4208 6312
683 390 738 454 11
1334 433 1341 437 ~
1997 397 2345 461 PROLEGO

2220 397 2574 479 mensus.
2988 394 2991 397 λ
3344 482 3345 485 γ
3628 444 3631 447 λ
3817 396 3882 462 te

690 502 852 556 modo
884 500 1043 557 linem
1080 503 1277 558 habere
1299 500 1516 567 dicitur,
1547 518 1657 573 quo
1686 499 1901 575 Georin
1946 504 2070 561 linis
2103 504 2392 562 indicatur.
2439 508 2495 564 5⁸
2524 508 2929 579 Antiquissimus
2956 507 3187 561 omnium
3225 508 3481 570 codicum,
3507 507 3873 565 Coisiiniatzus

680 587 808 653 310,
839 589 1023 643 δεουιί
1053 603 1109 655 ι,
1141 589 1285 643 sicut
1311 599 1364 643 et
1388 588 1724 645 Parisienses
1752 586 1890 645 l705
1916 599 1973 646 et
1999 585 2161 659 nos,
2189 596 2387 661 prater
2413 602 2647 664 quatuor
2670 594 2842 649 libros
2865 595 2919 649 in
2948 609 3001 648 a.
3034 592 3137 648 842
3160 593 3471 649 desinentes
3494 593 3628 647 nihil
3655 593 3881 648 omnino

681 676 906 742 habent,
934 685 1096 747 atque
1124 676 1275 732 solus
1312 678 1406 748 qui
1440 693 1616 747 usque
1642 675 1924 751 Ilichaelis
1953 675 2022 732 Ill
2058 678 2126 734 ad
2151 688 2379 735 mortem
2404 682 2627 750 produci
2658 683 2858 739 dicitur
2890 680 3236 747 Osoniensis,
3271 682 3700 737 continuatorem
3756 696 3877 737 eum

681 764 892 818 ceteris
924 764 1205 819 codicibus
1230 764 1473 819 exhibet.
1506 793 1577 805 —-
1610 763 1667 820 6⁸
1690 763 1995 821 Notandum
2031 773 2119 821 est
2147 766 2203 819 in
2244 768 2559 820 enarrandis
2588 768 2740 823 rebus
2778 785 2811 822 a
2848 767 3015 821 Leone
3047 767 3273 821 Armeno
3299 765 3607 835 (815-820),
3632 765 3883 821 Μὶειιαειε

679 846 723 901 11
750 848 1033 919 (820-829)
1067 859 1117 903 et
1150 848 1427 919 Theophila
1459 848 1744 922 (829-842)
1780 851 1941 922 gestis
1969 850 2288 921 scriptorem
2319 855 2549 907 maxime
2578 853 2833 921 diﬂ'usum
2856 869 3018 919 esse;
3050 853 3105 906 in
3150 851 3286 907 Vitis
3310 854 3697 922 imperatorum
3742 869 3882 922 pra-

675 936 1003 997 cedentium.
1036 951 1268 1004 quorum
1300 937 1525 1007 aqualis
1551 952 1660 994 non
1704 937 1827 1003 fuit,
1868 937 2042 993 multo
2074 935 2401 993 breviorem.
2459 937 2545 992 Cl.
2582 938 2800 1008 quidem
2858 936 3071 1007 longam
3121 938 3185 990 de
3231 937 3518 1006 originibus
3573 938 3879 993 monasticis

672 1010 1095 1091 digressionem‘
1138 1023 1215 1094 (p.
1248 1021 1376 1088 242,
1426 1023 1578 1094 268),
1626 1032 1871 1094 tempore
1916 1023 2400 1080 chnomachotum
2462 1031 2516 1077 et
2558 1024 2774 1091 quidem
2825 1031 2946 1093 post
3004 1023 3423 1078 Constantinum
3473 1022 3875 1094 Copronymum

672 1108 952 1177 scriptam,
984 1107 1080 1177 qui
1110 1109 1412 1163 monachos
1447 1120 1629 1178 utpote
1655 1109 1954 1179 imaginum
1986 1110 2287 1164 acerrimos
2338 1105 2651 1162 defensores
2688 1107 2830 1163 haud
2870 1108 3051 1163 minus
3088 1108 3438 1177 impugnasse
3481 1106 3678 1161 dicitur
3713 1123 3879 1176 quam

671 1193 816 1261 ipsas
847 1192 1142 1262 imagines;
1171 1192 1295 1262 ejus
1321 1208 1452 1248 vero
1483 1194 1705 1249 ultimos
1734 1194 1790 1248 in
1828 1208 2006 1248 annos
2030 1192 2317 1262 (765-775).
2340 1193 2491 1262 plura
2520 1193 2722 1248 cadunt
2741 1207 2975 1263 quorum
3008 1193 3351 1248 traditionem
3381 1201 3663 1261 paternam
3697 1192 3881 1262 potius

668 1292 831 1346 quam
884 1279 969 1333 sui
1006 1277 1177 1347 ipsius
1223 1279 1600 1333 testimonium
1646 1278 1880 1348 scriptor
1923 1277 2081 1333 alI’ert
2123 1279 2199 1347 (c.
2226 1276 2500 1340 CCXLI",
2531 1276 2737 1346 54-40).
2786 1278 2841 1330 7°
2875 1277 3141 1348 Theophili
3185 1286 3364 1331 autem
3410 1278 3663 1347 aqualem
3709 1279 3881 1332 fuisse

668 1362 845 1434 colligi
873 1363 1071 1433 poterit
1119 1377 1151 1417 e
1199 1376 1251 1417 c.
1299 1361 1581 1428 CCXXIII,
1633 1364 1723 1417 16.
1760 1391 1833 1403 -
1877 1363 1933 1419 8⁸
1961 1363 2234 1418 [dolorum
2284 1363 2565 1434 gentilium
2600 1364 2833 1429 cultum,
2885 1378 3046 1431 quem
3090 1363 3468 1434 hellenismqm
3526 1372 3700 1427 vocat,
3752 1380 3876 1420 cum

669 1422 1188 1517 saepius-refutasset
1218 1446 1488 1518 Georgius
1523 1422 1627 1517 (cc.
1662 1447 1900 1516 lV-Vlll,
1933 1436 2118 1513 εχει,
2148 1446 2255 1513 cc.
2284 1422 2585 1514 ccxxv",
2619 1448 2705 1513 l8,
2736 1422 3040 1513 cc’xixv.
3078 1449 3281 1515 13,14,
3317 1422 3639 1512 cc’xnvm,
3670 1422 3781 1517 io),
3811 1465 3880 1504 eo

668 1534 852 1588 acrius
891 1531 1086 1605 [VIII]
1134 1534 1435 1605 imaginum
1484 1534 1921 1591 Christianarum
1960 1534 2166 1590 cultum
2197 1532 2437 1589 defendit
2474 1534 2549 1599 (c.
2588 1531 2750 1598 CXV,
2782 1532 2960 1599 CXCI,
2984 1532 3261 1593 CGXXVI.
3299 1532 3619 1596 CCXLVIII,
3655 1533 3879 1598 CCIJII,

667 1616 937 1685 CCLXII).
989 1615 1145 1674 Unde
1194 1618 1427 1675 edicitur
1474 1635 1599 1675 eum
1655 1621 1770 1676 haec
1808 1620 2096 1690 scripsisse
2142 1618 2233 1690 qui
2266 1620 2353 1672 ria:
2386 1619 2767 1687 triumphantes
2799 1619 3054 1689 imagines
3090 1619 3275 1674 viderit
3307 1633 3608 1688 earumque
3652 1621 3895 1675 alteram

667 1704 1004 1760 eversionem
1032 1702 1290 1763 omnibus
1321 1704 1501 1761 modis
1525 1706 1922 1777 prohibendam
1952 1704 2056 1761 sibi
2088 1705 2453 1776 proposuerit.

682 1839 684 1843 ⁷
738 1838 843 1909 56.
877 1838 997 1910 Ipse
1023 1834 1083 1895 se
1132 1848 1400 1894 ructatum
1427 1838 1490 1892 de
1530 1836 1861 1893 Paulicianis
1887 1833 2193 1905 scripsisse
2238 1832 2522 1904 proﬁtetur
2556 1836 2630 1901 (c.
2669 1831 3041 1901 CCXXXIII",
3075 1835 3165 1898 14,
3202 1836 3314 1905 48),
3353 1849 3385 1891 e
3421 1848 3529 1905 quo
3555 1833 3878 1891 relationem

665 1924 859 1979 iisdem
910 1926 979 1980 de
1019 1925 1269 1982 sectariis
1310 1923 1453 1979 Vita
1486 1924 1742 1992 Pogonati
1776 1920 2028 1976 inseruit.
2062 1918 2188 1975 Hec
2222 1929 2401 1974 autem
2442 1926 2498 1973 et
2538 1934 2663 1989 quae
2704 1922 2770 1973 de
2820 1918 3033 1976 Ianete
3066 1922 3252 1977 retulit
3276 1920 3542 1991 Georgius
3570 1922 3633 1982 ρ.
3663 1920 3875 1984 CLXII.

664 2009 856 2068 Petrus
882 2010 1124 2079 Siculus,
1149 2012 1245 2082 qui
1273 2012 1341 2066 de
1355 2009 1693 2066 ~Paulicianis
1714 2008 1863 2067 circa
1893 2021 1948 2062 ει.
1978 2004 2083 2061 870
2111 2005 2353 2077 scripsit,
2383 2004 2672 2074 repetiisse
2700 2004 2917 2059 ridetur
2942 2020 3033 2074 pp.
3046 2006 3236 2071 56-66,
3261 2006 3422 2062 16-18
3444 2016 3498 2061 et
3526 2005 3597 2061 50
3623 2006 3883 2062 editionis

664 2096 983 2153 Raderianas
1011 2096 1331 2170 Ingolstadii
1363 2095 1519 2151 1604.

694 2209 702 2216 ’
731 2208 761 2279 ς
796 2209 850 2263 7.
883 2206 1084 2264 Praeter
1114 2206 1278 2262 libros
1318 2223 1351 2261 α
1380 2205 1603 2278 Georgio
1635 2213 1925 2275 excerptas,
1952 2204 2129 2261 editos
2155 2212 2211 2260 et
2246 2200 2506 2268 ineditos,
2538 2218 2683 2275 quos
2705 2212 2991 2259 auctorum
3023 2204 3207 2259 tabula
3244 2204 3569 2270 rccensebit,
3602 2206 3695 2261 sed
3738 2220 3879 2277 quo-

661 2310 782 2348 rum
810 2294 996 2349 nullus
1024 2291 1393 2363 Nicephorum
1426 2292 1487 2362 (j-
1508 2291 1634 2369 829)
1660 2293 1899 2355 excedit,
1927 2291 2378 2362 chronographus
2406 2300 2593 2346 noster
2634 2306 2767 2346 usus
2803 2306 2922 2345 esse
2949 2290 3161 2345 videtur
3189 2293 3405 2361 scriptis
3437 2292 3505 2345 ab
3530 2292 3649 2359 ipse
3672 2292 3875 2347 diserte

664 2393 775 2432 non
813 2379 1071 2440 laudatis,
1102 2393 1192 2432 ex.
1222 2393 1303 2445 gr.
1334 2392 1384 2431 c.
1412 2376 1600 2442 XCIV,
1624 2376 1679 2437 5,
1710 2377 1803 2430 ubi
1831 2377 1985 2432 testis
2013 2378 2263 2431 oculatus
2288 2379 2417 2433 anni
2457 2379 2562 2433 570
2602 2379 2870 2450 loquitur,
2904 2393 2954 2433 c.
2983 2377 3245 2434 CXXVIII
3276 2381 3366 2433 ubi
3398 2382 3722 2449 quingentos
3752 2390 3869 2435 tan-

666 2471 780 2517 tum
816 2476 990 2517 annos
1023 2461 1147 2515 inde
1183 2461 1253 2514 ab
1278 2459 1521 2514 Adriano
1553 2460 1872 2535 imperatore
1910 2456 2125 2531 elapsos
2156 2473 2451 2518 enumerat
2471 2465 2612 2519 alius
2640 2466 2902 2535 scriptor.
3621 2460 3625 2465 ’

731 2574 766 2645 ς
788 2572 843 2628 8.
874 2570 1029 2639 Quod
1066 2584 1195 2626 vero
1233 2571 1507 2639 scriptoris
1541 2569 1769 2624 indolem
1815 2572 2032 2635 attinet,
2070 2572 2124 2626 in
2172 2572 2260 2638 iis,
2295 2586 2417 2643 qua
2449 2572 2641 2641 quinto
2687 2573 2830 2626 libro
2869 2583 2923 2628 et
2966 2574 3321 2643 sequentibus
3355 2576 3611 2644 leguntur
3639 2578 3694 2631 1⁸
3722 2577 3872 2633 nulla

661 2663 779 2717 loca
806 2661 1110 2724 bibliarum,
1168 2658 1390 2712 Patrum
1439 2658 1927 2714 ecclesiasticarum
1975 2659 2319 2728 aliorumque
2355 2673 2516 2724 usque
2550 2658 2617 2710 ad
2651 2658 3002 2725 Nicephorum
3054 2659 3114 2728 (1-
3134 2660 3259 2729 829)
3302 2662 3615 2730 scriptorum
3655 2664 3873 2718 laudata

662 2749 1011 2805 inveniuntur
1049 2760 1170 2816 qua:
1201 2744 1401 2814 ubique
1430 2745 1717 2813 IV-primis
1745 2746 1802 2798 in
1831 2744 1982 2799 libris
2011 2743 2172 2800 obvia
2214 2753 2358 2806 sunt,
2398 2743 2540 2797 sicut
2562 2744 2675 2811 jam
2709 2753 2995 2799 auctorum
3030 2746 3192 2800 index
3225 2734 3512 2813 ostendet;
3544 2764 3714 2819 neque
3750 2761 3871 2820 post

660 2850 715 2889 a.
746 2835 850 2891 845
885 2834 1238 2888 inveniuntur
1261 2847 1556 2900 paraneses
1591 2832 1697 2886 illa
1723 2831 2064 2901 dogmaticae,
2095 2831 2374 2896 polemiez
2399 2839 2453 2885 et
2480 2831 2740 2895 murales,
2776 2846 2914 2900 quas
2949 2832 3064 2899 ipse
3095 2830 3360 2901 Georgius
3393 2836 3637 2890 nominat
3662 2836 3873 2907 digres-

659 2922 843 2976 siones
881 2923 958 2989 (p.
984 2919 1072 2983 ει,
1105 2919 1229 2981 εει,
1265 2918 1391 2979 l50.
1416 2917 1547 2981 eos,
1572 2918 1700 2981 εδδ.
1723 2916 1848 2985 285,
1878 2918 2003 2983 527,
2031 2918 2159 2979 sse,
2185 2917 2307 2981 sas,

2206 2917 2307 2981 S32,
2345 2918 2472 2982 556,
2500 2919 2625 2982 557,
2658 2916 2786 2983 562,
2814 2918 2941 2981 569,
2966 2918 3091 2984 415,
3122 2919 3248 2984 420,
3276 2921 3404 2985 450,
3431 2921 3555 2983 456,
3582 2922 3709 2986 482,
3741 2924 3868 2989 485.

658 3007 785 3072 541,
815 3005 940 3070 548,
972 3004 1094 3066 572,
1127 3004 1252 3068 581,
1285 3003 1409 3067 591,
1430 3002 1554 3068 597,
1580 3002 1707 3067 598,
1739 3002 1865 3067 604,
1892 3000 2017 3067 640,
2044 3001 2167 3069 645,
2198 3004 2323 3067 677,
2348 3004 2473 3069 686,
2496 3003 2621 3069 689,
2652 3004 2776 3071 692,
2798 3004 2923 3069 694,
2948 3004 3078 3071 708;
3105 3006 3250 3075 710).
3279 3006 3438 3062 Deest
3473 3008 3597 3062 inde
3619 3023 3651 3063 ι
3676 3010 3871 3077 quinto

660 3093 799 3145 libro
844 3092 935 3144 illa
975 3091 1319 3144 enumerandi
1367 3089 1641 3143 methodus
1686 3089 1741 3143 in
1781 3088 2212 3159 argumentando
2254 3106 2283 3143 a
2320 3089 2552 3160 Georgio
2600 3091 2799 3161 sepius
2843 3091 3086 3146 adhibita
3119 3093 3198 3161 (p.
3228 3092 3283 3154 6,
3322 3092 3561 3157 82,124,
3588 3093 3708 3157 157,
3739 3094 3867 3157 252,

661 3176 788 3241 504,
819 3176 944 3239 562,
970 3176 1095 3239 527,
1133 3173 1275 3242 607).
1317 3173 1458 3228 Sunt
1490 3174 1601 3227 alia
1645 3174 1804 3242 plura
1833 3188 1952 3242 qua:
1988 3174 2289 3242 scriptorem
2332 3179 2566 3230 omnium
2609 3186 2838 3246 quatuor
2886 3178 3124 3246 priorum
3165 3178 3421 3232 librorum
3461 3183 3699 3233 eumdem
3742 3195 3867 3235 esse

662 3264 949 3326 evincant;
976 3274 1029 3313 v.
1061 3274 1110 3314 c.
1146 3260 1329 3313 eadem
1376 3261 1441 3313 de
1490 3262 1836 3314 barbarorum
1870 3257 2150 3313 virtutibus
2190 3271 2241 3314 et
2284 3264 2515 3317 maribus
2556 3264 2868 3319 referuntur
2908 3268 2986 3333 (p.
3017 3264 3086 3318 26
3118 3275 3170 3318 et
3201 3264 3368 3331 264);
3404 3280 3546 3335 reges
3577 3264 3867 3321 Christiani

664 3366 781 3404 cum
806 3347 1051 3400 Judaicis
1081 3346 1161 3400 vel
1187 3361 1377 3400 eorum
1410 3346 1646 3401 inimicis
1681 3345 1830 3417 [IX]
1859 3362 1948 3401 ex.
1982 3361 2064 3416 gr.
2094 3348 2480 3403 Senacherimo
2508 3350 2709 3419 saepius
2736 3351 3082 3419 conferuntur
3109 3350 3183 3420 (p.
3217 3350 3342 3416 680,
3364 3347 3489 3415 684,
3514 3350 3659 3421 695);
3685 3355 3865 3406 eadem

668 3435 960 3503 Scriptura
989 3446 1155 3484 sacrae
1187 3431 1304 3483 loca
1360 3430 1648 3484 laudantur
1675 3431 1750 3501 (p.
1783 3430 1909 3493 558,
1960 3430 2085 3497 575,
2108 3430 2241 3495 589,
2289 3433 2415 3497 698,
2460 3433 2583 3498 720,
2616 3434 2743 3499 522,
2774 3436 2899 3499 680,
2932 3434 3055 3498 695,
3093 3434 3236 3504 709);
3272 3435 3414 3489 idem
3468 3436 3702 3505 denique
3754 3453 3866 3493 mos

663 3536 755 3574 per
775 3520 959 3587 jurgia
987 3516 1063 3570 vel
1086 3518 1228 3570 lusus
1250 3517 1516 3570 verborum
1551 3517 1953 3585 argumentandi
1972 3516 2048 3585 (p.
2074 3517 2131 3580 2,
2158 3516 2283 3578 500,
2318 3517 2325 3567 ὲ

2206 3516 2283 3578 00,
2318 3516 2441 3582 595,
2480 3520 2601 3582 611,
2634 3520 2757 3583 644,
2794 3520 2918 3585 649,
2950 3520 3074 3585 654,
3111 3520 3236 3585 662,
3266 3520 3390 3587 685,
3420 3520 3546 3587 685,
3579 3522 3706 3589 686,
3735 3524 3868 3591 689,

664 3606 789 3669 699,
819 3604 940 3669 702,
974 3603 1100 3667 707,
1130 3603 1274 3672 708).
1307 3630 1379 3642 —-
1398 3602 1455 3684 2°
1484 3601 1671 3655 Altera
1697 3615 1762 3656 es
1795 3608 1947 3670 parte
1982 3602 2326 3684 notc'chront

2201 3603 2524 3670 ironologica:
2562 3604 2835 3670 Symconis
2874 3605 3022 3673 (747,
3052 3607 3177 3671 761,
3213 3607 3339 3672 788,
3372 3610 3502 3678 etc.)
3532 3618 3582 3663 et
3605 3610 3863 3679 etymolo-

663 3696 794 3764 giae
828 3700 1062 3760 quatuor
1087 3690 1281 3759 primis
1309 3690 1361 3742 in
1390 3688 1544 3743 libris
1576 3702 1803 3756 prorsus
1824 3686 2222 3741 desiderantur.
2250 3686 2444 3739 Omnia
2466 3701 2587 3755 quae
2611 3688 2826 3755 Georgii
2857 3692 3039 3742 vocari
3065 3692 3279 3759 possint
3308 3694 3712 3763 ehronologiea,
3735 3706 3866 3750 sunt

662 3794 726 3832 ea
763 3793 885 3847 qua:
932 3792 1025 3846 pp.
1059 3776 1185 3839 279,
1229 3775 1353 3840 510,
1392 3774 1515 3838 611,
1551 3773 1675 3839 657,
1704 3773 1830 3841 658,
1863 3773 1987 3837 659,
2015 3772 2141 3847 661,
2166 3771 2290 3835 671,
2322 3789 2324 3809 ι

2204 3771 2290 3835 71,
2322 3769 2447 3833 674,
2483 3769 2607 3834 680,
2643 3772 2737 3825 701
2777 3773 3164 3840 inveniuntur;
3207 3776 3337 3844 quin
3368 3776 3479 3831 imo
3514 3794 3600 3832 res
3639 3783 3706 3833 ab
3745 3781 3862 3849 ipso

660 3866 843 3921 relata:
866 3863 1063 3932 saepius
1089 3872 1272 3915 contra
1301 3876 1503 3915 omnem
1533 3870 1826 3927 temporum
1852 3861 2090 3912 ordinem
2116 3858 2385 3927 disposite
2416 3866 2543 3911 sunt
2583 3857 2659 3926 (p.
2685 3858 2808 3922 612,
2844 3858 2970 3924 674,
3006 3858 3158 3929 678).
3189 3858 3319 3926 Qum
3351 3877 3479 3917 vero
3510 3863 3565 3916 in
3595 3864 3684 3920 ed.
3714 3866 3865 3920 Pari-

660 3952 827 4008 sieusi
851 3952 974 4006 inde
1001 3951 1069 4005 ab
1098 3965 1148 4003 a.
1174 3949 1277 4003 815
1310 3949 1563 4019 leguntur
1591 3955 1732 4002 notae
1761 3944 2177 4014 chronologica,
2206 3958 2331 3997 cum
2364 3957 2465 3997 nec
2508 3945 2561 3996 in
2610 3942 2962 3999 Coislinianis
2999 3946 3275 4021 codicibus
3319 3962 3417 4001 nec
3456 3948 3508 4001 in
3555 3948 3862 4019 Mosquensi

662 4039 1024 4101 inveniantur,
1056 4050 1088 4089 e
1115 4035 1301 4089 codice
1331 4033 1498 4104 Regio
1533 4032 1834 4088 recentiore
1861 4029 2147 4099 adjuncta,
2179 4026 2412 4100 Georgio
2439 4046 2543 4083 non
2584 4041 2713 4085 sunt
2742 4032 3119 4086 attribuenda.
3152 4032 3416 4088 Praeterea
3445 4044 3585 4089 totus
3612 4042 3863 4092 sermonis
3943 4074 3945 4077 τ

664 4136 812 4179 tenor
837 4126 961 4179 inde
991 4140 1020 4178 a
1049 4125 1241 4193 quinto
1268 4121 1407 4175 libro
1438 4121 1578 4176 alius
1606 4129 1710 4185 est,
1742 4119 1951 4174 scilicet
1982 4116 2157 4187 magis
2186 4116 2538 4193 barbarizaus
2576 4128 2632 4169 et
2656 4116 2969 4183 latinizans,
3016 4119 3159 4187 quod
3194 4119 3520 4189 glossarium
3548 4121 3600 4176 in
3635 4123 3736 4177 fine
3765 4124 3862 4179 ad-

658 4213 903 4279 junctum
931 4188 1230 4265 luculenter
1257 4208 1525 4263 ostendet.
1563 4204 1702 4260 Sunt
1733 4215 1787 4261 et
1816 4206 1867 4257 in
1892 4205 2044 4258 rebus
2073 4202 2407 4266 discrimina,
2430 4188 2531 4255 ἐκ.
2566 4217 2648 4271 gr.
2685 4201 2981 4271 Logotheta
3038 4218 3091 4271 p.
3125 4188 3227 4259 724
3262 4198 3575 4262 Michaelem
3603 4208 3646 4261 11
3680 4212 3859 4265 ιιοωὶ-

663 4305 756 4350 nat
786 4297 1099 4364 Rangaben,
1153 4309 1259 4350 non
1300 4294 1685 4363 Curopaiaten,
1730 4300 1791 4346 ut
1830 4290 2031 4346 fecerat
2054 4289 2353 4357 Georgius;
2385 4284 2453 4339 ad
2479 4302 2530 4339 a.
2558 4287 2662 4339 815
2696 4286 2930 4356 Symeon
2966 4289 3095 4341 facit
3123 4287 3431 4361 Crummnm
3460 4293 3513 4346 in
3552 4294 3855 4364 Bulgariam

662 4391 1043 4445 revertentem,
1070 4394 1177 4435 non
1207 4395 1334 4433 vero
1362 4379 1594 4433 tentoria
1620 4392 1718 4431 sua
1744 4386 1873 4431 ante
1900 4376 2083 4430 urbem
2114 4372 2384 4440 figentem,
2421 4379 2480 4425 ut
2506 4371 2771 4441 Georgius
2800 4373 2865 4426 de
2892 4372 3093 4427 Crumo
3128 4376 3320 4444 refert;
3355 4378 3651 4451 Logotheta
3688 4386 3863 4453 capti-

660 4480 758 4520 vos
800 4464 1116 4517 Macedones
1144 4473 1293 4516 trans
1332 4462 1660 4523 Danubium,
1692 4470 1744 4515 et
1770 4475 1878 4514 non
1912 4458 2141 4513 Danubii
2178 4452 2233 4511 in
2275 4458 2434 4524 ripis,
2467 4458 2697 4511 collocat
2727 4458 2868 4512 sicut
2896 4456 3239 4514 Hamartolus
3271 4479 3286 4515 :
3319 4464 3384 4518 de
3414 4465 3647 4523 Gordule
3690 4472 3858 4525 multa

662 4549 877 4636 attingit
902 4547 990 4636 ille
1022 4560 1142 4636 quae
1188 4560 1441 4636 narrasse
1482 4545 1730 4636 perhibet
1759 4544 1812 4607 in
1842 4541 2299 4636 Vita'l‘heOphi-li,
2340 4541 2636 4636 donni-bus
2672 4542 2725 4594 in
2758 4541 3011 4636 Georgio
3037 4559 3189 4613 aeque
3218 4561 3287 4636 ac
3316 4547 3369 4600 in
3404 4548 3669 4618 Symeoue
3709 4557 3857 4636 edito

664 4632 959 4702 (breviario
1008 4631 1128 4700 eius
1172 4629 1317 4699 quod
1361 4631 1477 4697 ipse
1518 4626 1821 4697 Logotheta
1868 4628 2163 4694 scripserat
2193 4625 2463 4693 chronici)
2491 4625 2660 4678 altum
2691 4633 2775 4680 est
2808 4627 3118 4694 silentium;
3151 4630 3244 4684 sed
3274 4632 3625 4689 inveniuntur
3655 4625 3856 4693 haec'iu

662 4717 1055 4772 Continuatore
1094 4715 1165 4784 (c.
1198 4714 1336 4782 5-9),
1376 4714 1469 4783 qui
1508 4713 1696 4768 eodem
1727 4726 1759 4765 e
1801 4711 2071 4781 Symeone
2100 4727 2199 4767 sua
2238 4711 2447 4766 videtur
2489 4711 2751 4766 hausisse.
2794 4711 3053 4767 Similiter
3092 4716 3160 4769 de
3194 4713 3516 4785 Baldimere,
3561 4732 3709 4787 patre
3752 4725 3857 4793 Sy-

662 4804 871 4858 meonis
906 4800 1119 4871 Bulgari
1151 4810 1204 4854 et
1234 4799 1467 4863 caeteris,
1495 4814 1627 4868 qua
1662 4797 1913 4852 monachi
1944 4812 2053 4851 non
2085 4797 2401 4859 intererant,
2437 4796 2530 4853 sed
2551 4799 2667 4866 ejus
2696 4798 2790 4867 qui
2824 4798 3086 4869 dynastis
3116 4800 3477 4857 Macedonica
3502 4794 3726 4873 aequalis
3757 4807 3861 4863 fuit

658 4900 715 4943 et
742 4888 1062 4943 muneribus
1086 4885 1321 4947 functus,
1369 4894 1425 4937 ut
1463 4883 1777 4953 Logotheta,
1823 4882 1963 4951 apud
2008 4882 2157 4936 illum
2198 4883 2344 4937 nulla
2372 4894 2454 4939 est
2488 4885 2709 4939 mentio.
2747 4885 2986 4953 Denique
3010 4885 3133 4941 inde
3163 4902 3192 4941 a
3218 4888 3407 4957 quinto
3449 4890 3607 4953 libro.
3653 4894 3793 4947 sicut
3826 4910 3859 4949 e

661 4978 934 5045 farragine
966 4974 1235 5027 variarum
1262 4972 1554 5024 lectionum
1591 4971 1815 5039 patebit,
1846 4970 2127 5023 discrimen
2147 4970 2391 5045 codicum
2441 4972 2589 5039 longe
2624 4971 2795 5039 majus
2840 4981 2913 5023 est
2948 4987 3111 5040 quam
3146 4974 3197 5026 in
3233 4974 3419 5041 primis
3457 4974 3575 5048 [Χ]
3627 4991 3857 5049 quatuor

658 5065 813 5122 libris
841 5063 933 5133 qui
964 5063 1205 5131 ejusdem
1232 5070 1357 5114 sunt
1386 5060 1689 5129 scriptoris,
1721 5069 2006 5131 sequentes
2038 5074 2165 5113 vero
2195 5058 2357 5113 variae
2386 5056 2693 5135 Logotbeta:
2718 5060 2988 5127 epitomm.

727 5178 834 5247 59.
864 5177 1122 5231 Codicum
1167 5172 1333 5235 XXV,
1379 5174 1470 5239 qui
1518 5173 1799 5240 hucusque
1860 5170 2214 5225 innotuerunt
2261 5167 2420 5236 hujus
2471 5166 2893 5236 cbronographi,
2937 5170 3098 5222 varia
3136 5170 3381 5226 lectiones
3416 5188 3515 5230 nec
3540 5176 3723 5245 plures
3755 5191 3858 5231 nec

659 5266 929 5330 graviores
956 5262 1087 5317 sunt
1109 5274 1206 5314 nec
1239 5261 1377 5312 inter
1411 5272 1531 5312 sese
1564 5258 1734 5324 magis
1769 5256 2081 5323 discrepant
2120 5268 2279 5323 quam
2314 5255 2524 5306 caeteris
2561 5254 2613 5305 in
2655 5254 3017 5322 scriptoribus
3067 5258 3264 5323 saepius
3307 5260 3594 5329 descriptis
3637 5264 3854 5316 evenire

660 5349 818 5413 solet,
850 5351 935 5403 vel
959 5347 1306 5413 librariorum
1338 5343 1541 5395 incuria
1584 5344 1664 5393 vel
1700 5343 2013 5394 earumdem
2045 5339 2267 5405 augendi
2296 5347 2344 5388 et
2378 5337 2689 5389 emendandi
2720 5341 2922 5399 studio,
2968 5340 3061 5405 qui
3109 5354 3255 5398 nunc
3298 5344 3468 5398 lineas
3515 5346 3749 5415 integras
3786 5365 3854 5404 ex

663 5433 1083 5487 homoioteleuto
1130 5431 1386 5482 omittunt
1434 5427 1597 5494 (quod
1648 5436 1701 5477 ct
1732 5426 1783 5477 in
1819 5425 2183 5493 typographiis
2213 5421 2452 5490 quotidie
2497 5420 2741 5473 accidere
2792 5420 2972 5488 solet),
3005 5439 3148 5478 nunc
3178 5426 3390 5499 glossas
3439 5432 3765 5500 marginales
3796 5435 3854 5489 in

664 5526 865 5569 textum
898 5519 1179 5584 recipiunt.
1230 5514 1337 5567 Iloc
1385 5528 1510 5565 vero
1559 5522 1608 5563 et
1650 5512 1702 5561 in
1762 5510 1937 5560 Leone
1986 5509 2350 5561 Grammatico
2375 5517 2429 5560 et
2464 5506 2728 5568 (jedreno,
2761 5504 2977 5571 Georgii
3009 5509 3433 5579 descriptoribus
3462 5518 3544 5569 vel
3578 5520 3846 5583 epitoma-

657 5604 868 5655 toribus
914 5613 968 5653 et
1013 5604 1177 5655 Goisi.
1216 5602 1317 5653 505
1349 5599 1547 5651 factum
1581 5595 1777 5661 sapius
1804 5592 2162 5655 inveniemus,
2203 5593 2414 5647 collatis
2439 5608 2524 5647 ex.
2558 5608 2639 5661 gr.
2678 5606 2765 5659 pp.
2803 5589 2926 5655 461,
2960 5592 3079 5659 598,
3112 5597 3215 5650 499
3242 5600 3491 5671 editionis
3522 5613 3739 5662 nostrae.

738 5710 994 5763 Codicum
1024 5716 1200 5759 autem
1229 5705 1673 5756 Caiatinianarum
1704 5700 1805 5754 510
1844 5707 1895 5752 et
1924 5698 2029 5751 505
2059 5698 2323 5754 lectiones
2348 5699 2509 5753 varia:
2544 5699 2607 5752 ad
2646 5712 2817 5751 annos
2852 5696 3089 5753 815-842
3124 5713 3335 5771 notatae,
3373 5707 3585 5764 illorum
3618 5714 3711 5782 qui
3740 5714 3856 5768 'l.os
