4086 6322
0 82 491 299 τί

58 583 115 649 13
731 616 739 637 ι
1352 567 1671 633 Ριιοιεθ(

1758 565 1931 628 ENA.
2704 588 2707 591 λ
3030 628 3033 629 γ
3192 545 3255 620 it
3364 522 3368 526 “

55 694 245 752 codices
270 676 672 762 descripserunt
701 689 996 745 exornandi
1036 688 1295 751 studium,
1331 701 1439 740 non
1473 699 1603 741 vero
1633 681 1802 738 alium
1829 678 2307 751 chronographum
2339 690 2502 749 quam
2527 676 2620 747 qui
2648 674 2861 733 caeteris
2892 676 2945 729 in
2976 674 3255 731 codicibus

60 780 323 845 invenitur,
355 788 614 848 arguunt.

119 866 255 935 Quod
279 866 324 921 si
354 867 409 920 in
431 864 555 920 sitis
588 864 751 921 trium
775 863 1069 935 primorum
1100 862 1484 932 imperatorum
1511 857 1939 916 Christianorum
1976 852 2304 916 enarrandis
2339 853 2606 925 majorem
2638 851 2695 908 in
2730 851 2955 917 modum
2990 866 3160 923 quam
3201 853 3259 907 in

59 954 240 1012 ceteris
263 952 572 1023 discrepant
603 952 748 1007 inter
775 965 836 1006 se
874 950 1097 1005 codices
1136 945 1504 1018 Mosquensis,
1534 945 1987 1001 Vindobonenses
2013 942 2145 1007 duo,
2181 940 2526 997 Monacensis
2560 947 2791 1009 uterque
2818 948 2873 1009 et
2902 937 3285 1001 Venetiauus._

60 1057 209 1110 neque
229 1042 279 1096 id
308 1040 474 1095 alium
506 1040 830 1109 scriptorem
859 1037 1033 1092 fuisse
1060 1037 1425 1098 demonstrat,
1471 1032 1567 1089 sed
1602 1031 2057 1104 potius-eumdem
2092 1029 2229 1096 haec,
2262 1044 2385 1100 quae
2411 1029 2461 1085 ei
2497 1027 2719 1082 maximi
2771 1028 3032 1083 momenti
3076 1039 3258 1091 erant,

62 1124 351 1182 Christiana:
380 1125 583 1194 politiae
615 1124 769 1180 initia
803 1122 976 1193 (2,25)
1009 1124 1204 1191 sapius
1237 1130 1576 1176 retractasse.
1704 1198 1709 1204 _

50 1266 55 1269 .
126 1211 436 1266 Vcnetianus
461 1212 701 1281 denique
731 1218 901 1279 totam
933 1208 1096 1278 primi
1129 1216 1183 1262 et
1211 1205 1442 1263 secundi
1472 1205 1596 1260 libri
1629 1205 1915 1260 materiam
1950 1204 2164 1274 paginis
2197 1215 2290 1257 sex
2317 1204 2630 1257 'coarctauit.

123 1295 433 1353 Caterorum
467 1307 739 1367 quotquot
768 1295 888 1351 loca
920 1294 1193 1364 exscripta
1237 1293 1443 1348 habere
1476 1293 1758 1362 potuimus
1800 1290 2050 1346 codicum
2084 1289 2247 1344 lectio
2282 1304 2408 1345 cum
2449 1287 2757 1359 Mosquensi
2792 1288 2934 1370 adeo
2967 1290 3262 1351 consentit.

65 1394 118 1437 ut
141 1385 371 1455 quamvis
402 1384 636 1439 diversis
667 1383 1013 1439 ascribantur
1042 1380 1381 1445 auctoribus,
1417 1378 1653 1448 ejusdem
1692 1371 2122 1448 tameni‘Ceorgii
2166 1376 2334 1446 {uisse
2362 1376 2721 1446 colligendum
2751 1375 2843 1431 sit.
2872 1372 3031 1441 Quod
3058 1389 3125 1429 ea:
3143 1376 3264 1446 ipse

60 1470 270 1523 lectionis
323 1471 579 1523 varietate
636 1470 944 1540 apparebit,
976 1468 1188 1523 scilicet
1219 1468 1269 1521 I°
1303 1466 1675 1535 antiquissimi
1721 1464 1929 1520 codicis
1972 1463 2297 1518 Coisliniani
2323 1462 2436 1539 sto
2474 1463 2529 1517 in
2566 1461 2702 1517 Vitis
2731 1460 3057 1532 Copronymi
3088 1469 3146 1518 et
3175 1475 3265 1516 sc-

60 1557 313 1623 quentinm
348 1558 747 1625 imperatorum
776 1570 952 1626 usque
983 1554 1051 1609 ad
1080 1554 1234 1609 initia
1272 1552 1551 1609 Michaelis
1589 1550 1695 1619 III;
1738 1551 1795 1605 2°
1824 1549 2147 1606 Coisiiniani
2178 1547 2285 1603 505
2316 1549 2371 1603 in
2405 1546 2541 1604 Vitis
2572 1545 2800 1613 Tiberii,
2850 1546 3127 1618 Caligula,
3157 1545 3268 1603 Ne-

64 1643 194 1698 ronis
221 1651 272 1697 et
303 1642 655 1699 Constantini
685 1642 862 1715 Magni
893 1652 1059 1711 atque
1092 1641 1147 1696 in
1177 1641 1312 1697 locis
1340 1655 1411 1696 ex
1442 1638 1701 1695 omnibus
1724 1648 1960 1708 quatuor
1990 1636 2145 1692 libris
2190 1651 2223 1690 ιι
2267 1634 2673 1690 Montlau‘conio
2702 1635 2982 1701 laudatis,
3007 1650 3110 1692 nec
3152 1651 3268 1705 non

66 1743 144 1797 pp.
170 1728 440 1795 427-432;
476 1730 534 1783 3°
565 1728 893 1785 Coisliniani
939 1729 1043 1783 134
1080 1738 1137 1783 et
1180 1728 1439 1784 editionis
1484 1741 1516 1780 a
1548 1724 1879 1781 Combeiisio
1921 1722 2328 1803 Parisiensibus
2371 1737 2403 1776 e
2432 1722 2731 1798 codicibus
2779 1719 2929 1794 [XI]
2959 1729 3158 1801 pareite
3209 1721 3269 1777 in

68 1812 225 1871 leone
250 1814 317 1869 Ill
346 1824 403 1871 et
428 1831 586 1886 seqq.
620 1816 686 1869 ad
726 1830 892 1886 quam
920 1812 1119 1873 Hasius
1151 1815 1419 1870 lectiones
1446 1812 1612 1882 hujus
1641 1812 1849 1867 codicis
1877 1811 2200 1866 Coisliniani
2233 1823 2406 1879 usque
2435 1809 2502 1864 ad
2537 1804 2595 1879 p.
2626 1808 2732 1864 720
2764 1809 3037 1865 editionis
3067 1819 3273 1866 πιοῦσι

61 1902 375 1955 exeurrentis
441 1902 755 1968 adnotavit;
810 1903 867 1957 ι·
920 1901 1267 1956 Ambrosiani
1315 1915 1373 1971 p.
1436 1900 1565 1965 1-4;
1596 1899 1723 1966 375,
1781 1897 1923 1963 5.99;
1994 1896 2257 1952 476-496.
2300 1896 2357 1950 5⁸
2412 1894 2651 1951 Vaticani
2730 1896 2834 1951 151
2905 1911 2959 1966 p.
2992 1895 3047 1961 4,
3084 1895 3270 1961 19-27,

61 1988 122 2051 6;
152 1986 199 2042 6‘
226 1985 344 2042 Vat.
372 1986 474 2042 I53
508 2001 562 2042 a.
593 1988 860 2053 842-948;
878 1990 946 2043 _7°
974 1998 1029 2042 et.
1056 1988 1113 2041 8°
1142 1987 1532 2041 Parisiensium
1563 1986 1674 2040 i701

1655 1986 1704 2039 i5
1732 1994 1789 2041 et
1815 1983 1987 2050 I706;
2016 1984 2073 2040 9'
2100 1991 2156 2038 et
2180 1983 2270 2037 10⁶
2302 1982 2619 2039 Barocciani
2652 1971 2974 2053 utriusque;
3010 1976 3101 2039 11ὸ
3119 1982 3268 2041 Oxo-

67 2076 252 2130 niensis
281 2090 334 2146 p.
366 2075 423 2137 7.
460 2073 622 2140 6-65,
654 2074 720 2141 2;
754 2074 844 2128 12⁸
871 2082 928 2128 et
958 2074 1046 2127 15⁸
1079 2070 1424 2127 Monacensis
1462 2072 1771 2138 utriusque,
1800 2077 1857 2123 et
1888 2070 1978 2123 14⁸
2019 2076 2075 2123 et
2114 2069 2206 2123 15⁸
2239 2067 2683 2125 Vindobonensis
2726 2071 3011 2142 utriusque
3041 2072 3094 2126 in
3132 2068 3272 2127 Vitis

64 2156 383 2216 Constantini
415 2159 513 2224 ιι..
538 2160 882 2226 Constantis,
910 2158 1140 2223 Iuliani.
1170 2160 1228 2213 in
1258 2157 1512 2213 Heraclio
1537 2165 1595 2212 et
1621 2153 1979 2217 Heracleona,
2011 2152 2297 2209 Stauracio
2317 2155 2649 2230 etjlicbaele
2669 2156 2757 2211 Ili.
2776 2156 3040 2213 Praeterea
3068 2159 3270 2229 ργασία·
3311 2186 3318 2193 ι

67 2248 237 2302 tierent
289 2244 610 2303 Vaticanam
640 2258 696 2303 ct
718 2247 1110 2303 Coislinianam
1141 2245 1249 2301 305
1271 2260 1395 2301 cum
1428 2242 1811 2307 Ambrosiam,
1840 2242 2179 2306 IIonacensi,
2209 2243 2550 2313 Augustaua,
2586 2241 2995 2300 Vindobonenst
3037 2255 3271 2317 utraque

68 2340 120 2387 ct
147 2330 423 2405 Lipsiensi,
454 2350 581 2405 quae
604 2349 724 2389 eam
761 2343 1009 2389 truncam
1040 2332 1229 2388 eodem
1261 2346 1324 2386 ex
1356 2329 1653 2399 exemplari
1699 2329 2055 2398 repetierunt,
2101 2344 2201 2383 nec
2245 2318 2353 2383 non
2401 2345 2525 2383 cum
2573 2328 2842 2399 Lipsiensi
2878 2332 3101 2400 paginas
3131 2330 3267 2386 564-

73 2417 165 2474 587
192 2422 434 2475 conferre
472 2414 784 2490 potuimus.
837 2418 1086 2487 Denique
1115 2432 1179 2473 ea
1208 2432 1332 2486 qua:
1365 2415 1562 2487 Glycas
1587 2430 1618 2468 e
1646 2415 1877 2484 Georgio
1926 2424 1983 2469 et
2028 2428 2150 2483 quae
2182 2414 2443 2469 oersiones
2486 2413 2781 2470 Siaoonicte
2829 2418 2993 2471 variis
3044 2418 3097 2471 in
3134 2417 3272 2479 locis

74 2506 281 2561 laudata
305 2505 562 2571 alierum,
590 2514 645 2559 et
675 2506 788 2559 haec
816 2504 869 2558 in
899 2502 1215 2571 Mosquensi
1250 2501 1441 2556 codice
1475 2502 1587 2557 fere
1622 2502 1806 2556 omnia
1840 2500 2215 2570 reperiuntur.
3016 2532 3037 2562 χ
3166 2511 3171 2516 ’

129 2589 259 2660 διο.
288 2592 441 2658 Quod
471 2592 516 2647 si
552 2592 779 2645 rubrica:
826 2591 880 2644 in
918 2591 1107 2645 codice
1145 2587 1455 2658 Mosquensi
1486 2588 1640 2642 *haud
1687 2603 1879 2643 omnes
1922 2587 2274 2643 inveniuntur
2302 2602 2423 2657 quae
2449 2586 2503 2642 in
2537 2586 2721 2642 tabula
2756 2587 2929 2643 codici
2961 2588 3272 2645 Iionaccnsi

73 2676 291 2730 secundo
322 2675 604 2746 praemissa
638 2676 930 2739 habentur,
976 2676 1082 2729 hoc
1110 2687 1141 2727 e
1173 2672 1389 2744 delectu
1416 2674 1734 2744 neutiquam
1765 2674 1952 2744 colligi
1993 2682 2175 2744 potest
2201 2674 2524 2745 scriptorem
2557 2676 2723 2729 alium
2764 2674 2833 2730 ab
2852 2676 2964 2741 hoc
2989 2678 3175 2733 codice
3216 2690 3272 2732 et

72 2762 221 2814 alium
253 2763 437 2817 abillo
465 2762 879 2832 representari;
928 2761 1023 2816 sed
1075 2760 1178 2816 hoc
1226 2762 1606 2823 tantummodo
1643 2760 1770 2817 inde
1800 2762 1955 2830 sequi
1992 2760 2224 2828 videtur,
2256 2761 2505 2815 rubricas
2536 2762 2635 2815 has
2682 2776 2804 2831 quae
2840 2763 3057 2817 diremti
3106 2764 3269 2820 etiam

70 2843 445 2902 Parisiensibus
494 2848 549 2901 in
594 2847 879 2902 codicibus
907 2855 963 2901 ct
1006 2847 1062 2901 in
1093 2844 1608 2904 Vindobonensibns
1649 2863 1752 2904 nec
1795 2863 1900 2903 non
1936 2848 1992 2903 in
2031 2847 2309 2905 Vaticanis
2340 2848 2709 2918 reperiuntur,
2758 2862 2865 2903 non
2899 2850 2969 2904 ab
2998 2851 3115 2921 ipso
3140 2852 3277 2907 acri.

76 2941 231 3000 ptore,
258 2949 441 2988 rerum
480 2948 509 2987 a
558 2934 993 3003 descriptoribus
1032 2934 1116 2987 vel
1151 2933 1396 2988 librariis
1425 2936 1510 3004 (ut
1538 2931 1778 2991 Mediceo
1807 2946 1859 2991 et
1892 2935 2227 3007 Mosquensi)
2259 2935 2315 2989 in
2351 2936 2595 3007 margine
2625 2935 2893 3004 a'scriptas
2922 2946 2976 2990 et
3005 2937 3275 2993 recentio-

78 3019 213 3075 ribus
248 3021 300 3075 in
329 3020 614 3077 codicibus
654 3020 853 3076 tabula
890 3021 946 3076 in
980 3019 1213 3076 formam
1244 3022 1584 3091 conscriptas
1614 3037 1757 3077 esse.

141 3125 168 3196 ς
198 3126 276 3180 ll.
312 3124 539 3192 Qnintas
571 3142 703 3183 vero
733 3125 892 3196 liber,
923 3127 1018 3198 qui
1045 3128 1114 3181 ab
1139 3142 1287 3182 anno
1312 3126 1417 3183 842
1443 3127 1509 3181 ad
1538 3142 1593 3181 a.
1625 3126 1732 3182 945
1755 3126 2087 3192 extenditur,
2117 3126 2210 3181 sed
2241 3126 2309 3180 ab
2336 3111 2559 3180 auctore
2590 3125 2825 3201 scriptus
2850 3126 2943 3196 qui
2975 3126 3223 3187 Romano
3249 3131 3271 3186 I

80 3214 337 3283 (fili-945)
367 3226 677 3271 coaetaneus
709 3216 815 3271 l'uit
849 3215 943 3279 (cl'.
970 3231 1025 3286 p.
1058 3214 1162 3270 857
1192 3224 1246 3270 et
1274 3214 1401 3280 847,
1436 3216 1513 3278 ὠς
1549 3215 1599 3267 oi
1624 3213 1693 3267 νῦε

1664 3213 1719 3266 ὗν
1748 3216 1946 3282 σοφοὶ),
1982 3223 2042 3268 et
2078 3221 2226 3267 certe
2264 3226 2316 3266 a.
2356 3211 2459 3266 959
2489 3212 2666 3265 adhuc
2697 3213 2929 3280 virebat,
2972 3230 3097 3270 cum
3142 3215 3277 3272 Por-

76 3304 445 3372 phyrogenneti
505 3315 682 3359 annos
728 3310 1030 3368 enumeret,
1062 3302 1270 3357 scilicet
1301 3315 1332 3354 a
1365 3301 1632 3373 Symeone
1664 3299 1960 3371 Logotheta
1985 3299 2109 3353 inde
2137 3299 2205 3353 ab
2244 3312 2385 3352 anno
2410 3286 2673 3353 904'noto
2706 3301 2780 3368 (p.
2809 3299 2975 3368 785);
3006 3310 3059 3355 ct
3091 3296 3275 3360 seatns

75 3386 157 3450 qui
185 3385 642 3439 continuationem
674 3385 987 3459 ulteriorem
1022 3385 1088 3441 ad
1123 3401 1175 3440 a.
1212 3385 1343 3440 1071
1386 3385 1629 3455 ejusdem
1674 3384 1988 3455 Logotbeta:
2039 3384 2190 3455 operi
2225 3386 2536 3454 adiunctam
2586 3386 2830 3451 exhibet,
2868 3404 3065 3461 magna
3100 3393 3274 3448 varie-

77 3479 172 3523 tate
208 3471 255 3523 in
284 3471 515 3525 diversis
544 3486 685 3541 quos
719 3472 986 3528 habemus
1016 3471 1325 3537 codicibus,
1357 3471 1497 3525 inter
1526 3486 1586 3527 se
1614 3461 1957 3539 discrepant;
1988 3469 2244 3528 videntur
2286 3471 2451 3540 igitur
2499 3473 2661 3528 uariat
2702 3473 2847 3528 illius
2895 3476 3279 3553 ebronograp‘hi

76 3557 293 3627 autem;
324 3572 354 3610 a
396 3557 645 3626 pluribus
676 3555 830 3612 factm
858 3558 1078 3613 diversis
1115 3555 1329 3625 Georgii
1366 3557 1630 3610 codicibus
1656 3557 1925 3624 adjuncta
1945 3570 2104 3622 esse;
2154 3571 2280 3611 nam
2313 3558 2560 3613 nonnulli
2604 3573 2671 3615 ex
2710 3561 2795 3615 his
2820 3566 2953 3615 cum“
2988 3561 3129 3617 libro
3175 3566 3271 3633 qui

80 3658 209 3696 nunc
236 3642 521 3714 Symeouis
550 3642 862 3725 Logotheta:
896 3645 1000 3698 sub
1031 3646 1252 3697 nomine
1284 3642 1477 3707 fertur,
1509 3650 1564 3695 et
1590 3644 1687 3712 qui
1720 3645 1834 3714 ipse
1863 3646 2242 3700 tantummodo
2276 3646 2546 3716 epitomen
2584 3647 2743 3716 hujus
2782 3650 3063 3719 scriptoris
3100 3649 3268 3724 [XII]

78 3729 275 3792 pra-bet,
305 3726 502 3797 saepius
531 3730 863 3782 concordant
925 3743 1085 3796 quam
1117 3728 1207 3783 alii
1243 3726 1454 3797 Georgii
1495 3726 1846 3783 codices.Ex.
1873 3744 1957 3799 gr.
1985 3728 2279 3785 Vaticanus
2307 3731 2407 3785 I35
2446 3746 2570 3786 cum
2599 3732 2941 3789 versionibus
2970 3733 3275 3792 Slavonicis

79 3824 243 3866 contra
275 3814 516 3881 reliquos
553 3813 772 3868 codices
816 3811 1036 3868 Graecos
1081 3813 1373 3867 consentit;
1415 3812 1615 3867 Confer
1654 3815 1833 3868 varias
1864 3814 2124 3871 lectiones
2159 3818 2211 3869 in
2242 3817 2419 3887 capite
2450 3816 2629 3886 primo
2657 3816 2788 3875 Vita:
2818 3818 3097 3877 Michaelis
3124 3821 3189 3879 Ill
3219 3834 3275 3878 et

81 3913 122 3965 p.
152 3897 269 3960 849,
300 3898 389 3953 ubi
417 3900 535 3967 ipse
563 3898 799 3969 scriptor
839 3896 1105 3968 ampliora
1133 3898 1421 3967 promittit,
1450 3913 1570 3970 qua:
1599 3900 1653 3954 in
1682 3902 1797 3957 solo
1828 3899 2225 3958 Continuatore
2272 3919 2322 3957 c.
2356 3905 2391 3958 4
2425 3904 2557 3958 Viue
2584 3903 2928 3960 Constantini
2960 3906 3263 3982 Porphyro-

81 3987 270 4051 gcnneti
298 3987 668 4055 reperiuntur.
706 3984 981 4040 Interdum
1020 4000 1152 4041 vero
1181 3988 1529 4042 continuatur
1566 3985 1782 4058 Georgii
1812 3991 2012 4055 editus,
2049 3991 2141 4061 qui
2189 3999 2245 4045 et
2288 3991 2345 4044 in
2393 3992 2580 4046 codice
2612 3990 2925 4063 Mosquensi
2975 3995 3269 4054 invenitur.

82 4083 187 4123 cum
210 4069 474 4142 Symeone
497 4082 690 4126 contra
722 4068 1048 4126 Vaticanum
1073 4073 1363 4127 consentit.
1395 4072 1479 4128 Ci.
1507 4073 1560 4127 in
1584 4073 1704 4129 Vita
1725 4075 1910 4131 Basilii
1934 4092 1985 4130 c.
2012 4077 2079 4141 Ως
2114 4078 2167 4129 in
2197 4075 2380 4130 Leone
2407 4078 2526 4144 ejus
2556 4078 2669 4129 tilio
2699 4092 2749 4132 c.
2776 4077 2846 4132 55
2873 4079 3030 4133 τοῦτο
3069 4080 3272 4136 codicis

86 4155 401 4228 ﬂosquensis
429 4175 484 4229 p.
524 4159 630 4213 788
677 4173 706 4212 a
754 4159 1023 4228 Symeone
1074 4160 1222 4213 edito
1269 4159 1570 4226 explicatur
1607 4161 1699 4228 τὴν

1653 4161 1706 4228 ην
1741 4161 2142 4230 creparent-inv,
2194 4174 2225 4213 a
2269 4159 2456 4213 codice
2493 4157 2755 4214 Vaticano
2805 4161 2906 4230 τὴν
2948 4164 3266 4233 ἱερωσύνην.

90 4243 177 4297 Sed
201 4244 399 4314 ubique
428 4246 564 4296 idest
595 4259 769 4297 rerum
804 4234 935 4293 ordo
964 4244 1305 4306 observatur,
1344 4244 1532 4295 eadem
1565 4244 1733 4295 series
1760 4244 2163 4311 cbronologica,
2213 4258 2335 4297 cum
2377 4243 2725 4311 amplitudine
2768 4253 2976 4300 tantum
3016 4259 3268 4318 excerpta

86 4328 205 4383 inter
232 4344 291 4385 se
321 4329 599 4397 digerant,
631 4336 686 4380 et
713 4326 949 4395 Symeon
991 4326 1167 4397 editus
1189 4325 1507 4395 plerumque
1551 4325 1767 4382 brevior
1807 4328 1880 4381 sit
1926 4327 2124 4391 verbis,
2173 4328 2267 4381 sed
2312 4328 2457 4383 notis
2493 4328 2896 4401 cbronoiogicis
2928 4332 3266 4389 instructior.

89 4410 297 4483 Symeon
328 4415 507 4469 editus
533 4414 586 4464 in
613 4409 975 4465 Constantino
1001 4409 1062 4463 P.
1100 4425 1149 4465 c.
1178 4410 1211 4465 8
1246 4420 1473 4465 matrem
1507 4412 1623 4479 ejus
1648 4410 1791 4467 Zoen
1812 4424 2085 4468 memorat
2114 4412 2185 4467 ab
2212 4414 2519 4469 Alexandro
2555 4429 2586 4470 e
2633 4416 2833 4485 palatio
2872 4418 3122 4487 eiectam,
3158 4436 3265 4492 qua

84 4502 137 4553 de
178 4517 232 4556 re
257 4504 313 4557 in
340 4502 460 4555 Vita
486 4497 780 4553 Alexandri
816 4498 961 4553 edita
1002 4498 1134 4554 nihil
1184 4498 1403 4568 legitur.
1434 4497 1697 4555 Similiter
1725 4499 1959 4570 Symeon
1994 4500 2174 4555 editus
2222 4499 2450 4556 Romani
2483 4498 2503 4554 I
2541 4502 2595 4557 in
2629 4501 2751 4558 Vita
2795 4517 2845 4558 c.
2879 4504 3051 4562 50-de
3083 4520 3271 4562 mense

89 4588 250 4655 aliquo
281 4587 527 4655 loquitur
577 4594 835 4653 tanquam
860 4586 972 4655 jam
1007 4587 1322 4653 nominato;
1354 4588 1445 4641 sed
1476 4603 1527 4640 c.
1552 4587 1621 4643 49
1648 4586 1714 4642 de
1746 4585 2036 4643 Decembre
2064 4600 2243 4642 sermo
2271 4585 2471 4652 fuerat,
2499 4604 2607 4644 ιιοιι
2637 4590 2704 4644 de
2722 4584 2989 4659 Augusto,
3008 4594 3101 4663 qui
3126 4595 3267 4662 apud

88 4684 286 4729 ceteros
319 4675 615 4743 scriptorcs
644 4674 697 4727 ιι.
730 4673 767 4727 i.
793 4672 1105 4741 invenitur;
1136 4673 1279 4728 unde
1314 4675 1567 4744 sequitur
1594 4675 1648 4729 in
1677 4674 1944 4747 Symeone
1975 4675 2121 4729 edito
2151 4673 2307 4743 plura
2337 4674 2539 4743 omissa
2570 4690 2712 4733 esse.
2740 4676 2797 4732 In
2825 4690 2876 4733 c.
2908 4677 2976 4733 58
3003 4671 3269 4749 epitoma-

90 4774 155 4813 tor
180 4760 448 4833 ngeonis
483 4772 617 4831 (non
650 4776 777 4817 vero
803 4761 1155 4820 continuator
1185 4761 1430 4833 ejusdem
1464 4764 1587 4818 inde
1608 4763 1678 4818 ab
1705 4777 1757 4823 a.
1792 4761 1896 4817 945
1921 4762 2003 4817 vel
2033 4760 2159 4830 949)
2188 4764 2425 4818 ostendit
2457 4777 2514 4818 se
2543 4764 2709 4819 multo
2740 4768 3077 4822 recentiorem
3098 4768 3270 4825 rebus

34 4860 41 4924 ι
90 4864 125 4899 a.
150 4848 243 4905 944
275 4850 511 4903 narratis
532 4847 630 4920 (ὥς
653 4849 704 4902 ol
732 4847 828 4902 νῦν
864 4848 1065 4917 σοφοὶ),
1097 4850 1190 4905 sed
1223 4852 1642 4906 historiam—sua

1655 4864 1700 4905 m
1726 4851 1868 4906 sicut
1901 4849 2007 4905 Leo
2040 4848 2438 4907 Grammaticus
2469 4853 2562 4922 qni
2594 4867 2645 4906 a.
2688 4852 2824 4909 I0l3
2853 4855 3089 4924 scripsit,
3124 4856 3268 4913 haud

92 4936 300 5004 amplius
350 4950 512 5006 quam
548 4949 718 5005 usque
751 4934 820 4991 ad
853 4936 1160 5007 dynastiam
1235 4934 1731 5010 Porphyrogenneti
1781 4945 1905 5006 post
1944 4936 2207 5007 Lecapeni
2257 4936 2487 5007 ejusque
2526 4939 2762 4994 illioram
2813 4940 3097 4996 decessum
3122 4940 3271 5013 (948)

92 5021 239 5076 denuo
269 5021 497 5076 ﬁrmiter
521 5021 817 5076 stabilitam
852 5022 1152 5099 perducere
1181 5020 1450 5085 voluerat,
1497 5035 1621 5091 cum
1668 5022 2011 5099 continuator
2049 5021 2393 5091 Theophanis
2430 5038 2602 5093 usque
2630 5025 2696 5079 ad
2730 5041 2781 5080 a.
2816 5025 2922 5081 965
2949 5037 3003 5083 et
3036 5025 3269 5101 Symeon

40 5098 414 5187 ξἰ-οιιιίιιιηιιη
446 5122 619 5180 usque
653 5109 720 5164 ad
747 5124 802 5164 a.
829 5107 935 5165 962
964 5118 1272 5165 excurrant.
1304 5107 1590 5178 Symeonis
1616 5116 1749 5161 tetas
1773 5107 1885 5176 jam
1919 5106 2045 5161 inde
2076 5107 2517 5180 colligiturquod
2558 5124 2609 5178 p.
2645 5109 2745 5165 747
2772 5120 2824 5165 et
2856 5112 2958 5167 750
2990 5114 3059 5168 ad
3080 5098 3271 5169 annos

40 5192 59 5277 ᾗ
92 5197 173 5251 866
193 5209 245 5253 et.
273 5196 376 5251 887
404 5198 589 5267 plures
620 5196 721 5251 viri
747 5210 778 5250 a
808 5194 937 5252 ﬁliis
958 5210 1173 5260 eorum,
1206 5204 1452 5264 tempore
1496 5192 1775 5277 scriptoris
1806 5189 1883 5262 (ε.
1940 5206 2007 5277 a.
2056 5188 2181 5277 900)
2215 5191 2357 5248 notis
2393 5192 2766 5277 designantur,
2800 5205 2856 5250 et
2898 5199 3041 5267 quod
3077 5213 3132 5269 p.
3171 5197 3275 5251 755

96 5281 509 5354 Theophylactus
553 5283 879 5350 Abastaetus
925 5289 1185 5353 tanquam
1225 5288 1378 5352 pater
1429 5278 1657 5336 Romani
1703 5276 2044 5345 imperatoris
2092 5275 2238 5346 (inde
2288 5277 2357 5329 ab
2408 5291 2458 5330 a.
2508 5276 2631 5347 920)
2666 5283 3132 5343 memoratur.,Cl’.
3165 5282 3270 5335 763

95 5386 189 5425 cum
214 5370 324 5425 170
350 5367 419 5423 de
443 5365 802 5423 Constantino
831 5374 889 5423 et
922 5365 1218 5444 Zoesimul
1248 5366 1602 5436 regnantibus
1630 5361 1928 5436 (913-920).
2234 5431 2237 5436 η
2406 5364 2410 5369 ‘

62 5504 79 5547 ι,
147 5477 167 5547 5
199 5477 288 5533 l3.
316 5472 509 5532 satus
533 5469 666 5526 liber
696 5471 821 5527 inde
845 5484 877 5526 a
906 5486 960 5542 p.
992 5470 1097 5527 858
1136 5469 1597 5527 continuationem
1628 5471 1866 5538 exhibet,
1888 5487 2009 5545 qua
2042 5471 2095 5529 in
2128 5472 2406 5529 codicibus
2432 5471 2724 5529 Parisiensi
2758 5469 2893 5529 1708
2917 5481 2973 5527 et
2997 5472 3269 5531 Iarciano

96 5562 175 5615 £08
196 5564 435 5632 legitur;
475 5560 530 5615 in
565 5558 668 5613 hoc
699 5554 890 5629 [XIII]
922 5558 1140 5628 quidem
1171 5557 1240 5613 ab
1272 5573 1327 5613 a.
1359 5556 1464 5612 945
1491 5559 1557 5615 ad
1584 5573 1637 5615 a.
1666 5557 1805 5613 1078
1848 5570 2053 5615 tantum
2085 5568 2140 5616 ct
2164 5561 2378 5631 quidem
2418 5559 2541 5615 inde
2571 5560 2637 5615 ab
2658 5575 2708 5613 a.
2732 5560 2839 5634 965
2864 5560 3266 5622 brevissimam.

98 5646 217 5702 Vitas
242 5646 685 5717 patriarcharum
714 5641 896 5713 potius
922 5642 1324 5698 describentem
1355 5649 1519 5713 quam
1551 5645 1959 5712 imperatorum.
1992 5645 2164 5713 Quam
2191 5647 2261 5705 ob
2286 5656 2398 5703 rem
2423 5661 2563 5711 eam,
2593 5646 2841 5716 quamvis
2869 5645 3143 5715 antiquior
3174 5649 3267 5707 sit.

98 5734 311 5802 ιιιιριιοτὶ
341 5728 739 5786 continuationi
765 5726 971 5781 codicis
1000 5726 1346 5793 Parisiensis,
1380 5740 1491 5781 tum
1522 5743 1552 5784 c
1586 5727 1795 5785 Zonsra
1826 5733 2021 5801 petitae,
2064 5744 2174 5789 tum
2206 5733 2494 5789 recentiori
2547 5730 2802 5786 idiomate
2850 5731 3065 5802 scriptae
3095 5734 3268 5806 subji-

102 5822 309 5875 titndam
335 5831 463 5873 esse
489 5815 771 5871 duxnnus.

158 5908 179 5979 ᾗ
210 5908 292 5963 is.
323 5904 599 5977 Septimus
630 5900 767 5958 liber
799 5897 866 5955 de
899 5898 1169 5955 creatione
1209 5915 1238 5955 e
1278 5898 1543 5971 Syntcone
1571 5912 1624 5960 et
1654 5915 1865 5962 octavus
1900 5906 2034 5963 liber
2077 5906 2142 5967 ad
2193 5918 2393 5959 annum
2435 5902 2569 5959 I143
2597 5907 2941 5962 continuatus
2987 5906 3041 5961 in
3087 5918 3271 5965 nostro
