4208 6312
759 369 823 433 15
2096 367 2679 429 PROLEGOMENA.
3924 380 3988 444 ιδ

753 487 939 540 codice
972 482 1323 535 inveniuntur
1357 482 1507 545 solo;
1554 481 1647 536 sed
1673 482 1947 552 interpres
1979 480 2306 551 Slavonicus
2336 492 2541 551 partem
2576 484 2753 537 octavi
2784 481 2905 538 libri
2952 486 3145 551 nostri,
3194 501 3308 555 quae
3338 488 3402 541 ad
3441 503 3491 542 a.
3528 490 3629 543 812
3656 494 3990 566 extenditur,

754 573 944 628 eodem
979 569 1140 623 modo
1177 570 1325 637 operi
1362 584 1461 623 suo
1496 580 1756 637 tanquam
1789 569 2138 638 appendicem
2175 568 2442 636 adjunxit.

829 659 857 730 §
890 659 975 713 14.
1014 658 1315 718 Cedrenus,
1352 658 1444 726 qui
1474 673 1649 726 usque
1691 658 1756 711 ad
1792 673 1841 711 a.
1881 655 2016 710 1057
2051 659 2293 724 scripsit,
2346 668 2399 711 et
2438 657 2546 712 Leo
2578 656 3000 724 Grammaticus,
3046 662 3159 731 qui.
3191 678 3242 717 a.
3295 663 3431 718 1015
3490 664 3983 737 chronographlam

756 762 910 801 suam
944 745 1177 798 absolvit
1203 742 1377 812 usque
1401 746 1465 797 ad
1499 760 1550 797 a.
1576 744 1682 797 968
1713 743 2048 813 perductam,
2088 744 2411 812 plerumque
2451 748 2719 813 epitomrn
2769 758 2978 800 tantum
3016 747 3230 817 Georgii
3278 761 3331 803 et
3377 754 3821 808 contiilualoium
3867 758 3987 826 ejus

756 834 1031 891 exlnhent.
1069 832 1223 897 Quod
1258 848 1388 886 vero
1412 834 1478 886 de
1504 832 1683 886 Leone
1709 834 1913 885 dictum
1941 843 2047 894 est,
2080 833 2221 885 idem
2251 844 2302 886 et
2326 835 2390 886 de
2416 831 2562 886 Julio
2604 833 2909 904 Polydeuce
2953 845 3005 889 et
3042 833 3352 889 Theodosio
3380 838 3620 893 Melitino
3668 842 3833 895 valet.
3883 844 3984 901 Ex.

756 937 839 991 gr.
876 920 1054 973 fabula
1081 922 1146 973 de
1173 920 1461 974 vulnerato
1496 930 1548 973 et
1582 910 1793 981 musca,
1824 935 1991 988 quam
2024 918 2291 988 Georgius
2321 917 2505 983 CXIV,
2538 919 2593 979 2.
2619 932 2859 986 enarrat,
2903 921 2970 973 ab
3020 922 3105 974 his
3151 924 3511 991 scriptoribus
3558 926 3770 979 nonnisi
3803 933 3989 996 paucis

755 1008 936 1061 verbis
977 1008 1235 1072 tangitur.
1271 1006 1538 1059 Similiter
1572 1004 1735 1059 iidem
1780 1014 1950 1059 totum
1985 1013 2273 1058 tractatum
2315 1006 2381 1057 de
2411 1008 2571 1060 rebus
2600 1017 2719 1074 post
2756 1017 2981 1060 mortem
3013 1011 3291 1061 evenluris
3333 1012 3453 1063 vita:
3484 1010 3845 1079 Constantini,
3879 1014 3989 1070 He-

755 1094 909 1147 raclii
943 1094 1059 1158 lilii,
1094 1109 1122 1147 a
1149 1104 1337 1148 nostro
1372 1109 1422 1147 c.
1450 1092 1733 1146 CCXXXII
1775 1094 2039 1147 insertum
2072 1092 2354 1153 omittunt,
2381 1108 2478 1146 nec
2508 1107 2614 1145 non
2642 1094 2785 1160 quod
2825 1094 2912 1145 ille
2929 1094 2995 1146 de
3030 1094 3182 1148 clade
3210 1096 3453 1163 ejusdem
3484 1100 3795 1153 Constantis
3827 1101 3992 1153 refert

754 1179 1084 1245 CCXXXIII,
1116 1181 1170 1244 ι,
1206 1190 1262 1233 et
1294 1182 1450 1250 plura
1480 1181 1546 1233 de
1573 1179 1867 1233 Palaestina
1897 1177 2224 1238 CCXXXVI,
2258 1178 2312 1240 6,
2340 1178 2392 1231 9.
2429 1176 2530 1231 Sed
2558 1181 2684 1231 alibi
2715 1180 2992 1232 Cedrenus
3024 1184 3256 1247 amplior
3286 1194 3369 1236 est
3393 1199 3552 1251 quam
3587 1182 3871 1254 Georgius,
3897 1202 3989 1243 ex.

755 1283 835 1337 gr.
868 1282 915 1321 c.
944 1260 1107 1330 CXV,
1137 1266 1193 1332 2,
1236 1268 1291 1319 in
1325 1268 1555 1338 epistola
1582 1267 1786 1321 Christi
1824 1268 1889 1319 ad
1927 1266 2223 1333 Abgarum,
2264 1264 2541 1317 CLXXVII
2574 1276 2627 1318 et
2657 1265 2917 1318 CLXXIX
2964 1268 3015 1319 in
3060 1271 3209 1322 Actis
3252 1269 3309 1322 S.
3350 1268 3621 1333 Silvestri,
3654 1271 3987 1339 CCXXXIV,

754 1353 887 1407 6ο10
918 1354 971 1406 in
1008 1362 1183 1405 morte
1213 1350 1535 1404 Constantis
1569 1350 1605 1403 f.
1642 1350 1896 1414 Ileraclii,
1926 1348 2205 1403 CCXXXV
2235 1351 2285 1401 in
2319 1350 2428 1402 vita
2463 1347 2876 1411 Muhammedis,
2910 1350 2999 1403 ubi
3034 1360 3208 1403 tamen
3243 1351 3269 1422 §
3299 1352 3365 1404 I2
3393 1355 3528 1405 duas
3552 1354 3786 1422 integras
3817 1357 3991 1409 lineas

753 1440 1035 1495 Cedrenns
1062 1454 1127 1491 ex
1163 1438 1587 1492 hontoioteleuto
1627 1439 1881 1491 omisisse
1908 1436 2370 1504 deprehenditur;
2426 1439 2640 1505 propria
2695 1439 2873 1509 eidem
2916 1448 3041 1490 sunt
3093 1451 3351 1505 praeterea
3386 1456 3506 1509 qua:
3539 1442 3604 1493 ad
3634 1440 3987 1508 CLXXXVII,

756 1532 812 1593 ὅ,
844 1531 910 1583 de
942 1528 1209 1582 fratribus
1238 1527 1501 1596 PogOttali
1533 1528 1925 1595 apposuimus;
1958 1522 2289 1585 CCXXXIX,
2326 1526 2376 1589 I,
2412 1527 2474 1577 de
2509 1524 2807 1592 imaginum
2840 1526 3021 1590 cultu;
3051 1525 3107 1583 2.
3136 1530 3201 1579 dc
3234 1534 3637 1595 oppugnatione
3668 1530 3798 1595 CP.;
3825 1530 3877 1589 8,
3921 1530 3990 1584 de

757 1617 1117 1684 Bulgarorum
1152 1617 1506 1681 incursione;
1544 1614 1723 1669 CCXL
1749 1615 1815 1669 de
1846 1613 2145 1675 llIardaitis,
2179 1610 2405 1665 CCXLI!
2434 1612 2500 1664 de
2550 1608 2839 1662 Justiniani
2869 1610 2907 1662 ll
2940 1611 3114 1663 reditu
3150 1628 3321 1680 usque
3355 1615 3419 1667 ad
3451 1616 3775 1669 Artemium.
3806 1616 3934 1671 Inde
3958 1631 3996 1671 at

758 1702 1020 1758 Michaele
1051 1704 1064 1755 Ι
1092 1703 1319 1755 nimium
1352 1704 1526 1754 variat
1558 1690 1835 1755 Cedrenus
1876 1717 1904 1753 a
1948 1700 2176 1768 Georgio
2223 1714 2385 1764 quam
2432 1707 2487 1751 ut
2529 1712 2651 1749 cum
2685 1712 2749 1749 eo
2778 1700 3007 1766 amplius
3036 1700 3269 1753 conferri
3301 1705 3503 1768 possit;
3536 1718 3705 1769 quare
3740 1704 3989 1757 varietati

760 1792 907 1846 illius
937 1780 1039 1845 sub
1066 1799 1213 1843 textu
1244 1790 1565 1842 adnotanda:
1601 1790 1796 1842 exinde
1825 1790 1975 1842 locus
2001 1802 2107 1839 non
2133 1799 2269 1848 erat,
2304 1787 2391 1836 ubi
2424 1784 2560 1836 alios
2586 1786 2881 1850 scriptores
2914 1796 3109 1851 praeter
3151 1785 3439 1852 Georgium
3474 1798 3718 1841 nostrum
3766 1800 3991 1843 secutus

759 1894 877 1933 esse
908 1880 1142 1931 videtur.
1185 1876 1293 1929 Leo
1323 1874 1727 1929 Grammaticus
1763 1890 1910 1934 vero,
1959 1873 2313 1942 ejusdemque
2356 1870 2546 1924 farinae
2581 1871 2875 1938 scriptores
2923 1862 3097 1925 Julius
3133 1870 3469 1941 Polydeuces
3517 1874 3623 1945 (P.)
3656 1886 3707 1929 et
3738 1876 3992 1930 Theodo-

758 1968 871 2021 sius
904 1964 1054 2033 (Th.)
1090 1966 1209 2032 puri
1238 1974 1292 2017 et
1318 1964 1433 2032 puti
1468 1964 1835 2031 exscriptores
1869 1960 2082 2029 Georgii
2114 1957 2308 2029 [XIV]
2342 1973 2463 2013 esse
2492 1958 2764 2021 videntur,
2792 1973 2915 2023 cum
2949 1961 3153 2026 proprii
3189 1962 3321 2012 nihil
3364 1962 3619 2023 habeant,
3655 1963 3746 2017 sed
3779 1962 3994 2018 brevio-

760 2056 910 2111 ribus
938 2061 1146 2106 tantum
1180 2053 1440 2105 verbis-ct
1471 2051 1858 2104 communibus
1885 2058 2130 2107 utantur,
2160 2047 2247 2099 ubi
2280 2045 2732 2113 chronographus
2758 2050 2945 2097 uester
2972 2044 3187 2111 longior
3213 2046 3293 2098 vel
3324 2045 3575 2104 diﬂ‘nsior
3600 2048 3681 2100 vel
3705 2050 3994 2104 obscurior

760 2144 947 2196 iisdem
980 2141 1276 2194 videretur.
1316 2137 1497 2204 Quare
1532 2139 1851 2191 varietatem
1882 2137 2073 2189 harum
2098 2135 2460 2204 epitomarum
2494 2133 2682 2199 paucis
2712 2133 2764 2184 in
2800 2133 2955 2193 locis,
2991 2134 3081 2201 qui
3109 2135 3349 2202 corrupti
3381 2136 3611 2189 habendi
3642 2147 3785 2198 sunt,
3816 2138 3993 2191 adno-

757 2232 1015 2285 tavimus.
1052 2227 1160 2279 Leo
1189 2224 1547 2288 corrigendos
1575 2234 1657 2277 est
1696 2238 1725 2276 e
1747 2222 2003 2291 Georgio,
2037 2234 2162 2273 cum
2196 2220 2516 2287 compendia
2547 2219 2832 2286 scripturae
2880 2219 2947 2273 ab
2989 2220 3196 2274 editore
3229 2219 3426 2277 Leonis
3458 2224 3657 2291 saepius
3706 2238 3993 2293 perperam

759 2322 997 2373 resoluta
1028 2318 1155 2370 sint.
1193 2314 1277 2368 Cf.
1310 2314 1364 2365 in
1395 2311 1519 2364 Vita
1549 2310 1783 2363 Romani
1818 2309 1890 2379 l,§
1917 2311 2006 2371 57,
2038 2325 2090 2377 ι).
2125 2306 2246 2371 846,
2284 2316 2337 2361 et
2368 2308 2421 2359 in

2044 2325 2090 2377 ρ.
2125 2306 2246 2371 846,
2284 2316 2337 2361 ei.
2368 2308 2423 2359 in
2466 2307 2506 2359 f.
2536 2305 2664 2369 851,
2700 2306 3034 2375 ’προτελευτςξ⁸
3079 2321 3177 2374 pro
3214 2307 3706 2378 Πρώ(τῃ)τελευτᾶ.

833 2428 863 2497 §
898 2429 984 2481 15.
1020 2424 1259 2479 ltacismi
1290 2439 1494 2475 errores
1541 2423 1594 2475 in
1646 2423 1833 2474 codice
1872 2431 2062 2475 nostro
2101 2420 2292 2473 obvios
2325 2420 2489 2472 tacite
2530 2418 2965 2481 emendavimus,
3001 2430 3056 2473 et
3099 2434 3220 2482 qua:
3246 2435 3466 2473 sensum
3504 2420 3814 2487 turbabant,
3840 2438 3893 2476 ν.
3936 2438 3993 2479 c.

763 2534 818 2588 p.
846 2516 967 2579 142,
1002 2515 1124 2571 151.
1160 2510 1282 2572 160,
1309 2508 1636 2577 conjecturis
1666 2508 1719 2560 in
1756 2516 1959 2561 textum
1994 2506 2227 2573 receptis
2255 2520 2353 2573 pro
2382 2504 2588 2556 viribus
2622 2518 2819 2559 sanare
2852 2506 3184 2565 studuimus,
3222 2507 3429 2560 codicis
3460 2516 3637 2560 tamen
3673 2509 3905 2563 lectione
3931 2509 3994 2563 in

767 2603 1011 2670 margine
1038 2598 1294 2652 inferiore
1327 2604 1619 2659 annotata;
1652 2605 1843 2647 caetera
1875 2594 1941 2646 iis
1972 2595 2064 2661 qui
2101 2594 2332 2645 aliorum
2378 2592 2627 2645 codicum
2680 2604 2781 2656 ope
2828 2590 2933 2642 frui
2970 2601 3249 2670 poterunt,
3281 2594 3619 2645 emendanda
3649 2596 3992 2661 reliquimus.

766 2662 915 2745 Alias
958 2688 1301 2754 conjecmras
1336 2698 1458 2751 quae
1492 2682 1556 2734 ad
1594 2696 1813 2734 sensum
1846 2680 2169 2733 eliciendum
2223 2681 2403 2731 minus
2452 2680 2775 2731 necessariae
2822 2662 3165 2742 videbant'ur,
3220 2681 3271 2731 in
3320 2681 3646 2748 farraginem
3694 2683 3991 2737 lectionum

768 2775 1165 2845 relegavimus;
1201 2770 1559 2837 similiterque
1586 2766 1933 2829 soleecismis,
1961 2767 2161 2835 quibus
2196 2766 2492 2831 scriptores
2521 2764 2800 2834 Byzantini
2838 2764 2995 2831 hujus
3023 2766 3195 2819 aetatis
3223 2764 3405 2819 referti
3438 2776 3583 2826 sunt.
3610 2771 3988 2833 emetnlandis,

767 2865 976 2919 scilicet
1007 2860 1295 2929 participio
1327 2858 1549 2909 relativo
1576 2856 1626 2907 in
1654 2856 1962 2909 absolutum
1994 2852 2254 2906 mutando
2281 2859 2361 2916 (ut
2390 2867 2421 2919 p

2328 2861 2361 2904 tt
2390 2867 2442 2919 p.
2474 2851 2525 2911 8,
2551 2850 2641 2912 25,
2675 2851 2759 2913 15,
2792 2850 3063 2913 117,118,
3100 2850 3518 2929 120,151,151,
3549 2854 3672 2914 448,
3704 2854 3827 2918 478,
3858 2854 3990 2917 489.

764 2950 888 3015 502,
922 2928 1348 3011 507,518,541,
1380 2942 1509 3005 551,
1542 2940 1664 3003 556,
1697 2940 1818 3005 562,
1848 2941 1971 3001 571,
2007 2940 2131 3003 589,
2164 2950 2313 3003 nota,
2344 2939 2426 2992 δεδι

2344 2939 2468 3003 590,
2500 2938 2624 3001 δυο,
2655 2937 2779 2999 615,
2810 2937 2935 2999 655,
2966 2938 3089 3000 658,
3131 2928 3254 3001 eis,
3293 2937 3417 3000 697,
3459 2938 3581 3000 7l9,
3612 2944 3853 3007 apparet)
3896 2955 3990 2992 su-

764 3036 1138 3109 persedimus;
1169 3047 1293 3086 nam
1316 3032 1490 3084 aetatis
1511 3030 1622 3099 jam
1648 3039 1774 3082 sunt
1799 3028 1929 3081 vitia
1962 3039 2015 3081 et
2043 3029 2344 3095 scriptoris,
2378 3043 2482 3081 non
2511 3028 2862 3095 deseriptoris
2893 3038 2985 3080 aut
3013 3027 3239 3088 codicis,
3270 3037 3325 3079 ut
3353 3039 3407 3079 et
3440 3026 3625 3079 formae
3657 3026 3990 3097 Θυγατέραν,

764 3123 915 3186 Δῖαν,
948 3132 1078 3185 etc.,
1130 3121 1184 3172 in
1234 3118 1593 3186 scriptoribus
1641 3131 1860 3184 quoque
1902 3114 2293 3168 ecclesiasticis
2324 3114 2518 3166 obviae.
2568 3113 2770 3167 Confer
2814 3114 2977 3167 etiam
3032 3114 3170 3184 πλὴν
3224 3114 3612 3186 adverbialiter
3657 3125 3987 3184 usurpatum

764 3228 817 3281 p.
846 3185 945 3264 100
978 3218 1033 3262 et
1061 3207 1182 3271 118,
1216 3185 1607 3273 appOsitionem
1639 3202 1747 3255 alio
1777 3216 1907 3255 casu
1937 3201 2169 3271 positam
2205 3201 2327 3264 474,
2356 3200 2425 3253 62

1662 3202 1747 3255 dio
1777 3216 1907 3255 casu
1937 3201 2169 3271 positam
2205 3201 2327 3264 474,
2356 3200 2481 3265 622,
2522 3200 2647 3265 653,
2676 3202 3001 3256 anacolutlia
3032 3200 3155 3261 676,
3201 3185 3324 3255 688.

836 3323 865 3389 §
901 3322 987 3375 16.
1017 3321 1147 3385 Qua:
1171 3319 1317 3370 uncis
1348 3315 1366 3386 [
1406 3316 1427 3387 ]
1470 3316 1674 3368 inclusa
1706 3322 1857 3377 sunt,
1884 3314 1937 3365 in
1969 3314 2154 3367 codice
2187 3325 2393 3377 nostro,
2420 3314 2691 3367 excidisse
2709 3312 2959 3366 videntur
2983 3312 3193 3366 librarii
3216 3313 3452 3377 incuria,
3479 3323 3639 3384 atque
3662 3326 3690 3368 e
3719 3312 3989 3377 Cedreno,

766 3410 945 3480 Leone
970 3407 1047 3457 vel
1081 3405 1200 3457 aliis
1224 3418 1253 3456 e
1277 3402 1558 3456 codicibus
1583 3400 1799 3467 Georgii
1828 3398 2076 3468 suppleta
2098 3408 2245 3459 sunt,
2282 3406 2547 3467 quotquot
2581 3399 2739 3451 nobis
2766 3410 2963 3465 priesto
2995 3409 3169 3453 erant.

834 3492 965 3555 Quae
988 3490 1150 3555 signis
1181 3487 1570 3553 parent/iesium
1600 3484 1615 3550 (
1656 3486 1675 3550 )
1710 3484 2082 3547 continentur,
2108 3499 2137 3536 a
2168 3483 2416 3537 Cedreno
2439 3498 2496 3547 or

1181 3487 1570 3553 parent/resimi:
1600 3484 1615 3550 (
1656 3486 1675 3550 )
1710 3484 2082 3547 continentur,
2108 3499 2137 3536 a
2168 3483 2416 3537 Cedreno
2439 3485 2642 3547 omissa
2677 3494 2826 3538 sunt.

948 3596 1010 3645 Α.
1044 3612 1115 3643 ::
1152 3592 1317 3644 codex
1350 3589 1763 3641 Ambrosianus.

942 3660 1083 3732 [Χν]
1107 3661 1229 3732 Alli.
1257 3678 1327 3732 ς
1352 3657 1701 3732 Athanasius.

942 3725 1005 3785 Β.
1039 3725 1110 3780 ἐ
1137 3729 1366 3781 Basilius
1406 3725 1650 3791 Magnus.

947 3803 1073 3854 Bar.
1109 3800 1155 3857 I.
1190 3800 1225 3849 2
1258 3814 1320 3845 -::
1346 3795 1558 3849 codices
1592 3792 1902 3847 Barocciani

944 3871 1003 3924 C.
1037 3867 1485 3921 :Coislinianns
1516 3864 1681 3918 codex
1718 3865 1835 3917 154.

943 3940 1066 3994 Ced.
1102 3956 1173 3987 ::
1200 3936 1502 3989 Ccdrenus.

943 4010 1081 4064 Chr:
1102 4024 1171 4057 :2
1200 4004 1642 4073 Chrysostomus.

944 4076 1104 4132 Coisl.
1141 4076 1243 4128 510
1272 4071 1323 4126 et
1353 4072 1456 4125 505
1494 4072 1557 4121 2:
1588 4071 1903 4126 Coisliniani
1935 4072 2152 4128 codices
2184 4072 2288 4127 3I0
2318 4084 2370 4128 et
2402 4074 2520 4128 505.

944 4148 1076 4199 Cod.
1106 4163 1177 4192 ::-.
1200 4144 1367 4194 codex
1400 4143 1762 4209 Mosquensis.

942 4215 1123 4267 Const.
1155 4210 1581 4265 Constitutiones
1610 4213 2001 4267 apostolorum.

946 4264 1101 4345 Com.
1130 4298 1201 4328 ,τ-
1227 4264 1584 4332 Continuator
1619 4264 1984 4334 Titeoobauis.

943 4351 1067 4418 Cyr.
1103 4366 1173 4396 :2
1192 4346 1441 4418 Cyrillus.

946 4415 1013 4471 θ’.
1046 4428 1115 4466 =
1146 4415 1429 4483 Dionysius
1460 4416 1802 4483 Areopagita.

947 4484 1046 4551 Ep.
1080 4496 1151 4532 ﬁ:
1181 4482 1533 4551 Epiphanius.

944 4550 1037 4608 Gr.
1068 4570 1139 4602 =
1166 4550 1478 4616 Gregorius.

948 4624 1107 4676 Honi.
1140 4638 1212 4671 :
1244 4619 1487 4672 Iiontiliae
1520 4617 2057 4676 Pseudo-Clementis
2088 4621 2338 4675 Romani.

944 4692 1058 4745 Jos.
1088 4709 1159 4741 :2
1186 4688 1453 4754 Josc'plius
1482 4689 1715 4751 Flavius.

946 4762 1020 4815 Is.
1057 4780 1127 4811 Ξ
1160 4758 1423 4813 Isidorus.

934 4831 1005 4885 ἰ..
1037 4840 1109 4879 ::':
1148 4828 1253 4881 Leo
1283 4826 1699 4885 Grammaticus.

948 4902 1087 4969 L:ps.
1113 4902 1383 4969 sicodex
1414 4898 1731 4969 Lipsiensis.

943 4968 1019 5025 Μ.
1061 4988 1132 5019 :2
1162 4968 1424 5022 Maximus
1455 4968 1768 5025 Coul‘essor.

952 5042 1019 5096 ιι.
1058 5042 1106 5102 1,
1134 5044 1173 5090 2
1205 5040 1282 5090 vel
1326 5038 1471 5091 Man.
1504 5042 1555 5102 1,
1578 5040 1727 5095 2.:
1754 5042 1969 5097 codices
2016 5039 2360 5093 Monacenses
2398 5040 2421 5089 I
2458 5047 2511 5092 et
2538 5037 2595 5095 2.

872 5168 873 5171 η
942 5112 986 5164 ο
1017 5118 1089 5157 :‘:
1123 5110 1288 5163 codex
1319 5110 1656 5165 Oxonietisis.
2472 5165 2479 5171 .

943 5181 1009 5232 Ρ.
1038 5198 1109 5228 ::
1136 5179 1301 5231 editio
1328 5177 1667 5244 Parisiensis,
1699 5180 1890 5245 invito,
1924 5191 1981 5233 ut
2013 5178 2207 5233 Ilasius
2222 5178 2485 5241 testatur,
2516 5177 2701 5231 codice
2729 5178 2851 5231 Par.
2896 5177 3048 5233 I705.

884 5292 887 5295 .
942 5250 1062 5303 P06.
1106 5246 1361 5306 :codex
1400 5246 1691 5302 Palatium.
1884 5307 1889 5309 Α
1982 5280 1983 5283 η
2070 5305 2078 5309 _
2578 5298 2582 5303 .

947 5314 1079 5387 Par.
1106 5336 1175 5367 —.:.
1201 5308 1415 5387 codices
1442 5309 1772 5371 Parisienses
1803 5307 1937 5387 1704
1964 5344 2030 5357 -
2066 5307 2221 5375 1708,
2255 5316 2522 5387 praecipue
2550 5312 2752 5387 Regius
2786 5315 2940 5368 I705.

944 5385 1008 5440 Ρ.
1032 5394 1088 5441 et
1118 5386 1235 5437 Pol.
1264 5398 1334 5431 =
1372 5380 1721 5451 Pol‘ydeuces,
1766 5388 1883 5439 edd.
1916 5386 2175 5440 Bianconi
2210 5380 2269 5438 et
2296 5381 2570 5436 Ilardtiu's".

876 5490 877 5495 η
946 5456 1009 5506 R.
1043 5473 1116 5509 τε
1147 5458 1350 5521 Regum
1383 5455 1521 5505 libri.

950 5526 1041 5577 Th.
1070 5542 1141 5573 =
1172 5514 1512 5576 Theodosius
1552 5523 1841 5585 Melit'mus,
1873 5523 2029 5590 cujus
2059 5524 2317 5576 lectiones
2349 5514 2619 5581 variantes
2646 5522 2933 5591 exscripsrt
2959 5519 3307 5580 doctissimus
3360 5526 3442 5581 vir
3478 5524 3544 5581 (ἓ.
3577 5525 3636 5580 L.
3670 5525 3761 5581 Fr.
3796 5526 3979 5588 Takl.

957 5591 1013 5642 V.
1037 5609 1106 5636 Ξ
1132 5594 1181 5649 1,
1210 5594 1245 5640 Ξ
1272 5594 1483 5643 codices
1516 5594 1953 5645 Vltitlohonenses
1990 5594 2009 5643 1
2045 5605 2093 5644 et
2126 5593 2177 5643 ‘2.

962 5659 1074 5731 [αι.
1108 5661 1807 5731 :_codicesHVaticaniJ54
1836 5674 1887 5717 et
1918 5663 2035 5726 155,
2067 5662 2333 5729 praecipue
2371 5663 2537 5731 prior.

962 5723 1084 5779 Ven.
1109 5728 1185 5777 τέ
1211 5728 1375 5780 codex
1412 5724 1666 5783 Venetus.
2023 5723 2030 5726 ’
2068 5723 2083 5729 ’
2219 5754 2227 5759 ·
