4086 6322
750 320 824 382 23
2092 320 2363 380 PROLE(

2342 320 2683 379 GOMENA.
3748 293 3752 298 ’
3897 321 3955 381 24

752 442 813 487 et
863 436 1102 498 exegett
1152 431 1499 486 Alexandrini
1556 432 1678 495 569,
1743 432 1847 496 19;
1901 431 1969 486 ci.
2038 431 2137 487 551
2198 431 2266 486 de
2330 429 2496 503 [XXI]
2552 431 2771 485 Justino
2835 430 2921 503 ll,l
2984 430 3195 485 ceteris
3258 430 3309 481 in
3352 427 3513 483 codd.
3570 430 3956 499 desiderantur;

751 517 818 570 5⁸
850 532 884 571 e
913 516 1214 586 Logotlteta,
1261 517 1355 571 τοῦ
1404 517 1703 585 Δογοθέτου
1757 533 1809 586 p.
1866 516 1957 581 80,
2004 517 2266 586 18(11‘),
2306 518 2364 572 72

2344 518 2429 579 21,
2458 518 2513 582 4,
2548 518 2726 588 (182⁸)
2750 529 2805 571 et
2834 516 2960 579 851,
2999 515 3061 570 21
3104 514 3307 584 (205⁸).
3337 515 3472 579 Quae
3498 516 3689 569 ultima
3720 533 3834 571 cum
3865 522 3957 575 sint

754 603 987 673 Georgio
1012 606 1337 669 recentiora,
1372 621 1401 660 a
1438 606 1822 659 continuatore
1877 605 2120 674 ejusdem
2168 606 2260 673 qui
2303 603 2656 673 Logodietam
2704 604 2997 670 excerpsit,
3042 602 3298 668 adjuncta
3340 612 3488 659 sunt.
3525 616 3616 655 ex.
3664 618 3746 672 gr.
3781 604 3831 657 in
3852 602 3961 659 Vita

755 687 1094 761 Theophili§
1134 693 1295 747 19-29
1350 707 1470 761 quae
1510 690 1862 746 Coisllnianis
1922 692 1976 745 in
2010 692 2291 747 codicibus
2336 691 2557 755 desunt,
2605 690 2700 745 sed
2732 691 2857 745 aliis
2916 691 2969 743 in
3014 688 3297 743 codicibus
3338 687 3603 755 ampliora
3638 689 3961 745 Inveniuntur

757 790 923 845 quam
958 777 1014 831 in
1037 778 1305 834 breviario
1336 780 1627 851 Symeonis
1651 778 1821 832 edito.
1848 778 1977 833 Post
2004 788 2163 833 notas
2189 778 2518 846 marginales
2550 776 2603 829 in
2638 784 2842 831 textum
2883 775 3141 837 insertas,
3164 773 3382 842 Georgii
3412 774 3583 842 ipsius
3619 783 3793 829 textus
3823 792 3961 829 resn-

758 866 926 920 mitur
948 865 1185 921 formula
1208 869 1512 938 Γεωργίου,
1542 876 1602 921 ιιι
1630 867 1748 930 11⁸,
1777 867 2013 933 adjecta.
2043 865 2227 928 Quare
2248 872 2392 916 nota:
2424 863 2528 916 illa
2566 862 2689 915 aliis
2720 876 2750 915 e
2797 861 2953 915 libris
2980 860 3179 930 quibus
3210 861 3449 928 scriptor
3484 876 3619 915 usus
3652 872 3754 923 est,
3780 862 3970 917 codicis

755 952 993 1019 margini
1028 954 1279 1022 ascripta
1308 955 1624 1022 neutiquam
1667 958 1989 1018 argumento
2025 949 2287 1003 inservire
2330 956 2563 1017 possunt
2602 946 2779 1013 ipsum
2811 954 3019 999 textum
3047 945 3263 1015 Georgii
3298 960 3403 999 non
3437 960 3581 1009 esse,
3614 947 3753 999 sicut
3785 947 3969 1001 Undol-

756 1037 904 1092 scius
928 1039 1103 1092 voluit
1134 1054 1188 1106 p.
1222 1039 1289 1093 10
1320 1048 1373 1093 et
1406 1039 1475 1092 55
1512 1038 1915 1092 dissertationis
1961 1050 2073 1090 suae
2112 1034 2179 1090 de
2212 1034 2531 1089 Hamartolo
2565 1033 2800 1101 scriptae,
2836 1034 2929 1087 sed
2968 1034 3151 1102 potius
3194 1033 3427 1100 probant
3465 1032 3684 1103 Georgii
3725 1036 3878 1089 verba
3913 1050 3969 1089 ab

758 1123 827 1178 iis
854 1123 1058 1178 diserte
1078 1123 1341 1191 distingui
1380 1137 1502 1190 qua
1538 1123 1664 1177 aliis
1693 1137 1723 1177 e
1764 1120 2007 1177 fontibus
2044 1122 2171 1175 huic
2214 1120 2389 1175 codici
2423 1134 2453 1173 a
2484 1118 2707 1172 librario
2737 1118 2941 1173 inserta
2985 1128 3134 1171 sunt.
3179 1118 3357 1174 Simili
3390 1119 3554 1174 modo
3578 1120 3751 1174 codici
3783 1122 3970 1175 inserta

757 1224 881 1263 esse
918 1208 1173 1261 videntur
1198 1217 1252 1262 et
1276 1209 1508 1277 reliqua,
1552 1222 1673 1277 quas
1700 1206 2030 1277 Hosquensis
2068 1210 2212 1262 solus
2242 1207 2425 1272 habet,
2460 1220 2545 1259 ex.
2588 1220 2672 1275 gr.
2714 1218 2763 1257 c.
2788 1202 3153 1267 (2711,2022,
3196 1205 3264 1258 de
3297 1214 3538 1271 quatuor
3578 1204 3805 1260 Herodis
3839 1205 3971 1269 ﬁliis,

757 1295 850 1348 ubi
882 1293 1163 1347 Cedrenus
1188 1304 1244 1348 et
1295 1294 1568 1364 interpres
1609 1292 1929 1349 Slavonicus
1961 1294 1989 1366 ᾗ
2022 1294 2087 1348 21
2129 1302 2337 1349 tantum
2386 1292 2688 1354 noverunt;
2724 1287 2935 1354 CXXV,
2976 1291 3031 1353 3,
3058 1299 3111 1343 et
3150 1286 3408 1352 CXXVII,
3452 1290 3504 1350 1,
3542 1290 3609 1343 de
3646 1287 3975 1356 Vespasiano,

759 1396 887 1433 cum
911 1381 1188 1435 Cedrenus
1220 1383 1520 1436 secundum
1540 1382 1743 1445 locum,
1776 1396 1882 1435 non
1914 1397 2041 1437 vero
2074 1392 2364 1449 utrumque
2394 1377 2613 1441 referat,
2651 1377 2975 1432 Slavonicus
3002 1378 3272 1446 primum;
3301 1392 3352 1431 c.
3385 1372 3676 1437 CXXXVI,
3705 1376 3760 1442 5,
3793 1377 3977 1430 mentio

758 1466 1024 1521 Cerdonis
1048 1467 1101 1520 in
1134 1468 1358 1523 Adriani
1386 1468 1504 1523 Vita
1527 1469 1668 1524 facta
1697 1470 1836 1537 apud
1858 1468 2076 1524 eosdem
2104 1469 2277 1531 deest,
2302 1476 2355 1521 et
2386 1466 2455 1519 ab
2480 1464 2839 1534 ipsoGeorgio
2868 1465 2922 1517 in
2946 1464 3069 1519 Vita
3090 1464 3349 1518 Antonini
3377 1461 3663 1525 CXXXVI,
3691 1463 3723 1517 6
3742 1502 3755 1526 ,
3787 1465 3979 1532 reperi-

759 1562 874 1618 tur,
894 1555 986 1608 ubi
1009 1552 1061 1624 (ς
1084 1555 1119 1609 ι
1146 1564 1202 1609 et
1235 1555 1291 1622 5)
1321 1555 1656 1611 Bardesanes
1698 1557 1779 1610 bis
1820 1565 2171 1618 memoratur,
2202 1554 2443 1609 Cedreno
2474 1560 2529 1604 et
2555 1549 2732 1604 Leone
2762 1565 2884 1604 cum
2924 1549 2953 1618 ᾗ
2995 1548 3027 1601 5
3058 1550 3546 1605 consentientibus.
3591 1547 3757 1602 Iidem
3799 1550 3979 1604 leones

761 1641 981 1695 occisos
1007 1654 1131 1695 eum
1156 1640 1387 1710 Georgio
1422 1641 1601 1712 (CXL,
1631 1642 1687 1713 8)
1728 1640 2045 1705 Commodo,
2080 1657 2184 1697 non
2214 1639 2391 1693 Marco
2417 1637 2741 1695 attribuunt.
2772 1644 2832 1690 ut
2863 1634 3194 1699 CXXXVIII,
3233 1635 3267 1691 6
3303 1637 3526 1705 legitur;
3554 1650 3606 1691 c.
3642 1634 3893 1699 CXLVII,
3932 1637 3981 1690 1.

761 1730 1077 1783 nominatur
1109 1728 1402 1794 Maximus,
1436 1730 1531 1798 qui
1554 1727 1608 1800 (5
1636 1729 1691 1800 3)
1714 1742 1838 1784 cum
1864 1728 2109 1782 Cedreno
2162 1738 2217 1782 et
2250 1726 2428 1780 Leone
2460 1719 2686 1778 vocatur
2714 1722 3078 1787 Maximinus;
3107 1721 3192 1777 CL
3226 1721 3695 1789 Balbinusjunior
3721 1737 3843 1775 cum
3873 1722 3971 1776 Ce-

761 1815 932 1868 dreno
952 1822 1075 1883 post
1110 1814 1378 1883 Pupinum
1410 1824 1760 1881 memoratur,
1804 1814 1898 1869 sed
1929 1812 2061 1877 CLI,
2096 1812 2151 1877 2,
2193 1822 2316 1881 post
2341 1810 2719 1875 Gordianum;
2763 1809 2871 1862 Leo
2913 1809 3056 1864 hunc
3098 1808 3485 1878 imperatorem
3522 1809 3741 1875 penitus
3772 1811 3982 1873 omisit;

760 1900 941 1964 CLIV,
973 1901 1023 1960 1.
1046 1901 1102 1966 2,
1127 1900 1452 1957 Valerianus
1480 1902 1565 1958 bis
1581 1902 1927 1966 nominatur;
1953 1901 2232 1955 Cedrenus
2263 1899 2560 1955 secundum
2586 1906 2793 1951 tantum
2826 1898 3005 1951 locum
3033 1897 3270 1965 repetiit;
3302 1894 3632 1960 CLXXXVI,
3654 1896 3691 1949 2
3716 1910 3767 1949 et
3789 1896 3840 1959 5,
3876 1896 3989 1949 Dio-

760 1988 982 2041 cletiani
1014 1988 1444 2058 laximianique
1473 1989 1599 2045 ﬁnis
1622 1976 1788 2053 bis,'a
1810 1988 2055 2043 Cedreno
2078 1987 2372 2042 secundum
2398 1988 2425 2057 ᾗ
2449 1987 2485 2040 2
2510 1996 2865 2041 memoratur.
2896 1984 2981 2038 Ct‘.
3009 1983 3309 2047 CLXXVII,
3346 1984 3401 2051 7,
3438 1986 3525 2045 12.
3561 1983 3844 2046 CLXXXI,
3878 1982 3908 2035 7
3942 1993 3990 2037 et

758 2070 1065 2136 CLXXXII,
1098 2072 1382 2135 CLXXXI,
1433 2075 1523 2129 1—8
1554 2084 1609 2127 et
1657 2072 1986 2138 CLXXXIII,
2036 2075 2089 2137 7,
2142 2072 2467 2127 CLXXXVII
2512 2082 2566 2127 et
2610 2070 2987 2129 CLXXXVIII.
3032 2072 3081 2135 1,
3130 2069 3390 2135 CLXXX,
3428 2072 3464 2125 3
3500 2078 3554 2124 et
3584 2067 3911 2131 CLXXXIII,
3938 2076 3989 2134 2,

760 2156 1087 2221 CLXXXIII,
1116 2158 1149 2210 6
1184 2166 1239 2211 et
1260 2157 1593 2223 CLXXXVI,
1624 2160 1679 2221 7,
1708 2158 1813 2221 CC,
1850 2160 1898 2222 1,
1920 2159 1974 2223 3,
1999 2158 2250 2222 CCXVII,
2271 2161 2370 2213 3et
2392 2157 2671 2222 CCXXIX,
2695 2158 2748 2219 8,
2766 2155 3095 2219 CCXXXIII,
3137 2158 3157 2209 1
3189 2168 3241 2211 et
3268 2155 3623 2219 CCXXXVII,
3658 2158 3711 2219 1,
3739 2158 3993 2225 praecipuo

762 2240 1266 2306 veroCLXXXVlI,
1294 2245 1353 2308 3,
1378 2258 1500 2313 quze
1518 2243 1619 2297 sub
1639 2252 1786 2297 textu
1810 2243 1952 2297 edita
1978 2254 2127 2308 sunt,
2154 2245 2281 2312 quia
2312 2244 2460 2297 nullo
2487 2243 2593 2296 alio
2616 2245 2667 2295 in
2696 2244 2882 2297 codice
2902 2244 3272 2307 inveniuntur,
3296 2242 3521 2308 CCLIII,
3541 2246 3571 2298 7
3598 2245 3865 2298 Anastasii
3904 2258 3991 2310 pa-

766 2329 1021 2383 triarcha
1051 2329 1217 2383 verba
1244 2338 1299 2383 et
1328 2339 1557 2391 sortem,
1591 2344 1713 2398 qua:
1739 2329 1809 2383 27
1836 2330 1905 2383 de
1938 2329 2298 2385 Constantino
2328 2338 2665 2395 repetuntur,
2696 2330 2764 2383 33
2793 2339 2846 2383 et
2871 2330 2941 2383 40
2980 2331 3379 2398 expeditionem
3420 2333 3474 2385 in
3512 2331 3773 2400 Bulgaros
3806 2331 3988 2384 iisdem

764 2415 949 2470 verbis
993 2416 1243 2480 relatam,
1286 2415 1563 2480 CCXXVI,
1590 2416 1646 2475 6,
1674 2416 1727 2469 iu
1773 2416 1877 2469 llne
1904 2416 2166 2470 visionem
2206 2417 2585 2477 monasvicam,
2612 2414 2889 2478 CCXXVI,
2921 2415 2973 2479 6,
3008 2416 3060 2477 7,
3088 2416 3180 2478 22,
3206 2414 3477 2480 CCLVIII,
3518 2416 3572 2477 2,
3606 2418 3660 2478 3,
3684 2419 3734 2481 4,
3756 2415 3994 2479 CCLXII,

764 2498 823 2564 1,
858 2504 914 2561 2,
939 2500 972 2553 6
1016 2510 1072 2555 et
1095 2501 1197 2554 alia
1218 2500 1340 2571 plus
1368 2501 1550 2558 minus
1589 2502 1916 2571 apocrypha,
1946 2517 2033 2557 ex.
2057 2518 2138 2573 gr.
2164 2500 2501 2565 c.CCLXllI,
2536 2501 2619 2566 10,
2647 2500 2733 2563 11,
2758 2516 2879 2569 qua:
2920 2502 2969 2553 in
3006 2500 3033 2570 §
3070 2501 3103 2556 3
3134 2501 3378 2569 ejusdem
3414 2504 3607 2574 capitis
3638 2512 3691 2557 et
3728 2498 3995 2565 CCLXIV,

766 2588 823 2652 5,
850 2597 1190 2653 repetuntur.

830 2671 893 2725 In
944 2676 1182 2743 margine
1233 2688 1361 2729 vero
1406 2674 1612 2729 codicis
1642 2674 1725 2729 vel
1782 2673 2013 2739 laterali,
2044 2676 2127 2729 vel
2178 2676 2464 2744 superiori,
2496 2677 2579 2731 vel
2620 2675 2868 2730 inferiori
2911 2676 3248 2729 inveniuntur
3278 2692 3305 2729 a
3340 2676 3515 2742 prima
3557 2690 3719 2729 manu
3754 2676 3988 2743 ascripta

764 2774 883 2830 qua
906 2759 1129 2817 Cedunt"
1150 2773 1198 2814 et
1222 2762 1411 2817 Leonis
1447 2764 1501 2816 in
1526 2772 1726 2815 textum
1752 2763 2100 2816 transierunt.
2127 2762 2307 2816 Prima
2338 2763 2377 2832 ej

2372 2763 2603 2832 iusmodi
2641 2771 2767 2816 nota
2794 2761 2985 2830 legitur
3004 2760 3122 2815 1.2b
3155 2759 3568 2845 npqoxuvoﬁpsv
3594 2762 3688 2813 καὶ
3714 2761 3985 2831 κηρύττοο

771 2866 872 2917 μεν
922 2847 1113 2901 τοῦτον
1144 2850 1305 2916 μόνον
1338 2844 1477 2901 εἶναι
1523 2849 1657 2901 Θεὸν
1711 2849 1962 2917 ἀληθινὸν
2001 2850 2093 2903 καὶ
2135 2848 2316 2917 πάσης
2364 2866 2384 2902 Ii

2381 2848 2593 2908 uicem;
2636 2847 2908 2917 (editionis
2952 2854 3149 2901 nostrae
3194 2863 3248 2917 p.
3305 2847 3415 2915 49),
3464 2846 3702 2901 secunda
3767 2864 3784 2903 :
3839 2848 3896 2899 «1-
3933 2850 3994 2901 aJ

766 2952 824 3003 p.
862 2934 962 2999 53;
1014 2934 1399 2986 Ἐνεοσκοπίαν
1443 2935 1662 3001 λέγεται
1711 2934 2069 3005 ἐξευρηκέναι
2119 2936 2379 3005 Τιλεγόνα

2369 2954 2400 3002 ι,
2453 2937 2606 2990 tertia
2672 2936 2739 2990 ad
2782 2935 2849 2990 53
2892 2952 2905 2989 :
2948 2934 3246 2996 Ποσιδῶνος
3278 2932 3641 3003 άύγγραμμα,
3678 2945 3874 3003 quarta
3921 2936 3982 2988 al

767 3020 839 3075 53
891 3038 910 3074 :
964 3019 1139 3071 Τοῦτο
1188 3020 1496 3088 συνέγραψε
1548 3010 2139 3093 Ξενοκράτηθηυίηιθ
2186 3024 2251 3077 ad
2298 3025 2365 3078 55
2410 3064 2423 3079 .
2462 3023 2636 3076 Τοῦτο
2674 3022 2982 3094 συνέγραψε
3015 3022 3205 3087 Πόλις,
3238 3023 3300 3076 81³
3354 3024 3461 3075 Καὶ
3518 3023 3825 3090 ’Ἥφαιστος
3858 3022 3991 3092 παρ’

769 3103 1089 3171 Αἰγυπτίοις
1129 3105 1506 3159 ἐδυνάστευεν.
1536 3123 1610 3153 =
1640 3105 1769 3158 Ced.
1793 3108 1879 3171 35,
1912 3108 2010 3171 12;
2045 3110 2145 3161 47b
2188 3113 2214 3161 ὁ
2250 3111 2382 3163 σίκλι

2385 3128 2432 3172 υς
2459 3111 2522 3163 τὸ
2548 3111 2806 3180 τέταρτον
2840 3111 2939 3179 τῆς
2978 3109 3204 3176 οὑγγίας
3232 3110 3473 3178 (unciae).
3504 3108 3706 3164 Confer
3740 3110 3998 3163 editionis

770 3200 973 3245 nostrae
1009 3204 1066 3256 p.
1100 3187 1171 3242 83
1198 3205 1323 3244 cum
1358 3189 1553 3243 Leonis
1582 3200 1635 3243 et
1664 3188 1842 3258 Glycae
1874 3193 2005 3245 locis
2033 3194 2231 3247 ibidem
2272 3196 2531 3259 laudatis,
2566 3212 2620 3265 p.
2653 3197 2753 3249 117
2802 3211 2922 3250 cum
2963 3196 3248 3259 Cedreno;
3300 3206 3427 3247 nota
3465 3211 3517 3263 p.
3561 3195 3663 3247 129
3711 3197 3763 3248 in
3806 3205 3999 3249 neutro

772 3280 1078 3339 invenitur;
1127 3284 1269 3329 notae
1299 3274 1626 3339 marginales
1657 3290 1708 3343 p.
1747 3275 1872 3328 158.
1909 3276 2186 3340 “6,528”
2222 3294 2252 3331 a
2281 3279 2523 3333 Cedreno
2558 3292 2788 3348 receptas
2838 3292 2987 3345 sunt,
3035 3282 3180 3337 698"
3215 3292 3269 3337 et
3316 3283 3460 3348 699',
3485 3298 3533 3337 c.
3568 3282 3845 3351 CCLXIII,
3887 3284 3937 3347 7,
3971 3284 4007 3337 9

774 3382 805 3418 a
835 3364 959 3417 Par.
1012 3362 1183 3426 1705;
1220 3361 1259 3415 1'.
1289 3363 1389 3417 98b
1437 3362 1488 3415 in
1544 3362 1785 3425 margine
1839 3363 2030 3431 legitur
2080 3364 2268 3417 notitia
2318 3365 2385 3417 de
2437 3368 2655 3432 pulvere
2703 3383 2869 3422 aureo
2919 3371 3196 3423 Aureliani
3238 3378 3481 3436 tempore
3515 3370 3581 3423 de
3610 3370 3750 3423 ccelo
3781 3371 4005 3439 delapso

779 3453 858 3519 (p.
907 3449 1127 3522 361‘“),
1180 3463 1343 3517 quam
1370 3482 1373 3485 ‹
1403 3448 1516 3516 ipse
1548 3449 1782 3515 scriptor
1817 3463 1869 3517 p.
1900 3448 2002 3502 369
2057 3462 2115 3502 se
2144 3448 2263 3517 ejus
2305 3451 2646 3517 imperatOris
2679 3454 2732 3505 in
2775 3453 2884 3505 vita
2922 3453 3175 3506 retulisse
3215 3452 3482 3514 amrmat;
3518 3456 3771 3507 similiter
3805 3470 3862 3522 p.
3899 3457 3999 3508 571

774 3548 833 3591 et
850 3536 959 3590 372
984 3535 1149 3591 iidem
1190 3547 1457 3606 martyres
1513 3536 1568 3589 in
1619 3535 1863 3604 margine
1897 3544 2290 3590 enumerantur
2316 3538 2406 3605 qui
2443 3554 2496 3607 p.
2543 3538 2649 3593 372
2692 3538 2745 3591 in
2801 3546 2946 3591 textu
2986 3549 3147 3597 sunt;
3186 3536 3278 3590 sed
3307 3552 3359 3603 p.
3398 3536 3502 3589 390
3532 3547 3655 3588 nota
3687 3540 4004 3604 marginalis

782 3623 1215 3679 Vindobonensis
1241 3638 1271 3677 a
1310 3622 1619 3692 Mosquensi
1647 3625 1699 3675 in
1738 3632 1945 3676 textum
1981 3633 2193 3693 recepta
2225 3634 2329 3688 est,
2360 3634 2395 3678 c1

2384 3623 2431 3678 :1.
2465 3634 2620 3679 notas
2647 3640 2735 3694 pp.
2766 3624 2895 3686 279,
2924 3622 3050 3684 592,
3088 3622 3211 3682 399.
3232 3621 3372 3685 .401,
3402 3622 3507 3675 102
3557 3622 3684 3686 409,
3712 3624 3837 3685 415,
3877 3624 3997 3685 411,

774 3714 904 3777 415,
939 3712 1045 3767 426
1072 3711 1219 3783 (cum
1252 3722 1401 3766 textu
1433 3711 1582 3778 457),
1614 3712 1739 3774 428,
1770 3711 1893 3773 565,
1926 3710 2052 3765 671.
2091 3712 2279 3767 Plures
2330 3726 2387 3765 nt

2389 3721 2473 3766 itm
2508 3711 2839 3782 n’iarginales
2879 3723 3049 3763 erasae
3096 3723 3217 3763 esse
3254 3709 3528 3771 videntur,
3557 3722 3643 3762 ex.
3687 3726 3768 3779 gr.
3804 3706 4002 3779 [XXII]

775 3802 845 3854 de
876 3799 1106 3869 Origene
1140 3800 1261 3861 94b,
1287 3798 1409 3863 995,
1448 3798 1607 3860 109';
1636 3798 1752 3850 alia:
1784 3812 1907 3851 cum
1936 3798 2177 3867 margine
2210 3802 2382 3865 perier

2390 3808 2487 3852 unt
2522 3798 2633 3868 (96,
2673 3798 2795 3862 101,
2846 3797 2967 3861 107,
3002 3796 3125 3859 108,
3164 3795 3285 3859 110,
3330 3795 3429 3850 125
3459 3826 3524 3835 -
3555 3796 3678 3856 125,
3715 3797 3840 3862 151,
3877 3796 4002 3861 152,

778 3885 1206 3950 138,171,180,
1236 3885 1357 3939 182.
1389 3886 1525 3938 Cum
1576 3886 1718 3939 uotis
1750 3885 1946 3937 ibidem
2000 3886 2188 3939 deleta:
2237 3896 2363 3939 SUllI.
2411 3885 2571 3940 etiam
2620 3885 2867 3947 νυὸν-ἕατ’,
2896 3900 3015 3953 qua
3054 3895 3165 3938 tum
3201 3885 3459 3948 minores,
3503 3892 3617 3937 tum
3653 3883 3839 3953 plures
3873 3890 4001 3937 sunt

780 3986 1013 4025 numero
1052 3985 1213 4038 quam
1245 3971 1300 4024 in
1332 3970 1493 4025 codd.
1529 3970 1701 4023 Paris.
1732 3969 1869 4022 1706
1896 3980 1948 4023 et
1973 3970 2303 4024 Monacensi.
2339 3969 2587 4038 Scriptus
2619 3982 2701 4023 est
2731 3971 2819 4024 hic
2850 3971 3018 4023 codex
3065 3972 3115 4022 1°
3140 3979 3443 4023 atramento
3472 3967 3817 4033 ﬂavescentc,
3854 3970 3999 4039 quod

778 4057 981 4125 sapius
1019 4059 1257 4117 evanuit,
1290 4058 1561 4126 praecipue
1594 4058 1646 4110 in
1692 4058 1837 4111 notis
1902 4057 2293 4127 marginalibus
2350 4067 2403 4109 et
2459 4059 2513 4111 in
2559 4059 2756 4113 litteris
2794 4059 3092 4111 initialibus
3131 4074 3249 4125 qua:
3282 4058 3334 4111 in
3359 4059 3654 4126 marginem
3689 4058 4002 4112 interiorem

779 4145 918 4198 inter
948 4147 1084 4199 duas
1122 4146 1295 4199 lineas
1327 4146 1469 4213 stylo
1502 4156 1750 4197 exaratas
1792 4146 2029 4212 positum
2064 4146 2337 4211 producta:
2366 4155 2527 4211 sunt;
2557 4148 2645 4200 illa
2679 4146 2995 4215 marginalia
3045 4160 3169 4199 vero
3203 4147 3343 4199 inter
3378 4146 3671 4200 secundam
3696 4156 3755 4202 et
3786 4148 4005 4201 tertiam

777 4231 865 4284 vel
904 4242 1202 4285 extremam
1250 4238 1376 4283 sunt
1412 4238 1616 4291 notata,
1655 4230 1925 4281 interdum
1985 4246 2113 4285 vero
2149 4232 2230 4285 vel
2271 4233 2408 4285 intra
2458 4232 2651 4285 lineam
2702 4232 3039 4301 superiorem
3094 4234 3510 4286 trausversalem
3545 4234 3627 4286 vel
3662 4249 3827 4302 supra
3862 4234 4007 4288 duas

779 4319 955 4372 lineas
995 4317 1283 4369 inferiores
1314 4323 1443 4368 sunt
1475 4325 1721 4367 exarata.
1759 4316 2006 4384 Nigriore
2040 4328 2345 4373 atramento
2373 4327 2427 4371 et
2451 4334 2478 4370 a
2511 4319 2748 4373 secunda
2787 4334 2972 4379 manu,
3006 4318 3234 4369 multum
3273 4320 3596 4381 recentiore,
3632 4323 3851 4387 scriptae
3878 4332 4007 4376 sunt

781 4403 1186 4456 cmendationes
1217 4403 1489 4455 nonnulla:
1517 4403 1599 4454 vel
1629 4404 2024 4467 annotationes,
2066 4406 2180 4458 suis
2208 4406 2337 4457 locis
2373 4421 2402 4458 a
2431 4406 2587 4459 nobis
2612 4406 2790 4459 relatae
2823 4420 2909 4457 ex.
2954 4419 3003 4459 c.
3046 4404 3111 4474 ἢν
3172 4414 3295 4457 ante
3336 4405 3554 4473 ἡμέραν
3583 4421 3634 4471 p.
3666 4407 3792 4471 279;
3825 4406 3885 4458 2ο
3921 4410 4009 4460 lit-

780 4490 916 4544 teris
970 4487 1322 4546 minusculis;
1352 4488 1409 4540 3‘
1452 4487 1730 4553 spiritibus
1782 4489 2052 4550 rotundis,
2090 4493 2444 4559 apostrophes
2504 4492 2672 4561 signis
2722 4492 2919 4555 nullis;
2955 4492 3055 4544 4οι
3092 4506 3189 4545 nec
3248 4492 3555 4557 subscripto
3601 4507 3700 4546 nec
3729 4494 4003 4561 ascripto;

782 4580 846 4631 5°
880 4577 1097 4646 punctis
1126 4583 1180 4627 et
1200 4574 1421 4643 virgulis
1470 4575 1762 4635 distinctis,
1794 4578 1882 4629 sed
1923 4580 1975 4629 (3°
2010 4579 2171 4630 nullis
2202 4580 2638 4649 interrogationis
2666 4580 2875 4647 signis;
2910 4579 3011 4631 loci
3049 4578 3281 4631 aliorum
3317 4578 3642 4645 scriptorum
3676 4578 3729 4632 iu
3759 4566 4009 4648 mhgine

784 4669 887 4718 hoc
924 4664 1082 4731 signo
1114 4660 1531 4729 >indicantnr;
1575 4661 1627 4710 7⁸
1680 4672 1875 4728 puncta
1925 4678 2084 4731 super
2146 4683 2161 4715 ι
2215 4675 2267 4718 et
2304 4683 2333 4716 υ
2381 4681 2499 4718 rara
2545 4681 2633 4719 ex.
2668 4681 2752 4732 gr.
2799 4665 3109 4731 ἐκλῖπαρὼν
3158 4680 3209 4733 p.
3267 4664 3399 4729 282;
3436 4665 3490 4717 8'
3535 4667 3855 4733 compendia
3891 4667 4012 4735 plu-

781 4752 941 4815 rima,
967 4749 1023 4802 in
1056 4763 1161 4801 una
1189 4747 1377 4816 pagina
1402 4745 1530 4798 208'
1562 4746 1669 4801 fere
1703 4746 1763 4810 L,
1802 4764 1899 4801 nec
1930 4750 2045 4802 sine
2069 4752 2310 4817 periculo
2335 4752 2535 4805 erroris
2580 4750 2937 4812 resolvenda;
2968 4752 3024 4805 9°
3050 4769 3077 4801 ν
3101 4750 3504 4818 ephelcysticon
3549 4762 3675 4805 ante
3732 4768 4006 4808 consonas

778 4852 998 4908 apioque
1024 4835 1260 4901 ponitur.
1298 4833 1383 4885 10°
1408 4832 1641 4885 Itacisnii
1672 4849 1883 4888 errores
1914 4835 2338 4903 frequentissimi
2380 4854 2391 4889 ε

2393 4854 2468 4891 3x.
2504 4853 2584 4905 gr.
2620 4853 2671 4904 ι).
2690 4836 2853 4897 278,7
2886 4838 3269 4905 ἀντιχρήστου,
3289 4840 3497 4901 οὐάλις,
3519 4840 3662 4894 sicut
3692 4851 3745 4895 et
3770 4843 3860 4897 11°
3889 4844 4006 4895 alia

780 4928 1082 4993 splialmata
1112 4939 1126 4985 ;
1166 4921 1237 4975 cf.
1272 4936 1324 4989 p.
1355 4920 1547 4983 277,2,
1579 4914 1829 4971 ἔτεὶείτω
1859 4921 2157 4989 προσευχ”,
2192 4922 2222 4973 5
2250 4925 2393 4973 ὲκτεη

2393 4924 2496 4990 κῆς,
2532 4925 2598 4977 14
2626 4927 2737 4986 τοῖς
2778 4953 2843 4962 -
2875 4924 3235 4988 Ναυατινούς,
3269 4926 3459 4988 286,11
3498 4929 3945 4991 καταπατοῦντας
3978 4945 4006 4981 a

781 5015 951 5081 prima
988 5026 1149 5063 manu
1186 5017 1513 5069 correctum,
1552 5008 1917 5073 superscripto
1944 5026 1985 5070 ε,
2026 5008 2223 5069 301,11
2253 5010 2278 5059 ὁ
2321 5010 2394 5060 θεῖ

2392 5013 2439 5061 ia
2469 5011 2615 5079 δίκη.
2645 5012 2847 5070 505,15
2877 5012 2982 5064 τίνι
3013 5042 3081 5052 --
3111 5014 3416 5082 μεταϐολήν
3456 5016 3544 5067 12°
3568 5015 3729 5068 Multa
3761 5016 3814 5068 in
3857 5030 4005 5067 mar—

780 5103 901 5164 giue
931 5102 1277 5155 inveniuntur
1306 5113 1334 5149 a
1356 5097 1525 5164 prium
1564 5111 1724 5148 manu
1769 5104 1951 5148 notata
1977 5110 2061 5147 ex.
2110 5112 2189 5164 gr.
2222 5096 2291 5165 Σή
2316 5115 2387 5144 =
2407 5098 2717 5166 Σημεξωςαι
2748 5100 2813 5151 ad
2849 5114 2898 5164 p.
2941 5098 3155 5156 277,21.
3175 5108 3227 5151 et
3246 5100 3409 5159 277,2
3439 5142 3459 5164 ,
3485 5111 3539 5155 et
3569 5100 3869 5165 saepissime
3906 5101 4008 5170 δρα

780 5188 967 5250 281,1,
1006 5200 1108 5242 etc.
1138 5189 1239 5256 ὅρα
1273 5184 1333 5237 τὺ
1366 5182 1599 5235 ἐλεεινὸν
1630 5184 1689 5235 τὸ
1727 5184 1866 5250 μέγα
1899 5183 2055 5236 τοῦτο
2081 5183 2269 5245 288,6,
2292 5185 2392 5253 ὅρα

2420 5185 2510 5236 καὶ
2540 5184 2812 5249 φυλάττου
2844 5184 2953 5234 ἀπὸ
2986 5184 3091 5235 τῶν
3123 5187 3379 5240 τοιούτων
3400 5185 3621 5250 331,25,
3646 5187 3746 5255 ὅρα
3774 5187 4008 5259 φοὸερδν

783 5272 1001 5335 52.ς,16,
1028 5275 1246 5331 nomina
1281 5272 1671 5340 prophetarum
1705 5272 1755 5323 in
1794 5279 1941 5323 textu
1978 5270 2319 5324 laudatorum
2355 5273 2396 5325 2'

2205 5288 2319 5324 rum
2355 5273 2480 5336 295,
2516 5275 2582 5325 ὲκ
2621 5272 2714 5325 σοῦ
2756 5288 2852 5341 pro
2882 5271 2939 5335 ἐξ
2968 5267 3027 5325 οὗ
3056 5272 3179 5337 501,
3213 5275 3303 5329 26.
3816 5264 3818 5267 ’

2169 5384 2438 5438 ΞΑΞΕΗΛ
2471 5385 2607 5438 XIII.

854 5498 905 5548 7.
942 5496 1072 5548 Cod.
1112 5494 1421 5550 Parisieusis
1462 5499 1593 5552 1701
1627 5518 1643 5548 ι
1687 5502 2152 5565 incmhrauaceus,
2187 5516 2293 5569 quo
2330 5501 2637 5553 rontinetur
2674 5497 2880 5567 Georgii
2915 5502 3156 5551 monachi
3192 5500 3486 5554 chronicon
3515 5500 3582 5554 ab
3617 5501 3747 5557 orbe
3775 5504 4005 5557 condito

784 5582 847 5633 ad
881 5591 1119 5649 tempora
1166 5596 1329 5649 usque
1372 5582 1621 5633 Maxentii
1649 5585 1776 5649 imp.
1824 5587 1898 5637 Ad
1955 5587 2155 5639 calcem
2190 5588 2429 5641 occurrit
2486 5584 2778 5656 Nicephori
2835 5588 3142 5657 phiIOSOphi
3182 5594 3361 5656 caput,
3397 5587 3485 5641 ubi
3522 5587 3587 5641 de
3630 5588 3752 5643 ﬁliis
3782 5588 3895 5648 Dei,
3933 5588 4000 5639 de

786 5670 1089 5739 gigantibus
1158 5670 1221 5723 dc
1263 5667 1485 5721 diluvio.
1536 5668 1580 5718 Is
1634 5671 1798 5721 codex
1829 5668 1945 5722 XIII
1984 5672 2041 5723 S"
2101 5682 2353 5728 exoratus
2384 5676 2610 5729 videtur.
2654 5693 2668 5725 ι
2712 5674 3021 5743 (Catalogus
3054 5674 3208 5729 (odi.
3253 5691 3357 5728 ms.
3394 5675 3521 5729 bibl.
3562 5675 3692 5743 Reg.
3732 5674 3791 5727 II.
3825 5675 4002 5729 Paris.
