4208 6312
273 104 348 173 29
1603 109 2186 173 PROLEGOMENA.
3424 114 3492 176 30

275 209 385 264 ἀπὸ
408 212 504 271 τοῦ
531 216 897 289 πατριάρχου.
945 219 1003 273 '0
1026 217 1071 272 δ’
1105 220 1268 284 adt);
1300 221 1645 297 πατριάρχης
1678 222 1903 290 ιποεησε
1929 222 2293 290 μοναστήριον
2324 221 2553 289 πλησίον
2585 221 2678 275 τοῦ
2708 221 2865 285 ἁγίου
2893 220 3117 274 Μωκῖου
3147 219 3370 274 επισοεν
3399 226 3490 272 καὶ

275 297 534 377 imm
556 304 688 358 αὐτὸ
707 305 801 358 τοῦ
835 306 1092 371 Καυλιως
1123 308 1241 377 ἢτοι
1271 306 1567 372 Καύλαιος,
1598 305 1991 375 διαταξάμενος
2031 306 2255 359 κάκεῖσε
2282 307 2544 377 ταφῆναι.

1465 513 1470 518 ‘
1522 433 1736 507 [XXVI]
1788 433 2057 490 suum
2098 433 2235 491 xw.

237 607 247 616 .
350 566 436 623 I5.
472 565 606 622 Cod.
635 566 958 624 Parisieusis
988 569 1123 624 I707
1160 590 1179 622 ι
1212 570 1397 627 Codex
1433 573 1757 627 chartacens
1791 570 2299 637 Fonteblandcnsis,
2340 588 2447 642 quo
2500 574 2889 628 continentur:
2923 575 2974 626 l“
3003 573 3218 640 Georgii
3261 571 3489 625 Ilamar-

275 653 376 708 toli
425 652 677 708 monachi
706 655 1003 710 chronicon
1049 665 1268 711 auctum
1326 667 1383 713 et
1426 657 1835 723 intérpolatum.
1868 656 1944 711 Ibi
1990 672 2115 726 pars
2168 664 2379 710 tantum
2431 659 2602 726 prima
2633 658 2938 719 exhibetur,
2970 672 2998 709 a
3036 656 3240 709 mundo
3296 668 3491 720 nempe

269 737 494 793 condito
520 736 587 793 ad
618 739 978 810 principatum
1009 756 1181 810 usque
1215 740 1232 794 I
1271 741 1523 797 Cesaris.
1552 742 1804 811 Capitum
1841 758 2053 798 summa
2084 742 2353 802 CCXCIII.
2377 743 2520 797 unde
2550 742 2862 798 deducenda
2897 750 3024 797 sunt
3055 741 3233 806 capita
3269 736 3486 793 XXVIII

275 824 564 896 Symeonls
602 824 779 892 Sethi,
808 840 838 879 a
863 842 914 881 c.
946 843 1141 897 nempe
1161 826 1284 882 XXI
1313 830 1379 883 ad
1406 843 1458 883 c.
1490 827 1681 894 XLIX,
1721 830 1847 884 item
1883 830 2057 897 capita
2081 828 2304 884 XXXIX
2338 845 2367 884 a
2397 844 2448 884 c.
2479 828 2686 884 CCLIV
2716 830 2780 883 ad
2811 842 2862 883 c.
2904 826 3177 889 CCXCIII,
3213 840 3337 894 qua:
3378 840 3486 879 non

273 920 405 966 sunt
431 911 667 983 Georgii,
693 912 787 967 sed
811 913 1048 968 auctoris
1072 913 1298 981 incerti;
1332 930 1507 986 neque
1537 916 1721 970 ultima
1751 932 1845 971 sex
1865 916 1932 971 ad
1961 920 2270 971 institutum
2296 920 2586 987 pertinent.
2612 917 2771 971 Initio
2795 915 3035 970 occurrit
3066 916 3222 967 iudex
3250 917 3485 981 capitum

274 1013 384 1053 non
413 999 601 1067 primae
626 998 828 1064 solum,
861 999 954 1056 sed
984 1009 1037 1056 et
1079 1003 1333 1057 secunda:
1381 1003 1576 1073 partis.
1613 1002 1846 1057 Iudicem
1901 1004 2148 1073 sequitur
2206 1005 2383 1059 brevis
2424 1004 2667 1075 epilogus
2702 1019 2732 1060 e
2770 1002 3085 1073 praefatione
3112 990 3485 1066 Theophanis,

271 1084 367 1154 qui
403 1085 892 1153 chronographiam
918 1102 1072 1142 suam
1098 1086 1223 1144 inde
1250 1104 1409 1145 orsus
1437 1098 1522 1144 est
1553 1089 1641 1143 ubi
1671 1087 1833 1144 desiit
1855 1090 2155 1161 Syncellus.
2185 1089 2265 1145 Ad
2291 1091 2491 1144 calcem
2534 1106 2660 1144 vero
2694 1080 3044 1144 accesserunt
3068 1097 3316 1154 excerpta
3348 1086 3447 1139 tria
3472 1103 3486 1146 ;

274 1171 509 1239 primum
549 1173 613 1228 de
642 1172 875 1230 Caesaris
910 1176 1152 1244 nomine,
1185 1179 1481 1233 secundum
1509 1178 1576 1234 de
1605 1175 1877 1232 Ptolemaei
1912 1173 2247 1240 Philadelphi
2278 1173 2577 1241 quaestione
2606 1173 2671 1226 ad
2705 1170 2762 1226 S.
2787 1170 3121 1240 Scripturam
3165 1171 3488 1239 pertinente,
3533 1214 3542 1223 .

275 1259 495 1309 tertium
523 1257 591 1311 de
612 1273 754 1326 equo
781 1257 1014 1315 Caesaris
1038 1262 1320 1317 dictatoris
1348 1264 1532 1318 lissam
1565 1263 1821 1331 ungulam
1856 1260 2102 1314 habente.
2126 1258 2182 1311 2°
2201 1257 2491 1328 Nicephori
2513 1258 2791 1313 Chouiatm
2812 1258 3060 1317 annales.
3085 1271 3247 1310 manu
3274 1255 3488 1309 diversa

271 1354 449 1409 eaque
486 1340 665 1395 minus
703 1342 973 1411 elegante.
999 1346 1050 1399 Is
1080 1347 1252 1399 codex
1278 1345 1338 1398 S°
1365 1346 1484 1399 XVI
1505 1356 1761 1411 exaratus
1790 1346 2021 1399 videtur.
2054 1362 2073 1394 ι
2103 1343 2323 1400 Titulus
2369 1345 2511 1399 idem
2577 1345 2669 1414 qui
2705 1345 2758 1399 in
2793 1353 2851 1398 n°
2873 1343 3029 1409 1701,
3056 1344 3294 1413 capitum
3331 1341 3490 1396 index

272 1427 524 1482 diversus
555 1443 586 1481 a
626 1426 721 1480 N°.
759 1428 897 1483 I705
926 1438 979 1484 et
1012 1429 1150 1484 I706
1187 1441 1241 1485 et
1268 1430 1411 1485 Mon.

350 1513 439 1569 ιϐ.
468 1512 599 1569 Cod.
630 1512 947 1569 Parisiensis
979 1515 1116 1569 I708
1152 1534 1173 1567 ‹
1203 1517 1372 1571 codex
1413 1517 1757 1581 chartaceus,
1789 1516 2272 1570 Fontehlandensis
2292 1518 2608 1573 —secunda
2643 1532 2769 1587 pars
2796 1533 2823 1570 a
2858 1518 3115 1574 ICaasare
3137 1518 3205 1571 ad
3241 1517 3486 1572 Alexinm

274 1615 453 1670 usque
487 1599 848 1657 Comnenum.
895 1620 915 1655 ι
953 1632 1020 1645 -
1050 1600 1307 1657 Ultimum
1339 1613 1500 1673 caput
1535 1604 1710 1673 βασιλ.
1735 1602 1827 1657 τοῦ
1854 1605 1935 1656 Ko

755 1617 848 1657 Im.
895 1620 915 1655 ι
953 1632 1020 1645 -
1050 1600 1307 1657 Ultimum
1339 1613 1500 1673 caput
1535 1604 1710 1673 βασιλ.
1735 1602 1827 1657 τοῦ
1854 1605 2098 1672 Κομνην.
2155 1602 2417 1665 Ἀλεξίου.

349 1688 437 1742 17.
470 1688 541 1743 Μ.
568 1688 623 1743 2.
654 1690 816 1744 codex
844 1688 1173 1745 Monacensis
1202 1691 1475 1746 secundus
1501 1690 1576 1745 N°
1603 1692 1722 1758 159,
1757 1691 1950 1745 Boicus
1984 1689 2064 1742 vel
2096 1688 2385 1742 Bavaricus
2421 1707 2438 1739 ι
2476 1704 2647 1755 usque
2687 1689 2753 1743 ad
2806 1687 3066 1743 Basilium
3116 1686 3488 1758 [Michacle_m}

273 1775 661 1845 imperatorem
714 1775 1086 1852 nautartolum
1143 1777 1379 1845 prafert,
1414 1789 1602 1848 postea
1656 1770 2006 1847 Logothetam
2046 1797 2065 1830 ι
2104 1776 2393 1847 (Raderus)
2445 1796 2464 1830 ι
2502 1793 2676 1846 usque
2724 1778 2790 1831 ad
2852 1778 3154 1831 Romanum
3203 1774 3223 1830 I
3273 1774 3485 1843 (Ilardt,

272 1861 534 1932 Beitrcgs
564 1863 714 1929 l807,
747 1862 836 1929 Vl,
867 1863 995 1930 295)
1025 1882 1043 1915 ι
1088 1879 1259 1934 usque
1281 1866 1351 1920 ad
1381 1866 1664 1935 imperium
1686 1864 2049 1929 Constantini,
2081 1864 2279 1919 Leonis
2310 1865 2404 1918 [Ilii
2435 1883 2453 1916 ι
2493 1864 2767 1932 (Bandini,
2794 1875 2899 1920 cat.
2933 1866 3092 1928 mss.)
3124 1882 3141 1913 ι
3180 1861 3359 1917 eadem
3384 1877 3489 1930 qua

273 1948 619 2018 Augustinus
640 1966 823 2011 manu,
848 1953 1040 2005 charta
1082 1953 1237 2005 llrma
1267 1959 1322 2005 et
1349 1952 1618 2022 ltevigata,
1652 1953 1905 2007 titulisct
1945 1953 2242 2008 initialibus
2269 1953 2435 2007 minio
2465 1953 2757 2015 distinctis,
2798 1953 2993 2007 litteris
3023 1952 3245 2005 minutis
3283 1958 3338 2004 et
3364 1965 3488 2003 cum

270 2035 1136 2103 correctionibus-marginalihus,
1173 2037 1229 2088 in
1256 2036 1317 2099 1ο,
1344 2037 1592 2093 foliorum
1629 2039 1752 2103 Mi,
1779 2038 2007 2106 scriptus
2040 2038 2298 2110 Epidauri
2319 2057 2351 2093 α
2381 2039 2607 2095 Nicolao
2639 2040 2896 2095 Choniate
2925 2038 2988 2111 [1⁵.
3010 2038 3147 2093 2356b
3169 2053 3183 2090 :
3204 2036 3494 2105 Τετερμά-

268 2136 446 2174 τωται
472 2118 540 2189 ἢν
577 2121 729 2189 ὁρᾷς,
756 2118 899 2187 φίλε,
925 2119 1108 2183 δέλτος
1145 2120 1203 2172 ἐν
1250 2123 1316 2191 τῇ
1343 2116 1594 2191 δυστυχεῖ
1637 2126 1789 2177 πόλει
1844 2126 1945 2194 τῆς
1988 2114 2334 2196 Ἐπιδαύρου,
2362 2127 2508 2195 πόνῳ
2554 2126 2610 2178 δὲ
2636 2126 2903 2179 Νικολάου
2933 2142 2993 2177 τε
3019 2124 3113 2177 τοῦ
3146 2119 3487 2193 Χωνιάτου];

268 2205 484 2261 lacunis
514 2206 760 2269 mutilus,
800 2207 860 2260 S.
901 2204 1045 2269 XVI,
1081 2208 1283 2277 uptime
1316 2218 1668 2263 conservatus
1700 2209 1913 2280 (Hardt)

1823 2211 1913 2280 'dt)
1949 2221 2003 2265 et
2056 2213 2349 2284 inscriptus
2384 2214 2658 2284 Γεωργιου
2712 2211 3043 2284 ἁμαρτωλοῦ
3095 2212 3204 2265 ἀπὸ
3232 2212 3485 2273 κτίσεως.

267 2306 306 2342 α.
328 2289 684 2363 [εμοναχοῦ]
712 2291 1122 2357 καὶσυγκὲλλου
1152 2292 1619 2362 χρηματισθέντος
1652 2294 1744 2346 ἐπὶ
1776 2295 2075 2365 Ταρασίου,
2114 2302 2277 2369 μέχρι
2298 2302 2397 2369 τῆς
2424 2300 2704 2367 βασιλεεας
2729 2298 3145 2353 Κωνσταντίνου
3175 2298 3295 2351 υἱοῦ
3325 2297 3492 2349 Λέον-

266 2394 364 2439 τος
388 2374 427 2430 1.
456 2377 798 2446 1ιΓεωργίου
827 2376 1119 2444 συγκέλλου
1152 2378 1425 2447 Ταρασίου
1447 2378 1541 2432 τοῦ
1564 2380 1868 2446 ἁγιωτάτου
1895 2386 2234 2453 πατριάρχου
2261 2402 2350 2454 χρ.
2387 2402 2530 2437 συντ.
2561 2386 2621 2436 ὲκ
2648 2386 2694 2439 δ.
2716 2402 2801 2454 χρ.
2819 2387 2911 2437 καὶ
2930 2385 3007 2448 ἐξ.
3028 2383 3176 2437 συλλ.
3211 2384 3304 2437 καὶ
3342 2399 3490 2437 συντ.

270 2464 384 2519 ὑπὸ
421 2463 697 2532 Γεωργίου
722 2464 1069 2533 ἀμαρτωλοῦ.
1096 2464 1281 2527 Πίναξ.
1301 2466 1465 2534 ἀρχὴ.
1485 2475 1611 2529 etc.,
1640 2466 1817 2519 tabula
1849 2481 1932 2534 qu:

1849 2481 2011 2534 quam
2041 2483 2168 2521 cura
2200 2470 2500 2522 doctissimi
2524 2468 2713 2521 Tafelii
2746 2478 2989 2520 nostrum
3016 2470 3070 2520 in
3102 2483 3259 2520 usum
3285 2467 3490 2519 descri-

265 2561 419 2620 ptam
447 2550 513 2604 ad
550 2550 942 2620 calcembujus
972 2551 1305 2620 praefationis
1350 2552 1689 2606 exhibemus.
1733 2551 1846 2606 Hoc
1876 2568 1907 2608 e
1940 2556 2124 2610 codice
2153 2556 2289 2610 1607
2337 2540 2594 2625 Augustae
2639 2556 2691 2609 iu
2740 2556 2794 2609 8°
2833 2555 3073 2607 ediderat
3118 2555 3213 2611 Mt.
3244 2554 3489 2610 Raderus

267 2637 564 2708 Synlagtna
588 2637 655 2691 de
684 2644 827 2690 statu
885 2640 1227 2692 morientium
1264 2639 1379 2710 [pp.
1412 2637 1674 2711 578-587]
1711 2655 1776 2694 ex
1824 2656 1960 2706 mss,
2006 2642 2163 2695 codd.
2217 2641 2567 2697 Maximiliani
2632 2651 2686 2696 et
2730 2643 2965 2710 August.
3013 2640 3419 2709 depromptum,
3460 2656 3479 2691 ι

268 2732 460 2791 postea
487 2721 623 2777 1614
656 2722 922 2776 Monachii
952 2724 1007 2778 8°
1050 2726 1282 2793 repetiit.
1313 2741 1521 2781 necnon
1551 2727 1694 2796 quod
1750 2727 1940 2796 legitur
1972 2728 2025 2782 in
2060 2730 2514 2783 Aunotatiouibus
2561 2729 2628 2782 ad
2688 2727 3009 2781 Viridarium
3066 2726 3167 2782 SS.
3208 2742 3238 2780 e
3272 2725 3486 2781 Menaeis

268 2743 460 2791 pOSICI
487 2743 623 2777 ιυη
656 2743 922 2776 ωυηῧοιιιι
952 2743 1007 2778 δ’
1050 2743 1282 2793 τερειιιι.
1313 2743 1521 2781 necnon
1590 2743 1694 2780 “00
1750 2743 1940 2796 Ieglllﬂ'
1973 2744 2025 2782 In
2060 2743 2514 2783 Αιιηοιειιοηιυυς
2561 2743 2628 2782 au
2693 2743 3009 2781 γινιαανιιιηι
3066 2743 3167 2782 ὗδ.
3208 2743 3238 2780 e
3272 2743 3483 2781 eleuatis

265 2811 582 2864 Graecorum
612 2807 973 2879 fragmentum
1006 2809 1256 2865 Latinum
1304 2814 1370 2868 de
1395 2743 1655 2952 mit-fido
1689 2814 1831 2870 facto
1862 2816 1915 2869 in
1948 2816 2082 2872 urbe
2123 2816 2447 2886 Carthagine
2496 2817 2597 2870 sub
2638 2816 2866 2879 imperio
2900 2812 3132 2869 IIeraclii
3165 2810 3483 2884 [575-5783.

265 2893 558 2950 Lectiones
590 2898 863 2949 variantes
904 2896 1137 2950 vitarem
1194 2898 1496 2952 Constantii
1576 2900 1669 2952 Μ..
1697 2901 2002 2952 Constantii
2033 2912 2085 2952 et
2117 2900 2317 2952 Juliani
2380 2903 2454 2952 (υ.
2506 2901 2927 2952 589.1-451.1ϐ)
2973 2916 3003 2952 a
3033 2900 3354 2952 doctissimo
3388 2898 3483 2952 Μι-

265 2893 558 2950 Lectiones
590 2898 863 2949 variantes
904 2896 1137 2950 vitarem
1194 2893 1544 2953 Constantini
1576 2900 1669 2961 Μ..
1697 2901 2002 2955 Constantii
2033 2912 2085 2955 et
2117 2900 2317 2957 Juliaui
2380 2903 2454 2973 (p.
2506 2901 2927 2970 589.l-45l,16)
2973 2916 3003 2955 a
3033 2900 3354 2955 doctissimo
3388 2898 3486 2952 Μι-

264 2982 561 3037 klositchio
585 2981 651 3036 ad
686 2992 889 3035 textum
928 2982 1396 3038 Vindobonensem
1431 2973 1741 3055 esscriptas
1770 2988 2095 3041 humanitati
2141 2988 2387 3051 eiusdem
2430 2990 2529 3043 viri
2572 2988 2852 3042 debemus.
2892 2986 3001 3039 Nos
3042 3002 3160 3039 vero
3205 2984 3481 3054 prologum

265 3069 588 3121 contulimus
611 3078 661 3119 et
690 3071 863 3133 prima
890 3076 1058 3119 textus
1085 3072 1334 3121 vocabula
1369 3087 1541 3141 usque.
1574 3074 1640 3126 ad
1672 3072 1801 3135 5,25
1829 3084 1881 3127 et
1916 3074 2072 3128 linem
2102 3074 2300 3137 8I5,I9
2330 3076 2571 3144 ἀπςτέθη
2600 3076 2756 3144 μονῇ.
2786 3074 2858 3127 De
2884 3074 3085 3142 quibus
3115 3070 3481 3141 Appendicent

264 3153 496 3209 consule
526 3153 794 3207 variantes
825 3153 1164 3206 exhibentem
1202 3156 1694 3227 ejusdemroperis,
1738 3173 1846 3213 non
1906 3175 2035 3215 vero
2079 3160 2419 3216 diversarum
2477 3160 3039 3231 chronographiarutn
3073 3159 3354 3214 lectiones.
3396 3155 3480 3210 Cf.

261 3241 430 3296 etiam
464 3240 588 3303 5M,
629 3241 698 3296 18
727 3242 813 3310 ἐφ’
837 3235 902 3307 ᾧ,
923 3241 994 3294 ‘20
1020 3241 1235 3312 εἰρηκε.
1261 3236 1351 3298 21
1384 3248 1583 3317 ὲρῤυπ.
1617 3246 1863 3303 Baderus
1906 3264 1923 3303 t

1824 3263 1863 3300 IS
1906 3249 2126 3317 quidem
2169 3249 2257 3320 (ad
2288 3249 2487 3305 Nicetes
2540 3250 2717 3303 Vitam
2753 3249 2965 3318 lgnatii,
2997 3245 3310 3315 Ingolstadii
3350 3242 3486 3298 I6”

261 3329 491 3396 editam)
528 3330 773 3397 perhibet
811 3329 1188 3403 Hamartolum
1221 3334 1494 3388 diversum
1522 3349 1643 3389 esse
1690 3349 1720 3388 a
1763 3331 1996 3401 Georgio
2036 3332 2279 3403 Syncello
2310 3334 2583 3401 (codicum
2618 3334 2877 3389 Palatium
2908 3333 3161 3387 Boiorum
3195 3342 3248 3385 et
3300 3332 3487 3399 Augu-

261 3426 439 3472 sta-na
464 3417 856 3487 bibliothecae);
889 3421 985 3474 sed
1026 3420 1165 3476 falso
1193 3422 1245 3474 hi
1270 3420 1489 3474 codices
1523 3435 1644 3473 eum
1685 3418 1994 3489 Syncellum
2035 3420 2340 3481 nominant,
2369 3434 2492 3471 eum
2544 3421 2688 3473 hunc
2738 3421 2913 3473 solum
2948 3420 3197 3473 noverint
3242 3416 3480 3472 chrono-

263 3503 556 3574 graphium.
582 3503 846 3557 Praterea
874 3508 998 3571 jure
1024 3507 1249 3560 adnotat
1276 3504 1529 3565 Allatius,
1564 3522 1582 3552 c
1618 3502 1919 3555 Discrimen
1953 3511 2131 3553 tamen
2162 3502 2302 3552 inter
2324 3516 2417 3553 eos
2459 3503 2664 3554 nullum
2700 3502 2940 3554 adducit.
2976 3522 2995 3552 ι
3372 3560 3377 3564 ,

336 3589 428 3642 18.
455 3587 591 3642 Cod.
622 3588 1085 3642 BaroccianusN"
1122 3590 1243 3648 194.
1270 3590 1614 3657 cltartaceus,
1645 3584 1900 3637 foliorum
1928 3585 1997 3637 55
2024 3585 2125 3654 (ης
2159 3585 2363 3653 absque
2387 3586 2501 3637 ullo
2528 3586 2608 3637 vel
2647 3587 2865 3639 nomine
2903 3585 3146 3639 auctoris
3189 3586 3271 3638 vel
3298 3586 3482 3652 operis

262 3674 429 3729 titulo
448 3674 528 3729 sic
553 3672 744 3740 incipit
768 3688 784 3725 :
812 3672 1004 3724 Πολλοὶ
1030 3673 1140 3724 τῶν
1173 3671 1278 3733 ἐξω
1306 3669 1587 3737 φιλόσοφοι
1627 3670 1720 3721 καὶ
1754 3667 1924 3735 φιλὸλι

1823 3667 2047 3736 λὸλοτοι,
2076 3688 2127 3722 κ.
2152 3688 2203 3721 τ.
2230 3671 2277 3723 λ.
2312 3667 2550 3740 [XXVII]
2600 3670 2861 3740 Escerpta
2908 3673 3147 3724 continet
3186 3687 3216 3725 e
3247 3670 3343 3724 Ge.
3380 3671 3485 3725 Ila-

259 3760 482 3814 ntartoli
512 3758 789 3819 Chronico,
831 3755 972 3810 edita
1014 3758 1068 3810 in
1104 3750 1345 3811 Cratneri
1389 3766 1428 3807 ι.
1462 3752 1529 3806 IV
1575 3753 1995 3808 Anecdotorutn.
2027 3754 2269 3817 Oxoniaa,
2307 3771 2359 3822 p.
2387 3754 2651 3817 218οξ46,
2681 3756 2777 3810 scl.
2814 3772 2842 3808 a
2878 3756 3001 3808 libri
3046 3756 3207 3823 primi
3235 3757 3410 3823 capite
3442 3754 3483 3807 ll

258 3860 315 3912 ιι.
351 3847 405 3908 7,
447 3845 484 3899 l.
513 3844 604 3907 24,
642 3857 814 3911 usque
844 3843 910 3897 ad
940 3844 1064 3905 libri
1102 3842 1323 3898 seettndi
1356 3851 1519 3911 caput
1544 3838 1683 3902 VIII,
1714 3855 1768 3907 p.
1804 3842 1893 3905 59,

1822 3844 1893 3905 i9,
1923 3842 1958 3896 Ι.
1990 3841 2079 3897 25.
2106 3840 2388 3895 LectiOnes
2415 3840 2631 3910 optimm
2668 3851 2807 3894 nota:
2836 3841 2902 3895 ab
2932 3841 2999 3892 iis
3023 3857 3159 3909 quas
3190 3856 3219 3893 e
3255 3842 3398 3894 Men.
3432 3852 3484 3893 et

254 3929 437 3998 Mosq.
473 3932 629 3985 codd.
666 3931 961 3997 edidimus,
1000 3934 1372 4003 discrepantes
1420 3932 1536 3985 vide
1566 3930 1620 3984 in
1655 3931 1949 4001 appendice
1985 3930 2052 3984 ad
2096 3946 2148 3999 p.
2196 3927 2847 3995 8,2—8,li,50—50,l4;
2882 3926 3239 3991 “ﬁt-45,1;
3288 3926 3481 3988 52,95-

255 4017 353 4085 59,
387 4017 488 4071 et.

332 4104 429 4169 15,
473 4107 519 4157 I.
555 4096 739 4168 Πάλος
792 4107 888 4161 καὶ
952 4108 1187 4178 καθεξῆς
1241 4107 1403 4178 μέχρι
1450 4108 1559 4162 τῶν
1591 4105 1897 4161 κτισάντων
1919 4106 2018 4176 τὴν
2080 4104 2299 4175 Ῥώμην
2340 4104 2433 4157 καὶ
2465 4102 2901 4175 βασιλευσάντων
2943 4102 3000 4155 ὲν
3046 4100 3216 4171 αὐτῇ·
3248 4094 3387 4169 ἦσαν
3423 4098 3479 4150 δὲ

249 4188 403 4248 (οὗτοι
432 4193 489 4243 ὲν
513 4194 626 4254 τοῖς
655 4193 867 4261 χρόνοις
908 4195 1077 4265 Ἀχὰξ
1105 4196 1198 4249 τοῦ
1242 4196 1500 4265 βασιλέως
1538 4195 1827 4248 Ἰουδαίων.
1864 4194 2053 4255 Οὕτως
2080 4195 2173 4246 καὶ
2208 4194 2258 4262 οἱ
2301 4193 2578 4263 ’Δσσύριοι
2605 4190 2865 4262 βασιλεῖς.

327 4280 355 4333 1
371 4281 422 4343 I.
457 4279 534 4335 9?
564 4279 733 4350 Ἀρχὴ
756 4280 864 4333 τῶν
881 4282 1242 4353 Φαραωνίτων
1265 4283 1552 4353 βασιλέων.
1572 4311 1643 4323 -
1669 4282 1761 4345 50,
1801 4280 1865 4335 15
1890 4296 1907 4345 ;
1930 4278 1989 4331 44

1068 4282 1242 4337 ›νίτων
1265 4283 1552 4353 βασιλέων.
1572 4311 1643 4323 -
1669 4282 1761 4345 50,
1801 4280 1865 4335 15
1890 4296 1907 4345 ;
1930 4278 2021 4341 44,
2056 4276 2146 4329 24.
2536 4318 2539 4321 ,

323 4383 418 4438 19.
450 4385 761 4439 Oxoniensis
791 4384 809 4438 I
843 4384 928 4454 (F.
963 4386 1016 4451 6,
1047 4386 1161 4454 26),
1196 4385 1543 4456 Ilumpbredo
1575 4384 1749 4438 Hodio
1776 4383 1826 4439 in
1861 4377 2253 4449 prolegomenis
2288 4376 2351 4430 ad
2386 4376 2631 4431 Malelam
2661 4376 2766 4445 (ed.
2819 4376 2986 4429 Bonn.
3039 4374 3269 4441 LXXIII)
3313 4389 3483 4442 usque

244 4473 318 4525 ad
360 4480 587 4525 mortem
620 4471 896 4528 Michaelis
928 4472 992 4527 III
1032 4474 1247 4528 extendi
1274 4474 1490 4533 dicitur,
1527 4474 1620 4526 sed
1652 4470 1723 4526 cI.
1757 4467 2059 4522 Fabricium
2092 4462 2204 4529 (Vl,
2242 4464 2363 4525 I54,
2394 4465 2520 4530 555)
2547 4483 2560 4517 :
2585 4482 2603 4515 t
2644 4465 2785 4518 Idem
2825 4476 2907 4518 est
2939 4465 3129 4516 horum
3167 4460 3480 4528 (Excerpto-

246 4554 403 4620 ml“)
432 4555 642 4610 initium
704 4574 829 4613 cum
887 4560 1043 4613 initio
1074 4546 1521 4629 cltronographia
1560 4557 1775 4623 Georgii
1816 4551 2112 4607 Ilamarloli
2146 4552 2288 4620 quod
2329 4566 2358 4603 e
2387 4552 2575 4605 codice
2615 4567 2720 4605 ms.
2751 4567 2780 4604 a
2815 4550 2876 4605 L.
2917 4551 3116 4603 Allatio
3150 4551 3199 4601 in
3238 4548 3474 4599 llialriba

239 4640 330 4707 De
367 4637 604 4708 Georgiis
660 4644 947 4698 exhibetur
984 4645 1287 4714 εΧρονικδν
1362 4646 1627 4713 σὺντομον
1668 4643 1670 4645 ’
1701 4644 1764 4695 ἐκ
1814 4644 1901 4696 δια

1817 4644 2085 4711 διαφῗρων
2152 4639 2541 4709 χρονογράφων
2619 4657 2677 4692 τε
2750 4641 2842 4694 καὶ
2901 4638 3178 4707 ἐξηγητῶν
3226 4632 3479 4698 συλλεγὲν

238 4729 352 4782 καὶ
394 4724 650 4776 συντεθὲν
678 4726 781 4777 ὑπο
808 4728 1083 4793 Γεωργίου
1119 4730 1447 4799 ἁμαρτω).οὖ
1485 4728 1741 4798 μονα.χοί
1774 4730 1961 4791 Βίϐλος
2000 4728 2265 4796 γενέσεως
2293 4721 2649 4797 ἀνθρώποινῇ
2676 4730 2861 4796 ἡμέρᾳ
2886 4727 3119 4796 ἔπλασεν
3148 4724 3176 4773 ὁ
3214 4720 3350 4780 Θεὸς
3382 4718 3475 4771 τὸν

255 4814 444 4885 ’Δδάμ
473 4811 595 4866 κατ’
617 4811 804 4864 εἰκόνα
828 4814 920 4865 καὶ
939 4810 1199 4880 ὁμοίωσιυ
1233 4816 1398 4868 αὑτοῦ
1420 4832 1433 4846 ο
1464 4819 1491 4868 ὁ
1518 4818 1573 4867 δὲ
1620 4816 1790 4883 Ἀδὰμ
1824 4815 1917 4883 ὲγὲ

1824 4815 2115 4883 ἐγέννησεν
2169 4812 2318 4874 υἱοὺς
2343 4808 2411 4877 γ’.
2448 4810 2634 4879 Neque
2698 4816 2874 4866 solum
2911 4825 2974 4863 ex
3024 4807 3177 4859 initio
3224 4813 3485 4871 apparet;

237 4915 448 4954 verum
484 4900 647 4954 etiam
677 4913 709 4953 e
750 4898 1095 4967 Przelatione,
1134 4903 1289 4958 initio
1322 4904 1375 4957 in
1401 4905 1588 4960 codice
1620 4921 1720 4959 ms.
1752 4903 1881 4975 [non

1814 4919 1881 4956 on
1930 4914 2058 4954 vero
2105 4885 2438 4950 Barocciano
2472 4894 2545 4947 N°
2590 4897 2711 4959 193,
2756 4899 3064 4953 chartaceo,
3100 4888 3140 4943 I‘.
3172 4895 3254 4956 νγ¹
3286 4888 3474 4941 πολλοὶ

230 4986 360 5038 τῶν
392 4984 500 5047 ἐξω
528 4986 1010 5054 φιλοσόφων-τὰ
1066 4989 1240 5044 πάντα
1285 4990 1472 5062 ἔϐητε]
1532 4993 1676 5046 unde
1719 5005 1815 5044 sua
1881 4991 1892 5036 l

1881 4984 2232 5038 Chilmeadus
2293 4981 2605 5051 descripsit,
2662 4982 2963 5051 praemissa,
3007 4992 3126 5045 quae
3172 4975 3361 5029 eadem
3394 4986 3518 5029 est'

230 5070 504 5134 omnino,
546 5085 708 5139 quam
746 5072 946 5126 ibidem
976 5076 1127 5140 ponit
1159 5078 1390 5131 Allatius
1422 5092 1485 5130 ex
1514 5077 1748 5144 Georgio
1776 5070 2117 5128 Hamartolo.
2148 5096 2217 5107 —
2248 5066 2323 5122 Ex
2354 5070 2541 5123 eodem
2575 5070 2736 5146 etiam
2772 5068 3037 5133 Excerpta
3067 5063 3336 5117 dederunt
3366 5062 3475 5116 Leo

230 5155 491 5211 Allatius
519 5157 571 5209 in
610 5154 749 5210 libro
795 5157 861 5210 de
896 5155 1263 5215 Ecclesiarum
1294 5163 1656 5217 consensione
1688 5159 1742 5231 [ο
1776 5159 1937 5215 codd.
1969 5156 2139 5229 Vat.].
2174 5156 2259 5211 ιο.
2299 5158 2567 5211 Meursius
2622 5157 2673 5209 iu
2706 5157 2973 5223 glossario
3018 5154 3476 5210 Gnaeo—barbaro

227 5254 295 5297 et
328 5241 661 5298 Dufresnius
718 5246 771 5298 in
798 5245 1061 5315 glossario
1093 5249 1279 5303 media:
1308 5260 1362 5303 et
1398 5250 1596 5303 intimae
1626 5246 1951 5309 Graecitatis,
1987 5256 2061 5308 et,
2089 5246 2215 5303 nisi.
2247 5260 2331 5298 me
2369 5245 2504 5297 fallit
2529 5245 2812 5304 memoria.
2850 5244 2905 5298 in
2932 5243 3085 5298 NOtis
3137 5244 3203 5297 ad
3237 5242 3474 5296 Annales

223 5326 326 5385 «ιο.
374 5325 622 5384 Zonaras.
652 5328 723 5383 De
760 5345 846 5391 eu,
878 5332 970 5399 qui
1003 5331 1153 5399 plura
1188 5335 1365 5399 vellet,
1404 5337 1563 5389 adeat
1604 5363 1676 5377 --
1710 5334 2009 5388 Dialribam
2047 5340 2291 5386 nostram
2323 5331 2387 5384 de
2423 5332 2786 5400 scriptoribus
2812 5329 3015 5385 Graecis
3058 5331 3246 5392 variis.
3290 5329 3379 5381 ubi
3405 5356 3471 5365 -—-

230 5414 598 5485 castigantur
631 5416 918 5471 Allatiana.
951 5416 1021 5472 De
1056 5416 1146 5473 illo
1179 5421 1263 5475 hic
1287 5422 1387 5477 loci
1415 5422 1513 5478 huc
1542 5422 1717 5478 solum
1754 5422 2097 5492 subiungam,
2121 5419 2321 5475 vixisse
2372 5434 2494 5473 cum
2528 5418 2717 5474 eodem
2750 5434 2873 5473 cum
2904 5416 3088 5471 lllalcla
3117 5416 3332 5480 saeculo,
3365 5413 3470 5467 i.e.
