4208 6312
785 264 882 328 1⁶ὶ3

1960 274 2277 335 GEOIiGIl
2319 274 2761 335 II.~\.\|AR'[‘0LI

3866 276 3962 343 12$

777 396 899 435 esse
933 380 1189 444 dicimus,
1243 396 1335 433 nec
1368 382 1523 433 talem
1557 382 1777 435 sortitos
1806 398 1927 437 esse
1971 392 2193 448 statum.
2232 384 2322 439 sed
2359 393 2395 442 Α
2428 386 2439 435 l

2303 384 2322 436 l
2359 393 2395 442 Α
2428 383 2543 452 ἔριν
2574 382 2704 453 πρὸς
2736 382 2991 450 ἀλλήλους
3026 384 3116 436 καὶ
3138 384 3320 456 μάχην
3357 383 3713 455 ὲμσάλλοντα.
3738 386 3965 449 Τούτους

779 470 1162 537 depravatione
1195 472 1387 524 mentis
1431 487 1458 523 a
1497 472 1817 527 melioribus
1838 474 1905 527 ad
1952 474 2135 543 pejora
2187 474 2327 528 ceci-

780 561 924 614 disse
949 569 1140 629 sponte
1170 571 1222 616 et
1252 563 1451 627 libere;
1510 574 1565 617 et
1597 564 1683 616 his
1716 579 1822 618 non
1872 566 2112 619 contenti
2166 565 2329 620 bouis

784 666 905 717 quze
935 665 964 703 a
1013 652 1270 707 Creatore
1332 662 1674 719 acceperant,
1723 653 1831 706 imo
1883 656 2093 723 majora
2157 666 2327 723 appe—

782 750 978 801 tentes.
1059 743 1307 808 superbia
1371 742 1715 809 intumuisse,
1774 753 1827 797 et
1889 746 1958 798 ab
2029 743 2329 811 antiquitus

781 827 899 880 data
944 829 1107 895 gloria
1151 829 1463 885 decidisse:
1510 832 1704 885 deinde
1755 832 2015 885 adversus
2059 831 2327 890 homines.

742 921 844 972 ead
902 920 1187 989 imaginem
1237 921 1328 976 Dei
1384 934 1622 986 creatos.
1685 924 1831 976 rabie
1881 933 2030 975 actos
2092 936 2232 984 esse,
2279 931 2331 974 et

778 1020 963 1063 contra
996 1028 1090 1067 eos
1129 1013 1323 1067 bellum
1372 1016 1699 1082 suscepisse.
1758 1012 1927 1066 Porro
1968 1012 2211 1072 Creator.
2261 1025 2326 1065 ex

780 1116 883 1152 una
914 1111 1087 1169 parte.
1129 1102 1396 1154 bonorum
1447 1100 1760 1169 angelorum
1810 1098 2053 1153 custodia
2097 1098 2331 1151 servavit

786 1192 1062 1243 hominum
1095 1205 1287 1259 genus,
1319 1205 1384 1241 ne
1410 1186 1461 1241 vi
1500 1197 1553 1242 et
1583 1188 1861 1258 tyrannica
1899 1196 2161 1257 potestate
2198 1201 2329 1241 usus

782 1290 833 1330 et
858 1280 1080 1345 impune
1140 1277 1424 1339 invadens,
1476 1291 1617 1345 quos
1678 1293 1784 1346 pra:
1854 1278 2054 1331 invidia
2118 1278 2326 1343 oderat.

784 1377 986 1423 temere
1017 1364 1268 1419 diabolus
1299 1367 1578 1433 perderet;
1624 1381 1692 1421 ex
1726 1368 1892 1421 altera
1935 1378 2109 1436 parte.
2159 1376 2329 1421 certa-

786 1456 949 1507 minis
978 1454 1272 1508 discrimen
1299 1471 1404 1509 non
1452 1455 1751 1524 impedivit.
1810 1467 1869 1512 ut
1914 1459 2147 1527 optimos
2187 1458 2327 1513 lucta

785 1543 1118 1607 ostenderet,
1153 1555 1205 1597 et
1230 1546 1564 1602 fortitudinis
1605 1547 1929 1616 exemplaria
1954 1542 2161 1602 tierent.
2208 1546 2326 1614 Qua

670 1657 675 1661 ί
786 1637 852 1689 de
878 1651 1042 1692 causa
1066 1637 1355 1691 violentum
1384 1637 1525 1691 illius
1549 1638 1806 1705 impetum
1848 1648 2103 1705 tanquam
2134 1638 2328 1691 exitia.

2427 474 2587 539 ἡμεῖς
2620 472 2681 524 οῦ
2726 474 2994 542 πονηροπ
3042 473 3103 537 ἐξ
3150 474 3323 545 ἀρχῆς
3365 472 3516 543 παρά
3555 471 3653 527 τοῦ
3690 472 3829 527 θεοῦ
3859 475 3966 527 τῶν

2427 562 2560 615 ὅλων
2593 562 3059 634 δημιουργηθῆναι
3104 565 3305 634 φαμὲν,
3348 564 3470 617 οὐδὲ
3502 563 3713 618 τοιάνδε
3738 562 3852 630 ῑξιν
3884 564 3969 617 λα-

2428 655 2561 721 χεῖν,
2603 653 2738 706 ἀλλά
2784 656 2851 723 τῇ
2904 656 3232 725 παρατροπῇ
3286 654 3384 722 τῆς
3432 652 3659 723 γνώμης
3705 652 3814 705 ἀπὸ
3862 651 3969 703 τῶν

2430 743 2723 809 ἀμεινόνων
2745 746 2824 806 εἰς
2843 745 2913 797 τά
2934 743 3150 814 χείρονα
3175 746 3363 797 πεσεῖν
3376 743 3712 812 αὐθαιριτως
3731 741 3823 795 καὶ
3842 740 3968 793 αὑτ-

2428 832 2699 899 εξουσίως,
2720 837 2812 888 καὶ
2843 839 2957 898 τοῖς
2988 835 3139 905 παρά
3172 834 3266 888 τοῦ
3314 834 3671 905 πεποιηκότος
3698 845 3971 900 παρασχε-

2430 922 2564 974 θείσι
2593 924 2689 976 ούκ
2718 923 3077 993 ἀρκεσθέντες
3101 925 3142 989 ³,
3182 924 3316 979 ἀλλά
3338 922 3603 992 μειζόνως
3631 920 3970 991 ὀρεχθέντες.

2430 1012 2761 1076 εἰσδέξασθαι
2806 1013 2905 1081 μὲν
2940 1014 3034 1065 τοῦ
3073 1014 3244 1081 τύφου
3287 1012 3348 1065 rb
3390 1010 3579 1073 πάθος,
3612 1010 3871 1062 ικπεσείν
3913 1006 3973 1061 δὲ

2427 1103 2524 1168 τῆς
2560 1101 2796 1170 ἀρχῆθεν
2836 1100 3083 1169 δοθείσης
3128 1102 3329 1170 τιμῆς·
3382 1094 3501 1152 εἶτα
3548 1094 3692 1150 κατά
3731 1096 3841 1149 τῶν
3877 1097 3971 1148 ἀν-

2429 1190 2659 1257 θρώπων
2681 1189 2756 1250 ὡς
2786 1190 2953 1243 είκόνι
2996 1190 3120 1259 θείᾳ
3166 1188 3549 1267 τετιμημένων
3584 1185 3845 1253 λυττῆσαι
3876 1183 3974 1236 καὶ

2428 1278 2517 1330 τὸν
2545 1274 2663 1331 κατ’
2688 1279 2865 1332 αὐτῶν
2898 1279 3254 1342 ἀναδέξασθαι
3275 1278 3510 1345 πόλεμον
3530 1290 3545 1304 ’
3591 1274 3685 1327 τὸν
3719 1272 3775 1325 δὲ
3816 1288 3976 1342 ποιη-

2428 1368 2526 1432 τὴν
2545 1369 2609 1437 τῇ
2644 1367 2741 1436 μὲν
2766 1369 2873 1420 τῶν
2896 1368 3065 1436 ἁγίων
3084 1366 3328 1436 ἀγγέλων
3358 1364 3647 1433 ἐπιστασίᾳ
3670 1362 3976 1434 φρουρῆσαι

2429 1458 2535 1512 τῶν
2568 1458 2869 1529 ἀνθρώπων
2897 1459 2954 1512 τὸ
2979 1458 3158 1526 γένος,
3179 1459 3326 1520 ὅπως
3350 1457 3425 1526 μὴ
3453 1456 3544 1526 βίᾳ
3578 1456 3671 1508 καὶ
3696 1453 3974 1525 τυραννίδι

2428 1547 2704 1618 χρώμενος
2740 1550 2984 1620 ἀοράτως
3012 1548 3201 1610 ἐπιὼν,
3241 1546 3333 1610 οὒς
3353 1546 3441 1600 διὰ
3470 1544 3665 1613 φθόνον
3693 1544 3978 1613 ἐμίσησεν,

2428 1639 2598 1701 ἀδεῶς
2629 1636 2915 1708 διαφθείρῃ
2947 1639 2969 1669 δ
2992 1653 3008 1669 ο
3037 1638 3139 1709 τὴν
3164 1638 3221 1691 δὲ
3242 1636 3607 1704 ἀγωνιστικὴν
3636 1634 3737 1686 οὐκ
3772 1631 3979 1685 ἐκώλυε

787 1725 887 1780 lem
922 1741 1017 1795 per
1040 1727 1351 1798 angelorum
1379 1726 1679 1793 custodiam
1720 1727 2077 1795 compescuit,
2113 1727 2324 1797 cogita-
2361 1698 2404 1754 Β
2434 1744 2449 1797 ι

2317 1755 2324 1767 ’
2361 1698 2404 1754 Β
2434 1698 2635 1797 μάχη-ν,
2663 1698 2747 1779 ἵνα
2773 1698 2922 1797 δείξῇ
2961 1698 3104 1789 τοὺς.
3119 1698 3374 1795 ἀρίστους
3406 1724 3439 1791 ἡ
3469 1698 3615 1792 πάλη
3645 1721 3739 1773 καὶ
3771 1721 3979 1786 γένων-

702 1855 711 1867 ,
785 1813 995 1867 tionum
1024 1823 1203 1869 autem
1238 1825 1319 1870 est
1348 1828 1605 1871 assensus
1635 1816 1937 1877 certamini.
1986 1824 2044 1869 ut
2074 1825 2329 1871 strenuos

782 1902 975 1973 dignos
1027 1905 1244 1960 coronis
1284 1905 1611 1969 ostenderet,
1661 1919 1837 1973 neque
1887 1906 1999 1974 ipse
2047 1904 2210 1959 istum
2261 1903 2326 1958 ad

780 1991 960 2046 aemuli
990 1992 1355 2048 conditionem
1382 2001 1531 2048 sorte
1556 1990 1774 2061 delegit,
1796 1989 1889 2049 sed
1915 1994 1979 2048 ad
2014 2008 2151 2063 opus
2170 2008 2331 2049 suum

781 2078 940 2135 istius
972 2081 1174 2138 malitia
1207 2097 1339 2137 usus
1368 2091 1472 2146 est.
1513 2084 1968 2152 quemadmodum
2009 2085 2200 2139 medici
2254 2082 2334 2138 vi-

784 2169 926 2235 peris
954 2170 1020 2223 ad
1047 2173 1266 2225 morbos
1294 2172 1593 2239 pellendos.

783 2254 1198 2324 ἀποκληρώσας,
1232 2258 1345 2309 ἀλλ’
1408 2259 1516 2327 56
1546 2260 1624 2320 είς
1674 2262 1795 2313 δεον
1826 2264 1890 2331 τῇ
1921 2263 1942 2293 ⁸
2000 2260 2210 2316 ἐκείνου
2245 2263 2487 2333 ’πονηρίᾳ
2511 2272 2532 2303 ι

784 2341 863 2403 είς
882 2341 1200 2414 ἀπαλλαγὴν
1228 2346 1569 2413 νοσημάτων.

862 2535 1027 2591 Porro
1049 2538 1304 2607 quoniam
1339 2537 1508 2593 Grazci
1553 2551 1826 2610 apostoms
1848 2549 1900 2596 et
1952 2558 2050 2597 nos
2105 2541 2333 2598 barbara

788 2626 973 2695 lingua
1019 2627 1164 2697 loqui
1214 2628 1387 2693 aiunt.
1436 2630 1610 2685 sciant
1662 2631 2065 2701 nobismetipsis
2119 2632 2336 2689 Graecos

786 2732 976 2773 omnes
1025 2718 1251 2788 Scythas
1284 2721 1449 2776 tideri
1485 2738 1501 2776 :
1533 2722 1635 2777 hoc
1685 2724 1825 2778 enim
1875 2724 2073 2779 Paulus
2112 2724 2334 2779 demon-

2431 1832 2521 1868 ται
2542 1814 2915 1883 ἀνδραγαθιῶν
2936 1815 3218 1884 ἀρχέτυπα
3241 1828 3256 1842 ⁸
3290 1806 3352 1864 οὗ
3375 1811 3438 1880 δὴ
3468 1811 3652 1863 εἵνεκα
3675 1808 3774 1877 τὴν
3797 1805 3981 1876 βιαίαν

2434 1905 2640 1958 ἐκείνου
2679 1904 2984 1976 προσϐολὴν
3020 1905 3095 1965 ὡς
3134 1901 3377 1971 ὀλέθριον
3403 1900 3743 1961 διακωλύσας
3772 1900 3838 1967 τῇ
3870 1894 3983 1951 τῶν

2434 1992 2682 2060 ἀγγέλων
2728 1993 2961 2063 φρουρᾷ,
3009 1993 3076 2061 τῇ
3127 1990 3235 2043 τῶν
3264 1989 3541 2058 λογισμῶν
3597 1983 3982 2055 συνεχώρησεν

2435 2084 2661 2154 ἀγωνία,
2688 2084 2834 2145 ὅπως
2869 2082 2995 2145 τοὺς
3031 2080 3335 2145 ἀξιονίκους
3365 2078 3623 2149 ἀποφήνῃ
3662 2077 3843 2141 ἀξίους
3870 2073 3981 2127 τῶν

2435 2176 2732 2243 στεφάνων,
2764 2173 2864 2227 οὒκ
2908 2172 3070 2237 αὐτὸς
3119 2172 3326 2226 ἐκεῖνον
3369 2171 3450 2233 εις
3494 2167 3790 2224 ἀντιπάλου
3825 2164 3982 2230 τάξιν

2613 2264 2978 2335 χρησάμενος.
3015 2262 3205 2333 ὥσπερ
3248 2264 3298 2317 oi
3349 2261 3525 2332 ἰατροὶ
3577 2260 3699 2321 ταῖς
3748 2255 3983 2327 ἐχίδναις

2503 2544 2581 2613 (5)
2621 2543 2772 2596 Ἐπεὶ
2806 2542 2898 2595 οὖν
2928 2543 3381 2612 βαρϐαροφώνους
3408 2543 3667 2612 Ἕλληνες
3693 2542 3817 2605 τοὺς
3844 2542 3979 2596 ἀπο·

2433 2632 2649 2695 στύλους
2692 2633 2786 2685 καὶ
2838 2625 2983 2701 ἡμᾶς
3031 2630 3419 2696 ἀποκαλοῦσιν,
3462 2633 3698 2685 ἴστωσαν
3755 2631 3831 2694 ὡς
3886 2631 3980 2684 καὶ

2431 2724 2564 2793 ἡμῖν
2619 2722 2821 2785 πάντες
2876 2720 3132 2789 Ἕλληνες
3189 2719 3565 2781 σκυθίζουσινο
3598 2719 3756 2771 τοῦτο
3797 2720 3908 2789 γάρ
3952 2723 3980 2772 ὁ

786 2809 981 2864 stravit
1013 2810 1237 2867 dicens:
1276 2830 1296 2863 ι
1336 2810 1392 2866 Si
1414 2826 1543 2881 ergo
1568 2814 1811 2869 nesciero
1849 2816 2100 2869 virtutem
2158 2810 2327 2879 vocis.
2354 2832 2400 2894 ο
2432 2816 2448 2868 l

2317 2832 2400 2894 ,ο
2432 2812 2641 2876 Παῦλος
2690 2808 2925 2883 ἀδήλωσε
2967 2810 3217 2879 φάσκων
3245 2826 3280 2894 ιι
3316 2807 3446 2862 Ἐὰν
3476 2808 3553 2879 μὴ
3587 2806 3701 2877 γνῶ
3740 2807 3840 2878 τὴν
3889 2806 3979 2862 δύ-

785 2915 885 2956 ero
925 2903 974 2957 ei
1007 2906 1102 2970 qui
1158 2904 1400 2973 loquitur
1436 2904 1719 2957 barbarus.
1757 2923 1775 2955 ι
1812 2904 2016 2959 Revera
2067 2905 2331 2974 quemad-

790 2994 1008 3047 modum
1030 2992 1233 3048 (ἒς-τεοῖς
1262 2992 1424 3062 Illyrii
1452 3000 1505 3045 ct
1527 2992 1741 3047 Paeones
1770 3002 1820 3045 ct
1843 2990 2022 3048 caeteri
2050 2996 2331 3052 barbarico

788 3080 937 3150 loqui
1012 3084 1283 3142 videntur.
1326 3082 1406 3135 sic
1464 3080 1550 3133 his
1603 3090 1658 3134 et
1717 3082 1982 3137 similibus
2024 3088 2335 3156 quicunque

789 3171 1100 3226 Graecorum
1154 3171 1500 3225 artiﬁciosam
1548 3169 1961 3240 disputationem
2009 3172 2062 3226 e't
2103 3176 2333 3243 garruli-

791 3271 954 3317 tatem
1018 3261 1290 3332 percipere
1350 3270 1644 3332 nequeunt,
1726 3261 1825 3329 ipsi
1897 3261 2112 3315 barbari
2156 3262 2335 3317 viden-

792 3363 881 3408 tur
936 3368 1074 3409 esse.
1125 3352 1380 3407 liumdem
1428 3365 1647 3408 sensum
1701 3352 1875 3407 omnis
1932 3350 2113 3421 lingua
2152 3352 2333 3419 habet;

790 3444 975 3498 eadem
1005 3444 1147 3498 enim
1199 3445 1440 3497 omnium
1488 3445 1769 3499 hominum
1816 3451 2029 3508 natura,
2084 3449 2139 3498 et
2175 3456 2337 3512 expe—

792 3533 981 3589 rientia
1012 3535 1289 3603 magistra.
1315 3534 1599 3589 Enimvero
1622 3534 1862 3590 invenire
1889 3543 1973 3590 est
1999 3534 2163 3591 etiam
2194 3534 2335 3605 apud

794 3623 1058 3679 Barbaros
1088 3634 1231 3689 artes
1256 3634 1308 3678 ct
1329 3624 1583 3680 scientias
1615 3635 1666 3680 ct
1699 3626 1751 3679 in
1791 3624 1940 3680 bellis
1969 3624 2246 3690 virtutem,
2276 3633 2335 3679 et

794 3715 933 3769 inter
983 3716 1127 3785 ipsos
1172 3716 1387 3785 quidam
1457 3716 1753 3771 acutiorem
1815 3714 2121 3771 Graecorum
2169 3714 2333 3771 disci-

798 3805 999 3871 plinam
1061 3822 1124 3858 ac
1182 3807 1561 3874 loquacitatem
1615 3808 1881 3863 sermonis
1933 3807 2193 3863 brevitate
2235 3822 2331 3862 su—

796 3903 1007 3961 perant.
1044 3892 1196 3956 Quod
1226 3896 1583 3948 testiﬁcantur
1617 3895 1795 3950 Persae
1824 3906 1878 3951 et
1916 3906 2125 3952 veteres
2168 3896 2335 3951 histo-

798 3981 921 4041 rici,
947 3981 1063 4033 etsi
1092 3981 1211 4049 quis
1249 3995 1391 4035 nunc
1420 3982 1646 4053 legatus,
1698 3994 1789 4039 aut
1818 3985 1949 4051 dux,
1980 3993 2074 4041 aut
2126 3998 2334 4039 merca~

799 4082 967 4125 turam
1016 4088 1273 4128 exercens
1322 4089 1446 4127 cum
1493 4076 1570 4127 eis
1616 4086 2044 4141 conversaretur.
2088 4076 2332 4146 peritiam

2433 2907 2706 2975 ναμιντῆς
2730 2905 2932 2973 φωνῆς,
2970 2904 3164 2973 Ισομαι
3201 2890 3279 2972 τῷ
3306 2898 3552 2955 λαλοῦντι
3588 2900 3862 2971 βάρϐαρος
3883 2901 3977 2953 ττι

2431 2996 2507 3065 τῷ
2555 2995 2669 3049 δντι
2713 2995 2819 3065 γὰρ
2867 2992 3057 3065 ῶσπερ
3104 2993 3217 3056 τοῖς
3267 2990 3523 3063 Ἕλλησιν
3560 2989 3831 3059 ἰλλύριοι,
3887 2990 3983 3044 καὶ

2433 3088 2681 3151 Παίονες,
2736 3088 2830 3139 καὶ
2882 3084 3029 3140 ἄλλοι
3084 3083 3435 3155 βαρϐαρίζειν
3480 3079 3756 3143 δοκοῦσιν,
3806 3079 3981 3143 οὕτως

2431 3179 2660 3239 δκείνοις
2707 3178 2945 3238 καὶτοῖς
2991 3173 3256 3237 τοιούτοις
3283 3174 3399 3226 ὅσοι
3448 3170 3548 3241 τῆς
3589 3168 3837 3231 Ἑλλάδος
3888 3170 3984 3222 καὶ

2430 3264 2530 3330 τῆς
2558 3264 2876 3333 Ἑλληνικῆς
2895 3261 3240 3332 τεχνολογίας
3276 3260 3373 3315 καὶ
3412 3259 3723 3330 στωμυλίας
3768 3258 3983 3313 ιπαΐειν

2433 3352 2492 3402 οὐ
2523 3352 2794 3415 δύνανται,
2826 3352 3085 3423 βάρύαροι
3124 3353 3372 3407 δοκοῦσιν
3409 3347 3569 3408 εἷναι.
3625 3352 3747 3405 Ὅτι
3784 3350 3841 3404 δὲ
3883 3349 3983 3419 τὴν

2435 3440 2603 3509 αὐτὴν
2629 3439 2740 3509 ἔχει
2770 3442 2917 3493 πᾶσα
2958 3441 3176 3509 γλῶσσα
3217 3442 3475 3503 διάνοιαν,
3515 3443 3615 3508 μία
3647 3442 3758 3510 γὰρ
3786 3442 3820 3510 ἠ
3846 3440 3982 3495 πάν-

2432 3543 2537 3584 των
2590 3530 2890 3601 ἀνθρώπων
2952 3528 3133 3598 φύσις,
3177 3531 3271 3582 καὶ
3328 3531 3365 3599 ἡ
3417 3532 3581 3596 πεῖρα
3635 3530 3978 3591 διδάσκαλος.

2437 3624 2594 3679 Ἐστι
2623 3623 2728 3709 γὰρ
2758 3622 2937 3692 εὑρεῖν
2984 3619 3075 3673 καὶ
3105 3619 3253 3689 παρά
3298 3620 3411 3677 τοῖς
3440 3614 3736 3709 βαρϐάροις

2434 3717 2526 3771 καὶ
2562 3705 2871 3785 ἐπιστήμας
2904 3712 2995 3766 καὶ
3023 3711 3121 3775 τάς
3143 3710 3203 3764 ἐν
3229 3710 3486 3778 πολέμοις
3509 3705 3883 3777 ἀνδραγαθίας
3921 3707 3983 3759 ὲκ

2435 3807 2771 3877 περιουσίας,
2821 3805 2952 3859 ἔνιοι
2990 3804 3046 3858 δὲ
3095 3803 3302 3857 τούτων
3342 3801 3435 3855 καὶ
3488 3797 3800 3868 σοφωτέραν
3832 3795 3859 3827 ⁸
3884 3795 3985 3865 τὴν

2443 3900 2711 3967 Ἐλλήνων
2750 3897 2995 3950 παιδείαν
3038 3896 3132 3949 καὶ
3181 3893 3503 3960 πολυλογίαν
3542 3887 3880 3962 βραχυλογίᾳ
3908 3904 3985 3939 νι-

2435 3989 2654 4048 κῶντες.
2693 3987 2770 4055 (ι)
2801 3984 2973 4037 Τοῦτο
3001 3982 3108 4053 γάρ
3135 3985 3200 4053 δὴ
3230 3984 3325 4037 καὶ
3358 3985 3379 4016 ⁹
3417 3982 3622 4052 Πέρσαι
3642 3976 3981 4049 μαρτυροῦσι

2436 4078 2529 4129 καὶ
2552 4078 2601 4128 oi
2629 4076 2842 4129 παλαιοὶ
2879 4076 3230 4141 συγγραφεῖς,
3266 4073 3358 4127 καὶ
3394 4074 3446 4125 εῐ
3482 4089 3565 4135 τις
3600 4071 3696 4125 νῦν
3725 4069 3986 4141 πρεσϐευ-

798 4178 981 4216 eorum
1015 4172 1069 4217 et
1100 4163 1485 4235 malignitatem
1520 4168 1706 4232 utique
1735 4139 2103 4235 experiretur:
2142 4165 2334 4217 Dicunt
2367 4139 2411 4193 D
2435 4181 2460 4216 τ

2322 4172 2334 4216 ι
2367 4139 2411 4193 D
2435 4164 2602 4233 τῶνῆ
2638 4139 3033 4233 στρατηγῶν
3060 4139 3327 4230 ἐμπορίαν
3366 4163 3489 4215 τινὰ
3522 4161 3719 4230 μετιὼν
3764 4139 3984 4228 συνεγί-

797 4252 941 4306 enim
988 4269 1080 4307 eos
1126 4264 1279 4307 acute
1324 4254 1592 4319 percipere
1618 4269 1923 4307 sermonum
1971 4253 2235 4307 versutias
2284 4262 2340 4307 et

800 4339 973 4402 dolos,
1004 4350 1056 4392 et
1089 4341 1274 4408 paucis
1310 4341 1487 4394 verbis
1517 4341 1765 4408 subigere
1794 4355 1889 4395 eos
1929 4340 2021 4411 qui
2053 4349 2179 4394 ante
2220 4339 2337 4393 dis~

800 4438 1104 4483 serucrunt.
1139 4428 1380 4497 Magnam
1408 4431 1566 4483 etiam
1614 4431 1969 4485 ratiocinandi
2002 4431 2108 4484 vim
2139 4429 2336 4485 habere

2438 4271 2583 4316 νετο,
2607 4254 2700 4307 καὶ
2726 4254 3023 4320 πεπείρατο
3072 4250 3248 4315 καλῶς
3291 4251 3389 4319 τῆς
3428 4251 3651 4303 ἐκείνων
3703 4249 3983 4319 ἀγχινοίας

2438 4344 2531 4397 καὶ
2562 4342 2911 4413 πανουργίας.
2947 4340 3082 4395 Φασὶ
3127 4339 3235 4408 γὰρ
3285 4339 3483 4400 αὐτοὺς
3516 4338 3680 4402 ὀξέως
3708 4342 3852 4391 νοεῖν
3885 4338 3984 4398 τὰς

2437 4435 2544 4489 τῶν
2569 4435 2741 4503 λόγων
2765 4433 2967 4496 πλοκάς
2992 4450 3050 4486 τε
3069 4432 3160 4485 καλ
3186 4429 3389 4491 κλθοπάς
3410 4429 3502 4481 καὶ
3528 4424 3869 4495 ἐπικρύψας,
3894 4428 3986 4477 aut

796 4518 1055 4572 dicuntur
1086 4526 1139 4569 ct
1164 4516 1338 4570 idonei
1358 4533 1481 4573 esse
1502 4522 1571 4576 ad
1596 4521 1751 4577 facile
1773 4522 2089 4578 solvendum
2116 4520 2185 4576 ab
2214 4521 2334 4577 aliis
2433 4527 2458 4578 ό

2316 4536 2334 4577 s
2433 4526 2589 4595 ὀλίγα
2627 4524 3031 4595 φθεγγομένους
3074 4521 3227 4590 νικᾷν
3270 4519 3395 4581 τοὺς
3437 4510 3978 4597 προδιαλεγομένους·

802 4624 963 4673 nexa,
1014 4615 1064 4659 et
1107 4609 1402 4675 proverbiis
1433 4612 1509 4664 uti
1558 4619 1611 4665 et
1667 4614 2039 4684 {enigmatibus
2091 4613 2333 4668 disertis-

799 4700 953 4755 simis
979 4714 994 4763 ;
1025 4712 1128 4751 non
1162 4696 1303 4751 enim
1337 4699 1718 4770 philosophicis
1748 4713 1799 4757 et
1829 4704 2108 4759 rhetoricis
2133 4703 2327 4758 imbuti

800 4790 1156 4852 sermonibus,
1185 4796 1429 4842 naturam
1455 4791 1620 4844 solam
1654 4792 1923 4850 habebant
1952 4796 2282 4865 magistram.

2439 4616 2531 4670 καί
2576 4632 2640 4684 γε
2690 4612 3124 4683 ξυλλογιστικοὺς
3170 4610 3310 4677 ἀγαν
3356 4603 3978 4665 εῐναιδιαδεδαιοῦνται,

2439 4706 2535 4758 καὶ
2580 4704 2819 4760 διαλύειν
2868 4704 3082 4765 ίκανοὺς
3133 4700 3203 4753 τά
3239 4697 3368 4767 παρ’
3413 4696 3613 4765 ἑτέρων
3670 4692 3980 4762 πλεκόμενα

2438 4798 2656 4867 ῥᾳδίως,
2698 4796 2793 4849 καὶ
2818 4794 3132 4864 παροιμίαις
3165 4787 3474 4859 κεχρῆσθαι
3511 4787 3845 4857 σοφωτάταις
3888 4780 3980 4833 καὶ

802 4882 1115 4953 αἰνίγμασιν
1147 4901 1162 4915 ·
1194 4884 1255 4937 οὐ
1284 4882 1389 4955 γὰρ
1412 4883 1582 4952 δήπου
1621 4884 1978 4953 φιλοςοφικοῖς
2007 4889 2038 4956 ἢ
2074 4888 2377 4955 ῥητορικοῖς
2415 4888 2783 4959 ἐνετρύφησαν
2831 4886 3028 4953 λόγοις,
3076 4882 3209 4937 ἀλλά
3250 4882 3349 4952 τὴν
3394 4882 3554 4954 φύσιν
3636 4881 3800 4951 μόνην
3836 4871 3979 4943 εἶχον

799 4976 1138 5034 διδάσκαλον.

1977 5197 2167 5258 Variae
2198 5199 2492 5260 lectiones
2522 5200 2582 5258 et
2613 5196 2791 5257 notae.

911 5435 931 5467 ι
966 5432 1324 5502 ἀρκεσθέντας
1351 5462 1415 5471 -
1448 5424 1828 5502 ὀρεχθένταςῖ-
1903 5422 1921 5451 ⁸
1946 5420 2217 5502 διαφθερεῖ
2263 5435 2314 5477 et
2364 5426 2543 5502 ﬁalis}
2596 5424 2715 5502 cod:

1366 5502 1383 5529 ’³
1415 5490 1741 5555 meruisset?
1813 5494 1829 5523 θ
1867 5492 1985 5549 περὶ
2030 5491 2245 5551 Περσῶν
2301 5496 2400 5547 vel.
2458 5490 2729 5559 Πέρσαιςῗ

812 5507 832 5537 '
863 5504 882 5556 I
916 5502 1040 5555 Cor.
1074 5518 1179 5560 xw.
1207 5502 1288 5553 Η.

2838 5421 2857 5453 ⁸
2884 5417 3001 5487 τήν.
3134 5420 3152 5450 ⁶
3196 5415 3452 5485 πονηρίαν
3502 5412 3619 5467 cod.
3654 5430 3677 5464 ε
3712 5432 3725 5464 ι
3766 5414 3974 5469 subscr.
