4208 6312
158 171 265 235 141

1361 116 1821 230 CHRONlCON.
1859 186 1924 197 -
1960 161 2106 220 LIB.
2149 159 2201 219 Ι.

3287 163 3388 223 142

156 300 269 345 πος
293 282 365 347 ⁸⁸,
407 279 630 353 ’Δδραμ
682 279 1021 351 δημιουργὸν
1056 280 1149 334 τὸν
1182 280 1316 332 Θεὸν
1366 274 1725 347 ἀνεκήρυξεν,
1756 292 1773 348 λ

1837 270 1942 325 sive
1961 268 2141 324 Persis
2166 266 2391 336 incepit.
2412 266 2589 321 Persae
2615 266 2804 336 Magog
2826 268 2895 321 ab
2923 268 3192 340 indigenis
3220 272 3395 325 nomi-

164 377 263 430 εαὶ
308 373 528 446 πρῶτος
577 371 857 426 κατελθὼν
904 362 1305 441 είςΔῐγυπτον
1355 367 1727 440 ἀριθμητικὴν

158 468 264 521 καὶ
305 465 669 538 ἀστρονομίαν
723 464 923 527 αὐτοὺς
964 462 1171 528 ἐδίδαξε
1197 502 1215 528 ,
1291 461 1584 515 κάντεῦθεν
1632 460 1729 512 επ·

159 560 399 629 ἐραστος
416 559 511 612 καὶ
534 558 917 628 παγγίραστος
930 555 1244 626 γενόμενος,
1264 552 1497 631 ἠξίωσεν
1518 551 1546 604 ὁ
1570 550 1726 619 βασι-

158 651 296 715 λεὺς
326 650 417 703 ὑπ’
451 648 618 703 αὑτοῦ
664 647 1051 717 γυμνασθῆναι
1095 648 1162 699 τά
1210 647 1337 715 περὶ
1374 641 1729 714 ἀστρολογίας

162 741 263 795 καὶ
284 740 516 810 μαγείας
538 738 634 793 an
658 739 969 810 πολυπείρῳ
992 741 1085 792 καὶ
1108 739 1361 807 Χαλδαίῳ
1383 736 1728 805 τυγχάνοντιο

160 831 498 901 ἀστρολογία
522 832 633 901 γὰρ
673 833 766 884 καὶ
819 831 1021 901 μαγεία
1060 833 1169 885 ἀπὸ
1215 826 1581 896 Μαγουσαίων
1612 824 1731 896 ἦτοι

164 922 398 992 Περσῶν
428 920 630 992 ῆρξατο
653 936 666 953 ⁸
704 923 755 974 σί
779 920 888 993 γάρ
910 936 993 974 τοι
1021 920 1233 991 Πέρσαι
1254 917 1468 986 Μαγὼγ
1500 917 1605 969 ὑπὸ
1623 913 1731 967 τῶν

163 1012 455 1084 ἐγχωρίων
486 1012 849 1084 ὠνομάζοντο.
884 1013 991 1084 67
1048 1014 1157 1065 Καὶ
1215 1013 1282 1081 δὴ
1319 1011 1427 1063 τῶν
1477 1006 1735 1079 ἀστρολόα-

164 1120 287 1171 γων
315 1107 413 1159 καὶ
463 1106 654 1174 μάγων
708 1103 1230 1175 συναθροισθέντων,
1261 1104 1289 1153 ὁ
1328 1101 1581 1172 βασιλεὺς
1618 1099 1735 1169 ἃμα

163 1188 248 1257 τῷ
285 1189 507 1260 Ἀϐραμ
544 1191 637 1244 καὶ
674 1195 784 1255 τοῖς
820 1192 1076 1260 συνήθεσι
1106 1189 1399 1259 ἐκαθέσθη.
1457 1190 1568 1243 Καὶ
1597 1188 1735 1259 ἡσυ-

164 1278 297 1347 χίας
322 1281 644 1351 γενομένης,
677 1284 706 1335 ό
742 1266 966 1353 Ἀϐραμ
994 1282 1098 1351 ἔφη
1125 1298 1140 1313 ο
1179 1298 1198 1334 ι
1237 1280 1445 1336 Μαθεῖν
1476 1279 1738 1349 βούλομαι

166 1368 305 1439 παρ’
342 1371 495 1439 ὑμῶν
533 1371 643 1424 τῶν
674 1373 877 1441 σοφῶν,
910 1375 959 1425 εί
985 1374 1213 1425 δύναται
1254 1372 1474 1440 γένεσις
1507 1373 1601 1424 καὶ
1634 1386 1740 1439 μαι

166 1460 297 1526 γεία
329 1460 529 1530 βλάψαι
559 1461 741 1532 τινάῆ
800 1451 1078 1533 ὠφελῆσαι
1130 1464 1271 1515 κατὰ
1331 1462 1430 1530 τὴν
1464 1460 1736 1531 ὑμετέραν

164 1549 371 1614 δόξαν·
412 1569 433 1602 ι
470 1552 561 1618 ἀφ’
589 1546 665 1604 ὧν
713 1552 1035 1625 ἀποκριθεὶς
1086 1553 1380 1621 Αἰγύπτιος
1411 1552 1737 1622 ἀστρολόγος

1832 360 2120 414 nabantur.
2152 356 2289 411 Tum
2307 357 2597 427 astrologis
2622 367 2678 413 et
2712 360 2884 428 magis
2906 361 3269 429 congregatis,
3304 378 3397 416 rex

1830 468 1953 508 cum
1986 452 2185 506 Abram
2215 450 2263 505 et
2298 451 2659 505 familiaribus
2685 452 2844 513 sedit,
2864 461 2939 514 et,
2976 451 3119 505 facto
3149 453 3395 516 silentio.

1833 546 1969 600 dixit
2023 546 2258 599 Abram:
2299 560 2318 594 ι
2350 542 2395 595 Α
2428 542 2581 597 vobis
2608 542 2943 611 sapientibus
2986 543 3199 598 discere
3238 547 3399 615 cupio

1831 653 1899 693 an
1922 637 2178 691 nativitas
2217 645 2271 689 ct
2305 635 2478 705 magia
2535 648 2733 687 nocere
2768 634 2847 687 vel
2903 635 3161 703 prodesse
3191 639 3402 705 possint

1831 726 1993 781 alicui
2056 725 2211 794 juxta
2268 735 2506 779 vestram
2548 724 2884 793 opinionem.
2962 744 2981 776 ι
3042 725 3399 795 liespondens

1832 816 2144 886 Egyptius,
2185 817 2487 886 astrologus
2520 825 2573 871 et
2621 832 2829 887 magus,
2887 818 3059 873 dixit:
3097 837 3116 869 ι
3174 817 3396 888 Magna»

1834 922 1952 963 rum
1990 907 2147 961 nobis
2187 915 2241 961 et
2273 909 2703 962 necessariarum
2748 910 3109 976 quaestionum
3140 910 3293 963 bona:
3319 909 3399 969 iis

1836 999 2072 1061 occasio.
2092 1012 2124 1052 ο
2142 998 2418 1068 magister,
2444 1007 2495 1053 et
2522 999 2726 1066 justum
2752 1009 2836 1062 est
2866 1014 2969 1053 nos
2989 1000 3124 1053 nihil
3147 1010 3199 1055 te
3227 1000 3403 1054 celare

1836 1103 1900 1142 ex
1927 1086 2143 1141 arcanis
2180 1088 2421 1141 nostris:
2467 1098 2719 1157 putamus
2751 1089 2998 1143 homines
3041 1102 3231 1143 omnes
3262 1089 3403 1143 nati-

1841 1178 1992 1231 vitati
2028 1189 2078 1233 ct
2106 1177 2217 1232 fato
2255 1179 2491 1245 servire;
2554 1180 2887 1248 impossibile
2923 1188 3006 1235 est
3033 1180 3175 1234 enim
3227 1181 3404 1235 bomi-

1843 1285 1963 1322 nem
1990 1258 2165 1324 occidi
2201 1269 2278 1323 vel
2310 1270 2454 1325 ,mori
2504 1280 2697 1339 przeter
2747 1271 3108 1334 natixilatem.
3152 1290 3171 1323 ι
3207 1272 3405 1326 Abram

1842 1359 2017 1414 dixit:
2075 1360 2323 1413 «Errasti
2372 1375 2495 1415 vere
2542 1362 2728 1416 dicens
2776 1362 2903 1426 hoc,
2956 1364 3206 1417 nesciens
3262 1366 3404 1433 quod

1842 1464 2020 1503 coram
2067 1464 2189 1519 rege
2210 1449 2392 1516 judice
2430 1450 2643 1514 locutus
2670 1466 2750 1513 es,
2824 1453 2946 1504 vitae
3005 1452 3283 1505 hominum
3307 1452 3406 1505 do-

1844 1530 2011 1593 mino.
2049 1538 2161 1592 Rex
2200 1541 2509 1608 indignatus
2551 1541 2685 1594 dixit
2708 1542 3021 1610 astrologo:
3059 1560 3077 1593 ι
3111 1543 3261 1596 Nunc
3280 1558 3406 1598 vero

170 1642 272 1694 καὶ
314 1642 489 1712 μάγος
524 1639 681 1698 εἶπεν
701 1658 716 1678 δ
764 1663 785 1697 ι
818 1644 1086 1714 Μεγάλων
1116 1647 1248 1715 ἡμῖν
1281 1645 1375 1698 καὶ
1422 1644 1739 1711 ἀναγκαίων

1845 1633 1889 1686 si
1925 1631 2304 1684 acccrsivcrim
2333 1646 2497 1683 unum
2529 1647 2593 1685 ex
2630 1633 2881 1696 subditis,
2914 1645 2966 1686 et
3002 1642 3056 1686 tu
3098 1634 3403 1689 deliberans

173 1731 516 1801 ζητημάτων
574 1734 753 1805 ἀγαθὴ
807 1736 1105 1806 πρόφασις,
1138 1731 1184 1788 ὦ
1216 1734 1525 1799 διδάσκαλε,
1575 1737 1734 1805 γίνῃ’

171 1822 274 1877 καὶ
309 1822 461 1887 ἄξιόν
492 1826 607 1877 ἐστι
668 1826 832 1896 μηδὲν
872 1824 1292 1901 ἀποκρύψασθαί
1322 1842 1379 1876 σε
1440 1824 1550 1876 τῶν
1603 1820 1738 1892 παρ’

170 1915 310 1983 ἡμῖν
344 1904 701 1986 ἀπορρήτων,
722 1904 930 1979 πάντας
972 1916 1157 1983 οῐομεν
1208 1914 1496 1985 ἀθρὼπους
1524 1914 1737 1981 γενέσει

172 2006 274 2057 καὶ
296 2006 611 2077 εἱμαρμένῃ
648 2006 920 2059 δουλεύειν
940 2020 954 2037 ⁸
1008 2006 1268 2061 ἀδύνατον
1319 2007 1429 2075 γάρ
1460 2006 1607 2058 ἐστιν
1638 2004 1737 2058 ἄν·

176 2096 405 2164 θρωπον
430 2096 761 2166 φονευθῆναι
791 2097 824 2166 ἢ
858 2097 1184 2165 τελευτῆσαι
1238 2099 1392 2167 παρὰ
1436 2084 1672 2164 γένεσιν.
1714 2114 1732 2146 ι

185 2186 248 2236 '0
262 2184 319 2237 δὲ
350 2185 570 2256 Ἀσραμ
594 2188 696 2255 ἔφη
722 2202 736 2216 ·
764 2203 786 2236 c
835 2186 1151 2257 Ἠπατήθης
1176 2187 1345 2250 ὅντως
1364 2187 1537 2240 εἰπεῖν
1558 2186 1739 2249 τοῦτο,

177 2274 259 2345 μὴ
285 2275 439 2338 εἰδὼς
468 2277 551 2328 ὅτι
583 2276 676 2329 ἐπὶ
702 2275 893 2347 κριτοῦ
920 2276 1184 2346 βασιλέως
1216 2278 1374 2345 ἔφης,
1413 2278 1485 2339 ’ὃς
1514 2274 1739 2348 ἀνθρώ-

176 2383 299 2421 πων
336 2366 434 2437 τὴν
465 2366 713 2431 ἐξουσίαν
738 2368 870 2438 εχει.
913 2386 931 2438 ι
967 2368 1123 2421 Καὶό
1146 2363 1397 2438 βασιλεὺς
1427 2369 1742 2438 ἀγανακτή-

178 2470 282 2519 σας
312 2456 419 2525 εφη
442 2456 580 2526 πρὸς
610 2457 703 2509 τὸν
745 2456 1071 2528 ἀστρολόγον
1097 2471 1113 2485 °
1153 2457 1267 2511 Νῦν
1286 2454 1401 2523 οὖν,
1433 2456 1527 2510 ἑὰν
1577 2473 1745 2526 μεταί-

177 2545 492 2617 ςέμψωμεν
520 2547 629 2601 τῶν
649 2548 909 2618 ὑπηκόων
934 2536 1239 2618 ἀνθρώπων
1265 2547 1381 2614 ἕνα,
1410 2551 1506 2602 καλ⁸
1537 2548 1745 2618 σκεψάο
1772 2565 1779 2571 ·

179 2654 346 2706 μενος
378 2640 463 2707 ἐφ’
498 2640 657 2709 ἡμῶν
688 2638 871 2712 εἴπης,
904 2639 1052 2709 ζωῆς
1110 2641 1277 2694 αὑτὸν
1311 2642 1505 2712 χρόνον
1536 2640 1682 2711 ἔχειν
1710 2640 1743 2711 ἦ

183 2728 263 2800 μὴ
300 2729 471 2799 εχειν,
503 2730 616 2799 ἐγὼ
653 2731 968 2785 τούναντίον
1001 2732 1141 2802 πρὸς
1161 2731 1351 2786 τοῦτον
1398 2732 1610 2802 ποιήσω
1650 2748 1745 2801 γε·

130 2820 143 2879 ξ
179 2819 395 2886 νέσθαι,
428 2822 491 2874 οὑ
516 2821 704 2891 σαφῶς
730 2822 1017 2894 ἑλήλεγξαι
1041 2823 1281 2894 ψεύστης
1300 2824 1567 2894 ὑπάρχειν
1594 2840 1609 2889 ;
1635 2823 1746 2875 Καὶ

182 2914 294 2981 γὰρ
317 2912 413 2966 saw
446 2912 607 2985 εἴπῃς
636 2914 801 2968 αὑτὸν
851 2914 932 2966 ἐτι
965 2916 1160 2985 χρόνον
1192 2915 1337 2985 ἔχειν
1381 2914 1547 2983 ζωῆς,
1583 2912 1747 2976 εὐθὺς

181 3004 431 3059 κελεύσω
458 3006 625 3059 αὑτὸν
650 3006 1010 3077 ἀναιρεθῆναι
1032 3023 1047 3038 ο
1084 3007 1134 3072 εί
1186 3006 1242 3059 δὲ
1294 3006 1369 3075 μή
1415 3004 1561 3079 ἔχειν
1584 3004 1747 3057 αὐτὸν

181 3093 414 3161 χρόνους
448 3092 811 3162 λειπομένους
845 3092 959 3164 (91³)
982 3094 1146 3165 λέξῃς
1176 3095 1321 3162 πλὴν
1346 3095 1445 3161 τὴν
1472 3094 1746 3147 συνεστῶ-

184 3193 290 3233 σαν
311 3180 486 3250 ὥραν,
512 3182 676 3234 αὑτὸν
709 3180 811 3248 μὶν
836 3183 933 3250 τῆς
957 3181 1260 3253 καταδίκης
1283 3182 1561 3249 ἀπολύσω,
1595 3184 1654 3237 σὲ
1690 3183 1746 3236 δὲ

182 3270 436 3340 παρευθὺ
478 3270 553 3334 ὡς
576 3270 902 3339 ψευδολόγον
966 3271 1059 3325 τοῦ
1110 3270 1218 3344 ’ζῇν
1280 3273 1627 3344 προεκκόψω,
1658 3276 1747 3329 ῐνα

180 3359 376 3414 λοιπὸν
402 3360 432 3413 ὑ
449 3345 681 3425 θάνατός
711 3378 804 3415 σου
831 3362 996 3434 πείσῃ
1023 3364 1228 3426 πάντας
1252 3366 1450 3418 αὐτίκα
1476 3364 1749 3435 μηδεμίαν

184 3452 451 3524 ἀληθείας
468 3453 717 3528 ἔμφασιν
746 3454 895 3525 ἔχειν
931 3455 999 3508 τά
1045 3456 1176 3525 περὶ
1233 3456 1330 3525 τῆς
1386 3457 1747 3527 ἀστρολογίας

186 3558 283 3594 σου
314 3542 781 3613 μυθολογούμενα.
826 3562 845 3595 ›
904 3543 1090 3596 Ταῦτα
1117 3544 1173 3597 δὲ
1220 3544 1316 3596 τοῦ
1373 3543 1639 3613 βασιλέως
1668 3547 1747 3596 εί·
1786 3578 1791 3583 ι

187 3635 404 3695 πόντος,
460 3634 489 3685 ὀ
556 3632 857 3699 Δίγύπτιος
917 3633 1177 3700 ἔντρομος
1238 3633 1530 3707 γενόμενος
1582 3631 1744 3683 ἔπεσε

188 3722 424 3791 πρηνὴς,
486 3721 738 3788 δεόμενος
773 3720 957 3780 ἐλέους
1010 3723 1211 3788 τυχεῖν,
1248 3719 1409 3782 αὑτός
1461 3736 1522 3771 τε
1561 3720 1655 3772 καὶ
1697 3723 1744 3772 οἱ

185 3810 488 3881 ὁμόφρονες
520 3808 708 3862 αὐτοῦ.
751 3808 859 3859 Καὶ
889 3810 917 3859 δ
941 3804 1199 3875 βασιλεὺς
1235 3807 1311 3876 τῷ
1345 3804 1569 3877 Ἀϐραμ
1591 3825 1749 3878 χαρι-

187 3900 417 3966 ζόμενος
451 3897 524 3959 ὼς
558 3894 869 3965 διδασκάλῳ
895 3897 989 3947 καὶ
1006 3896 1105 3963 τὴν
1129 3896 1336 3965 πλάνην
1366 3896 1610 3967 ἐναργῶς
1642 3914 1749 3966 ipa-

187 3989 488 4056 νερὼσαντι
518 3987 584 4039 δι’
613 3988 860 4047 ἐπινοίας
890 3988 985 4041 καὶ
1038 3987 1177 4059 ὑπὲρ
1216 3988 1328 4040 τῶν
1380 3989 1748 4058 ματαιολόγων

189 4076 630 4130 συνικετεύσαντι
670 4080 1052 4151 συνεχώρησεν
1092 4080 1291 4145 αὐτοὺς
1340 4082 1407 4145 ’⁸,
1438 4082 1531 4133 ἐπὶ
1573 4066 1751 4135 πλεῖον

189 4163 539 4236 κωμῳδήσας
573 4166 672 4238 τὴν
704 4168 901 4237 ἄλογον
946 4171 1127 4239 αὐτῶν
1166 4171 1325 4238 δόξαν
1350 4171 1427 4235 ὡς
1462 4172 1779 4241 ἀνίσχυρον.

1846 1723 2047 1775 dixeris
2102 1722 2251 1774 illum
2285 1722 2405 1776 vita:
2434 1730 2649 1790 tempus
2682 1722 2877 1776 habere
2927 1723 3009 1777 vel
3036 1738 3143 1778 non
3179 1726 3398 1789 habere,
3476 1753 3481 1765 ι

1846 1828 1939 1881 per
1989 1827 2073 1865 me
2102 1826 2227 1865 vero
2268 1812 2343 1864 illi
2376 1814 2708 1866 contrarium
2743 1816 3003 1878 evenerit,
3060 1829 3241 1868 nonne
3288 1818 3403 1869 cvi-‘-
3494 1849 3501 1859 ι

1846 1904 2035 1955 denter
2060 1902 2320 1971 impostor
2355 1904 2688 1959 invenieris?
2714 1903 2921 1958 Etenim
2944 1908 3003 1966 si,
3023 1907 3224 1960 dixeris
3252 1908 3427 1968 illum,

1846 1991 2021 2045 adhuc
2048 2001 2259 2059 tempus
2285 1992 2408 2046 vitae
2435 1995 2655 2058 habere,
2680 1995 2860 2048 statim
2884 1996 3085 2065 jubebo
3117 1998 3288 2067 ipsum
3312 2014 3404 2053 oc-

1820 2082 1949 2135 .eidi
1977 2099 1992 2147 ;
2024 2083 2067 2136 si
2103 2097 2233 2137 vero
2267 2084 2438 2152 ipsum
2461 2085 2570 2151 jam
2593 2101 2696 2137 non
2721 2085 2919 2139 habere
2936 2088 3143 2157 reliqua
3166 2098 3406 2159 tempora

1846 2170 2048 2226 dixeris
2090 2182 2285 2239 pra-ter
2334 2185 2652 2242 praesentem
2686 2175 2872 2229 horam
2898 2214 2912 2239 ,
2938 2212 2939 2215 η
2970 2179 3145 2247 ipsum
3185 2180 3405 2248 quidem

1847 2277 2006 2333 pcena
2058 2263 2341 2317 liberatum
2395 2264 2685 2327 dimittam,
2721 2275 2772 2319 te
2828 2282 2954 2321 vero
3016 2270 3304 2324 confestim
3350 2282 3411 2326 ut

1852 2352 2160 2407 mendaeem
2194 2365 2365 2409 morte
2389 2356 2628 2410 multabo
2649 2366 2706 2409 ut
2732 2346 2985 2427 deinceps
3009 2376 3155 2415 mors
3181 2372 3266 2416 tua
3292 2378 3410 2417 ont-

1851 2446 2009 2499 nibus
2036 2444 2357 2514 persuadeat
2378 2457 2616 2501 artutum
2658 2450 2857 2501 nullam
2878 2449 3032 2504 fidem
3054 2452 3262 2505 dareiis
3285 2468 3408 2520 quas

1853 2537 1918 2591 de
1945 2537 2239 2604 astrologia
2260 2538 2499 2605 nugaris.
2535 2556 2552 2587 ι
2584 2535 2713 2601 Quae
2750 2553 2872 2591 cum
2908 2556 3000 2594 rex
3031 2541 3274 2607 dixisset,
3305 2553 3410 2599 tre-

1854 2643 2007 2683 mens
2036 2626 2319 2696 A‘Zgyptius
2343 2643 2545 2696 pronus
2574 2627 2790 2694 cecidit,
2832 2628 3259 2686 misericordiam
3313 2650 3404 2688 ro-

1853 2732 2006 2785 gans,
2040 2718 2155 2785 ipse
2184 2726 2238 2771 et
2258 2718 2389 2771 socii
2444 2718 2583 2787 ejus.
2636 2722 2750 2775 Rex
2796 2735 2983 2791 gratus
3033 2737 3152 2778 esse
3186 2727 3409 2793 cupiens

1828 2807 2050 2861 .Abram
2082 2816 2140 2861 ut
2171 2807 2448 2877 inagistro,
2484 2819 2536 2862 et
2558 2811 2683 2878 quia
2714 2826 2950 2865 errorem
2974 2826 3153 2884 aperte
3180 2815 3407 2870 demon-

1854 2906 2119 2951 straverat
2156 2899 2462 2967 prudentia,
2490 2912 2542 2954 et
2580 2916 2676 2970 pro
2706 2902 3013 2972 vaniloquis
3058 2890 3226 2959 simul
3253 2922 3407 2976 roga-

1848 2996 2022 3053 verat,
2061 2989 2388 3043 condonavit
2412 2990 2516 3045 illis
2551 2994 2894 3047 vehementer
2915 2994 3311 3062 reprehendens
3333 2996 3410 3050 in-

1849 3090 2037 3133 sanam
2068 3091 2255 3131 eorum
2288 3077 2593 3147 opinionem
2628 3087 2885 3149 tanquam
2909 3096 3098 3135 vanam
3149 3093 3201 3136 et
3236 3098 3408 3154 popu-

1840 3167 1903 3231 ιο
1919 3160 2194 3223 infestam.
2215 3168 2387 3224 Porro
2406 3171 2593 3239 jussit,
2622 3179 2878 3239 tanquam
2899 3173 3093 3226 Abram
3118 3173 3409 3242 instigante

1850 3260 2047 3314 adduci
2076 3261 2366 3329 quemdam
2407 3262 2473 3314 ad
2508 3262 2684 3329 ignem
2727 3254 3063 3327 damnatum,
3098 3275 3152 3318 et
3202 3280 3405 3331 praece-

1850 3354 1928 3424 pit
1960 3362 2020 3408 ut
2049 3353 2102 3406 in
2126 3353 2461 3405 nativitatem
2496 3352 2616 3419 ejus
2646 3360 2697 3405 et
2730 3353 2999 3405 interitum
3024 3353 3405 3423 inquireretur,

1848 3450 1903 3496 et
1950 3450 2231 3509 postquam
2299 3439 2766 3502 deliberaverunt,
2831 3448 2888 3491 ut
2945 3442 3183 3495 dicerent
3236 3459 3406 3511 genus

1849 3530 2058 3582 mortis.
2091 3528 2227 3579 Cum
2264 3541 2388 3579 vero
2425 3527 2509 3580 isti
2559 3527 2778 3579 cordate
2826 3527 3303 3594 deliberavissent,
3348 3530 3408 3585 et

1847 3618 2116 3671 dixissent
2149 3617 2298 3669 illum
2334 3617 2455 3685 igne
2506 3616 2800 3683 periturum
2832 3631 2982 3683 esse,
3018 3619 3297 3681 nativitate
3353 3621 3403 3673 id

1847 3700 2031 3775 aperte
2070 3706 2361 3759 inducente
2414 3714 2467 3759 et
2509 3706 2765 3773 jubente,
2814 3706 2906 3761 sed
2949 3708 3125 3761 adhuc
3192 3710 3405 3765 vivendi

1848 3809 2060 3866 tempus
2100 3798 2298 3852 habere
2327 3838 2342 3862 ,
2391 3812 2567 3866 neque
2630 3799 2743 3863 jam
2784 3808 2990 3867 tempus
3046 3802 3237 3854 mortis
3310 3803 3405 3855 ad-

1853 3890 2087 3955 venisse,
2130 3888 2263 3944 dicit
2290 3903 2384 3943 rex
2421 3908 2435 3942 :
2498 3908 2517 3939 ι
2551 3889 2661 3958 Ego
2711 3892 2870 3943 hodie
2903 3890 3063 3943 istum
3095 3891 3334 3945 liberabo
3369 3910 3398 3945 a

1850 3981 2438 4049 crematione,jubens
2490 3994 2630 4049 aqua
2679 3982 2851 4048 ipsum
2902 3980 3110 4045 occidi,
3164 3990 3222 4033 ut
3250 3983 3403 4036 vobis

1855 4074 1996 4129 facto
2023 4072 2311 4128 manifeste
2334 4071 2696 4145 demonstrem
2751 4071 2952 4141 aliquid
2983 4083 3174 4142 prater
3213 4074 3375 4127 horos

1856 4181 2048 4235 copum
2085 4165 2377 4234 fieriposse
2417 4183 2433 4217 ι
2462 4182 2478 4229 ς
2513 4175 2567 4219 et
2601 4166 2672 4218 ita
2702 4163 2999 4220 confutavit
3020 4167 3220 4234 optime
3272 4167 3410 4219 vati-

189 4255 286 4309 καί
317 4254 639 4337 λαοπλάνον.
692 4260 803 4313 Καὶ
835 4259 899 4328 δὴ
951 4259 1215 4322 κελεύσας
1275 4262 1351 4323 ὡς
1386 4262 1443 4325 ἐξ
1478 4259 1753 4337 ὑποᾷολῆς

1858 4258 2062 4315 ciuium
2097 4259 2334 4327 ipsorum
2362 4257 2427 4312 de
2467 4258 2588 4311 vitae
2618 4267 2855 4326 tempore
2894 4265 2947 4310 et
2972 4273 3166 4327 geneie
3202 4259 3410 4312 mortis.

191 4345 420 4417 ’Δσραμ
485 4332 718 4420 ἀχθῆναί
764 4368 887 4404 τινα
940 4351 1526 4421 προκαταδικασθέντα
1596 4332 1752 4422 πυρί·

188 4455 428 4490 καυστον
454 4440 734 4505 γενέσθαι,
773 4442 1109 4511 προσέταξεν
1134 4444 1225 4494 ἐπὶ
1265 4444 1488 4494 πάντων
1520 4442 1749 4511 εὑρεθῆ-

188 4547 281 4583 ναι
302 4531 400 4601 τὴν
429 4534 687 4602 γέννησιν
717 4534 883 4608 αὐτοῦ
902 4535 995 4587 καὶ
1018 4535 1109 4586 τὸν
1134 4535 1387 4602 θάνατον,
1414 4535 1509 4587 καὶ
1534 4534 1753 4587 διασκε-

185 4624 466 4690 ψαμένους
486 4606 853 4677 ’τἐξπεῖνγτὸν
881 4629 1081 4693 τρόπον
1112 4619 1204 4677 τοῦ
1247 4625 1501 4677 θανάτου.
1540 4606 1661 4673 Τῶν
1695 4621 1752 4673 δὲ

189 4712 462 4781 νουνεχῶς
515 4714 609 4766 ἐπὶ
654 4717 790 4768 πολὺ
831 4714 1420 4785 διασκεψαμένωννκαὶ
1466 4714 1753 4774 εἰπόντων,

187 4809 274 4857 ὃτι
320 4803 433 4874 68
483 4800 854 4875 πυρποληθεὶς
906 4806 1281 4870 ἀποθανεῖται,
1338 4798 1434 4875 τῆς
1490 4807 1753 4872 γενέσεως

190 4896 509 4964 ίπαγούσης
544 4893 639 4947 καὶ
692 4894 1124 4965 διαγορευούσης
1169 4897 1330 4948 τοῦτο
1372 4894 1579 4963 σαφῶς,
1617 4893 1754 4945 ἀλλά

189 4986 286 5037 νῦν
318 4987 401 5037 ἔτι
427 4987 615 5055 χρόνον
646 4985 762 5055 εχει
801 4979 969 5054 ζωῆς,
1004 4990 1097 5039 καὶ
1116 4987 1269 5037 οὔπω
1292 4985 1597 5053 ἐλήλυθενὸ
1629 4986 1752 5054 χρόα

1857 4347 1991 4401 Cum
2020 4360 2210 4401 omnes
2257 4339 2668 4409 conticuisscnt,
2716 4348 2911 4399 Abram
2942 4349 3122 4400 dicere
3180 4348 3408 4415 incepit:

1864 4456 1883 4487 ί
1918 4436 2031 4489 Rex
2060 4438 2292 4491 maxime
2320 4445 2372 4491 et
2397 4439 2641 4493 veritatis
2664 4452 3006 4507 summopere
3036 4453 3246 4502 amans,
3271 4454 3437 4509 quo-_

1862 4529 2007 4581 niam
2035 4541 2085 4584 te
2116 4528 2270 4581 video
2299 4530 2584 4597 propositas
2607 4530 2891 4599 quaestioni
2915 4530 3066 4584 valde
3086 4532 3412 4589 studentem,

1859 4620 2002 4687 quod
2038 4618 2217 4671 verius
2247 4627 2327 4671 est
2359 4634 2457 4687 ego
2488 4620 2583 4673 tibi
2631 4620 2877 4687 pmbebo
2910 4612 3291 4686 compendiose
3313 4659 3327 4681 ,
3359 4619 3410 4669 in

1861 4708 2113 4765 omnibus
2140 4722 2260 4760 vera
2295 4708 2517 4774 Ιοιιιιειιε
2546 4726 2559 4773 ;
2596 4724 2713 4762 sum
2735 4711 2877 4762 enim
2904 4709 3139 4762 veritatis
3159 4722 3279 4761 vere
3300 4724 3388 4758 ser

1862 4815 1982 4853 vus.
1998 4817 2014 4849 ι
2036 4799 2281 4865 Cumque
2305 4811 2394 4849 rex
2413 4794 2687 4860 dixissem
2716 4796 2877 4852 Valde
2895 4799 3025 4851 milii
3042 4808 3225 4865 gratus
3243 4795 3371 4857 eris,
3386 4814 3404 4844 ι

1863 4892 1942 4945 sic
1971 4892 2184 4944 locutus
2229 4899 2310 4942 εει
2357 4881 2596 4942 Abram:
2640 4906 2657 4939 ι
2685 4889 2799 4942 Non
2862 4888 2961 4942 soli
3023 4886 3269 4966 homines
3319 4887 3414 4943 sed

1862 4986 2023 5038 etiam
2044 4984 2296 5037 animalia
2319 4983 2525 5036 ratione
2544 4982 2781 5036 carentia
2800 4981 3063 5036 nativitati
3093 4980 3369 5049 subjaccnt
3396 4998 3409 5045 ;

1346 5209 1541 5269 Variae
1590 5206 1895 5267 lectiones
1949 5210 2008 5261 et
2040 5208 2224 5261 noue.

1012 5452 1053 5480 “
1085 5450 1263 5513 αὐτοῖς
1293 5453 1401 5505 rod.

264 5457 309 5487 υ
334 5450 602 5529 5.1.vn.
647 5453 688 5504 ι.
730 5450 857 5505 \‘lll.
885 5452 934 5503 ρ.

1501 5454 1542 5483 ³⁷
1575 5445 1989 5517 διασκεψάμενοι
2030 5446 2149 5502 cod.
