4208 6312
796 304 842 365 ⁵1
865 307 921 365 i3
2007 305 2325 363 GEORGII
2364 304 2385 362 Ι

2396 305 2463 362 ΙΑ
2475 304 2805 363 MARTOIJ
3918 305 4001 368 lil

819 428 1055 470 attamen
1080 416 1327 470 homines
1355 415 1552 484 aliquid
1578 415 1631 467 in
1683 415 1872 483 seipsis
1902 413 2099 468 habent
2128 415 2355 469 liberum

2401 422 2445 476 Α
2474 433 2560 477 νος
2580 416 2676 469 τοῦ
2702 416 2957 481 θανάτου,
2989 417 3153 486 φησὶν
3201 418 3228 469 6
3260 417 3512 486 βασιλεὺς
3539 433 3550 445 ·
3589 433 3607 466 ι
3669 416 3807 483 Ἐγὼ
3847 419 4001 487 σήμε-

818 508 1081 562 nativiiati
1107 524 1209 559 non
1238 507 1524 574 subiacens
1545 522 1608 560 eo
1626 507 1769 574 quod
1802 508 2087 572 uativitate,
2109 506 2250 559 istud
2275 521 2370 559 an-

820 601 1019 665 tiquius
1038 598 1126 656 sit;
1150 609 1201 649 et
1226 596 1353 649 illud
1386 606 1467 649 est
1496 596 1548 647 in
1578 596 1888 649 hominibus
1910 596 2076 649 libera
2098 602 2366 661 potestas,

814 706 934 759 quas
961 706 989 741 a
1034 688 1306 742 Deouobis
1336 689 1457 740 data
1496 702 1599 749 εει,
1633 703 1736 755 qua
1762 687 1933 740 brutis
1953 688 2360 754 prmstantiores

816 782 929 850 ipsa
972 779 1329 833 interficiendi
1368 791 1559 832 natura
1586 779 1853 832 licentiam
1896 779 2177 831 habemus.
2206 763 2369 830 Nobis

813 872 899 939 qui
950 872 1118 922 nostri
1173 869 1311 934 juris
1354 883 1559 921 sumus
1586 870 2013 936 tupraestantior
2034 879 2133 929 -es,
2172 866 2263 932 qui
2315 867 2367 917 in

814 974 911 1011 nos
964 958 1231 1011 licentiam
1278 959 1466 1010 habes.
1526 956 1989 1021 Quemadmodum
2048 956 2209 1024 igitur
2271 969 2368 1009 nos

816 1051 1028 1113 brutis,
1076 1065 1197 1103 eum
1249 1048 1726 1111 melioressimus,
1763 1049 2109 1114 imperamus,
2144 1048 2215 1098 ita
2269 1061 2370 1098 no-

816 1143 923 1202 bis,
963 1150 1016 1192 tu
1061 1154 1187 1203 rex,
1235 1153 1356 1192 eum
1404 1139 1751 1206 praestantior
1799 1137 1910 1201 sis,
1951 1137 2101 1203 juxta
2155 1136 2365 1204 imperii

817 1233 1077 1284 rationem
1113 1230 1383 1282 licentiam
1416 1228 1602 1290 habes,
1636 1243 1738 1278 non
1763 1228 1929 1307 (μισεῖ)
1951 1238 2002 1279 te
2034 1228 2369 1294 praestantior

814 1323 884 1376 sit
944 1323 1140 1385 homo,
1196 1321 1285 1372 sed
1337 1319 1474 1371 Deus
1509 1317 1789 1369 invisibilis
1821 1319 2059 1369 omnium
2098 1318 2270 1370 factor
2306 1327 2367 1371 et

816 1412 1077 1464 Dominus
1111 1425 1140 1463 a
1188 1424 1297 1477 quo
1356 1410 1481 1477 quid
1529 1408 1773 1476 expediat
1800 1420 1987 1476 petere
2042 1414 2357 1465 convenitur

815 1504 948 1557 Cum
981 1504 1144 1555 multa
1184 1502 1375 1555 similia
1398 1501 1623 1553 dixisset
1650 1500 1843 1552 Abram
1869 1502 2159 1567 spectantia
2190 1512 2357 1555 astro-

815 1593 1007 1659 IOgiatn
1038 1632 1050 1655 ,
1087 1607 1208 1661 rege
1250 1593 1609 1659 approbante,
1658 1589 1854 1641 multos
1885 1603 1947 1642 ex
1980 1588 2245 1659 {Egyptiis
2290 1601 2363 1645 at-

813 1685 976 1736 traxit
1011 1684 1075 1735 ad
1117 1683 1424 1750 religionem
1458 1690 1512 1733 et
1543 1680 1731 1732 falsam
1765 1694 1949 1732 eorum
1978 1683 2260 1735 scientiam
2294 1684 2361 1736 de

2473 524 2563 576 ρον
2598 508 2783 560 τοῦτον
2816 508 3106 574 ἀπαλλάξω
3131 508 3221 561 τοῦ
3244 510 3328 560 διά
3356 506 3523 573 πυρὸς
3555 506 3802 570 θανάτου,
3830 508 4003 561 κελεύ-

2469 616 2567 661 σας
2600 598 2752 651 ὖδατι
2794 601 2957 653 αὑτὸν
3011 601 3390 671 ἀναιρεθῆναι,
3444 601 3532 653 ἵνα
3574 602 3703 671 ὑμῖν
3732 603 3876 670 εργῳ
3909 617 4005 654 πα-

2472 693 2722 759 ραστήσω
2770 693 3068 763 προδήλως,
3123 694 3204 745 ὃτι
3242 694 3469 746 δύναταί
3528 711 3577 747 τι
3617 694 3765 761 παρὰ
3804 696 4004 762 γένεσιν

2469 781 2739 846 γενέσθαι·
2776 802 2795 833 ι
2834 783 2927 835 καὶ
2955 783 3124 845 οὕτως
3150 785 3384 855 ήλεγξεν
3410 784 3588 837 αὐτῶν
3628 780 3685 836 εὖ
3736 784 3879 852 μάλα
3917 785 4005 854 τήν

2470 869 2597 936 περὶ
2625 869 2730 921 τῶν
2767 872 2971 940 χρόνων
3002 874 3251 944 περὶτῆς
3287 874 3764 944 ζωῆςκπρόρρησιν
3801 873 4006 942 καὶτῆς

2544 920 2555 936 ι
2714 920 2717 921 ⁷
2769 920 2963 940 ΛΓ“’“’⁷⁷
3008 920 3128 944 "'l"
3164 920 3250 943 *Ἰν
3289 920 3427 943 ’,⁷⁷Ἰν
3467 920 3757 944 "r'rr‘l'"
3802 920 3892 927 ""'
3926 920 4004 942 "l'

2470 958 2726 1027 τελευτῆς
2771 962 3064 1029 ἀπόφασιν.
3126 920 3547 1033 Ἠσυχασάκίτων
3586 961 3678 1017 οὖν
3720 966 3951 1038 πάντων,
3982 967 4006 1016 6

2475 1052 2694 1122 Ἀὸραμ
2715 1053 2808 1105 τοῦ
2829 1054 3016 1122 ιλὲγειν
3043 1055 3277 1125 ἤρξατοο
3315 1075 3332 1106 ι
3368 1056 3605 1123 Μέγιστε
3645 1057 3735 1107 καὶ
3786 1055 4003 1125 φιλαλη-

2472 1143 2958 1213 Θέστατεβασιλεῦ,
2982 1145 3168 1215 ἔπειδὴ
3197 1146 3308 1215 ὁρῶ
3338 1162 3395 1198 σε
3422 1146 3772 1215 φροντίζόντα
3813 1147 4004 1217 σφόδρα

2468 1236 2565 1303 τῆς
2593 1237 2959 1305 προκειμένης
2989 1236 3294 1305 ζητήσεως,
3329 1238 3388 1289 τὸ
3415 1237 3775 1305 ἀληθέστερον
3800 1239 3907 1305 ὲγώ
3936 1253 4007 1289 σοι

2470 1324 2689 1395 παρέξω
2743 1326 2810 1378 δι’
2871 1326 3164 1396 ἐπιτομῆς,
3203 1327 3484 1396 ἀληθεύων
3517 1329 3575 1379 ὲν
3598 1329 3783 1391 πᾶσιν,
3813 1328 3886 1390 ὡς
3920 1328 4007 1397 τῆς

2471 1416 2729 1485 ἀληθείας
2756 1417 2925 1480 ὅντως
2959 1418 3161 1481 δοῦλος.
3194 1438 3211 1469 ι
3250 1418 3356 1473 Τοῦ
3377 1420 3434 1471 δὲ
3462 1419 3725 1488 βασιλέως
3748 1420 4003 1482 εἰπόντος·

2476 1525 2493 1557 ι
2532 1509 2792 1578 Μεγάλην
2826 1526 2915 1578 μοι
2954 1508 3155 1578 ταύτην
3202 1512 3450 1579 ποιήσεις
3500 1511 3687 1580 χάριν,
3729 1529 3747 1561 ι
3799 1511 4008 1579 φησ“ινό

2474 1598 2693 1668 Ἀϐραμ
2716 1615 2729 1631 ο
2756 1619 2771 1651 ι
2803 1600 2876 1651 UO
2904 1600 3060 1669 μόνον
3088 1601 3136 1651 οί
3163 1599 3460 1669 ἄνθρωποι,
3478 1601 3615 1653 ἁλλά
3637 1601 3730 1653 καὶ
3753 1600 3820 1652 τὰ
3846 1600 4008 1668 ἄλογα

2469 1690 2580 1753 ζῶα
2610 1690 2815 1753 γενέσει
2849 1691 3158 1743 ὑπόκεινται
3185 1705 3197 1720 ·
3229 1690 3278 1742 οί
3323 1692 3501 1760 μέντοι
3529 1691 3803 1759 ἄνθρωποι
3833 1691 4007 1759 ἔχουσί

813 1775 1099 1841 astrologia
1152 1782 1203 1826 et
1236 1772 1407 1840 magia
1458 1771 1762 1824 emendavit
1791 1771 2008 1826 dicens:
2056 1794 2074 1823 ι
2110 1774 2357 1842 Magnum

2400 1773 2435 1823 Β
2468 1799 2521 1831 τι
2554 1783 2609 1833 ἐν
2638 1782 2848 1840 ἑαυτοῖς
2890 1778 3191 1847 ἐλεύθερον,
3240 1780 3451 1845 γενέσει
3499 1780 3573 1847 μὴ
3627 1779 4002 1847 ὑποκείμενον,

813 1865 1103 1918 diserimen
1150 1873 1262 1926 est,
1334 1877 1366 1915 ο
1414 1861 1531 1925 viri,
1610 1861 1746 1914 inter
1805 1866 2082 1915 veritatem
2116 1874 2185 1924 ,et
2224 1882 2353 1918 con-

804 1958 1140 2012 suetudinem
1168 1971 1182 2017 ;
1216 1955 1409 2007 veritas
1442 1955 1606 2014 enim,
1638 1967 1760 2005 eum
1816 1955 2023 2008 sincere
2076 1957 2355 2024 quaeritur,

806 2046 1026 2100 omnino
1080 2046 1388 2107 invenitur;
1447 2045 1777 2097 consuetudo
1836 2059 1961 2097 vero
2007 2046 2119 2100 sive
2166 2062 2359 2101 secun-

807 2140 933 2189 dum
987 2139 1289 2202 veritatem,
1337 2138 1447 2189 sive
1498 2138 1792 2189 secundum
1834 2136 2164 2200 falsitatem,
2224 2140 2358 2192 citra

805 2226 1067 2295 judicium
1144 2242 1235 2293 per
1293 2226 1535 2291 seipsam
1595 2226 1982 2287 confirmatur,
2045 2235 2097 2278 et
2134 2206 2234 2291 qui
2300 2229 2361 2279 il-

811 2320 918 2371 lam
975 2318 1209 2385 suscepit
1260 2332 1325 2369 ne
1393 2317 1611 2368 veritate
1681 2318 1895 2382 quidem
1957 2318 2186 2383 gaudet,
2261 2336 2358 2373 nec

811 2412 947 2467 falso
977 2412 1320 2481 indignatur;
1358 2410 1637 2462 non-enim
1686 2409 1907 2476 judicio,
1947 2411 2036 2462 sed
2072 2410 2355 2478 anticipata

732 2527 737 2537 -
815 2505 1090 2570 opinione.
1119 2504 1164 2555 is
1188 2515 1444 2555 assensus
1466 2511 1548 2553 est
1569 2501 1844 2551 sententia:
1892 2514 2077 2553 eorum
2112 2504 2201 2569 qui
2233 2513 2355 2554 ante

810 2610 867 2648 se
887 2594 1122 2657 fuerunt,
1149 2594 1362 2645 incertae
1383 2592 1609 2645 fortunae
1625 2606 1719 2644 sua
1746 2592 1916 2661 ipsius
1935 2607 2027 2659 spe
2048 2594 2359 2647 commissa.

809 2682 991 2753 Neque
1024 2684 1134 2752 jam
1168 2681 1323 2736 facile
1375 2682 1604 2749 patrium
1651 2680 1918 2749 deponere
1951 2682 2353 2745 vestimentum,

806 2774 933 2830 licet
990 2788 1211 2844 prersus
1268 2772 1316 2826 ei
1372 2782 1701 2827 monstretur
1757 2774 2041 2827 stultitiam
2097 2774 2196 2827 hoc
2240 2789 2361 2828 esse

808 2866 921 2920 risu
958 2865 1195 2933 dignam.
1239 2864 1494 2931 [squidem
1528 2864 1642 2917 sine
1672 2877 1818 2917 mera
1856 2864 1992 2916 hanc
2016 2878 2357 2932 paganorum

807 2954 1147 3021 disciplinam
1196 2962 1249 3006 et
1299 2954 1655 3020 nugacitatem
1692 2954 1815 3005 mali
1861 2954 2123 3007 ilaamOnis
2177 2956 2357 3021 pernis

810 3044 1171 3101 eiosissimam
1206 3043 1601 3109 suggestionem
1639 3058 1755 3096 esse
1784 3043 1938 3105 dico;
1972 3045 2185 3111 quidam
2217 3046 2354 3097 enim

2468 1870 2655 1922 καθότι
2684 1869 2781 1937 τῆς
2811 1870 3072 1936 γενέσεως
3094 1872 3270 1921 ἐκεῖνο
3294 1870 3684 1940 πρεσϐύτερον,
3715 1871 3848 1939 ὅπερ
3874 1870 4008 1921 ἐστὶν

2464 1963 2519 2011 ὲν
2555 1960 2860 2029 ἀνθρώποις
2889 1959 3321 2029 αὑτεξουσιότης,
3374 1961 3495 2029 ἥτις
3526 1962 3589 2013 ὲκ
3623 1961 3756 2014 Θεοῦ
3803 1961 4006 2013 δοθεῖσα

2467 2053 2617 2118 ήμῖν,
2654 2051 2774 2103 ὅθεν
2829 2051 2937 2102 τῶν
2972 2051 3181 2117 ἀλόγων
3224 2051 3511 2121 κρείττους
3562 2052 3717 2114 ὄντες
3753 2054 3859 2103 »καὶ
3895 2052 4004 2104 κατ’

2466 2140 2714 2203 ἐξουσίαν
2784 2143 3029 2208 ἀναιρεῖν
3085 2142 3184 2209 μὲν
3247 2142 3408 2209 ήμε-ίς
3461 2142 3599 2193 αὐτὰ
3666 2125 4004 2209 πεφύκαμεν·

2473 2233 2628 2301 ἡμῶν
2692 2233 2746 2284 δὲ
2785 2233 2882 2301 τὴν
2949 2229 3192 2293 ἐξουσίαν
3228 2230 3409 2283 αὐτῶν
3454 2233 3707 2299 ἑχόντων,
3742 2232 3805 2284 σὺ
3855 2231 4006 2283 πάλιν

2466 2324 2724 2392 κρείττων
2754 2323 2797 2354 ³⁸
2823 2324 3102 2389 ὑπάρχεις,
3137 2322 3291 2389 ἡμῶν
3321 2321 3458 2390 ἔχων
3489 2324 3587 2389 τὴν
3616 2322 3883 2387 ἐξουσίαν.
3931 2322 4009 2380 Ὧς

2464 2412 2555 2468 οὖν
2624 2417 2783 2483 ἡμεῖς
2832 2416 3335 2484 καταλογικώτερον
3401 2413 3509 2464 τῶν
3579 2414 3787 2478 ἀλόγων
3836 2411 4003 2475 ζώων,

2465 2506 2684 2572 ἄμεινον
2712 2504 2887 2565 ὅντεςη
2932 2505 3195 2572 ἄρχομεν,
3236 2506 3408 2565 οὕτως
3442 2504 3602 2573 ήμῶν
3636 2505 3723 2565 σὺ,
3758 2503 4006 2572 βασιλεῦ,

2464 2589 2727 2660 κρείττων
2774 2592 2817 2656 ξ’
2872 2592 3150 2658 ὑπάρχων,
3207 2594 3343 2643 κατὰ
3376 2592 3468 2644 τὸν
3512 2592 3612 2661 τῆς
3647 2594 3818 2661 ἀρχῆς
3859 2592 4008 2657 λόγον

2464 2684 2561 2748 τὴν
2592 2682 2837 2744 ἐξουσίαν
2883 2680 3046 2749 ἔχεις,
3080 2680 3270 2749 ὥσπερ
3306 2682 3371 2750 δὴ
3399 2682 3490 2733 καὶ
3540 2683 3634 2734 σοῦ
3678 2686 3940 2749 κρείττων
3970 2682 4009 2711 ³⁵

2463 2774 2562 2824 οὐκ
2600 2772 2905 2842 ἄνθρωπος,
2935 2771 3049 2824 ἀλλ’
3080 2774 3104 2823 6
3133 2770 3263 2832 Θεὸς
3291 2773 3337 2823 '6
3370 2772 3600 2840 ἀόρατος
3645 2772 3739 2823 καὶ⁵
3787 2770 4009 2839 ποιητὴς

2460 2862 2679 2916 πάντων
2709 2862 2801 2913 καὶ
2828 2862 3118 2930 δεσπότης,
3148 2860 3278 2929 παρ’
3302 2852 3361 2912 οὗ
3394 2860 3487 2911 καὶ
3513 2860 3571 2911 τὸ
3603 2861 3885 2929 συμφέρον
3916 2860 4011 2911 καί·

2460 2952 2668 3004 τείσθαι
2723 2954 3007 3020 προσήκει.
3056 2970 3071 3001 ι
3112 2949 3285 3002 Πολλὰ
3322 2949 3378 3001 δέ
3430 2964 3485 3018 γε
3531 2949 3751 3002 τοιαῦτα
3801 2948 4009 3015 λέξαςδ

2465 3044 2685 3113 Ἀδραμ
2726 3044 2805 3105 είς
2835 3043 2925 3094 τὸν
2958 3043 3055 3109 τῆς
3084 3040 3439 3111 ἀστρολογίας
3468 3042 3664 3093 σκοπὸν
3697 3040 3772 3108 τῷ
3802 3040 4011 3108 βασιλεῖ

811 3153 875 3191 ex
922 3136 1028 3189 illis
1060 3134 1260 3187 multos
1290 3133 1418 3185 deos
1456 3133 1869 3186 introduxerunt
1902 3145 1953 3187 et
1985 3136 2081 3187 hos
2117 3138 2248 3187 viles
2304 3146 2355 3187 ct
2384 3132 2385 3143 ¹

2396 3108 2430 3168 c
2464 3108 2843 3203 χαριζόμενος,
2885 3108 3112 3195 πολλοὺς
3158 3108 3266 3185 των
3312 3132 3627 3199 Αἰγυπτίων
3668 3133 4009 3184 ἐπεσπάσατο

815 3227 1068 3280 omnibus
1102 3222 1487 3291 cupiditatibus
1550 3222 1779 3288 deditos,
1830 3233 1887 3275 ut
1926 3224 2108 3276 volens
2163 3228 2358 3292 aliquis

814 3317 1012 3371 similia
1066 3328 1226 3383 agere
1287 3326 1393 3366 non
1428 3312 1730 3376 erubescat,
1778 3314 1914 3379 quod
1965 3314 2196 3366 hominis
2234 3331 2359 3380 pru-

817 3407 989 3475 prium
1015 3416 1098 3459 est
1126 3405 1397 3472 exemplar
1444 3404 1645 3457 habens
1679 3404 1966 3473 pessimam
2020 3414 2072 3455 et
2130 3404 2360 3455 inlione-
2396 3459 2401 3465 ,

821 3506 959 3550 stam
1003 3496 1167 3548 vitam
1206 3494 1467 3548 falsorum
1498 3493 1709 3547 illorum
1740 3496 1985 3554 deorum,
2046 3492 2362 3560 sublatoque

816 3586 1020 3657 pudore
1074 3600 1140 3640 ne
1174 3585 1499 3655 poenitentia:
1544 3583 1761 3653 quidem
1816 3598 1963 3653 spem
1994 3583 2085 3637 ille
2140 3582 2361 3635 omnino

814 3680 1037 3749 praebet.
1071 3678 1175 3730 Alii
1205 3692 1328 3730 vero
1369 3674 1463 3729 fati
1494 3675 1616 3729 ficto
1652 3690 1857 3738 errore,
1884 3674 2028 3727 aliud
2064 3674 2359 3727 nativitatis

814 3770 1031 3823 nomine
1062 3769 1178 3822 sine
1207 3781 1311 3835 qua
1341 3766 1473 3819 nihil
1494 3766 1603 3834 pati
1637 3775 1728 3820 aut
1751 3764 1927 3820 facere
1948 3765 2155 3833 aliquis
2172 3764 2349 3832 possit

816 3862 1047 3915 absurde
1087 3857 1346 3927 elﬁngunt
1394 3858 1574 3910 ethoc
1608 3855 1725 3925 ipso
1776 3869 1965 3909 errore
1995 3863 2048 3908 et
2090 3855 2360 3923 impietate

814 3950 1127 4013 oﬂ'endunt;
1170 3949 1216 4002 si
1244 3946 1511 4016 putaverit
1543 3945 1686 3999 enim
1725 3945 1921 4013 aliquis
1937 3952 2142 4013 praeter
2168 3946 2361 3997 nativi-

816 4049 999 4102 tatem,
1035 4038 1147 4092 sive
1185 4037 1377 4099 fatum,
1414 4036 1545 4088 nihil
1575 4034 1851 4097 hominem
1899 4035 2004 4103 pati
2031 4044 2121 4087 aut
2187 4033 2362 4086 facere

815 4147 994 4203 posse,
1030 4129 1183 4184 facile
1208 4128 1505 4197 pecudibus
1534 4126 1726 4180 similis
1752 4126 1817 4179 ad
1850 4134 2067 4194 peccata
2095 4124 2359 4177 deﬂectet.

815 4221 881 4273 Et
912 4230 1033 4289 post
1075 4226 1289 4286 peccata
1313 4231 1418 4268 non
1458 4216 1605 4267 illum
1637 4216 1860 4282 pmnitet
1916 4212 2228 4278 impietatis,
2262 4224 2361 4261 ex-

816 4311 1149 4364 cusationem
1202 4304 1489 4357 absurdam
1545 4302 1850 4360 habentem,
1910 4299 2189 4352 nativitate
2210 4314 2270 4350 se
2297 4298 2361 4349 ad

818 4400 919 4453 ista
960 4395 1201 4449 facienda
1240 4403 1507 4445 coactum.
1557 4388 1822 4443 Caeterum
1887 4387 1979 4454 qui
2026 4386 2361 4439 nativitatem

818 4489 1089 4555 corrigere
1116 4483 1321 4552 nequit,
1340 4484 1483 4533 hunc
1504 4495 1611 4533 non
1638 4480 1801 4546 pudet
1822 4492 2091 4555 peccasse.
2118 4477 2218 4529 Alii
2236 4492 2359 4531 vero

818 4554 1185 4633 inconsultum
1220 4573 1506 4642 impulsum
1558 4570 1837 4632 inducunt,
1884 4554 2121 4623 dicentes
2180 4572 2359 4623 omnia

819 4679 1019 4724 temere
1047 4665 1343 4718 consistere
1365 4671 1417 4715 et
1444 4660 1569 4713 ferri
1614 4660 1759 4713 nullo
1809 4658 2033 4727 iuvante
2057 4660 2278 4713 domino
2309 4670 2360 4711 et

819 4769 1046 4815 rectore.
1086 4756 1287 4811 Idcirco
1305 4754 1445 4808 haud
1464 4752 1722 4818 facile,ne
1742 4752 1913 4808 dicam
1936 4768 2233 4821 nunquam,
2270 4752 2359 4820 qui

820 4852 943 4905 talia
979 4850 1217 4915 sentiunt
1248 4846 1601 4901 emendantur
1631 4854 1683 4899 et
1711 4844 1777 4898 ad
1831 4844 2147 4913 sapientiam
2202 4842 2362 4895 redu-

821 4946 1040 4991 cuntur.
1065 4956 1082 4987 ι
1116 4936 1221 4990 Rex
1250 4948 1568 5004 magtiepere
1590 4933 1824 4986 laudavit
1854 4948 1997 4996 eum,
2022 4930 2087 4983 ab
2115 4930 2364 4983 omnibus
2398 4972 2401 4977 .

820 5029 1077 5096 siquidem
1112 5028 1165 5082 in
1199 5026 1551 5083 admiratione
1581 5024 1763 5078 haberi
1796 5023 1999 5084 videns,
2032 5029 2079 5073 et
2116 5017 2362 5072 maximis

2463 3227 2541 3285 είς
2595 3223 2927 3287 θεοσέϐειαν,
2989 3222 3083 3275 καὶ
3106 3222 3202 3291 τὴν
3253 3221 3601 3290 ὲσφαλμένην
3654 3220 3788 3291 (40')
3834 3220 4009 3272 αὐτῶν

2462 3312 2659 3377 γνῶσιν
2694 3314 2789 3364 καὶ
2829 3313 3079 3364 παιδείαν
3108 3314 3234 3381 περὶ
3269 3311 3626 3383 ἀστρολογίας
3653 3312 3747 3363 καὶ
3782 3310 4009 3380 μαγείας

2461 3400 2804 3467 διωρθώσατο
2838 3402 3056 3466 φάσκων
3077 3418 3090 3431 ·
3133 3421 3149 3451 ι
3190 3402 3365 3471 Πολλή
3394 3420 3497 3463 τις,
3534 3397 3577 3455 ὦ
3605 3403 3816 3471 ἄνδρες,
3845 3405 3877 3469 ἠ
3902 3402 4009 3453 δια-

2463 3488 2602 3556 φορά
2632 3490 2776 3540 ἐστιν
2810 3488 3062 3556 ἀληθείας
3094 3490 3187 3539 καὶ
3217 3491 3530 3557 συνηθείας·
3561 3494 3593 3559 ή
3632 3493 3729 3559 μὲν
3749 3493 3860 3559 γὰρ
3882 3492 4011 3557 ἁλή-

2462 3580 2580 3629 θεια
2621 3578 2857 3647 γνησίως
2893 3577 3197 3645 ζητουμένη
3240 3578 3454 3639 πάντως
3490 3580 3823 3647 εὑρίσκεται,
3862 3582 3922 3632 τὸ
3958 3581 4009 3632 δὲ

2462 3667 2579 3728 ἔθος
2596 3670 2774 3719 ὁποῖον
2803 3666 2867 3719 ἄν
2892 3652 3220 3736 παραληφθῇ
3254 3666 3361 3717 εἴτε
3386 3664 3618 3733 ἀληθῶςν
3646 3666 3754 3717 εἴτε
3780 3665 4007 3730 Ψευδῶἶ·

2461 3758 2697 3828 ἀκρίτως
2754 3759 2841 3825 ὑφ’
2883 3755 3078 3809 ἑαυτοῦ
3136 3756 3485 3825 κρατύνεται,
3512 3754 3604 3806 καὶ
3651 3753 3773 3807 οὗτε
3826 3754 4012 3825 ἀληθεῖ

2462 3849 2608 3919 αὐτῷ
2638 3850 2677 3879 ²¹
2711 3849 2895 3917 ἥδεται
2927 3849 2953 3900 6
2980 3847 3333 3917 παραλαϐὼν,
3361 3845 3471 3915 69
3499 3844 3619 3897 οὔτε
3638 3844 3714 3908 ὡς
3744 3842 3941 3913 ψευδὲς
3969 3846 4007 3877 ³⁸

2463 3937 2684 4005 ἄχθεται
2712 3952 2725 3967 ’
2764 3938 2823 3989 οὺ
2859 3936 2965 4004 γὰρ
2998 3936 3198 4005 κρίσει,
3232 3934 3369 3987 ἀλλά
3418 3934 3686 4003 προλήψει
3716 3934 3743 3985 ὁ
3774 3922 4011 3994 τοιοῖἷτος

2465 4026 2789 4077 πεπίστευκε
2819 4026 3013 4095 γνώμῃ
3037 4026 3144 4077 τῶν
3202 4027 3307 4093 πρὸ
3348 4024 3532 4087 αὑτοῦ,
3555 4026 3641 4077 ἐπ’
3666 4024 3844 4093 ἀδήλῳ
3879 4023 4011 4095 τύχῃ

2464 4119 2560 4187 τὴν
2594 4119 2729 4170 ίδίαν
2784 4118 3125 4177 ἐπιδεδωκὼς
3177 4118 3389 4171 ἐλπίδα.
3430 4117 3540 4170 Καὶ
3575 4118 3760 4169 οὐκέτι
3815 4116 4009 4186 ῥαδίως

2465 4209 2835 4263 ἀποδύσασθαι
2866 4209 2962 4276 τὴν
2979 4210 3206 4273 πάτριον
3232 4209 3543 4278 περιϐολὴν,
3571 4209 3671 4260 κᾶν
3695 4210 3837 4261 πάνυ
3866 4204 4012 4272 αὐτῷ

2465 4299 2736 4351 δείκνυται
2797 4298 2975 4365 μωρία
3026 4298 3119 4349 καὶ
3171 4298 3571 4364 καταγέλαστος
3594 4297 3758 4353 οὖσα.
3810 4297 4013 4349 Αὐτίκα

2396 4413 2438 4469 ο
2466 4389 2557 4442 οὖν
2583 4388 2690 4454 ἐγὼ
2724 4388 2817 4456 τὴν
2844 4388 2973 4455 παρ’
3009 4387 3275 4455 Ἑλλήνων
3302 4388 3548 4438 παιδείαν
3579 4390 3670 4439 καὶ
3710 4386 4014 4454 φληναφίαν

2469 4477 2639 4532 κακοῦ
2664 4477 2915 4546 δαίμονος
2941 4476 3333 4544 χαλεπωτάτην
3365 4476 3617 4527 ὑπόθεσιν
3662 4471 3802 4526 εἶναι
3832 4475 4010 4539 λέγω·

2467 4572 2516 4623 οί
2550 4572 2646 4640 μὲν
2700 4568 2806 4638 γὰρ
2837 4568 3015 4621 αὐτῶν
3049 4567 3274 4628 πολλοὺς
3325 4566 3479 4627 θεοὺς
3518 4564 3881 4633 εἰσηγήσαντο
3925 4560 4015 4613 καὶ

2467 4662 2687 4724 τούτους
2709 4659 2943 4729 φαύλους
2974 4660 3068 4711 καὶ
3108 4658 3491 4720 παντοπαθεῖς,
3534 4656 3620 4709 ἴνα
3670 4657 3696 4707 6
3752 4654 3821 4706 τὰ
3859 4654 4014 4720 ὅμοια

2468 4754 2724 4824 πράττειν
2752 4752 2949 4804 ἐθέλων
2992 4750 3124 4820 μηδὲ
3152 4750 3362 4818 αἰδῆται
3393 4750 3458 4813 ³³,
3485 4749 3619 4816 ὅπερ
3644 4746 3774 4799 ίδιον
3804 4745 4010 4814 ἀνθρώ-

2468 4860 2593 4908 που,
2630 4842 2975 4911 παράδειγμα
3012 4841 3119 4893 τῶν
3168 4839 3648 4910 μυθολογουμένων
3697 4837 3835 4890 θεων
3879 4837 4014 4907 ἔχων

2466 4934 2589 4995 τοὺς
2618 4932 2907 4994 κακίστους
2936 4932 3027 4984 καὶ
3058 4931 3330 5002 ἀσέμνους
3358 4930 3529 4999 βίους,
3573 4929 3651 4999 τῷ
3679 4930 3723 4962 ³⁸
3754 4928 3916 4997 δὲ’μὴ
3946 4928 4017 4977 αἱ-

2466 5023 2669 5076 δεϊσθαι
2705 5022 2824 5075 οὐδὲ
2859 5022 3147 5091 μετανοίας
3196 5022 3385 5084 ἐλπίδα
3448 5021 3664 5082 πάντως
3705 5021 3735 5071 6
3772 5016 4013 5075 τοιοῦτος

1988 5269 2177 5329 Variae
2210 5268 2507 5329 lectiones
2552 5275 2612 5355 et
2654 5276 2841 5329 notae.

893 5500 933 5529 "
966 5500 1109 5564 κρεῑτ
1124 5514 1201 5548 τον
1238 5499 1357 5549 eod.

831 5570 953 5620 aed.
1034 5567 1076 5595 "
1115 5569 1168 5615 τό
1209 5566 1327 5618 eod.

1435 5500 1474 5527 "
1512 5499 1753 5563 κρεῖττον
1801 5498 1918 5551 eod.

2005 5496 2047 5526 ³ο
2082 5498 2321 5565 κρεῖττον
2357 5497 2472 5551 cod.

2565 5498 2604 5528 ⁸¹
2638 5497 2791 5565 ἀληθ.
2828 5498 2983 5552 αὐτόν
3026 5505 3148 5558 cod.
3238 5504 3280 5533 ³¹
3314 5501 3481 5569 ψευδῆ
3521 5501 3638 5554 cod.
3718 5502 3758 5535 ⁸³
3794 5503 4017 5556 αἰδεῖται
