4100 6316
180 338 281 403 211

1394 341 1850 405 CIIRONICON.
1892 368 1961 379 --
1998 344 2147 405 LIB.
2192 346 2275 405 ΙΙ.

3328 341 3431 403 218

181 454 446 525 προφάσει
506 457 615 511 τῶν
653 455 988 527 χορευτριῶν
1029 455 1214 507 ἕνεκεν
1250 458 1345 524 τῆς
1389 454 1666 523 εὐφημίας
1689 449 1755 525 ἧς

1864 458 2117 512 mulieres
2155 457 2257 510 hoc
2298 470 2517 511 carmen
2565 458 2629 508 ad
2678 456 2892 510 Davidls
2938 452 3150 517 laudem
3186 453 3430 507 cecinere

181 546 375 615 ἐπῇδον
408 546 459 579 ⁸³
514 548 663 620 αὖτῷ
704 549 962 614 λέγουσαι
1006 548 1086 579 ⁷⁸·
1136 565 1155 599 ι
1219 546 1465 614 Ἐνίκησε
1498 544 1671 599 Σαοὺλ
1702 547 1760 597 ὲν

182 636 413 705 χιλιάσι,
441 643 536 695 καὶ
580 640 743 693 Δαυὶδ
794 641 854 691 ὲν
915 638 1192 709 μυριάσιν.
1234 656 1252 689 ι
1298 636 1374 706 (5)
1416 636 1521 688 Καὶ
1568 633 1760 687 ἀποδι-

179 722 402 799 δράσκει
464 734 630 786 Δαυὶδ
691 733 786 785 ἀπ’
843 731 1029 794 αὐτοῦ,
1086 732 1172 784 ὅτε
1231 731 1327 782 καὶ
1381 729 1505 790 τοὺς
1556 728 1759 797 ἄρτους

184 823 352 891 Ξεραγε
409 827 511 894 τῆς
574 824 886 894 προθέσεως
938 824 1003 876 ἐκ
1063 821 1242 901 χειρὸς
1306 818 1592 888 Ἀϐιμέλεχ
1658 815 1754 870 τοῦ

186 916 509 983 ἀρχιερέως,
545 919 674 986 περὶ
711 910 770 969 οῦ
809 911 1283 988 Σαοὺλκθυμωθεὶς
1322 911 1415 963 καὶ
1444 910 1758 980 ἀγανακτή-

186 1021 275 1066 σας
328 1008 512 1059 ἀνεῖλε
577 1007 670 1059 τὸν
728 1005 1040 1075 ’Δϐιμέλεχ,
1081 1003 1170 1055 διὰ
1230 1005 1411 1072 χειρδς
1470 1001 1611 1072 Δοὴκ
1662 1001 1754 1053 τοῦ

189 1097 379 1165 Σύρου,
414 1098 511 1150 καὶ
540 1099 750 1161 πάντας
791 1098 919 1160 τοὺς
968 1095 1084 1166 μετ’
1130 1094 1292 1147 αὐτοῦ
1336 1094 1500 1163 ἱερεῖς
1550 1091 1756 1162 Κυρίου

186 1188 373 1257 ἄνδρες
401 1187 481 1241 υν¹
514 1189 583 1250 ἰ,
627 1189 689 1241 οὐ
723 1188 831 1259 μὴν
864 1187 920 1240 δὲ
949 1188 995 1218 "
1029 1204 1047 1238 ι
1086 1186 1180 1238 καὶ
1215 1187 1396 1237 πᾶσαν
1454 1184 1552 1253 τὴν
1603 1183 1757 1237 πόλιν

184 1280 284 1331 τῶν
313 1280 509 1349 ἱερέων
537 1279 768 1349 Νομϐὰν
805 1278 1079 1345 ἐπάταξεν
1113 1280 1171 1330 ἐν
1214 1277 1445 1346 στόματι
1482 1275 1759 1345 ῥομφαίας

184 1371 288 1423 ἀπὸ
317 1372 523 1441 ἀνδρὸς
553 1372 660 1435 ἕως
701 1372 982 1439 γυναικὸς,
1021 1371 1113 1422 καὶ
1163 1370 1360 1439 νηπίου
1409 1368 1755 1438 θηλάζοντος,

184 1460 271 1513 καὶ
327 1461 559 1531 μόσχου,
601 1463 696 1514 καὶ
734 1462 879 1523 ὄνου,
929 1463 1021 1513 καὶ
1074 1461 1359 1528 προϐάτων
1384 1442 1400 1491 ὀ
1442 1477 1459 1509 ι
1496 1459 1555 1511 οὐ
1626 1475 1757 1510 κατ-

184 1554 406 1625 ελείφθη
432 1557 615 1608 αὐτῶν
642 1556 761 1607 οὐδὲ
792 1550 870 1615 εἷς
896 1555 1115 1623 ⁷³,πλὴν
1150 1553 1411 1620 Ἀϐιάθαρ
1454 1551 1566 1612 υίὸς
1608 1550 1755 1602 Ἀϐι-

188 1647 349 1715 ptth
395 1647 587 1713 φυγὼν
637 1645 771 1714 πρὸς
808 1645 898 1695 τὸν
943 1646 1126 1695 Δαυίδ.
1169 1643 1244 1712 (ὃ)
1280 1640 1424 1708 Αὕτη
1455 1640 1549 1691 τοῦ
1580 1640 1753 1692 Σαοὺλ

184 1736 217 1804 ὴ
278 1733 568 1800 μιαιφονία
638 1734 863 1787 πάντων
933 1731 1038 1783 τῶν
1106 1730 1281 1782 ἄλλων
1338 1729 1749 1799 ἁμαρτημάτων

185 1824 625 1895 δυσσεϐεστέραι
670 1824 763 1877 τοῦ
816 1824 912 1894 μὲν
961 1822 1069 1890 γὰρ
1127 1820 1263 1874 Θεοῦ
1318 1817 1750 1890 προστεταχότος
1786 1804 1827 1858 Β

188 1916 317 1986 (27')
361 1916 536 1987 ἄρδην
580 1914 961 1984 ἑξολοθρεῦσαι
1023 1914 1117 1966 τὸν
1173 1911 1441 1983 ’Λμαλὴκ,
1484 1910 1545 1962 ού
1598 1908 1758 1977 μόνον

187 2007 273 2060 τδν
306 2009 491 2075 ’Δγαγ
538 2006 817 2070 διέσωσεν,
849 2004 984 2058 ἀλλὰ
1032 2005 1124 2057 καὶ
1153 2005 1256 2057 ὅσα
1303 1999 1369 2073 ἦν
1415 2000 1579 2054 αὑτοῦ
1616 1998 1761 2062 6&6-

188 2115 392 2168 κτητα’
428 2097 524 2150 τοῦ
567 2098 625 2150 δὲ
673 2098 847 2168 θυμοῦ
900 2098 1272 2166 κεκινηκότος,
1307 2097 1368 2146 οὐ
1418 2092 1578 2161 μόνον
1631 2090 1759 2152 τοὺς

190 2189 348 2256 ἱερεῖς
395 2188 770 2255 κατέκτεινεν,
827 2188 966 2241 ἀλλὰ
1032 2189 1125 2240 καὶ
1187 2187 1286 2254 τὴν
1356 2184 1511 2237 πόλιν
1580 2180 1759 2233 αὐτῶν

186 2278 489 2348 διέφθειρεν
540 2278 834 2349 αὔτανδρον
879 2279 946 2332 ⁷⁸.
998 2278 1075 2349 (7)
1138 2273 1506 2330 Καταδιῶιιων
1555 2273 1612 2326 δὲ
1666 2273 1759 2325 τὸν

189 2370 364 2435 Δαυὶδ,
396 2370 494 2423 καὶ
538 2370 687 2432 ἅπαξ
737 2370 832 2422 κα)⁵
872 2370 972 2433 δίς,
1014 2366 1272 2436 ἐμπεσὼν
1315 2368 1395 2429 είς
1447 2367 1636 2435 χεῖρας
1666 2364 1763 2416 τοῦ

191 2462 487 2532 μακαρίου,
546 2462 640 2514 καὶ
693 2462 873 2537 μηδὲν¹
922 2460 1155 2523 ἀποδοὺς
1208 2458 1357 2529 αὐτῷ
1419 2458 1590 2512 κακὸν
1639 2458 1761 2509 ἀντὶ

192 2554 380 2616 κακοῦ,
414 2555 520 2623 ἔφη
572 2554 736 2607 Δαυὶδ
783 2552 1003 2623 ,ιιθό
1037 2553 1341 2623 πραότατος
1397 2551 1532 2621 πρὸς
1589 2548 1768 2602 Σαοὺλ

192 2644 278 2697 τδν
322 2645 822 2713 ἁπανθρωπότατον
852 2644 897 2678 ⁷⁵
924 2661 936 2674 ·
984 2662 1003 2695 ι
1047 2644 1165 2697 Ἵνα
1215 2644 1266 2696 τί
1298 2641 1677 2704 καταδιώκεις,
1717 2633 1765 2691 ὧ

195 2734 439 2805 βασιλεῦ.
482 2735 667 2787 λαϐεῖν
706 2735 805 2806 τὴν
857 2734 1035 2805 ψυχήν
1090 2751 1221 2803 μου;
1283 2733 1501 2787 Δικάσει
1560 2732 1762 2803 Κύριος

194 2826 465 2897 ἁναμέσον
485 2826 621 2896 ἐμοῦ
657 2828 752 2879 καὶ
789 2825 905 2892 σοῦ,
947 2828 1043 2879 καὶ
1073 2826 1350 2894 ἐκδικήσει
1382 2842 1447 2895 με
1485 2827 1546 2877 ἐκ
1578 2826 1760 2893 χειρός

197 2932 285 2970 σου
305 2934 318 2949 '
354 2919 388 2989 ἡ
418 2917 477 2970 δὲ
509 2917 631 2987 χείρ
665 2934 768 2983 μου
791 2916 893 2969 οὐκ
922 2916 1067 2968 ἔστιν
1097 2916 1189 2967 ἐπὶ
1216 2917 1298 2979 σὲ,
1330 2914 1510 2975 καθὼς
1539 2914 1757 2979 λέγεται

196 3008 251 3061 ιν
279 3011 344 3078 τῇ
384 3009 590 3079 ἀρχαίᾳ
631 3007 933 3077 παραϐολῇ,
968 3008 1050 3061 ὄτι
1086 3006 1145 3069 ἐξ
1175 3007 1390 3075 ἀνόμων
1414 3004 1759 3069 ἐξελεύσεται

197 3100 538 3173 πλημμέλεια
559 3102 884 3157 ".i—rKa‘t
915 3103 942 3152 6
977 3099 1075 3169 μὲν
1105 3095 1249 3161 οἶκος
1278 3097 1437 3149 Δαυὶδ
1467 3093 1757 3162 ἐπορεύετο
1786 3136 1830 3192 c

196 3190 286 3243 καὶ
340 3191 721 3260 ἐκραταιοῦτο,
767 3194 794 3244 6
834 3191 894 3243 δὲ
939 3188 1086 3252 οἶκος
1145 3189 1315 3242 Σαοὺλ
1344 3185 1637 3254 ἐπορεύετο
1666 3184 1759 3235 καὶ

198 3281 407 3349 ἠσθένει
437 3282 500 3335 ⁷’.
546 3302 569 3333 ι
604 3283 683 3351 (8)
719 3280 850 3333 Εἶτα
890 3280 998 3333 τῶν
1038 3278 1351 3347 ἀλλοφύλων
1407 3276 1543 3346 πρὸς
1588 3275 1760 3328 Σαοὺλ

201 3371 796 3440 ἐστρατοπεδευκότων,
830 3369 924 3421 τοῦ
953 3369 1005 3421 δὲ
1031 3370 1166 3437 προς
1195 3370 1295 3437 τὴν
1321 3358 1759 3436 ἐγγαστρίμυθον

195 3461 519 3522 ἀπελθόντος
557 3461 649 3513 καὶ
682 3459 781 3529 τὴν
809 3459 1088 3527 ἀπόφασιν
1118 3458 1435 3529 δεξαμένου,
1462 3457 1761 3529 προθύμως

198 3550 439 3622 εἰσῆλθεν
488 3552 567 3613 είς
628 3549 720 3601 τὸν
776 3548 1034 3617 πόλεμον,
1079 3551 1171 3601 καὶ
1223 3547 1498 3614 τοξευθεὶς
1561 3549 1640 3611 είς
1692 3548 1761 3599 τὰ

198 3641 537 3714 ὑποχόνδρια,
602 3635 749 3693 εἶπε·
795 3640 933 3709 πρὸς
1006 3640 1094 3693 τὸν
1172 3641 1395 3709 αἴροντα
1471 3640 1636 3693 αὑτοῦ
1695 3639 1762 3691 τὰ

203 3736 363 3805 σκεύη
399 3735 484 3765 "-
524 3752 542 3783 ι
590 3734 805 3789 Σπάσαι
857 3732 955 3801 τὴν
1012 3733 1288 3801 ῥομφαίαν
1340 3749 1433 3784 σου
1485 3733 1577 3783 καὶ
1629 3732 1763 3781 ἀπο-

200 3825 452 3897 ιέντησόν
482 3844 573 3895 με,
621 3826 829 3895 μήποτε
902 3823 1183 3885 παίξουσιν
1227 3825 1309 3883 εἰς
1353 3823 1449 3891 ἐμὲ
1479 3824 1527 3872 oi
1565 3819 1762 3886 (inspi-

200 3933 390 3988 τμητοι
417 3915 585 3971 οὗτοι.
624 3936 642 3968 ι
679 3917 786 3969 Τοῦ
829 3917 886 3968 δὲ
912 3915 1237 3981 φοϐηθέντος
1270 3912 1361 3962 καὶ
1401 3911 1474 3978 μὴ
1524 3906 1763 3959 ὑπακού-

201 4027 408 4075 σαντος,
444 4009 603 4063 ἔλαϐε
634 4008 806 4060 Σαοὺλ
829 4006 925 4074 τὴν
947 4004 1223 4075 ῥομφαίαν
1249 4000 1413 4053 αὐτοῦ
1449 4001 1539 4051 καὶ
1568 3999 1759 4051 ἔπεσεν

201 4103 280 4154 ἐπ’
319 4103 511 4171 αὐτὴν,
541 4101 627 4166 ἐφ’
657 4100 723 4168 ἣν
762 4098 854 4149 καὶ
885 4100 912 4148 6
942 4095 1267 4165 σκευοφόρος
1309 4092 1583 4145 ἐπιπεσὼν
1611 4093 1764 4143 ἁναι·

202 4197 369 4261 ρεϊται
417 4194 511 4245 καὶ
568 4191 730 4252 αὐτὸς
779 4189 864 4241 διὰ
930 4188 1025 4257 τῆς
1079 4188 1249 4257 αὐτῆς
1304 4186 1595 4256 ῥομφαίας.
1656 4185 1762 4235 Καὶ

162 4281 365 4345 ,οὕτως
428 4282 667 4334 ἀπέθανε
724 4281 895 4333 Σαοὺλ
946 4283 1003 4334 ὲν
1060 4284 1182 4343 ταῖς
1238 4278 1535 4350 ἁμαρτίαις
1596 4275 1762 4328 αὑτοῦ

202 4368 304 4441 (αἷς
346 4374 584 4445 ὴνόμησε
628 4373 703 4442 τῷ
732 4372 872 4443 Θεῷ,
912 4373 1044 4427 διότι
1070 4375 1171 4427 οὐκ
1215 4371 1446 4441 ἐφύλαξε
1478 4372 1568 4423 τὸν
1610 4370 1763 4436 λόγον

1863 555 2103 609 dicentes
2136 571 2148 606 :
2185 571 2203 603 ι
2249 548 2520 607 Percussit
2568 550 2696 604 Saul
2747 553 2914 613 mille,
2952 560 3005 604 et
3043 549 3208 603 David
3242 548 3426 603 decem

1864 645 2047 699 millia.
2091 663 2107 695 ι
2152 643 2372 713 Aufugit
2416 644 2597 711 itaque
2646 642 2807 695 David
2852 656 2881 692 a
2921 641 3056 694 facie
3101 639 3231 693 Saul
3268 652 3314 693 et
3362 654 3430 693 eo

1861 746 2103 804 tempore
2139 734 2389 789 comedit
2423 749 2588 802 panes
2620 731 3010 801 propositionis
3051 738 3306 798 acceptos
3360 730 3428 781 de

1860 840 2020 880 manu
2070 826 2380 880 Abimclech
2436 828 2633 881 summi
2688 824 3008 880 sacerdotis.
3069 820 3224 886 Quod
3284 835 3427 887 πετο

1860 920 2038 983 ferens
2074 916 2226 983 Saul,
2261 918 2433 973 iratus
2485 917 2687 972 occidit
2743 913 3054 969 Abiiuelech
3112 926 3205 979 per
3231 924 3425 964 manus

1858 1011 2003 1080 Doeg
2059 1009 2179 1079 Syri
2237 1025 2359 1063 cum
2431 1010 2683 1065 omnibus
2754 1004 3125 1062 sacerdotibus
3186 1000 3421 1061 Domini.

1859 1102 1995 1156 viris
2019 1101 2330 1171 quingentis
2352 1101 2854 1171 etquinquaginta;
2877 1106 3137 1167 praeterea
3156 1112 3173 1143 ι
3206 1107 3424 1146 omnem

1860 1194 2008 1249 Nobe
2036 1192 2307 1248 civitatem
2339 1192 2681 1247 sacerdotum
2713 1189 2983 1258 percussit
3019 1186 3072 1239 in
3108 1200 3202 1238 ore
3239 1183 3425 1252 gladii,

1859 1286 2002 1340 viros
2026 1295 2077 1339 et
2109 1286 2387 1347 mulieres,
2414 1294 2471 1337 'et
2520 1284 2775 1351 parvulos
2812 1292 2865 1336 et
2900 1279 3179 1337 lactentes,
3204 1275 3424 1328 bovem—

1861 1393 1965 1448 que
2022 1388 2075 1433 et
2104 1378 2318 1431 asinum
2361 1385 2412 1429 et
2439 1390 2596 1429 ovem
2651 1377 2703 1427 in
2739 1389 2834 1429 ore
2865 1370 3068 1441 gladii;
3102 1389 3119 1422 ι
3144 1378 3427 1434 nemoque

1859 1490 1923 1527 ex
1951 1472 2031 1526 eis
2065 1470 2283 1524 relictus
2326 1477 2427 1533 est,
2469 1479 2660 1535 praeter
2696 1466 2953 1519 Abiatliar
2997 1461 3165 1515 tilium
3209 1460 3428 1510 Abime-

1859 1560 1973 1614 lecb
2003 1560 2096 1628 qui
2130 1559 2195 1611 ad
2233 1559 2395 1611 David
2429 1556 2661 1626 attingit.
2693 1584 2761 1595 ——
2796 1554 2920 1608 llaec
2953 1551 3137 1606 canes
3168 1548 3430 1617 impiissi-

1856 1666 2001 1702 mum
2035 1651 2135 1701 l'uit
2178 1649 2353 1702 Saulis
2385 1656 2691 1715 peceatum.
2751 1646 2861 1700 Etsi
2911 1646 3054 1699 enim
3088 1642 3229 1695 Deus
3270 1640 3437 1693 velle-

1858 1749 2064 1792 menter
2090 1737 2396 1791 mandasset
2421 1736 2637 1789 Amalec
2670 1735 2923 1797 intertici,
2957 1748 3062 1785 non
3096 1730 3259 1783 modo
3288 1728 3432 1794 Agag
3482 1776 3495 1782 -

1860 1833 2082 1885 illmstm
2115 1829 2425 1891 custodivit,
2453 1827 2545 1880 sed
2582 1829 2836 1880 universa
2884 1825 3001 1890 ejus
3050 1822 3284 1889 pretiosa
3319 1831 3434 1872 ser-
3522 1890 3526 1895 Ι

1862 1923 2027 1984 vavit,
2070 1921 2327 1973 incitante
2356 1932 2484 1971 vero
2519 1918 2620 1978 ira,
2657 1930 2761 1967 non
2790 1914 2951 1966 modo
2982 1912 3292 1964 sacerdotes
3316 1909 3434 1975 gla-

1859 2014 1948 2068 dio
1994 2011 2285 2080 interfecit,
2338 2010 2431 2063 sed
2478 2009 2666 2062 urbem
2707 2016 2896 2060 eorum
2946 2000 3271 2070 disperdidit
3306 2014 3429 2053 cum

1858 2105 1976 2173 ejus
2028 2102 2237 2156 incolis.
2300 2099 2437 2155 Cum
2503 2104 2924 2166 persequeretur
2956 2093 3234 2153 Davidem,
3300 2088 3430 2141 Saul

1862 2194 2025 2249 semel
2058 2202 2111 2247 et
2145 2193 2335 2246 iterum
2391 2189 2630 2243 fataliter
2676 2186 2865 2242 incidit
2894 2184 2949 2237 iu
3003 2197 3194 2235 manus
3242 2178 3431 2238 David,

1860 2288 1949 2356 qui
1983 2284 2176 2340 nedum
2223 2284 2424 2337 malum
2460 2296 2560 2351 pro
2606 2278 2745 2332 malo
2774 2276 3045 2337 redderet,
3079 2288 3201 2326 eum
3245 2271 3435 2339 proxi-

1864 2399 1986 2437 mus
2025 2381 2184 2437 esset
2210 2380 2384 2434 factus
2433 2374 2835 2431 immanissimo
2882 2369 3055 2429 Sauli,
3108 2368 3225 2421 ait:
3264 2385 3281 2415 ι
3324 2364 3437 2419 Cur

1865 2476 2139 2530 insidiaris
2161 2474 2355 2527 animae
2388 2486 2527 2524 mea}
2553 2477 2611 2521 ut
2634 2467 2851 2521 auferas
2874 2478 2991 2518 eam
3028 2460 3287 2515 ?.ludicet
3332 2456 3436 2509 Do-

1864 2567 2044 2619 minus
2074 2567 2213 2617 iuter
2247 2578 2332 2616 me
2360 2569 2411 2615 et
2440 2571 2510 2623 te,
2540 2570 2595 2614 et
2645 2558 2942 2612 ulciscatur
2969 2571 3052 2607 me
3089 2552 3346 2603 Dominus
3372 2564 3438 2601 ex

1866 2669 1949 2723 te;
1985 2673 2175 2711 manus
2204 2666 2380 2708 autem
2416 2668 2534 2706 mea
2578 2667 2687 2704 nou
2730 2651 2800 2705 sit
2848 2650 2901 2702 in
2939 2657 3011 2711 te,
3068 2647 3212 2698 sicut
3276 2651 3327 2693 et
3383 2641 3433 2693 iu

1866 2749 2149 2819 proverbio
2212 2732 2434 2812 antiquo
2488 2743 2687 2795 dicitur
2748 2757 2760 2789 :
2833 2738 2914 2791 Ab
3004 2734 3205 2802 impiis.
3273 2744 3454 2794 egre.-

1861 2817 2039 2893 dietur
2107 2836 2375 2903 impietas.
2437 2850 2454 2882 ι
2516 2858 2585 2869 -—-
2649 2847 2668 2879 ι
2732 2826 2932 2880 Domus
3015 2831 3193 2875 autem
3270 2817 3433 2869 David

1862 2926 2207 2999 proficiscens
2272 2921 2431 2991 (erat)
2504 2928 2557 2973 et
2620 2932 2832 2985 semper
2902 2914 3079 2981 scipsa
3138 2908 3431 2970 robustior,

1860 2997 2051 3071 domus
2107 3022 2285 3066 autem
2344 3009 2474 3063 Saul
2538 3008 2861 3063 decrescens
2913 3003 3175 3075 quotidie.
3223 3018 3241 3049 ι
3281 2997 3437 3055 Post-

1862 3124 1924 3162 ea
1983 3104 2325 3177 congregatis
2389 3101 2678 3156 Pbilisteis
2755 3108 2943 3155 contra
3006 3097 3267 3153 Saulem,
3311 3107 3436 3161 pro-

1864 3197 2043 3253 fectus
2094 3208 2177 3251 est
2236 3196 2354 3263 ipse
2412 3195 2476 3248 ad
2537 3192 2911 3265 pytbouissam
2972 3185 3433 3255 interrogandum,

1862 3298 1915 3344 et
1943 3301 2205 3357 responso
2232 3294 2478 3354 accepto,
2512 3283 2638 3338 forti
2669 3283 2853 3337 animo
2893 3280 3135 3349 praelium
3164 3275 3317 3336 iniit,
3345 3272 3437 3326 sed

1866 3382 1970 3436 telo
2023 3382 2078 3436 in
2120 3377 2545 3451 liypochondriis
2583 3384 2820 3444 recepto,
2854 3373 2988 3427 dixit
3014 3370 3079 3424 ad
3109 3369 3436 3437 armigerum

1868 3490 2023 3529 suum
2064 3493 2076 3527 :
2120 3493 2137 3524 ι
2175 3471 2408 3540 Evagiua
2439 3470 2675 3539 gladium
2714 3477 2863 3520 tuum
2895 3474 2947 3519 et
2976 3473 3195 3533 percute
3226 3476 3333 3523 mc,
3373 3474 3447 3510 ue-

1868 3566 2004 3620 forte
2053 3562 2280 3615 illudant
2322 3558 2454 3612 mibi
2503 3556 2870 3611 incircumcisi
2924 3554 3034 3607 i5ti.
3074 3572 3089 3601 ι
3119 3578 3124 3583 -
3151 3550 3435 3603 Renueutc

1867 3655 2131 3723 armigero
2163 3650 2468 3720 perterrito,
2502 3649 2733 3715 arripuit
2762 3646 2889 3699 Saul
2927 3644 3165 3715 gladium
3194 3649 3249 3695 et
3278 3638 3439 3692 irruit

1864 3759 2025 3810 super
2058 3756 2218 3803 eum;
2252 3739 2365 3805 ipse
2395 3750 2613 3803 quoque
2634 3737 2867 3803 armiger
2894 3736 3105 3797 irruens
3136 3747 3299 3798 super
3323 3732 3438 3797 gla-

1866 3835 2010 3886 dium
2054 3845 2235 3890 suum,
2269 3836 2515 3879 mortuus
2544 3835 2647 3878 est.
2682 3824 2770 3877 Sie
2806 3833 3051 3876 mortuus
3092 3831 3177 3875 est
3213 3820 3340 3871 Saul
3382 3819 3435 3879 iu

1864 3920 2097 3991 peccatis
2143 3919 2257 3974 suis
2288 3918 2508 3987 (quibus
2544 3916 2765 3970 oll‘endit
2807 3915 3017 3981 Deum),
3040 3914 3167 3981 quia
3198 3926 3301 3965 nou
3340 3925 3438 3962 cu-

1864 4012 2083 4068 stodivit
2107 4010 2327 4063 verbum
2383 4007 2620 4071 Domini,
2654 4016 2707 4061 et
2747 4007 2873 4076 quia
2921 4004 3194 4060 consuluit
3237 4004 3435 4073 pytho-

1866 4104 2112 4166 uissam,
2151 4111 2204 4155 et
2262 4101 2470 4168 accepit
2549 4115 2871 4169 responsum
2919 4111 2947 4151 a
3008 4096 3259 4151 Samuele
3320 4110 3443 4161 pro-

1868 4195 2061 4263 pheta,
2100 4201 2151 4246 et
2207 4206 2313 4243 non
2373 4191 2625 4258 quaesivit
2706 4189 3029 4251 Dominum,
3092 4197 3145 4240 et
3198 4186 3438 4251 seipsum

1866 4259 2094 4351 occidit;
2148 4279 2498 4351 ablatumque
2566 4291 2648 4336 est
2704 4295 2929 4350 regnum
2982 4279 3048 4330 de
3094 4276 3258 4329 domo
3311 4259 3440 4326 Saul

1867 4389 1918 4432 et
1983 4378 2039 4431 in
2099 4380 2318 4431 domum
2384 4374 2545 4429 David
2604 4373 2945 4427 translatum.
2992 4367 3072 4421 Ad
3125 4364 3254 4435 quid
3317 4379 3441 4432 pro-

202 4468 429 4539 Κυρίοιιο
463 4470 558 4521 καὶ
612 4469 694 4522 ὄτι
738 4466 1042 4537 ἐπεζήτησε
1087 4471 1150 4539 τῇ
1188 4464 1632 4536 ἐγγαστριμύοῳ,
1675 4464 1762 4514 καὶ

1877 4473 1978 4527 fuit
2035 4470 2185 4524 Sauli
2239 4481 2292 4524 et
2340 4467 2649 4537 magnitudo
2702 4466 2820 4534 ejus
2861 4474 2911 4517 et
2957 4458 3202 4529 corporis
3258 4470 3443 4524 procc-

198 4557 466 4631 ἀπεκρίθη
493 4560 644 4631 αὐτῷ
685 4560 934 4630 Σαμουὴλ
972 4563 999 4612 6
1032 4561 1337 4629 προφήτης,
1368 4560 1464 4611 καὶ
1505 4558 1603 4610 οὐκ
1634 4555 1763 4625 ἐζή-

200 4665 322 4719 τησε
354 4652 577 4721 Κύριονο
612 4652 705 4706 καὶ
733 4652 1051 4705 ἀπέκτεινεν
1074 4652 1257 4714 αὐτὸν,
1287 4652 1378 4701 καὶ
1407 4647 1763 4716 ἀφαιρεθεῖσα

200 4742 228 4808 ἡ
276 4742 529 4812 βασιλεία
585 4746 649 4796 ὲκ
703 4742 796 4795 τοῦ
848 4744 1038 4811 γένους
1090 4741 1276 4803 αὑτοῦ,
1334 4740 1637 4809 μετηνέχθη
1685 4740 1764 4799 εἰς

201 4833 354 4885 lauto
384 4835 477 4885 aut
499 4834 559 4885 τὸ
587 4834 740 4898 γένος
787 4832 991 4900 αὑτοῦ).
1026 4832 1099 4901 (9)
1146 4830 1209 4881 Τί
1252 4828 1429 4881 τοίνυν
1463 4830 1553 4881 τὸν
1598 4829 1765 4881 Σαοὺλ

198 4920 302 4989 (om
316 4937 375 4973 σε
404 4924 466 4975 τὸ
496 4923 726 4991 μέγεθος
758 4924 921 4976 αὑτοῦ
952 4923 1043 4975 καὶ
1077 4923 1135 4974 τὸ
1171 4921 1302 4987 ῦψος
1347 4922 1439 4971 τοῦ
1474 4919 1761 4987 σώματοςς

201 5009 231 5078 ἢ
267 5010 319 5064 τί
346 5010 435 5063 τὸν
465 5014 627 5064 Δαυὶδ
668 5013 959 5083 {ﬁlled/3‘16
990 5016 1221 5084 optxp’w
1269 5013 1360 5065 καὶ
1400 5013 1619 5072 εὐτελὲς
1669 5012 1765 5079 τῆς

209 5100 451 5171 ἡλικίας
494 5104 551 5157 ’0
602 5106 701 5173 μὲν
734 5106 841 5173 γὰρ
880 5106 1069 5175 ὣσπερ
1122 5124 1202 5168 τις
1248 5105 1379 5173 δρῦς
1423 5104 1766 5171 ὑψηλόκομος

212 5197 410 5265 καρπὸν
466 5196 661 5260 κακίας
709 5198 870 5267 ἔφερε
930 5200 1024 5251 καὶ
1080 5201 1283 5268 τροφὴν
1346 5201 1579 5265 χοίρωνο
1613 5197 1639 5246 6
1686 5195 1762 5257 δὲ,

1872 4564 2022 4625 ritas,
2071 4572 2123 4615 et
2171 4560 2437 4629 quomodo
2492 4558 2667 4612 obfuit
2714 4555 2895 4611 Davidi
2939 4546 3182 4620 corporis
3238 4548 3445 4618 exigui-

1873 4664 1953 4707 tas
1985 4664 2036 4705 et
2085 4651 2408 4705 humilitas?
2441 4649 2531 4703 Ille
2580 4649 2727 4702 velut
2784 4661 3015 4715 quercus
3064 4647 3169 4699 alta
3226 4641 3444 4693 frondo-

1877 4758 2044 4812 saque
2086 4742 2292 4795 fructus
2324 4743 2517 4797 malos.
2570 4755 2852 4806 porcorum
2898 4738 3149 4789 alimenta
3201 4732 3443 4799 protulit,

1878 4836 1966 4887 bie
1999 4848 2125 4886 vero
2156 4833 2298 4886 velut
2328 4832 2610 4884 luxurians
2652 4831 2774 4883 vitis
2823 4843 2876 4884 et
2913 4827 3163 4887 fecunda,
3200 4826 3321 4879 suis
3348 4837 3443 4874 va-

1878 4926 1970 4977 riis
2000 4923 2284 4976 virtutibus
2314 4922 2459 4976 dedit
2492 4922 2675 4974 vinum
2710 4920 2851 4989 quod
2884 4921 3118 4975 lmtiﬁcat
3146 4934 3238 4971 Cor
3271 4913 3443 4968 homi-

1876 5018 1977 5071 uis.
2020 5036 2035 5066 ι
2070 5015 2355 5069 Deficieute
2383 5014 2526 5067 enim
2556 5014 2774 5077 virtute,
2816 5015 2891 5065 ait
2922 5026 3148 5081 magnus
3181 5007 3437 5068 Isidorus,
3492 5062 3507 5078 ,

1875 5107 1939 5159 ad
1974 5106 2101 5156 nihil
2141 5104 2285 5157 utilis
2306 5111 2389 5158 est
2437 5104 2753 5157 constitutio
2808 5102 3073 5171 corporis.
3119 5118 3136 5147 ›
3165 5096 3317 5150 Unde
3372 5094 3438 5147 ad

1878 5197 2177 5249 Samuclem
2225 5196 2299 5249 ait
2332 5194 2471 5249 Deus
2504 5211 2516 5246 :
2555 5214 2571 5245 ι
2606 5194 2681 5248 Ne
2729 5193 2987 5261 respicias
3023 5189 3225 5241 vultum
3278 5186 3437 5253 primi

1347 5362 1542 5423 Variae
1574 5364 1876 5425 lectiones
1901 5370 1961 5423 et
2006 5368 2190 5422 noue.

277 5535 321 5566 "
346 5524 551 5589 ὶπεῗδον
582 5534 704 5589 cod.

218 5603 257 5637 "
287 5604 305 5658 l
337 5602 480 5659 Sam.
509 5621 645 5669 mi,
674 5602 763 5658 20.

873 5603 916 5634 “
938 5602 1088 5671 Glyc.
1125 5606 1368 5671 329,5-9.

218 5674 259 5706 "
291 5673 306 5726 1
335 5672 459 5727 Sam
508 5691 656 5741 xxxr,
692 5674 741 5737 ό,
778 5679 828 5740 5.

800 5534 847 5562 7°
882 5533 902 5586 Ι
944 5526 1092 5589 Sam.
1151 5552 1281 5589 xvtu
1309 5578 1321 5599 ,
1355 5534 1464 5589 7-6.
1504 5534 1652 5602 Cive.
1711 5532 1954 5596 δεξιά-4,

1480 5605 1523 5636 ⁷⁸
1560 5594 1587 5655 l~
1612 5604 1755 5657 Sam.

1870 5594 1949 5668 ιν,
1978 5602 2157 5657 Ιὲ-Η.
2265 5603 2309 5633 ’θ
2344 5602 2386 5655 ll
2415 5599 2564 5664 Sam.
2600 5612 2679 5663 ιιι,
2738 5597 2787 5650 l.
2862 5596 2904 5627 ⁷⁷
2940 5594 3091 5665 Glyc.
3118 5595 3433 5662 519,l0~l1.

2059 5533 2098 5561 ‘”
2132 5531 2149 5583 l
2180 5529 2328 5585 Sam.
2374 5546 2507 5594 xm,
2546 5528 2609 5582 18
2664 5533 2765 5579 πεν.
2868 5523 3128 5579 "lSam.
3177 5542 3306 5584 χχιι,
3352 5526 3416 5580 i9
