4208 6312
796 328 900 393 407

2002 337 2326 401 GEORGII
2365 340 2837 407 HAMARTOLI’
3947 340 4036 403 ωε

796 446 1121 501 sublimibus
1144 462 1449 505 sermonem
1482 450 1742 519 habentes
1788 464 1842 509 et
1885 469 2078 511 eorum
2107 471 2230 525 qua-
2274 456 2372 511 de-

2476 454 2531 511 δὲ
2560 457 2900 526 φιλοσοφίαν,
2931 457 3007 521 ὡς
3032 455 3306 518 δοκοῦσιν,
3343 450 3751 524 ἐπανῃρημένοι
3774 489 3791 515 ,
3832 466 4031 519 μετεω-

796 548 1037 592 monstra
1048 539 1089 591 ri
1111 555 1217 594 non
1236 552 1466 611 possunt
1482 544 1825 616 interpretes,
1842 546 2232 619 magnitudinis
2248 549 2373 604 caeli

796 638 849 682 ct
876 627 1007 683 solis
1027 646 1311 687 mensuras
1331 642 1382 687 et
1401 642 1675 691 astrorum
1698 637 1808 691 vim
1835 638 1975 692 scire
1993 654 2053 694 se
2076 639 2374 709 jactantes,

798 720 1197 791 aliquandoque
1219 723 1379 778 etiam
1414 725 1477 779 de
1508 727 1681 781 sacris
1702 729 1971 785 disserere
2001 730 2374 801 aggredientes

796 812 883 866 ubi
916 822 968 865 et
996 814 1198 869 veritas
1254 816 1532 872 inaccessa
1584 828 1640 873 et
1687 819 1999 887 conjectura
2045 821 2372 891 periculosa,

791 905 900 956 vita
934 912 1115 958 autent
1170 904 1223 958 in
1260 920 1418 961 emno
1471 910 1839 966 volutantibus
1891 926 1950 966 se
2007 912 2190 981 porcis
2220 913 2377 983 igno-

793 995 1158 1051 tniniosiores.
1227 996 1285 1051 Si
1319 999 1538 1067 quando
1586 1000 1805 1070 quidam
1870 1003 1937 1057 ad
1984 1003 2253 1071 agendum
2314 1017 2373 1059 se

792 1086 1199 1149 convertebant,
1236 1088 1355 1145 istis
1412 1092 1624 1159 pejores
1682 1092 1905 1157 ﬁebant,
1961 1106 2059 1161 pro
2120 1091 2263 1148 fama
2320 1102 2376 1147 et

796 1181 1052 1235 laudibus
1102 1181 1381 1236 molestias
1429 1184 1766 1245 tolerantes;
1830 1183 2035 1237 nullius
2094 1184 2236 1238 enim
2294 1184 2374 1240 rei

796 1274 967 1343 gratia
1010 1273 1115 1327 nisi
1159 1273 1543 1327 ostentationis
1590 1282 1643 1326 et
1692 1272 2010 1342 cupiditatis
2044 1274 2229 1345 gloriae
2256 1276 2374 1345 ple-

790 1364 950 1434 rique
992 1377 1212 1431 operam
1274 1364 1475 1417 dabant
1521 1364 1748 1427 miseri;
1781 1366 2084 1419 mercedem
2152 1381 2373 1437 parvam

791 1464 847 1509 ct
884 1455 1044 1507 vilem
1075 1468 1173 1522 pro
1208 1453 1300 1506 tali
1366 1454 1466 1507 sibi
1508 1454 1860 1510 conciliantes
1885 1456 2139 1525 miseria;
2174 1459 2373 1514 etenim

792 1558 1026 1615 prorsus
1074 1545 1325 1611 siluisse,
1374 1547 1528 1616 juxta
1562 1547 1979 1619 Pythagoricum
2040 1551 2371 1620 institutum,

794 1635 1339 1705 ctgramine‘vesci,
1402 1638 1629 1693 cilicinis
1689 1639 1995 1711 vilibusque
2049 1649 2103 1696 et
2160 1641 2373 1699 detritis

796 1726 1104 1795 panniculis
1141 1728 1245 1797 tegi
1300 1738 1353 1782 et
1388 1730 1440 1782 in
1516 1729 1663 1784 dolio
1733 1730 2006 1787 inclusum
2071 1732 2369 1801 habitasse,

795 1792 848 1875 et
882 1832 980 1889 pro
1015 1792 1238 1873 tolerata
1271 1820 1375 1873 vita
1404 1821 1605 1876 nullam
1646 1832 1765 1893 post
1796 1834 2023 1880 mortem
2056 1792 2374 1897 exspectare
2405 1792 2445 1848 Β

798 1914 1124 1979 mercedem,
1175 1921 1227 1968 et
1268 1914 1375 1968 vita
1435 1916 1535 1971 iSta
1572 1916 1799 1973 delinire
1856 1918 2073 1976 virtutis
2127 1920 2373 1990 praemia,

793 2002 936 2059 ultra
970 2018 1187 2058 omnem
1217 2006 1505 2061 amentiam
1539 2018 1641 2061 est.
1695 2007 2007 2065 Iudaeorum
2042 2020 2223 2067 autem
2252 2013 2377 2083 qui-

792 2109 1011 2166 cunque
1053 2097 1211 2152 islam
1264 2100 1496 2170 amplexi
1556 2110 1685 2156 sunt
1732 2102 1923 2168 vitam,
1991 2112 2121 2159 sunt
2154 2104 2372 2173 quidam

792 2188 1039 2245 Junadab
1076 2192 1327 2260 posteri;
1384 2206 1682 2265 omnesque
1749 2194 2001 2250 similiter
2064 2196 2247 2252 vivere
2276 2211 2374 2250 vo-

789 2284 965 2339 lentes
992 2284 1313 2355 excipiendo
1348 2284 1411 2339 ad
1459 2301 1618 2340 suum
1679 2287 1972 2343 traducunt
2021 2274 2371 2355 institutum;

794 2375 973 2443 quiin
1008 2375 1373 2431 tabernaculis
1449 2390 1663 2445 semper
1718 2377 1985 2444 habitant,
2042 2379 2277 2449 vinoque
2322 2388 2378 2435 et

795 2465 1049 2519 omnibus
1066 2466 1227 2521 rebus
1246 2480 1363 2535 qum
1382 2466 1447 2519 ad
1477 2467 1753 2520 mollitiem
1776 2478 2023 2536 spectant
2042 2471 2375 2525 abstinentes

796 2566 851 2612 et
880 2557 1057 2611 victus
1087 2573 1305 2627 parcam
1348 2560 1613 2613 rationem
1673 2560 1929 2615 habentes
1982 2568 2037 2613 et
2070 2559 2375 2615 moderatas

796 2651 1041 2720 corporis
1113 2652 1512 2719 necessitates;
1570 2660 1625 2707 et
1684 2653 1839 2706 valde
1917 2667 2050 2707 sane
2124 2665 2375 2708 curantes

799 2746 1057 2800 moralem
1113 2744 1382 2808 habitum,
1432 2748 1485 2801 in
1541 2746 2000 2817 contemplatione
2053 2749 2377 2817 plerumque

795 2848 1179 2905 perseverant;
1216 2838 1343 2894 hinc
1405 2840 1680 2895 enimvero
1706 2840 1871 2895 Essai
1927 2849 2206 2902 vocantur,
2233 2840 2375 2894 istud

791 2934 1111 2989 ostendente
1152 2934 1370 2988 nomine
1404 2952 1417 2999 ;
1452 2944 1505 2989 et
1545 2949 1766 3003 prorsus
1821 2943 1903 2989 est
1952 2933 2057 2989 illis
2090 2934 2375 3003 undequa-

796 3040 905 3092 que
962 3034 1142 3079 rectus
1188 3027 1543 3094 philosophias
1603 3027 1749 3092 ﬁnis,
1810 3026 1967 3083 factis
2029 3041 2371 3096 nequaquam

795 3114 1125 3183 professioni
1177 3118 1627 3184 repugnantibus.
1690 3119 1759 3171 At
1811 3134 1935 3187 quae
1981 3118 2067 3175 his
2097 3117 2441 3195 molestia-6

798 3220 921 3259 tum
963 3205 1169 3258 utilitas
1207 3214 1259 3257 et
1280 3204 1536 3259 laboriosi
1574 3208 1907 3273 certaminis,
1933 3208 2025 3277 qui
2062 3209 2373 3264 certaminis

798 3298 1200 3364 designatorem
1228 3306 1280 3349 et
1313 3296 1697 3350 instructorem
1718 3296 1995 3351 Christum
2024 3300 2376 3356 occiderunt?

803 3388 1019 3441 Etenim
1058 3386 1177 3442 istis
1214 3386 1468 3439 similiter
1540 3385 1789 3441 laborum
1824 3402 2031 3441 merces
2072 3388 2251 3456 periit,
2282 3390 2375 3458 qui

800 3476 1149 3549 prcemiorum
1204 3477 1517 3532 certaminis
1574 3476 1983 3546 ahnegaverunt
2030 3477 2377 3547 dispensato-

800 3583 917 3623 rem
944 3582 957 3632 ;
986 3576 1039 3621 et
1060 3583 1089 3621 ιι
1108 3582 1232 3621 vera
1266 3568 1373 3621 vita
1405 3567 1637 3637 ideoque
1665 3580 1693 3619 a
1721 3565 2061 3636 philosophia
2093 3573 2372 3620 exerrant.

798 3660 1149 3729 PhiIOSOphia
1201 3658 1343 3713 enim
1376 3642 1476 3714 est
1528 3673 1739 3714 morum
1805 3657 2071 3713 correctio
2100 3672 2225 3712 eum
2256 3657 2376 3727 opi-

802 3754 965 3808 nione
987 3767 1127 3807 verae
1154 3753 1219 3807 de
1250 3752 1339 3806 illo
1364 3753 1457 3823 qui
1521 3761 1605 3807 est
1661 3753 2028 3822 cognitionis;
2089 3750 2192 3807 hac
2246 3765 2378 3805 vero

800 3850 1042 3906 chLituti
1077 3859 1203 3905 sunt
1231 3849 1391 3905 simul
1430 3860 1481 3901 et
1512 3846 1682 3902 Judzei
1709 3856 1762 3902 et
1800 3846 1993 3910 Graeci,
2042 3847 2135 3918 qui
2161 3847 2379 3919 sapien-

801 3944 929 3997 tiam
958 3958 1081 4011 qua:
1114 3956 1145 3996 ο
1168 3942 1307 3994 ςωιο
1333 3937 1689 3992 descenderat
1725 3938 1955 3991 aversati
1989 3946 2135 4003 sunt,
2176 3952 2230 3992 et
2259 3940 2376 3994 sine

803 4038 1020 4091 Christo
1052 4034 1329 4101 sapientes
1387 4044 1509 4083 esse
1542 4029 2011 4097 tentaverunt,qui
2044 4030 2193 4084 solus
2215 4045 2377 4099 opere

801 4138 854 4181 ct
888 4128 1052 4180 verbo
1108 4123 1495 4195 demonstravit
1569 4121 1989 4198 philosophiam.
2060 4119 2158 4174 llic
2231 4122 2377 4175 enim

802 4239 835 4289 ι)
870 4220 1014 4273 imus
1045 4227 1094 4271 ct
1121 4217 1271 4270 solus
1311 4217 1429 4269 vitae
1458 4215 1596 4269 viam
1655 4216 1865 4284 aperuit
1902 4231 1916 4281 ;
1952 4212 2113 4283 hujus
2137 4212 2375 4282 regimen

800 4318 1184 4367 demonstrans
1217 4326 1437 4380 purum,
1490 4317 1543 4363 et
1596 4308 1967 4363 sublimiorem
2019 4320 2233 4375 semper
2262 4320 2380 4359 cor-

799 4409 948 4478 poris
1028 4404 1417 4474 cupidttatibus
1503 4402 1751 4455 attollens
1835 4401 2095 4463 animam,
2186 4398 2377 4452 ultimo

2481 548 2732 619 ρολέσχαι
2764 550 2908 611 τινὲς
2937 548 3090 612 ὄντες
3125 549 3220 601 καὶ
3248 546 3357 601 τῶν
3393 544 3811 607 ,ἀναποδείκτων
3840 543 4030 613 ἐξηγη-

2476 616 2591 704 ταὶ,
2613 616 2845 710 μέγεθος
2875 639 3110 711 οὐρανοῦ
3138 637 3235 693 καὶ
3264 638 3418 708 ηλίου
3462 638 3639 709 μέτρα
3674 637 3773 689 καὶ
3798 634 4033 705 ἀστέρων
4144 616 4145 641 ᾗ

2475 730 2761 802 ἐνέργειαν
2813 732 3013 785 ειδέναι
3058 726 3633 800 κατεπαγγελλόμενοι
3658 768 3674 793 ,
3734 726 3855 781 εστι
3881 727 3929 779 δ’
3954 729 4031 779 ὅτε

2475 824 2573 903 καὶἶ
2599 823 2874 893 θεολογεῖν
2911 822 3011 893 μὲν
3052 820 3481 893 ἐπιχειροῦντες,
3525 821 3660 873 ὅπου
3708 818 3808 872 καὶ
3841 820 3877 890 η
3908 819 4035 897 ὑλή-

2476 896 2596 967 θεια
2630 914 2923 982 ἀνέφικτος
2954 914 3048 968 καὶ
3071 915 3100 966 ό
3128 910 3434 983 στοχασμὸς
3456 894 4033 976 ιπικίνδυνοςέζῶντες
4146 950 4147 953 η

2474 1003 2532 1058 δι
2557 1003 2669 1057 τῶν
2707 1007 2767 1057 ιν
2822 1004 3070 1076 βορϐόρῳ
3128 1001 3560 1073 κυλινδουμένων
3608 1002 3823 1072 χοίρων
3850 1001 4033 1071 ἀτιμό-

2475 1110 2642 1165 τεροι.
2668 1095 2730 1148 Et
2758 1095 2815 1148 δὲ
2857 1098 2952 1150 καί
2984 1113 3130 1159 τινες
3166 1094 3419 1164 ἐγένοντο
3470 1092 3791 1164 πρακτικοὶ,
3836 1089 4035 1145 τούτων

2478 1186 2727 1253 ἀγένοντο
2749 1186 2988 1257 χείρους,
3019 1188 3202 1253 δόξαις
3230 1202 3292 1241 τε
3345 1186 3437 1240 καὶ
3469 1183 3719 1246 ἐπαίνοις
3743 1184 3873 1246 τοὺς
3901 1182 4034 1252 (68⁸)

2476 1272 2671 1339 πόνους
2718 1278 3101 1347 πεπραχότες·
3130 1279 3345 1340 οὐδενὸς
3400 1277 3511 1346 γὰρ
3565 1275 3753 1346 ἑτέρου
3809 1272 4035 1344 χάρινῆ

2476 1365 2792 1431 ὶπιδείξεως
2842 1368 2939 1422 καὶ
2972 1366 3278 1437 φιλοδοξίας
3333 1368 3667 1439 δπετήδευον
3724 1368 3775 1419 οί
3822 1363 4037 1418 δείλαιοι

2474 1458 2546 1513 τὰ
2600 1459 3032 1530 πολλά·μισθδν
3074 1459 3267 1533 εὐτελῆ
3329 1462 3425 1515 καὶ
3477 1460 3637 1532 255
3686 1458 3895 1513 εὔωνον
3948 1457 4039 1525 τῆς

2473 1546 2731 1616 τοιαύτης
2799 1547 3295 1620 καταλλαττόμενοι
3361 1549 3780 1621 ταλαιπωρίας’
3820 1548 3886 1602 τὸ
3940 1548 4038 1617 γὰρ

2477 1639 2752 1710 σιωπῆσαι
2779 1640 2867 1694 6ιά
2899 1642 3103 1706 παντὸς
3156 1642 3298 1696 κατὰ
3324 1641 3424 1714 τὴν
3464 1642 3858 1713 Πυθαγορικὴν
3888 1656 4038 1708 νομο-

2474 1731 2663 1786 θεσίαν
2680 1734 2775 1786 καὶ
2804 1732 2984 1805 χόρτῳ
3009 1733 3333 1804 τρέφεσθαι,
3368 1735 3633 1805 τριχίνοις
3670 1736 3883 1806 ῥακίοις
3924 1747 4039 1783 σκε-

2475 1823 2745 1888 πάζεσθαι
2772 1827 2869 1877 καὶ
2896 1826 2955 1878 εν
2977 1825 3123 1894 πίθῳ
3154 1825 3612 1880 κατακεκλεῖσθαι
3649 1825 3742 1877 καὶ
3766 1822 4039 1876 διαϐιῶναι

2478 1916 2751 1986 μηδεμίαν
2782 1916 3019 1987 ἀμοιϐὴν
3055 1918 3198 1988 μετά
3243 1916 3477 1971 θάνατον
3501 1914 3829 1985 προσδοκᾷν,
3864 1913 4039 1978 πάσης

2474 2008 2659 2072 ἀνοίας
2687 2010 2834 2062 έστὶν
2859 2009 3139 2070 ἐπέκεινα,
3167 2006 3246 2078 τῷ
3273 2007 3374 2078 βίῳ
3395 2005 3571 2077 τούτῳ
3644 2002 4041 2073 συγκαταλύειν

2474 2100 2574 2167 τῆς
2619 2100 2823 2171 ἀρετῆς
2868 2098 2949 2173 τὰ,
2995 2098 3225 2153 Imma.
3259 2130 3330 2141 —
3360 2098 3470 2170 (10)
3518 2097 3765 2151 Ἰουδαῖοι
3821 2094 3881 2148 δὲ
3936 2094 4039 2148 ὅσοι

2474 2194 2663 2246 τοῦτον
2694 2192 2960 2264 ἀτίμησαν
3011 2193 3104 2246 τὸν
3153 2191 3287 2265 βίον,
3333 2190 3449 2245 sict
3489 2189 3592 2261 μὲν
3646 2188 3741 2242 τοῦ
3789 2186 4038 2243 Ἰωναδάό

2475 2285 2736 2353 ἀπόγονοι
2759 2300 2775 2316 ⁸
2812 2284 3021 2348 πάντας
3046 2284 3103 2338 δὲ
3129 2285 3257 2348 τοὺς
3287 2283 3551 2346 ὡσαύτως
3586 2281 3736 2352 βιοῦν
3763 2280 4039 2341 ἐθέλοντας

2478 2378 2747 2449 προίεμεν
2800 2379 2881 2442 είς
2912 2378 3012 2449 τὴν
3071 2364 3585 2447 αὑτὴν-ένάγουσαν
3631 2372 4041 2439 πολιτείαν,οῖ-

2475 2487 2617 2534 τινες
2649 2472 2708 2523 ὲν
2740 2472 2967 2541 σκηναῖς
2994 2470 3309 2525 κατοικοῦσι
3334 2467 3650 2534 διαπαντὸς,
3676 2466 3826 2522 οῐνου
3868 2482 3930 2519 τε
3956 2465 4040 2519 καὶ

2474 2561 2583 2615 τῶν
2612 2561 2748 2633 πρὸς
2773 2563 2817 2594 ⁸³
2841 2563 2901 2615 τὺ
2929 2562 3273 2633 ἁϐροδίαιτον
3318 2562 3540 2616 πάντων
3587 2559 3924 2630 ἀπεχόμενοι
3956 2556 4040 2607 καὶ

2474 2652 2689 2707 δίαιταν
2712 2654 2927 2723 ἔχοντες
2950 2652 3143 2725 εὐτελῆ
3172 2654 3269 2708 καὶ
3296 2652 3396 2725 τὴν
3420 2651 3618 2724 χρείαν
3651 2663 4039 2721 συμμεμετρη·

2480 2744 2647 2815 μένην
2674 2745 2767 2798 τοῦ
2800 2746 3052 2814 σώματος
3071 2760 3085 2775 ·
3115 2746 3208 2800 καὶ
3234 2746 3438 2816 σφόδρα
3469 2745 3568 2811 μὲν
3592 2743 3686 2797 οὖν
3720 2739 4039 2811 ἐπιμελοῦν-

2476 2852 2569 2899 τες
2594 2834 2699 2904 τῆς
2728 2834 2925 2903 ἠθικῆς
2956 2833 3143 2898 ἕξεως,
3186 2832 3392 2903 θεωρίᾳ
3415 2833 3474 2885 δι
3497 2832 3569 2885 τὰ
3589 2830 3762 2883 πολλὰ
3800 2828 4038 2898 προσμέο

2477 2942 2657 2980 νουσιν
2681 2942 2693 2955 ·
2725 2923 2878 2977 ἔνθεν
2900 2923 3011 2993 γὰρ
3028 2924 3124 2975 καὶ
3146 2921 3385 2974 Ἐσσαῖοι
3416 2917 3733 2981 καλοῦνται,
3760 2916 3924 2969 τοῦτο
3953 2914 4038 2982 δη-

2476 3017 2699 3082 λοῦντος
2728 3013 2823 3070 τοῦ
2843 3015 3131 3085 ὀνόματος,
3156 3012 3253 3066 καὶ
3284 3010 3474 3071 ἀπλῶς
3495 3012 3643 3062 ἐστιν
3678 3008 3869 3070 αὐτοῖς
3909 3006 4038 3059 πάν-

2476 3108 2634 3163 τοθεν
2658 3104 3099 3177 κατορθούμενος
3132 3105 3161 3156 ό
3182 3101 3285 3173 τῆς
3330 3098 3653 3170 φιλοσοφίας
3702 3095 3930 3159 σκοπὸς,
3959 3094 4038 3145 οὺ-

2478 3199 2652 3271 δαμοῦ
2676 3199 2787 3254 τῶν
2814 3197 3158 3267 πραγμάτων
3205 3194 3623 3264 διαμαχομένων
3663 3189 3743 3260 τῷ
3784 3188 4041 3256 ἐπαγγέλ-

2483 3311 2633 3364 ματι.
2681 3291 2842 3344 una
2870 3290 2922 3343 τί
2948 3288 3055 3343 τῶν
3084 3286 3309 3357 ἀγώνων
3344 3285 3537 3356 όφελος
3574 3284 3758 3346 αὐτοῖς
3801 3282 3901 3336 καὶ
3952 3281 4042 3350 τῆς

2480 3384 2740 3437 ἐπιπόνου
2772 3382 3056 3451 ἀθλήσεως
3080 3380 3171 3434 τὸν
3199 3378 3543 3449 ἀγωνοθέτην
3574 3376 3813 3448 Χριστὸν
3840 3376 4042 3446 ἀνῃρη-

2481 3475 2601 3527 κόσι
2626 3476 2669 3506 ⁸⁸
2698 3492 2712 3539 ;
2740 3474 2833 3526 καὶ
2865 3474 3071 3528 τούτων
3104 3474 3210 3545 γάρ
3233 3472 3435 3542 ὁμοίως
3484 3473 3511 3525 ὁ
3536 3469 3647 3525 τῶν
3680 3470 3865 3523 πόνων
3907 3468 4043 3536 οῖχε-

2479 3580 2567 3617 ται
2617 3562 2829 3632 μισθὸς,
2862 3563 3256 3630 ἀρνησαμένων
3306 3562 3400 3615 τὸν
3432 3561 3543 3614 τῶν
3591 3558 3846 3613 ἐπάθλων
3876 3558 4043 3611 διανο-

2485 3656 2591 3727 μέα
2612 3672 2625 3687 ·
2653 3654 2747 3706 κα)⁵
2770 3653 2867 3722 τῆς
2896 3651 3130 3720 ἀληθοῦς
3154 3652 3299 3719 ζωῆς·
3331 3652 3426 3703 καὶ
3451 3651 3769 3717 φιλοσοφίας
3796 3649 4044 3716 ἀπεσφάο

2481 3749 2653 3819 λησαν
2673 3745 2739 3798 ⁸³.
2766 3744 2813 3817 (Ι
2832 3747 2876 3813 l)
2902 3740 3193 3809 Φιλοσοφία
3212 3741 3323 3811 γάρ
3369 3741 3517 3792 ἔστιν
3536 3739 3683 3809 ἠθῶν
3710 3739 4045 3807 κατόρθωσις

2484 3841 2621 3914 μετά
2652 3840 2810 3910 δόξης
2844 3836 2943 3907 τῆς
2978 3834 3109 3906 περὶ
3150 3831 3241 3889 τοῦ
3267 3833 3416 3896 ὄντος
3462 3831 3717 3901 γνώσεως
3774 3827 4008 3899 ἀληθοῦς
4030 3843 4043 3858 ⁸

2479 3933 2681 4005 ταύτης
2741 3933 2799 3986 δὲ
2862 3927 3255 3998 ἀπεσφάλησαν
3297 3926 3467 3997 ἀμφω
3520 3924 3613 3979 καὶ
3667 3921 3920 3976 Ἰουδαῖοι
3963 3918 4049 3973 καὶ

2480 4029 2761 4099 Ἕλληνες,
2792 4026 2892 4097 τὴν
2936 4024 3032 4080 ἀπ’
3066 4023 3299 4094 ούρανοῦ
3344 4018 3801 4093 παραγενομένην
3857 4014 4043 4084 σοφίαν

2480 4118 2953 4189 παραιτησάμενοι
2983 4117 3074 4171 καὶ
3086 4112 3492 4187 χωρὶςΧριστοῦ
3512 4113 3824 4183 φιλοσοφεῖν
3846 4113 4048 4180 ἐπιχει-

2484 4215 2765 4285 ρήσαντες,
2812 4211 2906 4264 τοῦ
2940 4212 3100 4280 μόνου
3153 4210 3578 4279 παραδείξαντος
3602 4208 3751 4280 ἔργῳ
3771 4209 3869 4263 καὶ
3912 4207 4049 4276 λόγῳ

2480 4307 2577 4375 τὴν
2613 4303 2788 4375 άληθῆ
2843 4301 3181 4371 φιλοσοφίαν.
3209 4296 3375 4363 Οὗτος
3426 4301 3533 4371 γὰρ
3560 4302 3790 4372 πρῶτος
3824 4303 3923 4355 καὶ
3956 4300 4047 4369 μό-

2481 4413 2571 4459 νος
2598 4394 2645 4427 ⁶⁸
2675 4394 2836 4461 ἔτεμε
2879 4390 2957 4460 τῷ
2991 4392 3111 4461 βίῳ,
3148 4390 3248 4459 τὴν
3272 4390 3477 4459 ταύτης
3520 4392 3803 4444 πολιτείαν
3860 4389 4047 4445 ἐπιδει-

800 4456 947 4478 Γ⁷“““”
1036 4456 1283 4474 ⁷“1’““⁷⁷⁷
2084 4456 2093 4463 ,

800 4512 978 4556 autem
1006 4508 1059 4553 et
1081 4500 1252 4566 ipsam
1274 4494 1597 4563 despiciens,
1629 4494 1846 4560 quando
1871 4509 1897 4545 a
1932 4508 1988 4547 se
2018 4490 2377 4560 dispensanda

2486 4456 2717 4554 ξάμενος
2744 4456 3015 4552 καθαράνν,
3040 4456 3322 4550 ἀνωτέραν
3368 4456 3454 4532 ἀεῖ
3489 4480 3671 4549 φέρων
3727 4484 3825 4549 τὴν
3877 4481 4049 4550 ψυχὴν

802 4593 951 4644 salus
1010 4589 1295 4641 hominum
1351 4591 1580 4637 mortem
1638 4583 1969 4651 postulabat,
2020 4582 2149 4635 hinc
2178 4582 2377 4635 docens

800 4688 1056 4747 oportere
1102 4673 1481 4743 philosophum
1552 4680 1693 4724 recte
1752 4673 2037 4742 eligentem
2094 4672 2380 4741 repudiare

802 4771 1022 4840 quidem
1066 4779 1402 4835 qurecunque
1434 4764 1485 4817 in
1535 4764 1638 4817 vita
1666 4764 1905 4833 jucunda
1930 4774 2079 4831 sunt,
2108 4766 2382 4821 laboribus

802 4872 983 4917 autem
1013 4868 1065 4914 et
1086 4858 1369 4912 aﬂectibus
1393 4857 1681 4925 prmvalere
1713 4858 1943 4923 fortiter,
1966 4874 2160 4928 corpus
2197 4858 2378 4929 despi-

802 4958 1061 5017 cientem,
1123 4958 1273 5005 etne
1316 4950 1551 5002 animam
1590 4949 1807 5018 quidem
1860 4950 2061 5003 habere
2099 4951 2151 5003 in
2184 4950 2379 5019 pretio,

804 5048 899 5101 sed
931 5055 981 5099 et
1017 5045 1187 5113 ipsam
1250 5038 1421 5091 alacri
1479 5038 1661 5090 animo
1723 5039 2070 5106 profundere,
2138 5056 2261 5093 cum
2314 5040 2380 5091 ad

798 5136 1191 5193 ostendendam
1221 5130 1471 5183 virtutem
1522 5130 1666 5182 illam
1698 5130 1963 5197 deponere
2022 5138 2253 5195 Oportet.
2320 5128 2384 5181 Et

800 5232 941 5282 hanc
971 5234 1245 5295 acceptam
1281 5221 1505 5291 apostoli
1563 5219 1682 5286 ejus
1733 5227 1778 5269 et
1817 5217 2063 5285 discipuli
2115 5233 2236 5271 vere
2262 5217 2380 5272 vita:

803 5336 1051 5373 normam
1086 5317 1281 5373 imitati
1317 5324 1459 5368 sunt.
1500 5310 1677 5364 Simul
1718 5324 1781 5361 ac
1810 5310 1951 5361 enim
1993 5310 2168 5363 vocati
2226 5319 2374 5376 sunt,

804 5414 1177 5467 renuntiantes
1234 5408 1447 5479 quidem
1484 5405 1626 5468 vitae,
1666 5410 1717 5456 et
1753 5403 2084 5472 negligentes
2122 5406 2377 5471 patriam,

805 5514 859 5555 ct
910 5520 1103 5573 genus,
1156 5515 1209 5558 et
1256 5501 1560 5557 facultates.
1623 5496 1687 5549 ad
1722 5496 1911 5550 duram
1965 5506 2017 5552 et
2049 5497 2373 5552 laboriosam

806 5606 967 5648 vuum
1001 5585 1353 5661 transierunt,
1409 5606 1503 5661 per
1539 5604 1728 5645 omnes
1758 5590 2071 5645 incedentes
2099 5591 2375 5646 molestius

2481 4580 2589 4634 τῶν
2624 4575 2814 4631 παθῶν
2834 4574 2928 4629 τοῦ
2966 4572 3217 4643 σώματος
3243 4588 3257 4602 ⁸
3288 4572 3517 4641 ἔσχατον
3539 4571 3595 4624 δὲ
3624 4572 3720 4624 καὶ
3755 4572 3928 4641 αὐτῆς
3958 4590 4048 4624 κα·

2484 4672 2834 4742 ταφρονήσας
2866 4668 2933 4735 ⁸⁸,
2958 4668 3101 4737 ὃτεή
3132 4666 3264 4737 παρ’
3295 4663 3458 4719 αὐτοῦ
3482 4663 3917 4734 οίκονομουμένη
3952 4679 4048 4715 σω·

2484 4765 2653 4837 τηρία
2679 4762 2789 4816 τῶν
2815 4759 3119 4833 ἀνθρώπων
3139 4760 3335 4832 ἀπῄτει
3364 4756 3617 4820 θάνατον,
3672 4755 3942 4811 διδάσκων
3970 4755 4049 4809 διὰ

2482 4858 2697 4921 τούτου,
2729 4856 2811 4908 ὅτι
2842 4854 2923 4907 δεῖ
2943 4854 3035 4906 τὸν
3067 4850 3358 4924 φιλόσοφον
3394 4849 3571 4920 ὀρθῶς
3617 4848 4047 4919 προαιρούμενον

2483 4946 2830 5019 ἀρνήσασθαι
2881 4945 2983 5013 μὲν
3010 4944 3078 4997 τά
3107 4944 3243 5012 ἡδέα
3266 4944 3449 4997 πάντα
3496 4940 3591 4994 τοῦ
3623 4941 3765 5013 βίου,
3796 4941 3976 4994 πόνων
3999 4940 4047 4990 δὲ

2485 5018 2575 5093 καὶ
2608 5018 2797 5090 παθῶν
2823 5034 2883 5087 εὖ
2926 5036 3069 5105 μάλα
3098 5018 3435 5105 ἐπικρατεῖν,
3477 5036 3935 5105 καταφρονοῦντα
3964 5030 4047 5083 τοῦ

2485 5130 2756 5200 σώματος,
2817 5128 2963 5198 ἔχειν
2995 5128 3051 5181 δὲ
3112 5126 3253 5197 μηδὲ
3310 5130 3410 5198 τὴν
3455 5129 3634 5198 ψυχὴν
3683 5128 3899 5195 τιμίαν,
3923 5123 4049 5177 άλλά

2485 5223 2580 5275 καὶ
2604 5220 2809 5289 ταύτην
2831 5218 3127 5288 προθύμως
3148 5219 3435 5285 προέσθαι,
3461 5219 3590 5271 ὅταν
3612 5215 3679 5269 δι’
3698 5218 3900 5285 ἀρετῆς
3925 5216 4048 5269 ἀπό-

2484 5312 2650 5377 δειξιν
2681 5312 2982 5366 ἀποθέσθαι
3010 5310 3173 5381 256
3198 5310 3330 5364 δέοι.
3382 5308 3492 5362 Καὶ
3540 5306 3749 5377 ταύτην
3808 5308 4048 5379 παραλα-

2487 5408 2671 5470 ϐόντες
2699 5408 2748 5459 ot
2772 5406 3058 5459 ἀπόστολοι
3086 5404 3250 5459 αὑτοῦ
3278 5404 3372 5458 καὶ
3408 5402 3647 5473 μαθηταὶ
3672 5402 3913 5471 γνησίως
3959 5402 4049 5470 τὴν

2482 5500 2758 5569 διαγωγὴν
2798 5500 3141 5569 ἐμιμήσαντο
3165 5514 3180 5529 ·
3224 5499 3339 5568 ἃμα
3372 5494 3481 5565 γάρ
3518 5492 3597 5564 τῷ
3624 5492 3893 5565 κληθῆναι
3921 5495 4048 5546 ἀπο·

2483 5594 2778 5663 ταξάμενοι
2815 5596 2915 5665 μὲν
2944 5592 3021 5663 τῷ
3054 5593 3154 5663 βίῳ
3208 5593 3299 5645 καὶ
3345 5590 3694 5663 ὑπεριδόντες
3729 5592 3985 5664 πατρίδος
4011 5588 4046 5616 ’⁸

1982 5685 2178 5743 Variae
2203 5686 2505 5750 lectiones
2542 5696 2600 5749 et
2634 5698 2797 5752 notae

875 5787 913 5821 δ’
943 5788 1031 5857 τὴν
1055 5789 1185 5854 πρός
1211 5786 1329 5837 cod.
1402 5788 1440 5816 δ’
1460 5788 1866 5854 ἀπηρνημίνοις
1889 5787 1910 5833 ⁸.)

1970 5786 2011 5813 ⁵³
2029 5786 2422 5848 ἀποτφαὶίοειν
2444 5789 2562 5843 ςοιι.
2628 5790 2837 5842 "666v?
2893 5791 2934 5823 ⁵³
2956 5790 3051 5858 τῆς
3076 5788 3217 5856 ζωῆς
3239 5789 3315 5842 Vt‘l
3334 5786 3549 5859 ’ξυχῆςῗ
3604 5787 3903 5859 ’ἦπατρίδα
3934 5784 4049 5839 ωδ·
