4208 6312
753 333 856 397 US

1941 290 2259 398 GEoRGn
2304 336 2756 399 HAMARTOLI

3886 327 3990 387 H6

755 442 901 511 plent
935 444 1077 511 quod
1114 443 1180 497 ad
1215 444 1543 499 Ezechielcm
1576 446 1891 515 prOphetam
1920 461 1949 501 a
1978 447 2087 500 Deo
2119 447 2323 501 dictum
2350 451 2404 510 Α

2350 451 2404 510 Α
2428 445 2603 515 καιρῷ
2638 443 3002 513 κανονισμένη
3022 459 3035 472 ⁸
3068 440 3343 513 μονοσιτία
3372 438 3478 509 γὰρ
3505 441 3632 509 παρ’
3654 440 3836 499 αὐτοῖς
3878 440 3991 492 ἐστι

752 543 837 587 est
887 552 900 587 :
940 552 957 583 ι
1010 534 1106 587 Fili
1163 536 1420 598 hominis,
1476 552 1666 606 panem
1716 550 1866 591 tuum
1913 537 1965 590 in
2000 536 2191 592 dolore
2235 552 2328 593 co-

758 625 933 683 mede.
972 636 1025 678 et
1080 640 1273 694 aquam
1324 635 1467 680 tuam
1532 627 1584 681 in
1618 628 1961 682 tribulatione
2013 638 2066 683 et
2096 643 2327 684 maerore

759 714 899 768 bibe.
942 714 1131 768 Cibum
1167 726 1316 770 tuum
1358 720 1409 770 in
1450 718 1687 787 pondere
1720 722 1971 773 comedes
2012 734 2041 772 a
2087 729 2327 790 tempore

755 822 933 875 usque
972 807 1035 861 ad
1087 816 1333 875 tempus;
1382 819 1434 862 et
1481 823 1666 878 petum
1721 818 1872 865 tuum
1912 812 1965 865 in
2002 812 2324 866 verecundia

768 898 915 953 bibes
942 898 1049 973 die.
1090 917 1109 950 ι
1169 899 1332 967 Atqui
1380 900 1543 955 verbo
1594 902 1873 972 disrumpe
1918 913 2157 957 ventrem
2202 902 2325 958 illo-

753 1004 873 1045 rum
924 990 1015 1059 qui
1070 990 1174 1045 illis
1230 991 1416 1045 multis
1469 1003 1767 1061 pascuntur
1811 994 1975 1057 cibis,
2008 1004 2061 1049 et
2114 994 2323 1049 videbis

756 1095 893 1135 onus
946 1094 1109 1149 grave
1151 1088 1204 1135 et
1258 1082 1525 1152 impuram
1582 1083 1865 1147 cloacam,
1917 1092 1970 1137 et
2016 1083 2322 1137 dealbatum

751 1187 816 1225 ac
847 1180 1007 1240 putre
1052 1172 1403 1239 sepulcrum;
1434 1189 1554 1242 quae
1584 1183 1705 1240 post
1738 1173 1836 1226 ista
1880 1171 1962 1225 vel
1994 1171 2171 1225 dicere
2203 1187 2326 1225 eru-

751 1244 936 1325 heseo,
956 1268 1143 1329 turpes
1159 1267 1215 1315 et
1244 1260 1461 1315 l'mtidos
1482 1270 1691 1324 ructus,
1723 1260 1978 1322 vomitus,
2012 1262 2321 1327 procellam,

752 1350 1190 1406 obswrationem
1216 1352 1433 1413 animi»,
1466 1350 1675 1419 pondus
1700 1352 1965 1417 corporis,
1991 1359 2044 1404 et
2061 1366 2090 1405 ιι
2112 1366 2326 1407 summo

760 1454 815 1496 et
850 1444 917 1495 ab
942 1442 1052 1495 imo
1078 1443 1421 1510 eruptiones,
1456 1451 1504 1494 et
1534 1442 1754 1511 insuper
1776 1442 2205 1499 vehementiores
2231 1458 2324 1498 ve-

758 1545 1047 1584 nerearum
1081 1533 1414 1600 voluptatum
1447 1546 1681 1587 amores.
1713 1531 1776 1586 Et
1809 1532 1897 1585 illa
1930 1533 2147 1602 quidem
2175 1550 2326 1587 men—

756 1638 814 1672 sa
840 1621 907 1675 ad
928 1620 1097 1675 cmlos
1131 1621 1353 1691 angelos
1379 1622 1575 1685 mittit;
1612 1624 1711 1677 ista
1761 1638 1889 1678 vero
1920 1624 1985 1678 ad
2017 1625 2321 1693 gehennam

756 1712 895 1781 ignis
944 1713 1151 1767 ventris
1204 1728 1393 1767 servos
1428 1715 1651 1767 attrahit
1699 1714 1839 1771 sicut
1893 1716 2115 1771 divitem
2145 1716 2316 1785 illum,

2427 539 2678 600 πάντοτε,
2710 536 2805 590 καὶ
2836 538 3058 605 ἄριστον
3081 534 3332 597 οὐδέποτε
3357 533 3409 583 εἴ
3431 534 3577 584 ἐστιν
3614 533 3815 597 ἴσασιν,
3856 533 3993 584 ἀλλὰ

2426 630 2638 682 δεῖπνον
2667 630 2707 661 ⁸⁹
2744 626 3128 695 γινώσκοντες,
3155 626 3235 677 ὅτι
3271 622 3461 684 πένθος
3483 622 3510 674 ὁ
3538 624 3728 690 παρὼν
3761 622 3874 691 βίος
3904 624 3997 674 καὶ

2427 721 2681 788 νηστείας
2728 721 2822 771 καὶ
2880 718 3092 785 ἀγῶνος
3126 717 3194 782 δ’,
3224 713 3555 785 πληροῦντες
3590 714 3647 766 ἐν
3693 713 3869 781 τούτῳ
3901 715 3995 765 καὶ

2426 812 2486 863 τὸ
2518 813 2651 879 πρὸς
2678 812 2768 864 τὸν
2805 812 3089 881 προφήτην
3152 807 3409 875 Ἰεζεκιὴλ
3459 806 3746 876 εἰρημένον
3768 805 3877 856 ἀπὸ
3902 804 3994 856 τοῦ

2424 900 2560 955 Θεοῦ
2595 901 2636 931 ⁸⁸
2658 917 2670 931 ·
2710 902 2805 953 Υἱὲ
2860 898 3171 969 ἀνθρώπου,
3198 898 3289 948 τὸν
3332 894 3495 965 ἄρτον
3535 910 3631 947 σου
3659 893 3778 962 μετ’
3800 890 3999 961 ὀδύνης

2426 994 2591 1061 φάγει
2622 992 2716 1042 καὶ
2765 992 2827 1042 τὸ
2879 988 3023 1058 ὕδωρ
3057 1005 3151 1040 σου
3190 986 3323 1056 μετά
3376 985 3609 1055 βασάνου
3640 984 3733 1037 καὶ
3761 982 3997 1054 θλίψεως

2429 1076 2708 1132 πίει-καὶ
2768 1076 2828 1129 τὸ
2876 1075 3070 1146 βρῶμά
3126 1091 3218 1126 σου
3275 1075 3334 1126 ἐν
3390 1070 3613 1141 σταθμῷ
3680 1070 3923 1140 φάγεσαι
3952 1070 3994 1099 ⁸⁸

2427 1166 2535 1218 ἀπὸ
2562 1164 2752 1234 καιροῦ
2800 1164 2902 1227 ἕως
2950 1165 3139 1231 καιροῦ
3173 1163 3256 1196 ⁸³·
3291 1160 3475 1215 καὶτὸ
3522 1160 3672 1230 πόμα
3708 1175 3803 1211 σου
3857 1158 3996 1229 μετά

2427 1256 2694 1323 ἐντροπῆς
2728 1254 2770 1285 ³⁵
2795 1256 2979 1307 πίεσαι
3007 1255 3052 1287 ⁸⁵
3083 1256 3181 1323 τῆς
3216 1253 3448 1324 ἡμέρας.
3481 1270 3500 1302 ι
3551 1252 3884 1321 ’Λνάρρηξον
3904 1250 3995 1303 οῦν

2412 1346 2501 1415 τῷ
2522 1345 2663 1415 λόγῳ
2690 1346 2787 1416 τὴν
2824 1345 3064 1416 γαστέρα
3101 1346 3211 1398 τῶν
3237 1347 3419 1398 ἐκεῖνα
3446 1344 3514 1396 τὰ
3542 1342 3711 1395 πολλὰ
3739 1342 3996 1409 σιτουμέ-

2426 1451 2533 1487 νων
2564 1434 2658 1486 καὶ
2687 1432 2808 1501 ὕψει
2848 1432 2940 1485 τὸν
2972 1432 3139 1484 πολὺν
3189 1432 3385 1502 φόρτον
3414 1433 3508 1482 καὶ
3563 1432 3654 1484 τὸν
3683 1428 3997 1497 ἀκάθαρτον

2424 1525 2609 1594 ὀχετὸν
2642 1524 2733 1576 καὶ
2770 1524 2862 1575 τὸν
2900 1522 3282 1593 κεκονιαμένον
3308 1522 3403 1575 καὶ
3442 1522 3649 1591 σαπρὸν
3677 1522 3851 1588 τάφον
3876 1536 3887 1548 ·
3929 1522 3997 1572 τά

2422 1616 2479 1669 δὲ
2535 1614 2673 1685 μετά
2728 1615 2900 1667 ταῦτα
2949 1614 3270 1684 αἰσχύνομαι
3335 1614 3427 1666 καὶ
3478 1615 3671 1676 εἰπεῖν,
3726 1612 3825 1676 τὰς
3876 1614 3995 1665 ἀει·

2420 1706 2527 1771 δεῖς
2567 1710 2658 1760 καὶ
2704 1706 2956 1771 δυσώδεις
3022 1705 3247 1777 ἐρυγάς,
3303 1707 3428 1769 τοὺς
3467 1706 3716 1775 ἐμετοὺς,
3772 1704 3873 1774 τὴν
3903 1705 3995 1767 ζά-

755 1803 837 1855 llli
874 1817 1099 1859 somnus
1129 1804 1286 1858 morti
1332 1804 1528 1859 similis
1564 1805 1835 1872 succedit;
1885 1805 2011 1859 huic
2055 1806 2309 1862 distracta
2345 1805 2417 1864 BI

2345 1805 2535 1875 Βλην.
2563 1804 2661 1873 τὴν
2719 1804 2983 1857 σκότωσιν
3033 1802 3134 1871 τῆς
3188 1800 3365 1872 ψυχῆς
3418 1802 3512 1855 καὶ
3562 1802 3623 1853 τδ
3678 1800 3842 1869 βάρος
3900 1799 3993 1852 τοῦ

754 1893 973 1962 vigilia;
1032 1894 1123 1947 uni
1176 1894 1486 1958 cruciatus,
1547 1896 1699 1949 alteri
1756 1910 1984 1963 regnum
2033 1896 2315 1951 caelorum.

754 1984 965 2039 litenim
1028 1995 1146 2055 post
1207 1986 1424 2040 unicam
1488 1984 1844 2041 refectionem
1909 1995 1963 2041 et
2022 1989 2320 2057 gratiarum

752 2077 1013 2139 actiones.
1045 2078 1396 2147 compunctio
1425 2088 1479 2133 et
1510 2078 1778 2133 ferventes
1810 2079 2076 2149 lacrymas
2105 2081 2322 2148 copiose

747 2166 1108 2233 ctl‘undentes,
1138 2168 1217 2223 sic
1261 2169 1326 2223 ad
1361 2184 1612 2224 somnum
1659 2170 2097 2239 progrediuntur,
2132 2172 2224 2225 sed
2252 2172 2319 2226 ad

750 2273 1001 2311 somnum
1034 2257 1251 2312 brevem
1302 2274 1409 2329 quo
1440 2260 1527 2314 vix
1580 2263 1961 2328 requiescant,
1994 2276 2320 2331 rursumque

752 2358 937 2403 noctes
962 2348 1080 2403 dies
1130 2347 1359 2413 faciunt,
1399 2350 1452 2402 in
1483 2352 1779 2419 gratiarum
1822 2354 2036 2407 actione
2070 2362 2125 2407 et
2175 2354 2319 2421 psal-

762 2439 938 2492 modia
971 2449 1186 2508 tempus
1219 2454 1378 2494 omne
1408 2449 1668 2493 terentes.
1705 2442 1805 2493 Abi
1838 2456 1965 2510 ergo
1998 2442 2066 2495 ad
2100 2451 2319 2497 sanctos

756 2530 889 2583 istos
922 2541 977 2584 et
1020 2530 1170 2584 disce
1202 2530 1271 2583 ab
1300 2530 1407 2584 illis
1452 2530 1655 2598 aliquid
1702 2530 1852 2595 utile,
1884 2539 1937 2583 et
1984 2531 2315 2597 illuminare;

760 2617 1040 2687 lampades
1068 2618 1213 2672 enim
1246 2633 1373 2672 vere
1398 2628 1525 2673 sunt
1570 2630 1623 2673 et
1680 2619 1907 2681 lumina,
1940 2620 2164 2677 verbum
2202 2622 2323 2676 vitae

754 2718 1151 2779 exspectantes,
1176 2718 1227 2763 et
1260 2710 1461 2780 ubique
1495 2720 1762 2765 terrarum
1800 2719 2098 2775 versantes,
2127 2721 2180 2766 et
2204 2727 2321 2766 om-

756 2815 877 2854 nem
913 2801 1179 2855 mundum
1214 2800 1576 2856 illustrautes.
1612 2803 1751 2872 Ergo
1782 2817 1946 2872 perge
1982 2805 2323 2858 continenter

753 2891 821 2945 ad
857 2890 1000 2955 illos,
1038 2900 1095 2947 ut
1120 2906 1213 2949 eas
1260 2908 1382 2962 quae
1411 2902 1538 2948 sunt
1572 2894 1623 2947 in
1657 2901 1710 2949 te
1747 2896 1990 2951 maculas
2029 2895 2321 2965 puriﬁcans

754 2982 951 3037 horum
1000 2984 1341 3038 orationibus
1396 2994 1449 3039 et
1508 2986 2000 3052 adhortationibus,
2041 2988 2317 3043 meliorem

751 3072 865 3139 jam
890 3073 1145 3128 ostendas
1178 3075 1340 3127 vitam
1369 3087 1420 3129 et
1452 3076 1632 3131 futura
1668 3078 1809 3133 bona
1844 3080 2116 3134 obtineas.
2152 3098 2170 3131 ι

2425 1895 2699 1965 σώματος,
2750 1896 2849 1957 τὰς
2896 1894 3143 1948 κάτωθέν
3180 1910 3240 1946 τε
3282 1895 3375 1945 κα)⁵
3405 1892 3608 1946 ἀνωθεν
3638 1892 3894 1960 ἐκρήσεις
3929 1891 3993 1953 ⁸⁸,

2422 1992 2517 2044 καὶ
2563 1989 2687 2051 τοὺς
2718 1988 2807 2039 ἐπὶ
2840 1986 3054 2048 τούτοις
3097 1984 3488 2055 σφοδροτέρους
3517 1984 3626 2036 τῶν
3664 1982 3996 2052 ἀφροδισίων

2421 2079 2649 2150 ἔρωτας.
2687 2076 2930 2146 Κάκείνη
2966 2075 3063 2145 μὲν
3096 2076 3129 2146 ἡ
3160 2073 3429 2144 τράπεζα.
3464 2074 3541 2136 είς
3574 2072 3834 2142 οὐρανοὺς
3867 2071 3994 2133 τούς

2420 2171 2690 2240 ἀγγέλους
2746 2168 3137 2237 παραπέμπει·
3171 2165 3309 2237 αὕτη
3356 2166 3411 2219 δέ
3446 2166 3524 2229 είς
3556 2166 3783 2231 γέενναν
3826 2163 3995 2234 πυρὸς

2419 2263 2571 2315 ἐλκει
2601 2262 2730 2324 τούς
2783 2258 3199 2322 κοιλιοδούλους,
3235 2256 3425 2323 ὥσπερ
3476 2259 3572 2309 καὶ
3607 2257 3697 2309 τὸν
3738 2253 3993 2308 πλούσιον

2372 2373 2377 2378 ·
2404 2356 2625 2407 ἐκεῖνον
2647 2372 2658 2383 ·
2694 2352 2789 2405 καὶ
2811 2351 2908 2422 τὴν
2928 2353 3026 2421 μὲν
3048 2350 3094 2383 ⁸⁷
3124 2350 3289 2413 ὕπνος
3316 2350 3530 2419 θανάτῳ
3561 2349 3921 2419 προσεοικυῖα
3951 2346 3993 2379 δ’

2420 2445 2743 2513 διαδέχεται,
2766 2445 2864 2513 τὴν
2886 2444 2942 2497 δὲ
2973 2443 3137 2512 νῆψις
3159 2442 3255 2495 καὶ
3288 2439 3591 2511 ἀγρυπνία,
3627 2440 3725 2494 καὶ
3761 2438 3861 2509 τὴν
3895 2437 3991 2508 μὲν

2422 2535 2660 2601 κόλασις,
2685 2536 2780 2604 τὴν
2810 2534 2914 2607 [δέ]
2944 2534 3188 2606 οὐρανῶν
3223 2532 3471 2604 βασιλεία
3496 2534 3567 2565 ’⁸⁸⁸
3603 2531 3741 2603 μετὰ
3766 2530 3874 2599 γὰρ
3894 2529 3993 2598 τὴν

2422 2626 2569 2691 ἅπαξ
2597 2628 2839 2680 ἑστίασιν
2872 2628 2968 2680 καὶ
3003 2627 3103 2697 τὴν
3136 2627 3489 2697 εὐχαριστίαν
3523 2624 3724 2694 πολλῆς
3775 2620 3991 2693 ἐμπλη-

2425 2717 2641 2779 σθέντες
2675 2718 2719 2749 ⁸ο
2748 2717 3089 2782 κατανύξεως
3144 2718 3237 2771 καὶ
3281 2716 3500 2786 θερμῶν
3543 2715 3817 2783 δακρύων,
3849 2714 3993 2766 οὕτω

2422 2808 2561 2875 πρὸς
2602 2807 2768 2858 ὐπνον
2830 2806 3153 2875 βαδίζουσιν,
3209 2806 3461 2858 τοσοῦτον
3506 2806 3668 2857 αὐτοῦ
3718 2804 3992 2873 μεταλαγ-

2422 2898 2673 2967 χάνονται
2714 2898 2837 2948 ὅσον
2882 2898 3075 2967 μικρὸν
3098 2896 3516 2949 ἀναπαύσασθαι
3544 2901 3556 2915 ⁶
3597 2896 3692 2949 καὶ
3716 2896 3877 2947 πάλιν
3895 2896 3991 2956 τὰς

2428 2989 2627 3050 νύκτας
2659 2985 2871 3055 ἡμέρας
2920 2985 3186 3049 ποιοῦσιν,
3214 2986 3271 3036 ἐν
3298 2984 3618 3054 εὐχαριστίᾳ.
3651 2983 3747 3036 καὶ
3768 2982 3994 3051 dmino)-

2421 3080 2511 3152 δίᾳ
2538 3079 2625 3134 ἀεὶ
2652 3078 2953 3144 διάγοντες.
3000 3074 3237 3129 ’Δπελθε
3276 3074 3453 3127 τοίνυν
3486 3077 3623 3141 πρὸς
3648 3074 3775 3136 τοὺς
3804 3072 3992 3139 ἁγίους

755 3162 977 3222 τούτους
1008 3161 1104 3212 καὶ
1150 3161 1287 3228 μάθε
1317 3179 1369 3214 τι
1423 3164 1551 3233 παρ’
1595 3167 1774 3218 αὐτῶν
1832 3169 2103 3238 χρήσιμον
2137 3169 2231 3223 καὶ
2261 3171 2589 3241 φωτίσθητιο
2625 3168 2806 3238 λύχνοι
2838 3167 2944 3236 γάρ
2978 3166 3116 3219 εἰσιν
3147 3166 3313 3229 ὄντως
3352 3165 3442 3219 καὶ
3474 3165 3783 3234 φωστῆρες,
3838 3162 3998 3231 λόγον

654 3332 657 3333 ν
759 3254 904 3319 ζωῆς
928 3254 1239 3321 ἐπέχοντες,
1275 3257 1372 3307 καὶ
1419 3257 1695 3325 πανταχοῦ
1726 3259 1880 3327 26],
1917 3262 2013 3326 τῆς
2056 3264 2378 3335 οἰκουμένης
2414 3266 2565 3328 ὄντες
2601 3265 2697 3317 καὶ
2728 3264 2892 3317 πᾶσιν
2928 3261 3024 3333 τὴν
3052 3262 3155 3332 γῆν
3189 3260 3761 3331 καταλαμπρύνοντες.
3786 3257 3997 3313 Οὐκοῦν

762 3346 941 3415 βάδιζε
987 3346 1223 3415 συνεχῶς
1270 3348 1406 3417 πρδς
1438 3350 1653 3412 αὐτοὺς,
1692 3349 1779 3403 ἵνα
1832 3356 1927 3414 τὰς
1967 3356 2023 3406 ἐν
2053 3358 2137 3407 σοὶ
2194 3358 2413 3424 κηλίδας
2442 3358 2579 3427 (70‘)
2618 3358 2929 3428 ἐκκαθάρας
2983 3360 3103 3421 ταῖς
3130 3358 3355 3412 ἐκείνων
3422 3356 3607 3427 εὐχαῖς
3654 3357 3749 3408 καὶ
3800 3369 4001 3424 παραι-

760 3437 996 3502 νέσεσιν,
1047 3434 1266 3505 ἄριστον
1314 3437 1566 3509 ἀναδείξῃ
1600 3438 1643 3469 “
1670 3440 1763 3491 τοῦ
1786 3440 1971 3491 λοιποῦ
2028 3442 2141 3509 βίον
2179 3446 2273 3496 καὶ
2316 3447 2422 3497 τῶν
2458 3447 2757 3513 μελλόντων
2791 3448 3009 3513 ἀγαθῶν
3050 3448 3335 3519 ἐπιτύχῃς.
3374 3467 3393 3499 ι
3444 3447 3453 3451 ’

837 3529 1103 3585 Similiter
1134 3538 1185 3584 et
1217 3528 1590 3586 Theodoretus
1622 3531 1694 3587 ita
1726 3534 1967 3602 loquitur
1997 3552 2010 3588 :
2044 3553 2062 3587 ι
2098 3535 2325 3605 Angelo-
2354 3542 2396 3600 c

2354 3542 2396 3600 ο
2500 3538 2544 3566 ⁸³
2583 3536 2693 3605 (15)
2727 3537 2801 3589 Οὐ
2838 3536 2942 3607 μὴν
2989 3538 3046 3591 δὲ
3088 3539 3222 3592 ἀλλὰ
3280 3541 3375 3593 καὶ
3424 3540 3768 3611 Θεοδώρητος
3820 3539 3996 3601 οὕτως

762 3636 883 3673 rum
908 3635 1033 3676 vere
1058 3621 1339 3676 imitantur
1368 3625 1857 3692 conversationem,
1885 3625 2199 3695 quicunque
2230 3626 2319 3682 Dci

763 3715 1041 3770 servitium
1088 3718 1377 3787 amplexati
1430 3728 1582 3785 sunt,
1634 3719 1725 3789 qui
1783 3720 2025 3789 corporis
2072 3719 2327 3791 fugerunt

762 3807 1001 3877 requiem
1032 3819 1086 3863 et
1118 3809 1408 3879 legitimam
1458 3812 1792 3875 societatem,
1836 3822 2019 3880 utpote
2068 3828 2097 3865 a
2127 3814 2326 3869 divinis

762 3898 1165 3953 abstraheutcm
1231 3901 1416 3965 rebus,
1464 3912 1517 3953 et
1550 3918 1581 3955 a
1615 3902 1925 3955 caelestibus
1976 3912 2030 3957 et
2078 3904 2325 3959 invisibi-

764 3992 908 4045 libus
945 3991 1153 4045 deliciis
1184 4001 1525 4058 avocantem,
1600 4000 1652 4046 et
1707 3994 1798 4061 qui
1854 3994 2193 4062 reliquerunt
2231 4012 2327 4065 pa-

764 4083 923 4133 triam
971 4088 1024 4133 et
1067 4096 1236 4148 genus
1268 4082 1429 4135 simul
1470 4092 1523 4136 et
1553 4084 1792 4149 divitias,
1826 4094 1885 4139 ut
1918 4100 2131 4139 omnem
2170 4088 2222 4140 in
2254 4090 2327 4142 di-

767 4168 907 4221 vinis
952 4182 1139 4221 curam
1194 4180 1477 4237 reponant,
1525 4172 1840 4241 nullumque
1884 4173 2155 4228 vinculum
2201 4189 2328 4242 pro-

766 4257 950 4311 hibeat
984 4259 1113 4328 quin
1140 4259 1204 4313 ad
1237 4261 1432 4315 ccelum
1470 4279 1622 4317 mens
1650 4266 1848 4319 evolet.
1885 4263 1981 4321 llis
2017 4265 2175 4334 plena
2202 4275 2330 4320 sunt

765 4360 817 4401 et
843 4350 1004 4404 urbes
1034 4360 1087 4405 et
1112 4350 1214 4425 vici
1238 4361 1289 4406 et
1324 4356 1589 4408 montium
1622 4358 1852 4411 vertices
1880 4362 1949 4411 et’
1972 4357 2321 4427 praecipitia.»

767 4439 842 4490 Ex
874 4454 983 4507 quo
1020 4442 1164 4495 enim
1195 4440 1451 4496 Christus
1484 4442 1848 4511 virginitatem
1882 4445 2090 4499 honore
2124 4445 2326 4509 atfecit,

768 4544 829 4579 ex
862 4527 1083 4597 Virgine
1107 4541 1287 4595 natus,
1315 4533 1639 4601 virginitatis
1670 4543 1819 4601 prata
1844 4544 2035 4589 natura
2064 4539 2331 4604 germina-

770 4619 865 4679 vit,
928 4628 983 4672 et
1041 4637 1237 4675 suaves
1296 4638 1357 4676 ac
1408 4624 1885 4681 immarcescibiles
1940 4616 2329 4684 monachorum

771 4708 931 4761 ﬂores
975 4708 1133 4763 oll‘ert
1197 4711 1442 4765 Greateri
1509 4722 1563 4767 et
1609 4714 1857 4770 Domino.
1916 4715 2127 4789 Ubique
2184 4721 2327 4775 enim

774 4801 1101 4852 nionasteria
1130 4802 1347 4855 condita
1376 4814 1525 4866 sunt,
1573 4821 1679 4859 non
1715 4810 1889 4863 solum
1913 4814 2055 4879 apud
2087 4830 2207 4878 nos,
2237 4814 2327 4867 sed

2430 3626 2554 3694 ἔφη’
2614 3644 2631 3676 ί
2666 3626 2775 3694 Τὴν
2810 3625 2917 3693 γὰρ
2978 3626 3041 3695 δὴ
3094 3628 3201 3679 τῶν
3257 3630 3503 3694 ἀγγέλων
3563 3627 3933 3701 ἐκμιμοῦντες
3954 3633 3997 3666 ³⁸

2429 3718 2711 3789 προδήλως
2772 3718 3048 3771 πολιτείαν
3082 3719 3193 3771 ὅσοι
3238 3719 3345 3772 τῶν
3383 3721 3683 3789 ἀνθρώπων
3744 3725 3843 3793 τὴν
3899 3726 3995 3779 τοῦ

2429 3808 2563 3862 Θεοῦ
2599 3807 2893 3880 θεραπείαν
2943 3806 3293 3877 ἠσπάσαντο,
3344 3808 3540 3870 οἵτινες
3587 3808 3788 3877 ἔφυγον
3816 3812 3863 3843 ⁸⁵
3901 3814 3997 3880 μὲν

2430 3904 2526 3974 τὴν
2552 3904 2645 3957 τοῦ
2682 3903 2929 3972 σώματος
2961 3902 3266 3955 ἀνάπαυσιν
3300 3902 3393 3953 καὶ
3418 3900 3517 3970 τὴν
3546 3901 3589 3933 ⁵⁵
3624 3899 3853 3970 ἔννομον
3884 3919 3997 3954 κοιο

2430 3996 2621 4047 νωνίαν
2646 3994 2719 4057 ὡς
2749 3994 2854 4047 τῶν
2887 3993 3047 4045 θείων
3064 3992 3404 4059 ἀφέλκουσαν
3431 3992 3474 4024 ⁸⁸
3502 3992 3595 4045 καὶ
3623 3991 3733 4044 τῶν
3762 3994 3998 4061 ἐπουρα-

2432 4085 2559 4137 νίων
2593 4086 2839 4153 ἀοράτων
2863 4085 3256 4153 τρυφημάτων,
3304 4083 3596 4137 κατέλιπον
3644 4083 3699 4137 δέ
3747 4084 3845 4136 καὶ
3890 4102 3997 4136 πα-

2431 4174 2584 4243 τρίδα
2610 4178 2703 4225 καὶ
2741 4176 2893 4240 γένος
2927 4176 3042 4243 ἅμα
3071 4176 3115 4206 ⁸⁷
3145 4176 3240 4227 καὶ
3289 4174 3543 4239 πλοῦτον,
3577 4176 3663 4228 ἵνα
3708 4176 3891 4229 πᾶσαν
3922 4178 3998 4237 είς

2431 4267 2497 4319 τὰ
2535 4267 2651 4320 θεῖα
2692 4267 2995 4335 μεταϐῶσιν
3051 4268 3147 4337 τὴν
3203 4270 3493 4339 μέριμναν,
3547 4274 3639 4326 καὶ
3676 4271 3869 4342 μηδεὶς
3909 4272 3999 4326 τὸν

2431 4357 2555 4410 νοῦν
2587 4356 2760 4427 ἐπέχῃ
2788 4356 2984 4423 δεσμὸς
3018 4357 3063 4388 ⁵⁸
3094 4358 3173 4419 είς
3202 4360 3427 4428 οὐρανὸν
3482 4362 3813 4432 ἀναπτῆναι.
3864 4362 4001 4415 Τού-

2430 4463 2539 4499 των
2575 4445 2801 4513 πλήρεις
2848 4445 2942 4496 καὶ
2990 4444 3194 4509 πόλεις,
3258 4449 3350 4499 καὶ
3402 4448 3608 4517 κῶμαι,
3664 4452 3759 4503 καὶ
3787 4453 3843 4503 at
3894 4451 4000 4503 τῶν

2430 4538 2602 4608 ὀρέων
2650 4536 2922 4607 ἁκρωρίαι
2959 4538 3003 4568 δ’
3036 4536 3129 4589 καὶ
3184 4538 3487 4607 φάραγγες.
3526 4559 3544 4590 ι
3611 4541 3721 4609 (l6)
3768 4541 3891 4608 Ἀφ’
3943 4534 4001 4593 οῦ

2432 4631 2541 4700 γὰρ
2570 4631 2597 4681 ὁ
2628 4629 2860 4698 Χριστὸς
2894 4626 2992 4695 τὴν
3026 4627 3325 4695 παρθενίαν
3369 4630 3652 4697 ἐτίμησεν,
3710 4629 3816 4680 ὑπὸ
3859 4647 4001 4694 παρ-

2433 4722 2587 4774 θένου
2627 4719 2859 4789 τεχθεὶς,
2884 4720 3010 4780 τοὺς
3041 4716 3134 4784 τῆς
3162 4716 3455 4783 παρθενίας
3474 4715 3745 4784 λειμῶνας
3776 4718 3808 4787 ἡ
3840 4718 4001 4785 φύσις

2433 4813 2732 4881 ἐϐλάστησε
2784 4810 2878 4863 καὶ
2927 4808 2995 4861 τά
3051 4805 3222 4876 εὐώδη
3261 4807 3369 4858 τῶν
3407 4806 3657 4875 μοναχῶν
3710 4807 3845 4878 ἀνθη
3910 4810 4002 4861 καὶ

774 4900 915 4943 etum
958 4890 1009 4943 in
1065 4888 1220 4961 Syria
1248 4902 1355 4947 tota
1402 4903 1454 4947 et
1497 4894 1807 4963 Palmstina,
1853 4912 1907 4955 et
1959 4905 2145 4958 Cilicia
2186 4914 2239 4958 et
2272 4907 2323 4958 in
2362 4894 2436 4954 Di

2362 4894 2402 4947 D
2432 4904 2718 4973 άμάραντα
2754 4901 3051 4970 προσφέρει
3090 4898 3167 4966 τῷ
3211 4899 3415 4967 Ποιητῇ
3459 4899 3552 4950 καὶ
3579 4899 3850 4970 Δεσιπότῃ.
3896 4900 4002 4953 Καὶ

775 4978 1199 5051 Mesopotamia;
1246 4980 1299 5037 in
1343 4984 1571 5056 Egypto
1605 4990 1860 5046 dicuntur
1889 4997 2123 5064 quinque
2162 4999 2321 5051 etiam

778 5070 945 5127 millia
1017 5075 1256 5129 virorum
1306 5076 1498 5131 habere
1571 5079 1815 5147 quaedam
1892 5086 2086 5140 scholae
2149 5088 2326 5142 'simul

2432 4997 2538 5063 γὰρ
2565 4992 2838 5061 πανταχοῦ
2879 4992 3217 5061 μοναστήρια
3251 4991 3562 5059 γεγόνασιν,
3613 4991 3673 5044 οὐ
3710 4992 3840 5060 παρ’
3868 4995 3999 5061 ἡμῖν

2440 5086 2619 5156 μόνον,
2653 5086 2790 5138 ἀλλὰ
2820 5086 2914 5137 καὶ
2958 5087 3012 5138 ἐν
3044 5085 3213 5156 Συρίᾳ
3247 5086 3415 5157 πάσῃ,
3451 5084 3544 5137 καὶ
3596 5084 3934 5153 Παλαιστίνῃ
3959 5084 3999 5113 ε’

1923 5219 2110 5279 Varia:
2144 5221 2443 5282 lectiones
2472 5227 2529 5280 et
2570 5228 2755 5281 noue.

854 5372 899 5403 ³⁹
930 5375 1053 5435 περὶ
1076 5372 1336 5427 δείπνωνῖ
1438 5374 1480 5401 ⁸ο
1524 5370 1841 5429 ἀνάπλεωςῗ

1950 5372 1990 5404 ⁸¹
2023 5374 2113 5429 Ει.
2172 5395 2267 5439 xu,
2310 5376 2394 5430 18.
2445 5373 2767 5439 φάγεσαι-
2808 5377 3011 5429 πίεσαι.

786 5441 993 5509 ἡμέραν
1024 5440 1116 5496 Et.
1147 5458 1215 5505 tv,
1240 5444 1293 5496 Ξ.
1370 5446 1413 5475 ’⁸³
1440 5446 1541 5500 ἕως
1566 5440 1755 5510 καιροῦ
1817 5441 1913 5504 τῆς
1970 5445 2175 5510 ἡμέρας
2233 5447 2353 5499 eod.

3122 5374 3163 5403 δ’
3202 5392 3259 5439 φ.
3315 5376 3369 5426 ἐν
3425 5390 3506 5425 στ.
3540 5377 3587 5425 κ’
3624 5375 3839 5436 σίκλους
3906 5375 3996 5439 τὴν

2430 5446 2476 5475 ⁸⁸
2503 5446 2608 5497 dra
2660 5445 2851 5513 καιροῦ
2874 5445 2978 5504 ἕως
3014 5441 3206 5509 καιροῦ
3237 5444 3287 5495 in
3317 5443 3577 5513 margine.
3656 5446 3700 5476 “
3740 5446 3833 5496 καὶ
3858 5445 3996 5507 ὕδωρ

787 5512 842 5562 ἐν
886 5511 1064 5578 μέτρῳ
1095 5530 1149 5564 7:.
1184 5514 1274 5567 ΕΖ.
1319 5531 1388 5575 tv,
1422 5514 1504 5564 1‘2.
1583 5509 1629 5541 ⁸⁶
1659 5510 1935 5582 ἐκρεύσεις
1968 5509 2346 5581 νςιιέκρήξειςῖ
2421 5515 2449 5544 δ’

2336 5518 2346 5567 Ρ
2421 5515 2463 5544 ⁸⁷
2494 5514 2583 5565 καὶ
2606 5516 2669 5581 τῇ
2694 5509 2789 5582 μέν
2816 5514 2933 5569 cod.
3014 5514 3057 5543 ⁸³
3088 5513 3420 5580 προσεοικώς
3444 5509 3576 5567 τού.
3656 5514 3698 5544 ⁸⁸
3728 5514 3998 5581 βασιλείαν

790 5582 908 5653 end.
986 5582 1495 5652 ⁵⁰ὲμπληροῦντιιῗ²
1571 5580 1949 5653 ⁸¹ᾼὲπιδτιεοξ1.
2026 5583 2067 5609 ⁸³
2094 5580 2452 5653 Θεοδωρήτου.

1406 5583 1495 5633 1t?
1571 5580 1797 5653 “eme,
1832 5582 1949 5653 (toti.
2026 5583 2067 5609 ⁸³
2094 5580 2453 5653 Θεοδωρήτου.
2492 5580 2666 5637 διιτιιιο
2695 5580 2797 5641 ΠΙ.
2834 5600 2952 5649 pag.
2981 5583 3064 5635 53.

797 5648 1016 5712 μνιῦνται
1058 5657 1176 5709 rint.
1222 5648 1297 5682 ’νδ
1327 5654 1457 5716 ﬁeri.
1491 5655 1576 5716 ἐφ.
1605 5651 1711 5723 Ill.
1790 5652 1834 5681 ⁸⁵
1862 5650 1958 5717 τὴν
1992 5652 2252 5723 σωμάτων
2274 5648 2363 5705 καὶ
2400 5655 2497 5723 τήν
2530 5652 2626 5706 Th.

796 5719 1060 5783 σμόνοοιί.
1142 5724 1182 5752 ⁵⁵
1223 5722 1547 5787 ἀκρωνυχῖαι
1602 5720 1699 5774 Th.
1780 5723 1820 5751 °°
1857 5724 1945 5773 καὶ
1989 5722 2043 5771 ἐν
2081 5723 2139 5773 li.
2185 5724 2298 5775 Cud.

3166 5583 3209 5612 "
3239 5583 3562 5651 μιμούμενοι
3620 5582 3720 5635 Th.
3758 5614 3823 5622 -—
3849 5586 3999 5651 ἐκμι-

2710 5655 2753 5685 5“
2792 5654 2883 5719 ἀφ.
2915 5669 3035 5705 κατ.
3070 5652 3167 5707 Th.
3248 5653 3288 5683 ³⁷
3326 5653 3508 5721 γέννος
3548 5654 3634 5704 ἵνα
3658 5652 3759 5706 Th.
3842 5655 3887 5683 “
3922 5650 3997 5700 Et;
