4208 6312
295 280 401 343 45Ἰ

1458 281 1918 347 ΕΗΛΟΝῙΕΟΝ.
1959 308 2026 319 -
2068 285 2216 345 LIB.
2265 286 2377 347 ῐιῐ.

3430 287 3535 352 458

294 395 565 449 ἐπιτελεῖν
583 393 871 466 δυνάμενοι
896 411 911 428 ·
951 396 1255 469 ὑποφόρους
1278 397 1384 470 γὰρ
1420 399 1635 470 ἔχοντες
1658 399 1859 461 αὐτοὺς

1962 395 2169 452 tributo
2203 398 2466 454 habentes
2503 397 2733 454 Romani
2766 412 2874 456 non
2912 400 3101 455 sinunt
3136 401 3250 457 suis
3280 416 3535 458 caeremo-

296 486 374 557 (οἱ
411 484 673 556 Ῥωμαῖοι
712 487 811 539 οὐκ
834 488 968 541 ἐῶσι
1003 491 1115 552 τοῖς
1146 490 1296 552 ἰδίοις
1319 490 1607 560 χρᾶσθαι⁸⁶
1640 488 1863 544 δικαιὼ-

297 592 486 646 μασιν,
533 576 835 650 ἐπειδήπερ
879 579 1143 644 ἑκουσίως
1178 582 1559 635 ἐπεσπάσαντο
1607 579 1706 651 τὴν
1743 580 1864 633 δου-

294 668 446 723 λείαν
474 670 719 735 εἰπόντες
736 671 779 703 ⁸⁸
802 688 818 703 ο
854 690 876 723 ι
908 672 1022 726 Οὐκ
1051 672 1249 743 ἔχομεν
1289 672 1512 743 βασιλέα
1540 673 1588 725 εί
1619 671 1696 743 μὴ
1724 671 1862 725 Καί-

293 775 445 829 σαρα
467 776 482 791 ⁸
524 779 542 813 ι
578 762 673 814 καί
699 777 714 793 ο
750 781 769 815 ι
813 762 937 815 Ἐὰν
964 764 1038 833 μὴ
1067 764 1473 835 ἀποκτείνωμεν
1489 762 1580 818 τδν
1606 761 1860 833 Χριστὸν,

292 854 499 915 πάντες
542 855 622 917 είς
672 853 838 907 αὐτὸν
891 855 1244 918 πιστεύσουσι
1273 855 1412 933 ,καὶ
1456 853 1765 908 ἐλεύσονται
1810 855 1860 908 oi

306 942 593 1013 Ῥωμαῖοι,
612 946 707 998 καὶ
724 945 918 1016 άροῦσι
930 946 1020 1000 τὸν
1040 947 1203 1001 τόπον
1221 949 1377 1019 ἡμῶν
1392 948 1436 979 ⁸⁸
1451 948 1544 1001 καὶ
1562 949 1622 1000 τὸ
1642 946 1815 1012 ἔθνος,
1838 964 1856 997 ι

288 1033 348 1084 οἴ
372 1048 436 1101 γε
478 1036 574 1087 καὶ
600 1034 825 1100 ἄκοντες
854 1038 1269 1109 προεφήτευσαν
1293 1054 1308 1069 ο
1343 1041 1439 1092 καὶ
1468 1026 1859 1111 γὰρὶπίστευ-

290 1138 397 1173 σαν
448 1124 530 1186 είς
576 1123 739 1178 αὐτὸν
760 1124 830 1179 τὰ
864 1126 1014 1197 ἔθνη,
1060 1129 1154 1182 καὶ
1184 1127 1343 1181 αὐτοὶ
1378 1130 1480 1199 τὴν
1524 1127 1779 1192 ἐξουσίαν
1814 1128 1861 1179 ⁸)

290 1212 402 1265 ὑπὸ
445 1213 736 1285 Ῥωμαίων
777 1218 1149 1291 ἀφῃρέθησαν,
1203 1220 1298 1272 καὶ
1348 1219 1448 1289 τῆς
1496 1220 1729 1289 νομικῆς
1770 1219 1865 1271 λα-

285 1302 477 1372 τρείας
494 1304 542 1337 ⁸⁸
570 1305 943 1376 κεκωλυμένοι
971 1307 1079 1361 είσὶ
1110 1309 1204 1361 καὶ
1241 1310 1491 1379 ἀναιρεῖν
1538 1311 1600 1362 οὐ
1649 1324 1863 1379 συγχωο

200 1385 208 1391 ’
287 1392 511 1463 ροῠνται
553 1398 650 1450 καὶ
688 1396 838 1451 θύειν
861 1399 950 1451 ὅτε
990 1398 1307 1469 βούλονταιο
1338 1401 1421 1454 διὸ
1452 1400 1545 1453 καὶ
1595 1399 1862 1453 ἐπικατά-

286 1484 442 1551 Ρατοί
470 1484 597 1548 εἶσι,
634 1486 711 1556 μὴ
741 1487 1028 1558 δυνάμενοι
1060 1491 1234 1543 ποιεῖν
1268 1489 1337 1543 τὰ
1364 1490 1767 1559 διατεταγμένα
1784 1489 1859 1520 ⁸⁸·

292 1590 313 1623 ε
338 1573 763 1647 Ἐπικατάρατος
785 1578 913 1648 γὰρ,
938 1579 1123 1649 φησὶν,
1146 1581 1255 1642 πᾶς
1271 1580 1328 1643 ὃς
1345 1581 1446 1633 οὐκ
1482 1582 1709 1650 έμμένει
1730 1581 1860 1634 πᾶσι

277 1666 400 1727 τοῖς
420 1668 839 1736 γεγραμμένοις
872 1671 928 1720 ὲν
963 1670 1040 1740 τῷ
1082 1670 1270 1740 βιϐλίῳ
1302 1670 1397 1725 τοῦ
1416 1670 1586 1742 νόμου
1613 1670 1711 1725 τοῦ
1734 1690 1856 1726 ποιε-

1966 487 2072 541 niis
2097 488 2197 552 uti,
2234 487 2678 558 quandoquidem
2724 490 3032 545 voluntarie
3085 492 3397 547 asciverunt
3428 494 3530 547 sibi

1965 576 2304 645 servitutem,
2334 579 2580 635 dicentes
2614 598 2627 633 :
2670 598 2688 631 ι
2728 575 2844 635 Νοτι
2894 580 3161 637 habemus
3205 599 3385 653 regem
3427 585 3533 639 nisi

1964 663 2231 723 Caesarem
2263 685 2278 735 ;
2312 686 2331 720 ι
2370 678 2424 724 ει
2483 686 2496 721 :
2550 662 2577 720 ἰ
2615 669 2671 724 Si
2722 686 2828 723 non
2885 671 3188 727 occidimus
3232 673 3532 739 Christum,

1964 771 2152 813 omnes
2183 759 2407 813 credent
2432 759 2487 813 in
2520 774 2664 824 eum,
2710 769 2765 815 et
2790 763 3009 816 venient
3042 762 3294 829 Romani,
3326 776 3380 820 et
3426 767 3534 820 tolo

1963 847 2076 904 lent
2105 859 2351 907 nostrum
2398 850 2580 906 locum
2627 861 2681 907 et
2725 860 2960 921 gentem,
3000 871 3018 903 ι
3053 856 3144 922 qui
3191 868 3383 925 sponte
3423 874 3530 913 non

1963 953 2061 995 sua
2090 942 2577 1010 praphetaverunt,
2627 942 2670 995 si
2704 944 2921 1011 quidem
2948 945 3294 999 crediderunt
3319 946 3373 1001 in
3404 963 3529 1002 eum
3578 990 3581 993 .

1967 1041 2182 1100 gentes,
2237 1040 2293 1086 et
2332 1032 2432 1100 ipsi
2480 1047 2511 1085 a
2558 1031 2818 1087 Romanis
2852 1032 3098 1089 libertate
3138 1036 3378 1105 spoliati,
3408 1047 3461 1093 ct
3499 1051 3529 1091 ε

1966 1122 2117 1176 cultu
2166 1122 2325 1189 legali
2374 1123 2655 1193 prohibiti,
2710 1138 2809 1178 nec
2854 1124 3195 1181 sacrificandi
3243 1136 3299 1182 et
3335 1130 3532 1183 immo-

1966 1210 2111 1266 landi
2143 1212 2417 1266 licentiam
2457 1213 2659 1267 habent
2685 1228 2808 1267 cum
2844 1216 3075 1282 volunt;
3122 1226 3174 1271 et
3215 1218 3336 1274 ideo
3363 1222 3534 1276 male-

1964 1301 2094 1356 dicti
2130 1289 2280 1369 sunt,
2315 1318 2440 1359 cum
2487 1314 2754 1374 praecepta
2795 1304 2930 1376 legis
2958 1306 3181 1375 implere
3210 1322 3479 1381 nequeant
3513 1331 3531 1370 :

1969 1412 1988 1444 ε
2030 1393 2347 1450 Maledictus
2394 1397 2560 1461 enim,
2600 1397 2800 1467 inquit,
2851 1399 3031 1454 omnis
3060 1402 3152 1469 qui
3180 1417 3284 1455 non
3318 1419 3533 1473 perma-

1966 1496 2058 1540 net
2113 1487 2167 1540 in
2228 1488 2484 1544 omnibus
2536 1504 2658 1558 qtue
2700 1490 2897 1559 scripta
2945 1502 3075 1546 sunt
3112 1492 3166 1546 in
3212 1493 3350 1549 libro
3400 1496 3533 1562 legis

1964 1575 2144 1631 facere
2171 1591 2256 1631 ea.
2284 1594 2301 1627 ι
2338 1576 2447 1632 Nec
2479 1580 2625 1633 enim
2658 1580 2856 1645 valent,
2896 1583 3034 1636 inter
3056 1592 3253 1651 gentes
3277 1585 3529 1654 dispersi,

1961 1667 2147 1721 omnia
2176 1667 2369 1738 legalia
2394 1668 2710 1738 adimplere,
2731 1687 2829 1726 nec
2847 1672 3047 1728 cultum
3082 1675 3134 1728 in
3153 1691 3263 1730 uno
3288 1677 3403 1733 loco
3424 1677 3533 1734 cir-

284 1755 425 1826 ἧσαι
453 1758 648 1812 αὐτά.»
686 1759 968 1815 ’Δδύυατον
997 1762 1056 1815 δέ
1082 1764 1251 1824 ἐστιν,
1277 1763 1335 1817 έν
1364 1763 1632 1835 διασπορᾷ
1660 1765 1860 1835 μεταξὺ

1968 1759 2378 1827 cumscriptum,
2404 1766 2463 1812 ut
2487 1759 2540 1812 in
2570 1760 2684 1828 lege
2708 1761 2920 1815 Domini
2944 1762 3154 1834 Moyses
3178 1768 3529 1837 praescripsit.

285 1848 400 1901 τῶν
433 1849 605 1903 έθνῶν
626 1850 808 1915 ὄντας,
832 1854 1009 1909 πάντα
1023 1854 1068 1887 ⁸⁸
1118 1853 1318 1917 αὐτοὺς
1338 1855 1604 1909 ἐπιτελεῖν
1616 1858 1663 1890 ⁸⁷
1684 1856 1751 1910 τὰ
1770 1856 1861 1910 τοῦ
1906 1874 1916 1901 λ

276 1941 450 2011 νόμου
502 1944 598 1997 καὶ
628 1944 728 2015 τὴν
777 1945 1038 2023 λατρείαν
1072 1948 1130 2000 έν
1164 1948 1247 2002 ἑνὶ
1292 1950 1443 2019 τόπῳ
1487 1954 1862 2021 περιγεγραμ-

282 2035 474 2104 μένην.
501 2034 576 2097 ὡς
604 2036 663 2088 έν
683 2035 827 2106 λόγῳ
856 2037 1064 2107 Κυρίου
1091 2038 1334 2109 Μωῠσῆς
1358 2039 1720 2105 διετάξατο.⁶⁹
1745 2040 1857 2110 (10)

276 2122 347 2173 Τί
390 2123 484 2177 οὖν
532 2125 669 2194 πρὸς
724 2126 898 2180 ταῦτά
940 2144 1101 2196 φατε,
1148 2123 1194 2182 ὧ
1256 2129 1541 2195 ’Ῐουδαϊοις
1581 2128 1676 2183 καὶ
1716 2130 1770 2183 τί
1797 2130 1858 2184 τὸ

275 2209 454 2264 αἴτιον
490 2212 599 2265 τῶν
639 2214 911 2268 τοσούτων
937 2216 1032 2270 καὶ
1056 2216 1391 2286 τηλικούτων
1430 2217 1575 2287 ὑμᾶς
1603 2212 1855 2286 κατειληέ

278 2301 462 2368 φότων
510 2302 735 2369 κακῶν;
772 2300 929 2375 *Δρά
955 2322 1020 2372 γε
1051 2308 1341 2375 συνήκατε,
1362 2308 1444 2360 ὅτι
1485 2307 1584 2359 οὐκ
1615 2290 1696 2370 είς
1720 2308 1852 2377 ὀμό-

274 2390 463 2445 δουλσν
484 2430 498 2455 ,
553 2392 670 2445 ἀλλ’
720 2395 802 2457 είς
857 2395 991 2448 Θεὸν
1044 2398 1550 2467 προσκεκρουκότες
1603 2396 1853 2468 [εἰκότως

275 2481 451 2536 ταῦτα
472 2483 775 2538 πεπόνθατε
805 2486 901 2540 καὶ
926 2486 1249 2556 άσύγνωστα
1276 2488 1548 2559 πάσχετες
1579 2491 1659 2553 είς
1689 2490 1851 2543 αὑτὸν

278 2574 391 2644 γὰρ
420 2575 589 2639 ὄντως
628 2576 856 2650 ἐκεῖνον]
876 2579 1038 2648 290
1066 2580 1159 2633 τὸν
1192 2580 1419 2651 ποιητὴν
1446 2582 1539 2635 καὶ
1556 2581 1853 2651 εὐεργέτην

275 2665 640 2737 ἔξημάρτετε,
668 2661 713 2720 ὦ
746 2667 1105 2741 ἐμϐρόντητοι
1122 2671 1170 2703 ⁸⁸
1195 2671 1290 2724 καὶ
1318 2672 1650 2741 παράνομοι,
1668 2670 1849 2735 καθὼς

274 2758 443 2821 αὐτὸς
471 2758 560 2812 διά
601 2760 831 2812 Ἡσαΐου
848 2760 894 2792 ’⁸
930 2761 1228 2830 ἁναφωνῶν
1250 2762 1401 2831 λέγει
1420 2780 1434 2794 ·
1469 2781 1489 2813 ι
1514 2762 1677 2826 Υίοὺς
1700 2763 1853 2830 ἐγέν-

272 2866 419 2915 νησα
451 2851 543 2903 καὶ
587 2849 801 2920 ὖψωσα,
854 2851 1009 2906 αὐτοὶ
1050 2852 1108 2905 δέ
1138 2869 1205 2924 με
1249 2853 1549 2924 ἠθέτησαν,
1592 2872 1611 2907 ι
1649 2854 1841 2907 καίοι*

278 2959 301 2993 ε
322 2980 323 2993 χ
343 2942 408 2995 Τί
436 2942 542 2995 ἔδει
572 2944 793 3013 ποιῆσαι
827 2944 900 3013 τῷ
925 2943 1209 3014 ἀμπελῶνί
1237 2962 1337 3015 μου
1371 2947 1466 2999 καὶ
1484 2946 1589 2999 οὐκ
1616 2944 1849 3014 ἐποίησα

270 3032 457 3101 αὖτῷς
485 3033 618 3087 διότι
665 3033 877 3104 ἔμεινα,
911 3035 1002 3088 ἵνα
1049 3037 1250 3107 ποιήσῃ
1281 3036 1579 3107 σταφυλὴν.
1618 3036 1842 3105 ιποίησε
1870 3070 1912 3127 c

272 3122 335 3176 δὲ
392 3124 667 3185 ἀκάνθας·
710 3144 729 3178 ι
786 3126 881 3180 καί
919 3128 1005 3161 ⁹¹ο
1048 3146 1068 3179 ε
1126 3128 1361 3197 Ἔμεινα
1384 3126 1478 3180 τοῦ
1535 3126 1757 3197 ποιῆσαι
1796 3126 1844 3159 ’³

273 3214 483 3286 κρίσιν,
510 3216 733 3284 ἐποίησε
760 3216 818 3269 δὲ
840 3216 1093 3287 ἀνομίαν,
1116 3220 1209 3271 πα)⁸
1230 3219 1292 3270 οὐ
1312 3217 1677 3286 δικαιοσύνην,
1706 3216 1845 3271 ἀλλὰ

272 3308 548 3374 κραυγήν.
582 3324 600 3357 ι
630 3306 797 3368 Ποίας
838 3306 895 3359 δὲ
924 3306 1168 3370 ἀκάνθας
1211 3306 1361 3374 λέγει
1393 3306 1489 3360 καὶ
1523 3306 1683 3360 ποίαν
1717 3308 1842 3361 άνο·

276 3397 413 3468 μίαν
438 3397 531 3448 καὶ
556 3398 841 3468 κραυγήνς
943 3398 1123 3467 δῆλον,
1149 3399 1232 3450 ὅτι
1255 3391 1517 3468 αἷσπερθδ
1535 3398 1845 3467 ιστεφανώ·

273 3505 410 3542 σατε
437 3488 598 3541 αὑτὸν
630 3487 721 3539 ἐπὶ
771 3488 865 3540 τοῦ
911 3488 1120 3550 πάθους
1159 3488 1205 3521 ⁸⁸
1247 3488 1465 3558 ἀνόμως
1512 3489 1841 3560 κράζοντεςο

272 3578 424 3649 (78⁸)
454 3580 501 3645 ’ξ
538 3597 557 3631 ι
606 3578 796 3649 Ἆρον,
835 3575 987 3652 ἆρον,
1023 3578 1337 3650 σταύρωσον
1366 3579 1549 3646 αὐτὸν,
1586 3596 1606 3631 ι
1639 3582 1715 3644 ὼς
1748 3581 1843 3634 καὶ

271 3672 368 3724 διὰ
407 3670 670 3743 Ἰερεμίου
707 3673 861 3742 (περὶ
886 3672 983 3742 τῆς
1012 3671 1310 3743 θεομαχίας
1339 3674 1435 3725 καὶ
1461 3673 1666 3741 μιαρᾶς
1688 3673 1842 3741 ὑμῶν

272 3762 605 3831 συναγωγῆς
644 3762 807 3815 πάλιν
846 3762 1032 3830 φησίν)
1066 3775 1081 3790 ο
1118 3764 1162 3794 ’⁷
1202 3780 1221 3812 ι
1245 3761 1551 3829 Ἐγένετοή
1589 3759 1841 3828 κληρονο-

273 3852 383 3922 μία
436 3870 538 3923 μου
592 3854 715 3921 ἐμοὶ
754 3853 830 3912 ὡς
876 3852 1013 3902 λέων
1047 3852 1106 3901 έν
1150 3848 1376 3917 δρυμῷ·
1404 3848 1605 3899 εδωκεν
1633 3848 1839 3915 ἐπ’ἐμὲ

268 3944 377 4011 τὴν
410 3942 593 4011 φωνὴν
637 3940 830 4006 αὐτῆς,
862 3940 955 3990 καὶ
986 3938 1073 3990 διὰ
1104 3936 1261 3988 τοῦτο
1311 3936 1551 4006 ἐμίσησα
1592 3936 1782 4005 αὑτήν.
1812 3952 1831 3986 ι

271 4033 411 4098 (Ἰίν
439 4032 504 4101 δὴ
539 4029 765 4099 βέϐηλον
796 4025 1119 4093 συναγωγὴν
1144 4027 1237 4077 καὶ
1264 4025 1531 4095 θεήλατον
1564 4024 1641 4087 ὡς
1682 4024 1838 4078 τοῦτο

266 4119 572 4190 δράσασαν)
634 4117 730 4168 καὶ
788 4113 1040 4185 Σολομὼν
1088 4112 1484 4185 (θριαμόεύων)
1535 4113 1833 4181 φάσκειη·

275 4229 297 4261 ε
324 4207 620 4271 Ἐξέλθατε,
673 4204 968 4275 θυγατέρες
1000 4206 1160 4267 Σιὼν,
1199 4204 1294 4257 καὶ
1342 4204 1479 4257 ῐδετε
1512 4203 1570 4255 έν
1598 4202 1676 4271 τῷ
1714 4218 1839 4256 στε-

272 4298 452 4369 φάνῳ,
468 4291 511 4365 ᾧ
532 4299 907 4367 ἐστεφάνωσεν
924 4298 1087 4351 αὐτὸν
1112 4298 1146 4367 ἡ
1170 4296 1353 4368 μήτηρ
1382 4295 1547 4349 αὑτοῦ
1573 4296 1630 4348 ὲν
1654 4293 1838 4365 ἡμέρᾳ

1964 1846 2102 1913 Quid
2161 1848 2227 1901 ad
2296 1847 2446 1911 haec,
2515 1863 2548 1898 ο
2598 1848 2814 1904 Judaei?
2870 1848 3022 1907 Unde
3076 1854 3201 1908 talia
3255 1864 3311 1909 et
3380 1865 3528 1913 tanta

1962 1951 2058 1991 vos
2090 1937 2625 2005 comprehenderunt
2664 1940 2851 1993 mala?
2891 1941 3007 1996 Non
3040 1941 3345 2014 intelligitis
3377 1948 3525 2016 quod

1960 2024 2017 2079 in
2049 2024 2243 2089 Deum,
2287 2040 2392 2079 non
2444 2026 2498 2080 in
2558 2030 2898 2084 consimilem
2948 2032 3123 2098 vobis,
3166 2034 3522 2099 oll‘enderitis,

1960 2131 2053 2171 vos
2081 2115 2200 2170 ideo
2229 2116 2355 2186 jure
2382 2133 2445 2173 ac
2495 2120 2692 2173 merito
2722 2120 2809 2173 illa
2843 2133 3033 2188 passos
3080 2121 3253 2178 fuisse
3279 2133 3333 2179 et
3365 2126 3523 2179 inau—

1955 2206 2064 2260 dita
2100 2207 2336 2275 pati?lu
2379 2207 2529 2262 illum
2562 2210 2730 2275 enim,
2758 2224 2791 2263 ο
2822 2211 3008 2265 vesani
3040 2221 3093 2266 et
3132 2212 3306 2281 impii,
3338 2213 3428 2284 qui
3466 2224 3523 2269 ct

1957 2310 2081 2349 vere
2126 2296 2353 2352 Creator
2407 2307 2463 2351 et
2522 2298 2835 2355 benefactor
2878 2309 2979 2365 est,
3038 2305 3328 2371 peccastis,
3378 2304 3523 2359 sicut

1953 2387 2068 2456 ipse
2094 2402 2189 2459 ρετ
2206 2388 2397 2443 Isaiam
2418 2390 2684 2446 extollens
2712 2406 2898 2447 vocem
2932 2392 3061 2447 dicit
3090 2409 3104 2447 :
3133 2411 3151 2445 ι
3173 2393 3336 2449 Filios
3361 2399 3519 2464 genui

1952 2487 2009 2533 et
2065 2480 2337 2545 exaltavi,
2396 2481 2497 2551 ipsi
2555 2492 2736 2537 autem
2791 2494 3111 2552 spreverunt
3168 2500 3272 2540 me.
3305 2505 3323 2537 ι
3391 2485 3454 2541 Ει
3501 2506 3516 2542 :

1960 2590 1979 2625 ι
2017 2570 2159 2639 Quid
2197 2574 2359 2630 debui
2414 2574 2595 2632 facere
2627 2577 2799 2635 vinea:
2856 2592 2988 2633 mea:
3038 2587 3093 2632 ct
3142 2593 3248 2633 non
3281 2580 3380 2634 feci
3421 2581 3520 2636 ei?

1952 2666 2080 2736 quia
2122 2670 2435 2736 exspectavi
2469 2676 2528 2722 ut
2560 2666 2766 2724 faceret
2810 2684 2992 2733 uvam,
3030 2670 3156 2727 fecit
3194 2680 3372 2725 autem
3402 2672 3517 2739 epi-

1952 2755 2282 2809 nosa—Et
2320 2777 2333 2810 :
2360 2774 2379 2806 ι
2411 2756 2728 2825 Exspectavi
2761 2765 2819 2810 ut
2844 2756 3045 2811 faceret
3076 2758 3366 2826 judicium,
3390 2758 3519 2815 fecit

1951 2853 2131 2899 autem
2190 2845 2769 2914 iniquitatem,etnon
2815 2844 3108 2912 justitiam,
3154 2848 3249 2900 sed
3306 2848 3508 2902 clamo-

1948 2949 2084 2988 rem.
2115 2951 2134 2986 ι
2170 2934 2247 2988 De
2290 2934 2489 3005 quibus
2526 2943 2704 2988 autem
2728 2933 2897 3004 spinis
2919 2942 3003 2988 est
3029 2935 3251 2989 sermo?
3299 2936 3366 2990 de
3403 2954 3511 3006 qua
3598 2990 3601 2993 ,

1948 3025 2254 3094 iniquitate,
2303 3026 2371 3080 de
2422 3040 2532 3095 quo
2584 3026 2864 3080 clamore?
2922 3027 3079 3080 Patet
3131 3044 3147 3083 :
3204 3028 3279 3083 De
3311 3030 3511 3098 quibus

1951 3117 2125 3187 spinis
2181 3132 2306 3173 eum
2355 3118 2718 3173 coronavistis
2764 3118 2818 3171 in
2864 3115 3149 3185 Passione,
3188 3119 3373 3188 inique
3398 3122 3510 3175 cla-

1947 3216 2159 3262 mantes
2211 3224 2226 3262 :
2279 3225 2297 3260 ι
2334 3206 2505 3271 Tolle,
2542 3208 2691 3273 tolle,
2734 3208 2991 3279 crncilige
3032 3225 3180 3264 eum.
3217 3227 3235 3261 ι
3274 3209 3425 3265 Sicut
3456 3221 3510 3265 et

1946 3310 2040 3364 per
2083 3292 2375 3352 Jeremiam
2406 3298 2472 3353 de
2506 3299 2651 3353 lucta
2704 3298 2867 3365 impia
2906 3306 3085 3353 vestra
3138 3308 3192 3355 et
3229 3301 3293 3355 de
3325 3300 3507 3368 iniqua

1947 3386 2229 3459 Synagoga
2277 3388 2522 3459 loquitur
2579 3405 2592 3444 :
2658 3406 2677 3441 ι
2715 3389 2877 3444 Pacta
2909 3392 2993 3444 est
3042 3391 3329 3447 hereditas
3388 3408 3508 3445 mea

1945 3479 2102 3546 mihi,
2130 3481 2287 3549 quasi
2319 3483 2405 3535 leo
2436 3481 2489 3536 in
2519 3480 2651 3535 silva
2682 3498 2694 3533 :
2734 3480 2881 3535 dedit
2910 3495 3073 3549 super
3111 3497 3195 3537 me
3227 3498 3431 3546 vocem.
3456 3493 3509 3537 et

1945 3580 2165 3637 propter
2190 3569 2294 3624 hoc
2332 3570 2477 3623 odivi
2507 3584 2649 3624 eam.
2684 3588 2702 3621 ι
2733 3569 2905 3635 Quam
2938 3571 3298 3641 Synagogam,
3328 3574 3507 3641 inqui-

1946 3666 2124 3709 natam
2160 3667 2213 3711 et
2238 3672 2473 3722 sacram,
2512 3668 2700 3727 utpote
2734 3676 2855 3728 qua:
2881 3662 2994 3714 haec
3030 3661 3234 3727 fecerit,
3270 3673 3322 3717 et
3354 3661 3507 3716 Salo-

1945 3761 2071 3799 mon
2120 3749 2467 3816 triumphans
2514 3749 2645 3803 dicit
2680 3764 2694 3802 :
2736 3768 2754 3800 ι
2788 3750 3144 3819 Egredimini,
3182 3753 3306 3807 filiae
3354 3754 3505 3817 Sion,

1942 3845 1995 3890 et
2027 3837 2201 3892 videte
2255 3840 2307 3891 in
2363 3838 2669 3892 diademate
2714 3853 2823 3907 quo
2858 3841 3142 3893 coronavit
3172 3856 3294 3894 eum
3335 3852 3506 3896 mater

1941 3942 2038 3980 sua
2084 3928 2137 3981 in
2174 3928 2263 3982 die
2313 3928 2754 3997 desponsationis
2800 3929 2968 3983 illius.
3004 3946 3023 3979 ›
3061 3927 3288 3983 Matrem
3340 3931 3505 3998 igitur

1938 4018 2068 4076 dist
2114 4020 2414 4074 secundum
2466 4036 2685 4074 carnem
2740 4018 3051 4074 Iudaeorum
3113 4019 3501 4089 Synagogam:

1998 4111 2139 4164 Caro
2189 4126 2329 4176 mea,
2375 4111 2550 4179 inquit
2580 4110 2767 4176 enim,
2799 4125 2866 4164 ex
2901 4110 3030 4165 illis.
3074 4129 3091 4161 ι
3137 4110 3286 4164 Diem
3318 4124 3499 4166 autem

1937 4201 2375 4271 desponsationis
2430 4200 2687 4266 ostendit,
2727 4201 2779 4254 in
2818 4217 2925 4270 qua
2959 4201 3075 4269 ipse
3126 4202 3342 4268 quidem
3395 4203 3501 4256 sibi

1945 4292 2197 4362 gentium
2234 4289 2533 4345 Ecclesium
2570 4291 2938 4359 desponsam,
2968 4290 3058 4343 illa
3106 4305 3233 4344 vero
3269 4290 3499 4358 decepta

268 4392 632 4460 νυμφεύσεως
679 4390 867 4443 αὐτοῦ.
898 4408 918 4441 ι
953 4390 1179 4462 Μητέρα
1225 4389 1327 4460 μὶν
1374 4387 1467 4441 οὖν
1509 4387 1656 4455 λέγει
1697 4385 1837 4439 κατὰ

1955 4390 1995 4436 at
2026 4382 2214 4436 insana
2264 4381 2543 4450 Syuagoga
2596 4394 2853 4434 coronam
2915 4395 2945 4433 e
3006 4380 3176 4448 spinis
3232 4380 3283 4432 in
3338 4390 3502 4448 caput

272 4483 459 4553 σάρκα
474 4482 520 4518 θ’
554 4482 651 4551 τὴν
701 4480 813 4534 τῶν
866 4480 1136 4534 Ἰουδαίων
1189 4480 1545 4549 συναγωγήν·
1578 4478 1594 4509 ⁸
1635 4495 1654 4529 ι
1692 4477 1834 4547 Σάρξ

274 4566 387 4646 μου
417 4573 544 4645 γάρ,
574 4575 763 4645 φησιν,
782 4573 841 4637 ἐξ
862 4572 1042 4627 αὐτῶν
1062 4588 1075 4602 ·
1104 4591 1123 4624 ι
1152 4572 1365 4642 ἡμέραν
1395 4571 1451 4624 δὲ
1480 4569 1833 4639 νυμφεύσεως

266 4664 445 4720 αὑτοῦ
487 4665 679 4736 (δηλοῖ)
710 4662 830 4717 καθ’
856 4665 924 4733 ἢν
959 4663 1008 4731 (ό
1037 4662 1158 4731 μὲν)
1188 4661 1284 4730 τὴν
1310 4659 1366 4725 ἐξ
1400 4660 1569 4714 ἐθνῶν
1607 4660 1835 4726 Ἐκκλη-

266 4755 399 4808 σιαν
449 4752 854 4825 ινυμφεύσατο¹
888 4767 904 4784 ο
950 4753 985 4821 ἠ
1034 4752 1090 4803 δὲ
1140 4749 1625 4823 (πεφενακισμένη
1680 4749 1773 4801 καὶ
1813 4748 1831 4817 )

271 4828 629 4913 ματαιόφρων
661 4844 843 4912 ἐκείνη
880 4841 1171 4910 συναγωγὴ
1202 4841 1464 4909 στέφανον
1501 4840 1558 4903 ἐξ
1586 4836 1834 4890 ἀκανθῶν

268 4933 377 4986 ἐπὶ
415 4929 512 5002 τὴν
554 4932 797 5003 κεφαλὴν
825 4932 990 4986 αὑτοῦ
1020 4934 1179 4990 θεῖσα
1221 4932 1337 5003 (καὶ
1371 4931 1446 4994 ὡς
1476 4932 1835 4999 ὲπευφραινο-

1940 4473 2056 4543 ejus
2091 4474 2290 4541 posuit,
2323 4480 2376 4527 et
2405 4474 2557 4541 quasi
2593 4471 2893 4525 laztabunda
2924 4479 2975 4524 et
3008 4470 3237 4525 illudens
3270 4470 3318 4524 ei
3354 4472 3501 4525 dice-

1944 4566 2033 4619 bat
2076 4582 2091 4618 :
2153 4582 2170 4615 t
2204 4568 2351 4631 Ave,
2403 4578 2494 4618 rex
2538 4562 2870 4618 Judmorum.
2937 4581 2955 4615 ι
2999 4562 3147 4627 Quos
3193 4563 3499 4627 intendens,

1946 4652 2116 4708 Isaias
2149 4652 2345 4709 fortius
2378 4654 2629 4711 verberat
2654 4653 2839 4706 dicens
2891 4669 2905 4705 :
2953 4671 2970 4703 ι
3008 4653 3083 4705 De
3110 4666 3216 4721 quo
3263 4650 3504 4707 lusistis?

1941 4758 2103 4811 Super
2144 4757 2306 4811 quem
2354 4743 2592 4810 ejecistis
2623 4743 2859 4812 linguam
2895 4752 3150 4804 vestram,
3198 4742 3287 4795 ﬁlii
3322 4743 3501 4811 perdi-

1944 4834 2127 4897 tionis,
2161 4847 2345 4887 semen
2395 4832 2675 4886 mendax?
2707 4851 2723 4883 ι
2782 4831 2931 4886 Unde
2966 4832 3229 4885 Dominus
3256 4832 3369 4898 ipse
3401 4845 3495 4896 per

1940 4925 2077 4981 Osee
2106 4923 2520 4980 lamentabiliter
2550 4924 2687 4978 dixit
2715 4945 2727 4978 :
2791 4942 2807 4974 ι
2851 4924 2937 4978 Va:
2966 4924 3070 4977 illis
3106 4924 3229 4991 quia
3268 4935 3500 4974 recesse-

1452 5094 1647 5156 νει-ιω
1693 5091 1997 5155 lectiones
2039 5096 2098 5151 et
2141 5097 2327 5151 notae.

347 5224 871 5296 υκεχρῆσθαιοειι.
953 5222 1177 5296 "_Joan.
1240 5241 1314 5287 τι,
1363 5225 1449 5296 48.
1531 5224 1602 5296 μ’)

1633 5226 1688 5293 ἡ.
1712 5222 1801 5275 τὸν
1830 5240 1880 5293 τ.
1903 5218 2035 5293 Ced.
2062 5220 2096 5286 ἡ

2127 5220 2219 5269 καὶ
2247 5218 2337 5270 τὸν
2368 5235 2419 5269 τ.
2452 5215 2532 5271 Jo.
2635 5217 2679 5247 ⁸⁸
2712 5220 2806 5283 τῆς
2839 5213 3078 5280 ἐξουσίας
3118 5210 3237 5283 cod.
3303 5210 3373 5283 ~'_‘
3400 5215 3489 5265 xz‘.

265 5294 383 5371 est
412 5279 689 5371 λαξρέιαν,
717 5279 785 5371 at.
819 5294 875 5371 ει
906 5298 953 5371 ξ.
985 5294 1218 5371 cesi:—
1261 5279 1346 5349 ἀν.
1382 5294 1474 5371 οὓς
1524 5279 1746 5371 θέλουσι,
1780 5292 1867 5340 καί

1955 5287 2055 5371 ίθάέ
2083 5279 2105 5371 ⁷.
2130 5286 2176 5318 ’³
2206 5285 2365 5371 “‘33”:
2420 5279 2847 5371 ἱξὲηιηῖἒῑηλξξ
2879 5279 3037 5371 td”;
3064 5279 3490 5371 -⁰⁰⁶ἰ.ῗῗέῗ⁸ῗως

266 5347 409 5417 ὕέιι.
456 5347 532 5393 7“"
562 5347 761 5416 έπ.’ἁ.
1001 5347 1067 5393 Ῠ⁸⁶
1102 5347 1355 5430 Ἔλεγχος
1401 5347 1510 5413 τῶν
1543 5358 1867 5430 παρανόμων

1955 5351 2183 5430 ουδαηίριν
2202 5390 2217 5415 ,
2235 5354 2387 5430 ,Οεὼ
2426 5352 2964 5430 585,12τ386;ξο..-
2993 5350 3097 5401 είκ.
3224 5347 3439 5430 ἐκεῖνον
3458 5367 3489 5400 α

268 5416 457 5502 ιιι-ιιιιιι
482 5446 645 5502 manu
692 5416 964 5502 omissa,a
1006 5416 1353 5502 secundanin'
1378 5416 1634 5502 margine
1661 5416 1867 5502 posita:

1960 5430 2034 5502 ι...
2078 5419 2121 5449 ⁸⁸
2155 5420 2523 5502 εμσρόντιστοι
2555 5422 2674 5502 cod.
2752 5421 2797 5502 ’ς
2824 5421 3109 5502 πάσχετε.¹
3129 5416 3352 5502 Ἡσαΐας
3383 5418 3484 5502 γὰηρ

270 5492 405 5612 περὶ
438 5501 591 5567 ὑμῶν
631 5500 694 5549 ὲκ
738 5498 1025 5562 προσώπου
1062 5496 1195 5547 Θεοῦ
1225 5512 1388 5561 φησιν
1419 5492 1548 5547 (Sed.
1597 5494 1695 5544 Isa.
1730 5509 1767 5553 ι,
1794 5492 1849 5569 '2:

270 5572 319 5604 ιι
380 5585 447 5612 νει
492 5568 692 5612 ποιήσῃ
746 5562 875 5612 ΟειΙ.
954 5564 996 5593 ’⁵
1024 5562 1201 5612 ἇσπερ
1235 5563 1354 5612 cod.
1458 5563 1501 5593 "
1531 5564 1616 5612 άν.
1649 5562 1741 5611 ἐπὶ
1768 5577 1849 5611 τοι

268 5572 319 5604 ⁸³
354 5562 447 5621 ἴνα
477 5562 693 5634 ’ποιήσῃ
746 5562 887 5634 Ced.
954 5564 996 5593 "
1024 5562 1201 5631 ἇσπερ
1235 5563 1354 5634 cod.

1458 5563 1501 5593 "
1531 5564 1616 5615 ἀν.
1649 5562 1741 5611 ἐπὶ
1768 5560 1860 5611 τοῦ
1893 5577 1949 5610 π.
1985 5556 2113 5611 Ced.

3280 5486 3323 5516 ν’
3362 5502 3411 5546 ν,
3438 5486 3489 5539 7.

1995 5487 2037 5519 ⁹¹
2076 5502 2130 5551 v,
2157 5488 2191 5538 4
2233 5485 2327 5537 ετί
2360 5490 2567 5555 ποιήσω
2604 5490 2683 5538 ἔτι
2706 5505 2719 5551 ;
2746 5488 2797 5538 τί
2824 5506 2880 5537 π.
2912 5486 2986 5553 τῷ
3005 5485 3132 5538 Ced.
3280 5486 3323 5516 ν’
3362 5502 3411 5546 ν,
3438 5485 3489 5539 7.

1995 5556 2113 5611 Ded.
2219 5556 2263 5585 "
2295 5554 2449 5609 Joan.
2494 5572 2603 5616 xix,
2639 5559 2690 5607 6.
2768 5556 2811 5587 ’⁷
2838 5555 2945 5609 Jer.
2979 5570 3074 5620 xtl,
3110 5556 3160 5607 8.
3266 5551 3309 5587 "
3347 5555 3493 5621 λέγει

2219 5556 2263 5585 ’⁸
2295 5554 2449 5609 Joan.
2474 5554 2603 5616 xix,
2639 5559 2690 5607 6.
2768 5556 2811 5587 ’⁷
2838 5555 2945 5609 Jer.
2979 5570 3074 5620 xtl,
3110 5556 3160 5607 8.

272 5639 410 5694 (λεδ.
439 5664 508 5675 -
528 5624 693 5688 Cant:
723 5647 805 5694 ιιι,
839 5631 919 5682 ll.
996 5633 1041 5663 ”
1073 5624 1360 5700 μὲνάύτού
1386 5648 1437 5684 κ.
1471 5647 1521 5683 rx.
1546 5630 1595 5683 λ.
1620 5631 1749 5685 Ccd.
1826 5632 1841 5661 ¹

1956 5644 2007 5682 ιι.
2041 5639 2241 5691 xxxvii,
2293 5624 2403 5679 2t}?
2475 5628 2493 5657 '
2521 5627 2597 5680 ἐν.
2628 5627 2709 5681 ὲκ,
2737 5625 2869 5681 Ced.

532 5725 798 5787 Ρλτιιοι..
827 5726 942 5784 Gn.
972 5726 1105 5787 CX.

3072 5713 3137 5777 15
