4208 6312
313 269 414 331 465

1475 274 1937 338 CHRONICON.
1974 302 2042 315 -·-
2081 278 2232 343 LIB.
2275 279 2393 345 III.

3423 274 3530 340 ἐῦθ

312 385 541 450 νώσκεις
573 388 763 449 ὅντως,
802 388 931 456 περὶ
974 389 1071 458 τῆς
1119 389 1527 460 ἀπροσδοκήτου
1578 407 1671 442 σου
1701 390 1862 459 295

1988 390 2033 446 le
2059 393 2426 461 inexspectata
2457 392 2535 448 tui
2573 395 2934 458 revocatione,
2968 402 3019 448 et
3057 401 3271 463 propter
3299 392 3401 448 hoc
3427 394 3527 446 ad-

311 474 662 545 ἀνακλήσεως
690 476 783 528 καὶ
826 476 912 529 διά
944 485 1102 531 τοῦτο
1138 479 1271 549 πρὸς
1297 480 1395 546 τὴν
1428 478 1683 546 ἀλήθειαν
1721 479 1860 530 ἁπο-

312 566 638 637 μαχόμενος,
671 567 730 617 οὐ
753 568 892 629 νοεῖς
918 582 931 596 ·
956 596 1026 606 -
1051 568 1282 621 ἄκουσον
1317 556 1451 637 (οὖν)
1497 566 1866 633 ἐνιζαρεκόάο

312 674 394 710 σει
416 658 511 719 τὰς
539 657 719 724 φωνάς
741 657 849 712 τῶν
879 657 1191 727 προφητῶν,
1225 660 1315 709 καὶ
1336 656 1539 714 παῦσαι
1560 643 1652 708 τοῦ
1677 656 1863 708 λοιποῦ

310 748 635 818 φιλονεικῶν
693 750 786 801 καὶ
838 750 1190 821 άνοηταίνων.
1244 750 1305 801 Ὀ
1368 749 1650 816 προφήτης
1708 748 1865 815 Ὠσηὲ

311 840 487 902 οὕτως
512 841 723 907 λέγει⁷⁴⁵
746 856 757 869 ·
793 861 810 893 ι
847 843 957 895 Καὶ
986 840 1317 894 καταπαύσω
1348 839 1622 909 βασιλείαν
1653 838 1801 892 οίκου
1821 840 1865 871 ’⁷

325 930 575 1000 Ἰσραήλ·
605 932 700 983 καὶ
756 931 1030 1001 συντρίψω
1065 931 1213 997 τόξον
1256 930 1499 1001 Ἰσραήλ·
1538 948 1556 981 ι
1586 931 1701 983 καί·
1742 950 1759 981 ι
1794 931 1867 983 Οὐ

242 1063 253 1066 -
319 1022 394 1089 μὴ
429 1022 649 1091 προσθῶ
678 1022 757 1095 ἐτι
787 1024 835 1055 ⁷⁸
869 1021 1088 1088 ἐλεῆσαι
1121 1022 1210 1073 τὸν
1237 1016 1383 1074 οἷκον
1426 1020 1657 1091 Ἰσραὴλ,
1695 1020 1868 1091 ἀλλ’ἢ

317 1112 770 1181 ἀντιτασσόμενος
803 1114 1157 1182 ἀντιτάξομαι
1185 1115 1231 1147 ⁷⁹
1261 1114 1443 1177 αὐτοῖς
1468 1096 1549 1178 "°,
1574 1112 1720 1180 λέγει
1764 1111 1874 1164 Κύ-

286 1218 463 1277 ὶριος·
495 1223 514 1255 ›
552 1205 710 1257 xu!"
738 1221 752 1235 ·
801 1224 818 1256 ι
864 1205 1132 1274 Ἐμίσησα
1184 1206 1379 1269 αὐτοὺς
1413 1205 1501 1259 διὰ
1547 1206 1645 1265 τάς
1676 1205 1874 1267 κακίας

312 1296 421 1347 τῶν
464 1296 917 1367 ἐπιτηδευμάτων
974 1298 1155 1357 αὐτῶν
1201 1298 1297 1351 καὶ
1344 1299 1407 1350 ἐκ
1461 1296 1555 1350 τοῦ
1583 1297 1734 1350 οἴκου
1774 1313 1875 1366 μου

314 1384 529 1435 ἐκϐαλῶ
562 1387 777 1448 αὐτοὺς,
823 1389 917 1441 καὶ
938 1390 998 1441 οὐ
1031 1389 1322 1458 προσθήσω
1346 1389 1439 1442 τοῦ
1470 1390 1751 1457 ἀγαπῆσαι
1783 1390 1879 1443 αὐ-

318 1468 467 1528 τοὺς,
502 1468 651 1536 λέγει
681 1472 913 1540 Κύριος·
949 1475 1206 1529 ἐπόνεσεν
1252 1477 1489 1545 Ἐφραῖμ
1520 1478 1617 1538 τὰς
1648 1476 1693 1507 ³³
1723 1476 1879 1542 ῥίζας

317 1560 484 1613 αὑτοῦ
510 1564 601 1615 καὶ
630 1563 900 1634 ἐξηράνθη
924 1568 1019 1619 καὶ
1042 1568 1250 1637 καρπὸν
1273 1569 1453 1622 οὐκέτι
1471 1571 1532 1621 οὗ
1558 1569 1631 1639 μὴ
1659 1569 1875 1639 ἐνέγκῃ·

317 1651 412 1706 καὶ
456 1652 733 1709 ἀπώσεται
761 1655 958 1718 αὐτοὺς
988 1660 1014 1710 ό
1043 1658 1193 1721 Θεὸς,
1217 1660 1297 1712 ὅτι
1327 1660 1426 1712 οὐκ
1457 1661 1600 1729 (795)
1631 1662 1880 1730 είσήκου-

1970 493 2164 539 versns'
2204 484 2482 539 veritatem
2530 500 2836 554 repugnans
2892 501 2999 539 non
3048 501 3219 541 sanus
3259 484 3354 549 es:
3405 484 3529 538 audi

1970 590 2097 640 ergo
2136 589 2200 628 ex
2224 574 2557 643 digressione
2584 590 2745 629 voces
2762 566 3165 644 prophetarum,
3190 586 3242 629 et
3261 576 3369 643 iam
3402 590 3534 632 con-

1970 666 2186 721 tendere
2214 675 2267 721 et
2301 666 2540 733 insanire
2580 665 2820 721 desinas.
2855 665 3123 734 Propheta
3173 665 3310 719 Osee
3340 667 3421 721 sic
3451 666 3539 718 ln-

1972 759 2199 825 quitur:
2236 775 2255 807 ι
2287 756 2352 811 Et
2392 759 2674 826 quiescere
2712 756 2932 810 faciam.
2963 772 3185 823 regnum
3228 758 3424 810 domus
3458 756 3535 808 Is.

1972 848 2118 909 rael;
2148 866 2164 898 ι
2185 855 2271 901 et:
2296 864 2314 896 ι
2339 846 2627 901 Conteram
2649 860 2834 899 arcum
2863 845 3024 898 Israel
3047 861 3061 907 ;
3087 862 3103 895 ι
3131 853 3184 898 et
3207 864 3219 898 :
3251 863 3269 893 ι
3292 843 3406 898 Non
3436 844 3535 897 ad-

1974 939 2097 992 dam
2127 938 2265 991 ultra
2304 936 2548 991 misereri
2573 936 2756 990 domui
2788 935 2975 997 Israel,
2999 937 3092 990 sed
3124 936 3334 989 luctans
3359 933 3533 988 lucta~

1976 1030 2078 1083 bor
2111 1026 2368 1093 adversus
2387 1040 2512 1090 eos;
2547 1044 2566 1078 ι
2598 1024 2730 1079 dicit
2745 1023 3036 1088 Dominus;
3075 1042 3093 1072 ι
3125 1033 3217 1077 et:
3251 1040 3268 1072 ι
3303 1020 3533 1076 Odiosus

1981 1118 2141 1173 habui
2171 1132 2265 1172 eos
2297 1126 2515 1186 propter
2550 1116 2809 1170 malitiam
2844 1114 3282 1169 adinventionum
3323 1126 3533 1174 eorum.

1982 1220 2040 1264 et
2072 1211 2137 1264 de
2167 1207 2330 1263 domo
2372 1222 2491 1260 mea
2521 1207 2726 1274 eliciam
2756 1221 2869 1269 eos,
2908 1215 2961 1260 et
2990 1221 3096 1259 non
3130 1204 3322 1259 addam
3356 1212 3415 1258 ut
3455 1203 3537 1257 di-

1984 1301 2146 1370 ligam
2177 1314 2294 1362 eos,
2328 1298 2457 1353 dicit
2487 1297 2765 1352 Dominus.
2807 1295 3108 1350 Percussus
3140 1295 3418 1364 Epltraim,
3450 1308 3540 1347 ras

1984 1392 2072 1443 dix
2096 1404 2306 1452 eorum,
2328 1397 2383 1442 et
2405 1386 2637 1441 fructum
2670 1400 3010 1455 nequaquam
3034 1384 3231 1440 facient
3267 1402 3280 1440 :
3314 1394 3369 1438 et
3399 1383 3539 1451 abji-

1984 1482 2089 1534 ciet
2120 1494 2213 1533 eos
2244 1479 2404 1542 Deus,
2441 1482 2567 1545 quia
2597 1494 2705 1532 non
2753 1478 3042 1532 audierunt
3083 1492 3204 1530 cum
3228 1514 3243 1538 ,
3288 1486 3339 1529 et
3378 1485 3541 1529 erunt

1985 1570 2102 1639 vagi
2145 1569 2199 1620 in
2227 1569 2560 1623 nationibus.
2605 1587 2624 1619 ι
2668 1568 2810 1622 Dixit
2848 1569 3065 1637 quidem
3104 1576 3158 1622 et
3197 1567 3488 1639 Malacinias
3526 1582 3541 1617 :

1995 1681 2012 1714 ι
2052 1662 2167 1717 Νοη
2197 1670 2280 1715 est
2309 1661 2558 1715 voluntas
2604 1674 2724 1714 mea
2772 1660 2827 1713 in
2875 1660 3048 1723 vobis,
3096 1661 3230 1715 dicit
3285 1659 3545 1713 Dominus

319 1761 421 1795 σαν
452 1745 642 1809 αὐτοῦ,
677 1746 771 1798 καὶ
801 1746 1019 1814 ιξσονται⁸
1046 1750 1315 1818 πλανῆται
1352 1752 1410 1803 ἐν
1452 1753 1567 1813 τοῖς
1592 1751 1818 1805 ἔθνεσιν.
1860 1770 1871 1804 ι

1988 1755 2353 1823 omnipotens,
2378 1762 2429 1807 et
2458 1740 2781 1807 sacriﬁcium
2819 1765 2925 1803 non
2959 1751 3250 1818 suscipiam
3275 1752 3340 1805 de
3368 1750 3545 1804 maui—

324 1836 469 1905 Ἔιρη
494 1836 625 1904 γοῦν
651 1838 745 1890 καὶ
765 1830 1060 1908 Μαλαχίας
1081 1838 1159 1871 ⁸³·
1201 1858 1219 1893 ι
1257 1842 1370 1895 Οὐκ
1400 1840 1515 1895 ἔστι
1558 1859 1646 1912 μοι
1674 1841 1887 1911 θέλημα

319 1926 379 1977 ἐν
412 1926 539 1994 ὑμῖν
567 1926 636 1992 ⁸⁵,
671 1928 818 1996 λέγει
869 1930 1076 2001 Κύριος
1116 1932 1528 2002 παντοκράτωρ,
1575 1935 1669 1987 καὶ
1699 1934 1889 1988 θυσίαν

317 2018 382 2068 οὐ
440 2018 811 2086 προσδεξομαι
854 2021 918 2073 ἐκ
973 2021 1083 2075 τῶν
1137 2022 1336 2091 χειρῶν
1387 2023 1566 2091 ὑμῶν,
1615 2022 1749 2076 διότί
1782 2024 1889 2077 άπὸ

318 2107 599 2160 ἀνατολῶν
647 2109 799 2177 ἡλίου
840 2110 943 2171 ἕως
997 2112 1218 2181 δυσμῶν
1247 2114 1307 2165 τδ
1354 2114 1526 2181 ὄνομά
1551 2113 1700 2185 [μου]
1747 2116 1889 2169 δεδό-

323 2198 515 2261 ξισται
548 2200 607 2251 ἐν
636 2203 751 2262 τοῖς
779 2200 988 2254 ἔθνεσιν
1009 2218 1022 2231 ·
1052 2203 1148 2256 καὶ
1177 2206 1234 2257 ἐν
1267 2207 1429 2258 παντὶ
1456 2206 1604 2273 τόπῳ
1641 2207 1889 2276 θυμίαμα

322 2288 667 2357 προσάγεται
696 2291 774 2357 τῷ
802 2292 1028 2359 ὀνόματί
1054 2310 1155 2361 μου
1185 2293 1280 2346 καὶ
1307 2293 1466 2349 θυσία
1494 2296 1731 2365 καθαρὰ,
1755 2296 1888 2350 διότι

326 2380 470 2449 μέγα
503 2381 563 2433 τὸ
596 2382 766 2448 ὄνομά
807 2381 959 2453 [μου]
991 2385 1047 2436 ἐν
1077 2387 1189 2447 τοῖς
1234 2384 1465 2457 ἔθνεσιν,
1505 2386 1653 2455 λέγει
1688 2388 1889 2457 Κύριος

325 2472 752 2540 παντοκράτωρ·
783 2472 940 2542 ὑμεῖς
960 2474 1017 2526 δὲ
1046 2475 1340 2544 βεδηλοῦτε
1366 2478 1519 2535 αὑτό.
1542 2496 1561 2531 ι
1590 2508 1655 2519 --
1682 2478 1729 2512 ⁸⁸
1754 2499 1771 2530 ι
1790 2479 1890 2533 Διὰ

322 2560 485 2614 τοῦτο
533 2561 688 2614 δώσω
723 2562 863 2632 ὑμᾶς
918 2564 1375 2636 ἐξουθενημένους
1402 2567 1451 2600 ⁸⁸
1484 2570 1565 2630 είς
1603 2569 1778 2622 πάντα
1822 2568 1890 2622 τά

323 2650 479 2720 ἔθνη,
516 2650 632 2704 ἀνθ’
666 2644 741 2705 ὧν
791 2655 892 2708 οὐκ
941 2655 1249 2723 ἐφυλάξατε
1303 2659 1403 2721 τὰς
1428 2659 1647 2721 ἐντολάς
1698 2676 1822 2728 μου.
1866 2642 1899 2711 ιη

328 2742 420 2793 Διό
451 2760 583 2812 φησι
628 2744 770 2813 (καὶ)
814 2746 1085 2817 Ἱερεμίας
1118 2748 1162 2779 ⁸¹
1197 2764 1211 2778 ·
1252 2767 1269 2800 ι
1320 2746 1459 2803 Τάδε
1503 2749 1652 2817 λέγει
1685 2750 1891 2819 Κύριος

328 2837 758 2908 παντοκράτωρ·
810 2839 936 2894 Ἰδοὺ
962 2839 1153 2910 ὤμοσα
1178 2840 1255 2910 τῷ
1286 2842 1510 2910 ὀνόματί
1551 2858 1651 2911 μου
1688 2841 1765 2908 τῷ
1795 2857 1891 2911 με·

327 2924 509 2993 γάλιρ·
544 2926 592 2977 εί
627 2927 780 2981 ἐσται
826 2930 921 2983 τοῦ
950 2930 1138 2985 λοιποῦ
1172 2931 1572 3000 ὀνομαζόμενον
1614 2931 1699 3002 [τὸ
1719 2930 1891 3000 όνομά

1989 1849 2090 1902 bus
2118 1846 2332 1912 vestris,
2366 1840 2620 1914 quoniam
2656 1839 2723 1897 ab
2755 1853 2875 1895 ortu
2916 1840 3047 1896 solis
3078 1855 3249 1908 usque
3283 1841 3351 1893 ad
3383 1854 3547 1894 occa-

1988 1955 2105 1995 sum
2150 1952 2346 1991 nomen
2395 1933 2935 2004 mcum‘glorilicatur
2978 1932 3030 1984 in
3077 1929 3346 2000 gentibus,
3392 1938 3446 1982 et
3490 1929 3546 1982 in
3591 1953 3600 1960 -

1989 2030 2138 2086 omni
2162 2030 2286 2083 loco
2322 2027 2600 2082 incensum
2626 2011 2849 2079 oﬂertur
2874 2021 3083 2087 nomini
3119 2034 3264 2094 meo,
3284 2028 3337 2073 et
3367 2018 3546 2073 hostia

1990 2123 2211 2183 munda,
2235 2120 2361 2189 quia
2384 2134 2636 2187 magnum
2661 2125 2744 2171 est
2771 2130 2969 2169 nomen
2996 2128 3170 2167 meum
3196 2112 3249 2165 in
3274 2109 3545 2180 gentibus,

1989 2213 2120 2267 dicit
2154 2210 2412 2265 Dominus
2444 2209 2810 2278 omnipotens.
2843 2205 2907 2261 Et
2936 2220 3031 2259 vos
3065 2203 3336 2273 polluistis
3370 2201 3501 2256 illud
3529 2219 3541 2253 :

1988 2310 2206 2373 propter
2252 2301 2394 2371 quod
2437 2300 2577 2355 dabo
2632 2313 2727 2353 vos
2776 2295 3308 2367 contemptibilesin
3356 2305 3547 2349 omnes

1989 2395 2255 2457 nationes,
2291 2393 2420 2463 quia
2450 2407 2561 2445 non
2601 2391 2855 2445 servastis
2883 2389 3027 2458 leges
3059 2401 3228 2441 meas.
3260 2403 3277 2437 ι
3309 2384 3432 2439 Ideo
3460 2383 3544 2437 di—

1989 2486 2066 2539 cit
2100 2494 2151 2539 et
2178 2482 2441 2538 Jeremias
2470 2498 2485 2536 :
2518 2480 2672 2535 (Haec
2700 2479 2833 2534 dicit
2862 2478 3120 2532 Dominus
3151 2475 3492 2542 omnipotens
3521 2489 3537 2526 :

1992 2571 2129 2629 EcCe
2164 2573 2341 2643 juravi
2376 2572 2428 2626 in
2465 2571 2685 2626 nomine
2710 2584 2831 2623 meo
2862 2554 3057 2636 magno
3087 2584 3101 2619 :
3136 2567 3182 2621 si
3210 2566 3348 2620 ultra
3383 2576 3544 2616 voca-

1989 2666 2137 2719 bitur
2174 2680 2369 2718 nomen
2396 2678 2569 2717 meum
2599 2677 2663 2716 ex
2698 2677 2792 2715 ore
2822 2660 2999 2713 omnis
3025 2657 3183 2711 Juda.
3224 2673 3243 2706 ι
3267 2654 3542 2731 Quoniam

1989 2757 2121 2811 dixit
2148 2770 2204 2809 se
2233 2768 2429 2807 nomen
2458 2766 2615 2807 suum
2649 2750 2954 2804 ablaturum
2988 2760 3109 2799 esse
3136 2746 3201 2797 de
3233 2744 3393 2806 Juda,
3426 2758 3545 2798 ma-

1991 2846 2185 2901 nifeste
2222 2853 2276 2899 et
2312 2844 2481 2913 legem
2526 2855 2744 2911 quoque
2786 2848 2840 2893 et
2886 2836 3171 2893 sacriﬁcia.
3222 2834 3339 2890 Non
3384 2834 3551 2904 igitur

1992 2934 2256 3006 pracipue
2310 2933 2606 2989 secundum
2654 2930 2748 2985 Dei
2791 2938 3027 2984 mentem
3061 2927 3127 2981 de
3154 2924 3437 2981 sacrificiis
3461 2924 3547 2980 lex

330 3014 460 3115 μου]
489 3017 544 3067 ἐν
586 3018 748 3071 παντὶ
789 3020 1016 3089 στόματι
1050 3022 1218 3075 Ἰούδα
1243 3022 1311 3075 ⁸⁸.
1337 3039 1355 3072 ι
1405 3022 1467 3073 El
1506 3022 1563 3075 δέ
1618 3021 1678 3075 τὺ
1717 3021 1871 3091 ὄνομα

1992 3027 2116 3081 data
2140 3034 2222 3081 est
2242 3042 2259 3092 ;
2282 3026 2429 3079 unde
2456 3023 2713 3094 posthaec
2736 3037 2829 3091 per
2857 3021 3149 3091 prophetas
3177 3017 3313 3073 dixit
3343 3035 3355 3070 :
3387 3013 3550 3082 «Quis

327 3105 497 3158 αὐτοῦ
557 3106 661 3176 ἔφη
719 3111 1096 3180 περιαιρήσειν
1141 3112 1250 3165 άπὸ
1314 3111 1603 3175 Ἰουδαίων,
1642 3109 1888 3179 εὔδηλον,

327 3196 412 3246 ὃτι
472 3197 565 3247 καὶ
592 3198 684 3249 τὸν
738 3198 901 3265 νόμον
946 3202 1039 3253 καὶ
1085 3202 1183 3262 τὰς
1236 3201 1447 3263 θυσίας.
1478 3231 1548 3242 -
1577 3202 1623 3236 ⁸⁸
1648 3201 1761 3273 (15)
1816 3203 1890 3257 Οὐ

327 3284 511 3336 τοίνυν
565 3288 987 3355 προηγουμένως
1032 3290 1172 3341 κατά
1202 3290 1344 3360 (τὴν)
1379 3291 1533 3344 θείαν
1578 3292 1806 3363 γνώμην
1858 3295 1892 3362 ἡ

332 3371 466 3437 περὶ
492 3370 599 3423 τῶν
623 3371 822 3425 θυσιῶν
840 3373 995 3444 ἐδόθη
1018 3376 1308 3445 νομοθεσία
1327 3396 1342 3445 ;
1364 3380 1674 3452 Κάντεῦθεν
1692 3384 1829 3452 μετὰ
1846 3382 1893 3415 ⁹⁶

329 3460 507 3512 ταῦτα
545 3461 632 3514 διά
662 3460 770 3546 τῶν
812 3466 1106 3535 προφητῶν
1130 3467 1231 3539 ἔφη
1263 3472 1334 3503 “-
1372 3490 1391 3523 ι
1435 3474 1530 3537 Τίς
1559 3450 1895 3544 γὰρ’-ἐξεζή-

330 3568 465 3620 τησε
494 3553 664 3608 ταῦτα
693 3556 757 3609 ἐκ
780 3557 887 3629 τῶν
914 3559 1113 3629 χειρῶν
1147 3560 1301 3631 ὑμῶν
1330 3564 1408 3629 ⁹¹;
1450 3582 1468 3614 ι
1502 3565 1594 3631 καί
1631 3565 1766 3618 ⁹³·.ι
1803 3565 1895 3635 Μὴ

332 3645 493 3715 εὐχαὶ
544 3648 639 3700 καὶ
669 3650 806 3718 κρέα
832 3648 879 3682 ’⁸
904 3650 1199 3721 ἀφαιροῦσι
1244 3654 1342 3715 τὰς
1390 3655 1670 3727 ἁμαρτίας
1710 3674 1833 3722 ooo;
1869 3676 1889 3708 ι

335 3738 431 3789 καί
460 3738 540 3770 ⁸⁸·
580 3758 598 3789 ι
648 3739 739 3807 Μὴ
790 3742 992 3806 σφάγια
1028 3744 1073 3773 ⁸⁸
1098 3744 1191 3794 καὶ
1247 3740 1438 3808 θυσίας
1483 3748 1896 3816 προσηνέγκατέ

336 3846 429 3896 μοι
459 3831 515 3883 ἐν
545 3830 611 3896 τῇ
658 3830 852 3898 ἐρήμῳ
883 3830 975 3896 ἐτη
1007 3837 1089 3896 μ’;
1121 3849 1139 3881 ι
1180 3831 1273 3882 καί
1296 3834 1341 3863 ’⁷
1362 3851 1375 3865 ·
1414 3854 1432 3883 ι
1464 3837 1578 3887 Ἵνα
1616 3839 1672 3893 τί
1699 3825 1789 3904 μολι
1812 3832 1893 3889 λι-

334 3917 497 3969 δανον
535 3915 697 3983 296
727 3916 790 3967 ἐκ
823 3916 969 3966 Σαδά
1022 3916 1217 3983 φέρετε
1247 3916 1295 3947 ⁸⁸
1326 3918 1420 3969 καὶ
1473 3920 1791 3987 κινάμωμον
1832 3925 1895 3976 ἐκ

336 4009 441 4075 γῆς
490 4004 791 4073 μακρόθενς
832 4022 851 4055 ι
887 4004 976 4056 Διό
1009 3994 1173 4073 φησιν
1202 4006 1282 4038 ⁸⁸·
1325 4025 1344 4057 ι
1378 4008 1579 4061 Θυσίαν
1606 4011 1698 4062 καὶ
1727 4027 1897 4080 προσ-

334 4096 510 4163 φοράν
554 4094 653 4146 οὐκ
692 4093 981 4165 ἐθέλησας·
1012 4113 1031 4147 ι
1071 4097 1162 4150 καί
1186 4097 1232 4128 ί·
1289 4118 1307 4150 ι
1336 4100 1424 4167 Μὴ
1471 4099 1894 4169 ὁλοκαυτώματα

338 4186 436 4239 καὶ
462 4184 649 4247 θυσίας
676 4183 816 4238 θέλει
851 4174 881 4239 ό
913 4187 1043 4249 Θεὸς
1072 4189 1113 4253 ³,
1145 4189 1176 4260 ἢ
1207 4189 1267 4243 τὸ
1299 4189 1593 4244 ὑπακούειν
1632 4190 1833 4257 αὐτοῦς
1871 4212 1890 4244 ι

337 4275 465 4330 καί·
505 4294 524 4327 ι
590 4276 751 4346 Ἀκοὴ
793 4276 972 4357 ἀγαθὴ
1020 4279 1157 4353 ὑπὲρ
1213 4280 1435 4335 θυσίαν·
1473 4301 1491 4335 ι
1540 4284 1634 4336 καί
1666 4285 1720 4315 ⁸·
1756 4302 1774 4334 ι
1834 4284 1896 4336 Εί

1991 3118 2136 3172 enim
2161 3118 2261 3173 hoc
2276 3115 2571 3186 exquisivit
2592 3115 2660 3170 de
2684 3114 2931 3168 manibus
2954 3110 3199 3165 vestris?»
3226 3116 3312 3162 et:
3349 3106 3549 3160 «Num-

1994 3209 2124 3279 quid
2157 3223 2343 3278 preces
2376 3216 2429 3262 et
2463 3222 2653 3262 carnes
2680 3206 2923 3259 auferent
2953 3200 3186 3253 malitias
3220 3206 3337 3249 tuas
3351 3195 3405 3248 τι
3442 3202 3497 3249 et
3526 3211 3544 3247 :

2001 3319 2019 3352 ι
2052 3296 2323 3369 Numquid
2356 3300 2597 3353 victimas
2630 3308 2681 3350 et
2710 3292 2973 3349 sacrillcia
3004 3287 3279 3344 obtulistis
3312 3283 3448 3340 mihi
3489 3285 3543 3337 in

1996 3393 2214 3448 deserto
2262 3388 2618 3459 quadraginta
2652 3384 2848 3440 annis?
2880 3401 2897 3434 ι
2941 3389 2995 3435 ct
3022 3399 3035 3434 :
3066 3397 3085 3431 ι
3125 3377 3195 3433 Ut
3244 3377 3373 3447 quid
3412 3374 3544 3429 mihi

1997 3475 2218 3538 tlius'de
2247 3481 2384 3535 Saba
2410 3478 2610 3531 aﬂ‘ertis
2642 3484 2696 3529 et
2735 3475 3135 3530 cinnamomum
3167 3469 3234 3525 de
3262 3478 3401 3523 terra
3427 3468 3547 3521 lon-

1996 3570 2237 3644 ginqua?
2271 3590 2289 3622 ι
2342 3569 2464 3623 Ideo
2519 3566 2652 3621 dicit
2693 3579 2709 3619 τ
2763 3586 2779 3618 ι
2823 3563 3109 3619 Victimam
3153 3552 3217 3617 et
3252 3560 3552 3617 oblationes

1998 3661 2273 3718 noluisti.»
2303 3661 2371 3715 Et
2404 3674 2416 3711 :
2459 3678 2478 3711 ι
2510 3655 2781 3726 Numquid
2814 3655 3250 3709 ltolocautomata
3281 3660 3334 3704 et
3392 3646 3551 3701 victi-

1999 3768 2116 3808 mas
2144 3751 2260 3806 vult
2284 3750 2454 3811 Deus,
2481 3748 2658 3817 potius
2683 3758 2844 3814 quam
2873 3753 2930 3797 ut
2963 3742 3243 3796 obediatur
3269 3739 3356 3791 ci?
3389 3755 3406 3787 ι
3446 3734 3511 3788 Ει
3539 3752 3553 3786 :

2003 3861 2021 3893 ι
2056 3840 2370 3895 Obedientia
2404 3839 2599 3892 melior
2625 3844 2705 3891 est
2734 3849 2900 3901 super
2932 3832 3224 3885 victimam.
3256 3847 3275 3878 ι
3306 3827 3409 3878 Et:
3440 3844 3458 3876 ι
3497 3826 3555 3881 Si

1998 3930 2284 3989 voluisses,
2306 3926 2634 3980 sacriﬁcium
2675 3922 2944 3975 dedissem
2988 3918 3192 3984 utique.
3232 3935 3251 3967 ι
3323 3914 3389 3968 Et
3434 3915 3557 3969 dies

1996 4015 2163 4069 festos
2187 4015 2436 4083 rejiciens
2464 4013 2610 4066 addit
2638 4010 2826 4064 dicens
2859 4026 2873 4061 ε
2908 4028 2925 4058 ι
2952 4009 3130 4073 0divi,
3165 4006 3366 4077 proieci
3397 4007 3557 4062 festi-

1997 4107 2189 4159 vitates
2235 4112 2487 4170 vestras;
2524 4102 2829 4156 carminum
2870 4107 2925 4152 et
2974 4100 3294 4167 hymnorum
3332 4107 3555 4151 tuorum

1999 4210 2167 4252 sonus
2200 4195 2269 4249 ab
2296 4193 2521 4263 auribus
2541 4193 2675 4246 meis
2698 4192 2839 4245 absit
2859 4209 2877 4241 ι
2918 4188 2985 4242 Ει
3014 4204 3027 4241 :
3072 4208 3089 4240 ι
3122 4187 3268 4243 Diem
3298 4204 3549 4257 magnam

2000 4300 2107 4340 non
2166 4283 2429 4347 sustineo.
2506 4282 2709 4354 ieiunia
2772 4289 2827 4338 et
2881 4280 3114 4335 Sabbata
3184 4279 3300 4333 odit
3375 4280 3555 4333 anima

338 4368 609 4440 ἠθέλησας
636 4369 845 4435 θυσίαν,
866 4370 1040 4425 ἔδωκα
1066 4371 1149 4427 ἄν.
1190 4392 1209 4425 ι
1237 4374 1343 4427 Καὶ
1367 4374 1432 4443 δὴ
1458 4376 1552 4427 καὶ
1580 4376 1677 4438 τὰς
1708 4374 1869 4445 ἑορτά

2006 4392 2142 4434 mea.
2189 4395 2209 4429 ›
2244 4375 2352 4432 Et:
2391 4394 2410 4428 ι
2441 4372 2558 4430 Non
2593 4357 2704 4429 tale.
2726 4373 2988 4443 jejunium
3028 4372 3217 4442 elegi.)
3260 4370 3362 4427 Et:
3392 4388 3411 4421 ι
3445 4369 3553 4425 Da-

339 4462 620 4517 ἐκὸάλλων
650 4464 670 4494 ’⁸
693 4464 889 4531 ἐπάγει
913 4463 1084 4531 λέγων
1114 4466 1135 4496 ³
1153 4480 1165 4493 ·
1197 4484 1215 4517 ι
1242 4464 1539 4536 Μεμίσηκα
1561 4468 1603 4530 ⁸,
1634 4466 1871 4534 ἀπῶσμα

2004 4470 2075 4524 bo
2098 4468 2251 4524 vobis
2273 4476 2538 4537 praecepta
2572 4480 2681 4520 non
2711 4464 2872 4527 bona,
2907 4464 2959 4517 in
3011 4462 3211 4530 quibus
3254 4477 3361 4516 non
3408 4463 3556 4517 vive-

340 4554 443 4619 τάς
475 4554 665 4625 ἑορτάς
709 4554 885 4623 ὑμῶν,
929 4555 1233 4623 ἀπόστησω
1262 4557 1356 4610 ἀπ’
1388 4557 1521 4625 ἐμοῦ
1572 4553 1703 4626 ἦχον

2010 4557 2078 4611 tis
2132 4571 2228 4625 per
2267 4570 2419 4609 ea":
2471 4553 2624 4609 Unde
2671 4566 2799 4621 ergo
2853 4561 3067 4619 propter
3120 4550 3376 4606 duritiam
3430 4567 3557 4606 cor-

343 4656 467 4707 σου,
491 4648 581 4698 καὶ
612 4644 825 4714 ψαλμὸν
843 4646 1089 4713 ὁργάνων
1117 4645 1255 4714 (σου)
1296 4645 1394 4698 οὐκ
1428 4647 1845 4716 είσακούσομαι·

2008 4647 2093 4702 dis
2139 4648 2341 4708 vestri,
2382 4658 2486 4698 non
2520 4651 2735 4712 propter
2768 4642 3058 4695 bonitatem
3101 4656 3253 4694 suam
3284 4642 3432 4695 dedit
3458 4659 3559 4695 vo-

347 4732 445 4786 καί
476 4732 523 4762 ⁷·
564 4752 584 4784 ι
636 4734 877 4804 Ἦμέραν
902 4735 1142 4805 μεγάλην
1172 4733 1269 4787 οὐκ
1291 4735 1551 4806 ἀνέχομαι
1574 4738 1615 4801 ⁸,
1646 4739 1866 4806 νηστεία

2006 4737 2087 4793 bis
2114 4742 2378 4807 praecepta
2424 4733 2602 4789 omnia
2634 4732 2768 4795 haec,
2794 4744 2894 4783 nec
2932 4730 3235 4785 immutatio
3257 4740 3359 4786 est.

349 4822 449 4875 καὶ
477 4822 671 4891 ἀργίαν
696 4854 765 4865 -
797 4829 945 4894 μισεῖ
961 4829 998 4898 ⁴ἠ
1058 4826 1202 4897 ψυχή
1240 4841 1372 4896 μου·
1412 4844 1429 4877 ι
1458 4829 1549 4880 καί
1571 4830 1624 4860 ³·
1666 4847 1684 4880 ι
1722 4830 1797 4883 Οὐ
1827 4847 1908 4883 τοι
1945 4827 2114 4898 αὐτην
2144 4827 2397 4897 νηστείαν
2439 4823 2595 4895 (ἐγὼ)
2630 4823 2959 4895 ἐξελεξάμην
2983 4842 2996 4857 ·
3083 4824 3197 4879 καί·
3228 4826 3283 4893 ,η
3330 4843 3348 4877 ι
3386 4824 3551 4877 Δώσω

350 4914 486 4982 ὑμῖν
532 4915 923 4985 προστάγματα
990 4917 1051 4970 οὐ
1096 4916 1255 4980 καλὰ,
1290 4917 1354 4969 ’ἐν
1396 4913 1478 4978 οἷς
1515 4920 1573 4970 οὐ
1606 4920 1834 4988 ζήσεσθε
1865 4919 1932 4972 δι’
2292 4913 2295 4917 ’

1532 5034 1729 5096 Variaa
1755 5036 2059 5099 lectiones
2099 5043 2159 5099 et
2199 5044 2383 5099 notae.

429 5180 473 5249 τ·
503 5180 591 5231 Os.
626 5193 663 5239 ι,
695 5180 746 5241 4,
769 5179 822 5236 6.
898 5184 941 5215 "
975 5185 1153 5246 οίκους
1178 5179 1506 5249 βασίληοοιι.
1584 5181 1627 5213 ⁷⁸
1650 5181 1743 5234 τοῦ
1776 5183 1871 5237 add

1988 5184 2061 5237 ad.
2136 5184 2180 5215 7’
2206 5180 2548 5249 ἀντιτάξεται
2582 5181 2704 5249 90d.
2782 5180 3015 5249 “dirui;
3052 5177 3196 5249 (Sed.
3263 5177 3304 5208 ⁸¹
3334 5174 3429 5249 Qs.
3470 5189 3556 5249 rx,

358 5248 539 5303 15-17.
616 5235 662 5278 κέ
697 5235 818 5314 ἐφζ
840 5253 935 5312 τὰς
972 5235 1227 5317 male
1256 5235 1380 5305 os.“
1422 5249 1468 5280 ⁸³
1499 5249 1619 5303 Mal.
1655 5267 1691 5304 ι.
1727 5235 1871 5305 10-ιὲ

1988 5235 2035 5285 δῖ
2067 5252 2124 5303 ἐν
2162 5235 2429 5317 ἐμοίίοοιιῖ
2504 5248 2549 5280 ⁸³
2580 5247 2796 5317 Maluit,
2820 5248 2879 5303 ‘9.
2914 5235 3085 5317 Κάγὼ
3114 5244 3322 5317 δέδωκα
3346 5247 3397 5297 ὑ.
3479 5245 3529 5317 ἢ·

353 5318 455 5389 καὶ
484 5313 882 5389 άπερῤιμένους
940 5319 1059 5373 Mal.
1116 5313 1210 5375 xui.
1255 5319 1613 5389 παρειμένους
1652 5320 1795 5389 _Ced_.
1869 5327 1871 5347 λ

1988 5336 2067 5389 er._
2110 5313 2251 5389 μιν,
2280 5316 2398 5389 ἣδε
2445 5318 2491 5349 ⁸⁸
2524 5334 2651 5385 μεγ.
2695 5313 2813 5369 είπε
2842 5316 3043 5389 κέρεος
3073 5314 3166 5389 ἐὰν
3191 5315 3561 5389 γένηται-ἐτι

353 5387 528 5452 δ-.ομά
560 5382 666 5454 μου
690 5382 846 5454 ἐντῷ
878 5402 958 5437 στ.
991 5390 1185 5451 παντὸς
1230 5390 1287 5440 Ἰ.
1314 5382 1436 5441 ,ἴθι-ξ
1460 5404 1585 5453 μεγ.
1618 5387 1666 5437 εί
1692 5389 1737 5440 ἐ.
1769 5389 1871 5440 τοίκ.

1988 5387 2069 5439 toﬁ
2110 5386 2159 5439 λ.
2205 5388 2251 5440 ὁ.
2284 5387 2345 5439 τὸ
2377 5387 2423 5440 ό.
2463 5382 2563 5454 μου
2598 5382 2653 5438 ἐν
2683 5404 2741 5437 π.
2774 5385 2953 5454 στ.]Ιῖ
2980 5384 3114 5454 Ced.
3147 5452 3153 5454 _
3190 5382 3238 5413 "
3276 5385 3406 5438 Ced.
3434 5384 3559 5446 590,

357 5450 642 5517 12-39l7,8.
714 5450 885 5524 “Div
913 5470 962 5506 τ.
990 5456 1117 5512 Ced.
1170 5450 1233 5495 έν
1260 5456 1368 5510 Jer.
1402 5472 1438 5512 ι.
1462 5450 1556 5524 ίίΞζ
1631 5456 1677 5486 ⁹¹
1708 5473 1798 5524 σου
1831 5458 1869 5508 (3

2005 5455 2079 5524 7”
2110 5454 2219 5509 J‘er.
2258 5472 2332 5520 χι,
2372 5450 2497 5524 15.:
2531 5454 2577 5487 ”
2596 5450 2976 5524 κρέαταᾷϐυιί.
3056 5452 3101 5482 ⁹⁵
3131 5452 3226 5524 Am
3243 5467 3322 5524 ns.
3360 5468 3413 5516 ν,
3469 5456 3561 5507 25.

356 5527 405 5559 "
479 5516 702 5592 σφάγιον
933 5524 995 5594 _"_
1028 5524 1135 5580 Jer.
1166 5540 1238 5591 νι,
1270 5525 1357 5579 20.
1394 5593 1397 5594 ν
1433 5523 1476 5555 ⁸⁸
1509 5526 1695 5594 φέρεις
1722 5523 1850 5594 Call.

1999 5523 2086 5576 Ps.
2114 5541 2198 5579 ιιι..
2234 5525 2287 5577 6.
2319 5516 2327 5520 ⁷
2366 5525 2380 5555 ¹
2415 5524 2431 5594 l
2466 5516 2735 5594 Sant._'.§v,
2758 5516 2890 5594 22.Δ
2943 5523 2960 5554 ¹
2990 5526 3016 5594 ό
3059 5521 3296 5594 μετὰᾷθ,
3344 5524 3469 5594 cod.
3544 5524 3565 5555 ⁸

360 5596 450 5648 l‘s.
516 5589 609 5671 ti,‘
800 5590 1091 5671 "exiiaittbv
1118 5589 1245 5648 (Zeti.
1322 5596 1341 5626 ⁸
1377 5589 1556 5647 Aluus.
1583 5589 1637 5654 ν,
1673 5593 1760 5645 ΕΗ.
1839 5593 1857 5624 ⁶

2018 5594 2137 5649 add.
2169 5594 2298 5650 Ccd.
2375 5594 2392 5625 ⁷
2417 5593 2519 5649 lsa.
2550 5608 2585 5658 ι,
2620 5591 2797 5656 illi.
2871 5589 2891 5620 '
2923 5590 3010 5644 καί
3030 5589 3159 5647 add.
3194 5592 3323 5649 Ccd.
3398 5593 3417 5622 '
3455 5593 3562 5647 lsa.

368 5680 515 5732 mu,
552 5666 606 5722 5.
635 5664 706 5719 Οὐ
740 5663 935 5730 ταύτην
969 5664 1063 5731 τὴν
1092 5680 1135 5719 ν.
1164 5667 1240 5731 ἐξ.
1322 5665 1361 5695 ¹⁰
1391 5664 1480 5720 Ει.
1526 5666 1614 5730 xx,
1656 5663 1744 5719 “.25.
1847 5666 1857 5672 '
