4106 6310
206 266 309 329 4Ἰεῖ

1378 269 1848 333 ClIRONICON.
1888 295 1954 306 —
1999 272 2147 332 LIB.
2191 270 2337 364 ιιι..

3365 254 3471 317 ﬁt

206 389 267 442 ού
293 389 338 421 "
372 387 735 458 πεπλήρωται
768 384 943 440 ταῦτα
969 385 1016 418 ⁸⁸
1059 386 1485 455 ἀπαραλείπτως
1518 384 1663 438 κατά
1693 384 1795 445 τὰς

1901 387 2030 455 quid
2065 382 2567 455 pramuntiaverunt
2607 377 2661 432 in
2701 390 2798 430 vos
2848 386 3131 428 sermones
3187 369 3477 440 propheta-

207 481 357 553 ίεράς
384 482 728 552 προρρήσεις
757 481 839 542 εἰς
870 480 1014 549 ὑμᾶς
1035 495 1049 511 ο
1085 480 1182 531 καὶ
1224 477 1409 549 μέντοι
1454 480 1549 531 καὶ
1585 477 1655 528 τὰ
1684 472 1790 527 ὑπὸ

205 572 451 643 Χριστοῦ
523 570 1063 643 προκατηγγελμένα
1116 572 1213 623 καὶ
1285 568 1782 638 προηπειλημένα·

206 667 343 737 φησὶ
384 664 495 733 γὰρ
547 660 805 733 περὶτῆς
871 660 1236 732 Ἰερουσαλὴμ
1290 661 1379 714 καὶ
1417 660 1511 713 τοῦ
1549 661 1608 712 ἐν
1647 658 1786 729 αὐτῇ

203 758 360 818 ναοῦ,
394 755 545 809 ὃτι”
580 772 598 805 ι
632 752 707 805 Οὐ
746 752 822 822 μὴ
852 752 1014 825 μείνῃ
1037 750 1184 815 λίθος
1236 752 1329 805 ἐπὶ
1369 750 1541 803 λίθον.
1580 768 1597 802 ι
1634 745 1787 819 Ἀρα

206 848 558 919 μεμένηκεν;
593 844 880 914 Οὐδαμῶς.
912 874 982 885 -υ
1005 844 1113 898 Καί
1144 846 1158 876 ⁸
1186 859 1199 873 ’
1247 861 1266 895 ε
1317 843 1476 908 Ἰδοὺ,
1504 843 1727 912 ἀφίεται
1762 842 1790 895 6

202 936 356 999 οἶκος
385 935 542 1005 ὑμῶν
573 934 805 1005 ἕρημος.
869 952 887 986 ι
928 929 1076 1001 ’Δρα
1133 932 1234 985 οὐκ
1292 934 1618 1002 ὲρήμωται;
1671 933 1783 986 Καὶ

206 1028 415 1098 σφόδρα
442 1043 524 1092 γε.
552 1056 622 1066 -—
651 1018 759 1079 Καί
787 1026 807 1055 ³
841 1037 855 1053 ’
900 1043 918 1076 ι
956 1024 1146 1075 Ἔσται
1177 1023 1353 1091 θλίψις
1384 1025 1471 1077 οἵα
1504 1024 1565 1075 οὺ
1622 1023 1791 1091 γέγο-

203 1134 322 1175 νεν.
362 1139 378 1170 ι
409 1114 556 1187 τΑρα
596 1118 697 1171 οὐκ
746 1114 1005 1185 ἐγένετος
1049 1116 1353 1183 Ἀνάγνωθι
1395 1116 1496 1185 τὴν
1539 1117 1792 1186 ἱστορίαν

219 1212 492 1280 Ἰωσήπου
518 1210 712 1278 ἀνδρῦς
736 1207 1053 1281 (ὑμετέρου)
1099 1208 1359 1261 Ἰουδαίου
1409 1207 1507 1260 καλ¹
1564 1206 1797 1276 φιλαλή-

206 1302 340 1364 θους
367 1317 380 1330 ·
414 1302 509 1353 καὶ
557 1301 679 1354 οὐδὲ
723 1301 1079 1355 ἀναπνεῦσαι
1120 1300 1309 1353 λοιπὸν
1359 1298 1586 1369 emittm»
1629 1298 1789 1368 301

206 1394 375 1459 μόνον
401 1392 616 1444 ἀκούων
642 1387 730 1445 οἶα
761 1395 781 1423 ³
811 1393 1013 1445 ἔπαθον
1034 1394 1081 1444 οί
1105 1392 1279 1444 ἄθλιοι
1298 1391 1361 1444 τὸ
1389 1391 1509 1443 τότε
1548 1390 1793 1444 Ἰουδαῖοι

201 1480 300 1533 διὰ
331 1482 431 1548 τὴν
458 1478 651 1550 [κατὰ]
680 1479 777 1531 τοῦ
835 1480 1044 1546 Κυρίου
1107 1480 1129 1512 ⁸
1163 1480 1366 1547 μανίαν
1417 1478 1511 1530 καὶ
1562 1477 1791 1528 λύσσαν.
1827 1524 1830 1527 .

202 1571 332 1623 Ἵνα
360 1571 469 1639 γὰρ
496 1569 683 1639 μηδεὶς
708 1568 820 1621 τῶν
855 1568 1129 1621 Ἰουδαίων
1173 1568 1476 1637 ἀπιστήσῃ,
1502 1567 1601 1618 οὐκ
1632 1565 1792 1619 ἀλλόο

203 1662 381 1730 φυλόν
416 1678 561 1727 τινα,
595 1661 711 1715 ἀλλ’
742 1659 1041 1729 ὁμόφυλον,
1074 1661 1169 1712 καὶ
1210 1659 1530 1728 ὀμόπιστον,
1563 1659 1659 1713 καὶ
1690 1657 1790 1728 ζηο
1826 1686 1851 1730 _‘

202 1753 390 1824 λωτὴν
418 1752 837 1822 παρεσκεύασεν
867 1753 899 1822 ὴ
932 1751 1162 1821 ἀλήθεια
1215 1751 1286 1805 τά
1342 1751 1555 1804 ἐλεεινὰ
1598 1751 1791 1804 ἐκεῖνα

203 1847 309 1899 καὶ
336 1844 677 1917 δυσεξήγητα
716 1843 1133 1915 ὶκτραγῳδῆσαι
1163 1842 1310 1915 πάθη
1340 1859 1354 1875 ο
1390 1843 1651 1913 τοιαύτην
1685 1845 1794 1913 γὰρ

210 1938 484 2008 θεήλατον
535 1936 855 2007 ὑπέστησαν
890 1936 1118 2001 ἅλωσιν,
1173 1937 1294 1990 οἵαν
1327 1935 1447 1989 οὐδὲ
1494 1936 1523 1989 6
1574 1935 1795 2005 σύμπας

206 2024 322 2081 οἶδε
352 2026 568 2096 χρόνος,
598 2026 695 2093 ἀφ’
738 2018 801 2080 οὗ
848 2026 1073 2094 γέγονεν
1103 2027 1195 2079 ἰπὶ
1222 2026 1321 2089 τῆς
1348 2026 1453 2095 γῆς
1486 2024 1794 2096 ἄνθρωπος,

208 2116 311 2169 καὶ
345 2115 608 2177 εἰκότως·
648 2114 753 2178 ἕως
802 2114 904 2185 μὲν
958 2115 1068 2184 γάρ
1130 2114 1215 2177 είς
1274 2114 1403 2177 τοὺς
1462 2113 1795 2182 ὁμοδούλους

203 2207 550 2275 ἡμάρτανον,
582 2203 917 2274 συγγνώμης
950 2205 1251 2274 ἐτύγχανον
1274 2221 1287 2235 ο
1323 2205 1490 2276 ἡνίκα
1512 2205 1569 2259 δὲ
1601 2207 1682 2269 είς
1701 2205 1796 2259 τὸν

206 2298 398 2350 κοινὸν
439 2297 724 2365 Δεσπότην
752 2294 1096 2367 ἐξήμαρτον,
1143 2297 1554 2365 ἀσυγγνὼστως
1603 2299 1797 2352 ἐκολά-

209 2386 447 2457 σθησαν.
484 2387 606 2439 Ὅτι
629 2386 685 2440 δὲ
704 2388 730 2439 6
759 2388 997 2457 Χριστὸς
1019 2390 1325 2457 πεποίηκεν
1350 2390 1538 2453 αὐτοῖς
1555 2390 1576 2423 ⁸
1597 2389 1794 2456 ταῦτα,

204 2478 448 2533 ἄιουσον
472 2478 640 2530 αὑτοῦ
660 2477 826 2531 πάλιν
850 2480 946 2533 καὶ
967 2480 1054 2534 διὰ
1074 2498 1148 2535 πα
1159 2482 1394 2553 ραϐολῆς
1421 2482 1726 2553 φάσκοντος
1751 2485 1793 2517 ⁸ο

213 2589 234 2621 ε
278 2569 416 2631 Τοὺς
455 2568 511 2621 δὲ
548 2567 622 2638 μὴ
675 2568 1038 2638 βουληθέντας
1101 2589 1169 2642 με
1222 2572 1548 2639 βασιλεῦσαι
1580 2575 1668 2626 ἐπ’
1701 2574 1797 2627 αὖ-

204 2660 361 2726 τοὺς,
394 2661 633 2730 ἀγάγετε
663 2655 764 2715 ὧδε
792 2664 887 2716 καὶ
917 2667 1322 2734 κατασφάξατε.
1367 2685 1385 2718 ι
1417 2667 1509 2719 Διὸ
1535 2669 1627 2720 καὶ
1660 2668 1798 2738 πρὸς

206 2752 413 2813 αὐτοὺς
440 2752 627 2821 ἔλεγεν
660 2754 713 2786 ⁷·
754 2772 774 2808 t
818 2755 1143 2825 Ἀρθήσεται
1173 2758 1267 2828 ἀφ’
1300 2758 1458 2829 ὑμῶν
1489 2760 1521 2831 ἡ
1549 2759 1798 2829 βασιλεία

209 2844 310 2895 καὶ
332 2843 627 2913 δοθήσεται
651 2843 796 2899 ἔθνει
817 2847 1066 2901 ποιοῦντι
1096 2848 1226 2913 τοὺς
1256 2851 1507 2921 καρποὺς
1538 2850 1732 2917 αὐτῆς.
1769 2867 1786 2899 ι

208 2935 325 2987 Καὶ
357 2935 497 3006 πρὸς
540 2935 638 3006 μὲν
669 2938 766 3009 τὴν
809 2937 1168 3011 Ἰερουσαλήμ
1197 2957 1365 3011 φησιν
1394 2941 1447 2973 ⁸·
1479 2960 1496 2992 t
1533 2939 1796 3001 ’Ἢξουσιν

174 3027 308 3079 ’ἐπὶ
334 3043 393 3080 σε
420 3029 651 3099 ήμὲραι,
703 3031 797 3083 καὶ
851 3032 1209 3101 περιδαλοῦσί
1260 3049 1341 3084 σοι
1377 3031 1425 3083 οί
1456 3030 1642 3098 ἐχθροί
1697 3045 1793 3079 σου
1818 3065 1867 3123 c

208 3120 458 3190 χάρακα,
519 3122 613 3175 καὶ
662 3123 1007 3177 κυκλώσουσί
1061 3140 1140 3189 σε,
1203 3123 1301 3175 καὶ
1346 3121 1626 3183 συνέξουσί
1685 3118 1793 3192 [σε]

212 3211 509 3285 πάντοθεν,
534 3212 632 3264 καὶ
661 3211 948 3279 ὲδαφιοῦσι
978 3210 1047 3265 τά
1068 3210 1236 3263 τέκνα
1261 3226 1354 3263 σου
1377 3213 1433 3264 ὲν
1456 3212 1559 3263 σοί.
1594 3230 1614 3263 ι
1651 3211 1796 3281 Πρὸς

203 3300 273 3356 δὲ
299 3301 428 3361 τοὺς
453 3300 701 3363 ἀπειθεῖς
739 3302 1029 3365 Ἰουδαίους
1061 3302 1258 3370 ὲπάγει
1288 3301 1463 3370 λέγων
1495 3304 1517 3334 ⁸
1538 3318 1552 3333 ·
1599 3323 1618 3356 ι
1653 3304 1791 3359 Ἰδοὺ

205 3392 499 3459 ἀφίεταιλδ
532 3387 684 3455 οἶκος
736 3393 890 3462 ὑμῶν
944 3393 1173 3465 ἔρημος,
1223 3414 1241 3447 ι
1306 3396 1442 3466 ὅπερ
1476 3392 1568 3451 οὖν
1618 3399 1714 3453 καὶ
1769 3401 1796 3453 6

206 3488 359 3549 θεῖος
394 3484 597 3555 Δανιὴλ
622 3483 915 3555 ““προδηλῶν
942 3484 1048 3555 ἔφη
1077 3486 1120 3517 ¹⁰
1149 3501 1163 3518 ο
1206 3491 1232 3538 ι
1260 3486 1373 3558 Τὴν
1419 3487 1575 3542 πόλιν
1608 3490 1701 3541 καὶ
1736 3488 1796 3542 τὸ

207 3582 372 3649 ἅγιον
406 3572 694 3650 διαφθερεῖ
726 3579 825 3634 σὺν
855 3579 933 3650 τῷ
979 3581 1273 3652 ἡγουμένῳ
1306 3582 1382 3652 τῷ
1430 3582 1732 3652 ἐρχομένῳ,
1772 3600 1789 3631 ι

207 3671 501 3725 τουτέστιν
538 3672 566 3722 6
592 3670 727 3733 Θεὸς
755 3671 849 3724 καὶ
906 3671 1095 3741 Πατὴρ
1147 3673 1367 3725 πάντων
1416 3671 1688 3723 Ἰουδαίων
1726 3670 1793 3721 τὰ

209 3765 392 3834 σεμνά
417 3764 514 3817 καὶ
562 3763 905 3833 περίϐλεπτα
944 3762 1265 3830 ἀῦατρέψει,
1290 3762 1429 3813 ἀλλὰ
1479 3762 1574 3811 καὶ
1604 3760 1633 3810 6
1665 3758 1792 3822 Υίὸς

206 3854 307 3908 καὶ
340 3852 576 3923 Χριστὸς
611 3853 675 3917 ¹¹,
711 3852 739 3903 6
772 3851 899 3920 παρ’
924 3848 1105 3903 αὐτῶν
1136 3850 1214 3909 ὡς
1242 3847 1527 3917 λυτρωτὴς
1552 3845 1788 3915 προσδο-

206 3943 465 4014 κὺμενος
493 3946 588 3997 καὶ
615 3942 822 4009 σωτήρ.
854 3936 932 3992 Οὐ
964 3937 1073 4006 γὰρ
1101 3931 1242 4000 εἷπε,
1280 3935 1727 4006 Διαφθαρήσεται
1755 3938 1787 4006 ἡ

206 4024 373 4095 πόλις
406 4022 503 4086 καὶ
533 4034 561 4084 6
599 4030 724 4091 ναδς
758 4030 856 4080 σὺν
908 4026 986 4097 τῷ
1021 4025 1331 4098 ἡγουμένῳ,
1366 4025 1549 4089 καθὼς
1577 4026 1790 4093 ἀλόγως

203 4123 417 4178 οἴονταί
470 4137 638 4183 τινες,
668 4117 802 4171 ἀλλά
838 4119 904 4183 ¹³,
973 4135 992 4169 t
1052 4118 1347 4189 Διαφθερεί
1388 4120 1415 4171 ό
1449 4118 1637 4190 Πατὴρ
1698 4120 1791 4170 τδν

1897 496 2040 544 rum,
2073 487 2126 531 et
2157 492 2277 545 qua:
2305 474 2421 541 ipse
2454 469 2797 540 prOphetavit
2824 465 3077 519 Christus
3128 472 3185 517 et
3234 461 3479 515 minatus

1892 581 1996 626 est.
2034 570 2179 622 Dixit
2209 567 2353 621 enim
2385 564 2452 619 de
2479 561 2783 631 Jerusalem
2840 567 2895 611 ct
2923 556 3016 626 {de
3077 553 3278 627 templo
3334 553 3479 621 ejus,

1894 663 2020 731 quia
2064 679 2080 712 ι
2118 673 2224 712 non
2256 653 2557 710 remanebit
2592 650 2729 718 lapis
2768 662 2933 716 super
2982 644 3240 713 lapidem.
3293 662 3313 693 ι
3374 643 3479 694 lle-

1895 749 2201 807 mansitne?
2262 745 2608 812 Neutiquam.
2639 741 2703 794 Et
2754 755 2767 791 :
2812 736 3223 803 «Relinquetur
3276 732 3477 785 domus

1894 850 2073 898 vestra
2119 841 2377 895 deserta.
2409 854 2428 887 ι
2478 832 2674 888 Nonne
2709 833 2921 885 deserta
2953 826 3072 881 est?
3133 824 3196 877 Et
3254 823 3473 892 quidem

1891 950 2141 1006 prorsus.
2168 932 2231 986 Et
2256 948 2271 985 :
2300 949 2318 981 ι
2345 927 2463 983 Erit
2488 937 2746 998 pressura
2772 920 2952 990 qualis
2978 934 3083 971 non
3119 916 3238 971 fuit.
3274 914 3476 968 rFuil-

1897 1046 1963 1082 ne
1992 1024 2286 1097 pressura?
2314 1023 2455 1091 Lege
2498 1018 2784 1075 historiam
2828 1011 3052 1081 Josephi
3091 1010 3184 1079 qui
3247 1007 3351 1062 fuit
3408 1022 3474 1060 ex

1896 1121 2047 1175 vobis
2077 1129 2131 1173 et
2155 1115 2399 1170 veritatis
2420 1126 2633 1172 amans,
2664 1118 2718 1164 et
2753 1124 2862 1162 non
2893 1108 3001 1173 iam
3046 1103 3323 1171 respirare
3378 1115 3477 1168 po-

1899 1211 2036 1265 teris
2071 1207 2299 1262 audiens
2341 1212 2546 1274 quanta
2584 1211 2715 1256 tunc
2782 1197 2967 1251 miseri
3018 1195 3161 1264 passi
3219 1192 3326 1246 sint
3382 1188 3477 1244 Ju-

1898 1302 1999 1358 daei
2031 1301 2101 1355 ob
2134 1302 2374 1353 furorem
2421 1304 2473 1351 et
2494 1294 2698 1348 rabiem
2740 1290 3003 1345 adversus
3035 1285 3357 1352 Dominum.
3400 1281 3477 1335 Ne

1898 1393 2044 1447 enim
2083 1391 2370 1460 quisquam
2421 1387 2735 1443 Judaeorum
2785 1381 3074 1443 diffideret,
3111 1391 3218 1430 non
3244 1375 3479 1428 alienum

1896 1484 2099 1536 veritas
2157 1481 2260 1533 sibi
2302 1478 2645 1547 comparavit
2693 1488 3020 1546 pra-canem,
3086 1471 3178 1525 sed
3233 1467 3477 1537 ejusdem

1899 1572 2076 1643 gentis
2103 1581 2156 1624 et
2187 1569 2310 1624 fidei
2354 1569 2553 1631 virum,
2584 1582 2795 1621 necnon
2827 1575 2879 1622 et
2904 1566 3020 1619 zelo
3042 1576 3357 1625 accensum,
3385 1561 3481 1629 qui

1899 1663 2205 1719 miseranda
2240 1662 2355 1715 haec
2380 1668 2433 1714 et
2464 1658 2687 1713 infanda
2724 1656 3000 1711 narrando
3059 1657 3476 1711 lamentaretur.

1897 1754 2028 1809 Eam
2080 1752 2223 1806 enim
2280 1766 2309 1805 a
2351 1748 2463 1804 Deo
2522 1746 2694 1803 Judaei
2754 1746 2975 1801 subiere
3016 1745 3479 1814 expugnationem

1897 1862 2060 1917 quam
2093 1844 2225 1899 nulli
2262 1846 2503 1911 unqdam
2538 1840 2791 1895 viderunt
2819 1851 2885 1892 ex
2923 1851 3032 1907 quo
3066 1829 3229 1889 homo
3262 1838 3395 1891 vivit
3426 1837 3481 1890 in

1899 1949 2062 2003 terra,
2096 1946 2148 1991 et
2178 1935 2397 2006 quidem
2436 1932 2653 1987 merito.
2696 1930 2831 1985 Dum
2865 1930 2919 1984 in
2965 1942 3153 1983 servos
3204 1927 3305 1983 sibi
3343 1942 3481 1981 con-

1897 2031 2104 2087 similes
2156 2032 2545 2096 peccaverunt,
2594 2024 2964 2079 condonatum
3009 2030 3090 2074 est
3149 2020 3293 2084 illis;
3351 2032 3478 2072 cum

1900 2138 2027 2177 vero
2050 2122 2103 2176 in
2132 2121 2509 2175 universorum
2531 2108 2846 2181 Daminum,
2864 2130 3056 2185 pmnas
3083 2114 3323 2169 tulerunt
3348 2114 3483 2169 irre-

1900 2213 2212 2270 missibiles.
2253 2210 2408 2276 Quod
2449 2192 2703 2263 Christus
2737 2208 2852 2262 hate
2888 2207 2997 2262 illis
3033 2206 3253 2271 fecerit,
3287 2204 3499 2279 audias

1898 2319 1995 2374 per
2041 2299 2353 2373 parabolam
2407 2299 2718 2370 loquentem
2758 2312 2773 2348 :
2816 2317 2835 2350 ι
2882 2296 3009 2352 lllos
3044 2296 3137 2367 qui
3182 2295 3483 2351 noluerunt

1901 2411 1987 2452 me
2014 2409 2238 2465 regnare
2302 2406 2468 2461 super
2500 2405 2581 2458 se,
2613 2390 2863 2445 adducite
2896 2391 3005 2445 huc
3051 2399 3105 2444 et
3150 2389 3415 2459 iugulate.
3458 2406 3479 2440 ι

1899 2487 2194 2558 Propterea
2224 2486 2330 2541 illis
2357 2484 2573 2542 diccbat
2596 2499 2611 2538 :
2637 2503 2655 2535 ι
2686 2483 2983 2538 Auferetur
3012 2497 3041 2537 a
3075 2481 3229 2537 vobis
3254 2498 3482 2552 regnum

1899 2588 1949 2632 et
1980 2578 2200 2631 dabitur
2232 2576 2377 2646 genti
2411 2573 2629 2627 facienti
2669 2572 2879 2627 fructus
2910 2573 3051 2641 ejus.
3096 2591 3113 2623 ι
3156 2571 3221 2626 Et
3254 2572 3475 2641 quidem

1900 2670 1965 2725 ad
1991 2668 2292 2723 Jerusalem
2324 2666 2505 2720 dicit:
2547 2683 2565 2715 ι
2613 2664 2843 2717 Venicnt
2870 2664 2921 2715 in
2966 2672 3017 2716 te
3067 2663 3208 2723 dies,
3270 2671 3324 2715 et
3372 2662 3484 2714 cir-

1901 2758 2233 2815 cumdabunt
2282 2766 2330 2809 te
2362 2754 2567 2807 inimici
2601 2753 2679 2805 tui
2718 2752 2881 2813 vallo,
2935 2758 2990 2805 et
3043 2750 3483 2804 circumstabant

1901 2860 1952 2905 te
1980 2847 2238 2914 undique,
2268 2854 2323 2897 et
2361 2851 2709 2909 prosternent
2738 2842 2803 2895 ad
2847 2851 3045 2896 terram
3081 2841 3219 2895 ﬁlios
3260 2849 3384 2895 tuos
3422 2839 3479 2894 in

1902 2950 1975 2993 te.
2013 2958 2031 2989 ›
2071 2935 2133 2989 Ει
2162 2935 2229 2989 ad
2279 2934 2477 2989 infidos
2526 2933 2745 2988 Judzeos
2779 2934 3009 3003 loquens
3040 2932 3188 2987 addit
3224 2947 3237 2983 :
3282 2952 3300 2985 (
3343 2931 3482 2987 Ecce

1904 3030 2240 3098 relinquetur
2270 3020 2468 3081 domus
2493 3034 2683 3081 vestra»
2708 3025 2945 3081 deserta.
2990 3042 3008 3076 ›
3048 3024 3201 3092 Quod
3233 3033 3289 3079 et
3321 3024 3481 3080 divus

1900 3121 2087 3177 Daniel
2138 3120 2512 3189 przenuntians
2566 3118 2748 3173 dixit:
2797 3138 2815 3170 ι
2849 3118 3049 3174 Urbem
3110 3128 3163 3173 et
3225 3112 3481 3174 Sanctua-

1900 3215 2040 3269 rium
2062 3214 2302 3269 destruet
2322 3206 2447 3267 cum
2478 3210 2615 3266 duce
2645 3219 2909 3276 venturo;
2950 3229 2969 3262 ι
3008 3210 3059 3265 id
3095 3219 3202 3276 est,
3237 3209 3379 3266 Deus
3429 3220 3483 3266 et

1900 3306 2061 3361 Pater
2089 3306 2333 3376 omnium
2361 3303 2625 3377 solemnia
2661 3312 2715 3357 et
2746 3303 2975 3357 illustria
3003 3318 3223 3372 quoque
3250 3301 3474 3357 Judzeo-

1901 3413 2021 3451 rum
2054 3397 2316 3459 destruet,
2355 3393 2447 3449 sed
2507 3402 2560 3446 et
2608 3392 2859 3449 Christus
2905 3392 3075 3446 Filius
3130 3406 3258 3455 una,
3313 3408 3477 3461 quem

1902 3488 2296 3554 redemptorem
2347 3494 2803 3552 exspectaverunt
2855 3493 2908 3538 et
2966 3484 3315 3538 salvatorem.
3350 3482 3470 3538 Non

1897 3578 2039 3628 enim
2063 3574 2233 3626 dixit:
2259 3573 2580 3625 Destruetur
2605 3572 2798 3626 civitas
2816 3582 2869 3626 et
2891 3572 3149 3643 templum
3173 3586 3295 3626 cum
3316 3571 3477 3636 duce,

1897 3667 2037 3719 sicut
2071 3662 2384 3717 existimant
2443 3659 2688 3713 nonnulli
2720 3671 3003 3723 errantes,
3045 3663 3185 3726 'sed,
3224 3662 3478 3729 Destruet

1900 3755 2061 3809 Pater
2091 3752 2348 3822 templum
2381 3761 2435 3805 et
2467 3750 2743 3805 civitatem
2790 3747 3279 3819 comparticipante
3308 3743 3475 3806 nimi-

1896 3860 2036 3909 rum,
2094 3859 2255 3913 quem
2279 3842 2628 3896 contumeliis
2663 3849 3047 3896 saturaverunt
3078 3840 3238 3905 duce,
3274 3840 3341 3894 de
3363 3854 3475 3909 quo

1892 3935 2060 3991 Jacob
2117 3936 2182 3989 ad
2231 3934 2499 3988 Bethleem
2536 3950 2549 3985 :
2587 3953 2606 3986 ι
2648 3930 2724 3987 Ex
2776 3941 2828 3985 te
2872 3932 3184 4001 egredietur
3218 3931 3349 3994 dux,
3384 3940 3474 3987 ret

1894 4033 2127 4100 reliqua.
2181 4028 2447 4095 Quinimo
2496 4026 2761 4097 apostolis
2783 4025 3046 4078 Dominus
3066 4024 3244 4078 dixit:
3280 4042 3299 4077 ι
3330 4022 3467 4079 Cum

1895 4124 2135 4177 videritis
2199 4120 2662 4176 abominationem
2729 4117 3109 4183 desolationis,
3176 4116 3375 4171 dictam
3437 4132 3468 4171 a

204 4214 342 4269 ναὸν
370 4213 465 4265 καὶ
511 4211 611 4279 τὴν
648 4209 826 4271 πόλιν,
863 4228 881 4261 ι
913 4210 1365 4280 συμπράττοντος
1395 4209 1641 4281 δηλονότι
1693 4210 1790 4263 καὶ

1897 4215 2115 4271 Daniele
2149 4214 2429 4285 propheta.
2453 4221 2689 4268 stantem
2721 4211 2774 4264 in
2805 4211 2924 4263 loco
2952 4217 3164 4270 sancto,
3191 4207 3283 4278 qui
3315 4208 3465 4279 legit,

202 4305 305 4360 τοῦ
356 4302 779 4381 παροινηθέντος
811 4302 901 4356 ὑπ’
958 4302 1136 4356 αὐτῶν
1186 4305 1517 4375 ἡγουμένου,
1571 4304 1699 4375 περὶ
1730 4296 1790 4359 οὗ

1897 4310 2185 4379 intelligat.
2225 4328 2243 4361 ι
2278 4306 2433 4373 Quod
2458 4319 2604 4361 certe
2638 4304 2989 4375 adimpletum
3031 4311 3137 4365 est,
3201 4301 3463 4372 primum,

204 4414 378 4469 φησιν
407 4396 449 4427 ’⁸
503 4394 697 4448 Ἰακὼὸ
741 4396 879 4468 πρὸς
912 4396 1012 4469 τὴν
1071 4398 1319 4468 Βηθλεέμ
1348 4398 1389 4430 ³³
1416 4415 1432 4432 ο
1475 4418 1494 4452 ι
1551 4400 1645 4451 Ἐκ
1694 4397 1787 4451 σοῦ

1897 4405 1949 4459 in
1977 4414 2223 4471 tempore
2250 4400 2665 4471 expugnationis
2695 4407 2747 4452 et
2774 4398 3060 4461 vastitatis,
3085 4411 3209 4451 cum
3239 4393 3468 4449 Romani

202 4489 559 4555 ἔξελεόσεται
587 4488 915 4559 ἡγούμενος,
957 4508 975 4541 ι
1018 4490 1111 4543 καὶ
1142 4489 1209 4542 τὰ
1246 4491 1396 4559 ἑξῆς.
1432 4490 1543 4542 Καὶ
1594 4490 1784 4559 μέντοι

1898 4496 2096 4550 milites
2128 4494 2179 4545 in
2235 4491 2496 4560 templum
2537 4490 2769 4559 ingressi
2795 4497 2942 4553 sunt,
2975 4496 3028 4541 et
3074 4487 3262 4542 urbem
3319 4485 3470 4553 deje-

205 4583 304 4638 καὶ
343 4582 484 4651 πρὸς
510 4583 637 4642 τοὺς
669 4580 1004 4644 ἀποστόλους
1035 4580 1085 4649 (6
1114 4580 1341 4651 Κύριος)
1374 4578 1551 4642 οὕτως
1595 4581 1789 4648 διηγό-

1897 4595 2086 4641 cernnt
2117 4583 2183 4637 ad
2215 4581 2637 4643 desolationem,
2665 4593 2827 4653 quam
2870 4579 3091 4646 quidam
3141 4594 3265 4633 esse
3319 4577 3468 4631 arhl-

207 4692 411 4747 ρευσεν
438 4674 515 4707 ιδ’
557 4691 575 4725 t
615 4672 788 4725 Ὅταν
820 4670 967 4743 ίδητε
1004 4673 1064 4725 τὸ
1102 4672 1379 4742 βδέλυγμα
1415 4672 1515 4740 τῆς
1559 4672 1789 4742 ἐρημώ-

1897 4684 2107 4731 trantur
2135 4672 2522 4726 desolationem
2555 4669 2887 4739 praedictam,
2908 4669 3347 4737 quandoquidem
3377 4670 3471 4722 ab-

206 4782 355 4831 σεως
386 4766 471 4834 (τὸ
502 4762 667 4833 ῥηθὲν
695 4762 782 4815 διά
812 4764 1012 4833 Δανιὴλ
1034 4764 1126 4815 τοῦ
1170 4763 1476 4833 προφήτου)
1521 4762 1695 4826 ἑστὼς
1727 4764 1785 4816 ὲν

1897 4766 2121 4821 alienati
2142 4774 2195 4819 et
2222 4762 2523 4819 secundum
2557 4761 2727 4828 legem
2762 4760 3124 4828 coinquinati,
3151 4760 3303 4827 juste
3334 4760 3464 4813 dicti

201 4856 363 4921 τύπῳ
390 4851 533 4918 ἀγίῳ
559 4877 623 4890 -—-
652 4851 681 4901 6
712 4851 1105 4917 ὰναγινώσκων
1130 4851 1340 4912 νοείτω,
1383 4868 1401 4902 ι
1438 4880 1502 4892 -—
1536 4851 1563 4905 6
1596 4852 1658 4923 δὴ
1691 4853 1786 4905 καὶ

1897 4868 2023 4914 sunt
2049 4856 2383 4912 abominatio
2397 4851 2778 4916 desolationis;
2805 4850 3019 4915 deinde,
3045 4865 3168 4904 cum
3196 4857 3249 4903 et
3275 4860 3462 4919 postea

205 4942 567 5010 πεπλήρωτο,
600 4940 815 5009 πρῶτον
838 4942 936 5011 μὲν
968 4944 1110 4997 κατὰ
1138 4942 1272 5013 (τὸν)
1298 4943 1489 5013 καιρὸν
1523 4944 1625 5015 τῆς
1645 4944 1786 4997 ἀλώ-

1897 4948 2163 5002 Adrianus
2190 4952 2426 5000 statuam
2459 4955 2613 4998 suam
2639 4937 2830 5001 erexit,
2864 4947 2917 4998 et
2943 4936 3202 5007 reliquias
3225 4934 3466 4997 civitatis

204 5050 351 5093 σεως
394 5031 491 5084 καὶ
530 5031 882 5101 ἐρημώσεως,
936 5037 1016 5099 sl;
1052 5052 1109 5089 τε
1147 5034 1209 5087 τὸ
1252 5035 1569 5105 Ῥωμαϊκὸν
1622 5036 1783 5106 302

1897 5038 2109 5107 penitus
2148 5033 2401 5089 vastavit.
3097 5030 3101 5035 ’

206 5121 580 5190 στρατόπεδον
605 5121 913 5179 ὲπεισελθὸν
945 5128 1002 5179 ὲν
1032 5127 1108 5197 τῷ
1138 5127 1250 5197 ναῷ
1282 5126 1326 5158 ¹⁸
1355 5128 1447 5181 καὶ
1476 5128 1575 5198 τὴν
1615 5129 1768 5181 πόλιν
1807 5129 1927 5180 ὲλὸν
1990 5126 2134 5181 κατὰ
2151 5126 2250 5195 τὴν
2279 5123 2582 5192 ἐρήμωσιν,
2608 5118 2684 5182 ὥς
2744 5136 2889 5181 τινες
2910 5117 2969 5171 τὸ
2998 5116 3161 5187 ῥηθὲν
3188 5116 3465 5186 βδέλυγμα

1425 5270 1623 5333 Varias
1652 5270 1958 5332 lectiones
2004 5274 2063 5329 et
2108 5274 2296 5327 nota.

278 5391 327 5425 "
363 5389 412 5441 εί
462 5388 535 5457 μή
566 5386 698 5442 Ced.
776 5390 821 5421 "
848 5391 1023 5444 πάντα
1065 5397 1187 5449 cod.
1263 5396 1307 5427 θ’
1343 5394 1527 5448 Matth.
1567 5409 1714 5454 χχιιι,
1770 5393 1796 5445 9

1900 5393 2010 5444 ίθου
2044 5389 2174 5444 Ced.
2256 5387 2271 5417 ¹
2300 5384 2493 5457 Matth:
2527 5383 2833 5457 xxvnt,_58.
2911 5383 2930 5411 ¹
2958 5379 3145 5457 Mat-tl).
3186 5394 3331 5457 ηιξ,
3363 5377 3453 5457 ⁸20.

204 5464 307 5515 ⁸ἀ.
336 5448 728 5531 μηᾶπέρβυιί.
748 5488 815 5499 -—
837 5460 893 5511 ἀ.
917 5448 1217 5531 τηνικαῦτα
1244 5466 1303 5515 ’1.
1332 5464 1462 5519 Ced.
1542 5464 1559 5493 ⁵
1588 5448 1725 5515 κατᾶ
1758 5462 1796 5513 Χ

1900 5461 1987 5513 τοῦ
2019 5460 2177 5531 Ced.“
2227 5457 2246 5531 ξ
2279 5456 2424 5531 ἀελπ.
2456 5455 2687 5531 (ἒιει1.“⁵
2722 5453 3007 5531 [περς-χιι..
3218 5448 3455 5531 τιΜιλιιιι.

201 5520 449 5598 nuis.
525 5520 709 5598 fLuc.
748 5544 858 5598 xix,
904 5520 1110 5589 43144.
1190 5534 1209 5563 ο
1250 5535 1517 5595 Luc.xnt,
1551 5532 1638 5587 35s.
1722 5530 1796 5581 ὀι

1897 5549 1925 5582 ει
1990 5530 2080 5579 καί
2140 5524 2267 5579 Ced.
2312 5525 2444 5598 Dan.
2479 5524 2677 5598 11526,
2758 5524 2796 5598 ξι
2829 5521 2955 5598 Υἱὸς
2988 5523 3015 5572 ὁ
3041 5520 3452 5598 χριστός-(ἰού.

204 5604 249 5636 ι’
284 5589 468 5673 δἀιιιι.
496 5597 638 5673 (Βία).-
705 5598 747 5628 ¹³
775 5589 907 5673 Gen.
939 5614 1079 5666 XLIX,
1118 5606 1195 5659 l0.
1281 5606 1320 5638 “
1360 5589 1670 5673 δηγᾶρευεν
1698 5602 1796 5659 Ccd

1897 5630 1924 5640 ~
1962 5598 2148 5652 Matth.
2180 5610 2324 5661 xxiv,
2368 5594 2449 5647 lii.
2535 5594 2572 5623 ⁸³
2610 5596 2714 5649 εἰς.
2755 5594 2811 5647 ἐν
2838 5590 2914 5663 τῷ
2946 5589 3096 5663 ἱερῷ.
3127 5622 3193 5631 -—-
3233 5592 3325 5644 xui
3375 5593 3452 5654 εὶς

201 5675 299 5728 τὸν
330 5672 425 5743 τὴν
460 5687 519 5722 π.
555 5667 739 5722 ἑλόντα
776 5668 893 5723 cod.
