4208 6312
650 316 653 317 ν
717 246 820 311 487

1923 244 2250 308 GEORGII
2292 245 2742 308 HAMARTOLI

3860 250 3964 313 (£8

710 360 905 415 Darius
938 357 1238 429 Hystaspis,
1258 368 1379 429 post
1422 372 1582 428 quem
1610 357 1854 429 regnavit
1893 358 2103 413 Xerxes
2142 356 2285 410 Darii

2350 404 2361 434 λ
2404 356 2762 428 Ἰερουσαλήμ
2781 374 2796 389 ·
2840 357 2943 412 οὐκ
2973 358 3065 413 ἐπὶ
3092 358 3271 430 Κύρου
3306 359 3352 391 ⁸³
3372 360 3427 414 δέ
3468 360 3822 432 ᾠκοδομήθη,
3847 363 3961 415 ἀλλ’

715 451 884 516 Ilius,
906 455 999 518 qui
1020 460 1067 503 et
1087 452 1409 515 Artabannes,
1436 460 1490 504 et
1510 451 1724 505 tandem
1743 451 1917 505 dictus
1933 452 2282 504 Artaxerxes.

709 543 868 595 Anno
919 542 1173 596 vicesimo
1240 541 1401 609 huius
1460 544 1637 610 regni,
1695 556 1945 595 reversus
1973 539 2282 606 Nehemias,

709 632 979 687 civitatem
1005 632 1372 699 retediﬂcarit,
1396 634 1539 687 sicut
1570 632 1726 687 nobis
1746 632 1946 688 Esdras
1974 631 2280 702 diligentis-

712 723 848 777 sime
881 724 1177 778 enarravit.
1244 722 1301 777 Si
1346 723 1473 778 hinc
1522 724 1951 793 quadringentos
2005 722 2283 793 octoginta

629 820 667 850 ⁵·
706 824 819 869 tros
848 830 1023 871 annos
1057 830 1348 885 ponamus,
1381 815 1447 870 ad
1498 814 1923 870 destructionem
1960 814 2134 884 ipsam
2188 814 2283 867 de-

709 902 1008 971 veniamus,
1044 916 1104 960 ut
1136 906 1461 961 testiﬁcatur
1494 904 1769 976 Iosephus
1804 908 1999 959 iterum
2046 905 2233 959 dicens
2264 919 2279 955 :

705 994 956 1049 Civitatis
982 996 1344 1051 vastationem
1390 1007 1447 1052 et
1480 995 1665 1064 templi
1706 995 1905 1048 iactam
1956 1008 2080 1047 esse
2129 992 2282 1059 juxta

711 1085 1052 1155 prophetiam
1086 1084 1327 1140 Danielis
1360 1100 1389 1139 a
1423 1088 1695 1140 sexcentis
1719 1096 1844 1139 octo
1869 1085 2032 1137 annis
2054 1083 2278 1136 editam.

705 1176 832 1229 lleo
870 1176 1045 1229 dicit:
1089 1193 1107 1227 ι
1144 1176 1531 1229 AEdiﬁcabitur
1581 1176 1756 1243 platea
1804 1183 1859 1227 et
1910 1187 2122 1226 murus.
2158 1190 2177 1221 ι
2236 1170 2281 1222 A

706 1275 953 1335 tempore
982 1279 1136 1332 ergo,
1200 1280 1309 1334 quo
1354 1266 1549 1317 iterum
1599 1264 1866 1318 aedillcala
1912 1272 1995 1317 est
2046 1271 2099 1317 et
2156 1276 2282 1330 pro-

712 1358 885 1423 priam
924 1357 1006 1408 sui
1042 1355 1214 1423 ipsius
1249 1356 1473 1423 ﬁguram
1517 1354 1879 1421 recuperavit,
1935 1364 2166 1422 supputa
2214 1351 2281 1405 70

714 1444 1099 1508 hebdomades,
1124 1452 1178 1498 et
1204 1443 1413 1498 videbis
1444 1445 1816 1510 captivitatem
1860 1443 2068 1495 nullum
2118 1443 2277 1494 linem

712 1536 997 1588 habentem
1024 1552 1037 1601 ;
1068 1536 1211 1604 quod
1247 1536 1398 1589 clare
1433 1534 1746 1598 ostendens,
1781 1533 1906 1601 quia
1933 1546 2039 1585 non
2066 1531 2278 1587 aufere-

714 1635 803 1680 tur
831 1640 1084 1694 pressura
1117 1624 1400 1688 malorum,
1435 1625 1512 1678 sic
1541 1624 1676 1677 dicit
1704 1640 1720 1678 ε
1762 1641 1781 1675 ι
1812 1621 1943 1676 Post
1973 1622 2039 1676 70
2074 1606 2277 1698 hebdo-

2393 448 2488 502 ἐπὶ
2548 449 2645 501 τοῦ
2688 448 3051 519 Ἀρταξέρξου
3104 448 3197 502 τοῦ
3229 450 3629 519 Μακρόχειρος.
3666 452 3823 505 Μετά
3854 452 3962 522 γὰρ

2389 540 2490 611 τὴν
2513 540 2740 593 κάθοδον
2762 539 3035 609 ἐπανῆλθε
3069 539 3401 607 Καμόύσης.
3423 536 3542 593 εἶτα
3577 543 3625 592 oi
3657 541 3840 608 Μάγοι
3867 544 3961 595 καὶ

2394 630 2514 700 μετ’
2544 630 2788 693 ἐκείνους
2832 632 3056 699 Δαρεῖος
3098 630 3408 683 Ὑστάσπου
3428 672 3440 693 ,
3468 630 3588 698 μεθ’
3611 630 3670 683 ὃν
3695 629 3905 700 Ξέρξης
3932 635 3959 685 ὁ

2389 721 2620 791 Δαρείου
2662 724 2755 775 καὶ
2798 721 3138 791 Ἀρταϐάνης
3164 736 3178 751 ⁸
3222 716 3341 774 εἶτα
3378 721 3745 791 Ἀρταξέρξης
3783 723 3812 774 6
3842 724 3959 774 Ma.-

2389 811 2615 882 κρόχειρ
2647 811 2967 865 ἐδασίλευσε
2994 811 3092 881 τῆς
3123 810 3399 882 Περσίδος.
3424 810 3515 863 Ἐν
3548 811 3649 880 (δέ)
3672 812 3748 880 τῷ
3774 809 3821 864 κ’
3850 812 3962 863 Erat

2388 903 2487 970 τῆς
2543 901 2825 970 βασιλείας
2871 902 3039 955 αὑτοῦ
3072 903 3314 965 Νεεμίας
3367 901 3631 963 ἀνελθὼν.
3665 904 3766 971 τὴν
3800 903 3958 955 πόλιν

2391 991 2708 1060 ἀνέστησεν,
2742 993 2885 1062 ἀπερ
2904 995 2931 1045 6
2953 993 3190 1064 Ἔσδρας
3209 993 3451 1064 ἀκριῦῶς
3478 996 3611 1064 ἡμῖν
3635 996 3957 1065 διηγήσατο.

2395 1081 2492 1134 Ἂν
2509 1082 2685 1134 τοίνυν
2711 1082 2958 1136 ἐντεῦθεν
2990 1066 3266 1156 υπ[γ’]’ἐτη
3289 1084 3452 1154 310
3473 1085 3651 1155 θῶμεν
3671 1087 3735 1148 ⁸⁸,
3756 1087 3961 1155 ἥξομεν

2391 1175 2607 1234 πάντως
2640 1174 2732 1225 ἐπὶ
2753 1175 2853 1241 τὴν
2888 1176 3250 1246 κατασκαφὴν
3292 1175 3499 1246 ταύτην
3520 1176 3585 1241 ⁸⁵,
3622 1176 3699 1238 ὡς
3721 1178 3819 1231 καὶ
3844 1175 3963 1228 ἰὡ-

2392 1277 2562 1328 σηπος
2592 1256 2750 1324 αὖθις
2780 1265 3053 1332 μαρτυρεῖ
3081 1263 3256 1331 λέγων
3285 1281 3301 1295 ·
3339 1284 3359 1317 ι
3402 1265 3513 1335 Τὴν
3542 1265 3599 1318 δέ
3622 1266 3720 1335 τῆς
3742 1264 3961 1326 πόλεως

2389 1353 2672 1420 ἐρήμωσιν
2700 1354 2794 1405 καὶ
2862 1353 2957 1407 τοῦ
3014 1354 3145 1407 ναοῦ
3179 1356 3226 1387 ⁸⁸
3266 1356 3468 1426 συνέϐη
3504 1357 3764 1424 γενέσθαι
3817 1358 3962 1410 κατά

2386 1441 2483 1511 τὴν
2512 1443 2711 1513 Δανιὴλ
2736 1445 3076 1512 προφητείαν
3108 1447 3215 1516 πρὸ
3247 1446 3291 1499 υ’
3313 1446 3455 1518 [καὶ]
3483 1447 3628 1499 ὀκτὼ
3655 1447 3959 1515 γενομένην

2385 1531 2545 1584 ἐτῶν.
2572 1532 2671 1584 Διά
2701 1532 2859 1587 τοῦτό
2893 1551 3059 1605 φησιν
3081 1550 3096 1564 ο
3122 1552 3140 1585 ι
3180 1537 3685 1606 Οίκοδομηθήσεται
3720 1539 3954 1591 πλατεῖα

2385 1623 2481 1674 καὶ
2533 1624 2843 1693 περίτειχος
2879 1624 2960 1679 δ’.
2997 1644 3014 1677 ι
3041 1625 3086 1657 ⁸⁸
3127 1626 3239 1698 (51)
3276 1626 3530 1681 Ἐπειδὰν
3594 1625 3689 1683 οὖν
3745 1620 3953 1699 ἀναστῇ

713 1717 901 1772 mades
950 1716 1405 1770 exterminabitur
1447 1715 1708 1779 chrisma,
1754 1725 1810 1769 et
1856 1714 2124 1791 judicium
2168 1730 2275 1768 non

2350 1746 2353 1779 ι
2384 1713 2480 1766 καὶ
2507 1713 2567 1765 τὸ
2588 1716 2787 1768 οίκείον
2836 1717 3091 1791 ἀπολάϐη
3138 1719 3354 1789 σχῆμα.
3382 1720 3479 1773 ἀπ’
3507 1721 3715 1774 ἐκείνου
3768 1723 3867 1784 τὰς
3919 1729 3959 1774 ο·

709 1807 813 1861 erit
844 1807 895 1860 itt
928 1821 991 1860 eo
1034 1820 1048 1857 :
1092 1815 1145 1859 et
1180 1805 1458 1859 civitatem
1511 1811 1565 1857 et
1616 1804 1987 1858 sanctuarium
2038 1804 2280 1857 destruet

2384 1803 2687 1873 ὲσὸομάδας
2714 1805 2939 1875 ἀρίθμει
2998 1806 3120 1878 (καὶ
3154 1808 3261 1878 ὄψῃ
3288 1808 3392 1879 ’τὴν
3432 1810 3818 1879 αἰχμαλωσίαν
3860 1813 3961 1879 τὴν

706 1910 833 1949 cum
862 1896 1001 1949 duce
1034 1902 1294 1957 venturo,
1339 1902 1394 1947 et
1452 1891 1742 1946 allidentur
1810 1891 1966 1961 quasi
2028 1892 2080 1944 in
2130 1899 2280 1945 cata-

704 1986 933 2056 clysmo,
972 1992 1026 2038 et
1058 1999 1233 2053 usque
1259 1982 1325 2037 ad
1352 1982 1513 2037 linem
1545 1982 1668 2037 belli
1700 1982 1908 2037 concisi
1956 1981 2150 2035 ordine
2182 1981 2281 2035 de-

705 2078 1085 2132 solationibus.
1131 2094 1150 2128 ι
1213 2075 1279 2129 Ει
1332 2076 1529 2129 iterum
1592 2075 1663 2129 de
1724 2075 1913 2129 eadem
1968 2074 2282 2143 captivitate

707 2169 962 2237 loquens,
990 2168 1125 2221 dicit
1156 2182 1169 2218 :
1214 2165 1545 2221 «Auferctur
1572 2166 1789 2220 victima
1808 2164 1875 2243 fet
1910 2165 2168 2231 libamen,
2225 2172 2281 2219 et

707 2274 871 2325 super
904 2259 1163 2327 templum
1190 2256 1550 2311 'abominatio
1584 2256 1964 2320 desolatiouis,
2002 2254 2281 2324 plenitudo

712 2346 928 2397 dabitur
956 2360 1118 2414 super
1160 2345 1494 2399 vastitatem.
1533 2361 1554 2394 ι
1607 2342 2083 2397 Aboininationem
2127 2344 2283 2398 deso-

713 2431 936 2485 latiouis
975 2432 1107 2484 dicit
1155 2440 1389 2484 statuam
1446 2446 1607 2499 quam
1667 2432 1840 2486 erexit
1872 2434 2144 2486 Adrianus
2178 2432 2284 2485 im-

713 2531 933 2591 perator
996 2523 1049 2574 iu
1118 2521 1341 2590 templo,
1401 2521 1580 2589 quiet
1629 2523 1817 2573 urbem
1874 2520 1992 2573 solo
2028 2521 2280 2588 aequavit.

714 2613 845 2667 Post
914 2613 1186 2665 excidium
1247 2613 1393 2664 enim
1451 2610 1554 2663 sub
1620 2606 1954 2677 Vespasiano
2012 2618 2065 2662 et
2126 2606 2283 2672 Tito,

717 2704 962 2757 Adriano
995 2702 1321 2772 imperante,
1361 2709 1714 2755 surrexerunt
1751 2699 1944 2765 Judaei,
1996 2709 2049 2753 et
2078 2699 2146 2752 ad
2176 2699 2285 2766 pri-

700 2795 910 2849 stinum
935 2802 1133 2862 statum
1165 2792 1339 2846 redire
1363 2790 1541 2845 conati
1554 2800 1700 2854 sunt,
1723 2790 1993 2843 incassum
2012 2787 2121 2843 Deo
2150 2788 2288 2844 resi-

708 2894 937 2949 stentes,
1001 2868 1103 2939 nec
1156 2887 1479 2954 prophetam
1549 2881 1854 2946 audientes,
1914 2895 2038 2934 cum
2084 2880 2219 2935 dicit
2270 2898 2284 2936 :

719 2996 738 3029 ε
764 2978 913 3041 Quae
948 2976 1091 3031 Deus
1138 2986 1359 3030 sanctus
1388 2974 1646 3039 decrevit,
1678 2974 1801 3045 quis
1860 2972 2179 3039 inllrmabit,
2231 2983 2285 3027 et

711 3083 932 3122 manum
1006 3064 1124 3133 ejus
1190 3065 1478 3119 sublimem
1525 3066 1649 3133 quis
1711 3066 2011 3120 evertet?»
2088 3059 2353 3119 Rebel-C

708 3162 884 3214 lantes
945 3155 1108 3225 igitur
1166 3153 1364 3207 iterum
1430 3154 1496 3207 ad
1546 3153 1708 3208 ﬁnem
1767 3155 2120 3210 desolatiouis
2185 3169 2285 3209 sua

707 3256 904 3320 sponte
934 3254 1240 3311 venerunt;
1274 3244 1549 3314 deinceps,
1588 3246 1674 3300 his
1721 3246 2002 3314 subjectis,
2034 3255 2093 3299 et
2163 3240 2309 3299 tuo?

708 3354 857 3405 ditus
888 3360 1077 3403 eversa
1105 3346 1347 3409 civitate,
1376 3353 1431 3399 et
1470 3343 1719 3413 reliquiis
1768 3344 2173 3408 exterminatis,
2226 3354 2285 3397 ut

715 3458 822 3496 non
854 3440 972 3495 sine
1000 3438 1289 3508 opprobrio
1337 3435 1518 3490 forent
1571 3444 1808 3490 statuam
1836 3449 1991 3489 suam
2015 3434 2287 3503 propriam

712 3530 921 3602 posuit.
950 3526 1151 3582 Deinde
1172 3543 1295 3582 cum
1322 3527 1648 3597 intelligeret
1674 3528 1811 3581 hanc
1842 3526 1972 3581 olim
2015 3525 2283 3579 ruituram

713 3609 858 3683 esse,
890 3626 950 3673 ut
989 3619 1334 3688 illisoplagam
1367 3618 1824 3673 irremediabilem
1878 3620 2143 3682 inureret,
2194 3634 2288 3688 op-

715 3710 920 3785 probrii
984 3709 1264 3779 cladisque
1312 3724 1500 3764 nutam
1562 3725 1724 3763 suum
1802 3724 2001 3764 nomen
2070 3711 2283 3765 Civitati

710 3804 993 3875 imposuit.
1048 3802 1183 3857 Cum
1248 3802 1393 3855 enim
1466 3799 1646 3856 Elius
1707 3801 1978 3857 Adrianus
2038 3802 2287 3856 nomina-

718 3910 890 3963 retur,
923 3896 1002 3952 sic
1031 3893 1271 3949 decrevit
1303 3894 1369 3949 de
1404 3908 1503 3949 suo
1570 3893 1792 3949 nomine
1839 3895 2029 3949 urbem
2079 3910 2289 3948 nuncu-

716 3990 865 4059 parit;
899 4004 1019 4060 quae
1069 3986 1245 4054 reipsa
1298 3985 1567 4056 hodieque
1615 3986 1758 4041 IElia
1788 3972 2011 4042 vocatur
2052 3987 2121 4047 de
2144 3986 2288 4041 illius

720 4079 967 4143 nomine,
1012 4072 1117 4146 (tui
1170 4077 1373 4146 potitus
1410 4079 1598 4135 diruit.
1653 4078 1808 4135 Unde
1859 4079 2134 4147 Christus,
2192 4079 2288 4148 qui

712 4180 845 4243 post
893 4171 1221 4226 Antiochum
1266 4168 1597 4239 Epiphanem
1653 4170 1819 4236 venit,
1871 4186 1997 4225 cum
2050 4169 2288 4223 futuram

718 4265 1083 4335 captivitatem
1165 4261 1524 4330 proclamaret
1567 4266 1985 4330 ostenderetque
2033 4260 2176 4330 quod
2225 4261 2290 4314 de

2383 1894 2568 1947 οὐκέτι
2618 1894 2770 1957 τέλος
2823 1896 3075 1966 ἔχουσαν,
3100 1898 3237 1967 ὅπερ
3273 1899 3453 1969 δηλῶν
3484 1902 3842 1970 σαφέστερον,
3873 1902 3959 1953 ὅτι

2381 1984 2481 2052 οὐχ
2509 1982 2620 2049 ἔξει
2674 1984 2798 2039 τινά
2850 1984 3004 2038 λύσιν
3040 1986 3109 2039 τά
3150 1987 3454 2057 κατέχοντα
3502 1989 3702 2051 αὐτοὺς
3764 1991 3913 2041 κακά
3940 2030 3955 2054 ,

2384 2073 2526 2127 οὕτω
2554 2072 2741 2146 φησίν)
2767 2091 2781 2107 ο
2832 2093 2850 2127 ι
2884 2076 3040 2129 Μετὰ
3079 2078 3135 2131 δὲ
3165 2078 3264 2141 τάς
3300 2076 3342 2132 o'
3371 2079 3415 2112 “
3441 2079 3741 2149 ἑϐδομάδας
3776 2080 3959 2145 ἐξολο-

2384 2162 2742 2234 θρευθήσεται
2772 2167 2999 2238 χρίσμα,
3030 2168 3124 2220 καὶ
3142 2170 3313 2238 κρῖμα
3342 2170 3445 2223 οὐκ
3467 2170 3620 2223 ἔσται
3662 2173 3720 2223 ἐν
3738 2171 3888 2239 αὐτῷ
3910 2171 3958 2201 δ’

2385 2257 2497 2327 (καὶ
2529 2257 2626 2327 τὴν
2661 2257 2817 2311 πόλιν
2848 2260 2936 2311 καί
2968 2260 3029 2311 τὸ
3058 2259 3213 2328 ἅγιον
3242 2260 3525 2332 διαφθερεῖ
3564 2263 3661 2314 σὺν
3690 2262 3768 2332 τῷ
3796 2264 3962 2332 ήγου-

2390 2347 2535 2415 μένῳ
2556 2348 2635 2417 τῷ
2664 2347 2966 2419 ἐρχομένῳ,
3004 2348 3101 2401 καὶ
3134 2352 3571 2422 συγκοπήσονται
3601 2350 3676 2413 ὡς
3703 2353 3763 2404 ἐν
3786 2369 3961 2404 κατα-

2388 2437 2763 2508 κλυσμῷ,καὶ
2816 2440 2921 2503 ἕως
2982 2442 3171 2505 τέλους
3229 2442 3467 2512 πολέμου
3521 2445 3961 2514 συντετμημίνοι

2388 2531 2539 2596 τάξει
2592 2532 2941 2601 ἀφανισμοῖς.
2981 2554 2999 2586 ι
3030 2536 3140 2587 Καὶ
3201 2536 3365 2590 πάλιν
3424 2536 3524 2606 τὴν
3572 2539 3960 2608 αἰχμαλωσίαν

2387 2622 2591 2691 ταύτην
2655 2622 2827 2689 λέγων
2894 2624 3029 2694 φησί
3054 2626 3131 2656 ⁵³·
3173 2644 3192 2676 t
3250 2627 3575 2697 Ἀρθήσεται
3634 2630 3796 2682 θυσία
3865 2630 3962 2681 καὶ

2392 2713 2617 2781 σπονδὴ,
2663 2713 2757 2765 καὶ
2788 2713 2884 2766 ἐπὶ
2915 2715 2974 2768 τὸ
3006 2715 3151 2784 ίερὺν
3180 2715 3456 2787 βδέλυγμα
3485 2719 3587 2787 τῆς
3613 2720 3959 2790 ἐρημώσεως

2391 2803 2669 2857 συντέλεια
2695 2802 2980 2873 δοθήσεται
3017 2806 3111 2858 ἐπὶ
3142 2806 3242 2878 τὴν
3271 2809 3572 2876 ἐρήμωσιν.
3617 2826 3636 2859 ι
3674 2810 3961 2878 Βδέλυγμα

2388 2894 2443 2947 δὲ
2499 2894 2647 2962 λέγει
2718 2894 3053 2965 ἐρημώσεως
3103 2896 3194 2950 τὸν
3239 2897 3564 2968 ἀνδριάντα,
3622 2900 3683 2952 δν
3730 2900 3962 2969 εστησεν

2390 2984 2668 3055 Ἀδριανὸς
2694 2988 2721 3038 6
2746 2986 3009 3065 βασιλεὺς
3052 2989 3110 3041 ἐν
3135 2987 3211 3056 τῷ
3256 2988 3391 3058 ναῷ,
3430 2988 3487 3052 6;
3528 2991 3623 3043 καὶ
3657 2990 3757 3059 τὴν
3804 2991 3963 3045 πόλιν

2387 3075 2634 3129 καθεῖλεν
2677 3077 2894 3147 ἄρδην).
2930 3078 3085 3132 Μετά
3132 3080 3240 3149 γὰρ
3273 3080 3383 3150 τὴν
3414 3080 3830 3137 Οὐεσπασιανοῦ
3863 3086 3960 3138 καὶ

2387 3166 2549 3221 Τίτου
2608 3174 2913 3239 γενομένην
2961 3170 3243 3240 ἐρήμωσιν
3285 3171 3381 3223 ἐπὶ
3411 3173 3697 3243 Ἀδριανοῦ
3753 3177 3962 3245 συστή-

2389 3271 2580 3321 σαντες
2602 3259 2647 3290 ³¹
2678 3261 2727 3312 οί
2768 3259 3034 3325 Ἰουδαῖοι,
3070 3262 3401 3325 ἐσπούδαζον
3428 3265 3520 3317 ἐπὶ
3553 3266 3655 3334 τὴν
3685 3267 3963 3338 προτέραν

2390 3347 2666 3401 πολιτείαν
2689 3350 3010 3406 ἐπανελθεῖν
3040 3354 3088 3406 oi
3134 3344 3354 3424 μάταιοι
3400 3356 3797 3426 θεομαχοῦντες
3839 3360 3964 3426 (καὶ

2393 3437 2467 3505 μὴ
2494 3439 2789 3503 ἀκούοντες
2805 3442 2898 3493 τοῦ
2924 3446 3207 3515 προφήτου
3235 3445 3487 3515 λέγοντος
3512 3449 3557 3480 ⁸³
3578 3464 3592 3479 ·
3626 3468 3644 3500 ι
3683 3451 3750 3502 'A
3772 3454 3799 3504 6
3820 3450 3959 3513 Θεὸς

2350 3548 2356 3552 ·
2389 3527 2417 3578 6
2444 3528 2599 3595 ἀγιος
2628 3528 3101 3595 βεϐούλευται,τίς
3129 3534 3495 3600 διασκεδάσει.
3536 3541 3632 3591 καὶ
3672 3540 3770 3610 τὴν
3799 3545 3963 3610 χεῖρα

2390 3618 2555 3671 αὑτοῦ
2596 3619 2693 3688 τὴν
2718 3619 2926 3690 ὑψηλὴν
2966 3622 3051 3684 τίς
3081 3622 3455 3693 ἀποστρέψει;
3497 3646 3515 3678 ι
3553 3630 3961 3694 Στασιὰσαντες

2390 3703 2482 3762 οὖν
2501 3708 2659 3762 πάλιν
2682 3711 2908 3772 ἑαυτοὺς
2928 3712 3008 3773 είς
3026 3711 3180 3775 τέλος
3202 3714 3533 3782 ἐρημώσεως
3550 3719 3920 3787 κατέστησαν)
3939 3736 3962 3755 ο

2390 3799 2797 3869 χειρωσάμενος
2828 3800 2936 3870 γὰρ
2965 3800 3010 3832 ⁸⁵
3034 3802 3231 3865 αὐτοὺς
3253 3804 3281 3855 6
3312 3802 3564 3872 βασιλεὺς
3612 3807 3706 3857 καὶ
3738 3808 3838 3875 τὴν
3867 3808 3963 3861 πό-

2390 3889 2475 3942 λιν
2519 3891 2700 3942 πᾶσαν
2747 3891 3129 3962 καταστρέψας
3175 3895 3270 3946 καὶ
3323 3893 3393 3947 τά
3422 3893 3651 3962 λείψανα
3684 3896 3963 3963 ἀφανίσας

2392 3981 2571 4033 πάντα
2602 3982 2709 4050 (ἵνα
2743 3982 2877 4052 μηδὲ
2911 3983 3288 4055 ἀναισχύντως
3319 3984 3483 4054 ἔχωσι
3524 3984 3740 4049 λοιπὸν,
3762 3986 3960 4057 ἔστησε

2391 4073 2481 4125 τὸν
2512 4073 2707 4126 ἐαυτοῦ
2746 4075 3061 4143 ἀνδριάντα.
3093 4071 3230 4129 Εἶτα
3268 4076 3495 4131 συνιδὼν
3514 4120 3529 4145 ,
3555 4079 3637 4131 ὃτι
3666 4079 3960 4149 συμόαίνει

2390 4165 2579 4235 χρόνον
2599 4166 2727 4217 ποτὲ
2754 4168 3081 4219 καταπεσεῖν
3101 4168 3310 4233 τοῦτον,
3339 4168 3479 4222 ὥστε
3504 4170 3687 4231 αὐτοῖς
3719 4170 3960 4223 ἐνθεῖναι

2392 4256 2647 4325 καυτῆρα
2714 4257 2809 4308 καὶ
2868 4256 3081 4325 πληγὴν
3131 4258 3352 4310 ἀνίατον
3400 4259 3503 4324 τῆς
3565 4260 3962 4330 ἀναισχυντίας

721 4376 785 4413 ea
826 4356 1013 4411 Daniel
1054 4358 1269 4409 locutus
1294 4362 1394 4419 est,
1431 4353 1563 4408 dicit
1596 4371 1611 4410 :
1649 4371 1667 4404 ι
1697 4352 1833 4407 Cum
1880 4353 2125 4407 videritis
2157 4353 2290 4406 abo-

2350 4380 2365 4427 δ
2397 4348 2614 4416 ἐκείνης
2659 4347 2754 4397 καὶ
2784 4346 2952 4413 ἥττης
2991 4345 3230 4416 ἔλεγχον)
3263 4350 3324 4399 τὸ
3353 4349 3546 4401 ἑαυτοῦ
3576 4351 3743 4419 δνομα
3764 4353 3830 4419 τῇ
3864 4350 3961 4400 πό-

726 4445 1075 4499 minatiouem
1108 4441 1459 4498 desolationis
1507 4449 1743 4497 stantem
1800 4442 1853 4495 in
1903 4441 2021 4495 loco
2074 4452 2285 4503 sancto,

726 4536 816 4601 qui
846 4536 971 4603 legit
999 4534 1284 4604 intelligat.
1322 4552 1339 4583 ι
1380 4531 1515 4587 Cum
1552 4543 1729 4587 statua
1757 4547 1986 4601 quaeque
2028 4538 2123 4584 aut
2150 4530 2291 4583 scul-

724 4639 882 4693 ptura
914 4626 1145 4679 hominis
1193 4625 1527 4679 abominatio
1574 4622 1777 4677 Iudaeis
1816 4622 2127 4685 haberetur,
2154 4620 2288 4672 sub-

724 4718 957 4769 obscure
1000 4724 1232 4768 statuam
1286 4717 1581 4768 ostendens
1628 4712 1798 4772 illam,
1854 4707 2074 4776 quando
2129 4707 2290 4761 simul

727 4810 906 4861 futura
937 4805 1309 4873 sitcaptivitas
1345 4812 1395 4855 et
1420 4817 1449 4851 a
1480 4814 1591 4867 quo
1614 4797 2015 4866 pra-nuntiavit.
2039 4795 2195 4863 Quod
2226 4798 2292 4852 de

633 4915 638 4918 '
726 4899 986 4954 Romanis
1013 4900 1126 4951 haec
1168 4895 1316 4949 dicta
1368 4899 1498 4946 sunt
1532 4887 1802 4959 Josephus
1849 4888 2187 4956 testiﬁcatur,
2235 4901 2293 4946 ut

721 4994 833 5059 jam
867 4990 1125 5043 diximus.

2393 4441 2476 4491 λει
2525 4437 2813 4503 ἐπέθηκεν.
2859 4436 3075 4505 Ἐπειδὴ
3126 4440 3232 4505 γὰρ
3266 4439 3745 4509 ΑῑλιοςἌδριανδς
3790 4443 3931 4507 ἐχρη

2392 4529 2606 4600 μάτιςε,
2634 4527 2775 4577 οὕτω
2832 4531 2925 4579 καὶ
2958 4528 3057 4597 τὴν
3088 4527 3246 4595 311
3289 4530 3442 4582 πόλιν
3464 4530 3828 4599 ἐνομοθέτησε
3855 4548 3963 4584 κα-

2388 4620 2622 4682 λεῖσθαι,
2656 4621 2737 4673 διὸ
2782 4621 2878 4675 καὶ
2902 4620 3066 4691 μέχρι
3112 4618 3208 4672 νῦν
3231 4621 3389 4674 Αίλία
3420 4622 3889 4693 προσαγορεύεται
3916 4624 3963 4655 ⁸³

2390 4712 2534 4765 κατά
2567 4711 2665 4781 τὴν
2714 4713 3032 4783 ἐπωνυμίαν
3082 4712 3197 4782 (τοῦ
3260 4714 3633 4783 κρατήσαντος
3666 4714 3835 4782 αὐτὴν
3859 4715 3962 4790 καὶ

2391 4803 2771 4875 καθελόντος)’
2804 4804 2925 4857 ὅθεν
2985 4806 3013 4857 6
3073 4805 3307 4874 Χριστὸς
3365 4806 3506 4873 μετά
3544 4805 3817 4875 έΔντίοχον
3866 4806 3966 4858 τὸν

2396 4896 2668 4967 Ἐπιφανῆ
2718 4898 3160 4967 παραγενόμενος
3221 4899 3316 4951 καὶ
3395 4899 3805 4969 προαναφωνῷν
3838 4897 3964 4976 ’τὴν

2402 4987 2701 5056 μέλλουσαν
2744 4987 2963 5040 ἔσεσθαι
2992 4989 3370 5059 αηίχμαλωσίαν
3422 4991 3515 5042 καὶ
3564 4989 3810 5054 δεικνὺς,
3874 4988 3968 5043 ὅτι

728 5083 858 5151 περὶ
884 5081 1055 5149 αὐτῆς
1077 5084 1104 5133 6
1128 5077 1327 5149 Δανιὴλ
1350 5076 1641 5149 προεῖπεν,
1669 5069 1832 5144 φησίν
1859 5088 1928 5121 ·-ι
1948 5072 2117 5123 Ὅταν
2139 5073 2284 5143 ἴδητε
2323 5066 2381 5130 τδ
2412 5078 2686 5149 βδέλυγμα
2716 5078 2817 5145 τῆς
2882 5080 3219 5148 ἐρημώσεως
3239 5080 3287 5111 ⁵⁸
3357 5080 3528 5141 ἑστὼς
3552 5082 3608 5132 ἐν
3630 5080 3782 5151 τόπῳ
3818 5079 3966 5159 ἁγίῳ

728 5201 799 5211 -
821 5176 849 5227 6
882 5170 1271 5237 ἀναγινώσκων
1304 5168 1517 5221 νοείτω.
1550 5183 1569 5217 ι
1600 5193 1674 5207 -—-
1699 5162 1856 5215 Ἐπεὶ
1878 5161 1921 5191 ⁸⁷
1952 5161 2060 5228 γὰρ
2092 5159 2236 5215 ἅπαν
2255 5166 2471 5219 εἴδωλον
2507 5170 2601 5220 καὶ
2666 5168 2775 5219 πᾶν
2834 5167 3137 5235 ἐκτύπωμα
3154 5167 3446 5238 ἀνθρώπου
3506 5169 3782 5241 βδέλυγμα
3808 5174 3965 5243 παρά

1904 5253 2422 5320 νει-ἱωιεοιὶοηθε
2458 5270 2517 5322 et
2548 5270 2734 5320 notae.

804 5366 847 5397 ”
878 5364 1041 5435 Κύρῳ
1063 5363 1210 5437 Ced._
1270 5361 1316 5393 “
1346 5362 1527 5437 θῶμεν
1550 5361 1647 5437 ἐτη
1676 5358 1806 5437 (led.
1882 5357 1930 5437 ζ’
1962 5354 2172 5423 ταύτης
2190 5359 2299 5437 Age

2350 5361 2552 5437 .__-:o_t_d-.:_.
2611 5362 2762 5437 cod._
2808 5360 3621 5437 f§_3ta-f‘.‘10t't4v.__é.‘(ietl.Apud
3660 5366 3960 5437 Josephum

735 5435 847 5489 inec
878 5426 1035 5488 verba
1067 5451 1169 5486 non
1201 5426 1530 5486 invenimus.
1606 5429 1647 5459 "
1674 5431 1848 5501 τεῖχος
1882 5427 2018 5481 Dan.
2068 5439 2143 5501 t_x_,

2354 5429 2398 5462 ⁸³
2438 5432 2571 5484 Cod;
2602 5430 3020 5501 608,8-609,22.
3097 5432 3141 5463 δ’
3176 5433 3251 5501 ξβν
3287 5435 3418 5489 Dan.
3470 5426 3542 5497 ια’,
3568 5438 3657 5497 26.
3688 5426 3958 5491 omICed.

737 5504 779 5533 ⁵⁸
804 5504 979 5565 καθὼς
1012 5502 1326 5571 προείρηται
1366 5502 1496 5571 (Sed.
1522 5514 1686 5571 seqq.
1736 5500 1975 5571 9_||ll38i3.

737 5571 781 5601 ⁸³
810 5573 908 5622 ικιι.
958 5567 1182 5631 x1\,‘27.
1226 5567 1235 5571 ’
1278 5574 1322 5602 ⁸⁸
1347 5590 1395 5638 χ.
1418 5570 1480 5635 δή
1510 5567 1638 5620 Ced.

2083 5496 2125 5526 “
2163 5496 2294 5549 Dan.
2362 5515 2437 5560 tx,
2479 5501 2568 5553 Ξῖ.
2642 5502 2707 5532 ⁸⁸·

2756 5517 2855 5569 μου
2908 5500 3038 5552 Dan.
3085 5500 3309 5570 graeeus.
3429 5508 3473 5537 "
3506 5508 3795 5567 συστάντες
3822 5504 3961 5557 (led.

1737 5568 1780 5644 '_'
1804 5586 1913 5644 πρ.
1936 5566 2200 5644 καὶ-μετά
2238 5568 2406 5644 ταῦτα
2452 5571 2627 5644 αὐτὴν.
2676 5566 2987 5644 ἀνεγείρας,
3021 5566 3227 5644 Αἰλίαν
3252 5574 3419 5641 αὐτὴν
3455 5566 3862 5644 προσηγόρευσε
3898 5586 3958 5624 κ.

740 5641 833 5708 τὴν
876 5639 1037 5692 αὐτοῦ
1078 5643 1162 5691 ἐπ.
1192 5641 1322 5693 Ced.
1348 5635 1376 5638 ””
1400 5638 1441 5668 ⁵⁶
1468 5638 1525 5687 τὸ
1551 5638 1711 5705 ῥηθὲν
1744 5638 1827 5693 διὰ
1864 5635 2058 5707 Δανιὴλ
2096 5635 2183 5686 τοῦ
2218 5654 2305 5705 πρ(

2350 5640 2492 5707 πητου
2521 5641 2653 5694 Ced.
2684 5650 2743 5695 ut
2789 5635 2972 5692 Matth.
3011 5656 3152 5708 xxiv,
3186 5643 3267 5697 l5.
3343 5635 3388 5676 ’ἶ
3426 5635 3658 5713 δηέκίάζ
3682 5635 3812 5697 ιᾷεα.
