4180 6308
670 324 770 391 547

1882 321 2705 400 GEORGILEAMAR‘I‘OLI

3799 321 3906 393 ω

609 437 612 445 ’
672 449 892 492 unuse:
918 437 998 490 eis
1033 433 1244 489 cteteris
1278 449 1291 486 :
1334 453 1350 482 ‹
1375 432 1614 487 Excitate
1651 433 1799 486 illum
1834 441 1887 486 et
1921 435 2118 499 exuite,
2148 451 2166 482 ι
2191 441 2244 488 et

2351 435 2512 506 πολλῇ
2550 435 2644 490 οὖν
2682 437 2887 508 ἀπορίᾳ
2921 438 3200 508 γενόμενοι
3230 439 3292 505 ⁸⁸,
3317 433 3469 496 εἶπεν
3511 433 3592 505 εἷς
3627 441 3686 509 ἐξ
3725 444 3911 497 αὐτῶν

673 543 799 584 eum
820 527 970 580 illum
989 541 1128 596 aegre
1155 524 1538 580 erexissenLet
1572 525 1877 585 exuissent,
1912 524 2014 578 iste
2042 538 2236 578 manus

675 635 803 675 suas
837 619 1027 673 sabulo
1055 619 1287 687 impleas
1319 616 1631 671 eil‘undebat
1671 630 1834 684 super
1857 623 2018 685 caput
2044 613 2236 680 Judaei,

675 720 758 765 ter
801 711 988 764 dicens
1038 726 1054 763 :
1115 728 1133 760 ι
1181 709 1494 776 Baptizatur
1546 706 1865 761 Theodorus
1916 706 1969 760 in
2024 706 2242 760 nomine

676 803 851 856 Patris
885 812 938 855 et
969 800 1089 854 Filii
1116 810 1167 855 et
1201 801 1374 854 sancti
1426 799 1680 868 Spiritus,
1722 817 1740 850 ι
1789 796 2242 865 respondentibus

675 895 886 948 cunctis
917 895 982 947 ad
1010 893 1277 961 singultim
1311 898 1505 944 nomen
1535 890 1726 943 Amen.
1761 887 1826 940 Et
1856 887 2140 942 confestim
2170 886 2242 941 ita

674 988 1058 1042 corroboratus
1087 995 1191 1050 est,
1227 992 1284 1037 ut
1322 997 1514 1052 magno
1543 996 1663 1036 cum
1694 981 1878 1034 animo
1909 987 1961 1032 ct
1991 979 2243 1032 ﬁrmitate

675 1094 796 1132 cum
839 1077 920 1131 eis
954 1077 1245 1129 incederet.
1299 1070 1433 1128 Cum
1495 1081 1672 1126 autem
1714 1072 1984 1125 venissent
2015 1071 2245 1123 Alexan-

675 1169 871 1234 driam,
904 1177 957 1222 et
977 1168 1090 1222 haec
1130 1176 1482 1220 enarrassent
1512 1164 1920 1233 archiepiscopo
1952 1161 2238 1231 Dionysio,

675 1268 728 1315 et
777 1260 948 1329 ipsius
997 1255 1407 1312 admirationem
1455 1257 1774 1316 movissent,
1816 1255 1995 1308 statim
2024 1269 2240 1308 omnem

675 1353 880 1407 clerum
936 1358 1225 1423 congregat
1262 1360 1314 1401 et
1353 1363 1466 1402 rem
1500 1348 1578 1401 eis
1610 1347 1885 1416 preponit,
1908 1348 1990 1399 "an
2024 1346 2244 1414 ,s'cilicet

678 1451 920 1511 reputata
940 1440 1011 1495 sit
1027 1438 1211 1494 ,Ιυιίίεο
1231 1443 1282 1493 in
1306 1440 1566 1509 baptisma
1587 1454 1764 1493 arena-
1788 1437 1988 1492 inlusio
2009 1453 2075 1491 an
2097 1452 2200 1490 non
2221 1435 2244 1488 ἲ

679 1534 746 1585 Et
779 1531 867 1584 alii
897 1531 1114 1599 quidem
1148 1531 1440 1584 dicebant:
1483 1548 1501 1579 ι
1555 1527 1816 1597 Reputata
1866 1537 1967 1592 est,
2011 1531 2242 1581 testante

677 1623 960 1691 repentina
983 1626 1102 1690 ejus
1127 1622 1377 1677 sanitate.
1403 1641 1420 1672 ι
1449 1622 1552 1675 Alii
1577 1637 1703 1674 vero
1732 1636 1839 1673 non
1864 1618 2238 1680 admittebant,

677 1728 741 1766 eo
783 1712 926 1782 quod
977 1713 1216 1767 Ecclesia
1251 1713 1422 1779 ,istatn
1465 1711 1806 1765 traditionem
1846 1724 1952 1763 non
1990 1708 2236 1771 haberet,

677 1806 977 1871 praesertim
998 1820 1118 1858 cum
1145 1804 1407 1858 Dominus
1443 1802 1737 1857 Nicodemo
1761 1801 1990 1856 dixisset
2027 1817 2043 1853 ι
2078 1819 2096 1851 ι
2126 1797 2239 1851 Nisi

677 1898 798 1965 quis
831 1905 1047 1950 renatus
1080 1895 1241 1948 fuerit
1268 1909 1331 1948 ex
1366 1909 1505 1964 aqua
1540 1901 1594 1946 et
1622 1893 1847 1960 Spiritu,
1877 1907 1984 1944 non
2017 1889 2244 1943 intrabit

679 1986 731 2039 in
787 1999 1006 2054 regnum
1052 1985 1336 2038 cmlorum.
1370 2001 1388 2032 ι
1448 1981 1542 2035 llis
1599 1995 1726 2049 ergo
1782 1989 1837 2034 et
1887 1979 2006 2031 aliis
2062 1978 2242 2041 dictis,

677 2079 853 2132 visum
887 2085 976 2130 est
1004 2085 1193 2130 sancto
1220 2074 1481 2144 Dionysio
1510 2073 1660 2128 illum
1689 2069 2071 2148 baptizandum
2103 2081 2241 2132 esse,

677 2178 731 2222 et
775 2169 1001 2221 missum
1047 2182 1171 2220 eum
1215 2166 1286 2220 ad
1337 2164 1534 2220 ﬂumen
1586 2162 1873 2218 Jordanem
1923 2159 2243 2229 baptizavit;

681 2260 830 2312 illum
882 2267 1062 2312 autem
1098 2255 1193 2327 qui
1241 2257 1420 2327 ipsum
1452 2255 1642 2310 sabulo
1684 2262 1808 2308 ante
1855 2252 2244 2322 baptizavera‘t,

682 2367 804 2404 cum
835 2351 1027 2418 dignus
1071 2360 1235 2416 esset,
1275 2351 1562 2405 diaconum
1603 2348 1948 2418 impositione
1980 2358 2244 2400 manuum

683 2439 1047 2495 consecravit.
1097 2439 1228 2492 Jure
1256 2453 1383 2506 ergo
1423 2453 1651 2506 magnus
1688 2437 1978 2505 Gregorius
2023 2451 2247 2488 enume—

693 2546 820 2585 rans
856 2531 1036 2586 omnia
1065 2530 1388 2597 baptismata
1420 2529 1548 2581 dicit
1579 2543 1592 2579 :
1634 2546 1649 2576 ι
1687 2525 1983 2594 Βιψιὶῑιινίι
2018 2525 2246 2591 Moyses,

683 2622 776 2676 sed
798 2624 848 2674 in
883 2637 1041 2690 aqua,
1067 2631 1118 2675 et
1153 2629 1312 2674 antea
1346 2619 1397 2672 in
1446 2618 1641 2672 nebula
1673 2628 1726 2670 et
1756 2619 1808 2669 iu
1839 2615 2250 2669 maria—«Ba-

685 2715 902 2783 ptizarit
931 2723 984 2767 et
1011 2714 1268 2775 Joannes,
1303 2727 1410 2765 non
1445 2712 1558 2780 jam
1599 2709 1814 2778 quidem
1845 2707 2099 2772 Judaice;
2142 2723 2247 2759 non

682 2807 825 2859 enim
863 2806 919 2859 in
948 2820 1088 2873 aqua
1122 2807 1256 2867 sola,
1291 2802 1384 2858 sed
1420 2804 1580 2856 etiam
1624 2801 1688 2855 ad
1722 2800 2120 2868 paenitentiam.
2153 2817 2248 2849 ›-

688 2914 706 2947 ι
742 2896 986 2965 Baptizat
1018 2907 1072 2950 et
1107 2895 1286 2960 Jesus,
1339 2893 1431 2947 sed
1475 2894 1528 2946 in
1562 2890 1766 2961 Spiritu
1799 2908 1812 2942 ε
1853 2894 1964 2954 haec
2010 2899 2093 2945 est
2125 2904 2249 2960 per-

687 2987 866 3042 fectio.
911 3007 927 3038 ι
962 3019 1029 3028 -
1058 3007 1076 3038 ι
1115 2989 1240 3040 Scio
1278 2986 1438 3038 etiam
1483 2995 1731 3051 quartum
1781 2982 2066 3050 baptisma,
2103 2979 2247 3048 quod

2272 1776 2313 1830 Β
2331 1789 2333 1791 ,

2339 524 2474 596 πρὸς
2498 527 2622 589 τοὺς
2648 527 2866 591 λοιπούς
2890 545 2904 560 ο
2931 546 2950 578 ι
2973 529 3250 600 Ἐγείρατε
3277 530 3438 584 αὑτὸν
3470 532 3564 586 καὶ
3584 533 3903 588 ὲκδύσατε.»

2338 616 2450 668 Καὶ
2505 616 2643 686 μετὰ
2693 618 2887 672 πολλοῦ
2946 621 3116 674 κόπου
3172 619 3362 675 τοῦτον
3413 622 3753 692 ὀρθώσαντες
3810 627 3908 679 καὶ

2340 707 2727 775 ἀποδύσαντες,
2791 711 2998 775 ἐκεῖνος
3056 714 3153 775 τὰς
3210 716 3398 786 χεῖρας
3451 713 3618 767 αὑτοῦ
3671 715 3906 784 ψάμμου

2343 800 2575 869 πλήσας,
2615 806 2874 873 κατέχεεν
2912 805 3007 858 ἐπὶ
3052 806 3151 874 τῆς
3203 807 3444 876 κεφαλῆς
3485 806 3580 858 τοῦ
3644 806 3908 859 Ἰουδαίου

2343 893 2513 959 λέγων
2550 897 2615 948 ὲκ
2651 898 2836 966 τρίτου
2870 898 2914 928 ¹⁸
2943 914 2958 929 ο
2993 917 3012 949 ι
3066 899 3395 962 Βαπτίζεται
3431 897 3707 966 Θεόδωρος
3737 899 3816 959 εἰς
3847 898 3909 949 τὸ

2342 981 2510 1050 ὄνομα
2558 983 2653 1036 τοῦ
2709 987 2942 1056 Πατρδς,
2978 988 3072 1040 καὶ
3121 988 3214 1040 τοῦ
3266 986 3415 1053 Υίοῦ,
3470 986 3564 1040 καὶ
3612 985 3708 1040 τοῦ
3746 986 3905 1054 ἁγίου

2345 1073 2658 1142 Πνεύματος
2695 1093 2712 1126 ι
2751 1076 3223 1148 (ἀποκρινομένων
3253 1078 3359 1130 τῶν
3403 1077 3579 1131 ἄλλοιν
3615 1078 3739 1131 καθ’
3755 1078 3904 1130 κέκα-

2344 1182 2467 1218 στον
2523 1165 2691 1238 ὄνομα
2719 1170 2779 1222 τὸ
2833 1170 3048 1242 Ἀμήν).
3081 1171 3194 1225 Καὶ
3252 1174 3591 1241 παραχρῆμα
3622 1168 3905 1224 ’τοσοῦτον

2341 1257 2622 1327 ἐνίσχυσεν
2667 1258 2806 1312 ὥστε
2841 1261 2883 1291 ⁸⁸
2926 1263 3021 1314 σὺν
3054 1261 3220 1332 πολλῇ
3253 1263 3534 1332 προθυμίᾳ
3562 1261 3655 1315 καὶ
3687 1262 3905 1332 scapu-

2345 1348 2467 1418 στίᾳ
2507 1348 2742 1419 βαδίζειν
2775 1354 2891 1422 μετ’
2934 1352 3133 1405 αὐτῶν.
3191 1348 3483 1406 Ἐλθόντων
3530 1352 3586 1405 δὲ
3631 1353 3808 1405 αὐτῶν
3845 1354 3908 1404 ἐν

2355 1438 2752 1511 Ἀλεξανδρείᾳ,
2782 1442 2874 1495 καὶ
2933 1442 3106 1496 ταῦτα
3162 1443 3538 1513 διηγησάντων
3587 1443 3666 1513 τῷ
3715 1446 3910 1514 ἀρχιεο

2343 1531 2594 1599 πισιιόπῳ
2640 1530 2903 1604 Διονύσίῳ
2951 1535 2990 1566 ¹⁷
3045 1535 3138 1588 καὶ
3188 1535 3377 1588 τοῦτον
3415 1534 3904 1604 ἑκθαμδησάντων,

2341 1623 2499 1687 εὐθὺς
2534 1625 2712 1678 πάντα
2735 1625 2825 1680 τὸν
2857 1625 3054 1696 κλῆρον
3087 1626 3424 1697 συναθροίζει
3465 1630 3558 1680 καὶ¹
3588 1627 3908 1681 ἀνατίθεται

2342 1716 2526 1779 αὐτοῖς
2558 1718 2618 1769 τὸ
2654 1720 2905 1789 πρᾶγμα,
2950 1719 3061 1772 εἴτε
3108 1721 3217 1789 ἄρα
3256 1719 3509 1789 ἐλογίσθη
3549 1720 3625 1789 τῷ
3661 1718 3908 1787 Ἰουδαίῳ

2344 1809 2424 1868 είς
2463 1806 2744 1876 βάπτισμα
2778 1811 2811 1878 η
2832 1811 2930 1876 τῆς
2953 1808 3181 1877 ψάμμου
3213 1810 3484 1880 ὲπίχυσις,
3521 1812 3631 1861 εῑτε
3661 1809 3745 1862 οὗ.
3796 1811 3911 1861 Καὶ

2344 1901 2394 1951 οι
2457 1899 2558 1967 μὲν
2611 1898 2835 1965 ελεγον·
2883 1915 2918 1949 Δ‹
2976 1899 3297 1967 Ἐλογίσθη,
3352 1901 3733 1970 μαρτυρούσης
3806 1900 3911 1968 τῆς

2346 1989 2547 2059 ἀθρόας
2594 1989 2757 2043 αὑτοῦ
2787 1989 3019 2057 ὑγιείας.
3064 2008 3082 2040 ι
3119 1991 3182 2044 υί
3212 1991 3267 2043 δὲ
3311 1991 3372 2044 οὐ
3414 1991 3770 2061 παρεδέχοντο
3816 1991 3906 2044 διὰ

2346 2082 2405 2134 τὸ
2431 2082 2506 2152 μὴ
2528 2081 2783 2151 τοιαύτην
2815 2081 2960 2152 ἔχειν
2988 2082 3085 2152 τὴν
3101 2081 3428 2152 Ἐκκλησίαν
3458 2083 3778 2149 παράδοσιν,
3811 2082 3910 2134 καὶ

2349 2172 2588 2242 μάλιστὰ
2631 2191 2693 2240 γε
2738 2173 2831 2225 τοῦ
2863 2173 3066 2243 Κυρίου
3120 2175 3256 2244 πρὸς
3284 2172 3376 2226 τὸν
3404 2171 3711 2242 Νικόδημον
3749 2175 3909 2241 εἰρη-

2346 2266 2501 2329 κότος
2531 2266 2572 2299 ¹⁶
2604 2283 2622 2316 ι
2655 2264 2786 2318 Ἒὰν
2817 2265 2890 2334 μή
2920 2281 3005 2327 τις
3034 2265 3262 2336 γεννηθῇ
3295 2265 3352 2332 ἐξ
3376 2264 3564 2328 ὕδατος
3608 2263 3697 2318 καὶ
3734 2267 3909 2320 Πνεύ-

2351 2373 2537 2426 ματος,
2574 2357 2715 2428 (951))
2748 2357 2809 2408 οὐ
2856 2356 2930 2426 μὴ
2962 2350 3174 2428 είσέλθῃ
3205 2358 3286 2418 είς
3334 2359 3435 2429 τὴν
3478 2358 3754 2427 βασιλείαν
3799 2357 3916 2410 τῶν

2345 2449 2606 2518 ούρανῶν.
2649 2470 2667 2500 ι
2702 2450 2919 2503 Τούτων
2948 2450 3126 2503 τοίνυν
3169 2452 3260 2504 καὶ
3309 2452 3510 2523 ἑτέρων
3541 2452 3903 2521 λαληθέντων,

2348 2538 2491 2604 ἔδοξε
2548 2539 2627 2608 τῷ
2681 2542 2820 2610 ἁγίῳ
2873 2542 3132 2609 Διονυσίῳ
3179 2542 3541 2612 βαπτισθῆναι
3582 2545 3766 2606 αὑτὸν,
3812 2547 3908 2595 καὶ

2349 2628 2668 2690 ἀποστείλας
2701 2631 2863 2681 αὐτὸν
2885 2632 2964 2690 είς
2992 2629 3081 2682 τὸν
3101 2631 3375 2699 Ἰορδάνην
3404 2633 3649 2700 ποταμὸν
3681 2632 3910 2685 ἐϐάπτι-

2352 2731 2443 2768 σεν
2467 2732 2480 2746 ο
2519 2717 2608 2767 τὸν
2643 2717 2696 2767 δὲ
2726 2719 3173 2785 προδαπτίσαντα
3204 2721 3365 2773 αὑτὸν
3397 2721 3484 2773 διὰ
3523 2722 3621 2790 τῆς
3653 2721 3903 2792 ψάμμου,

2351 2805 2497 2869 ἄξιον
2546 2807 2704 2858 αὑτὸν
2769 2807 3116 2876 ὑπάρχοντα,
3172 2810 3419 2861 διάκονον
3476 2811 3904 2878 ἐχειροτόνησεν.

2351 2899 2588 2960 Εἰκότως
2638 2898 2730 2950 οὖν
2772 2899 2864 2950 καὶ
2907 2899 2934 2950 ό
2969 2900 3140 2967 μέγας
3180 2899 3482 2967 Γρηγάριος
3514 2901 3910 2968 ἀπαριθμήσας

2349 2989 2416 3041 τὰ
2450 2989 2800 3058 βαπτίσματα
2826 2988 2999 3041 πάντα
3023 2989 3184 3057 φησίν
3203 2990 3272 3020 ¹⁹·
3301 3009 3318 3040 ι
3352 2988 3642 3042 Ἐὅάπτισε
3666 2991 3911 3058 Μωῦσῆς

687 3080 744 3130 lit
770 3093 864 3146 per
905 3077 1220 3144 martyrium
1257 3085 1311 3126 et
1365 3075 1704 3141 sanguinem.
1742 3091 1757 3122 ι
1787 3100 1857 3110 ——
1883 3089 1901 3121 ι
1937 3069 2061 3124 Scio
2091 3071 2246 3138 quin-

2351 3079 2508 3149 (ἀλλ’)
2566 3081 2622 3130 ὲν
2659 3078 2860 3155 ’ὕδατα
2921 3079 3012 3130 καὶ
3070 3078 3172 3149 πρὸ
3228 3079 3416 3131 τούτου
3461 3080 3519 3132 ἐν
3571 3081 3765 3150 νεφέλῃ
3817 3082 3911 3150 καὶ,

688 3179 799 3220 tum
828 3167 1012 3226 etiam,
1044 3167 1423 3232 laerymarum.
1470 3180 1488 3212 ι
1533 3161 1721 3214 Merito
1754 3163 1916 3231 igitur
1963 3169 2016 3213 et
2051 3176 2240 3215 conve-

688 3257 1030 3313 nientissime
1089 3256 1189 3307 hoc
1231 3255 1491 3321 baptisma
1535 3267 1637 3304 non
1695 3252 2064 3304 admittebant.
2117 3251 2249 3315 Quis

689 3355 837 3406 enim
863 3360 992 3403 tunc
1013 3346 1325 3415 baptizavit,
1346 3354 1400 3396 ut
1425 3345 1635 3396 ﬁrmum
1655 3352 1708 3395 et
1729 3342 1969 3395 divinum
1987 3343 2251 3409 baptisma

690 3442 1026 3500 sanciretur?
1053 3437 1281 3493 Ubinam
1340 3444 1466 3490 sunt
1513 3449 1657 3487 nunc
1688 3434 1930 3496 dicentes
1970 3432 2253 3486 Steculares

689 3536 948 3605 quosdam
980 3542 1032 3586 et
1062 3529 1315 3584 mulieres
1345 3527 1637 3594 aliquando
1659 3526 1981 3592 baptizasse,
2019 3525 2253 3577 necessi-
2316 3546 2322 3552 -

690 3636 797 3680 tate
828 3631 1077 3692 cogente,
1116 3622 1264 3674 nullo
1312 3628 1573 3688 praesente
1615 3615 1916 3679 sacerdote,
1972 3627 2024 3667 et
2054 3618 2119 3669 dc
2155 3615 2250 3667 ba-

690 3722 888 3788 ptismo
919 3717 1100 3770 divino
1155 3723 1208 3766 et
1247 3711 1486 3781 perfecto
1534 3726 1657 3764 cum
1719 3708 2057 3777 praesbytcris
2121 3707 2254 3776 ipsis

690 3809 1101 3871 contendentes,
1161 3817 1254 3858 aut
1304 3804 1486 3873 potius
1534 3800 1867 3853 insanientes
1915 3807 1968 3852 et
2007 3798 2254 3866 blasphe-

691 3915 903 3956 niautes
946 3901 1012 3952 ob
1061 3909 1312 3964 magnam
1367 3893 1728 3961 ignorantiam
1769 3898 1823 3943 et
1876 3891 2252 3958 pertinaciam,

694 4009 901 4047 sacram
937 3991 1308 4057 apostolorum
1338 3984 1675 4052 disciplinam
1701 3995 1752 4037 et
1783 3991 2108 4051 praeceptum
2146 3996 2252 4033 non

694 4086 974 4137 audientes
1027 4081 1298 4135 dicentia:
1337 4099 1352 4130 ι
1390 4077 1509 4132 Non
1546 4078 1908 4146 permittimus
1967 4075 2107 4129 laico
2158 4074 2256 4126 ali-

696 4177 838 4242 quod
884 4175 1221 4238 sacerdotale
1280 4189 1476 4226 munus
1529 4184 1801 4234 exercere,
1858 4179 1913 4222 ut
1969 4167 2252 4227 sacrificia,

695 4279 785 4322 aut
812 4268 1096 4335 baptisma,
1133 4277 1224 4320 aut
1263 4257 1523 4325 manuum
1576 4262 2000 4330 impositionem,
2033 4269 2127 4310 aut
2162 4260 2257 4310 bc-

695 4362 1055 4414 nedictionem
1129 4363 1242 4412 sive
1299 4372 1541 4426 parvam,
1599 4355 1712 4405 sive
1780 4365 2055 4416 magnam;
2101 4368 2117 4398 ι
2183 4356 2254 4409 et,

2354 3167 2454 3237 (ἐν)
2506 3167 2551 3198 ιο
2610 3167 2872 3236 θαλάσση,
2933 3185 2951 3216 ι
2995 3196 3063 3206 --
3119 3185 3136 3216 ι
3185 3166 3480 3220 Ἐὗάπτισε
3509 3170 3907 3241 καὶίωάννης.

2353 3260 2530 3313 οὐκέτι
2566 3261 2662 3329 μὲν
2692 3260 2974 3322 ίουδαϊκῶς
2999 3277 3012 3291 ο
3045 3261 3104 3312 οὐ
3137 3262 3243 3330 γὰρ
3284 3262 3339 3313 ὲν
3373 3262 3524 3314 ὕδατι
3561 3261 3744 3331 μόνον,
3777 3263 3914 3316 ἀλλὰ

2354 3352 2447 3402 καὶ
2481 3353 2557 3412 είς
2611 3354 2919 3420 μετάνοιαν.
2976 3371 2992 3403 ι
3037 3382 3099 3394 -
3153 3371 3172 3403 ι
3227 3353 3486 3418 Βαπτίζει
3537 3356 3631 3408 καὶ
3682 3356 3911 3424 Ἰησοῦς,

2357 3439 2469 3490 ἀλλ’
2500 3441 2556 3492 ἐν
2594 3443 2898 3509 Πνεύματι·
2945 3444 3103 3496 τοῦτο
3139 3445 3170 3514 ἡ
3225 3444 3518 3515 τελειότης.
3567 3464 3585 3497 ι
3618 3476 3687 3486 -
3722 3467 3740 3497 ι
3783 3442 3916 3500 Οἶδα

2356 3529 2412 3581 δὲ
2450 3531 2538 3580 καὶ
2590 3531 2845 3598 τέταρτον
2893 3532 3191 3601 βάπτισμα,
3226 3536 3284 3586 τὸ
3322 3537 3409 3588 διὰ
3469 3538 3771 3606 μαρτυρίου
3816 3540 3916 3591 καὶ

2356 3619 2586 3684 αἵματος
2610 3636 2620 3647 ·
2658 3636 2675 3668 ι
2713 3647 2750 3657 —-
2784 3637 2801 3669 ι
2837 3616 2952 3669 οἶδα
2977 3622 3066 3671 καὶ
3091 3627 3128 3669 ε’
3154 3621 3298 3688 (ἔτι),
3332 3624 3390 3672 τὸ
3418 3624 3502 3674 διὰ
3525 3626 3772 3691 δακρύων
3791 3626 3856 3678 ¹¹,
3893 3645 3912 3676 ι

2355 3709 2634 3763 -Ούκοῦν
2668 3711 2825 3780 357
2874 3711 3094 3771 δικαίως
3130 3711 3190 3761 ού
3249 3711 3614 3779 παρεδέξαντο
3663 3716 3756 3766 καὶ
3790 3717 3918 3769 λίαν

2356 3804 2627 3873 ἁρμοδίως
2662 3805 2838 3855 ἐκεῖνο
2882 3803 2942 3854 τὸ
2979 3803 3280 3872 βάπτισμα.
3310 3804 3490 3872 (Ποῖον
3533 3807 3639 3873 γὰρ
3682 3807 3919 3859 ἐνταῦθα

2357 3896 2704 3959 ἐϐαπτίσατο,
2736 3896 2821 3948 ἵνα
2849 3895 2921 3956 ὡς
2953 3894 3169 3962 βέὅαιον
3207 3895 3297 3948 καὶ
3331 3895 3473 3947 θεῖον
3515 3897 3769 3966 κυρωθῇς
3805 3898 3922 3950 Ποῦ

2359 3987 2449 4038 νῦν
2475 3989 2610 4037 εἰσιν
2645 3987 2691 4035 οἱ
2720 3985 3014 4054 κοσμικούς
3043 4003 3192 4047 τινας
3228 3987 3320 4038 καὶ
3353 3989 3613 4054 γυναῖκας
3663 3987 3920 4054 λέγοντες

2362 4074 2619 4142 βαπτίσαι
2671 4074 2800 4124 ’ποτὲ¹
2857 4074 2996 4124 κατὰ
3048 4075 3386 4142 περίστασιν,
3418 4075 3491 4144 μὴ
3534 4075 3796 4142 παρόντος
3839 4078 3922 4126 ls-

2365 4171 2520 4239 ρέως,
2550 4169 2644 4220 καὶ
2683 4170 2762 4220 εἰς
2825 4167 3104 4235 βάπτισμα
3155 4168 3296 4220 θεῖον
3342 4169 3436 4221 καὶ
3486 4170 3685 4221 τέλειον
3733 4171 3960 4232 αὐτοῖς’

2363 4257 2810 4326 φιλονεικοῦντες,
2876 4257 3074 4321 μᾶλλον
3133 4257 3191 4308 δὲ
3268 4259 3745 4326 τερατολογοῦντες
3826 4264 3928 4312 καὶ

2369 4348 2812 4418 βλασφημοῦντες
2837 4350 2899 4398 ἐκ
2930 4347 3126 4414 πολλῆς
3166 4349 3438 4412 ἀγνωσίας
3473 4351 3567 4402 καὶ
3607 4352 3926 4414 αὐθαδείας,

701 4470 718 4502 ι
762 4451 927 4503 Nemo
973 4452 1204 4503 assumit
1253 4449 1354 4500 sibi
1385 4447 1696 4511 “honorem,
1731 4442 1821 4494 scd
1854 4441 1942 4507 qui
1981 4449 2199 4492 vocatur
2231 4455 2258 4491 a

2370 4441 2500 4509 μηδὲ
2549 4439 2645 4506 τῆς
2695 4439 2843 4506 ἱερᾶς
2894 4437 3000 4488 τῶν
3063 4438 3371 4501 ἀποστόλων
3425 4438 3770 4504 διδασκαλίας
3811 4446 3928 4507 ,καὶ

700 4538 849 4602 Deo;
897 4539 1093 4590 etenim
1157 4551 1248 4603 per
1291 4534 1692 4601 impositionem
1742 4545 1998 4584 manuum
2025 4529 2260 4597 episcopi

701 4631 858 4681 datur
914 4629 1030 4681 inec
1078 4628 1332 4692 dignitas.
1367 4625 1417 4678 ls
1448 4637 1624 4677 autem
1669 4626 1754 4676 cui
1803 4625 1917 4690 ipsa
1959 4639 2065 4675 non
2122 4636 2264 4675 com-

703 4721 866 4773 missa
907 4718 1088 4776 fuerit,
1119 4718 1209 4768 sed
1241 4716 1331 4783 qui
1368 4717 1602 4783 rapuerit
1632 4725 1685 4768 et
1723 4716 1821 4768 sibi
1851 4730 1968 4766 eam
2018 4713 2264 4781 subiece-

700 4814 791 4880 ιιι,
847 4815 1125 4876 peccatum
1168 4815 1218 4858 et
1249 4821 1457 4874 pmnam
1488 4806 1660 4859 Saulis
1691 4812 1742 4858 et
1773 4803 1915 4879 Ozize
1944 4807 2197 4857 incurret.
2239 4821 2255 4852 ι

702 4898 1049 4964 Nequaquam
1113 4912 1262 4959 sane,
1303 4915 1318 4946 ι
1356 4898 1445 4950 sed
1473 4912 1539 4948 ne
1571 4895 1782 4948 caeteris
1812 4895 2028 4961 quidem
2054 4893 2263 4945 clericis

704 4990 975 5057 baptizare
1011 4989 1392 5056 permittimus,
1438 4985 1682 5038 diaconis
1715 4986 1920 5038 scilicet
1953 4993 2051 5036 aut
2097 4983 2264 5035 lecto-

704 5084 874 5146 ribus,
912 5093 999 5134 aut
1035 5081 1366 5141 cautoaib'us,
1411 5087 1501 5131 aut
1538 5079 1823 5141 ministris,
1868 5077 1958 5131 sed
1989 5075 2117 5129 solis
2152 5074 2266 5142 epi-

704 5175 883 5243 scopis
917 5185 968 5228 ct
1008 5159 1366 5242 presbyteris,
1399 5169 1838 5223 ministrantibus
1877 5169 1956 5222 eis
2002 5167 2265 5222 diaconis.

2367 4531 2738 4600 παραγγελίας
2797 4528 3079 4589 ἀκούοντες
3138 4530 3235 4596 τῆς
3290 4528 3549 4598 λέγουσης
3603 4532 3676 4560 "'
3735 4550 3753 4580 ι
3808 4535 3928 4585 Οὐκ

2365 4623 2729 4690 ἐπιτρέπομεν
2776 4618 2959 4669 λα’ίκὺν
2994 4618 3166 4668 ποιεῖν
3209 4633 3260 4667 τι
3312 4616 3418 4669 τῶν
3475 4617 3781 4684 ίερατικῶν,
3812 4614 3930 4669 οῗον

2366 4711 2574 4770 θυσίας,
2636 4710 2666 4777 ἢ
2724 4708 3025 4776 βάπτισμα,
3087 4705 3119 4775 ἢ
3175 4705 3532 4776 χειροθεσίαν,
3583 4706 3616 4776 ἢ
3679 4705 3930 4772 εὐλογίαν

2370 4803 2569 4872 μικρὶιν
2609 4802 2640 4870 ἢ
2678 4801 2916 4869 μεγάλην
2944 4815 2955 4828 ο
2997 4820 3011 4848 ι
3051 4799 3174 4850 καί·
3221 4818 3238 4849 ι
3287 4800 3396 4867 Οὐχ
3432 4798 3609 4865 ἑαυτῴ
3656 4815 3744 4870 τις,
3782 4799 3926 4864 λαμ-

2367 4896 2516 4946 ϐάνει
2562 4894 2659 4961 τὴν
2707 4894 2892 4959 τιμὴν,
2949 4891 3080 4942 ἀλλὰ
3113 4890 3440 4957 καλούμενος
3489 4891 3593 4940 ὑπὸ
3625 4888 3758 4942 Θεοῦ
3783 4905 3796 4916 ·
3826 4890 3918 4943 διὰ

2367 4987 2475 5052 γὰρ
2539 4984 2635 5052 τῆς
2695 4982 2988 5043 ἐπιθέσεως
3046 4982 3153 5031 τῶν
3211 4982 3410 5051 χειρῶν
3476 4980 3568 5032 τοῦ
3618 4984 3925 5034 ἐπισκόπου

2367 5075 2562 5126 δίδοται
2604 5076 2636 5144 ἡ
2671 5075 2893 5143 τοιαύτη
2937 5073 3083 5136 ἀξία.
3121 5074 3180 5124 ’0
3209 5075 3263 5125 δὲ
3296 5073 3371 5143 μὴ
3401 5073 3761 5153 ἐγχειρισθεὶς
3790 5075 3929 5126 ταῦ-

2368 5183 2486 5235 την,
2521 5167 2631 5218 ἀλλ’
2668 5167 2921 5236 ἁρπάσας
2969 5165 3061 5215 καὶ
3112 5167 3452 5234 τυραννήσας
3500 5163 3674 5233 αὐτὴν
3724 5165 3929 5234 ἑαυτῷ,

1881 5328 2410 5389 Varimlecliones
2456 5337 2514 5388 et
2559 5337 2746 5388 notae.

776 5477 819 5508 ”
839 5477 1180 5546 γενομένωνῖ

713 5619 751 5642 ³⁵
785 5618 874 5664 Ut.
905 5617 989 5674 59,
1028 5616 1128 5666 (334
1157 5617 1215 5666 C.

1294 5616 1336 5642 ²⁰
1368 5618 1429 5679 τῇ
1461 5614 1582 5666 add.
1612 5613 1730 5664 trod.

1285 5477 1323 5508 ¹⁵
1353 5477 1575 5543 ἐπέχεεν
1644 5471 1732 5522 ἐπὶ
1764 5472 1857 5541 τὴν
1922 5475 2159 5542 κεφαλὴν
2209 5475 2388 5541 τρίτον
2444 5473 2614 5537 λέγων
2661 5472 2802 5522 (ἱρά.

709 5538 860 5596 πὲῖα
907 5538 1180 5597 Διονυσίου
1231 5538 1526 5612 γενομένης
1571 5546 1694 5608 περὶ
1726 5538 1911 5593 τούτου
1945 5538 2074 5595 ϐοά.
2109 5538 2177 5582 ξο-
2238 5538 2629 5611 διηγησάμενοι
2680 5570 2750 5581 --
2810 5538 3250 5612 ἐκθαμδήσαντες
3309 5543 3427 5596 cod.

1810 5613 1849 5642 “
1903 5615 1980 5662 ‘U.
2024 5615 2113 5662 καί
2151 5612 2242 5663 Gr.
2289 5617 2361 5662 ‘U.
2390 5607 2446 5664 783'
2482 5607 2607 5664 'rml.
2643 5619 2680 5662 ε’
2707 5613 2782 5660 ἔτι
2806 5607 2909 5659 τῶν
2940 5613 2985 5661 ὀ.
3012 5610 3102 5663 Gr.
3135 5619 3169 5662 ε’
3202 5612 3258 5660 τὸ
3281 5610 3385 5662 τῶν
3404 5612 3450 5665 δ.
3481 5612 3609 5669 Ced.

2911 5471 2950 5499 ”
2980 5468 3083 5522 αὖῖ
3178 5474 3218 5504 ’⁷
3256 5473 3598 5541 συζητήσεως
3645 5477 3797 5543 παρὰ
3840 5478 3937 5530 1.5

2911 5540 3250 5596 αμδήσαντες
3309 5543 3427 5596 cod.
3509 5543 3550 5575 “
3579 5540 3737 5596 Joan.
3768 5562 3851 5596 ιιι.
3880 5548 3934 5596 5.

3611 5557 3737 5597 oan.
3768 5562 3851 5606 ιιι,
3880 5548 3934 5599 5.

3688 5615 3735 5645 ²¹
3765 5616 3939 5667 Τοῦτο

711 5683 922 5748 εἴρηται
975 5690 1028 5733 εν
1059 5684 1130 5749 τῷ
1172 5683 1216 5746 γ’
1257 5682 1442 5750 βιϐλίῳ
1477 5686 1580 5737 τῶν
1607 5681 1979 5735 ἀποστολικών
2019 5683 2343 5747 Δια-τάξεων.
2390 5687 2446 5738 L2.
2488 5685 2544 5735 l0
2575 5694 2625 5737 et
2665 5683 2746 5733 ll.
