4160 6312
778 312 881 377 723

1955 313 2290 373 .GEORGU
2338 313 2549 373 ΗΑΜΑ
2562 314 2787 376 RTOLI

3912 312 4014 376 724

840 429 1182 485 Theodosius
1225 430 1579 485 nihilominus
1632 432 2003 501 indignatione
2052 446 2346 486 succensus

2520 432 2565 463 η
2598 434 2708 502 (19)
2752 433 3029 496 Θεοδόσιος
3060 435 3116 487 δὲ
3164 436 3315 487 οὐδὲν
3341 429 3504 505 ἦττον
3560 433 3825 502 ἀναφθεὶς
3873 434 4012 488 ὅπλα

770 524 1031 578 adversus
1065 521 1361 591 Eugenium
1419 524 1471 577 in
1509 524 1651 578 illius
1687 525 1865 579 locum
1898 526 2252 578 constitutum
2286 523 2339 576 in

772 614 1059 669 vindictam
1108 632 1258 669 arma
1306 617 1591 685 corripuit,
1627 617 1729 670 hac
1774 616 2041 671 sententia
2075 632 2104 668 a
2133 613 2342 668 Joanne

771 708 1037 759 monacho
1068 704 1286 775 Egypti
1351 708 1601 761 solitario
1641 719 1887 777 accepta.
1926 707 2028 761 Iste
2063 706 2205 760 enim
2256 705 2342 759 di—

773 797 928 850 vinus
962 796 1039 849 vir
1092 800 1497 865 nonagenarius
1532 799 1598 852 ad
1630 809 1834 852 tantam
1869 804 2187 866 peavenerat
2215 805 2344 850 teta-

772 900 877 940 tem
914 889 1063 942 solus
1094 903 1439 959 permanens,
1472 905 1646 956 neque
1688 891 1754 944 de
1798 890 1992 943 cellula
2036 890 2341 958 egrediens,

771 994 942 1047 neque
964 979 1125 1032 alium
1150 964 1316 1033 intus
1356 980 1645 1048 recipiens;
1671 996 1762 1045 per
1800 979 2163 1034 fenestrellam
2197 979 2339 1033 enim

770 1078 977 1123 tantum
1016 1066 1391 1124 'benedicebat
1452 1080 1506 1124 et
1550 1072 1849 1140 accipiebat
1901 1087 1996 1124 eos
2054 1072 2146 1167 qui
2200 1071 2342 1137 apud

769 1176 944 1229 ipsum
983 1160 1377 1225 devcniebant;
1424 1177 1531 1215 non
1566 1171 1746 1214 autem
1785 1162 1935 1213 omni
1980 1160 2090 1219 die;
2134 1160 2225 1213 sed
2259 1161 2343 1213 bis

769 1252 821 1303 iu
862 1252 1221 1317 hebdomade,
1268 1252 1507 1306 Sabbato
1534 1262 1584 1305 et
1624 1251 1904 1304 Dominica
1944 1250 2203 1305 :cazteris
2251 1265 2345 1303 au-

770 1355 874 1396 tem
907 1345 1100 1398 diebus
1150 1359 1257 1397 non
1295 1360 1353 1397 se
1399 1344 1566 1397 videri
1609 1343 1822 1396 sinebat
1855 1342 1947 1395 ulli
1990 1342 2215 1405 homini»,
2251 1342 2344 1395 sed

772 1436 1010 1504 iejuniis,
1054 1436 1248 1505 vigiliis
1284 1452 1345 1489 ac
1394 1436 1733 1489 orationibus
1764 1436 2012 1489 vacabat.
2059 1436 2127 1490 Et
2166 1435 2345 1489 videre

772 1537 890 1580 erat
917 1529 1133 1582 beatum
1167 1538 1335 1583 totum
1368 1544 1591 1597 corpore
1630 1537 1847 1597 propter
1894 1542 2133 1582 severam
2181 1526 2344 1580 disci-

774 1619 973 1685 plinam
1002 1631 1393 1676 extenuatum:
1447 1620 1582 1673 nihil
1631 1621 1775 1674 enim
1825 1620 1969 1674 aliud
2002 1634 2163 1688 quam
2199 1620 2342 1687 legu-

774 1710 918 1763 mina
945 1725 1251 1781 pancosque
1274 1710 1486 1766 fructus
1518 1721 1639 1779 post
1666 1712 1798 1766 solis
1827 1726 2083 1767 occasum
2114 1710 2345 1765 mandu-

771 1802 969 1857 cabat:
1005 1818 1129 1857 nam
1173 1804 1240 1857 de
1286 1818 1445 1872 pane,
1493 1802 1640 1866 vino,
1678 1802 1820 1865 oleo,
1858 1812 1912 1879 et
1972 1802 2184 1857 caeteris
2225 1816 2346 1871 quae

772 1894 824 1947 iu
884 1893 1004 1949 foco
1051 1894 1275 1948 ardente
1326 1903 1636 1964 coquuntur
1690 1894 1837 1963 loqui
1904 1893 2344 1962 supersedemus.

779 1983 871 2039 llis
927 1993 980 2039 et
1052 1985 1249 2040 talibus
1316 1985 1516 2040 divinis
1584 1985 1860 2039 exercitiis
1929 1993 2140 2039 noctem
2203 1982 2347 2037 dies-

771 2092 875 2145 que
912 2092 1243 2132 consumens
1275 2086 1498 2131 sanctus
1552 2077 1766 2131 celeber
1816 2076 2084 2129 evadebat
2136 2082 2189 2128 et
2220 2089 2345 2143 pro-

773 2169 965 2235 phetiae
1005 2168 1148 2222 dono
1180 2169 1508 2237 replebatur,
1568 2169 1937 2238 praenuntians
1972 2178 2085 2220 tum
2134 2162 2343 2228 futura,

775 2270 885 2311 tum
934 2260 1233 2329 unicuique
1285 2260 1601 2314 abscondite
1652 2260 1792 2315 facta
1827 2260 1913 2314 vel
1965 2260 2220 2329 cogitata.
2274 2258 2348 2314 De

775 2349 897 2404 Nilo
924 2367 1052 2404 vero
1088 2362 1140 2405 et
1168 2354 1235 2405 de
1272 2351 1567 2406 fertilitatis
1601 2353 1721 2420 ejus
1754 2361 1848 2406 aut
1880 2353 2186 2407 sterilitatis
2210 2360 2346 2405 tem-

776 2456 903 2507 pore
950 2442 1125 2495 minas
1168 2453 1259 2495 aut
1297 2443 1457 2495 aliam
1502 2459 1530 2495 a
1563 2443 1669 2495 Deo
1704 2454 2154 2510 superventuram
2189 2443 2347 2509 puni—

777 2531 979 2584 tionem
1012 2531 1335 2600 praedicebat
1364 2540 1417 2584 ct
1449 2542 1762 2600 peccatores
1788 2533 1958 2587 libere
1988 2534 2347 2602 redarguebat

777 2620 882 2676 Sed
944 2622 1073 2690 quid
1132 2622 1297 2675 multa
1343 2621 1926 2696 limpossibileenim
1982 2633 2067 2678 est
2127 2638 2190 2677 os
2255 2631 2349 2676 aut

776 2723 1009 2766 mentem
1062 2712 1342 2766 hominum
1400 2728 1688 2768 numerare
1730 2713 2061 2768 mirabilium
2121 2715 2241 2782 ejus
2284 2729 2348 2768 ac

774 2804 1031 2857 virtutum
1060 2818 1348 2858 oceanum.
1382 2804 1460 2857 A'd
1488 2805 1636 2859 hunc
1677 2804 1841 2876 igitur
1871 2805 2020 2860 misit
2048 2821 2141 2860 rex
2170 2805 2348 2861 Theo-

774 2895 960 2950 dosius
1007 2894 1072 2948 ad
1120 2896 1497 2950 adducendum
1547 2910 1695 2958 eum,
1747 2896 2045 2965 deprecans
2094 2906 2145 2950 et
2193 2895 2350 2952 obse-

776 3000 959 3047 crans,
1010 2994 1070 3039 ut
1110 2987 1449 3040 orationibus
1488 2988 1609 3054 ejus
1656 2989 1900 3044 munitus
1939 3003 2175 3058 pugnam
2219 3003 2343 3043 cum

2446 524 2589 576 κατὰ
2628 524 2890 591 Εὐγενίου
2930 525 3024 578 τοῦ
3054 528 3133 589 είς
3162 526 3253 580 τὸν
3286 525 3447 579 τόπον
3502 525 3670 578 αὐτοῦ
3708 526 4016 579 καταστάν-

2443 634 2534 679 τος
2563 617 2643 677 είς
2694 617 2973 687 ἐκδίκησιν
3026 619 3270 688 ἥρπασε,
3316 619 3413 687 τὴν
3442 616 3636 671 τούτου
3664 616 3894 685 γνώμην
3931 618 4016 669 διὰ

2446 707 2691 760 Ἰωάννου
2714 709 2949 779 μοναχοῢ
2980 708 3291 779 ἠσυχαστοῦ
3330 707 3628 775 Αἰγυπτίου
3653 705 4011 776 μεμαθηκώς.

2456 798 2515 850 '0
2546 799 2651 867 γάρ
2683 815 2766 852 τοι
2799 798 2944 862 θεῖος
2988 795 3142 862 οὗτος
3172 799 3310 870 ἀνὴρ
3341 799 3795 867 ὲνενηκονταετὴς
3838 798 4013 849 eam

2444 887 2542 957 τὴν
2570 890 2783 958 ἡλικίαν
2809 893 2865 942 ὲν
2898 876 3150 960 σπηλαίῴ
3178 889 3445 958 κατέμενε
3478 891 3659 956 μόνος,
3696 890 3836 959 μήτε
3855 888 4011 950 αὐτὸς

2446 978 2802 1048 ἐξερχόμενος
2843 982 2941 1050 τῆς
2985 982 3203 1051 κέλλης,
3236 981 3374 1052 μήτε
3431 980 3589 1033 ἄλλον
3641 979 4014 1049 εἰσδεχόμενος

2445 1072 2592 1123 ἔνδον
2614 1089 2629 1103 θ
2656 1074 2876 1141 ηὐλόγει
2907 1074 3017 1144 γάρ
3051 1076 3212 1144 μόνον
3239 1074 3327 1129 διὰ
3360 1073 3575 1143 θυρίδος
3615 1075 3711 1126 zeal.
3738 1072 4016 1142 ἠσπάζετο

2445 1159 2570 1221 τοὺς
2600 1161 2734 1229 πρὸς
2760 1162 2923 1214 αὐτὸν
2948 1164 3393 1231 παραϐάλλοντας
3421 1180 3434 1194 ⁸
3461 1162 3553 1216 καὶ
3576 1163 3801 1226 τούτους
3828 1164 3889 1216 οὐ
3906 1165 4014 1218 δια-

2449 1251 2671 1315 παντὸς,
2705 1252 2842 1305 άλλά
2891 1253 2972 1317 δὶς
3025 1257 3070 1289 ⁸⁸
3109 1258 3209 1324 τῆς
3246 1257 3562 1325 ἑϐδομάδος,
3614 1258 3887 1327 Σαϐϐάτῳ
3927 1260 4012 1310 καὶ

2447 1339 2700 1410 Κυριακῇ
2728 1358 2740 1369 ·
2772 1342 2873 1405 τὰς
2918 1344 2975 1395 δὲ
3004 1346 3215 1409 λοιπὰς
3250 1347 3465 1418 ἡμέρας
3509 1350 3771 1417 ἀπρόῖτος
3805 1348 4013 1418 ὑπῆρχε

2448 1432 2610 1482 παντὶ
2634 1432 2926 1503 ἀνθρώπῳ,
2951 1437 3231 1505 νηστείαις
3260 1439 3351 1490 καὶ
3385 1440 3718 1508 ἀγρυπνίαις
3744 1442 3839 1493 καὶ
3861 1455 4017 1508 προσο

2446 1526 2634 1592 εὐχαῖς
2692 1524 3002 1593 σχολάζων.
3033 1529 3141 1581 Καὶ
3188 1526 3256 1599 ἦν
3307 1531 3435 1584 ίδετν
3472 1548 3562 1583 1w
3600 1532 3876 1599 μακάριον
3904 1531 4016 1583 ὅλον

2445 1611 2584 1670 εἷναι
2620 1617 3023 1688 ὲκτετηγμένον
3048 1621 3127 1687 τῷ
3158 1621 3372 1688 σώματι
3394 1624 3461 1676 δι’
3485 1625 3661 1691 ἄκραν
3695 1622 4015 1693 σκληραγωι

2448 1704 2572 1771 γίαν
2596 1722 2611 1736 ο
2638 1708 2733 1760 καὶ
2767 1708 2877 1778 γὰρ
2932 1710 3121 1779 ἧσθιεν
3173 1713 3328 1766 οὐδὲν
3382 1714 3570 1783 ἕτερον
3605 1715 3637 1784 ἢ
3687 1715 3902 1785 λάχανα
3928 1717 4015 1766 καὶ

2446 1794 2629 1862 ὀλίγας
2678 1797 2897 1875 ὀπώρας
2934 1801 3115 1870 (H75)
3154 1802 3294 1870 μετά
3325 1804 3477 1856 δύσιν
3532 1806 3711 1873 ἡλίου·
3748 1809 3882 1873 περὶ
3916 1808 4014 1874 γὰρ

2448 1886 2614 1956 ἄρτου
2640 1890 2784 1942 οῐνου
2812 1906 2871 1941 τε
2904 1894 2998 1943 καὶ
3041 1892 3223 1945 ἐλαίου
3254 1894 3348 1947 καὶ
3391 1896 3499 1948 τῶν
3546 1895 3753 1949 λοιπῶν
3792 1899 3897 1951 ὅσα
3937 1898 4015 1949 διὰ

2449 1978 2619 2047 πυρὸς
2664 1979 2776 2049 ἔχει
2812 1979 2911 2050 τὴν
2956 1981 3176 2052 χρῆσιν,
3209 1984 3462 2052 περιττόν
3499 1987 3618 2037 ἐστι
3669 1989 3766 2040 καὶ
3820 1987 4018 2055 λέγειν.

2449 2072 2671 2135 Τούτοις
2702 2076 2796 2127 καὶ
2825 2076 2940 2137 τοῖς
2976 2076 3240 2139 τοιούτοις
3276 2078 3440 2142 θείοις
3478 2079 3879 2149 κατορθώμασι
3914 2080 4022 2132 δια.

2449 2165 2787 2232 νυκτερεύων
2832 2166 2927 2219 καὶ
2965 2165 3307 2238 διημερεύων
3338 2168 3499 2241 48⁸1
3532 2172 3558 2223 ὁ
3607 2171 3754 2233 ὅσιος
3801 2171 4020 2240 ἔκδηλος

2446 2256 2666 2323 ἐγένετο
2685 2259 2779 2311 καὶ
2798 2259 3158 2330 προφητικῶν
3175 2262 3532 2332 χαρισμάτων
3554 2262 3833 2331 ἔμπλεως,
3890 2280 4017 2334 προ-

2450 2350 2731 2418 σημαίνων
2754 2349 2865 2402 ἐσθ’
2887 2353 2976 2404 ὅτε
3008 2353 3074 2404 τὰ
3104 2352 3366 2421 μέλλοντα
3406 2354 3501 2405 καὶ
3530 2355 3596 2406 τὰ
3618 2357 3869 2422 κρυφίως
3898 2356 4019 2408 sxa-

2450 2458 2559 2510 στῳ
2578 2443 2941 2512 πεπραγμένα
2959 2444 3051 2497 καὶ
3068 2444 3275 2497 διανοού
3285 2461 3438 2513 μενα.
3452 2446 3559 2498 Καὶ
3581 2446 3765 2513 μέντοι
3781 2446 3879 2496 καὶ
3898 2446 4018 2512 περὶ

2436 2532 2542 2584 ,τοῦ
2577 2533 2772 2586 Νείλου
2804 2534 2896 2587 καὶ
2924 2535 3023 2603 τῆς
3055 2534 3315 2604 εὐφορίας
3357 2534 3549 2597 αὐτοῦ,
3593 2535 3625 2603 ἢ
3660 2536 3756 2587 καὶ
3788 2533 4019 2603 ἀφορίας

2450 2620 2542 2672 τοῦ
2574 2621 2854 2690 χρόνου,ἢ
2891 2620 3142 2692 ἀπειλὴν,
3189 2624 3221 2693 ἢ
3266 2622 3459 2690 ἑτέραν
3510 2623 3847 2694 ἐπέρχεσθαι
3898 2622 4019 2691 μέλ·

2450 2708 2646 2763 λουσαν
2670 2713 2819 2780 παρὰ
2842 2712 2979 2765 Θεοῦ
3002 2714 3049 2746 ⁸³
3084 2713 3428 2784 προηγόρευε
3460 2717 3555 2767 καὶ
3598 2716 3722 2776 τοὺς
3771 2714 4021 2785 ἁμαρτά-

2451 2816 2639 2861 νοντας
2674 2802 2960 2873 παρρησίᾳ
3013 2803 3319 2872 διήλεγχεν.
3354 2805 3464 2857 Καὶ
3488 2804 3540 2855 τί
3570 2804 3633 2872 δὴ
3662 2804 3707 2835 ⁸³
3736 2803 3911 2855 πολλά
3936 2804 4022 2854 λέ-

2451 2909 2607 2960 γειν;
2635 2891 2895 2945 ἀδυνατεῖ
2921 2894 3029 2962 γὰρ
3085 2895 3255 2961 στόμα
3287 2894 3381 2945 καὶ
3415 2895 3540 2956 νοῦς
3567 2894 3873 2961 ἀνθρώπων
3906 2893 4021 2961 ἀριο

2451 2984 2610 3052 θμεῖν
2648 2982 2756 3035 τῶν
2790 2981 3085 3050 θαυμάτων
3118 2982 3282 3035 αὐτοῦ
3326 2982 3359 3053 ἢ
3407 2983 3516 3035 τῶν
3565 2984 3777 3051 ἀρετῶν
3813 2982 3877 3035 τδ
3924 2984 4020 3036 πέ-

750 3073 1103 3135 adversariis
1166 3076 1447 3143 inciperet.
1521 3078 1614 3131 llle
1702 3092 1831 3131 vero
1884 3081 2223 3147 praesentiam
2276 3081 2347 3136 oh

2453 3074 2638 3142 λαγος.
2675 3071 2818 3143 Πρὸς
2845 3071 3032 3125 τοῦτον
3085 3070 3179 3123 οὖν
3208 3062 3306 3124 ’τὸν
3356 3071 3616 3140 θεοφόρον
3646 3071 3968 3123 ἀπέστειλεν
3998 3073 4026 3123 ὁ

778 3166 1091 3234 religionem
1158 3166 1470 3229 recusavit,
1554 3168 1647 3220 sed
1710 3182 1869 3235 prece
1951 3170 2121 3233 facta,
2185 3187 2346 3240 super

778 3255 969 3311 baculo
1002 3269 1106 3323 quo
1157 3253 1427 3308 nitebatur
1458 3261 1511 3305 et
1534 3256 1732 3307 amictu
1764 3270 1873 3323 quo
1896 3256 2093 3309 collum
2117 3259 2349 3311 circum-

778 3332 960 3407 dabat,
1002 3344 1115 3397 haec
1157 3343 1221 3395 ad
1266 3342 1441 3412 ipsum
1488 3343 1653 3405 misit,
1704 3344 2054 3408 denuntians,
2100 3354 2158 3397 ut
2208 3346 2343 3398 ami-

777 3444 924 3491 ctum
978 3448 1075 3502 pro
1119 3434 1267 3503 galea
1306 3448 1468 3503 super
1517 3442 1680 3500 caput
1728 3434 2001 3499 indueret,
2051 3422 2103 3488 et
2154 3434 2348 3488 baculo

779 3541 875 3594 pro
912 3527 1098 3581 lancea
1143 3526 1362 3581 dextera
1404 3542 1566 3580 manu
1616 3536 1858 3581 uteretur
1888 3536 1939 3580 et
1978 3527 2191 3596 primus
2224 3536 2349 3583 ante

778 3619 1071 3673 exercitum
1118 3619 1456 3687 procederet.
1502 3617 1614 3672 Rex
1643 3630 1823 3674 autem
1867 3619 2229 3684 Theodosius,
2264 3619 2349 3675 his

778 3726 807 3761 a
842 3720 1031 3762 sancto
1068 3710 1249 3763 missis
1286 3711 1369 3777 pie
1399 3708 1735 3777 ﬁdeliterque
1766 3711 2022 3779 acceptis,
2049 3711 2116 3765 ad
2149 3710 2347 3765 bellum

779 3816 838 3854 se
863 3801 1107 3870 parabat,
1148 3817 1252 3854 non
1286 3810 1393 3853 tam
1422 3816 1719 3864 armorum,
1758 3801 2064 3867 jaculorum
2108 3811 2161 3855 et
2203 3804 2348 3857 mili-

781 3904 891 3946 tum
921 3892 1285 3956 multitudine,
1318 3905 1480 3957 quam
1533 3891 1704 3942 sancti
1732 3889 1959 3957 ji-juniis
1996 3905 2060 3942 ac
2088 3892 2350 3945 orationi-

782 3984 881 4036 bus
911 3983 1169 4036 conlisus.
1220 3982 1327 4034 Iste
1368 3982 1513 4034 enim
1564 3995 1759 4034 novam
1798 3982 1899 4049 ipsi
1954 3982 2353 4050 praenuntiabat

782 4073 1087 4136 victoriam,
1139 4088 1247 4126 non
1288 4083 1571 4127 cruentum
1612 4088 1708 4142 pro
1744 4074 1862 4141 ipso
1901 4071 2016 4127 fore
2051 4082 2348 4137 certamen,

784 4166 877 4220 scd
915 4181 977 4218 ex
1021 4173 1247 4234 utraque
1296 4173 1445 4233 parte
1487 4166 1713 4218 multum
1767 4180 2019 4219 cruorem
2072 4180 2192 4219 esse
2223 4163 2349 4218 run-

782 4258 1042 4311 dendum.
1091 4258 1368 4312 Circuihat
1412 4269 1594 4311 autem
1624 4273 1747 4312 cum
1789 4256 2061 4327 episcopis
2092 4268 2144 4309 et
2176 4271 2349 4325 pepu-

780 4348 846 4401 lis
893 4364 1081 4402 omnes
1121 4348 1387 4403 orationis
1437 4350 1607 4411 locos,
1660 4349 2143 4415 prosternebatque
2188 4362 2248 4401 se
2294 4347 2348 4399 in

2462 3165 2715 3235 βασιλεὺς
2753 3164 3032 3227 Θεοδόσιος
3060 3163 3323 3233 σκυλῆναι
3349 3163 3514 3216 αὐτὸν
3556 3162 3899 3243 παρακαλῶν
3933 3163 4024 3215 καὶ

2454 3258 2781 3312 ἐκδυσωπῶν
2808 3258 2913 3320 ἕως
2963 3256 3153 3323 αὑτοῦ,
3180 3259 3328 3319 ὅπως
3363 3259 3483 3319 ταῖς
3517 3255 3725 3307 ἐκείνου
3786 3272 4022 3323 προσευ-

2455 3353 2574 3417 χαῖς
2600 3351 3015 3420 ὲφοδιαζόμενος
3048 3351 3143 3419 τῆς
3172 3349 3306 3420 πρὸς
3346 3350 3473 3414 τοὺς
3518 3348 3844 3410 ἀντιπάλους
3888 3365 4023 3400 κατ’

2456 3438 2637 3504 ἄρξειε
2664 3441 2863 3506 μάχης.
2915 3439 2975 3492 '0
3016 3442 3073 3491 δὲ
3125 3442 3224 3509 τὴν
3258 3440 3565 3509 παρουσίαν
3622 3441 3721 3509 μὲν
3763 3440 3908 3507 ὑπὲρ
3935 3439 4026 3489 εὐ-

2457 3526 2677 3588 λαϐείας
2703 3527 3013 3591 ἀνεϐάλετο,
3054 3530 3219 3596 εὐχὴν
3252 3530 3308 3582 δὲ
3342 3532 3434 3581 ἐπὶ
3460 3533 3526 3597 τῇ
3570 3529 3841 3599 βακτηρίᾳ
3877 3520 3967 3596 ἐφ’

2458 3620 2824 3688 ἐπεστήρικτο
2876 3617 2971 3671 καὶ
3019 3617 3094 3687 τῷ
3170 3618 3533 3687 περιϐολαίῳ,
3568 3621 3596 3671 ὃ
3647 3621 4027 3687 περιαυχένιον

2457 3709 2640 3779 ἔφερε,
2678 3709 3068 3777 ποιησάμενος,
3109 3704 3282 3758 ταῦτα
3328 3706 3469 3776 πρὸς
3509 3706 3673 3758 αὐτὸν
3724 3708 4028 3773 ἐκπέμπει,

2456 3800 2856 3872 παραγγείλας,
2881 3799 2969 3852 ῐνα
2998 3799 3056 3851 τὸ
3086 3798 3184 3867 μὲν
3218 3795 3576 3866 περιϐόλαιον
3628 3796 3749 3848 ἀντὶ
3798 3798 4031 3864 κόρυθος

2458 3894 2551 3945 ἐπὶ
2576 3893 2672 3959 τὴν
2697 3891 2938 3961 κεφαλὴν
2964 3889 3363 3962 περιϐαλεῖται,
3396 3891 3460 3960 τῇ
3490 3889 3546 3943 δὲ
3575 3887 3847 3958 βακτηρίᾳ
3912 3888 4033 3940 ἀντὶ

2458 3983 2681 4051 δόρατος
2709 3986 2777 4054 τῇ
2812 3984 2962 4053 δεξιᾷ
2992 3983 3136 4054 χειρὶ
3184 3983 3456 4053 χρήσηται
3477 3982 3522 4014 ⁸⁸
3550 3982 3642 4035 καὶ
3688 3980 3908 4051 πρῶτος
3940 3980 4028 4033 τοῦ

2460 4073 2856 4139 στρατιωτικοῦ
2890 4072 3055 4125 αὐτοῦ
3104 4073 3573 4146 προπορεύσηται.
3605 4074 3666 4125 '0
3690 4072 3745 4125 δὲ
3774 4073 4030 4143 βασιλεὺς

2459 4164 2738 4226 Θεοδόσιος
2771 4164 2979 4224 πιστῶς
3019 4166 3114 4215 καὶ
3165 4166 3409 4229 εὐλαϐῶς
3442 4169 3511 4221 τὰ
3563 4167 3713 4238 παρὰ
3742 4165 3836 4219 τοῦ
3868 4167 4031 4234 ἁγίου

2461 4254 2724 4308 σταλέντα
2742 4253 3035 4321 δεξάμενος
3056 4254 3134 4315 είς
3154 4253 3243 4305 τδν
3270 4254 3504 4324 πόλεμον
3523 4258 4031 4328 παρασκευάζεται,

2460 4348 2555 4417 οὐχ
2574 4344 2747 4407 οὕτως
2800 4347 2868 4414 τῇ
2921 4343 3030 4395 τῶν
3094 4342 3273 4395 ὅπλων
3308 4346 3403 4396 καὶ
3455 4346 3563 4398 τῶν
3608 4346 3778 4415 βελῶν
3808 4350 3908 4401 καὶ
3941 4349 4032 4401 τοῦ

782 4440 958 4493 cilicio
996 4449 1119 4492 ante
1147 4441 1343 4507 januas
1388 4451 1686 4508 martyrum
1713 4446 1767 4491 et
1792 4448 2099 4493 sanctorum
2136 4448 2347 4507 aposto-

2464 4438 2592 4493 λαοῦ
2626 4436 2704 4507 τῷ
2750 4422 2944 4507 πλήθει
3006 4436 3129 4487 ὅσον
3152 4436 3219 4503 τῇ
3269 4434 3377 4487 τῶν
3405 4438 3667 4504 νηστειῶν
3700 4442 3793 4492 καὶ
3820 4444 3888 4509 τῇ
3927 4441 4033 4493 τῶν

788 4528 986 4592 lorum,
1016 4543 1137 4581 sese
1162 4538 1342 4595 aperte
1368 4530 1747 4586 demonstrans
1764 4536 2075 4608 sanctorum
2102 4532 2361 4585 interces-

790 4618 941 4671 sione
996 4618 1371 4670 ﬁdelissimum
1402 4619 1507 4674 sibi
1545 4634 1575 4672 a
1611 4619 1719 4675 Deo
1761 4622 2023 4675 auxilium
2057 4623 2353 4690 quaerebat.

785 4708 961 4761 Graeci
1014 4722 1144 4761 vero
1187 4706 1372 4762 Romae
1412 4710 1721 4767 sacrificare
1762 4713 2052 4768 studebant
2096 4722 2148 4766 et
2206 4714 2359 4766 victi-

790 4814 1004 4851 marum
1067 4799 1277 4852 viscera
1339 4802 1610 4868 scrutari,
1672 4805 1953 4859 victoriam
2025 4803 2353 4871 imprudenti

791 4890 1167 4963 promittentes
1221 4889 1481 4958 Eugenio,
1530 4893 1787 4949 Flaviano
1833 4904 1946 4950 tum
1986 4895 2237 4963 praefecto
2268 4911 2354 4948 ar-

790 4981 1003 5035 dentius
1043 4980 1165 5033 aliis
1227 4981 1339 5034 haec
1384 4994 1608 5050 agente;
1644 4986 1750 5051 hie,
1799 4986 2026 5039 multum
2059 4985 2353 5052 prudentia:

792 5089 903 5126 suze
938 5074 1126 5138 ﬁdens,
1162 5073 1413 5127 omnibus
1442 5075 1700 5130 suadebat
1745 5076 2048 5147 Eugenium
2090 5075 2348 5129 victorem

791 5166 909 5219 fore.
953 5164 1286 5236 fulgendum.
1333 5162 1467 5217 Cum
1520 5177 1698 5221 autem
1750 5168 2087 5224 Theodosius
2134 5166 2351 5235 pietatis

2458 4530 2634 4600 εὐχῶν
2682 4530 2777 4582 τοῦ
2834 4528 2989 4597 ἁγίου
3052 4524 3326 4589 πεποιθώς
3353 4527 3400 4558 ⁸⁵
3429 4542 3443 4556 ο
3480 4521 3633 4588 οὗτος
3684 4531 3791 4596 γάρ
3835 4531 4031 4598 καινὴν

2457 4621 2822 4690 ἐπηγγείλατο
2872 4617 3023 4689 αὐτῷ
3078 4618 3177 4687 τὴν
3232 4616 3410 4686 νίκην,
3440 4616 3782 4687 ἀναίμακτον
3814 4619 4028 4689 προεὴ-

2456 4712 2645 4765 σεσθαι
2676 4712 2755 4773 εἰς
2781 4712 2843 4763 τὸ
2886 4709 3011 4762 κατ’
3038 4709 3221 4768 αὐτὸν,
3270 4707 3367 4760 καὶ
3396 4707 3504 4760 ἀπὸ
3531 4707 3795 4777 ἑκατέρου
3830 4709 4027 4780 μέρους

2454 4804 2703 4855 πλεῖστον
2737 4800 3015 4871 ὲκχεῐσθαι
3049 4800 3268 4868 μέλλειν
3292 4800 3338 4831 ⁸⁸
3372 4795 3530 4869 αἷμα.
3582 4800 3924 4874 Περιήρχετο
3976 4805 4027 4858 δὲ

2466 4896 2605 4965 μετά
2639 4894 2953 4947 ἐπισκόπων
2976 4892 3020 4923 ⁸⁷
3050 4891 3143 4945 καὶ
3199 4893 3335 4961 μετὰ
3362 4893 3603 4963 πλήθους
3637 4895 3849 4958 πάντας
3904 4900 4027 4960 τοὺς

2461 4987 2568 5038 τῶν
2623 4985 2794 5053 εὐχῶν
2851 4984 3048 5047 τόπους
3113 4985 3209 5037 καῖ.
3268 4984 3531 5057 ἔρριπτεν
3559 4988 3751 5039 ἑαυτὸν
3786 4990 3895 5056 πρὸ
3921 4990 4029 5042 τῶν

2464 5077 2644 5147 θυρῶν
2695 5075 2803 5126 τῶν
2835 5074 3272 5145 Μαρτύρωνκαὶ
3298 5077 3406 5128 τῶν
3451 5077 3649 5144 Ἀγίων
3688 5078 4027 5131 ’Δποστόλων

2461 5168 2561 5220 ἐπὶ
2602 5166 2860 5231 κιλικίου,
2901 5166 3151 5232 ἐξαπλῶν
3176 5156 3395 5234 ἑαυτὸν,
3425 5169 3518 5221 καὶ
3540 5172 3608 5241 τῇ
3628 5169 3899 5239 πρεσϐεία⁵
3922 5173 4029 5224 τῶν

2016 5304 2215 5366 Variae
2257 5303 2559 5365 lectiones
2590 5310 2649 5365 et
2688 5310 2873 5365 notae.

862 5455 908 5487 ⁸ο
943 5458 1078 5524 Περὶ
1125 5456 1369 5509 Ἰωάννου
1406 5452 1660 5524 μοναχοῦ.
1688 5455 1823 5524 βοά.
1849 5452 2186 5521 568,11-Ξο
2222 5471 2233 5505 :
2282 5428 2556 5524 Ἐσπευσε
2586 5454 2662 5524 Δδὲ
2701 5454 2728 5503 ὁ
2772 5451 2954 5524 μέγας
2990 5447 3050 5501 Θ.
3091 5450 3169 5524 εἰς
3367 5450 3566 5524 αὐτοῦ’
3598 5450 3764 5524 ἐξιὼν
3788 5451 4027 5524 Signata

798 5526 893 5576 τοῦ
938 5519 1215 5595 τυράννου
1244 5519 1504 5595 Εὐγενίου
1556 5522 1653 5571 οὐκ
1842 5519 1985 5593 ίσχύῖ
2022 5524 2326 5593 ἐθάρρησεν
2351 5521 2409 5575 Ἰ.
2430 5523 2485 5574 δὲ
2516 5540 2566 5595 τ.
2702 5540 2776 5595 με
2796 5519 3033 5595 μεγάλου
3060 5519 3163 5595 τὴν
3179 5519 3371 5595 ῥάϐδον
3555 5520 3668 5595 την
3696 5522 3949 5595 ἐπωμίδα
3973 5522 4026 5573 δὲ

803 5596 924 5661 ἀντὶ
952 5594 1181 5661 κράνους
1198 5594 1579 5661 ὁπλισάμενος.

808 5660 929 5713 σθαι
963 5658 1081 5715 cod.
1158 5664 1199 5693 ⁸⁸
1244 5658 1499 5731 Boi-ﬁeld?
1538 5658 1609 5712 cf.
1637 5658 1790 5713 infra.
1869 5658 1911 5691 "“
1944 5663 2161 5731 ἔμελλεν
2189 5663 2307 5717 cod.

1675 5590 1715 5661 ⁸ξ
1735 5590 1981 5661 δεύτερον
1997 5590 2170 5648 codex,
2198 5609 2226 5647 e
2261 5604 2379 5649 c0m

2424 5594 2584 5645 ettdio
2606 5590 2648 5659 β’
2675 5588 2813 5643 male
2844 5591 3042 5645 soluto.
3121 5589 3164 5620 "
3186 5588 3407 5657 τιμίανῗ
3482 5591 3527 5623 ⁸³
3557 5589 3670 5644 δείῖ
3743 5590 3791 5622 ⁸⁵
3816 5588 4016 5661 vi)”.

2461 5660 2714 5713 ἑπισκόπ.
2756 5660 2874 5714 cod.
