4160 6312
1572 176 1617 199 β

826 236 839 274 ι

153 286 250 351 801

1315 288 1779 349 CHRONICON.
1826 314 1887 324 -·-
1931 289 2083 347 LIB.
2121 288 2219 347 1V.

3299 269 3405 345 802

152 398 450 451 ἀπώλεσεν.
483 397 655 451 Πόθεν
689 392 783 453 οὖν
822 398 1018 469 ἐτέχθη
1048 400 1107 451 τδ
1140 399 1283 468 μέγα
1328 398 1488 451 τοῦτο
1520 399 1717 460 κακόνς

1831 395 2116 463 indicium.
2158 393 2262 449 Ubi
2308 394 2453 447 enim
2501 394 2666 463 aliqui
2704 382 2864 449 talem
2913 402 3116 450 metum
3168 410 3195 448 a
3240 398 3408 450 corde

164 491 293 541 Ἀπὸ
322 491 532 559 τρυφῆς
562 492 661 543 καὶ
687 491 969 560 σπατᾶλης
1002 493 1095 543 καὶ
1119 490 1561 559 ὲγκαταλείῴεως
1586 488 1720 541 Θεοῦ

154 583 249 632 καὶ
284 581 391 633 ἀπὸ
416 580 512 633 τοῦ
550 584 625 650 μὴ
652 582 936 650 φοϐεῖσθαι
972 583 1135 634 αὑτὸν
1166 584 1261 634 καὶ
1286 581 1383 652 τὴν
1417 581 1722 650 μέλλουσαν

154 653 368 740 κρίσιν’
402 664 533 724 ¹ὅταν
574 673 681 743 γὰρ
718 672 992 725 ὲκϐόιλωσί
1039 690 1186 736 τινες
1221 674 1311 724 τὸν
1347 670 1594 723 τοιοῦτον
1627 670 1722 737 φό-

153 761 263 828 ϐον,
305 764 367 815 ὲκ
410 763 510 831 τῆς
573 762 803 833 καρδίας
857 763 1060 828 αὐτῶν,
1105 764 1497 831 ὲγκαταλιμπὰ
1549 762 1721 831 εἷλ’)

154 868 337 905 νονται
364 855 444 913 εἰς
478 853 633 914 τέλος
674 853 769 905 καὶ
813 852 985 917 οὕτως
1024 854 1271 924 ἔρχονται
1306 856 1386 917 είς
1429 854 1723 923 ἐπιθυμίας

149 944 412 1012 ἀνοήτους
439 944 534 995 καὶ
567 944 839 1015 βλαϐερὰς
871 946 965 998 καὶ
995 946 1035 975 ³⁷
1078 964 1096 995 ι
1132 947 1213 1007 είς
1244 944 1394 1011 πάθη
1422 945 1669 1014 ἀτιμίας·
1699 962 1717 993 ι

152 1032 346 1102 ὥσπερ
385 1034 495 1104 γὰρ
538 1034 727 1086 πολλοὶ
761 1036 1026 1097 πολλάκις
1052 1036 1154 1103 ’τὴν
1178 1034 1285 1086 τῶν
1318 1036 1503 1087 σιτίων
1536 1035 1726 1087 ἐπιθυ-

153 1126 288 1195 μίαν
340 1127 571 1194 ἀφέντες
626 1127 731 1195 γῆν
784 1128 1062 1181 σιτοῦνται
1114 1130 1210 1182 καὶ
1256 1129 1438 1190 λίθους
1487 1128 1723 1197 μικράς’

150 1215 246 1267 καὶ
273 1215 451 1285 ἕτεροι
482 1215 539 1268 δὲ
585 1216 691 1268 ὑπὸ
724 1216 907 1285 δίψους
951 1218 1313 1287 κατεχόμενοι
1361 1218 1595 1288 σφοδροῦ
1628 1217 1727 1271 καὶ

150 1303 423 1375 βορϐόρου
482 1307 743 1370 πολλάκις
807 1308 1174 1374 ἐπιθυμοῦσιν
1207 1309 1417 1360 ’λοῦτω
1482 1310 1727 1360 κάκεῖνοι

150 1395 619 1463 καταλειφθέντες
666 1398 756 1449 διὰ
792 1400 889 1461 τὰς
942 1400 1351 1471 προειρημένας
1380 1398 1557 1460 αἰτίας
1590 1399 1727 1468 πρὸς

147 1486 242 1539 τδν
274 1487 516 1558 ἄθεσμον
568 1487 774 1541 τούτων
826 1490 1201 1561 ἐξεκαύθησαν
1240 1492 1419 1561 ἔρωτα
1454 1492 1549 1543 καὶ
1590 1491 1727 1561 πρὸς

144 1576 249 1645 τὴν
285 1580 491 1648 μιαρὰν
519 1580 699 1650 ὄρεξιν
736 1589 937 1653 μανίαν
968 1600 1024 1635 τε
1058 1585 1151 1636 καὶ
1190 1581 1397 1634 λύσσαν
1419 1600 1431 1612 ·
1465 1585 1511 1634 εί
1540 1582 1599 1643 δὲ
1629 1584 1726 1635 οὐκ

149 1666 528 1742 αίσθάνονται,
562 1672 681 1724 ἀλλ’
722 1673 964 1742 ἥδονται,
998 1671 1075 1743 μὴ
1121 1672 1407 1741 θαυμάσῃς
1429 1689 1443 1703 ’
1475 1676 1568 1725 καὶ
1620 1674 1728 1741 γὰρ

1826 502 1926 541 suo
1952 486 2257 554 ejecerunt,
2295 489 2345 538 in
2380 486 2540 539 linem
2574 486 3031 553 derelmquuntur
3061 497 3115 541 et
3144 489 3215 542 ita
3242 490 3406 542 deve-

1826 580 1982 631 niunt
2021 579 2086 631 ad
2138 578 2465 647 cupiditates
2522 578 2921 631 irrationabiles
2955 589 3008 631 et
3036 579 3324 634 obscaenas
3355 592 3409 635 et

1828 686 1852 719 τι
1883 670 1934 722 in
1968 670 2253 737 passiones
2291 670 2658 737 ignominiae.)
2688 667 2842 721 Sicut
2877 670 3021 722 enim
3055 673 3233 734 multi,
3262 689 3405 741 smpe

1830 758 2215 812 alimentorum
2242 758 2514 812 desiderio
2543 760 2815 827 elongato,
2853 771 3051 813 terram
3079 762 3405 831 lapillosque

1831 852 2155 916 comedunt;
2208 851 2298 903 alii
2357 862 2560 916 autem,
2588 852 2676 906 siti
2722 852 3028 907 vehementi
3068 856 3280 923 agitati,
3320 856 3401 907 vel

1832 937 2101 988 sentinam
2171 936 2479 991 desiderant
2536 955 2549 990 :
2616 938 2696 991 sic
2738 939 2907 993 etilli
2962 950 3183 1009 proptrr
3231 942 3405 995 dit-tas

1832 1026 2327 1091 eausasderelicti,
2367 1030 2418 1080 in
2455 1028 2700 1081 illicitum
2733 1044 2917 1084 eorum
2952 1049 3194 1086 amorem
3250 1045 3303 1087 et
3349 1035 3404 1085 in

1830 1117 2131 1183 appetitum
2162 1116 2374 1178 [cedunt
2410 1120 2847 1187 dementiamqne
2889 1136 2952 1173 ac
3009 1123 3211 1175 rabiem
3246 1138 3405 1176 exar-

1830 1208 2083 1261 descunt.
2118 1207 2174 1260 Si
2203 1218 2383 1263 autem
2411 1224 2519 1261 non
2550 1215 2894 1275 erubescant,
2925 1218 3015 1267 sed
3039 1215 3403 1279 oblectentur,

1830 1312 1939 1351 non
1972 1299 2186 1373 mireris
2233 1317 2246 1352 :
2313 1310 2558 1352 amentes
2592 1303 2735 1354 enim
2772 1311 2826 1356 et
2873 1304 3407 1371 phrenetieomorbo

1830 1387 2160 1452 laborantes,
2209 1390 2375 1442 multa
2422 1393 2719 1459 mala,sibi
2768 1394 3013 1447 inferunt
3064 1406 3116 1449 et
3164 1397 3407 1451 deﬂenda

1831 1478 2060 1541 faciunt,
2091 1479 2161 1531 ita
2194 1489 2251 1532 ut
2318 1480 2409 1532 alii
2463 1496 2625 1548 super
2656 1484 2777 1538 illos
2833 1486 3103 1555 lariymas
3138 1486 3363 1539 fundant
3394 1506 3407 1554 ;

1831 1569 1933 1637 ipsi
1986 1579 2165 1622 tamen
2221 1570 2400 1622 rident
2430 1579 2483 1623 et
2514 1573 2737 1627 delicias
2772 1574 2824 1626 in
2862 1578 3021 1629 ιῙίιίῘΒ
3052 1578 3214 1632 rebus
3259 1580 3410 1632 inve-

1834 1662 2013 1712 niunt.
2059 1658 2257 1723 Quales
2293 1659 2508 1712 tandem
2568 1661 2830 1729 gehennae
2906 1667 3041 1718 tales
3111 1668 3411 1721 areebunt?

144 1760 201 1809 οί
236 1738 559 1830 μαινόμενοι
591 1766 684 1817 καὶ
708 1738 977 1834 φρενίτιδι
999 1738 1531 1834 ⁷ιιατεχόμενοίνόσῳ
1558 1738 1727 1817 πολλα

1840 1755 1980 1817 Quot
2012 1752 2320 1820 suppliria?
2361 1750 2415 1804 Si
2473 1768 2599 1805 vero
2642 1755 2943 1821 gehennam
3000 1759 3227 1811 audiens
3285 1759 3409 1812 irriv

149 1852 386 1914 ἑαυτοὺς
420 1853 734 1919 ἀδικοῦντες
783 1856 879 1907 καὶ
919 1856 1131 1909 ἐλεεινὰ
1157 1854 1495 1925 πράσσοντες
1527 1856 1611 1923 ἐφ’
1649 1851 1729 1918 οἷς

144 1941 352 2004 αὐτοὺς
383 1943 563 2014 ἕτεροι
594 1945 919 2015 δακρύουσι,
960 1944 1162 2012 γελῶσι
1217 1948 1314 1999 καὶ
1346 1949 1460 2010 τοῖς
1498 1948 1729 2016 λεγομέ-

146 2050 268 2095 νοις
303 2034 487 2095 αὑτοίς
533 2035 867 2105 ίντρυφῶσι.
915 2036 1086 2089 Πόσαι
1118 2036 1307 2091 λοιπὸν
1354 2037 1572 2105 γέενναι
1603 2039 1728 2099 τοὺς

143 2125 433 2186 τοιούτους
466 2126 745 2194 ἀρκέσωσι
796 2129 892 2180 καὶ⁵
942 2127 1089 2182 πόσα
1140 2129 1514 2196 κολαστήριας
1564 2128 1625 2179 Εί
1674 2129 1728 2179 δὲ

145 2216 467 2283 καταγελᾷς
499 2217 728 2287 γεέννης
768 2217 983 2271 ἀκούων
1023 2222 1116 2271 καὶ
1146 2220 1395 2281 ἀπιστεῖς
1426 2219 1617 2288 ἐκείνῳ
1649 2219 1726 2289 τῷ

149 2307 314 2375 πυρὶ,
348 2306 732 2377 ἀναμνήσθητι
767 2309 930 2362 πάλιν
959 2309 1050 2361 τὸν
1082 2310 1140 2361 ὲν
1174 2309 1427 2377 Σοδόμοις
1458 2310 1601 2362 θεῖον
1632 2312 1728 2379 ἐμ-

148 2397 437 2465 πυρισμὸν
484 2382 579 2451 καὶ
628 2399 728 2468 τὴν
765 2399 1006 2470 φοϐερὰν
1062 2401 1282 2470 ἐκείνην
1334 2400 1623 2468 φλόγωσιν.
1664 2403 1728 2456 Εἰ

146 2484 250 2539 οὖν
291 2488 517 2541 τοιαῦτα
570 2489 822 2559 πράττων
873 2492 967 2542 καὶ
1008 2492 1071 2543 σὺ
1108 2492 1264 2560 δίκην
1306 2492 1369 2544 οὐ
1420 2491 1601 2556 δίδως,
1652 2493 1727 2564 μὴ

146 2576 488 2647 θαυμάσῃς·
545 2579 746 2630 ἐκεῖνοι
802 2579 899 2648 μὲν
947 2580 1052 2651 γὰρ
1104 2581 1190 2643 ὡς’
1228 2582 1303 2651 μὴ
1342 2581 1442 2652 τὴν
1496 2583 1726 2649 γέενναν

146 2668 365 2728 εἰδότες
414 2665 791 2738 ἐκολάσθησαν
846 2672 999 2740 παρά
1051 2671 1250 2733 πόδας·
1310 2674 1375 2725 σὺ
1416 2672 1471 2725 δὲ
1530 2674 1629 2725 ὅσα
1662 2673 1729 2727 ἂν

148 2761 437 2832 ἁμάρτῃς,
490 2760 595 2813 κᾶν
643 2761 914 2831 μηδεμίαν
949 2762 1105 2833 δίκην
1140 2762 1257 2832 δῷς
1307 2763 1562 2829 ἐνταῦθα,
1616 2766 1732 2819 lxii

121 2852 345 2905 ’πάντα
402 2852 804 2922 χαλεπωτέρως
887 2854 1121 2924 ἀποτίσῃ
1193 2854 1288 2907 καὶ
1362 2855 1728 2926 κολασθήσειο

144 2942 331 3009 διατί;
358 2943 483 3013 τοτι
506 2942 753 3006 πλείονος
784 2944 1187 3016 ἁπηλαύταμεν
1216 2941 1470 3015 χάριτοςο
1494 2946 1625 3000 ὅταν
1674 2947 1729 3002 δὲ

143 3036 251 3088 καὶ
270 3034 601 3089 πλείονακαὶ
621 3037 847 3103 μείζονα
863 3038 1578 3107 πταίωμενὲκεῐνων,ποίας
1601 3057 1731 3109 συγ-
1757 3062 1803 3125 C

142 3125 385 3195 γνώμης
412 3126 665 3195 τύχωμεν
701 3127 767 3192 ix
792 3126 1165 3197 προγόνωντά
1200 3128 1521 3200 σωτηριὼδη
1546 3146 1728 3199 παρα-

140 3215 416 3278 λαϐόντες
461 3215 979 3288 διδάγματα,’ᾶπερ
1022 3220 1223 3271 ἐκεῖνοι
1270 3219 1553 3282 παντελῶς
1605 3220 1729 3272 οὔτε

138 3309 401 3375 ἡκουσαν
426 3304 553 3368 οὔτε
579 3305 804 3374 ἔμαθον,
845 3306 989 3360 ὥστε
1019 3308 1110 3361 διὰ
1151 3308 1312 3362 τοῦτο
1348 3309 1613 3379 μειζόνως
1644 3328 1731 3363 κο-

139 3399 569 3469 λασθησόμεθα,
600 3405 703 3457 κάν
731 3418 789 3453 τε
842 3402 1044 3471 μικρὰν
1079 3391 1237 3473 δίκην
1288 3404 1521 3457 ἐνταῦθα
1548 3404 1729 3474 δῶμεν

138 3490 256 3543 xiv
296 3508 357 3542 τε
408 3490 485 3563 μὴ
513 3492 716 3562 δῶμεν.
761 3491 971 3546 Οὐκοῦν
1022 3494 1228 3563 μηδεὶς
1269 3496 1410 3565 ὁρῶν
1457 3497 1729 3565 πονηροὺς

138 3581 575 3653 εὐπραγοῦντας
606 3584 945 3653 θορυϐείσθω
968 3601 979 3614 ·
1021 3587 1081 3638 οὐ
1113 3586 1221 3655 γάρ
1254 3589 1401 3638 ἐστιν
1429 3587 1662 3639 ἐνταῦθα
1691 3588 1723 3653 ἡ

134 3674 521 3738 ἀνταπόδοσις
555 3675 682 3729 οὒτε
736 3678 834 3745 τῆς
887 3677 1089 3746 ἀρετῆς
1122 3676 1245 3727 οὔτε
1282 3677 1382 3743 τῆς
1419 3677 1685 3744 πονηρίας
1709 3694 1725 3708 ο

139 3767 198 3818 εἰ
232 3751 292 3816 δὲ
326 3765 420 3818 σοῦ
452 3769 547 3818 καὶ
587 3767 799 3831 γίνεται
833 3765 932 3831 τῆς
962 3765 1160 3833 ἀρετῆς
1190 3765 1406 3829 καὶτῆς
1440 3764 1723 3833 πονηρίας,

136 3856 272 3909 ἀλλ’
304 3855 428 3925 οὐχὶ
471 3857 590 3908 κατ’
618 3855 777 3917 ἀξίαν
808 3854 925 3906 ἀλλ’
953 3852 1141 3921 ἁπλῶς
1184 3853 1387 3906 ὡσανεὶ
1416 3852 1600 3921 γεῦμα
1629 3856 1725 3923 τῆς

134 3944 603 4016 septum-,5“
636 3945 724 3996 ινα
753 3943 802 3995 oi
846 3945 910 4013 τῇ
951 3944 1245 3995 ἀναστάσει
1293 3944 1722 4013 διαπιστοῦντες,

131 4037 266 4097 τοῖς
320 4033 450 4100 γοῦν
502 4032 738 4089 ἐνταῦθα
794 4032 1273 4102 σωφρονίζωνται’
1314 4036 1444 4089 ὅταν
1493 4036 1584 4089 οὖν
1635 4042 1726 4091 εὐ-

132 4122 346 4193 σέβειτῇ
371 4126 398 4175 δ
438 4124 697 4193 πονηρὸς»
747 4127 839 4177 ἐπὶ
888 4125 1043 4193 κακῷ
1087 4130 1187 4197 τῆς
1216 4129 1412 4181 ἑαυτοῦ
1448 4131 1722 4201 κεφαλῆς-

130 4214 343 4285 (288⁵)
376 4215 462 4266 ἵνα
512 4217 621 4285 γὰρ
667 4208 745 4268 ὧν
798 4216 1034 4287 ἔπραξεν
1086 4218 1237 4290 ἴσως]
1292 4221 1470 4291 μιν)
1511 4224 1727 4291 ἀγαθῶν

126 4308 248 4377 τὴν
292 4306 568 4360 ἀντίδοσιν
596 4308 641 4339 ³⁸
692 4309 928 4363 ἐνταῦθα
980 4311 1157 4363 λαϐὼν
1194 4315 1325 4377 ἴσως
1371 4317 1487 4367 ἐκεῖ
1540 4315 1724 4368 πλεῖον

126 4398 564 4468 κολασθήσηται
596 4401 640 4432 ³’
664 4402 793 4454 ὅταν
816 4402 875 4454 δὲ
914 4405 1099 4475 πάσχῃ
1147 4407 1179 4457 ὁ
1203 4408 1424 4473 ἀγαθὸς,
1460 4408 1727 4481 μακάριος

123 4491 322 4553 ὅντως
375 4492 548 4555 ἐστὶν,
599 4494 686 4546 ἶνα
725 4494 835 4563 γὰρ
886 4495 1221 4564 ἀποθέμενος
1288 4500 1465 4549 πάντα
1525 4499 1619 4549 καὶ
1656 4499 1723 4549 τὸ

128 4581 335 4654 μικρὰ
372 4584 773 4655 ἁμαρτήματα.
799 4586 1088 4655 εὐδόκιμος
1116 4590 1209 4639 καὶ
1248 4586 1490 4656 καθαρὸς
1520 4587 1655 4657 ἀπίῃ
1680 4588 1725 4619 ιο

122 4677 244 4739 καὶ
268 4660 593 4737 ἀνεύθυνος.
668 4677 815 4729 Ἐκεῖ
846 4677 952 4744 γάρ
1000 4678 1139 4729 εἰσιν
1171 4678 1439 4729 οίστέλειοι
1468 4675 1723 4743 στέφανοι

119 4765 249 4815 τῶν
272 4763 540 4828 ἀγαθῶν,
573 4768 668 4817 καὶ
690 4767 805 4816 ἐκεῖ
825 4766 881 4817 αί
914 4766 1268 4836 σφοδρότεραι
1302 4768 1395 4817 καὶ
1429 4761 1725 4835 ἀπέραντοι

118 4854 409 4914 ulcisci;
464 4853 576 4908 τῶν
627 4854 921 4923 πονηρῶνξ
972 4854 1160 4924 ῶσπερ
1214 4858 1306 4909 καὶ
1363 4857 1391 4907 ὁ
1451 4856 1722 4927 σηπεδόνα

120 4948 314 5017 ἔχων,
361 4945 460 4996 κᾶν
513 4945 587 5015 μὴ
618 4944 910 5014 τέμνηται,
941 4946 1219 5017 ἀρῤωστεί
1249 4948 1343 4999 καὶ
1370 4948 1492 5000 τότε
1525 4948 1728 5017 μᾶλλον

118 5044 185 5091 ὲν
223 5040 463 5099 κακοῖς,
490 5038 619 5091 ὅταν
650 5035 737 5118 μη
762 5038 1027 5108 τέμνηται
1046 5056 1058 5068 ο
1090 5039 1263 5103 οὕτως
1293 5041 1388 5093 καὶ
1416 5044 1455 5093 ό»
1478 5042 1729 5112 ἁμαρτά-

121 5147 275 5193 νων,
308 5130 416 5180 κᾶν
459 5130 534 5198 μὴ
566 5132 885 5201 κολάζηται,
928 5133 1148 5185 πάντων
1193 5134 1339 5184 ἐστὶν
1374 5134 1723 5200 ἀθλιώτερος.

118 5218 249 5273 Καὶ
311 5219 574 5287 καθάπερ
614 5223 666 5272 oi
718 5222 935 5290 σπλῆνα
980 5225 1075 5275 καὶ
1115 5224 1302 5294 ὑδερὸν
1335 5225 1569 5293 ἔχοντες,
1596 5224 1726 5271 ὅταν

128 5307 526 5363 ἀπολαύσωσι
558 5310 838 5379 τραπέζης
867 5312 1092 5380 δαψιλὴς
1116 5316 1208 5365 καὶ
1232 5312 1603 5383 ψυχροποσίας
1632 5310 1726 5361 καὶ

1833 1847 1960 1899 deas
1999 1857 2053 1899 et
2105 1847 2192 1899 iSti
2246 1860 2350 1899 non
2395 1846 2586 1898 eredas
2635 1846 2764 1914 igni,
2804 1849 3095 1902 recordare
3164 1851 3407 1905 divinum

1833 1937 1885 1989 in
1925 1935 2178 1990 Sodomis
2232 1937 2568 1998 incendium,
2606 1938 2858 2005 illamque
2916 1940 3207 1993 terribilem
3272 1958 3407 1995 con-

1832 2028 2219 2093 sumptionem.
2276 2028 2332 2079 Si
2368 2042 2495 2094 ergo
2546 2028 2669 2078 talia
2703 2042 2940 2094 Oper-aus
2986 2039 3038 2082 et
3084 2040 3138 2082 tu
3190 2048 3407 2099 poenam

1833 2134 1939 2169 non
2003 2117 2192 2178 soliis,
2237 2134 2302 2171 ne
2364 2120 2592 2171 miretis.
2664 2119 2737 2170 liii
2797 2122 2942 2172 enim
2995 2125 3407 2193 larrquaanui

1832 2210 2132 2275 gehennam
2183 2222 2291 2261 non
2350 2221 2673 2274 noscerent,
2706 2212 2969 2264 continuo
3019 2214 3190 2283 punii
3241 2225 3407 2278 sunt;

1834 2307 1888 2351 tu
1949 2314 2100 2365 vero,
2151 2316 2485 2370 quaecunque
2552 2302 2864 2371 deliqueris,
2923 2303 3405 2370 etiamsimullam

1833 2404 2047 2459 poenam
2102 2390 2191 2446 hic
2253 2392 2511 2459 dederisl,
2543 2395 2653 2449 illic
2703 2396 2948 2451 severius
3004 2397 3125 2452 lues
3193 2411 3244 2452 et
3306 2416 3408 2468 pu-

1832 2483 2023 2537 nieiis.
2064 2484 2289 2550 Quare?
2334 2484 2472 2551 Quia
2519 2489 2727 2563 majore
2770 2491 2940 2557 gratia
2998 2488 3165 2544 fruiti
3194 2508 3407 2550 sumus.

1838 2575 1974 2628 Cum
2026 2585 2205 2630 autem
2247 2578 2402 2646 plura
2440 2579 2761 2650 maioraque
2794 2574 2971 2650 quam
3015 2585 3089 2637 illi
3140 2586 3410 2653 delinqui-

1837 2687 1977 2733 mus,
2005 2672 2217 2740 qualem
2251 2673 2461 2727 veniam
2488 2675 2875 2741 obtinebimus,
2902 2692 3000 2731 nos
3028 2679 3120 2747 qui
3152 2695 3214 2731 ex
3244 2679 3409 2731 Patri-

1833 2762 1934 2815 bus
2024 2764 2302 2817 salutifera
2382 2765 2690 2833 recepimus
2772 2777 3077 2836 praecepta,
3140 2783 3261 2839 quae
3333 2772 3407 2823 illi

1834 2854 1994 2925 plane
2029 2869 2136 2908 non
2190 2856 2513 2911 audiverant
2568 2869 2666 2909 nec
2720 2856 3042 2911 didicerant.
3076 2858 3405 2927 Propterea,

1835 2949 1947 3001 sive
1984 2962 2206 3015 parvam
2266 2962 2479 3015 pmnam
2531 2946 2619 3000 hic
2653 2947 2985 3014 dederimus,
3015 2951 3128 3033 sive
3180 2952 3407 3013 nullam.

1836 3042 2007 3107 magis
2043 3042 2349 3110 puniemur.
2392 3039 2580 3094 Nullus
2625 3040 2788 3108 igitur
2837 3041 3008 3115 malos
3037 3042 3225 3098 videns
3283 3061 3408 3113 pro-

1838 3146 1997 3201 Spere
2046 3142 2268 3202 agentes
2342 3133 2699 3187 conturhctur
2748 3150 2762 3186 :
2824 3150 2929 3190 non
2994 3136 3138 3189 enim
3190 3147 3269 3190 est
3321 3138 3408 3190 hic

1839 3224 2208 3275 remuneratio
2241 3236 2339 3275 nec
2388 3220 2603 3276 virtutis
2635 3215 2733 3276 nec
2759 3224 3044 3292 nequitiae;
3080 3228 3221 3293 quod
3274 3227 3317 3277 si
3351 3238 3406 3279 tu

1837 3314 2058 3368 virtutis
2094 3322 2149 3367 et
2198 3313 2450 3381 nequitiae
2511 3314 2818 3367 mercedem
2858 3317 3099 3377 obtines,
3165 3332 3272 3370 non
3325 3328 3405 3369 est

1832 3403 1985 3471 juxta
2024 3405 2369 3473 dignitatem;
2406 3406 2500 3460 sed
2556 3414 2813 3471 tanquam
2863 3403 3166 3472 degustatio
3189 3409 3401 3474 judicii,

1838 3503 1896 3545 ut
1926 3493 2017 3560 qui
2046 3492 2497 3545 resurrectionem
2535 3505 2639 3542 non
2673 3490 2922 3551 credunt.
2957 3492 3024 3544 ab
3052 3493 3119 3546 iis
3149 3510 3268 3561 quae
3318 3496 3404 3548 hic

1836 3584 1989 3642 llum,
2024 3581 2313 3647 prudentes
2340 3580 2658 3633 eiliriantur.
2723 3580 2858 3634 Cum
2916 3583 3079 3651 igitur
3115 3601 3402 3653 prospera-

1837 3679 1922 3722 tur
1953 3672 2251 3737 improbus,
2286 3672 2349 3722 ad
2377 3670 2670 3739 perniciem
2702 3680 2785 3726 est
2818 3677 3011 3741 capitis
3037 3676 3205 3744 ipsius
3235 3695 3248 3731 :
3277 3682 3402 3747 quia

1834 3764 1978 3816 enim
2032 3777 2219 3815 eorum
2256 3777 2377 3830 quae
2416 3763 2503 3817 hic
2537 3764 2673 3818 bene
2707 3768 2872 3833 gessit
2906 3772 3399 3828 remunerationem

1835 3855 2065 3924 accepit,
2106 3854 2216 3909 illic
2263 3858 2433 3925 magis
2479 3858 2753 3925 punietur.
2782 3860 2916 3912 Cum
2973 3872 3154 3916 autem
3203 3867 3405 3933 patitur

1835 3946 2035 4009 bonus,
2086 3962 2212 4001 vere
2244 3948 2438 4004 beatus
2468 3959 2579 4014 est;
2638 3966 2785 4018 nam,
2836 3952 3097 4021 depositis
3147 3960 3403 4015 oinnibus

1830 4039 2073 4107 peccatis
2125 4041 2333 4108 magnis
2381 4050 2433 4094 et
2470 4043 2671 4111 parvis,
2732 4045 2996 4113 probatus
3041 4062 3093 4103 et
3141 4065 3310 4118 purus
3353 4065 3405 4107 et

1836 4132 2334 4201 irreprehensibilis
2383 4135 2575 4188 abibit.
2618 4136 2729 4190 lllie
2780 4139 2923 4203 enim
2971 4152 3099 4195 sunt
3152 4146 3404 4210 perfectae

1837 4220 2103 4275 bonorum
2179 4236 2432 4287 coronae;
2492 4224 2601 4276 illic
2660 4225 2823 4277 etiam
2870 4241 3022 4281 acres
3049 4228 3121 4296 iet
3184 4230 3405 4287 inﬁnitae

1839 4313 2108 4366 malorum
2146 4325 2343 4381 meum.
2378 4312 2530 4366 Sicut
2557 4312 2700 4367 enim
2724 4314 2815 4380 qui
2851 4317 3033 4369 tabum
3071 4319 3249 4385 habet,
3301 4324 3402 4377 etsi

1766 4409 1805 4463 ι)
1838 4417 1945 4456 non
1993 4415 2324 4471 amputetur,
2361 4413 2585 4472 :egrotat
2617 4415 2669 4457 et
2720 4414 2848 4460 tunc
2895 4410 3067 4477 magis
3100 4413 3400 4480 cruciatur,

1828 4508 1951 4546 cum
2024 4509 2130 4545 non
2195 4503 2510 4562 amputatur
2562 4511 2575 4549 :
2623 4494 2703 4551 sic
2781 4511 3069 4566 peccator,
3122 4506 3222 4557 etsi
3294 4523 3401 4560 non

1827 4586 2109 4653 puniatur,
2162 4587 2418 4639 omnibus
2467 4587 2719 4641 miserior
2765 4600 2866 4644 est.
2924 4592 3397 4657 Quemadmodum

1831 4688 1997 4741 porro
2033 4673 2106 4725 illi
2159 4673 2250 4741 qui
2307 4672 2494 4741 splene
2544 4686 2596 4728 et
2652 4674 2894 4747 liydmpe
2951 4682 3221 4744 laborant,
3275 4698 3397 4734 cum

1830 4777 2017 4815 mensa
2043 4762 2347 4831 splendida,
2377 4761 2683 4831 lrigidoque
2707 4774 2859 4833 potu,
2886 4776 2938 4819 et
2966 4766 3125 4819 lautis
3147 4766 3396 4833 dapibus,

1829 4860 1883 4905 et
1906 4853 2101 4922 opimis
2133 4853 2426 4907 esculentis
2452 4853 2725 4917 fruuntur,
2775 4867 2883 4909 tum
2930 4857 3227 4919 pra-serum
3258 4871 3393 4907 cun-

1827 4945 1929 5000 ctis
1989 4945 2412 4998 miserabiliores
2471 4955 2638 5008 sunt,
2691 4948 2818 5016 quia
2876 4947 3083 5000 deliciis
3141 4945 3390 4999 morbum

1826 5037 2117 5105 adaugent,
2166 5035 2293 5088 dum
2335 5052 2365 5089 c
2394 5045 2583 5090 contra
2623 5037 2670 5091 si
2716 5038 2870 5102 juxta
2923 5035 3203 5089 medicina:
3249 5036 3392 5103 leges

1824 5126 1967 5180 fame
1997 5128 2194 5197 sitique
2234 5139 2597 5193 coarctanlur,
2648 5129 2939 5195 quamdam
2986 5142 3134 5194 spem
3186 5129 3378 5183 salutis

1825 5216 2026 5268 habent
2062 5232 2073 5267 :
2109 5218 2189 5269 sic
2225 5218 2320 5284 qui
2370 5219 2420 5269 in
2474 5220 2675 5269 malitia
2712 5213 2919 5281 vivunt,
2970 5219 3013 5270 si
3066 5220 3384 5285 puniuntur,

1822 5320 1973 5374 spem
2000 5306 2258 5373 optimam
2288 5308 2521 5370 habent;
2552 5309 2596 5360 si
2621 5323 2749 5360 vero
2766 5322 2889 5360 eum
2920 5309 3147 5374 malitia,
3182 5312 3389 5367 deliciis

1336 5452 1535 5511 Varia:
1560 5438 1865 5523 lectiones
1904 5468 1963 5509 ei
1990 5454 2153 5508 notae

199 5608 247 5641 ³⁷
290 5603 456 5661 “om.
512 5618 561 5662 1,
596 5600 683 5652 '26.
744 5600 785 5631 ³³
816 5600 1157 5670 ἀντιμισθίαν
1184 5600 1302 5671 eod.
1361 5602 1716 5653 ἀνταπόδοσιν

1831 5642 1834 5650 .
1867 5630 1930 5639 —-
1954 5618 2041 5669 γρ.
2079 5600 2343 5652 ἀντίδοσιν
2377 5599 2494 5653 cmi.
2563 5600 2612 5651 in
2652 5602 2890 5667 margine
2954 5603 3237 5671 hucusque
3264 5607 3385 5661 cod.

120 5680 311 5735 Coisl.
370 5672 440 5705 η³⁹
472 5671 758 5741 llucusque
780 5674 1142 5742 apographum
1178 5670 1377 5741 codicis
1408 5672 1722 5725 Cuisliniani
1752 5672 1875 5726 505.
1956 5674 1997 5703 ⁸ο
2026 5672 2172 5723 ἀπίει
2212 5673 2331 5723 eod.
