4102 6310
745 239 847 302 867

1897 278 1900 281 -
1929 245 2248 308 GEORGII
2286 246 2726 307 HAMAllTOLl

3852 246 3953 309 868

744 353 1037 424 colligens,
1095 367 1124 406 a
1194 351 1391 408 ludatis
1465 354 1682 423 quidem
1774 358 2185 420 monarchiam,
2250 360 2315 412 ab

2418 357 2509 410 καὶ
2543 357 2950 424 Νεστοριανοις,
2986 355 3079 408 καὶ
3111 356 3866 426 πανταχόθενὲρανισάμενος,
3901 361 3955 422 εξ

744 442 964 496 Ᾱιίιιηίε
1009 441 1242 496 Verbum
1278 453 1328 496 et
1376 442 1635 513 Spiritum
1671 455 1902 511 creatos,
1955 463 1982 500 a
2031 448 2311 520 Nestoris-

755 537 839 590 nis
901 537 1413 606 antltropolatriam,
1481 538 1583 592 sibi
1651 540 1964 608 religionem
2019 541 2206 607 ﬁnxit,
2261 545 2313 594 et

752 623 1034 695 theologia:
1091 636 1345 694 praztextu
1402 639 1614 696 gentem
1676 632 1991 696 associans,
2057 646 2169 696 eos,
2229 632 2310 683 vi-

751 730 841 769 ros
892 733 952 770 ac
987 718 1264 783 mulieres,
1317 719 1630 773 circumcidi
1677 721 1879 784 docuit,
1928 738 2091 776 unum
2135 722 2311 776 solum

753 808 977 861 adorare.
1033 809 1219 874 Deum,
1285 811 1561 865 Christum
1624 813 1930 881 honorare,
2003 814 2143 868 sicut
2218 813 2310 869 Dei

750 899 1003 963 Verbum,
1053 916 1160 953 non
1209 910 1387 955 autem
1439 903 1656 968 Filium,
1715 913 1768 958 et
1813 905 2069 974 Spiritum
2125 906 2311 959 conci-

747 1006 900 1058 pere.
930 993 1194 1060 prolatum
1247 1003 1300 1047 et
1345 995 1398 1047 in
1445 1009 1567 1048 acre
1609 994 1889 1058 diﬂusnm,
1942 1011 2047 1049 non
2095 997 2147 1049 in
2182 997 2312 1052 sub-

749 1083 946 1135 stantia
978 1092 1261 1136 contentos
1307 1099 1400 1137 nec
1446 1085 1592 1137 Patri
1637 1086 2146 1148 consubstantiales,
2189 1103 2315 1140 san-

750 1180 890 1225 ctam
936 1182 1114 1226 autem
1161 1165 1434 1244 Virginem
1477 1174 1699 1230 Mariam
1746 1191 1853 1230 non
1895 1177 2074 1230 dicere
2125 1174 2317 1244 Deipa-

752 1275 888 1324 ram,
913 1261 1006 1315 sed
1043 1277 1158 1314 eam
1213 1263 1393 1317 Aaron
1415 1273 1468 1316 et
1500 1263 1670 1333 Moysi
1696 1278 1941 1318 sororem
1971 1280 2275 1333 supponere
2300 1283 2314 1330 ;

755 1363 850 1402 nec
880 1349 1151 1417 baptizari
1193 1365 1292 1403 nec
1339 1350 1638 1405 Sabbatum
1689 1354 1958 1406 custodire
1986 1353 2188 1415 docuit,
2217 1369 2315 1407 nec

755 1437 1018 1503 legalibus
1053 1435 1146 1491 aut
1177 1440 1504 1508 evangelicis
1530 1442 1768 1496 moribus
1792 1456 2007 1510 operam
2039 1443 2186 1506 dare,
2221 1440 2314 1495 sed

757 1542 972 1581 crucem
1038 1531 1332 1584 abhorrere
1393 1539 1446 1584 et
1500 1533 1746 1586 umbram
1801 1532 2096 1588 Salvatoris
2147 1533 2314 1588 fuisse

758 1619 1073 1672 cruciﬂxarn
1108 1622 1372 1676 conﬁteri.
1405 1622 1661 1675 Caeterum
1684 1623 1917 1690 injunxit
1949 1624 2028 1678 eis
2058 1632 2113 1677 ut
2138 1625 2314 1678 omnl-

2412 447 2682 501 Ἰουδαίων
2712 447 2811 516 μὲν
2844 446 3162 515 μοναρχίαν,
3189 447 3248 511 ὲξ
3277 448 3576 515 Ἀρειανῶν
3602 448 3661 498 δὲ
3685 449 3839 515 λόγον
3869 450 3954 501 καὶ

2413 537 2630 605 πνεῦμα
2659 537 3013 599 κτιστά,οέιπὺ
3063 537 3119 587 δὲ
3168 537 3554 605 Νεστοριανῶν
3614 539 3933 606 ἀνθρωπολα

2411 628 2619 696 τρείαν,
2659 627 2832 695 ἑαυτῴ
2865 627 3160 695 θρησκείαν
3197 630 3588 695 περιποιεῖται,
3622 629 3717 679 καλ⁵
3748 631 3950 696 προφά-

2415 734 2497 768 σει
2537 716 2868 784 θεογνωσίας
2923 717 3378 784 εἰσποιησάμενος
3408 717 3468 768 τὺ
3517 718 3672 780 ἔθνος
3727 719 3950 784 ἐδίδαξε-ι

2413 811 2608 872 αὐτοὺς
2632 808 3078 879 περιτέμνεσθαι,
3140 810 3234 860 καὶ
3282 809 3481 876 ἄνδρας
3534 809 3627 861 καὶ
3679 813 3951 875 γυναῖκας,

2413 904 2505 954 καὶ
2538 902 2632 954 ἕνα
2668 902 2828 971 μόνον
2879 903 3208 969 προσκυνεῖν
3267 900 3400 952 Θεὸν
3450 901 3545 952 καὶ
3593 901 3685 952 τὸν
3734 902 3954 969 Χριστίν

2413 993 2574 1061 τιμᾷν
2603 993 2677 1053 ὡς
2709 991 2864 1062 593
2891 991 3062 1057 Λόγον
3097 989 3233 1059 (τοῦ)
3264 989 3400 1041 Θεοῦ
3429 988 3596 1058 (μὲν),
3627 989 3725 1057 οὑχ
3760 988 3804 1018 ⁸⁸
3834 989 3950 1041 Υἱὺν

2414 1085 2469 1137 δὲ
2509 1084 2578 1147 δ’,
2619 1084 2714 1135 καὶ
2744 1083 2967 1151 Πνεῦμα
2998 1081 3331 1153 προφορικὸν
3377 1083 3468 1133 καὶ
3495 1083 3574 1142 είς
3595 1080 3734 1149 ἀέρα
3769 1080 3951 1149 χεόμε-

2415 1192 2506 1227 νον
2536 1175 2805 1237 ὑπονοεῖν,
2842 1175 2940 1226 οὑκ
2974 1176 3311 1227 ἑνυπόστατα
3342 1173 3410 1234 ⁸⁸,
3446 1173 3566 1224 οὑδὲ
3607 1173 3686 1242 τῷ
3712 1174 3879 1240 Πατρὶ
3913 1175 3953 1204 ³⁸

2415 1264 2695 1332 δμοοὺσια,
2730 1265 2826 1333 τὴν
2861 1264 2916 1316 δὲ
2939 1263 3099 1331 ἁγίαν
3123 1265 3400 1332 Παρθένον
3425 1264 3642 1331 Μαρίαν
3685 1265 3760 1331 μὴ
3792 1263 3952 1329 λέγειν

2416 1357 2698 1416 Θεοτόκον,
2728 1357 2865 1408 ἀλλὰ
2909 1358 3006 1427 τὴν
3043 1357 3253 1424 Ἀαρὼν
3289 1357 3386 1409 καὶ
3434 1356 3683 1419 Μωσέως
3736 1355 3950 1422 ἀδελφὴν

2416 1446 2844 1515 (ὑπολαμϐάνειν
2874 1442 3058 1514 εἶναι),
3097 1447 3227 1515 μηδὲ
3260 1446 3642 1516 βαπτίζεσθαι,
3681 1446 3816 1516 μηδὲ
3839 1446 3948 1499 m6-

2415 1535 2658 1600 ϐατίζειν
2692 1538 2911 1605 (αὐτοὺς
2941 1537 3221 1606 ἐδίδαξεν),
3259 1537 3395 1606 μηδὲ
3430 1539 3475 1568 ⁸³
3505 1541 3617 1600 τοῖς
3663 1538 3941 1605 νομικοῖςῆ

2414 1628 2790 1696 εὑαγγελικοῖς
2818 1628 2999 1680 ἔθεσιν
3049 1628 3453 1691 ἐπακολουθεῖν,
3503 1628 3645 1681 ἀλλὰ
3692 1626 3940 1697 βδελύττε·

761 1709 860 1761 bus
895 1710 1115 1764 omnino
1146 1725 1175 1763 a
1203 1712 1316 1780 lege
1352 1713 1639 1780 prohibitis
1685 1715 2074 1784 participarent
2120 1726 2312 1785 praeter

2417 1719 2538 1772 σθαι
2567 1719 2658 1772 τὸν
2689 1719 2920 1787 σταυρὸν
2951 1720 3045 1772 καὶ
3075 1719 3174 1788 τὴν
3227 1719 3385 1770 σκιὰν
3438 1716 3824 1788 ἐσταυρῶσθαι
3871 1715 3939 1766 τοί

759 1799 1005 1866 porcinas
1036 1815 1248 1866 carnes,
1273 1811 1325 1855 et
1361 1802 1482 1858 vino
1515 1817 1746 1872 prorsus
1777 1805 2133 1859 abstinerent.

2419 1809 2671 1880 Σωτῆρος
2698 1810 2748 1901 ς’
2780 1799 3084 1879 ὁμολογεῖν.
3117 1812 3561 1880 Παρηγγυήσατο
3585 1811 3640 1861 δὲ
3663 1811 3845 1869 αὑτοῖς
3873 1807 3945 1860 καὶ

756 1889 911 1963 [τῶν]
936 1893 982 1925 ⁵⁸
1008 1894 1236 1947 καθόλου
1297 1896 1376 1964 τῷ
1446 1895 1594 1967 νόμῳ
1665 1899 2135 1969 ἀπηγορευμένων
2179 1905 2468 1972 μετασχεῖν
2510 1906 2554 1936 ³⁵
2609 1889 2748 1976 πλῆν
2806 1905 2916 1958 ὑῶν
2969 1905 3167 1975 κρεῶν,
3213 1907 3341 1975 οῐνῳ
3413 1905 3468 1957 δὲ
3527 1905 3846 1957 παντάπασι
3885 1905 3942 1971 μὴ

756 1980 989 2050 χρῆσθαι
1021 1983 1088 2038 ⁵⁸.

829 2075 1123 2146 Postquam
1174 2079 1378 2149 aliquid
1436 2081 1750 2152 huiusmodi
1806 2084 2145 2149 invenisset,
2200 2101 2318 2141 sese

756 2169 894 2223 dixit
940 2169 1145 2225 factum
1200 2175 1437 2241 paradisi
1500 2176 1944 2242 clavicularium,
1992 2188 2317 2247 quaprOpter

762 2258 814 2334 i_n
861 2257 947 2312 die
1002 2259 1213 2328 judicii,
1268 2273 1555 2331 postquam
1605 2265 1826 2334 ,Moyses
1878 2283 2001 2321 cum
2063 2268 2359 2323 lsraelitis‘

761 2347 1046 2414 adfuisset,
1097 2351 1240 2404 sicut
1289 2354 1422 2422 tegis
1474 2364 1906 2424 transgressores
1958 2373 2130 2426 paena:
2180 2359 2319 2428 ignis

761 2440 944 2491 traditi
996 2439 1238 2506 fuerint;
1273 2442 1597 2511 iterumque,
1640 2443 1797 2501 Jcsus
1841 2451 2048 2503 steterit
2095 2451 2148 2502 in
2191 2465 2323 2504 con-

767 2541 951 2598 spectu
985 2531 1098 2596 Dei,
1127 2541 1179 2585 et
1203 2532 1520 2599 Christiani,
1556 2539 1810 2604 quoniam
1855 2552 2038 2595 essent
2068 2543 2181 2596 ausi
2217 2543 2321 2598 tale

765 2620 922 2673 Chris
943 2630 1190 2675 tonoinen
1212 2624 1528 2689 attribuere,
1555 2627 1974 2696 dogmatizantes
1998 2645 2118 2684 eum
2150 2630 2317 2686 Deum

766 2717 818 2763 et
849 2709 1041 2764 Filium
1061 2710 1173 2775 Dei,
1198 2723 1250 2768 et
1269 2713 1495 2770 Verbum
1523 2718 1879 2786 incarnatum,
1901 2729 1953 2775 et
1973 2723 2314 2790 cruciﬁxum,

763 2803 1016 2871 gehennze
1044 2807 1182 2874 ignis
1214 2807 1394 2860 traditi
1433 2809 1539 2862 sint
1561 2827 1574 2875 ;
1598 2810 1786 2865 deinde
1829 2828 1948 2868 sese
1975 2814 2107 2867 dicit
2139 2831 2169 2868 a
2208 2815 2317 2872 Deo

765 2894 930 2950 fuisse
961 2906 1225 2962 vocatum,
1260 2906 1311 2952 et
1368 2900 1518 2954 valde
1549 2901 1722 2970 pium,
1755 2912 1938 2970 utpote
1970 2905 2132 2959 totius
2170 2905 2319 2975 ipso-

2490 2087 2535 2118 ⁸⁷
2569 2086 2648 2157 (7)
2681 2083 2930 2137 Τοιοῦτόν
2961 2102 3011 2135 τι
3051 2083 3455 2152 μυθευσάμενος
3495 2085 3687 2135 ἑαυτὸν
3733 2083 3780 2119 ⁸⁸
3823 2085 3943 2136 κλει-

2419 2175 2609 2244 δοῦχον
2635 2176 2766 2242 φησὶ
2797 2173 3124 2241 γεγενῆσθαι
3155 2172 3246 2224 τοῦ
3298 2171 3625 2240 παραδείσου
3681 2173 3750 2234 ⁸’,
3787 2172 3942 2237 διόπερ

2419 2269 2559 2323 κατὰ
2595 2265 2694 2335 τὴν
2733 2267 2945 2335 ἡμέραν
2984 2265 3077 2333 τῆς
3118 2264 3352 2332 κρίσεως
3383 2263 3519 2332 μετὰ
3540 2265 3600 2315 τὸ
3625 2264 3937 2334 παραστῆναι

2419 2358 2511 2410 τὸν
2539 2359 2772 2411 Μωῦσέα
2805 2359 2903 2408 σὺν
2929 2360 3035 2418 τοῖς
3069 2356 3425 2425 Ἰσραηλίταις
3450 2356 3544 2408 καὶ
3594 2355 3669 2418 ὡς
3724 2353 3940 2424 παραϐά-

2422 2467 2518 2513 τας
2536 2451 2629 2502 τοῦ
2669 2451 2837 2519 νόμου
2868 2453 2932 2518 τῇ
2962 2449 3179 2501 κολάσει
3224 2447 3317 2498 τοῦ
3349 2450 3518 2515 πυρὸς
3573 2445 3940 2516 παραδοθῆναι.

2425 2539 2576 2602 αὖθίς
2610 2539 2711 2610 (τε)
2747 2539 2952 2608 Ἰησοῦν
3005 2537 3347 2607 παραστῆναι
3396 2537 3440 2567 ⁸⁸
3481 2536 3797 2604 ἔμπροσθεν
3832 2534 3940 2601 (τοὶ)

2423 2627 2558 2680 Θεοῦ
2588 2630 2654 2693 ⁸⁸,
2686 2630 2808 2689 τοὺς
2855 2628 2908 2679 δὲ
2955 2628 3314 2695 Χριστιανοὺς
3354 2626 3428 2686 ὡς
3479 2625 3724 2677 τοιοῦτον
3767 2626 3936 2690 τολμή·

2427 2735 2623 2780 σαντας
2658 2719 2985 2787 προστρῖψαι
3010 2718 3086 2786 τῷ
3122 2716 3342 2786 Χριστῷ
3380 2718 3553 2782 ὄνομα
3584 2720 3680 2768 καὶ
3707 2715 3840 2768 Θεὸν
3863 2713 3943 2764 αὑ-

2423 2809 2512 2862 τὸν
2564 2813 2657 2862 καὶ
2688 2809 2815 2861 Υίδν
2841 2809 2973 2860 Θεοῦ
3030 2809 3123 2860 καὶ
3174 2811 3347 2875 Λόγον
3403 2791 3825 2876 σεσαρκωμένον
3869 2803 3943 2855 καὶ

2426 2899 2802 2968 σταυρωθέντα
2831 2899 3288 2967 δογματίσαντας,
3312 2902 3378 2967 τῇ
3411 2897 3506 2949 τοῦ
3559 2898 3729 2966 πυρὸς
3781 2896 3945 2960 γεέννῃ

763 2999 886 3037 rum
919 2986 1090 3053 gentis
1139 2996 1416 3043 auctorem
1474 2990 1706 3064 pietatis,
1750 2991 1919 3046 fuisse
1950 2993 2248 3057 laudatum,
2273 3006 2318 3050 et

2426 2988 2829 3057 παραδοθῆναι·
2861 2985 2980 3040 εἶτα
3009 2987 3200 3039 ἑαυτόν
3229 3003 3392 3054 φησιν
3428 2985 3532 3036 ὑπὸ
3574 2981 3672 3033 τοῦ
3702 2980 3834 3032 Θεοῦ
3871 2993 3944 3029 κι-

770 3073 891 3128 ideo
920 3076 1155 3141 paradisi
1186 3078 1590 3132 clavicularium
1624 3059 1791 3136 fuisse
1826 3082 2052 3149 factum;
2088 3093 2139 3139 et
2166 3096 2315 3154 post-

765 3177 930 3230 quam
977 3164 1261 3230 paradisus
1295 3167 1362 3218 ab
1427 3167 1544 3234 ipso
1590 3168 1778 3223 luisset
1810 3182 2048 3239 apertus,
2088 3175 2318 3231 intrasse

768 3265 890 3305 cum
927 3250 1046 3318 ipso
1069 3251 1144 3304 ait
1179 3265 1366 3305 revera
1401 3255 1738 3321 septuaginta
1773 3249 1937 3310 millia
1957 3261 2047 3326 qui
2077 3273 2319 3329 poterant

770 3341 835 3393 ad
861 3341 960 3395 hoc
983 3340 1266 3409 prolicere,
1300 3350 1523 3395 caeteros
1559 3354 1736 3396 autem
1755 3343 2126 3412 dijudicandos
2147 3351 2242 3412 ait,
2271 3362 2322 3405 et

769 3430 984 3498 quidem
1035 3431 1210 3498 justos
1259 3433 1512 3500 ambigue
1561 3434 1767 3489 deliciis
1824 3435 1954 3501 frui,
2013 3449 2322 3507 peccatores

771 3528 949 3574 autem
986 3529 1248 3591 repertos,
1290 3523 1480 3590 pannis
1521 3524 1586 3577 ad
1621 3524 1754 3578 colla
1788 3525 2049 3595 alligatis,
2082 3530 2133 3581 in
2161 3543 2322 3598 para-

766 3613 945 3665 disum
1005 3614 1151 3679 ipsos
1194 3613 1418 3678 intrare,
1453 3622 1505 3668 et
1558 3617 1656 3670 hos
1697 3620 2066 3684 cognominari
2099 3620 2322 3676 libertos

773 3701 865 3756 Dei
889 3712 938 3755 et
963 3701 1247 3755 Mahometi
1271 3720 1285 3767 ;
1312 3713 1418 3758 tres
1437 3718 1598 3772 porro
1620 3720 1738 3759 esse
1764 3706 1956 3762 lluvios
1975 3709 2026 3760 in
2051 3711 2315 3777 paradiso,

773 3793 924 3858 dicit,
994 3808 1159 3847 unum
1217 3794 1410 3859 mellis,
1464 3796 1606 3848 aliud
1637 3796 1787 3850 lactis
1833 3808 1886 3852 et
1928 3800 2150 3852 alterum
2187 3802 2316 3864 vini,

775 3893 834 3936 ut
868 3885 1239 3951 unusquisque
1285 3885 1348 3938 ad
1390 3887 1598 3939 libitum
1634 3893 1805 3954 possit
1841 3890 1985 3944 unde
2031 3892 2152 3945 velit
2188 3893 2322 3944 hau-

775 3976 882 4027 rire
915 3983 967 4026 et
1005 3974 1241 4042 expleri;
1287 3976 1538 4031 mulieres
1577 3987 1753 4030 autem
1787 3994 2055 4049 essecum
2089 3983 2239 4050 ipsis,
2271 3992 2322 4036 et

775 4077 1038 4117 exornare
1090 4078 1273 4117 eorum
1325 4080 1529 4130 comas,
1576 4077 1627 4120 et
1663 4071 1881 4122 omnino
1907 4086 2094 4125 curare
2139 4074 2326 4140 volup-

780 4164 932 4209 tuosa
985 4169 1250 4223 corpora;
1303 4157 1414 4210 lucc
1446 4157 1543 4210 iStc
1580 4159 1729 4212 carni
1784 4161 2017 4223 deditus,
2065 4163 2319 4216 libidino-

778 4262 891 4311 sus,
915 4257 965 4300 et
995 4248 1196 4314 peccati
1220 4264 1407 4303 servus
1431 4267 1444 4303 :
1472 4248 1686 4304 Judzeos
1711 4262 1884 4306 autem
1913 4265 1963 4308 ct
1987 4254 2321 4308 Christianos

2425 3079 2655 3150 κλῆσθαι
2690 3078 2835 3148 μάλα
2859 3077 3088 3144 θεοσεϐῆ
3137 3077 3180 3107 ⁸³
3216 3077 3289 3139 ὡς
3317 3073 3408 3128 τοῦ
3464 3072 3667 3133 παντὸς
3713 3068 3886 3124 αὐτῶν
3909 3067 3944 3095 ⁸³

2425 3177 2606 3239 ἔθνους
2635 3177 2805 3228 αῐτιον
2838 3175 2882 3204 ⁸⁵
2918 3169 3224 3231 θεοσεϐείας
3273 3166 3586 3236 ὑπάρξαντα
3633 3157 3943 3214 ἐπαινεῖσθαι

2425 3270 2520 3322 καλ⁵
2552 3266 2740 3319 τούτου
2761 3265 2919 3334 χάριν
2966 3259 3269 3329 κλειδοῦχον
3317 3256 3408 3309 τοῦ
3449 3252 3778 3324 παραδείσου
3815 3263 3944 3314 γεγε-

2427 3357 2620 3423 νῆσθαι
2644 3370 2658 3383 ·
2687 3355 2778 3407 καί
2813 3371 2875 3421 γε
2908 3353 3042 3421 μετὰ
3072 3351 3132 3403 τὸ
3186 3349 3276 3402 ὑπ’
3309 3345 3474 3401 αὑτοῦ
3520 3345 3615 3396 τὸν
3652 3342 3944 3411 παράδεισον

2428 3440 2782 3507 ἀνεῳχθῆναι,
2817 3439 3224 3508 συν[εισ]ελθεῐν
3250 3437 3395 3504 αὑτῷ
3426 3436 3666 3504 (πάντως
3693 3435 3786 3484 καὶ
3811 3432 3943 3481 (iactv-

2385 3597 2389 3603 .
2429 3528 2720 3600 τιρρήτως)
2748 3534 2790 3580 o'
2815 3526 3053 3596 χιλιάδας
3079 3528 3285 3595 (φησιν)
3311 3528 3434 3586 τοὺς
3461 3523 3791 3590 δυναμένους
3813 3522 3944 3584 ἐφορο

2432 3621 2602 3691 μῆσαι
2665 3617 2798 3688 πρὸς
2838 3616 3014 3680 τοῦτο,
3072 3616 3198 3674 τοὺς
3240 3615 3297 3666 δὲ
3350 3615 3570 3674 λοιποὺς
3617 3609 3943 3679 κριθήσεσθαι

2429 3714 2650 3783 φάσκει,
2690 3710 2784 3760 καὶ
2825 3709 2948 3770 τοὺς
2972 3708 3071 3775 μὲν
3100 3706 3345 3764 δικαίους
3380 3701 3696 3771 ἀμφιϐόλως
3722 3704 3816 3767 τῆς
3839 3715 3941 3763 spu-

2429 3806 2534 3874 φῆς
2562 3802 2890 3865 ἀπολαῦσαι,
2914 3801 3040 3861 τοὺς
3066 3799 3121 3850 δὲ
3146 3796 3566 3866 εὑρισκομένους
3597 3789 3941 3860 ἁμαρτωλοὺς.

2430 3895 2694 3946 πιττάκια
2721 3894 2779 3943 ὲν
2809 3894 2922 3952 τοῖς
2957 3889 3248 3958 τραχήλοις
3291 3885 3648 3956 περιέχοντας
3692 3880 3942 3945 δεδεμένα,

2432 3989 2508 4048 εἰς
2537 3987 2628 4037 τὸν
2685 3983 3010 4052 παράδεισον
3065 3981 3260 4042 αὑτοὺς
3316 3977 3579 4028 εἰσελθεῖν
3609 3975 3702 4027 καὶ
3756 3970 3944 4024 τούτους

2430 4074 2857 4143 ἐπονομάζεσθαι
2887 4070 3278 4138 ἀπελευθέρους
3308 4067 3401 4119 τοῦ
3423 4065 3559 4119 Θεοῦ
3591 4068 3684 4117 καὶ
3721 4063 3806 4115 τοῦ
3831 4061 3947 4113 Μου-

2430 4165 2655 4234 χοὺμετ,
2697 4162 2836 4215 εἶναι
2878 4163 2934 4213 δὲ
2973 4159 3019 4228 γ’
3055 4159 3330 4227 ποταμοὺς
3360 4159 3404 4188 ⁸⁵
3453 4159 3510 4208 ὲν
3755 4153 3827 4221 τῷ
3861 4167 3940 4200 πι-

2436 4257 2663 4324 ραδείσῳ
2693 4254 2876 4322 φησὶν,
2913 4254 3007 4304 ἕνα
3064 4251 3299 4320 μέλιτος,
3333 4249 3424 4299 καὶ
3480 4248 3640 4300 ἄλλον
3683 4247 3937 4314 γάλακτοτ,

779 4337 920 4404 ligna
978 4339 1117 4407 ignis
1172 4339 1343 4391 factos
1398 4349 1691 4404 reservari;
1750 4343 2115 4396 Samaritanos
2142 4359 2318 4396 excre-

2435 4347 2525 4396 καὶ
2590 4345 2812 4410 ὓστερον
2851 4343 3018 4403 οἴνου,
3083 4340 3217 4409 πρὸς
3256 4340 3314 4390 τὸ
3361 4338 3447 4390 ἐπ’
3500 4336 3749 4399 ἐξουσίαν
3812 4333 3938 4403 (ἔχειν

782 4436 958 4477 menta
985 4436 1301 4493 eorumque
1327 4439 1535 4481 Stercus
1581 4445 1608 4481 e
1656 4432 1901 4496 paradiso
1944 4431 2227 4496 expellere,
2262 4446 2327 4483 ne

785 4513 1032 4568 fmtescat
1080 4518 1402 4584 paradisus,
1459 4534 1896 4587 unumquemque
1959 4536 2104 4582 vero,
2171 4529 2329 4588 prout

787 4607 871 4660 hic
914 4607 1129 4670 vixerit,
1190 4610 1302 4662 sive
1349 4610 1402 4662 in
1469 4609 1685 4673 divitiis,
1744 4610 1855 4664 sive
1907 4612 1958 4664 in
2001 4611 2219 4679 penuria
2275 4622 2327 4665 et

786 4698 1009 4765 ingloria
1041 4701 1363 4765 conditione,
1391 4701 1578 4754 eodem
1617 4703 1772 4755 modo
1804 4703 1911 4755 illic
1944 4705 2141 4757 vivere.

784 4793 880 4843 καὶ
914 4791 1093 4855 δοῦλος
1133 4794 1230 4862 τῆς
1297 4795 1590 4864 ἁμαρτίας)
1617 4810 1630 4824 ³

2431 4433 2657 4482 ἕκαστον
2691 4431 2812 4480 ὃθεν
2844 4430 3089 4494 βούλεται
3118 4432 3364 4494 μετέχειν
3392 4428 3505 4494 καὶ)
3531 4425 3938 4494 ὲμπιμπλᾰσθαι,

2433 4521 2528 4584 τὰς
2546 4521 2600 4571 δὲ
2631 4521 2675 4551 ⁸⁸
2709 4522 2969 4584 γυναῖκας
3003 4519 3187 4578 αὑτοῖς
3237 4520 3473 4568 συνεῖναι
3513 4519 3608 4567 καὶ
3664 4514 3936 4582 φιλοκαλεῖν

2433 4611 2610 4666 αὐτῶν
2638 4612 2735 4672 τὰς
2750 4611 2932 4677 κόμας
2953 4609 3045 4660 καὶ
3069 4608 3379 4678 (παντοίως)
3400 4607 3730 4675 θεραπεύειν
3753 4604 3936 4677 (αὐτῶν)

2432 4704 2498 4755 τὰ
2533 4703 2784 4773 φιλήδονοι
2835 4703 3060 4770 σώματα
3091 4701 3140 4770 (ό
3196 4702 3520 4772 σαρκόφρων
3580 4703 3672 4754 καὶ
3725 4697 3936 4766 ἐμπαθὴς

1685 4795 1810 4857 τοὺς
1845 4796 1901 4848 δὲ
1942 4797 2227 4859 Ἰουδαίους
2263 4797 2354 4851 xui.
2399 4797 2753 4866 Χριστιανοὺς
2817 4798 2948 4861 ξύλα
2992 4796 3099 4850 τοῦ
3159 4798 3327 4866 πυρὸς
3375 4799 3720 4866 γενομένους,
3764 4793 3939 4847 ὑπολει-

787 4885 984 4953 φθῆναι
1008 4902 1020 4914 ’
1047 4887 1170 4947 τοὺς
1194 4887 1235 4919 ⁵⁷
1293 4889 1630 4956 Σαμαρείτας
1683 4891 1786 4959 ἔφη
1836 4891 1971 4960 πρὸς
2005 4892 2076 4944 τὰ
2130 4893 2356 4960 ὲκφόρια
2395 4894 2488 4944 καὶ
2527 4895 2621 4961 τὴν
2676 4892 2881 4961 κόπρον
2924 4892 3103 4944 αὑτῶν
3160 4892 3254 4945 τοῦ
3294 4893 3628 4962 παραδείσου
3667 4889 3931 4946 ἐκϐάλλειν,
3964 4887 3968 4895 ’

1919 4983 2116 5040 Varia)
2159 4980 2466 5040 lectiones
2508 4988 2568 5040 et
2613 4987 2798 5040 notae.
3195 5019 3202 5023 -

856 5077 900 5149 δέ
935 5078 1007 5137 ὡς
1040 5078 1163 5130 add.
1192 5076 1320 5149 Ccd.
1426 5078 1475 5149 7“
1507 5079 1616 5130 ἀλλ’
1643 5081 1712 5140 ὡς
1764 5081 1825 5131 ὲκ
1862 5080 2199 5149 [Ινεὺμασιοςυ
2225 5082 2316 5145 ἁγί

2411 5081 2824 5149 ’γεγενημένον’
2890 5082 3042 5148 λόγον
3082 5081 3136 5131 δέ
3175 5080 3304 5134 Ced.
3410 5082 3456 5112 ‘°
3497 5084 3805 5134 ὲνυποστατ.
3837 5075 3929 5149 cod.

786 5149 826 5176 "
861 5148 1147 5216 Γεννήτορι
1190 5147 1319 5202 Ced.
1424 5148 1466 5177 δ’
1504 5151 1638 5216 μήτε
1691 5150 1743 5200 δέ
1798 5149 1925 5203 Ced.

2032 5147 2202 5218 "71013
2247 5151 2318 5218 Χρ

2408 5151 2480 5201 ςοῦ
2544 5146 2650 5217 όμῖ
2684 5152 2809 5203 (led.
2867 5146 3248 5218 cf.‘Evangelii
3298 5150 3440 5218 quod
3486 5149 3687 5203 dicitur
3719 5146 3932 5218 Barnabte

791 5215 1145 5287 [raginentaa
1180 5217 1330 5270 nobis
1366 5215 1530 5270 edita.
1568 5215 1573 5216 ⁷
1608 5218 1651 5246 ⁸⁸
1675 5221 1765 5268 καὶ
1798 5236 1850 5271 κ.
1880 5218 1987 5269 τῶν
2009 5217 2131 5270 cod.
2203 5219 2246 5287 Ψ
2289 5215 2318 5268 ἆ

2409 5219 2514 5269 τῶν
2544 5215 2785 5287 μετέχειν
2810 5221 2897 5272 πλ.
2925 5237 3014 5287 κρ.
3041 5217 3283 5287 χοιρείων
3314 5215 3440 5269 Cetl.
3502 5218 3562 5287 _“
3586 5215 3926 5287 xpdaeatcod.

787 5285 828 5314 ‘”
860 5285 986 5335 (led.
1023 5287 1502 5348 “mil—Tile.
1605 5287 1647 5316 ⁸⁸
1688 5288 1732 5338 ὲ.

1764 5306 1820 5354 φ.
1855 5289 1938 5338 κλ.
1969 5287 2097 5340 Ccd.

791 5354 886 5402 οὑκ
920 5348 1069 5402 εἶπεν
1100 5356 1286 5407 ἑαυτὸν
1322 5355 1459 5408 εἶναι
1499 5357 1624 5406 Υἱδν
1651 5355 1742 5406 τοῦ
1773 5348 1906 5408 Θεοῦ
1931 5358 2061 5410 Ccd.

2212 5286 2253 5316 ⁸⁹
2282 5304 2338 5339 π.
2372 5290 2462 5339 καὶ
2498 5305 2549 5338 κ.
2587 5286 2715 5342 (Leti.

2136 5357 2178 5386 "
2210 5355 2259 5406 0.
2287 5361 2376 5408 καὶ
2405 5357 2496 5408 τοῦ
2526 5359 2645 5410 cod.

2814 5290 2856 5320 ‘°
2900 5283 2992 5342 καί
3027 5283 3403 5354 άρνὴσάμενον
3450 5283 3732 5339 εάόζίὶεύ.
3803 5284 3839 5314 ⁴¹
3867 5283 3925 5354 ὅτι

2725 5359 2768 5388 ⁸³
2796 5360 2953 5411 αὑτὸν
2987 5349 3115 5411 Ced.
3153 5349 3160 5351 ﬁ
3194 5349 3408 5420 ⁶⁶⁷αίτίῳ
3431 5355 3478 5407 θ.
3514 5354 3807 5420 ὑπάρξαντι
3831 5349 3924 5420 cod.

790 5421 834 5449 ⁸⁵
869 5430 912 5484 γ’
940 5425 1292 5489 παραδείσους
1315 5429 1369 5476 ὲν
1402 5427 1476 5491 τῷ
1507 5443 1564 5476 π.
1623 5425 1848 5493 φλυαρεῖ
1901 5429 1944 5478 ἑ.
2007 5443 2064 5492 μ.
2122 5425 2215 5475 καὶ
2256 5426 2438 5493 ἕτερον
2473 5444 2525 5491 γ.
2559 5429 2648 5477 καὶ
2693 5429 2877 5494 ἕτερον
2909 5429 2954 5478 ό.
3007 5445 3064 5502 π.
3100 5427 3158 5475 τὸ
3192 5426 3311 5502 μετξ
3354 5424 3597 5502 ἐξουσίας
3631 5422 3925 5502 εμπ-αὑτων

792 5489 917 5566 Curi.
999 5494 1039 5518 "6
1068 5495 1157 5552 τὰς
1199 5511 1250 5544 κ.
1291 5497 1342 5545 ἁ.
1376 5489 1505 5546 Ccd.
1585 5489 2159 5563 "tor;'::a.;u.{.£em;
2191 5499 2307 5548 CUJ.
2343 5489 2511 5561 λέγων
2550 5514 2605 5546 π.
2635 5497 2692 5546 το
2723 5489 2969 5566 ἐκῖρὲρειν
3001 5495 3095 5562 τὴν
3125 5489 3264 5547 κξά.
3299 5494 3358 5544 ἐκ
3401 5495 3492 5546 τοῦ
3529 5513 3586 5550 π.
3625 5497 3671 5546 ό.
3718 5497 3785 5563 μὴ
3821 5491 3919 5539 ἕπεθ’

796 5562 918 5623 -Ῠέΐλ
1027 5564 1152 5614 Cui.
