4096 6308
185 341 279 404 997

1303 324 1792 418 pcunomcou.
1833 353 1903 366 -—
1943 328 2086 388 LIB.
2129 328 2228 386 IV.

3306 319 3412 384 993

182 452 583 522 ταλαμδάνεται
615 450 901 519 θεοστυγὲς
936 448 1132 518 δόγμα,
1159 446 1298 509 οὐδὲ,
1333 447 1458 499 ὅσον
1485 444 1564 507 εἰς
1597 442 1735 512 μνή-

1849 460 2147 535 quicunque
2200 455 2475 512 memoriae
2524 463 2877 518 succurrunt,
2910 455 3177 525 pessimos
3244 455 3415 508 scele-

186 560 285 611 ιιην
317 541 541 611 ἀφῖχθαι
574 540 683 592 τῶν
719 538 972 607 πονηρῶν
996 541 1089 590 καὶ
1122 534 1382 605 μυσαρῶν
1420 531 1737 602 συνταγμά-

182 654 307 702 των,
359 633 539 703 ἀλλ’ἢ
596 620 762 703 ’μόνον
797 633 936 685 κατά
976 629 1077 699 τὴν
1138 628 1334 698 δούλην
1382 626 1589 696 ταύτην
1644 624 1738 676 καὶ

183 724 682 799 ἠνδραποδισμένην
708 725 801 774 καὶ
834 721 901 773 τά
929 720 1052 773 θεῖα
1077 719 1198 773 κατ’
1226 717 1474 783 ἐξουσίαν
1505 715 1734 779 παίζου-

180 834 298 882 σαν,
335 819 391 869 ὲν
432 811 551 887 ﬁes
578 811 823 881 ἐμπαθὲς
849 811 945 864 καὶ
982 810 1252 881 πρόσυλον
1286 809 1345 863 τὸ
1373 811 1417 841 ⁷⁸
1464 807 1595 876 περὶ
1632 806 1736 874 γῆν

181 908 542 977 στρεφόμενον
567 904 657 957 καὶ
693 901 1068 971 ἰλυσπώμενον
1090 904 1276 970 γήϊνον
1294 901 1390 954 καὶ
1413 898 1738 962 ἀλαζονικὸν

178 999 266 1051 καὶ
291 997 639 1065 ὑπερήφανον
693 993 1022 1063 πρυτανεύει
1048 994 1324 1064 φρόνημα,
1360 988 1491 1045 ἔνθα
1524 991 1586 1043 τὸ
1615 991 1742 1059 φίλ-

179 1106 362 1153 αυτον,
386 1084 449 1140 τὸ
475 1088 735 1158 φίλαρχον
756 1087 821 1152 ⁷³,
851 1087 911 1139 τὸ
934 1087 1231 1156 φιλήδονον,
1290 1085 1352 1137 τὸ
1384 1080 1657 1153 φιλόδοξον
1674 1082 1738 1145 ⁷⁸,

178 1185 460 1253 ήπάντων
523 1179 863 1248 καταθύμιος
910 1180 955 1211 ⁷⁸
1020 1178 1346 1241 ἀπόλαυσις,
1405 1174 1466 1227 τὸ
1522 1174 1743 1228 πάντων

180 1273 383 1326 ἐθέλειν
411 1272 601 1342 ἄρχειν
630 1273 727 1326 καὶ
763 1272 902 1343 μηδὲ
934 1271 1070 1341 πρὸς
1097 1268 1267 1325 αὐτοῦ
1296 1268 1434 1321 Θεοῦ
1467 1266 1739 1338 ἄρχεσθαι

179 1368 269 1419 καὶ
306 1368 457 1436 ήτῆς
488 1364 837 1435 ἀνθρωπίνης
867 1364 1021 1433 δόξης
1048 1364 1093 1395 ’⁸
1125 1362 1158 1432 ἦ
1207 1360 1405 1430 μᾶλλον
1451 1361 1627 1413 εἰπεῖν
1658 1361 1743 1411 αἰ-

180 1458 381 1527 σχύνης
414 1460 605 1525 κτῆσις
632 1458 727 1509 καὶ
750 1456 1099 1528 περιποίησις
1127 1472 1141 1485 ·
1175 1454 1385 1508 ένθενττ
1416 1454 1449 1523 ή
1476 1452 1619 1506 κατά
1648 1452 1741 1505 τοῦ

177 1547 309 1598 Θεοῦ
342 1548 436 1599 καὶ
474 1548 583 1598 τῶν
615 1547 786 1611 ἁγίων
854 1546 1009 1616 ὕϐρις
1077 1546 1170 1598 καὶ
1218 1547 1317 1616 τῆς
1364 1544 1690 1613 Ἐκκλησίας
1717 1545 1743 1596 ὁ

176 1634 412 1703 διωγμός
437 1651 453 1665 ο
487 1636 739 1687 ἐντεῦθεν
772 1635 1303 1706 κατακυριευόμενον
1360 1635 1393 1705 ἢ
1444 1634 1745 1705 τυραννού-

180 1741 341 1794 μενον
371 1726 431 1779 τὺ
461 1726 723 1795 ὑπήκοον,
755 1730 867 1789 τοῖς
893 1727 1119 1779 ἐκείνων
1162 1728 1208 1758 ⁷⁸
1252 1720 1483 1796 δόγμασι
1525 1728 1617 1779 καὶ
1657 1726 1745 1779 θε-

178 1816 385 1887 λήμασι
422 1818 755 1871 ὐποκύπτειν
788 1819 1123 1885 ὲκόιάζεται,
1156 1812 1231 1872 ὧν
1260 1818 1446 1871 ἕνεκεν
1476 1819 1535 1871 τὸ
1573 1818 1748 1889 ἐμψυ-

178 1926 268 1978 χον
298 1910 661 1979 κεχάλκευται
693 1912 787 1964 καὶ
826 1911 1172 1979 έσχεδίασται
1201 1913 1243 1945 ⁷⁹
1272 1910 1456 1976 ὅπλον,
1493 1911 1735 1981 σχήματι

182 2000 282 2068 μὲν
310 2000 404 2054 τοῦ
434 2001 950 2071 σωματοφυλακτεῖν
982 2002 1029 2033 ⁸⁸
1058 2002 1438 2072 ἠθροισμένον,
1473 2005 1592 2065 ταῖς
1624 2003 1677 2054 δὲ
1699 2002 1741 2033 ⁸¹

178 2092 463 2160 ἀληθείαις
495 2092 589 2146 τοῦ
622 2095 912 2164 ἐκπορθεῖν
938 2093 1035 2160 τὴν
1092 2094 1425 2164 Ἐκκλησίαν
1460 2091 1745 2165 [Χριστοῦ]

180 2185 269 2235 καὶ
308 2181 515 2251 ληῖζειν
572 2185 1013 2253 ὲπινενοημένον,
1068 2186 1339 2255 προφάσει
1394 2184 1486 2235 τοῦ
1529 2200 1744 2252 συμπε-

181 2275 549 2344 ριγράφεσθαι
610 2276 709 2347 τὴν
773 2275 1011 2344 Χριστοῦ
1061 2273 1293 2342 θεότητα
1331 2277 1387 2327 ἐν
1447 2275 1513 2342 τῇ
1573 2274 1743 2325 εἰκόνι

178 2366 661 2436 παραληροῦντες⁸
918 2367 993 2429 ὠς
1027 2368 1079 2419 εἰ
1123 2383 1207 2429 τις
1267 2366 1359 2419 καὶ
1400 2366 1459 2419 τὴ
1519 2365 1746 2435 ἡλιακὸν

178 2459 337 2511 τοῦτο
368 2459 433 2528 δὴ
486 2461 583 2511 καὶ
615 2460 660 2491 ⁸⁸
707 2460 1002 2535 δισκοειδές
1048 2459 1207 2528 σῶμα
1256 2459 1648 2529 γεγραμμένον
1687 2459 1745 2511 ἐν

176 2567 281 2600 τινι
313 2550 483 2618 τόπῳ,
518 2549 698 2612 καθὼς
726 2550 783 2603 έν
818 2568 961 2603 τισιν
989 2552 1181 2619 ὁρᾶται
1236 2550 1578 2619 γιγνόμενον,
1612 2549 1747 2602 ὑπο-

176 2639 401 2704 δείξειεν
427 2640 492 2703 ⁸³,
521 2640 877 2710 ἐδογμάτισεν
904 2640 968 2693 ἂν
996 2642 1089 2693 καὶ
1110 2641 1208 2710 τὴν
1238 2641 1329 2694 τοῦ
1361 2642 1537 2709 φωτὸς
1560 2641 1748 2693 οὐσίαν

178 2732 270 2782 καὶ
309 2731 484 2800 αὐγὴν
526 2732 940 2801 συγγράφεσθαι
992 2728 1087 2785 καὶ
1145 2732 1590 2802 περιγράφεσθαι
1619 2732 1666 2764 ⁸⁸
1708 2731 1741 2799 ἢ

179 2823 401 2885 πάντως
430 2824 495 2877 ἐκ
528 2822 622 2876 τοῦ
650 2824 802 2893 ήλίου
821 2823 882 2877 τὸ
905 2824 1019 2892 φῶς
1046 2823 1451 2893 ἀποτέμνεσθαι
1476 2840 1488 2853 ·
1522 2825 1554 2891 ἢ
1588 2822 1747 2875 πάλιν

182 2916 379 2968 ἀκτῖνα
418 2914 571 2985 ήλίου
604 2916 649 2947 ⁸⁵
692 2915 828 2985 πρὸς
871 2915 1085 2986 δένδρον
1129 2915 1573 2985 προσϐάλλουσαν
1626 2912 1746 2977 ῐδοι,

182 3007 229 3059 εἰ
274 3005 581 3076 ἰκτμηθείη
622 3007 682 3058 τὸ
736 3007 953 3077 δένδρον
996 3006 1064 3073 ⁸³,
1106 3005 1614 3075 συνεκκοπήσεσθαι
1654 3002 1761 3055 καὶ.Δ

1845 549 2229 618 stissimosque
2288 549 2539 619 populos,
2592 550 2697 603 nisi
2745 556 2957 601 tantum
3006 548 3149 616 apud
3201 556 3411 618 gentem

1845 639 1985 695 hanc
2019 640 2289 700 servilem,
2328 639 2614 707 dejectam,
2652 653 2716 693 ac
2773 638 2880 690 Deo
2925 644 3191 701 quantum
3242 647 3416 705 potest

1846 730 2179 793 irridentem,
2207 729 2297 783 ubi
2332 727 2716 798 cupiditatibus
2769 724 3077 794 indulgens,
3106 726 3415 780 materialia

1846 832 2167 893 terrenaque
2196 832 2473 891 appetens,
2504 820 2651 874 humi
2682 826 2923 888 reptans,
2948 818 3326 885 superbusqne
3361 826 3415 869 et

1845 930 2108 984 arrogans
2160 922 2350 982 regnat
2410 912 2653 982 spiritus,
2704 910 2796 965 ubi
2850 922 3005 963 amor
3065 908 3148 962 sui
3217 906 3412 976 ipsius,

1843 1019 1995 1058 amor
2053 1003 2444 1059 dominationis
2500 1002 2943 1069 voluptatumque
2993 1005 3045 1050 ct
3098 999 3409 1059 honorum,

1846 1096 1937 1151 ubi
1986 1095 2241 1149 omnibus
2283 1092 2566 1163 indulgent
2622 1090 2959 1155 libidinibus,
3006 1089 3262 1142 omnibus
3316 1102 3411 1139 vo-

1845 1187 1965 1241 lunt
1998 1187 2268 1255 imperare
2291 1199 2390 1239 nec
2422 1185 2523 1254 ipsi
2556 1183 2666 1238 Deo
2698 1182 3002 1251 subiacere,
3032 1189 3086 1234 et
3112 1182 3407 1233 humanam

1846 1278 2094 1347 gloriam,
2119 1292 2210 1331 seu
2239 1274 2419 1345 potius
2438 1274 2813 1344 ignominiam,
2836 1273 3114 1341 acquirere
3139 1271 3407 1323 nituntur.

1847 1371 1976 1425 Inde
2004 1371 2268 1425 adversus
2290 1367 2454 1423 Deum
2478 1377 2529 1421 et
2551 1376 2735 1422 sancta
2759 1366 3116 1429 contumeliae,
3142 1372 3193 1417 et
3224 1361 3411 1415 Eccle-

1846 1463 1939 1517 sia:
1987 1460 2334 1531 persecutio;
2364 1460 2486 1513 inde
2513 1460 2652 1513 victa
2697 1457 3107 1527 perdomitaque
3140 1454 3410 1519 voluntas,

1847 1554 2062 1609 illorum
2103 1551 2385 1620 subjacere
2411 1550 2626 1619 cogitur
2654 1549 2999 1617 dogmatibus
3030 1562 3103 1611 ac.
3124 1546 3417 1600 voluntati-

1847 1642 1967 1707 bus,
2000 1650 2219 1709 prapter
2246 1654 2369 1706 quae
2395 1638 2658 1693 terribilia
2694 1637 3098 1691 fabricaverunt
3130 1646 3185 1690 et
3221 1650 3418 1704 appro-

1847 1741 2171 1805 peraverunt
2218 1744 2389 1801 arma,
2439 1730 2493 1784 in
2531 1729 2712 1798 specie
2759 1716 2978 1797 quidem
3009 1743 3110 1797 pro
3167 1731 3414 1785 custodia

1848 1839 2133 1893 corporum
2185 1824 2429 1886 collecta,
2492 1834 2680 1875 revera
2741 1827 2921 1872 autem
2973 1830 3284 1886 comparata
3341 1820 3407 1872 ad

1844 1915 2162 1972 Vastandam
2210 1912 2655 1984 spoliandamqne
2725 1908 3033 1972 ecclesiam,
3080 1908 3243 1962 stulte
3274 1924 3413 1977 pra:-

1846 2016 2090 2063 texentes
2108 2005 2306 2061 Christi
2329 2004 2661 2059 divinitatem
2682 2003 2734 2056 iu
2754 2000 3408 2069 imaginecircumscribi.

1845 2098 2076 2155 Perinde
2093 2112 2154 2152 ac
2171 2097 2214 2151 si
2235 2097 2357 2167 quis
2383 2095 2558 2151 solare
2582 2094 2685 2149 hoc
2704 2102 2758 2147 et
2784 2095 2936 2148 disco
2954 2093 3127 2147 simile
3144 2106 3339 2161 corpus
3362 2093 3416 2146 in

1846 2191 2030 2259 aliquo
2051 2189 2171 2243 loco
2193 2187 2546 2255 descriptum,
2570 2176 2711 2239 sicut.
2742 2186 2796 2240 in
2832 2184 3158 2254 quibusdam
3182 2185 3413 2251 videtur,

1847 2280 2201 2341 ostendendo,
2235 2278 2586 2333 contenderet
2603 2277 2739 2331 lucis
2760 2277 3052 2332 essentiam
3074 2292 3137 2331 ac
3159 2275 3416 2345 splendo-

1847 2389 1956 2428 rem
1984 2370 2258 2427 conscribi
2282 2379 2334 2424 et
2360 2370 2763 2436 circumscribi,
2797 2362 2949 2423 aut'a
2972 2368 3087 2423 sole
3115 2367 3299 2421 lumen
3324 2367 3420 2420 ab-

1847 2465 2021 2528 scidi;
2074 2462 2341 2517 veladium
2372 2461 2506 2517 solis
2540 2462 2605 2514 ad
2641 2462 2889 2515 arborem
2919 2474 3299 2530 repercussum
3342 2460 3423 2512 vi-

1847 2554 2000 2619 dens,
2024 2554 2233 2608 succisa
2252 2553 2444 2607 arbore
2464 2550 2625 2605 simul
2642 2561 2696 2605 et
2714 2550 2923 2605 radium
2948 2550 3185 2605 conscidi
3201 2549 3418 2604 demen-

1850 2654 1929 2699 ter
1952 2646 2331 2699 arbitraretur.
2363 2641 2427 2695 Et
2456 2642 2536 2695 sic
2564 2652 2739 2694 tamen
2769 2641 2834 2695 de
2858 2641 2979 2708 igne
3004 2655 3067 2694 ac
3096 2640 3162 2693 de
3192 2640 3423 2709 quibus-

1852 2738 1973 2791 dam
1998 2736 2120 2789 aliis
2136 2734 2526 2803 upinabuntur,
2546 2741 2604 2785 ut
2630 2732 2822 2785 merito
2840 2748 2867 2783 a
2886 2730 3071 2799 pueris
3094 2729 3421 2798 nugantibus

1850 2828 2454 2893 illudantur'tanquam
2512 2822 2934 2889 imprudentiora
2988 2819 3306 2873 sentientes.
3359 2818 3417 2871 Si

1849 2919 1992 2973 enim
2014 2918 2087 2970 ita
2116 2916 2184 2969 de
2214 2912 2451 2983 praal‘atis
2471 2927 2569 2965 nec
2594 2910 2731 2977 ﬁeri,
2763 2925 2863 2966 nec
2890 2908 3089 2973 videri,
3127 2923 3227 2963 nec
3256 2909 3419 2963 etiam

1850 3008 1955 3064 dici
2008 3015 2203 3079 potest,
2244 3017 2449 3073 quanto
2489 2990 2776 3070 magis‘de
2818 2999 3075 3054 ineﬂ’abili
3125 3000 3419 3068 divinaque

181 3096 278 3168 τήν
305 3098 500 3151 ἀκτῖνα
530 3098 897 3168 παραφρόνως
941 3097 1220 3167 ἐνομίσθη.
1260 3098 1369 3151 Καὶ
1421 3095 1601 3165 μέντοι
1649 3093 1743 3145 καὶ

1852 3111 2047 3156 natura
2078 3108 2170 3153 aut
2214 3100 2284 3153 de
2310 3095 2658 3167 inenarrabili
2694 3092 3170 3163 inexplicabilique
3218 3091 3420 3146 Christi

182 3186 277 3238 ἐπὶ
307 3186 480 3256 πυρὸς
509 3187 603 3239 καὶ
635 3187 809 3239 ἄλλων
842 3187 1003 3239 τινῶν
1041 3187 1508 3257 διανοηθήσονται,
1548 3186 1632 3237 ἵνα
1663 3186 1746 3236 ὲν·-

178 3276 344 3339 δίκιυς
373 3279 522 3345 παρὰ
551 3277 758 3329 παίδων
796 3277 1101 3339 παιζόντων
1153 3277 1573 3346 παιχθήσωνται
1614 3291 1743 3343 φρο-

180 3366 401 3428 νοῦντας
433 3366 833 3437 ἀσυνετώτερα.
868 3367 928 3419 Εἰ
985 3367 1093 3437 γὰρ
1133 3367 1227 3419 ἐπὶ
1278 3368 1388 3420 τῶν
1436 3367 1746 3437 εἰρημένων

180 3453 305 3507 οὔτε
340 3454 586 3521 γίνεσθαι
619 3454 743 3507 οῦτε
772 3454 1001 3525 ὁρᾶσθαι
1027 3457 1270 3522 πέφυκεν
1300 3454 1422 3508 οὒτε
1458 3455 1561 3526 μὴν
1590 3457 1746 3521 λέγε-

180 3548 306 3613 σθαι
338 3549 521 3617 χώραν
552 3547 660 3611 ἕξει
685 3547 751 3612 ⁸⁷,
786 3550 937 3617 πόσῳ
963 3548 1162 3618 μᾶλλον
1187 3548 1279 3601 ἐπὶ
1302 3549 1401 3619 τῆς
1433 3550 1745 3619 ἀπορρήτου

180 3643 276 3690 καὶ
311 3639 465 3701 θείας
504 3639 719 3708 φύσεως
754 3640 784 3709 ἦ
819 3640 912 3691 ἐπὶ
943 3639 1042 3709 τῆς
1067 3640 1350 3711 ἀφράστου
1375 3640 1470 3692 καὶ
1503 3641 1748 3707 ἀνερμη-

179 3731 374 3783 νεῦτου
406 3732 643 3801 Χριστοῦ
682 3732 996 3798 οἰκονομίας
1036 3732 1208 3783 ταῦτα
1268 3730 1449 3797 λέγειν
1477 3730 1509 3799 ἢ
1542 3730 1746 3781 ἐννοεῖν

180 3822 421 3875 ἀδύνατα
457 3822 551 3875 καὶ
581 3824 1006 3890 ἀνεπιχείρητα·
1070 3819 1190 3871 οὐδὲ
1216 3820 1263 3852 ⁸⁸
1303 3819 1675 3884 σαρκούμενος
1714 3817 1745 3886 ἢ

184 3916 410 3983 πάσχων
440 3913 579 3982 ὑπὲρ
610 3913 788 3981 ήμῶν,
814 3910 892 3979 τῷ
918 3910 1130 3978 σώματι
1165 3910 1339 3979 τούτῳ
1376 3910 1420 3941 ⁸ο
1459 3908 1699 3960 πέπονθε
1730 3922 1744 3937 ο

179 4006 303 4056 ἐπεὶ
339 4001 481 4057 οὕτω
518 4018 581 4069 γε
613 4002 704 4052 καὶ
733 4002 783 4050 εἰ
811 3998 1097 4068 ἄνθρωπος
1122 3998 1181 4051 τὸ
1204 4000 1249 4030 ⁸ο
1278 3998 1400 4050 καθ’
1424 4001 1573 4069 ἡμᾶς
1602 4002 1748 4051 εἰκο-

179 4093 320 4155 νίζοι
355 4094 397 4121 ⁹²
432 4090 508 4160 τῷ
536 4090 767 4158 σώματι,
798 4089 1013 4159 ἀνάγκη
1038 4090 1132 4141 καὶ
1165 4089 1264 4158 τὴν
1293 4089 1470 4160 ψυχὴν
1501 4108 1747 4143 συνεικο-

180 4179 427 4243 νίζεσθαι
461 4180 493 4247 ἢ
532 4179 751 4242 πάντως
784 4178 1136 4247 τεθνήξεσθαι
1167 4180 1546 4252 χωριζομένην
1576 4183 1621 4213 ³³
1649 4199 1661 4212 ·
1694 4184 1747 4237 τί

178 4271 290 4341 γὰρ
328 4269 513 4339 ἕτερον
547 4269 775 4333 θάνατος
823 4269 855 4340 ἢ
890 4272 1167 4340 χωρισμὸς
1197 4271 1379 4341 ψυχῆς
1413 4275 1520 4324 ἀπὸ
1556 4274 1747 4343 σώμα-

177 4376 311 4425 τος;
362 4360 522 4413 Ὅθεν
560 4363 617 4415 ὲν
665 4360 877 4425 τούτοις
918 4361 1197 4431 φαίνονται
1250 4364 1533 4435 προδήλως
1594 4367 1749 4421 οὐδὲν

178 4448 348 4523 ἦττον
378 4452 706 4517 ἀσεϐοῦντες
760 4455 793 4524 ἢ
831 4456 1257 4526 ἀμαθαίνοντες·
1310 4457 1371 4509 οὐ
1406 4459 1513 4528 γάρ
1571 4461 1749 4512 ἴσασιν
1782 4450 1829 4507 D

178 4545 305 4597 ὅσον
331 4546 578 4613 γραπτοῦ
612 4548 708 4600 καὶ
739 4550 1125 4620 περιγραπτοῦ
1152 4551 1246 4602 τοῦ
1278 4567 1336 4602 τε
1368 4552 1606 4620 γράφειν
1657 4554 1751 4605 xui.

180 4638 556 4705 περιγράφειν
590 4638 649 4689 τὸ
682 4638 885 4701 ἰδιάζον
936 4642 1031 4693 καί
1061 4641 1480 4711 διηλλαγμένον,
1539 4647 1633 4695 καὶ
1666 4644 1753 4697 διὰ

177 4728 351 4780 τοῦτο
381 4729 793 4800 φενακιζόμενοι
848 4734 1320 4802 ματαιολογοῦσιν.
1358 4736 1465 4787 Ποῦ
1501 4735 1558 4787 δὲ
1614 4737 1753 4799 ὅλως

180 4819 348 4889 σῶμα
374 4818 617 4887 ἄγραφον
651 4821 681 4889 ἢ
718 4823 1096 4893 ἀπερίγραφον
1122 4828 1185 4879 ὲκ
1208 4828 1300 4879 τοῦ
1339 4828 1537 4890 παντὸς
1561 4829 1751 4891 αἰῶνος

179 4910 488 4978 ήκουσται;
524 4909 555 4979 ἢ
592 4908 707 4973 πῶς
731 4914 758 4963 ό
784 4912 876 4964 τοῦ
897 4916 1143 4983 σώματιε
1174 4920 1295 4988 ὄρος
1324 4922 1419 4972 καὶ
1450 4920 1607 4987 λόγος
1638 4938 1745 4973 aw-

179 5000 445 5071 θήσεται,
488 5004 535 5055 εἰ
578 4999 652 5072 μὴ
678 5004 850 5055 ταῦτα
884 5004 1037 5072 ἔχοις
1080 5006 1138 5058 '0
1166 5010 1346 5063 τοίνυν
1384 5013 1458 5082 μὴ
1510 5011 1751 5075 δοξάζων

179 5094 496 5163 γράφεσθαι
528 5093 559 5165 ἢ
594 5093 1024 5165 περιγράφεσθαι
1053 5099 1143 5149 τὸν
1173 5100 1405 5167 Χριστὸν
1437 5105 1669 5172 σώματι,
1700 5102 1732 5171 ἢ

1850 3191 2154 3247 meonomia
2192 3190 2315 3244 talia
2347 3189 2528 3243 dicere
2558 3195 2652 3241 aut
2691 3186 2929 3254 cogitare
2954 3184 3175 3238 Omnino
3213 3184 3419 3252 impos-

1851 3286 2011 3339 sibile
2071 3291 2175 3338 est.
2224 3280 2412 3350 Neque
2458 3295 2627 3344 enim,
2668 3278 2986 3331 incarnatus
3027 3284 3080 3329 et
3126 3291 3221 3345 pro
3265 3276 3421 3331 nobis

1852 3377 2088 3447 patiens,
2120 3388 2347 3443 corpore
2370 3372 2471 3425 hoc
2509 3370 2700 3424 tictitio
2729 3384 2920 3435 passus
2952 3377 3067 3432 est;
3104 3367 3343 3436 alioquin
3375 3366 3423 3420 si
3460 3408 3465 3413 .

1852 3469 1979 3538 quis
2013 3482 2112 3521 nos
2152 3476 2380 3531 corpore
2410 3467 2847 3527 reprzesentaret,
2898 3458 3061 3511 simul
3086 3467 3141 3511 et
3175 3460 3416 3512 animam

1854 3553 2229 3627 repraesentari
2249 3562 2540 3620 Oporteret,
2566 3551 2669 3613 vel,
2695 3549 2871 3601 anima
2896 3559 3161 3618 separata,
3179 3565 3421 3605 essemus

1854 3646 2111 3701 mortui:
2153 3642 2283 3710 quid
2336 3641 2480 3693 enim
2531 3640 2676 3692 aliud
2728 3654 2875 3693 mors
2920 3655 3082 3708 quam
3146 3641 3419 3709 separatio

1852 3737 2044 3790 animae
2067 3748 2097 3787 a
2122 3746 2349 3796 corpore
2367 3731 2389 3783 i
2409 3730 2561 3785 Unde
2586 3730 2638 3782 in
2668 3730 2769 3783 hoc
2800 3729 3089 3784 manifeste
3111 3740 3293 3798 patent
3322 3734 3421 3783 im-

1851 3828 1924 3895 pii
1950 3824 2151 3894 pariler
2181 3832 2235 3877 et
2258 3821 2429 3891 ignari
2460 3820 2692 3889 :quippe
2726 3820 2815 3888 qui
2850 3821 3103 3873 nesciunt
3154 3831 3419 3889 quantum

1850 3914 2178 3983 descriptum
2204 3927 2233 3965 a
2262 3913 2676 3979 circumscripto
2707 3920 2755 3963 et
2780 3908 3092 3962 describere
3125 3923 3155 3962 a
3183 3911 3421 3963 circum-

1852 4005 2135 4061 scribendo
2165 4004 2328 4059 distet
2357 4016 2421 4055 ac
2449 4004 2739 4068 discrepet,
2770 4001 3002 4068 ideoque
3039 4000 3249 4069 decepti
3274 4014 3413 4052 vana

1852 4097 2121 4152 eli'utiuut.
2166 4094 2337 4147 Porro
2387 4095 2475 4146 tibi
2522 4108 2758 4162 unquam
2803 4093 3048 4145 auditum
3105 4102 3189 4144 est
3213 4106 3412 4158 cnrpus

1851 4188 2087 4244 describi
2119 4197 2173 4242 et
2214 4186 2587 4241 circumscribi
2626 4201 2731 4238 non
2767 4185 2975 4253 posse?
3010 4193 3102 4236 aut
3138 4185 3414 4251 quomodo

1855 4282 2098 4349 corporis
2144 4288 2338 4333 natura
2382 4290 2435 4331 et
2492 4277 2627 4330 ratio
2660 4277 2971 4331 servabitur
3019 4278 3064 4329 si
3108 4276 3417 4342 hujusmodi

1859 4388 1989 4427 noni
2021 4372 2252 4442 gaudeat
2304 4368 2761 4441 proprietatibus?
2809 4368 2908 4433 Qui
2941 4368 3103 4436 igitur
3138 4368 3415 4421 Christum

1856 4479 2083 4532 corpore
2131 4463 2363 4517 describi
2401 4468 2495 4514 aut
2550 4457 2922 4515 circumscribi
2955 4466 3130 4526 negat,
3166 4460 3245 4511 vel
3293 4460 3421 4526 quid

1858 4555 1929 4609 sit
1962 4568 2160 4621 corpus
2211 4553 2441 4621 ignorat,
2488 4550 2820 4618 proindeque
2871 4557 3071 4602 rectam
3119 4563 3225 4600 non
3261 4548 3419 4601 habet

1858 4644 2205 4712 opinionem;
2239 4642 2322 4695 vel
2354 4656 2552 4710 corpus
2586 4655 2918 4708 cognoscens
2947 4639 3139 4692 anima:
3171 4650 3420 4692 naturam

1858 4753 1964 4789 non
1995 4744 2175 4789 servat
2223 4735 2502 4804 integram.
2546 4733 2647 4797 Qui
2677 4746 2803 4801 ergo
2838 4731 3119 4785 confitetur
3144 4731 3419 4784 Christum

1860 4829 2223 4898 assumpsisse
2250 4840 2448 4898 corpus
2481 4825 2696 4893 corpori
2727 4833 2915 4877 nostro
2944 4823 3140 4883 simile,
3169 4836 3287 4873 cum
3317 4821 3419 4871 hoc

1853 4932 2100 4974 nostrum
2129 4896 2362 4973 desciibi
2383 4925 2435 4969 et
2452 4914 2822 4971 circumscribi
2844 4923 3025 4983 queat,
3044 4912 3350 4965 necessario
3366 4920 3420 4961 et

1860 5011 2061 5065 Christi
2082 5024 2281 5077 corpus
2308 5007 2540 5061 describi
2560 5015 2613 5058 et
2631 5005 2998 5058 circumscribi
3021 5016 3175 5069 posse
3195 4998 3418 5051 conﬁte-

1846 5104 1990 5156 bitur
2024 5121 2037 5156 :
2068 5103 2114 5155 si
2165 5116 2269 5154 non
2320 5098 2612 5167 posterius,
2664 5110 2792 5163 ergo
2830 5108 2926 5148 nec
2963 5094 3110 5161 prius
3142 5090 3415 5154 concedet,

1340 5201 1536 5260 νει-ξω
1563 5200 1870 5260 lectiones
1902 5206 1961 5257 et
2011 5203 2201 5257 notae.

251 5294 376 5341 ηπ

175 5500 269 5553 διὰ
310 5516 365 5549 τ.
390 5501 547 5551 Coisl.
586 5504 706 5555 510.
784 5500 1178 5569 δῖὺποδείξαςῖ

176 5641 224 5672 ⁸³
248 5638 416 5691 τοῦτο
442 5639 501 5691 P.
534 5638 743 5693 τούτων
764 5660 815 5694 τι
845 5645 903 5698 C.

251 5294 299 5323 τ’
334 5307 431 5361 πρ.
468 5294 573 5345 τῶν
612 5312 670 5350 π.
696 5296 800 5364 γῆν
828 5294 1205 5366 στρεφομένων
1235 5296 1329 5346 καὶ
1360 5300 1747 5368 ἰλυσπωμένων
1781 5300 1865 5350 ed.
1968 5297 2016 5327 ’³
2058 5294 2099 5346 τὶ

178 5362 338 5442 δοξον
376 5363 498 5442 alid.
549 5363 610 5442 (Ζε
639 5367 788 5442 ιὸιρ.
842 5368 883 5397 ⁷⁸
915 5363 1262 5442 καταθυμίω·ι
1292 5368 1377 5442 ed.
1439 5370 1483 5442 ’ὲ
1509 5370 1629 5420 δ.ἀ.
1664 5385 1720 5434 μ.
1755 5370 1799 5442 ὲ..
1823 5365 1951 5442 Ced.
1979 5363 2099 5417 5l0.

178 5432 227 5461 ”
253 5422 576 5498 ἐσχεδίαστο
596 5433 672 5487 Id.
725 5422 1274 5504 δοσχηματοφυλακήν
1296 5434 1355 5485 Ρ.
1382 5440 1501 5492 cod.
1529 5422 1746 5503 etpraeu

178 5500 269 5549 διὰ
310 5516 365 5549 τ.
390 5501 547 5549 Cuisl.
586 5504 705 5549 510.
784 5507 830 5537 ⁸³
862 5502 1178 5549 ὑποδείὲαεῖ
1258 5503 1301 5532 ⁸⁵
1337 5511 1429 5549 καὶ
1461 5524 1498 5549 π
1543 5522 1648 5549 mn-
1679 5506 1746 5549 ἰῖιπ

1852 5436 1907 5486 ιιί
1934 5450 2101 5501 σχημ.
2158 5432 2198 5461 ⁸¹
2224 5431 2279 5481 δέ
2312 5446 2421 5481 om.
2458 5430 2621 5481 Cussl.
2662 5427 2781 5480 ⁸510.
2848 5428 2887 5456 δ’
2914 5426 3144 5491 amca.
3171 5422 3408 5474 τουτοδίῖ

1881 5505 2002 5549 5m-
2073 5502 2115 5531 ⁸⁵
2156 5501 2232 5549 sic
2263 5500 2382 5549 cod.
2419 5508 2469 5549 ct
2499 5498 2557 5549 Ρ.
2591 5500 2641 5549 ἡ.
2669 5496 2821 5547 εἵπου
2852 5494 3051 5549 δένδοω
3082 5494 3165 5545 ed.
3248 5495 3290 5524 ⁸⁸
3315 5493 3408 5549 ἤδη

177 5505 269 5553 διὰ
310 5516 365 5549 τ.
390 5505 547 5551 Cuisl.
586 5505 706 5555 510,
784 5507 830 5537 ⁸³
862 5505 1178 5569 ὑποδείξαςῖ
1258 5505 1301 5532 δ’
1337 5511 1429 5555 καὶ
1461 5524 1516 5559 π.
1543 5522 1649 5557 om.
1679 5506 1746 5557 Cc

177 5574 229 5624 ὲ.
257 5571 318 5620 δέ
346 5571 491 5631 cod.,
525 5570 637 5640 ᾔδει
670 5575 717 5625 εἰ
759 5576 874 5628 ἐκτ.
912 5576 970 5626 τὸ
991 5575 1037 5625 δ.
1076 5594 1121 5625 σ.
1158 5575 1219 5624 Ρ.
1260 5573 1380 5634 ίδοι,
1412 5577 1519 5626 έντ,
1555 5575 1609 5625 δὲ
1641 5576 1746 5626 ςδθ

177 5641 224 5672 ⁸9
248 5638 416 5674 τηιίοῆ
445 5639 479 5674 p
536 5642 743 5674 mnl'mvhnn
764 5660 809 5674 ειη
845 5645 881 5674 Ι¹
995 5645 1041 5674 Io
1070 5644 1173 5674 ωιτη.
1209 5660 1239 5674 ν
1289 5644 1317 5674 δι
1392 5644 1640 5674 Εἶυίιιιῖινῑνι
1674 5664 1702 5674 ι-

1881 5505 2002 5557 510.
2073 5505 2115 5531 ⁸⁵
2156 5505 2232 5554 sic
2263 5505 2382 5550 cod.
2419 5508 2469 5549 υι
2499 5505 2557 5549 l’.
2591 5505 2641 5564 η.
2669 5505 2821 5547 simu
2852 5505 3051 5562 δένδρῳ
3082 5505 3165 5545 ett.

1849 5590 2021 5641 JVSTX.
2054 5573 2139 5625 ed.
2236 5570 2277 5599 ⁸⁷
2314 5568 2439 5634 ἐξῆν
2472 5570 2615 5630 (εοιί.,
2646 5566 2785 5629 ἕξειν
2817 5566 2876 5615 Ρ.
2957 5564 3000 5594 ⁸⁸
3034 5566 3137 5631 γάρ

1854 5645 1900 5674 ut
1959 5645 2016 5674 ρλ
2048 5660 2077 5674 υ
2131 5642 2159 5674 ιλ
2214 5642 2234 5674 ὲ
2299 5655 2327 5674 η
2388 5638 2422 5674 υ
2546 5638 2584 5667 9³
2622 5638 2724 5674 civ,
2759 5634 2901 5674 Cnis‘l
2952 5634 3052 5674 3'0

178 5641 224 5672 ⁸³
248 5638 416 5691 τοῦτο
442 5639 501 5691 P.
534 5638 743 5693 τούτων
764 5660 815 5694 τι
845 5645 903 5698 C.
995 5645 1041 5674 ὀ
1070 5644 1173 5694 τῶν
1209 5660 1261 5693 κ.
1289 5644 1339 5709 ἦ.
1392 5644 1644 5705 εἰκονίζοι
1674 5664 1725 5697 τ.
1761 5638 2016 5697 σ.ρι1.’τὸ
2048 5660 2098 5694 κ.
2214 5642 2260 5703 ὲ,
2299 5655 2347 5689 σ-
2388 5638 2443 5689 Ρ.

178 5710 429 5778 ζομένων
461 5710 544 5762 cd.
580 5713 840 5779 χωριζὸμ.
899 5715 1017 5767 COtl.
1072 5714 1431 5782 χωριζόμενον
1486 5716 1650 5768 Coisl.
1709 5717 1833 5769 510.

1968 5297 2016 5327 ’³
2058 5294 2115 5346 τὸ
2150 5294 2430 5361 φίλαρχον,
2462 5292 2521 5341 τὸ
2562 5291 2819 5361 φίλαυτον
2844 5288 2901 5361 C.
2935 5284 3175 5361 5|_0.__“
3205 5283 3417 5361 ἧ-κενό-

2197 5364 2236 5392 "
2270 5354 2517 5411 ἐντεῦθεν
2573 5354 2646 5411 id.
2736 5358 2779 5387 "‘
2812 5360 2922 5414 τοῖς
2980 5355 3183 5405 ἐκεῖθεν
3226 5356 3271 5403 δ.
3336 5354 3411 5403 id.

2226 5431 2277 5455 τοι.
2314 5446 2395 5455 η...
2458 5430 2597 5455 r‘.....t
2662 5427 2761 5455 ειη
2848 5428 2887 5455 et
2914 5426 3020 5455 λαμ.
3062 5427 3120 5455 ml
3171 5422 3415 5455 ..ηιμ-..λέν

3248 5495 3290 5524 ⁸⁸
3315 5493 3417 5561 ἤδη

2236 5570 2277 5599 ετ
2314 5568 2439 5634 ἐξῆν
2472 5563 2620 5630 com,
2646 5566 2785 5629 ἕξειν
2817 5566 2876 5615 P.
2957 5564 3000 5594 ιε
3034 5566 3137 5631 γάρ
3169 5563 3289 5615 add.
3325 5564 3411 5615 ut,

2546 5638 2584 5667 θ’
2622 5638 2728 5685 εἱκ.
2759 5634 2923 5687 Coisl.
2952 5634 3076 5686 510.
3180 5634 3224 5663 “
3254 5649 3417 5702 χωρι-
