4112 6298
159 332 286 397 1251⁷

1314 318 1775 387 CHRONICON.
1818 349 1886 359 -
1926 326 2077 387 LIB.
2118 329 2219 391 VI.

3219 328 3321 392 125
3334 330 3367 390 8

159 441 321 507 σέλιυς
371 439 598 509 ὑποψίαν
642 437 912 507 παρέσχεν
955 437 1027 499 ὡς
1077 437 1224 501 παρὰ
1271 436 1364 491 τοῦ
1412 436 1694 504 λογοθέτου

1816 435 1937 489 ledit
1971 444 2029 489 ut
2056 453 2084 491 a
2113 438 2380 504 logotbeta
2408 452 2612 491 veneno
2653 437 2899 493 sublatus
2933 457 2945 492 :
2976 453 3143 508 quare
3172 439 3261 496 hic
3290 444 3369 497 ab

158 532 423 602 φαρμάκῳ
462 530 729 600 ἀνῄρητο·
762 531 842 583 διὸ
885 529 978 582 καὶ
1026 527 1178 599 παρὰ
1193 528 1238 559 ³⁵
1272 518 1393 581 τῶν
1419 527 1497 597 τῷ
1546 528 1696 580 Ῥου-

160 623 311 683 σελίῳ
336 621 716 691 προσηκόντων
748 620 824 690 τῷ
868 620 1192 691 Βοτανειάτῃ
1233 619 1580 689 παραδοθεὶς,
1618 620 1697 680 εἰς

163 714 283 782 μίαν
309 709 456 782 [τῶν]
491 711 597 780 πρὸ
624 711 723 778 τῆς
753 710 1025 779 βασιλίδος
1061 712 1171 763 τῶν
1198 711 1402 773 πόλεως
1429 708 1698 777 κειμένων

158 804 328 871 νήσων
373 800 759 870 περιορέζεται.
818 802 887 853 Οί
938 802 994 853 δέ
1057 818 1117 867 γε
1164 801 1291 870 περὶ
1339 801 1428 852 τὸν
1480 800 1701 869 βασιλέα

156 880 465 955 δεδοικότὲς,
498 890 569 951 ὡς
598 892 678 952 είς
709 891 830 959 ὄψιν
865 883 1143 944 ἐλεύσεται
1176 890 1504 961 τῷβασιλεῖ,
1535 900 1701 959 προσ-

157 982 483 1049 ληφθήσεται
543 982 635 1034 καὶ
690 983 895 1045 πάντας
950 984 1452 1052 παραγκωνίσεται,
1513 983 1703 1034 ὑποτι-

160 1072 307 1125 Οέισι
333 1074 407 1140 τῷ
440 1068 790 1147 Βοτανειάτῃ,
809 1074 1102 1145 ἀμυθήτων
1124 1075 1377 1148 εὐπορεῖν
1406 1072 1702 1143 χρημάτων

160 1164 247 1213 τὸν
270 1161 578 1232 λογοθέτην,
610 1165 705 1216 καὶ
731 1164 903 1217 ταῦτα
924 1164 998 1233 τῷ
1028 1162 1290 1233 βασιλικῷ
1317 1162 1512 1231 χρῆναι
1533 1176 1703 1231 προσ-

160 1251 436 1320 ενεχθῆναι
486 1253 717 1321 ταμείῳ.
768 1253 1048 1306 Στέλλεται
1088 1254 1267 1306 τοίνυν
1310 1253 1339 1303 6
1386 1248 1705 1320 Στραϐορω-

164 1344 347 1409 μανὸς,
383 1343 552 1411 μέγας
577 1330 957 1413 ἑταιρειάρχης
1003 1345 1125 1396 τότε
1156 1344 1440 1413 γενόμενος
1460 1382 1474 1404 ,
1502 1341 1706 1410 ἐρωτή-

162 1447 264 1480 σων
286 1430 373 1481 τὸν
405 1431 686 1501 ἄνθρωπον
709 1433 815 1502 ὅπη
839 1433 985 1503 αὐτῷ
1006 1433 1073 1487 τὰ
1101 1434 1357 1503 χρήματα
1382 1432 1708 1502 κέκρυπται.

157 1518 227 1569 0i
254 1518 307 1569 δὲ
339 1521 465 1588 περὶ
498 1520 589 1571 τὸν
638 1521 860 1587 βασιλέα
909 1518 1002 1583 οὓς
1044 1522 1139 1575 καὶ
1166 1521 1457 1574 δεδοικέναι
1485 1521 1585 1588 τὴν
1615 1517 1707 1572 τοῦ

161 1603 440 1671 λογοθέτου
491 1608 795 1674 παρουσίαν
844 1610 872 1659 6
924 1608 1080 1677 λόγος
1126 1610 1556 1678 προδιηγήσατο,
1592 1606 1713 1660 πεί-

158 1684 309 1746 θουσι
358 1695 449 1747 τὸν
499 1696 964 1767 Στραϐορωμανὺν
992 1697 1197 1751 ἀνελεῖν
1219 1698 1309 1751 τὸν
1335 1694 1616 1767 ἄνθρωπον
1648 1697 1711 1749 ὲκ

1808 524 2003 581 Urselii
2043 525 2242 581 familia
2282 529 2549 583 Botaniati
2588 528 2834 594 traditus,
2881 530 2935 583 in
2967 544 3128 584 unam
3158 531 3372 587 insula-

1810 630 1930 670 rum
1980 627 2103 672 ante
2136 619 2347 673 urbium
2390 619 2631 689 reginam
2663 620 2887 673 sitarum
2921 621 3211 691 relegatur.
3259 625 3371 679 lm—

1809 711 2076 777 peratoris
2134 719 2307 765 autem
2363 712 2597 774 ministri
2650 713 2901 767 timentes
2952 729 3019 767 ne
3072 715 3373 785 imperato-

1810 799 1885 852 ris
1905 798 2076 855 oculis
2135 800 2222 869 ille
2262 801 2518 871 placeret,
2558 814 3032 873 assumereturque
3082 816 3137 861 et
3177 821 3371 865 omnes

1812 890 2048 967 ejiceret,
2095 892 2355 961 efllngunt
2402 892 2665 949 Botaniati
2719 895 3042 963 logotbetam
3088 897 3372 979 immensis

1813 979 2086 1036 abundare
2118 982 2341 1050 divitiis,
2361 998 2561 1052 easque
2586 984 2637 1037 in
2660 987 2850 1039 aerario
2873 986 3138 1051 imperiali
3182 993 3371 1060 reponi

1815 1070 2029 1127 debere.
2079 1069 2311 1128 Mittitur
2348 1076 2531 1143 itaque
2564 1074 3041 1143 Straboromanus,
3083 1088 3212 1135 tunc
3254 1097 3375 1137 ma-

1815 1176 1953 1229 gnus
2007 1163 2378 1227 hetaeriarclia,
2451 1166 2822 1221 sciscitaturus
2888 1167 2955 1221 ab
3002 1168 3226 1226 homine
3277 1171 3371 1227 ubi

1816 1264 1946 1318 opes
1997 1266 2125 1328 suas
2169 1251 2565 1309 abscondisset.
2602 1253 2832 1311 Ministri
2864 1272 2992 1312 vero
3027 1259 3371 1328 imperatoris

1818 1355 1956 1408 quos
1989 1341 2273 1412 logotbeta:
2304 1346 2651 1413 praesentiam
2694 1347 2883 1402 timere
2912 1363 3078 1420 supra
3110 1350 3372 1413 diximus,

1818 1430 2044 1484 suadent
2094 1428 2517 1489 Straboromano
2543 1446 2600 1490 ut
2626 1437 2771 1490 omni
2805 1449 2963 1506 paeto
3002 1440 3174 1493 virum
3207 1443 3377 1497 inter-

1817 1516 1981 1571 ﬁciat.
2012 1517 2059 1571 Is
2084 1528 2286 1583 autem,
2319 1535 2441 1574 cum
2468 1521 2762 1590 appulisset
2797 1522 2864 1578 ad
2899 1527 3157 1593 insulam,
3190 1529 3375 1597 inqua

1820 1606 1982 1660 homo
2009 1606 2313 1672 exsulabat,
2338 1610 2483 1665 hunc
2510 1622 2616 1665 tam
2644 1610 2773 1666 dirae
2806 1614 3038 1682 subjecit
3063 1621 3372 1685 quaestioni,

1822 1705 1880 1749 ut
1914 1696 1969 1749 in
2015 1698 2153 1766 ipsis
2185 1699 2469 1757 tormentis
2515 1703 2890 1771 exspiraverit,
2934 1710 3186 1774 quamvis
3220 1711 3375 1777 polli-

161 1787 358 1854 τρόπου
415 1789 612 1850 παντός
641 1805 653 1818 ·
688 1788 747 1851 ὃς
792 1791 886 1842 καὶ
917 1790 1207 1860 γενόμενος
1244 1789 1403 1853 ,κατὰ
1430 1791 1531 1861 τὴν
1565 1790 1711 1857 νῆσοι

1816 1785 2039 1842 cer'etur
2072 1804 2130 1843 se
2157 1792 2336 1846 omnia
2380 1792 2427 1844 ri
2458 1793 2798 1863 chirographi
2829 1795 3104 1862 daturum,
3155 1794 3201 1852 Si
3232 1815 3369 1868 qua:-

161 1869 278 1946 ὲνῇ
323 1875 669 1947 περιώριστο,
716 1877 895 1941 ἐτάζει
926 1879 1015 1930 τὸν
1040 1880 1205 1949 ἄνδρα
1259 1879 1400 1931 οὕτω
1432 1878 1697 1948 σφοδρῶς,

1818 1878 1981 1931 stioni
2016 1880 2357 1935 eximeretur.
2393 1878 2483 1935 Sic
2510 1879 2674 1951 igitur
2702 1884 2791 1937 ille
2818 1886 2996 1953 periit.

156 1964 233 2030 ὼς
273 1969 330 2022 ὲν
352 1971 543 2032 αὑταῖς
612 1974 732 2035 ταῖς
776 1973 1025 2042 βασάνοις
1044 1974 1371 2048 ἐναποψύξαι
1392 1989 1405 2003 ’
1447 1971 1727 2027 καὶταῦτα
1763 1971 2190 2041 ὑπισχνούμενον
2220 1976 2272 2007 ⁵⁸
2299 1974 2374 2038 ὡς
2400 1978 2571 2029 πάντα
2588 1964 2703 2047 δοίη
2752 1978 3169 2051 ὲνυπογρόιιρως,
3199 1987 3245 2038 εί
3279 1988 3372 2041 τὸν

162 2054 396 2132 ἑτασμδν
432 2062 821 2135 [δια]φεύξοιτο
843 2081 859 2097 ·
888 2067 914 2117 6
939 2065 1034 2134 μὲν
1055 2062 1146 2118 οὖν
1201 2066 1371 2128 οὕτως
1414 2064 1711 2118 ἀπόλωλεν.

238 2154 280 2184 ⁵⁷
305 2153 414 2224 (17)
460 2153 505 2184 ⁸⁸
563 2156 625 2206 Oi
675 2156 731 2207 δὲ
787 2157 1059 2225 Κομνηνοὶ
1108 2158 1136 2207 6
1197 2157 1463 2216 Ἰσαάκιος
1517 2155 1610 2205 καὶ
1639 2152 1712 2223 [6]

173 2240 404 2303 Ἀλέξιος
457 2243 897 2311 ὑπερϐαλλόντως
970 2244 1105 2312 πρὸς
1159 2244 1251 2296 τοῦ
1306 2244 1568 2312 βασιλέως
1619 2243 1711 2297 καὶ

160 2319 448 2398 τετίμηντο
492 2332 587 2382 καὶ
639 2333 975 2400 ἐστέργοντο,
1032 2333 1126 2383 καὶ
1182 2323 1459 2400 διαδόχους
1515 2330 1711 2391 αὐτοὺς

159 2415 258 2483 τῆς
292 2414 564 2483 βασιλείας
595 2419 863 2487 ὠνόμαζε.
901 2419 991 2471 Διὸ
1029 2420 1120 2473 καὶ
1153 2421 1299 2488 παρὰ
1327 2420 1437 2472 τῶν
1462 2419 1589 2487 περὶ
1622 2419 1710 2471 τὸν

162 2505 519 2577 Βοτανειάτην
590 2511 832 2581 σφοδρῶς
890 2510 1308 2575 ὲϐασκαίνοντο,
1370 2512 1464 2565 καὶ
1515 2511 1713 2579 μᾶλλον

160 2596 313 2665 παρὰ
346 2597 450 2649 τῶν
484 2598 790 2666 εἰρημένων
813 2598 904 2650 δύο
934 2598 1133 2650 δούλων
1164 2597 1351 2660 αὐτοῦ,
1377 2596 1425 2669 οἳ
1454 2597 1548 2649 καὶ
1580 2598 1715 2664 πρὸς

160 2691 366 2741 ἐκεῖνον
397 2689 522 2751 τοὺς
551 2690 749 2759 ἄνδρας
803 2690 1100 2755 διέϐαλλον,
1132 2689 1209 2753 ὠς
1236 2688 1527 2756 τυραννίδα
1557 2686 1715 2754 ςίελεέ

159 2779 389 2841 τῶντας,
422 2781 515 2832 καὶ
543 2780 640 2848 τὴν
672 2781 752 2842 είς
795 2780 991 2840 αὐτοὺς
1043 2777 1137 2831 τού
1187 2777 1448 2848 βασιλέως
1476 2776 1714 2829 διάθεσιν

162 2869 479 2939 ὑπώρυττόν
530 2887 589 2921 τε
640 2873 732 2922 καὶ
763 2869 1170 2939 ζπαρεσάλευον.
1210 2871 1275 2922 Ὃ
1324 2869 1539 2935 γνόντες
1566 2861 1710 2918 οὗτοι

161 2962 257 3013 καὶ
306 2963 459 3030 μήτι
517 2946 730 3013 πάθωσι
767 2959 1111 3030 πτοηθέντες,
1160 2960 1233 3020 ὡς
1286 2959 1341 3010 δὲ
1389 2958 1565 3025 λόγος,
1616 2957 1708 3007 καὶ

1890 2151 2158 2207 Comneni
2184 2140 2366 2208 autem
2399 2155 2616 2211 lsaacus
2641 2166 2694 2212 et
2716 2158 2936 2215 Alcxius
2958 2161 3026 2216 ab
3051 2162 3374 2234 imperatore

1816 2230 2049 2298 maxime
2088 2244 2495 2299 honorabantur
2542 2248 2969 2319 amabanturque
3044 2230 3193 2323 regni
3247 2272 3374 2319 suc-

1817 2346 2062 2387 cessores
2098 2348 2189 2389 eos
2230 2346 2477 2391 vocante.
2528 2337 2714 2407 Itaque
2746 2341 2934 2395 aulicis
2967 2357 3162 2412 magno
3222 2359 3376 2401 erant

1818 2420 1872 2474 in
1904 2420 2047 2489 odio,
2081 2438 2142 2477 ac
2172 2433 2468 2491 prwsertlm
2499 2428 2736 2494 praefatis
2771 2429 2984 2486 duobus
3008 2433 3129 2499 ejus
3152 2436 3323 2491 servis
3355 2456 3369 2490 :

1822 2512 1916 2580 qui
1968 2511 2110 2581 apud
2154 2515 2301 2567 hunc
2336 2516 2461 2571 illos
2498 2518 2641 2573 viros
2694 2517 3167 2579 calumniabantur
3216 2528 3371 2593 quasi

1823 2606 2161 2673 tyrannidem
2227 2606 2578 2672 aﬂ‘ectarcnt,
2658 2610 2709 2664 in
2776 2625 2977 2679 eosque
3034 2615 3371 2683 imperatoris

1822 2689 2170 2744 offensionem
2214 2693 2545 2746 excitabant.
2576 2693 2692 2760 Quo
2734 2696 2938 2759 audito,
2976 2698 3073 2763 illi,
3124 2714 3201 2753 ne
3237 2704 3369 2768 quid

1819 2778 1946 2831 mali
1998 2776 2099 2832 sibi
2155 2782 2458 2845 accideret,
2516 2791 2566 2835 et
2630 2790 2687 2835 ut
2741 2784 2957 2849 dicitur,
3004 2787 3115 2855 jam
3164 2790 3367 2856 pridem

1820 2870 1967 2938 regni
2005 2870 2310 2938 cupidinem
2359 2872 2623 2936 foventes,
2656 2873 2995 2929 manifestato
3022 2878 3215 2943 quibus
3239 2886 3401 2933 con-‘

1816 2959 2048 3013 ﬁdebant
2102 2975 2202 3014 suo
2264 2961 2509 3025 consilio,
2561 2961 2762 3029 egressi
2812 2973 2936 3016 sunt
2987 2980 3053 3018 ex
3109 2968 3259 3030 urbe.
3318 2980 3372 3022 et

162 3049 331 3102 πάλαι
383 3052 511 3118 παρ’
552 3053 761 3112 ἑαυτοῖς
805 3052 893 3103 τὸν
950 3052 1047 3120 τῆς
1100 3049 1377 3123 βασιλείας
1426 3051 1711 3119 τρέφοντες

1817 3051 2161 3119 Adrianopoli
2192 3062 2368 3120 capta,
2417 3053 2481 3106 ad
2515 3067 2571 3107 se
2614 3063 2782 3106 totum
2816 3053 2929 3108 fere
2962 3059 3260 3111 exercitum
3292 3071 3372 3125 at:

160 3139 359 3207 ἔρωτα,
386 3144 483 3192 καὶ
510 3139 689 3201 ἄλλοις
718 3136 797 3203 οἷς
829 3142 1091 3211 ἐθάρρουν
1116 3142 1176 3193 τὸ
1208 3142 1476 3209 βούλευμα
1526 3158 1714 3193 κοινω-

162 3230 410 3298 σάμενοι,
441 3229 665 3297 ἐξῆλθον
696 3232 792 3299 τῆς
820 3231 1051 3291 πόλεως’
1081 3231 1173 3282 καὶ
1200 3232 1297 3299 τὴν
1322 3232 1476 3283 πόλιν
1509 3230 1717 3301 Ἀδρια-

158 3322 256 3373 νοῦ
307 3322 717 3392 κατειληφότες,
746 3323 908 3391 900
942 3326 1020 3384 είς
1070 3324 1295 3385 ἑαυτοὺς
1347 3323 1408 3375 τὸ
1450 3324 1713 3393 στρατιω-

157 3411 309 3463 τικδν
343 3412 557 3481 ξύμπαν
605 3414 789 3481 σχεδὸν
828 3414 1203 3466 ἐπεσπάσαντο
1226 3430 1240 3443 °
1275 3416 1367 3468 καὶ
1414 3416 1713 3485 ἀναγορεύ-

161 3517 282 3554 εται
322 3503 567 3571 βασιλεὺς
602 3506 629 3556 ὁ
677 3502 907 3567 Ἀλέξιος
934 3505 1025 3559 τοῦ
1077 3507 1319 3575 μείζονος
1358 3505 1714 3574 προτιμηθεὶς

164 3593 416 3660 ἀδελφοῦ,
450 3596 531 3646 ὅτι
577 3610 637 3645 τε
672 3596 1025 3663 προσέκειντο
1080 3596 1252 3661 τούτῳ
1297 3596 1344 3663 oi
1386 3593 1713 3660 στρατιῶται

167 3683 365 3751 μᾶλλον
396 3684 469 3746 ὡς
516 3684 1026 3753 στρατηγικωτέρῳ,
1056 3683 1147 3732 καὶ
1180 3682 1257 3732 ὅτι
1294 3681 1493 3748 σπουδῇ
1523 3696 1579 3730 τε
1622 3681 1714 3731 καὶ

162 3776 488 3843 ὑποσχέσεσι
521 3775 669 3839 παρὰ
708 3773 813 3821 τῶν
874 3771 999 3837 περὶ
1037 3770 1196 3821 αὑτὸν
1228 3769 1710 3839 μεθειλκύσθησαν.

161 3865 349 3925 Οὕτως
383 3865 472 3915 οὖν
499 3860 822 3929 ἀναρρηθεὶς
861 3862 887 3911 6
934 3859 1184 3921 Ἀλέξιος,
1205 3860 1408 3912 καὶτοῦ
1446 3861 1712 3913 Ἱσαακίου

164 3955 245 4023 μὴ
280 3955 414 4003 πάνυ
444 3970 493 4003 τι
529 3952 660 4022 πρὸς
690 3952 786 4021 τὴν
820 3953 1118 4023 ἀνάρρησιν
1152 3954 1593 4023 δυσχεράναντος,
1616 3956 1713 4021 τὴν

162 4044 413 4119 βασιλίδα
465 4045 871 4111 καταλαμϐάνει
902 4046 995 4098 καὶ
1030 4046 1165 4115 πρὸς
1210 4047 1523 4118 πολιορκίαν
1563 4029 1714 4116 ἡτοί-

159 4154 361 4205 μαστο.
417 4136 473 4187 ’0
514 4136 570 4189 δὲ
617 4137 974 4207 Βοτανειάτης
1013 4141 1125 4202 τοῖς
1172 4139 1406 4209 τείχεσιν
1448 4140 1741 4208 ἐπέστησε

158 4230 408 4296 φύλακας
454 4244 464 4257 ·
516 4224 655 4298 ἦσαν
714 4229 768 4283 δὲ
816 4230 943 4300 περί
979 4232 1022 4262 ⁸ο
1050 4248 1170 4283 τινα
1209 4230 1414 4301 πύργον
1467 4231 1601 4301 πρὸς
1649 4234 1714 4300 τῇ

159 4321 310 4392 πύλῃ
344 4322 440 4389 τῆς
471 4322 696 4386 πόλεως,
719 4325 751 4395 ἢ
774 4325 1010 4392 Χαρσίου
1054 4324 1317 4387 καλεῖται,
1351 4324 1716 4403 φυλάσσοντες

1818 3153 2118 3197 traxerunt.
2184 3139 2339 3198 Tunc
2387 3144 2647 3198 salutatur
2678 3146 2967 3213 imperator
3003 3148 3222 3203 Alexius
3260 3166 3374 3203 ma~

1811 3233 1917 3301 jori
1982 3236 2317 3304 antepositus
2380 3224 2556 3301 fratri,
2622 3247 2733 3289 tum
2800 3237 2926 3303 quia
2981 3240 3171 3293 melius
3220 3250 3369 3294 erant

1818 3319 1994 3379 allecti
2025 3328 2224 3380 milites
2256 3326 2307 3378 in
2338 3340 2456 3376 eum
2490 3333 2671 3390 utpote
2708 3325 2829 3376 belli
2872 3325 3203 3391 peritiorem,
3254 3339 3363 3385 tum

1818 3415 1940 3481 quia
1977 3416 2154 3466 studio
2194 3421 2246 3463 ct
2286 3411 2567 3477 promissis
2610 3410 2884 3467 fautorum
2917 3415 3035 3483 ejus
3076 3419 3249 3474 allecti
3279 3436 3365 3474 cs-

1816 3510 1956 3551 scut.
2002 3499 2092 3551 Sic
2124 3500 2281 3567 igitur
2309 3499 2667 3569 prec-laniatus
2713 3498 2953 3571 Alexius,
2984 3504 3166 3562 lsaaco
3212 3525 3365 3579 aequo

1814 3589 1997 3639 animo
2028 3589 2251 3653 ferente,
2290 3591 2572 3657 occuparit
2602 3592 2880 3659 imperium
2928 3610 3093 3666 seque
3120 3601 3183 3653 ad
3218 3603 3365 3656 urbis

1814 3679 2153 3733 obsidionem
2231 3681 2482 3733 accinxit.
2549 3674 2855 3737 Botaniates
2918 3701 3042 3740 vero
3097 3693 3364 3745 moenibus

1814 3768 2105 3837 prmposuit
2142 3771 2413 3822 CibiOLICS.
2452 3768 2619 3823 Porro
2670 3772 2853 3837 turris,
2889 3775 2987 3827 sita
3020 3790 3183 3844 prope
3215 3782 3363 3833 urbis

1815 3870 2020 3927 le’latll
2055 3877 2173 3929 qua:
2206 3862 2418 3914 Charsii
2460 3874 2699 3925 vocatur,
2738 3865 3141 3919 custodiebatur
3195 3884 3222 3921 a
3258 3870 3357 3923 Ne-

1817 3952 1989 4005 tnilzis
2022 3951 2270 4023 (Neruitzi
2304 3963 2458 4005 erant
2489 3953 2707 4005 uati0ne
2734 3955 2913 4023 Celtae)
2941 3974 2955 4009 :
2989 3957 3041 4008 bi
3073 3973 3193 4011 cum
3226 3961 3363 4012 ami-

1814 4045 1893 4098 cis
1918 4044 2177 4097 Cornneni
2210 4044 2456 4098 collocuti
2481 4053 2607 4097 sunt
2634 4042 2698 4096 de
2730 4048 2858 4098 urbe
2891 4047 3364 4113 proglcndadllane

1815 4136 1979 4203 igitur
2024 4134 2154 4189 feria
2189 4135 2373 4203 quinta
2401 4133 2622 4202 Majoris
2673 4132 3029 4193 Hebdomades
3059 4120 3361 4192 salutifera:

1817 4227 2110 4282 Salvatoris
2155 4226 2328 4281 nostri
2366 4226 2656 4290 Passionis,
2692 4227 2789 4281 viri
2833 4226 3090 4281 Conineni
3131 4232 3363 4283 exterio-

1819 4334 1930 4372 rem
1963 4334 2176 4372 murum
2218 4319 2520 4387 oppositum
2575 4320 2706 4372 turri
2735 4334 2761 4371 a
2802 4317 3055 4373 Nezuitzis
3088 4322 3365 4375 custodita:

160 4412 649 4483 Νὲμιτζοι-Ξονος
683 4415 725 4464 δ’
758 4416 806 4466 oi
829 4413 1087 4484 Νέμιτζοι
1109 4416 1151 4446 ⁶¹
1204 4414 1550 4467 Κελτικὸν-υ
1571 4408 1711 4467 οὗτοι

1818 4411 2053 4480 aggressi
2100 4410 2401 4477 suntjuxta
2431 4408 2863 4465 conventionem.
2917 4410 3015 4475 Qui
3047 4426 3174 4463 vero
3225 4414 3364 4467 hunc

160 4502 340 4572 λάθρα
395 4507 504 4566 τοῖς
553 4506 678 4573 περὶ
718 4506 839 4567 τοὺς
874 4506 1192 4575 Κομνηνοὺς
1241 4494 1714 4575 ὲκοινολογήσαντὸ

161 4596 298 4665 περὶ
349 4596 635 4665 προδοσίας
694 4597 790 4664 τῆς
849 4596 1072 4657 πόλεως.
1104 4596 1308 4647 ’Έωθεν
1330 4593 1421 4646 οὖν
1448 4594 1589 4646 κατὰ
1617 4594 1715 4660 τὴν

159 4685 409 4754 μεγάλην
466 4688 720 4753 πέμπτην
789 4686 887 4754 τῆς
956 4684 1243 4751 ἑϐδομάδος
1298 4683 1392 4734 τοῦ
1450 4683 1714 4747 σωτηρίου

156 4776 371 4837 πάθους
393 4777 483 4826 τοῦ
511 4778 757 4844 Σωτῆρος
788 4776 963 4843 ἡμῶν,
994 4776 1040 4826 oi
1068 4776 1163 4841 μὲν
1195 4776 1321 4841 περὶ
1356 4775 1475 4833 τοὺς
1500 4774 1719 4841 Κομνη-

157 4868 288 4928 νοὺς
315 4868 389 4934 τῷ
420 4868 537 4918 κατ’
559 4865 783 4932 ἄντικρυ
814 4863 906 4935 τοῦ
940 4866 1088 4935 παρὰ
1113 4865 1219 4915 τῶν
1250 4862 1537 4928 Νεμίτζων
1560 4879 1715 4914 κατε-

157 4958 398 5028 χομὲνου
433 4958 641 5028 πύργου
692 4932 937 5025 ἐξωτέρω
966 4958 1132 5024 τείχει
1162 4954 1528 5021 προσέϐαλλον
1572 4954 1713 5006 κατὰ

159 5052 437 5119 σύνθημα.
469 5052 531 5103 Oi
556 5050 600 5101 δ’
630 5050 932 5116 ὲφεστωτες
968 5045 1113 5112 αὐτῷ
1142 5046 1263 5106 τοὺς
1283 5045 1711 5113 προσϐάλλοντας

154 5142 387 5193 ἔϐαλλον
436 5142 529 5194 καὶ
589 5142 846 5209 ἀπεῖργον
903 5139 996 5190 τοῦ
1055 5136 1330 5205 προσιέναι
1387 5135 1589 5203 ἀγχοῦ·
1636 5134 1712 5195 ὡς

150 5227 202 5277 δ’
243 5228 349 5279 ὑπὸ
382 5229 487 5280 τῶν
510 5229 791 5297 Νεμίτζων
829 5230 890 5279 ἐκ
920 5226 1007 5278 τοῦ
1040 5227 1245 5293 πύργου
1275 5226 1322 5275 oi
1352 5227 1408 5275 ὲν
1438 5224 1514 5290 τῷ
1541 5224 1706 5288 τείχει

150 5318 466 5381 ἐϐάλλοντο,
501 5321 575 5386 μὴ
606 5316 705 5370 οἷοί
746 5335 801 5369 τε
834 5318 980 5375 ὄντες
1035 5317 1125 5367 καὶ
1179 5315 1311 5380 πρὸς
1370 5314 1493 5372 τοὺς
1552 5314 1708 5372 ἐκτὸς

1348 5458 1541 5517 Varia?
1592 5459 1896 5521 lectiones
1940 5463 1997 5517 et
2042 5458 2229 5514 notae.

232 5590 278 5623 ’δ
311 5586 435 5651 περί
470 5583 587 5633 Par.
637 5580 786 5633 1708.

145 5662 264 5715 εσυ
323 5656 382 5721 D,
446 5654 483 5705 ις
540 5653 635 5705 251
686 5656 749 5703 A.

484 5747 745 5838 Parantn
792 5743 908 5804 Gn.
950 5742 1073 5801 CX.

826 5651 870 5681 ”
914 5668 970 5717 μ.
1001 5650 1244 5716 [ὠίστρ.
1283 5649 1328 5699 οἱ
1364 5663 1443 5700 σῖ.
1475 5646 1606 5700 Ζυιι.

868 5582 909 5610 ⁵⁵
943 5579 1366 5646 ὑπισχνουμένου
1408 5577 1539 5629 Znn.
1590 5596 1679 5618 ——'
1713 5584 1767 5630 ἐν
1794 5575 2132 5646 ἁπογράφοις
2154 5569 2311 5646 ΔΖιρ-ιι.
2387 5568 2432 5646 ‘1
2460 5568 2612 5646 ἥξει.

1687 5652 1726 5679 ιο
1763 5647 1909 5715 παρὰ
1940 5642 2071 5696 ΖΟΙΙ.

1821 4517 2032 4556 murum
2088 4502 2480 4569 protegebant,
2544 4502 2892 4556 ascendentes
2945 4503 3265 4568 deﬁciebant
3314 4517 3366 4558 et

1814 4594 1880 4646 ab
1924 4606 2139 4646 accessu
2192 4590 2584 4657 prohibebant;
2643 4589 2736 4642 sed
2762 4592 2891 4643 ‘cuni
2932 4606 2959 4641 a
2996 4590 3250 4645 Nemitzis
3298 4612 3361 4647 ex

1814 4693 1963 4735 turre
2001 4680 2117 4734 telis
2166 4678 2552 4745 impeterentur
2576 4676 2714 4728 muri
2755 4676 3088 4739 defensores.
3122 4695 3224 4731 nun
3268 4696 3359 4730 va.

1815 4774 1985 4826 lentes
2016 4768 2174 4823 simul
2207 4767 2457 4821 resistere
2480 4766 2717 4819 externis
2748 4767 3069 4820 adversariis
3114 4776 3165 4819 et
3208 4768 3362 4819 oblu-

1819 4864 1953 4918 ctari
1979 4856 2393 4924 internisjacula
2422 4857 2473 4907 in
2502 4856 2645 4923 ipsos
2669 4871 2695 4907 a
2717 4856 2898 4908 dextra
2929 4858 3357 4915 imminentibus.

1820 4970 1848 5006 a
1883 4962 2073 5005 conatu
2119 4950 2454 5001 destiterunt.
2497 4944 2645 4996 Tunc
2697 4945 2951 4996 uicenium
2990 4935 3361 5012 ὀςει-ρεδοιαοε,

1818 5044 2097 5112 applicatis
2149 5054 2301 5091 inuro
2357 5035 2519 5088 scalis
2566 5036 2938 5096 ascenderunt,
2976 5045 3358 5103 portarumque

1820 5149 1971 5186 seras
2031 5130 2309 5184 securibus
2365 5124 2727 5191 abscidentes,
2790 5124 2995 5175 facilem
3063 5126 3357 5190 COIIjUtalls

1816 5231 2139 5291 aperuerunt
2197 5214 2591 5279 aditum.'Quo
2654 5215 2791 5276 viso,
2830 5218 2967 5266 muri
3020 5217 3211 5268 interni
3274 5233 3365 5270 Cu-

1815 5316 2017 5378 stodes,
2046 5310 2270 5381 gregarii
2308 5306 2550 5360 homines
2593 5314 2646 5360 et
2667 5309 2905 5376 plerique
2933 5308 3052 5361 belli
3076 5308 3255 5373 rudes,
3285 5312 3363 5362 νει

2720 5567 2761 5596 ³⁸
2792 5566 2912 5618 l’ar.
2969 5568 3102 5622 1708
3137 5601 3196 5607 --
3227 5571 3358 5626 Ζοιι.

2151 5642 2187 5671 θ’
2217 5636 2482 5708 Νέμετζοι
2514 5636 2595 5691 bis
2635 5635 2767 5691 Zou.

2915 5727 2990 5789 40
