4260 6438
215 0 552 162 \€.\_

279 135 387 254 ᾖ
421 163 424 166 .

221 831 434 1093 Es
1115 877 2615 1036 PROLEGOMENA.

1585 1362 1831 1421 CAPUT
1876 1363 2199 1425 PRIMUM.

236 1550 327 1612 De
370 1550 646 1630 Georgio
717 1552 1016 1612 monacho
1064 1551 1228 1612 dicto
1277 1551 1649 1613 Hamartolo
1708 1562 1761 1611 et
1808 1549 1879 1610 de
1949 1550 2500 1610 continuatort'bus
2548 1549 2813 1626 ejusdem.
2862 1558 2914 1608 et
2979 1553 3513 1631 exscriptoribus.

315 1715 506 1792 [I-VI‘]
545 1715 571 1787 §
610 1716 658 1770 I.
709 1715 1104 1772 Constantinus
1129 1719 1240 1786 jam
1279 1716 1828 1786 Porphyrogennctus
1876 1716 2015 1769 hane
2051 1713 2268 1784 Georgii
2318 1717 2570 1769 monachi
2619 1715 3132 1786 Chronographiam
3169 1719 3428 1788 excerpsit
3466 1719 3516 1772 in

240 1807 436 1860 codice
468 1803 732 1858 Vaticano
767 1803 831 1858 N.
873 1804 1032 1868 1418,
1071 1821 1126 1874 p.
1163 1804 1305 1868 I75;
1343 1805 1502 1871 cujus
1553 1803 1716 1857 verba
1761 1803 1827 1856 de
1871 1803 2112 1856 Chosroe
2145 1819 2195 1870 p.
2227 1803 2332 1857 565
2369 1804 2630 1857 editionis
2704 1816 2908 1858 nostra:
2944 1808 3298 1859 inveniuntur
3329 1807 3518 1861 conic-

236 1895 408 1946 renu'a
472 1908 604 1947 cum
659 1893 766 1947 illis
839 1909 957 1963 quae
1018 1908 1070 1962 p.
1143 1891 1310 1945 XXIII
1372 1893 1500 1961 (col.
1567 1890 1660 1958 26)
1731 1891 1821 1942 illo
1876 1905 1904 1942 ο
1987 1890 2174 1943 codice
2230 1892 2640 1958 exscripsimus.
2707 1894 2952 1945 Alterum
3042 1892 3408 1962 fragmentum
3480 1914 3508 1947 η

237 1981 765 2052 Porphyrogenneto
807 1995 838 2036 e
889 1982 1011 2035 Vita
1060 1980 1260 2034 Leonis
1303 1979 1474 2032 Isauri
1515 1978 1568 2030 in
1606 1978 1794 2030 codice
1823 1975 2092 2032 Vaticano
2128 1977 2336 2033 12461.
2369 1979 2440 2032 40
2485 1980 2766 2035 laudatum
2808 1983 2930 2036 vide
2993 1997 3050 2051 p.
3091 1969 3194 2036 629
3257 1983 3517 2038 editionis

239 2069 411 2136 hujus
442 2071 494 2122 in
529 2085 636 2138 qua
667 2070 844 2122 solum
881 2068 1209 2137 adjectivum
1253 2066 1639 2134 Ἀτρκμιτινὸν
1667 2065 2036 2119 desideratur.

313 2158 529 2223 Georgii
567 2159 669 2210 loci
705 2174 733 2209 a
775 2157 941 2226 Glyca
992 2155 1195 2209 lauda:i
1250 2155 1301 2206 in
1356 2163 1545 2208 nostro
1587 2155 1725 2206 libro
1773 2155 1948 2222 primo
1995 2164 2047 2208 et
2103 2154 2158 2208 in
2211 2156 2455 2210 secundo
2495 2172 2542 2209 c.
2583 2155 2649 2210 14
2687 2156 2890 2210 diserte
2919 2158 3211 2225 leguntur;
3251 2175 3356 2213 non
3389 2176 3519 2215 vero

238 2245 458 2314 Georgii
496 2245 734 2316 Syneelli
768 2256 915 2307 sunt,
947 2247 1039 2314 qui
1074 2243 1237 2296 Kaini
1273 2258 1494 2296 uxorem
1525 2259 1577 2311 p.
1625 2242 1686 2295 II
1717 2243 1943 2295 Assuam
1979 2253 2157 2306 vocat,
2205 2258 2312 2296 non
2356 2245 2594 2296 Azuram
2645 2251 2701 2296 ut
2743 2242 2939 2313 Glycas
2973 2242 3266 2314 Georgium
3300 2255 3518 2301 secutus

236 2349 293 2403 p.
329 2334 456 2397 22M;
490 2334 630 2387 idem
664 2349 719 2404 p.
753 2333 858 2386 225
885 2333 1016 2386 dicit
1054 2351 1066 2386 :
1116 2332 1177 2384 Ὀ
1205 2332 1261 2386 δὲ
1297 2331 1567 2401 Γεώργιος
1586 2330 1788 2399 οἰκτρῷ
1820 2330 1915 2382 Θαν

1830 2330 2036 2401 θανάτῳ
2067 2332 2390 2401 τελευτῆσαι
2419 2333 2510 2384 τὸν
2538 2332 2679 2385 Κὰἷν
2711 2334 2894 2400 ςησέν,
2931 2331 3212 2402 Syncelltts
3240 2350 3370 2389 vero
3406 2335 3471 2389 I9
3503 2355 3512 2388 :

238 2422 381 2474 Κάῐν
412 2421 688 2475 ἀπέθανεν
727 2422 1065 2492 ἐμπεσόντος
1112 2420 1197 2472 ἐπ’
1244 2420 1408 2472 αὑτὸν
1446 2420 1597 2470 οἴκου
1626 2428 1638 2447 ⁸
1685 2420 1778 2472 sed
1811 2419 1920 2472 Geo

1833 2419 2076 2490 Jeorgius
2130 2429 2313 2475 noster
2369 2437 2422 2491 p.
2472 2418 2505 2473 5
2555 2432 2608 2474 et
2645 2421 2783 2474 hanc
2824 2430 2877 2474 et
2914 2420 3236 2476 deteriorem
3286 2432 3515 2478 mortem

240 2508 430 2573 refert,
472 2513 568 2564 sel.
603 2512 670 2563 ab
709 2512 827 2579 ipso
861 2512 972 2563 lilio
1007 2509 1166 2562 Kaini
1223 2509 1448 2562 illatam.
1493 2507 1688 2578 Glyras
1733 2523 1786 2576 [ι.
1834 2508 1937 2561 294
1998 2509 2264 2576 jejunium
2317 2524 2346 2563 e
2398 2509 2635 2575 Georgio
2680 2521 2948 2562 memorat
2995 2510 3191 2580 Moysis
3246 2513 3522 2580 octoginta

240 2601 457 2654 dierum
490 2606 905 2662 continuorum,
943 2600 1088 2668 quod
1119 2598 1576 2666 chronographus
1611 2598 1958 2651 monaslirus
1991 2599 2200 2665 primus
2233 2599 2599 2653 calculaverat
2639 2613 2692 2667 p.
2726 2598 2815 2663 85,
2858 2613 2981 2651 cum
3015 2597 3303 2668 Syncellus
3334 2615 3386 2668 p.
3410 2599 3519 2653 255

241 2686 380 2741 duas
411 2698 623 2741 tantum
655 2687 1128 2756 quadragesimus,
1168 2687 1259 2739 sed
1293 2686 1432 2738 inter
1467 2699 1525 2737 se
1555 2685 1842 2739 distinctas
1885 2687 2101 2740 habeat.

315 2775 469 2849 [VI]
513 2777 628 2847 §‘.’..
673 2777 918 2842 Scriptor
962 2777 1074 2843 ipse
1127 2790 1185 2827 se
1227 2774 1538 2826 monac/mm
1575 2774 1778 2840 plurius
1825 2775 2097 2843 signiﬁcat
2149 2776 2252 2838 (ec.
2306 2775 2541 2840 CXVIII,
2590 2773 2778 2841 CXIX,
2834 2775 3093 2842 CLXXV,
3141 2775 3403 2840 CLXXX,
3460 2779 3515 2839 ὃ.

244 2863 426 2928 CXCI,
472 2867 526 2924 ’5.
574 2866 662 2928 10,
712 2862 942 2920 CXCIV.
982 2864 1034 2922 5,
1071 2861 1279 2927 CXCV,
1315 2862 1365 2921 5.
1404 2859 1684 2924 CXCVIII,
1721 2862 1770 2924 7,
1811 2862 1862 2924 9,
1905 2863 1921 2913 1

1831 2864 1862 2924 l,
1905 2863 1988 2926 10,
2034 2863 2139 2926 CC,
2169 2865 2220 2928 5,
2261 2866 2313 2926 4,
2352 2867 2437 2925 19,
2473 2864 2624 2928 (CV,
2655 2866 2812 2927 9-12,
2843 2865 3070 2928 CCVIII,
3102 2866 3220 2928 4-7,
3259 2865 3513 2928 CCXXV,

245 2950 299 3012 6,
334 2951 618 3015 CCXXVI,
673 2961 819 3014 nota,
884 2949 1195 3015 CCXXXII,
1244 2951 1294 3012 9,
1343 2949 1673 3012 CCXXXIII,
1719 2951 1773 3012 2,
1826 2951 2242 3017 CCLI-CCLIII,
2303 2953 2394 3016 52,
2434 2952 2660 3019 CCLIV,
2695 2954 2747 3016 I,
2799 2951 3023 3016 CCLVI,
3070 2953 3116 3016 I,
3149 2952 3375 3016 CCLIX,
3430 2955 3518 3018 II,

246 3035 574 3101 CCLXVIII,
619 3039 683 3099 '5,
717 3039 1013 3107 etquidem
1046 3038 1236 3090 deserti
1276 3036 1520 3090 A‘itritici
1551 3037 1800 3105 (CXCIV,
1833 3039 1908 3105 5).

325 3126 442 3196 §3.
477 3127 876 3180 Alexandrinus
915 3127 1016 3180 fuit
1053 3126 1321 3196 Georgius
1372 3128 1675 3180 monachus
1727 3138 1818 3179 aut
1866 3127 2297 3180 Alexandrinum
2345 3129 2668 3197 scriptorem
2714 3137 2839 3183 ante
2886 3144 3080 3184 omnes
3116 3130 3417 3194 consuluit,
3472 3131 3518 3184 si

243 3215 582 3267 mentionem
625 3215 786 3283 hujus
823 3217 976 3269 urbis
1016 3225 1070 3268 et
1118 3213 1341 3284 Egypti
1392 3215 1591 3282 sapius
1641 3215 1853 3268 caeteris
1899 3216 2155 3267 omnibus
2207 3215 2403 3269 factam
2440 3217 2758 3270 consideras
2799 3218 2909 3286 (ex.
2944 3233 3027 3287 gr.
3063 3233 3144 3272 cc.
3173 3216 3233 3280 C,
3263 3217 3517 3281 CLXXV,

239 3299 580 3364 CLXXXIII,
627 3301 903 3364 CXCVIII,
939 3302 1046 3366 CC,
1080 3301 1232 3363 CCV,
1286 3303 1372 3366 I2,
1417 3301 1693 3365 CCXXIII,
1729 3304 1814 3366 II,
1848 3302 2103 3366 CCXXV,
2137 3303 2417 3370 CCXXVI,
2452 3307 2504 3366 5,
2539 3303 2823 3373 CCXXX).
2859 3307 3018 3359 Certe
3048 3307 3514 3377 Constantinopo-

245 3391 452 3443 litanus
499 3406 607 3443 non
654 3391 772 3452 fuit,
824 3406 948 3443 cum
994 3401 1183 3444 contra
1234 3392 1971 3459 Constantinopolitanorum
2021 3389 2616 3460 Caesareo-papismum
2659 3405 2713 3446 et
2758 3393 3148 3446 ieonoclasiam
3184 3407 3514 3447 consensum

246 3477 401 3532 orbis
435 3478 732 3530 Christiani
762 3479 813 3530 in
849 3480 1222 3531 testimonium
1262 3478 1452 3530 alien-at
1482 3495 1530 3532 c.
1563 3478 1814 3540 CCLXII,
1852 3479 1943 3542 26,
1979 3481 2232 3548 quamvis
2265 3484 2454 3532 urbem
2491 3481 2696 3548 regiam
2734 3480 2799 3533 ad
2836 3481 3106 3534 idolorum
3137 3492 3187 3535 et
3215 3484 3518 3535 monacho-

249 3583 368 3619 rum
403 3569 610 3620 cultum
641 3569 680 3587 “
716 3583 990 3622 reversam
1030 3583 1076 3621 c.
1113 3566 1384 3628 CCLXIII,
1420 3567 1452 3619 5
1485 3565 1790 3635 Theupolin
1820 3567 2088 3619 nominet.

325 3654 440 3723 ει.
476 3654 534 3707 1η
581 3653 927 3721 Prtefalione,
985 3653 1143 3722 cujus
1209 3653 1442 3707 formula
1517 3655 1930 3716 introductoria,
1984 3655 2007 3705 (

1838 3657 1930 3716 ria,
1984 3654 2048 3705 Οἱ
2105 3651 2211 3719 ἔξω
2262 3653 2382 3707 κτλ.
2449 3669 2536 3722 pp.
2593 3653 2678 3719 76,
2738 3655 2841 3709 546
2904 3664 2957 3709 et
3008 3656 3127 3721 469,
3167 3656 3232 3710 de
3288 3657 3520 3723 scripto-

249 3745 401 3796 ribus
433 3743 792 3796 szecularibus
825 3756 852 3794 a
891 3743 1312 3811 chrooograplio
1345 3741 1661 3794 Christiano
1695 3741 1981 3807 repetitur,
2016 3743 2319 3795 monachus
2346 3753 2530 3795 noster
2563 3743 2666 3805 vel,
2708 3752 2765 3794 ut
2802 3744 2915 3811 ipse
2945 3759 2974 3796 e
3003 3759 3152 3797 more
3189 3743 3330 3797 inter
3361 3746 3510 3799 viros

250 3832 657 3886 ecclesiasticos
691 3832 894 3885 usitato
922 3847 980 3885 se
1021 3843 1302 3900 nuncupat
1337 3831 1411 3899 (.I,
1443 3834 1519 3898 8),
1549 3833 1576 3882 ὁ
1622 3830 1998 3897 ’Λμαρτιιή-ὸς,
2027 3830 2292 3898 promittit
2318 3845 2376 3884 se
2398 3845 2535 3900 opus
2574 3846 2730 3884 suum
2774 3842 3012 3900 quatuor
3039 3833 3194 3887 libris
3222 3833 3506 3888 absolutu-

251 3937 395 3982 rum,
432 3937 670 3990 quorum
721 3923 947 3974 ultimus
981 3922 1342 3989 imperatores
1372 3919 1718 3972 Christianos
1765 3918 2017 3969 exhibeat
2065 3917 2188 3970 inde
2230 3931 2257 3971 a
2311 3918 2488 3986 primo
2537 3917 2901 3973 Constantino
2948 3936 3109 3988 usque
3151 3919 3217 3974 ad
3262 3921 3517 3986 ultimum

253 4009 620 4077 (τελευταίου,
657 4008 728 4063 ei.
755 4026 808 4079 p.
845 4009 994 4077 225),
1033 4025 1196 4077 quem
1230 4009 1463 4077 scriptor
1497 4016 1724 4061 noverat
1769 4005 1935 4057 Micht

1845 4004 2085 4057 chaelem
2124 4002 2213 4067 Ill,
2247 4005 2328 4059 vel
2367 4007 2547 4072 potius
2581 4022 2757 4076 usque
2801 4008 2867 4061 ad
2903 4010 3205 4062 restitutum
3238 4009 3521 4062 monacho—

252 4116 366 4151 rum
408 4101 647 4152 ordinem
692 4099 766 4168 (p.
803 4099 880 4164 2),
923 4111 969 4151 ει
1003 4100 1295 4168 imaginum
1326 4098 1524 4150 cultum
1556 4113 1583 4149 a
1617 4095 1848 4150 concilio
1880 4095 2010 4145 anni
2057 4091 2161 4144 842
2194 4095 2382 4145 iterum
2415 4095 2730 4147 stabilitum.

323 4187 419 4240 llic
454 4188 796 4240 orthodoxiae
820 4195 1145 4240 restaurata:
1178 4203 1359 4240 annus
1391 4187 1658 4240 terminus
1709 4199 1815 4236 non
1849 4184 2046 4245 Soium,
2082 4183 2172 4236 sed
2209 4185 2371 4236 etiam
2406 4185 2527 4238 ﬁnis
2577 4182 2988 4238 conseribendae
3013 4183 3257 4242 historiae
3282 4189 3516 4263 Georgio

265 4279 540 4330 monacho
569 4275 691 4338 fuit,
726 4279 869 4329 sicut
897 4284 1121 4345 apparet
1153 4291 1179 4325 ρ
1213 4275 1486 4340 capitibus
1509 4271 1755 4332 CCXLII,
1798 4272 1881 4332 15.
1919 4270 2235 4336 CCXLVIII,
2270 4271 2461 4336 10-15,
2499 4273 2585 4334 I5,
2614 4269 2867 4335 CCLXII,
2900 4273 2986 4326 I8.

330 4363 357 4434 §
387 4365 440 4417 5.
476 4363 589 4432 Ipse
622 4379 752 4417 vero
786 4365 927 4416 haud
967 4365 1054 4415 diu
1093 4374 1208 4430 post
1244 4365 1352 4416 lum:
1391 4374 1626 4430 tempora
1673 4362 1904 4428 scripsit,
1953 4367 2094 4432 quod
2129 4361 2383 4430 colligere
2417 4362 2540 4415 licet
2571 4361 2625 4413 I°
2655 4377 2718 4415 ex
2755 4377 2820 4415 eo
2861 4362 3003 4430 quod
3039 4364 3270 4434 scriptor
3297 4365 3520 4424 Graecus

255 4451 547 4505 Romanam
581 4452 872 4505 Ecclesium
904 4468 1015 4521 pra:
1045 4451 1309 4505 Orientali
1360 4452 1428 4504 ab
1479 4451 1838 4504 Iconoelastis
1886 4461 2199 4518 corruptam
2240 4451 2531 4512 cxtutit,ct
2565 4450 2785 4518 quidem
2839 4449 2998 4504 talem
3045 4451 3098 4505 in
3151 4453 3372 4508 modum
3425 4459 3516 4525 qui

256 4549 498 4610 tempore
537 4541 809 4595 Photiano
864 4541 1008 4600 (inde
1044 4543 1111 4593 ab
1143 4557 1194 4593 a.
1230 4540 1362 4607 851)
1414 4540 1520 4603 vel,
1573 4539 1812 4593 Ecclesia
1861 4536 2120 4591 Ot'ientali
2175 4553 2294 4591 cum
2343 4537 2588 4592 Romana
2635 4538 2950 4602 dimicante,
3009 4541 3233 4608 cogitari
3286 4545 3520 4611 amplius

255 4632 462 4700 nequit.
503 4629 702 4683 Confer
763 4630 923 4684 etiam
981 4646 1032 4698 p.
1095 4629 1198 4684 276
1260 4629 1583 4682 traditiones
1642 4628 1915 4680 Romanas
1962 4643 1988 4680 a
2032 4627 2235 4681 Grarcis
2266 4625 2532 4688 diversas,
2569 4627 2661 4681 sed
2698 4626 2818 4681 ideo
2854 4628 3081 4682 minime
3116 4627 3281 4701 [VII]
3318 4630 3520 4699 impro-

262 4719 416 4772 hatas
444 4735 460 4784 ;
489 4719 546 4771 2ο
577 4718 718 4787 quod
765 4734 818 4788 p.
855 4717 958 4772 654
996 4718 1303 4769 litterarum
1344 4719 1578 4769 studium
1619 4715 1713 4767 sub
1755 4715 2008 4769 Nic/taeta
2043 4726 2089 4769 et
2141 4714 2412 4769 Theodoro
2467 4725 2774 4768 renovatum
2824 4731 2946 4769 esse
2990 4715 3212 4780 dicitur,
3247 4733 3367 4787 quae
3402 4721 3520 4772 laus

257 4806 363 4873 iam
395 4805 646 4860 Ilicliaeli
683 4808 805 4859 inde
837 4806 906 4859 ab
940 4823 991 4859 a.
1019 4805 1141 4874 8-56
1190 4807 1309 4859 sine
1359 4816 1529 4858 matre
1572 4807 1822 4872 regnanti
1866 4805 2099 4874 amplius
2151 4821 2257 4857 non
2307 4803 2691 4856 conveniebat.
2749 4804 2803 4856 5°
2842 4801 3278 4860 Vindobonensis
3310 4817 3518 4859 tantum

256 4893 526 4963 praefatio,
573 4908 598 4944 a
639 4908 803 4945 manu
836 4893 1042 4945 recenti
1086 4902 1409 4955 restaurata,
1446 4906 1569 4945 eum
1599 4891 1938 4944 versionibus

1842 4891 1944 4943 bus
1988 4889 2290 4946 Slavonicis
2333 4890 2761 4959 τελευτήσαντος
2808 4905 2906 4958 pro
2955 4890 3266 4943 τελευταίου
3320 4893 3516 4957 habet;

257 4983 398 5033 unde
424 4981 631 5034 Hodius
659 4982 734 5049 (in
770 4980 1091 5049 prteiatione
1116 4983 1180 5033 ail
1221 4981 1464 5033 lllalelam
1505 4996 1554 5049 p.
1593 4978 1782 5032 LXXV
1803 4980 1887 5032 ed.
1920 4978 2243 5046 Bonnensis)
2280 4979 2480 5048 aliique
2509 4979 2880 5047 conjecerunt,
2907 4994 3045 5044 opus
3075 4981 3218 5048 quod
3253 4980 3304 5032 in
3330 4992 3380 5033 a.
3413 4979 3520 5032 862

253 5069 492 5130 desierit,
551 5085 656 5122 non
713 5085 832 5124 esse
885 5069 1130 5137 ejusdem
1186 5070 1472 5138 scriptoris
1529 5068 1620 5138 qui
1682 5083 1855 5137 usque
1902 5068 1965 5120 ad
2000 5065 2277 5121 Michaelis
2318 5079 2570 5127 mortem,
2610 5067 2708 5120 scl.
2744 5081 2917 5136 usque
2945 5068 3009 5120 ad
3048 5082 3095 5121 a.
3136 5067 3239 5121 868
3269 5068 3517 5137 progredi

257 5157 535 5210 voluisset.
567 5159 699 5222 Quae
732 5156 1052 5226 conjectura
1079 5173 1201 5211 cum
1235 5158 1382 5210 nullo
1416 5159 1524 5210 alio
1554 5173 1715 5226 quam
1770 5156 2018 5210 lectionis
2055 5154 2489 5210 Vindobonetisis
2516 5165 2569 5210 et
2599 5153 2900 5209 Slavonica:
2932 5155 3285 5209 fundamento
3314 5157 3520 5209 nitatur

257 5255 450 5298 contra
486 5247 826 5313 optimorum
881 5245 1136 5299 codicum
1179 5246 1494 5308 lectionem,
1546 5249 1602 5299 4°
1643 5245 1805 5300 etiam
1854 5247 2109 5298 clausula
2157 5244 2553 5314 antiquissimae
2597 5244 3145 5312 CoislinianzeUSI),
3176 5243 3445 5298 Palatina!
3466 5254 3520 5296 et

256 5330 570 5400 Mosquensi
622 5339 914 5400 repugnat,
954 5347 1077 5401 qua
1123 5342 1246 5400 post
1286 5334 1512 5386 relatam
1552 5333 1823 5403 synodum
1853 5347 1938 5387 ani

1853 5335 1983 5388 anni
2016 5334 2121 5387 8-H
2144 5334 2367 5387 adnotat
2396 5349 2408 5386 :
2439 5333 2586 5394 Ἕως
2618 5327 2720 5386 ᾆδε
2748 5331 2843 5385 τοῦ
2885 5331 3184 5400 Γεωργίου,
3222 5332 3330 5385 ἀπὸ
3364 5332 3521 5385 τοῦδε

254 5420 349 5474 τοῦ
380 5420 680 5487 Λογοθέωυ
744 5421 820 5489 (p.
863 5420 1010 5490 721).
1070 5419 1221 5486 Quod
1264 5421 1308 5475 si
1374 5437 1501 5474 vero
1571 5422 1622 5475 in
1677 5421 1781 5475 ﬁne
1829 5420 1932 5474 libr

1838 5420 1950 5474 libri
1996 5420 2168 5489 quinti
2207 5424 2281 5486 (ρ.
2329 5418 2456 5484 851)
2492 5420 2709 5488 legitur,
2769 5419 3096 5472 τετέλεσται
3160 5421 3250 5471 καὶ
3308 5419 3376 5471 τὰ
3423 5417 3520 5471 τοῦ

255 5508 584 5575 Λογοθὲτου,
637 5507 764 5562 inde
801 5520 1058 5576 sequitur
1093 5510 1234 5562 hunc
1269 5510 1446 5562 solum
1485 5509 1707 5566 librum.
1738 5523 1846 5560 non
1886 5524 2015 5561 vero
2049 5506 2115 5561 IV
2147 5509 2360 5578 priores
2392 5508 2704 5576 Logotbetze
2742 5521 2880 5572 esse,
2915 5507 3073 5577 cujus
3115 5507 3305 5562 relatio
3332 5507 3522 5564 eodem

315 5727 331 5745 '
367 5726 566 5785 Pagina
593 5727 835 5793 editionis
865 5729 1243 5793 PetrOpolitanre
1267 5732 1344 5778 hac
1380 5742 1603 5793 numeris
1631 5730 1858 5778 Romanis
1894 5732 2116 5787 inclusis,
2146 5737 2192 5778 at
2223 5731 2268 5778 in
2319 5738 2457 5777 textu
2495 5729 2663 5777 (ξι-πο
2701 5725 2922 5775 Arabicis
2964 5725 3306 5793 grandioribus
3344 5737 3527 5784 γεργερ-

253 5794 517 5861 sentaptur
571 5792 711 5839 Sciat
731 5801 919 5861 ‘autem
959 5791 1156 5861 Lector,
1197 5796 1352 5861 lineas
1387 5806 1480 5839 non
1509 5792 1568 5838 :b
1596 5792 1739 5840 initio
1762 5794 2006 5842 columnae
2031 5803 2232 5852 nostra,
2259 5796 2345 5841 sed
2370 5795 2482 5861 inde
2515 5805 2552 5860 a_
2573 5793 2980 5861 cill‘ra_grand_i_ort
3018 5791 3369 5850 computandas
3394 5800 3523 5835 esse.

317 5853 353 5869 "
397 5851 551 5901 Verba
590 5867 677 5902 Vtt't
711 5853 844 5903 docti
877 5857 1023 5904 etde
1060 5857 1198 5904 nobis
1235 5858 1361 5905 υνυς
1400 5864 1560 5905 meriti
1598 5869 1693 5907 non
1731 5865 1996 5916 mutamus,
2029 5864 2114 5906 sed
2147 5850 2308 5908 rit-itu
2344 5868 2438 5903 non
2463 5852 2685 5904 iacimus.
2714 5850 2845 5900 Ευιτ.
2885 5853 3027 5898 l'nn.

579 5943 852 6003 Ρδτινιοι.Δ
902 5943 1013 6005 Gn.
1066 5948 1196 6006 CX.
3121 5937 3146 5997 1
