  <div class='ocr_page' id='page_1' title='image "/cluster/home/n/w/nwhite01/storage/ocr_20150623/110/nnc1.0046979808/013.png"; bbox 0 0 4260 6438; ppageno 0'>
   <div class='ocr_carea' id='block_1_1' title="bbox 793 391 4034 462">
    <p class='ocr_par' dir='ltr' id='par_1_1' title="bbox 793 391 4034 462">
     <span class='ocr_line' id='line_1_1' title="bbox 793 391 4034 462; baseline 0.003 -11"><span class='ocrx_word' id='word_1_1' title='bbox 793 391 840 452; x_wconf 69' lang='lat' dir='ltr'><strong>ii</strong></span> <span class='ocrx_word' id='word_1_2' title='bbox 2125 395 2704 457; x_wconf 73' lang='lat' dir='ltr'><strong>PliOLEGOMENA.</strong></span> <span class='ocrx_word' id='word_1_3' title='bbox 3970 404 4034 462; x_wconf 77' lang='lat' dir='ltr'><strong>i2</strong></span> 
     </span>
    </p>
   </div>
   <div class='ocr_carea' id='block_1_2' title="bbox 797 501 4024 576">
    <p class='ocr_par' dir='ltr' id='par_1_2' title="bbox 797 501 4024 576">
     <span class='ocr_line' id='line_1_2' title="bbox 797 501 4024 576; baseline 0.002 -20"><span class='ocrx_word' id='word_1_4' title='bbox 797 505 954 556; x_wconf 76' lang='lat' dir='ltr'><strong>modo</strong></span> <span class='ocrx_word' id='word_1_5' title='bbox 991 502 1150 555; x_wconf 82' lang='lat' dir='ltr'><strong>linem</strong></span> <span class='ocrx_word' id='word_1_6' title='bbox 1190 503 1386 556; x_wconf 57' lang='lat' dir='ltr'><strong>habere</strong></span> <span class='ocrx_word' id='word_1_7' title='bbox 1412 501 1630 564; x_wconf 85' lang='lat' dir='ltr'><strong>dicitur,</strong></span> <span class='ocrx_word' id='word_1_8' title='bbox 1665 517 1771 571; x_wconf 86' lang='lat' dir='ltr'><strong>quo</strong></span> <span class='ocrx_word' id='word_1_9' title='bbox 1806 503 2021 572; x_wconf 77' lang='lat' dir='ltr'><strong>Georgii</strong></span> <span class='ocrx_word' id='word_1_10' title='bbox 2070 503 2190 556; x_wconf 89' lang='lat' dir='ltr'><strong>linis</strong></span> <span class='ocrx_word' id='word_1_11' title='bbox 2231 501 2520 559; x_wconf 86' lang='lat' dir='ltr'><strong>indicatur.</strong></span> <span class='ocrx_word' id='word_1_12' title='bbox 2570 507 2623 561; x_wconf 81' lang='lat'><strong>5’</strong></span> <span class='ocrx_word' id='word_1_13' title='bbox 2655 507 3063 576; x_wconf 78' lang='lat' dir='ltr'><strong>Antiquissimus</strong></span> <span class='ocrx_word' id='word_1_14' title='bbox 3094 509 3324 560; x_wconf 83' lang='lat' dir='ltr'><strong>omnium</strong></span> <span class='ocrx_word' id='word_1_15' title='bbox 3365 509 3624 570; x_wconf 79' lang='lat' dir='ltr'><strong>codicum,</strong></span> <span class='ocrx_word' id='word_1_16' title='bbox 3653 510 4024 564; x_wconf 66' lang='lat' dir='ltr'><strong>Coisliniatzus</strong></span> 
     </span>
    </p>
   </div>
   <div class='ocr_carea' id='block_1_3' title="bbox 785 587 4034 663">
    <p class='ocr_par' dir='ltr' id='par_1_3' title="bbox 785 587 4034 663">
     <span class='ocr_line' id='line_1_3' title="bbox 785 587 4034 663; baseline 0.002 -22"><span class='ocrx_word' id='word_1_17' title='bbox 785 591 909 654; x_wconf 71' lang='lat' dir='ltr'><strong>3w,</strong></span> <span class='ocrx_word' id='word_1_18' title='bbox 944 592 1129 645; x_wconf 67' lang='lat' dir='ltr'><strong>saeculi</strong></span> <span class='ocrx_word' id='word_1_19' title='bbox 1163 607 1216 654; x_wconf 79' lang='grc' dir='ltr'><strong>χ,</strong></span> <span class='ocrx_word' id='word_1_20' title='bbox 1251 590 1316 642; x_wconf 81' lang='lat' dir='ltr'><strong>sit</strong></span> <span class='ocrx_word' id='word_1_21' title='bbox 1339 599 1395 641; x_wconf 91' lang='lat' dir='ltr'><strong>ut</strong></span> <span class='ocrx_word' id='word_1_22' title='bbox 1424 599 1474 642; x_wconf 89' lang='lat' dir='ltr'><strong>ct</strong></span> <span class='ocrx_word' id='word_1_23' title='bbox 1502 587 1840 644; x_wconf 82' lang='lat' dir='ltr'><strong>I‘arisicuses</strong></span> <span class='ocrx_word' id='word_1_24' title='bbox 1873 587 2009 642; x_wconf 82' lang='lat' dir='ltr'><strong>I705</strong></span> <span class='ocrx_word' id='word_1_25' title='bbox 2039 601 2092 643; x_wconf 88' lang='lat' dir='ltr'><strong>et</strong></span> <span class='ocrx_word' id='word_1_26' title='bbox 2125 589 2282 655; x_wconf 81' lang='lat' dir='ltr'><strong>I706,</strong></span> <span class='ocrx_word' id='word_1_27' title='bbox 2317 597 2513 659; x_wconf 70' lang='lat' dir='ltr'><strong>praeter</strong></span> <span class='ocrx_word' id='word_1_28' title='bbox 2542 602 2776 663; x_wconf 80' lang='lat' dir='ltr'><strong>quatuor</strong></span> <span class='ocrx_word' id='word_1_29' title='bbox 2803 593 2974 648; x_wconf 90' lang='lat' dir='ltr'><strong>libros</strong></span> <span class='ocrx_word' id='word_1_30' title='bbox 3000 596 3052 647; x_wconf 90' lang='lat' dir='ltr'><strong>in</strong></span> <span class='ocrx_word' id='word_1_31' title='bbox 3085 610 3135 648; x_wconf 68' lang='grc' dir='ltr'><strong>ε.</strong></span> <span class='ocrx_word' id='word_1_32' title='bbox 3169 594 3274 648; x_wconf 68' lang='grc'><strong>842</strong></span> <span class='ocrx_word' id='word_1_33' title='bbox 3299 594 3612 650; x_wconf 75' lang='lat' dir='ltr'><strong>desinentes</strong></span> <span class='ocrx_word' id='word_1_34' title='bbox 3638 596 3772 650; x_wconf 84' lang='lat' dir='ltr'><strong>nihil</strong></span> <span class='ocrx_word' id='word_1_35' title='bbox 3803 597 4034 651; x_wconf 85' lang='lat' dir='ltr'><strong>omnino</strong></span> 
     </span>
    </p>
   </div>
   <div class='ocr_carea' id='block_1_4' title="bbox 784 678 4030 750">
    <p class='ocr_par' dir='ltr' id='par_1_4' title="bbox 784 678 4030 750">
     <span class='ocr_line' id='line_1_4' title="bbox 784 678 4030 750; baseline 0.002 -17"><span class='ocrx_word' id='word_1_36' title='bbox 784 682 1010 746; x_wconf 82' lang='lat' dir='ltr'><strong>habent,</strong></span> <span class='ocrx_word' id='word_1_37' title='bbox 1041 691 1202 748; x_wconf 87' lang='lat' dir='ltr'><strong>atque</strong></span> <span class='ocrx_word' id='word_1_38' title='bbox 1235 679 1386 733; x_wconf 86' lang='lat' dir='ltr'><strong>solus</strong></span> <span class='ocrx_word' id='word_1_39' title='bbox 1425 679 1518 750; x_wconf 85' lang='lat' dir='ltr'><strong>qui</strong></span> <span class='ocrx_word' id='word_1_40' title='bbox 1558 695 1732 747; x_wconf 91' lang='lat' dir='ltr'><strong>usque</strong></span> <span class='ocrx_word' id='word_1_41' title='bbox 1762 678 2042 732; x_wconf 77' lang='lat' dir='ltr'><strong>Michaelis</strong></span> <span class='ocrx_word' id='word_1_42' title='bbox 2077 678 2142 730; x_wconf 92' lang='grc'><strong>111</strong></span> <span class='ocrx_word' id='word_1_43' title='bbox 2183 679 2246 732; x_wconf 85' lang='lat' dir='ltr'><strong>ad</strong></span> <span class='ocrx_word' id='word_1_44' title='bbox 2278 690 2505 733; x_wconf 85' lang='lat' dir='ltr'><strong>mortem</strong></span> <span class='ocrx_word' id='word_1_45' title='bbox 2533 684 2756 750; x_wconf 85' lang='lat' dir='ltr'><strong>produci</strong></span> <span class='ocrx_word' id='word_1_46' title='bbox 2790 684 2990 738; x_wconf 88' lang='lat' dir='ltr'><strong>dicitur</strong></span> <span class='ocrx_word' id='word_1_47' title='bbox 3024 682 3373 750; x_wconf 77' lang='lat' dir='ltr'><strong>Oxoniensis,</strong></span> <span class='ocrx_word' id='word_1_48' title='bbox 3411 687 3846 740; x_wconf 87' lang='lat' dir='ltr'><strong>coutinuatorem</strong></span> <span class='ocrx_word' id='word_1_49' title='bbox 3904 703 4030 741; x_wconf 88' lang='lat' dir='ltr'><strong>cum</strong></span> 
     </span>
    </p>
   </div>
   <div class='ocr_carea' id='block_1_5' title="bbox 783 766 2465 841">
    <p class='ocr_par' dir='ltr' id='par_1_5' title="bbox 783 766 2465 823">
     <span class='ocr_line' id='line_1_5' title="bbox 783 766 2465 823; baseline 0.001 -5"><span class='ocrx_word' id='word_1_50' title='bbox 783 771 995 823; x_wconf 77' lang='lat' dir='ltr'><strong>cretei-is</strong></span> <span class='ocrx_word' id='word_1_51' title='bbox 1032 769 1316 823; x_wconf 83' lang='lat' dir='ltr'><strong>codicibus</strong></span> <span class='ocrx_word' id='word_1_52' title='bbox 1345 768 1587 822; x_wconf 70' lang='lat' dir='ltr'><strong>exhibet.</strong></span> <span class='ocrx_word' id='word_1_53' title='bbox 1623 797 1692 808; x_wconf 88' lang='lat'><strong>——</strong></span> <span class='ocrx_word' id='word_1_54' title='bbox 1728 767 1781 820; x_wconf 88' lang='lat'><strong>6°</strong></span> <span class='ocrx_word' id='word_1_55' title='bbox 1811 766 2115 822; x_wconf 72' lang='lat' dir='ltr'><strong>Notandum</strong></span> <span class='ocrx_word' id='word_1_56' title='bbox 2157 778 2240 822; x_wconf 89' lang='lat' dir='ltr'><strong>est</strong></span> <span class='ocrx_word' id='word_1_57' title='bbox 2272 769 2324 820; x_wconf 86' lang='lat' dir='ltr'><strong>in</strong></span> <span class='ocrx_word' id='word_1_58' title='bbox 2371 785 2465 820; x_wconf 84' lang='lat' dir='ltr'><strong>ena</strong></span> 
     </span>
    </p>
   </div>
   <div class='ocr_carea' id='block_1_6' title="bbox 2351 766 4033 841">
    <p class='ocr_par' dir='ltr' id='par_1_6' title="bbox 2371 770 4033 841">
     <span class='ocr_line' id='line_1_6' title="bbox 2371 770 4033 841; baseline 0.002 -21"><span class='ocrx_word' id='word_1_59' title='bbox 2371 771 2687 822; x_wconf 88' lang='lat' dir='ltr'><strong>enarrandis</strong></span> <span class='ocrx_word' id='word_1_60' title='bbox 2719 772 2870 824; x_wconf 85' lang='lat' dir='ltr'><strong>rebus</strong></span> <span class='ocrx_word' id='word_1_61' title='bbox 2911 788 2943 824; x_wconf 88' lang='lat' dir='ltr'><strong>a</strong></span> <span class='ocrx_word' id='word_1_62' title='bbox 2981 771 3149 824; x_wconf 87' lang='lat' dir='ltr'><strong>Leone</strong></span> <span class='ocrx_word' id='word_1_63' title='bbox 3184 771 3411 824; x_wconf 81' lang='lat' dir='ltr'><strong>Armeno</strong></span> <span class='ocrx_word' id='word_1_64' title='bbox 3439 770 3750 841; x_wconf 71' lang='grc'><strong>(815-820),</strong></span> <span class='ocrx_word' id='word_1_65' title='bbox 3779 772 4033 827; x_wconf 66' lang='grc' dir='ltr'><strong>,υἱσΙιαείε</strong></span> 
     </span>
    </p>
   </div>
   <div class='ocr_carea' id='block_1_7' title="bbox 782 854 4033 930">
    <p class='ocr_par' dir='ltr' id='par_1_7' title="bbox 782 854 4033 930">
     <span class='ocr_line' id='line_1_7' title="bbox 782 854 4033 930; baseline 0.002 -23"><span class='ocrx_word' id='word_1_66' title='bbox 782 855 822 908; x_wconf 96' lang='lat' dir='ltr'><strong>Il</strong></span> <span class='ocrx_word' id='word_1_67' title='bbox 854 854 1141 925; x_wconf 67' lang='lat'><strong>(820-829)</strong></span> <span class='ocrx_word' id='word_1_68' title='bbox 1179 865 1226 909; x_wconf 87' lang='lat' dir='ltr'><strong>et</strong></span> <span class='ocrx_word' id='word_1_69' title='bbox 1263 855 1542 924; x_wconf 76' lang='lat' dir='ltr'><strong>Theophila</strong></span> <span class='ocrx_word' id='word_1_70' title='bbox 1575 854 1860 925; x_wconf 64' lang='lat'><strong>(829-842)</strong></span> <span class='ocrx_word' id='word_1_71' title='bbox 1902 857 2059 924; x_wconf 80' lang='lat' dir='ltr'><strong>gestis</strong></span> <span class='ocrx_word' id='word_1_72' title='bbox 2092 856 2411 922; x_wconf 76' lang='lat' dir='ltr'><strong>scriptorem</strong></span> <span class='ocrx_word' id='word_1_73' title='bbox 2446 860 2676 910; x_wconf 71' lang='lat' dir='ltr'><strong>maxime</strong></span> <span class='ocrx_word' id='word_1_74' title='bbox 2709 859 2963 926; x_wconf 65' lang='lat' dir='ltr'><strong>diffusum</strong></span> <span class='ocrx_word' id='word_1_75' title='bbox 2991 875 3112 913; x_wconf 87' lang='lat' dir='ltr'><strong>esse</strong></span> <span class='ocrx_word' id='word_1_76' title='bbox 3139 877 3152 923; x_wconf 88' lang='lat'><strong>;</strong></span> <span class='ocrx_word' id='word_1_77' title='bbox 3187 859 3239 911; x_wconf 90' lang='lat' dir='ltr'><strong>in</strong></span> <span class='ocrx_word' id='word_1_78' title='bbox 3288 857 3422 912; x_wconf 84' lang='lat' dir='ltr'><strong>Vitis</strong></span> <span class='ocrx_word' id='word_1_79' title='bbox 3449 859 3842 929; x_wconf 80' lang='lat' dir='ltr'><strong>imperatorum</strong></span> <span class='ocrx_word' id='word_1_80' title='bbox 3891 877 4033 930; x_wconf 72' lang='lat' dir='ltr'><strong>pra-</strong></span> 
     </span>
    </p>
   </div>
   <div class='ocr_carea' id='block_1_8' title="bbox 778 943 4032 1015">
    <p class='ocr_par' dir='ltr' id='par_1_8' title="bbox 778 943 4032 1015">
     <span class='ocr_line' id='line_1_8' title="bbox 778 943 4032 1015; baseline 0.001 -19"><span class='ocrx_word' id='word_1_81' title='bbox 778 945 1111 1003; x_wconf 85' lang='lat' dir='ltr'><strong>cedentium.</strong></span> <span class='ocrx_word' id='word_1_82' title='bbox 1147 960 1380 1012; x_wconf 90' lang='lat' dir='ltr'><strong>quorum</strong></span> <span class='ocrx_word' id='word_1_83' title='bbox 1415 945 1640 1012; x_wconf 77' lang='lat' dir='ltr'><strong>aqualis</strong></span> <span class='ocrx_word' id='word_1_84' title='bbox 1669 960 1776 998; x_wconf 91' lang='lat' dir='ltr'><strong>non</strong></span> <span class='ocrx_word' id='word_1_85' title='bbox 1824 944 1944 1006; x_wconf 90' lang='lat' dir='ltr'><strong>fuit,</strong></span> <span class='ocrx_word' id='word_1_86' title='bbox 1991 944 2162 997; x_wconf 89' lang='lat' dir='ltr'><strong>multo</strong></span> <span class='ocrx_word' id='word_1_87' title='bbox 2199 943 2526 997; x_wconf 79' lang='lat' dir='ltr'><strong>breviorem.</strong></span> <span class='ocrx_word' id='word_1_88' title='bbox 2589 944 2671 997; x_wconf 88' lang='lat' dir='ltr'><strong>CI.</strong></span> <span class='ocrx_word' id='word_1_89' title='bbox 2711 945 2931 1014; x_wconf 85' lang='lat' dir='ltr'><strong>quidem</strong></span> <span class='ocrx_word' id='word_1_90' title='bbox 2992 943 3204 1014; x_wconf 79' lang='lat' dir='ltr'><strong>longam</strong></span> <span class='ocrx_word' id='word_1_91' title='bbox 3258 946 3322 997; x_wconf 87' lang='lat' dir='ltr'><strong>de</strong></span> <span class='ocrx_word' id='word_1_92' title='bbox 3370 946 3659 1015; x_wconf 71' lang='lat' dir='ltr'><strong>originibus</strong></span> <span class='ocrx_word' id='word_1_93' title='bbox 3717 949 4032 1002; x_wconf 83' lang='lat' dir='ltr'><strong>monasticis</strong></span> 
     </span>
    </p>
   </div>
   <div class='ocr_carea' id='block_1_9' title="bbox 775 1031 4024 1105">
    <p class='ocr_par' dir='ltr' id='par_1_9' title="bbox 775 1031 4024 1105">
     <span class='ocr_line' id='line_1_9' title="bbox 775 1031 4024 1105; baseline 0.002 -21"><span class='ocrx_word' id='word_1_94' title='bbox 775 1034 1166 1102; x_wconf 75' lang='lat' dir='ltr'><strong>digressionem</strong></span> <span class='ocrx_word' id='word_1_95' title='bbox 1252 1033 1325 1101; x_wconf 87' lang='lat' dir='ltr'><strong>(p.</strong></span> <span class='ocrx_word' id='word_1_96' title='bbox 1362 1031 1489 1094; x_wconf 68' lang='grc'><strong>242,</strong></span> <span class='ocrx_word' id='word_1_97' title='bbox 1542 1031 1694 1100; x_wconf 77' lang='grc'><strong>268),</strong></span> <span class='ocrx_word' id='word_1_98' title='bbox 1745 1043 1987 1100; x_wconf 87' lang='lat' dir='ltr'><strong>tempore</strong></span> <span class='ocrx_word' id='word_1_99' title='bbox 2039 1032 2526 1086; x_wconf 86' lang='lat' dir='ltr'><strong>Iconomacborum</strong></span> <span class='ocrx_word' id='word_1_100' title='bbox 2589 1040 2642 1085; x_wconf 92' lang='lat' dir='ltr'><strong>et</strong></span> <span class='ocrx_word' id='word_1_101' title='bbox 2688 1033 2904 1099; x_wconf 85' lang='lat' dir='ltr'><strong>quidem</strong></span> <span class='ocrx_word' id='word_1_102' title='bbox 2958 1041 3078 1101; x_wconf 88' lang='lat' dir='ltr'><strong>post</strong></span> <span class='ocrx_word' id='word_1_103' title='bbox 3140 1034 3562 1086; x_wconf 86' lang='lat' dir='ltr'><strong>Constantinum</strong></span> <span class='ocrx_word' id='word_1_104' title='bbox 3615 1033 4024 1105; x_wconf 86' lang='lat' dir='ltr'><strong>Copronymum</strong></span> 
     </span>
    </p>
   </div>
   <div class='ocr_carea' id='block_1_10' title="bbox 776 1116 4027 1189">
    <p class='ocr_par' dir='ltr' id='par_1_10' title="bbox 776 1116 4027 1189">
     <span class='ocr_line' id='line_1_10' title="bbox 776 1116 4027 1189; baseline 0 -18"><span class='ocrx_word' id='word_1_105' title='bbox 776 1119 1057 1188; x_wconf 80' lang='lat' dir='ltr'><strong>scriptam,</strong></span> <span class='ocrx_word' id='word_1_106' title='bbox 1096 1118 1188 1186; x_wconf 91' lang='lat' dir='ltr'><strong>qui</strong></span> <span class='ocrx_word' id='word_1_107' title='bbox 1223 1120 1525 1172; x_wconf 83' lang='lat' dir='ltr'><strong>monachos</strong></span> <span class='ocrx_word' id='word_1_108' title='bbox 1563 1130 1743 1186; x_wconf 82' lang='lat' dir='ltr'><strong>utpote</strong></span> <span class='ocrx_word' id='word_1_109' title='bbox 1773 1121 2071 1188; x_wconf 78' lang='lat' dir='ltr'><strong>imaginum</strong></span> <span class='ocrx_word' id='word_1_110' title='bbox 2107 1121 2409 1173; x_wconf 86' lang='lat' dir='ltr'><strong>acerrimos</strong></span> <span class='ocrx_word' id='word_1_111' title='bbox 2465 1116 2779 1172; x_wconf 88' lang='lat' dir='ltr'><strong>defensores</strong></span> <span class='ocrx_word' id='word_1_112' title='bbox 2819 1118 2960 1170; x_wconf 88' lang='lat' dir='ltr'><strong>baml</strong></span> <span class='ocrx_word' id='word_1_113' title='bbox 3004 1119 3186 1172; x_wconf 90' lang='lat' dir='ltr'><strong>minus</strong></span> <span class='ocrx_word' id='word_1_114' title='bbox 3226 1120 3578 1188; x_wconf 86' lang='lat' dir='ltr'><strong>impugnasse</strong></span> <span class='ocrx_word' id='word_1_115' title='bbox 3623 1119 3823 1174; x_wconf 87' lang='lat' dir='ltr'><strong>dicitur</strong></span> <span class='ocrx_word' id='word_1_116' title='bbox 3861 1137 4027 1189; x_wconf 84' lang='lat' dir='ltr'><strong>quam</strong></span> 
     </span>
    </p>
   </div>
   <div class='ocr_carea' id='block_1_11' title="bbox 775 1205 4028 1278">
    <p class='ocr_par' dir='ltr' id='par_1_11' title="bbox 775 1205 4028 1278">
     <span class='ocr_line' id='line_1_11' title="bbox 775 1205 4028 1278; baseline 0 -18"><span class='ocrx_word' id='word_1_117' title='bbox 775 1207 920 1275; x_wconf 89' lang='lat' dir='ltr'><strong>ipsas</strong></span> <span class='ocrx_word' id='word_1_118' title='bbox 957 1205 1252 1274; x_wconf 81' lang='lat' dir='ltr'><strong>imagines;</strong></span> <span class='ocrx_word' id='word_1_119' title='bbox 1285 1206 1406 1273; x_wconf 92' lang='lat' dir='ltr'><strong>ejus</strong></span> <span class='ocrx_word' id='word_1_120' title='bbox 1438 1221 1565 1259; x_wconf 73' lang='lat' dir='ltr'><strong>vero</strong></span> <span class='ocrx_word' id='word_1_121' title='bbox 1599 1207 1819 1259; x_wconf 88' lang='lat' dir='ltr'><strong>ultimos</strong></span> <span class='ocrx_word' id='word_1_122' title='bbox 1853 1207 1904 1258; x_wconf 89' lang='lat' dir='ltr'><strong>in</strong></span> <span class='ocrx_word' id='word_1_123' title='bbox 1948 1221 2125 1260; x_wconf 88' lang='lat' dir='ltr'><strong>annos</strong></span> <span class='ocrx_word' id='word_1_124' title='bbox 2151 1205 2430 1274; x_wconf 78' lang='lat'><strong>(765-775)</strong></span> <span class='ocrx_word' id='word_1_125' title='bbox 2465 1205 2618 1274; x_wconf 89' lang='lat' dir='ltr'><strong>plura</strong></span> <span class='ocrx_word' id='word_1_126' title='bbox 2649 1207 2851 1260; x_wconf 88' lang='lat' dir='ltr'><strong>cadunt</strong></span> <span class='ocrx_word' id='word_1_127' title='bbox 2872 1220 3110 1276; x_wconf 88' lang='lat' dir='ltr'><strong>quorum</strong></span> <span class='ocrx_word' id='word_1_128' title='bbox 3143 1207 3490 1260; x_wconf 89' lang='lat' dir='ltr'><strong>traditionem</strong></span> <span class='ocrx_word' id='word_1_129' title='bbox 3522 1217 3808 1276; x_wconf 83' lang='lat' dir='ltr'><strong>paternam</strong></span> <span class='ocrx_word' id='word_1_130' title='bbox 3845 1207 4028 1278; x_wconf 80' lang='lat' dir='ltr'><strong>potius</strong></span> 
     </span>
    </p>
   </div>
   <div class='ocr_carea' id='block_1_12' title="bbox 774 1291 4030 1364">
    <p class='ocr_par' dir='ltr' id='par_1_12' title="bbox 774 1291 4030 1364">
     <span class='ocr_line' id='line_1_12' title="bbox 774 1291 4030 1364; baseline 0.001 -19"><span class='ocrx_word' id='word_1_131' title='bbox 774 1308 935 1362; x_wconf 89' lang='lat' dir='ltr'><strong>quam</strong></span> <span class='ocrx_word' id='word_1_132' title='bbox 993 1295 1076 1347; x_wconf 82' lang='lat' dir='ltr'><strong>sui</strong></span> <span class='ocrx_word' id='word_1_133' title='bbox 1116 1293 1287 1362; x_wconf 84' lang='lat' dir='ltr'><strong>ipsius</strong></span> <span class='ocrx_word' id='word_1_134' title='bbox 1337 1295 1712 1348; x_wconf 83' lang='lat' dir='ltr'><strong>testimonium</strong></span> <span class='ocrx_word' id='word_1_135' title='bbox 1762 1296 1996 1362; x_wconf 76' lang='lat' dir='ltr'><strong>scriptor</strong></span> <span class='ocrx_word' id='word_1_136' title='bbox 2044 1294 2200 1347; x_wconf 86' lang='lat' dir='ltr'><strong>all&#39;ert</strong></span> <span class='ocrx_word' id='word_1_137' title='bbox 2247 1296 2319 1361; x_wconf 92' lang='lat' dir='ltr'><strong>(e.</strong></span> <span class='ocrx_word' id='word_1_138' title='bbox 2352 1291 2625 1354; x_wconf 78' lang='lat' dir='ltr'><strong>CCXLIII,</strong></span> <span class='ocrx_word' id='word_1_139' title='bbox 2659 1293 2866 1362; x_wconf 78' lang='grc'><strong>54-40).</strong></span> <span class='ocrx_word' id='word_1_140' title='bbox 2918 1294 2971 1345; x_wconf 88' lang='lat'><strong>7°</strong></span> <span class='ocrx_word' id='word_1_141' title='bbox 3008 1293 3276 1362; x_wconf 79' lang='lat' dir='ltr'><strong>Theophili</strong></span> <span class='ocrx_word' id='word_1_142' title='bbox 3323 1305 3504 1347; x_wconf 85' lang='lat' dir='ltr'><strong>autem</strong></span> <span class='ocrx_word' id='word_1_143' title='bbox 3552 1296 3807 1364; x_wconf 71' lang='lat' dir='ltr'><strong>arqualem</strong></span> <span class='ocrx_word' id='word_1_144' title='bbox 3856 1296 4030 1350; x_wconf 80' lang='lat' dir='ltr'><strong>fuisse</strong></span> 
     </span>
    </p>
   </div>
   <div class='ocr_carea' id='block_1_13' title="bbox 773 1379 4026 1452">
    <p class='ocr_par' dir='ltr' id='par_1_13' title="bbox 773 1379 4026 1452">
     <span class='ocr_line' id='line_1_13' title="bbox 773 1379 4026 1452; baseline 0.002 -18"><span class='ocrx_word' id='word_1_145' title='bbox 773 1381 952 1452; x_wconf 87' lang='lat' dir='ltr'><strong>colligi</strong></span> <span class='ocrx_word' id='word_1_146' title='bbox 982 1382 1179 1449; x_wconf 89' lang='lat' dir='ltr'><strong>poterit</strong></span> <span class='ocrx_word' id='word_1_147' title='bbox 1231 1397 1259 1435; x_wconf 90' lang='lat' dir='ltr'><strong>c</strong></span> <span class='ocrx_word' id='word_1_148' title='bbox 1311 1395 1360 1434; x_wconf 95' lang='lat' dir='ltr'><strong>c.</strong></span> <span class='ocrx_word' id='word_1_149' title='bbox 1411 1379 1690 1444; x_wconf 73' lang='lat' dir='ltr'><strong>CCXXIV,</strong></span> <span class='ocrx_word' id='word_1_150' title='bbox 1750 1382 1836 1433; x_wconf 77' lang='grc'><strong>10.</strong></span> <span class='ocrx_word' id='word_1_151' title='bbox 1877 1409 1948 1419; x_wconf 91' lang='grc'><strong><em>-</em></strong></span> <span class='ocrx_word' id='word_1_152' title='bbox 1995 1382 2049 1434; x_wconf 92' lang='lat'><strong>8°</strong></span> <span class='ocrx_word' id='word_1_153' title='bbox 2081 1381 2354 1434; x_wconf 90' lang='lat' dir='ltr'><strong>ldolorum</strong></span> <span class='ocrx_word' id='word_1_154' title='bbox 2408 1381 2689 1452; x_wconf 73' lang='lat' dir='ltr'><strong>gentilium</strong></span> <span class='ocrx_word' id='word_1_155' title='bbox 2729 1383 2964 1447; x_wconf 91' lang='lat' dir='ltr'><strong>cultum,</strong></span> <span class='ocrx_word' id='word_1_156' title='bbox 3019 1397 3179 1450; x_wconf 85' lang='lat' dir='ltr'><strong>quem</strong></span> <span class='ocrx_word' id='word_1_157' title='bbox 3227 1382 3609 1436; x_wconf 89' lang='lat' dir='ltr'><strong>hellenismum</strong></span> <span class='ocrx_word' id='word_1_158' title='bbox 3669 1393 3845 1448; x_wconf 66' lang='lat' dir='ltr'><strong>vocat,</strong></span> <span class='ocrx_word' id='word_1_159' title='bbox 3899 1400 4026 1439; x_wconf 85' lang='lat' dir='ltr'><strong>cum</strong></span> 
     </span>
    </p>
   </div>
   <div class='ocr_carea' id='block_1_14' title="bbox 771 1466 4030 1538">
    <p class='ocr_par' dir='ltr' id='par_1_14' title="bbox 771 1466 4030 1538">
     <span class='ocr_line' id='line_1_14' title="bbox 771 1466 4030 1538; baseline 0.001 -15"><span class='ocrx_word' id='word_1_160' title='bbox 771 1470 972 1538; x_wconf 74' lang='lat' dir='ltr'><strong>srpius</strong></span> <span class='ocrx_word' id='word_1_161' title='bbox 1003 1468 1295 1523; x_wconf 77' lang='lat' dir='ltr'><strong>refutasset</strong></span> <span class='ocrx_word' id='word_1_162' title='bbox 1329 1467 1598 1537; x_wconf 85' lang='lat' dir='ltr'><strong>Georgius</strong></span> <span class='ocrx_word' id='word_1_163' title='bbox 1637 1473 1739 1534; x_wconf 80' lang='lat' dir='ltr'><strong>(ec.</strong></span> <span class='ocrx_word' id='word_1_164' title='bbox 1778 1467 2016 1532; x_wconf 76' lang='lat' dir='ltr'><strong>l\&#39;-\&#39;Ill,</strong></span> <span class='ocrx_word' id='word_1_165' title='bbox 2053 1466 2236 1530; x_wconf 78' lang='lat' dir='ltr'><strong>CXCI,</strong></span> <span class='ocrx_word' id='word_1_166' title='bbox 2272 1466 2376 1531; x_wconf 82' lang='lat' dir='ltr'><strong>CC,</strong></span> <span class='ocrx_word' id='word_1_167' title='bbox 2411 1466 2712 1532; x_wconf 75' lang='lat' dir='ltr'><strong>CCXXVII,</strong></span> <span class='ocrx_word' id='word_1_168' title='bbox 2749 1468 2835 1532; x_wconf 84' lang='lat' dir='ltr'><strong>I8,</strong></span> <span class='ocrx_word' id='word_1_169' title='bbox 2867 1467 3173 1531; x_wconf 73' lang='lat' dir='ltr'><strong>CCXXXV,</strong></span> <span class='ocrx_word' id='word_1_170' title='bbox 3215 1470 3298 1532; x_wconf 85' lang='grc'><strong>15,</strong></span> <span class='ocrx_word' id='word_1_171' title='bbox 3334 1471 3419 1532; x_wconf 86' lang='grc'><strong>14,</strong></span> <span class='ocrx_word' id='word_1_172' title='bbox 3457 1468 3783 1533; x_wconf 74' lang='lat' dir='ltr'><strong>CCXLVIII,</strong></span> <span class='ocrx_word' id='word_1_173' title='bbox 3816 1471 3929 1537; x_wconf 85' lang='lat' dir='ltr'><strong>I0),</strong></span> <span class='ocrx_word' id='word_1_174' title='bbox 3960 1489 4030 1525; x_wconf 85' lang='lat' dir='ltr'><strong>eo</strong></span> 
     </span>
    </p>
   </div>
   <div class='ocr_carea' id='block_1_15' title="bbox 771 1553 4029 1627">
    <p class='ocr_par' dir='ltr' id='par_1_15' title="bbox 771 1553 4029 1627">
     <span class='ocr_line' id='line_1_15' title="bbox 771 1553 4029 1627; baseline -0.001 -17"><span class='ocrx_word' id='word_1_175' title='bbox 771 1557 953 1610; x_wconf 77' lang='lat' dir='ltr'><strong>acrius</strong></span> <span class='ocrx_word' id='word_1_176' title='bbox 1001 1554 1193 1627; x_wconf 79' lang='lat' dir='ltr'><strong>[VIII]</strong></span> <span class='ocrx_word' id='word_1_177' title='bbox 1245 1557 1547 1626; x_wconf 82' lang='lat' dir='ltr'><strong>imaginum</strong></span> <span class='ocrx_word' id='word_1_178' title='bbox 1599 1557 2038 1610; x_wconf 84' lang='lat' dir='ltr'><strong>Christianarum</strong></span> <span class='ocrx_word' id='word_1_179' title='bbox 2081 1557 2285 1610; x_wconf 85' lang='lat' dir='ltr'><strong>cultum</strong></span> <span class='ocrx_word' id='word_1_180' title='bbox 2321 1553 2561 1609; x_wconf 73' lang='lat' dir='ltr'><strong>defendit</strong></span> <span class='ocrx_word' id='word_1_181' title='bbox 2602 1556 2674 1622; x_wconf 92' lang='lat' dir='ltr'><strong>(c.</strong></span> <span class='ocrx_word' id='word_1_182' title='bbox 2717 1553 2879 1618; x_wconf 83' lang='lat' dir='ltr'><strong>CXV,</strong></span> <span class='ocrx_word' id='word_1_183' title='bbox 2914 1555 3093 1620; x_wconf 73' lang='lat' dir='ltr'><strong>CXCI,</strong></span> <span class='ocrx_word' id='word_1_184' title='bbox 3121 1555 3399 1615; x_wconf 70' lang='lat' dir='ltr'><strong>CCXXVI.</strong></span> <span class='ocrx_word' id='word_1_185' title='bbox 3441 1555 3764 1620; x_wconf 78' lang='lat' dir='ltr'><strong>CCXLVIII,</strong></span> <span class='ocrx_word' id='word_1_186' title='bbox 3801 1556 4029 1620; x_wconf 88' lang='lat' dir='ltr'><strong>CCLIII,</strong></span> 
     </span>
    </p>
   </div>
   <div class='ocr_carea' id='block_1_16' title="bbox 770 1641 4028 1713">
    <p class='ocr_par' dir='ltr' id='par_1_16' title="bbox 770 1641 4028 1713">
     <span class='ocr_line' id='line_1_16' title="bbox 770 1641 4028 1713; baseline 0.001 -18"><span class='ocrx_word' id='word_1_187' title='bbox 770 1641 1041 1710; x_wconf 78' lang='lat' dir='ltr'><strong>CCLXII).</strong></span> <span class='ocrx_word' id='word_1_188' title='bbox 1098 1641 1252 1698; x_wconf 85' lang='lat' dir='ltr'><strong>Unde</strong></span> <span class='ocrx_word' id='word_1_189' title='bbox 1305 1645 1538 1698; x_wconf 74' lang='lat' dir='ltr'><strong>efﬁcitur</strong></span> <span class='ocrx_word' id='word_1_190' title='bbox 1587 1660 1711 1697; x_wconf 90' lang='lat' dir='ltr'><strong>eum</strong></span> <span class='ocrx_word' id='word_1_191' title='bbox 1773 1645 1884 1699; x_wconf 71' lang='lat' dir='ltr'><strong>haze</strong></span> <span class='ocrx_word' id='word_1_192' title='bbox 1927 1644 2215 1713; x_wconf 75' lang='lat' dir='ltr'><strong>scripsisse</strong></span> <span class='ocrx_word' id='word_1_193' title='bbox 2265 1643 2354 1711; x_wconf 87' lang='lat' dir='ltr'><strong>qui</strong></span> <span class='ocrx_word' id='word_1_194' title='bbox 2391 1645 2476 1694; x_wconf 83' lang='lat' dir='ltr'><strong>via:</strong></span> <span class='ocrx_word' id='word_1_195' title='bbox 2513 1643 2897 1710; x_wconf 80' lang='lat' dir='ltr'><strong>triumphantes</strong></span> <span class='ocrx_word' id='word_1_196' title='bbox 2932 1643 3188 1712; x_wconf 82' lang='lat' dir='ltr'><strong>imagines</strong></span> <span class='ocrx_word' id='word_1_197' title='bbox 3227 1644 3414 1696; x_wconf 85' lang='lat' dir='ltr'><strong>viderit</strong></span> <span class='ocrx_word' id='word_1_198' title='bbox 3447 1657 3751 1712; x_wconf 88' lang='lat' dir='ltr'><strong>earumque</strong></span> <span class='ocrx_word' id='word_1_199' title='bbox 3798 1647 4028 1700; x_wconf 83' lang='lat' dir='ltr'><strong>alteram</strong></span> 
     </span>
    </p>
   </div>
   <div class='ocr_carea' id='block_1_17' title="bbox 771 1729 2579 1799">
    <p class='ocr_par' dir='ltr' id='par_1_17' title="bbox 771 1729 2579 1799">
     <span class='ocr_line' id='line_1_17' title="bbox 771 1729 2579 1799; baseline -0.001 -16"><span class='ocrx_word' id='word_1_200' title='bbox 771 1731 1108 1785; x_wconf 75' lang='lat' dir='ltr'><strong>eversionem</strong></span> <span class='ocrx_word' id='word_1_201' title='bbox 1141 1729 1398 1785; x_wconf 89' lang='lat' dir='ltr'><strong>omnibus</strong></span> <span class='ocrx_word' id='word_1_202' title='bbox 1433 1730 1612 1785; x_wconf 89' lang='lat' dir='ltr'><strong>modis</strong></span> <span class='ocrx_word' id='word_1_203' title='bbox 1641 1731 2038 1799; x_wconf 77' lang='lat' dir='ltr'><strong>prohibendam</strong></span> <span class='ocrx_word' id='word_1_204' title='bbox 2073 1730 2174 1784; x_wconf 91' lang='lat' dir='ltr'><strong>sibi</strong></span> <span class='ocrx_word' id='word_1_205' title='bbox 2211 1731 2579 1799; x_wconf 84' lang='lat' dir='ltr'><strong>proposuerit.</strong></span> 
     </span>
    </p>
   </div>
   <div class='ocr_carea' id='block_1_18' title="bbox 841 1862 4026 1938">
    <p class='ocr_par' dir='ltr' id='par_1_18' title="bbox 841 1862 4026 1938">
     <span class='ocr_line' id='line_1_18' title="bbox 841 1862 4026 1938; baseline -0.001 -16"><span class='ocrx_word' id='word_1_206' title='bbox 841 1868 945 1938; x_wconf 85' lang='lat'><strong>§6.</strong></span> <span class='ocrx_word' id='word_1_207' title='bbox 983 1869 1102 1938; x_wconf 81' lang='lat' dir='ltr'><strong>Ipse</strong></span> <span class='ocrx_word' id='word_1_208' title='bbox 1132 1883 1188 1923; x_wconf 90' lang='lat' dir='ltr'><strong>se</strong></span> <span class='ocrx_word' id='word_1_209' title='bbox 1218 1877 1510 1921; x_wconf 87' lang='lat' dir='ltr'><strong>tractatum</strong></span> <span class='ocrx_word' id='word_1_210' title='bbox 1542 1867 1603 1917; x_wconf 88' lang='lat' dir='ltr'><strong>de</strong></span> <span class='ocrx_word' id='word_1_211' title='bbox 1646 1863 1978 1918; x_wconf 85' lang='lat' dir='ltr'><strong>Paulieianis</strong></span> <span class='ocrx_word' id='word_1_212' title='bbox 2027 1863 2315 1932; x_wconf 87' lang='lat' dir='ltr'><strong>scripsisse</strong></span> <span class='ocrx_word' id='word_1_213' title='bbox 2367 1862 2651 1931; x_wconf 84' lang='lat' dir='ltr'><strong>profitetur</strong></span> <span class='ocrx_word' id='word_1_214' title='bbox 2688 1868 2759 1928; x_wconf 85' lang='lat' dir='ltr'><strong>(c.</strong></span> <span class='ocrx_word' id='word_1_215' title='bbox 2801 1862 3176 1929; x_wconf 73' lang='lat' dir='ltr'><strong>CCXXXVIII,</strong></span> <span class='ocrx_word' id='word_1_216' title='bbox 3213 1865 3303 1926; x_wconf 85' lang='grc'><strong>14,</strong></span> <span class='ocrx_word' id='word_1_217' title='bbox 3343 1865 3454 1935; x_wconf 80' lang='grc'><strong>48),</strong></span> <span class='ocrx_word' id='word_1_218' title='bbox 3495 1881 3526 1921; x_wconf 91' lang='lat' dir='ltr'><strong>e</strong></span> <span class='ocrx_word' id='word_1_219' title='bbox 3565 1879 3673 1937; x_wconf 92' lang='lat' dir='ltr'><strong>quo</strong></span> <span class='ocrx_word' id='word_1_220' title='bbox 3702 1865 4026 1921; x_wconf 84' lang='lat' dir='ltr'><strong>relationem</strong></span> 
     </span>
    </p>
   </div>
   <div class='ocr_carea' id='block_1_19' title="bbox 769 1950 4025 2024">
    <p class='ocr_par' dir='ltr' id='par_1_19' title="bbox 769 1950 4025 2024">
     <span class='ocr_line' id='line_1_19' title="bbox 769 1950 4025 2024; baseline -0.001 -16"><span class='ocrx_word' id='word_1_221' title='bbox 769 1957 962 2010; x_wconf 83' lang='lat' dir='ltr'><strong>iisdem</strong></span> <span class='ocrx_word' id='word_1_222' title='bbox 1018 1957 1084 2010; x_wconf 91' lang='lat' dir='ltr'><strong>de</strong></span> <span class='ocrx_word' id='word_1_223' title='bbox 1128 1956 1379 2011; x_wconf 88' lang='lat' dir='ltr'><strong>sectariis</strong></span> <span class='ocrx_word' id='word_1_224' title='bbox 1432 1953 1565 2007; x_wconf 74' lang='lat' dir='ltr'><strong>Vitae</strong></span> <span class='ocrx_word' id='word_1_225' title='bbox 1602 1953 1860 2020; x_wconf 74' lang='lat' dir='ltr'><strong>I’ogonati</strong></span> <span class='ocrx_word' id='word_1_226' title='bbox 1897 1952 2150 2005; x_wconf 88' lang='lat' dir='ltr'><strong>inseruit.</strong></span> <span class='ocrx_word' id='word_1_227' title='bbox 2187 1950 2311 2005; x_wconf 66' lang='lat' dir='ltr'><strong>Haec</strong></span> <span class='ocrx_word' id='word_1_228' title='bbox 2351 1960 2529 2004; x_wconf 90' lang='lat' dir='ltr'><strong>autem</strong></span> <span class='ocrx_word' id='word_1_229' title='bbox 2573 1959 2625 2003; x_wconf 92' lang='lat' dir='ltr'><strong>et</strong></span> <span class='ocrx_word' id='word_1_230' title='bbox 2669 1966 2792 2020; x_wconf 77' lang='lat' dir='ltr'><strong>qua:</strong></span> <span class='ocrx_word' id='word_1_231' title='bbox 2838 1954 2902 2003; x_wconf 91' lang='lat' dir='ltr'><strong>de</strong></span> <span class='ocrx_word' id='word_1_232' title='bbox 2955 1950 3170 2007; x_wconf 78' lang='lat' dir='ltr'><strong>Mauete</strong></span> <span class='ocrx_word' id='word_1_233' title='bbox 3205 1955 3390 2008; x_wconf 87' lang='lat' dir='ltr'><strong>retulit</strong></span> <span class='ocrx_word' id='word_1_234' title='bbox 3417 1953 3686 2024; x_wconf 73' lang='lat' dir='ltr'><strong>Georgius</strong></span> <span class='ocrx_word' id='word_1_235' title='bbox 3716 1955 3779 2014; x_wconf 87' lang='lat' dir='ltr'><strong>C.</strong></span> <span class='ocrx_word' id='word_1_236' title='bbox 3811 1952 4025 2015; x_wconf 73' lang='lat' dir='ltr'><strong>CLXII,</strong></span> 
     </span>
    </p>
   </div>
   <div class='ocr_carea' id='block_1_20' title="bbox 767 2037 4030 2112">
    <p class='ocr_par' dir='ltr' id='par_1_20' title="bbox 767 2037 4030 2112">
     <span class='ocr_line' id='line_1_20' title="bbox 767 2037 4030 2112; baseline 0 -15"><span class='ocrx_word' id='word_1_237' title='bbox 767 2044 960 2099; x_wconf 82' lang='lat' dir='ltr'><strong>Petrus</strong></span> <span class='ocrx_word' id='word_1_238' title='bbox 989 2044 1230 2107; x_wconf 90' lang='lat' dir='ltr'><strong>Siculus,</strong></span> <span class='ocrx_word' id='word_1_239' title='bbox 1262 2044 1353 2112; x_wconf 89' lang='lat' dir='ltr'><strong>qui</strong></span> <span class='ocrx_word' id='word_1_240' title='bbox 1386 2044 1453 2096; x_wconf 80' lang='lat' dir='ltr'><strong>de</strong></span> <span class='ocrx_word' id='word_1_241' title='bbox 1479 2041 1811 2097; x_wconf 86' lang='lat' dir='ltr'><strong>Paulicianis</strong></span> <span class='ocrx_word' id='word_1_242' title='bbox 1835 2041 1982 2096; x_wconf 90' lang='lat' dir='ltr'><strong>circa</strong></span> <span class='ocrx_word' id='word_1_243' title='bbox 2018 2054 2068 2092; x_wconf 85' lang='lat' dir='ltr'><strong>a.</strong></span> <span class='ocrx_word' id='word_1_244' title='bbox 2103 2037 2206 2092; x_wconf 89' lang='lat'><strong>870</strong></span> <span class='ocrx_word' id='word_1_245' title='bbox 2237 2039 2480 2110; x_wconf 84' lang='lat' dir='ltr'><strong>scripsit,</strong></span> <span class='ocrx_word' id='word_1_246' title='bbox 2513 2038 2802 2106; x_wconf 87' lang='lat' dir='ltr'><strong>repetiisse</strong></span> <span class='ocrx_word' id='word_1_247' title='bbox 2835 2038 3052 2092; x_wconf 69' lang='lat' dir='ltr'><strong>videtur</strong></span> <span class='ocrx_word' id='word_1_248' title='bbox 3079 2054 3168 2109; x_wconf 89' lang='lat' dir='ltr'><strong>pp.</strong></span> <span class='ocrx_word' id='word_1_249' title='bbox 3185 2040 3374 2106; x_wconf 77' lang='lat'><strong>56-66,</strong></span> <span class='ocrx_word' id='word_1_250' title='bbox 3401 2042 3566 2098; x_wconf 69' lang='lat' dir='ltr'><strong>I648</strong></span> <span class='ocrx_word' id='word_1_251' title='bbox 3589 2053 3641 2097; x_wconf 91' lang='lat' dir='ltr'><strong>et</strong></span> <span class='ocrx_word' id='word_1_252' title='bbox 3671 2042 3742 2097; x_wconf 80' lang='grc'><strong>50</strong></span> <span class='ocrx_word' id='word_1_253' title='bbox 3770 2042 4030 2098; x_wconf 81' lang='lat' dir='ltr'><strong>editionis</strong></span> 
     </span>
    </p>
   </div>
   <div class='ocr_carea' id='block_1_21' title="bbox 769 2128 1634 2203">
    <p class='ocr_par' dir='ltr' id='par_1_21' title="bbox 769 2128 1634 2203">
     <span class='ocr_line' id='line_1_21' title="bbox 769 2128 1634 2203; baseline 0 -20"><span class='ocrx_word' id='word_1_254' title='bbox 769 2133 1089 2186; x_wconf 73' lang='lat' dir='ltr'><strong>ltaderianae</strong></span> <span class='ocrx_word' id='word_1_255' title='bbox 1121 2131 1440 2203; x_wconf 85' lang='lat' dir='ltr'><strong>lngolstadii</strong></span> <span class='ocrx_word' id='word_1_256' title='bbox 1478 2128 1634 2183; x_wconf 80' lang='grc'><strong>1604.</strong></span> 
     </span>
    </p>
   </div>
   <div class='ocr_carea' id='block_1_22' title="bbox 839 2240 4031 2318">
    <p class='ocr_par' dir='ltr' id='par_1_22' title="bbox 839 2240 4031 2318">
     <span class='ocr_line' id='line_1_22' title="bbox 839 2240 4031 2318; baseline 0 -19"><span class='ocrx_word' id='word_1_257' title='bbox 839 2247 865 2318; x_wconf 76' lang='lat'><strong>§</strong></span> <span class='ocrx_word' id='word_1_258' title='bbox 905 2247 956 2300; x_wconf 85' lang='lat'><strong>7.</strong></span> <span class='ocrx_word' id='word_1_259' title='bbox 993 2244 1192 2301; x_wconf 65' lang='lat' dir='ltr'><strong>Praeter</strong></span> <span class='ocrx_word' id='word_1_260' title='bbox 1227 2245 1389 2299; x_wconf 88' lang='lat' dir='ltr'><strong>libros</strong></span> <span class='ocrx_word' id='word_1_261' title='bbox 1431 2261 1462 2296; x_wconf 88' lang='lat' dir='ltr'><strong>a</strong></span> <span class='ocrx_word' id='word_1_262' title='bbox 1495 2241 1720 2314; x_wconf 83' lang='lat' dir='ltr'><strong>Georgio</strong></span> <span class='ocrx_word' id='word_1_263' title='bbox 1754 2251 2044 2312; x_wconf 78' lang='lat' dir='ltr'><strong>excerptas,</strong></span> <span class='ocrx_word' id='word_1_264' title='bbox 2074 2240 2251 2296; x_wconf 91' lang='lat' dir='ltr'><strong>editos</strong></span> <span class='ocrx_word' id='word_1_265' title='bbox 2282 2251 2335 2296; x_wconf 86' lang='lat' dir='ltr'><strong>et</strong></span> <span class='ocrx_word' id='word_1_266' title='bbox 2376 2241 2635 2305; x_wconf 87' lang='lat' dir='ltr'><strong>ineditos,</strong></span> <span class='ocrx_word' id='word_1_267' title='bbox 2671 2256 2810 2312; x_wconf 88' lang='lat' dir='ltr'><strong>quos</strong></span> <span class='ocrx_word' id='word_1_268' title='bbox 2839 2251 3126 2297; x_wconf 89' lang='lat' dir='ltr'><strong>auctorum</strong></span> <span class='ocrx_word' id='word_1_269' title='bbox 3162 2243 3346 2298; x_wconf 86' lang='lat' dir='ltr'><strong>tabula</strong></span> <span class='ocrx_word' id='word_1_270' title='bbox 3386 2245 3715 2308; x_wconf 72' lang='lat' dir='ltr'><strong>reccnseliit,</strong></span> <span class='ocrx_word' id='word_1_271' title='bbox 3749 2245 3844 2299; x_wconf 77' lang='lat' dir='ltr'><strong>sed</strong></span> <span class='ocrx_word' id='word_1_272' title='bbox 3888 2259 4031 2316; x_wconf 87' lang='lat' dir='ltr'><strong>quo-</strong></span> 
     </span>
    </p>
   </div>
   <div class='ocr_carea' id='block_1_23' title="bbox 766 2329 4026 2403">
    <p class='ocr_par' dir='ltr' id='par_1_23' title="bbox 766 2329 4026 2403">
     <span class='ocr_line' id='line_1_23' title="bbox 766 2329 4026 2403; baseline 0 -15"><span class='ocrx_word' id='word_1_273' title='bbox 766 2351 886 2389; x_wconf 87' lang='lat' dir='ltr'><strong>rum</strong></span> <span class='ocrx_word' id='word_1_274' title='bbox 919 2335 1104 2388; x_wconf 92' lang='lat' dir='ltr'><strong>nullus</strong></span> <span class='ocrx_word' id='word_1_275' title='bbox 1135 2331 1505 2402; x_wconf 76' lang='lat' dir='ltr'><strong>Nicephorum</strong></span> <span class='ocrx_word' id='word_1_276' title='bbox 1542 2331 1601 2400; x_wconf 55' lang='grc' dir='ltr'><strong>(ᾖε</strong></span> <span class='ocrx_word' id='word_1_277' title='bbox 1624 2329 1751 2400; x_wconf 71' lang='grc'><strong>829)</strong></span> <span class='ocrx_word' id='word_1_278' title='bbox 1780 2332 2018 2392; x_wconf 75' lang='lat' dir='ltr'><strong>excedit,</strong></span> <span class='ocrx_word' id='word_1_279' title='bbox 2051 2331 2505 2400; x_wconf 86' lang='lat' dir='ltr'><strong>chronographus</strong></span> <span class='ocrx_word' id='word_1_280' title='bbox 2536 2341 2724 2384; x_wconf 84' lang='lat' dir='ltr'><strong>noster</strong></span> <span class='ocrx_word' id='word_1_281' title='bbox 2768 2347 2901 2385; x_wconf 90' lang='lat' dir='ltr'><strong>usus</strong></span> <span class='ocrx_word' id='word_1_282' title='bbox 2938 2345 3057 2385; x_wconf 88' lang='lat' dir='ltr'><strong>esse</strong></span> <span class='ocrx_word' id='word_1_283' title='bbox 3087 2332 3300 2386; x_wconf 67' lang='lat' dir='ltr'><strong>videtur</strong></span> <span class='ocrx_word' id='word_1_284' title='bbox 3331 2336 3547 2403; x_wconf 72' lang='lat' dir='ltr'><strong>scriptis</strong></span> <span class='ocrx_word' id='word_1_285' title='bbox 3581 2335 3650 2386; x_wconf 85' lang='lat' dir='ltr'><strong>ab</strong></span> <span class='ocrx_word' id='word_1_286' title='bbox 3677 2335 3795 2401; x_wconf 88' lang='lat' dir='ltr'><strong>ipso</strong></span> <span class='ocrx_word' id='word_1_287' title='bbox 3821 2335 4026 2388; x_wconf 87' lang='lat' dir='ltr'><strong>diserte.</strong></span> 
     </span>
    </p>
   </div>
   <div class='ocr_carea' id='block_1_24' title="bbox 767 2419 4020 2494">
    <p class='ocr_par' dir='ltr' id='par_1_24' title="bbox 767 2419 4020 2494">
     <span class='ocr_line' id='line_1_24' title="bbox 767 2419 4020 2494; baseline 0.001 -19"><span class='ocrx_word' id='word_1_288' title='bbox 767 2439 876 2476; x_wconf 91' lang='lat' dir='ltr'><strong>non</strong></span> <span class='ocrx_word' id='word_1_289' title='bbox 919 2423 1178 2485; x_wconf 89' lang='lat' dir='ltr'><strong>laudatis,</strong></span> <span class='ocrx_word' id='word_1_290' title='bbox 1213 2436 1301 2476; x_wconf 83' lang='lat' dir='ltr'><strong>ex.</strong></span> <span class='ocrx_word' id='word_1_291' title='bbox 1332 2437 1414 2490; x_wconf 88' lang='lat' dir='ltr'><strong>gr.</strong></span> <span class='ocrx_word' id='word_1_292' title='bbox 1447 2436 1494 2475; x_wconf 93' lang='lat' dir='ltr'><strong>c.</strong></span> <span class='ocrx_word' id='word_1_293' title='bbox 1527 2419 1715 2484; x_wconf 77' lang='lat' dir='ltr'><strong>XCIV,</strong></span> <span class='ocrx_word' id='word_1_294' title='bbox 1741 2419 1794 2482; x_wconf 81' lang='grc'><strong>5,</strong></span> <span class='ocrx_word' id='word_1_295' title='bbox 1828 2419 1920 2472; x_wconf 91' lang='lat' dir='ltr'><strong>ubi</strong></span> <span class='ocrx_word' id='word_1_296' title='bbox 1951 2419 2105 2473; x_wconf 88' lang='lat' dir='ltr'><strong>testis</strong></span> <span class='ocrx_word' id='word_1_297' title='bbox 2137 2421 2386 2473; x_wconf 84' lang='lat' dir='ltr'><strong>oculatus</strong></span> <span class='ocrx_word' id='word_1_298' title='bbox 2415 2421 2543 2474; x_wconf 90' lang='lat' dir='ltr'><strong>anui</strong></span> <span class='ocrx_word' id='word_1_299' title='bbox 2588 2421 2692 2476; x_wconf 83' lang='grc'><strong>570</strong></span> <span class='ocrx_word' id='word_1_300' title='bbox 2736 2421 3003 2492; x_wconf 85' lang='lat' dir='ltr'><strong>loquitur,</strong></span> <span class='ocrx_word' id='word_1_301' title='bbox 3040 2437 3090 2474; x_wconf 64' lang='grc' dir='ltr'><strong>(ξ.</strong></span> <span class='ocrx_word' id='word_1_302' title='bbox 3121 2421 3382 2477; x_wconf 73' lang='lat' dir='ltr'><strong>CXXVIII</strong></span> <span class='ocrx_word' id='word_1_303' title='bbox 3419 2424 3507 2476; x_wconf 90' lang='lat' dir='ltr'><strong>uhi</strong></span> <span class='ocrx_word' id='word_1_304' title='bbox 3543 2425 3871 2494; x_wconf 85' lang='lat' dir='ltr'><strong>quingentos</strong></span> <span class='ocrx_word' id='word_1_305' title='bbox 3902 2432 4020 2478; x_wconf 77' lang='lat' dir='ltr'><strong>tan-</strong></span> 
     </span>
    </p>
   </div>
   <div class='ocr_carea' id='block_1_25' title="bbox 768 2506 3036 2580">
    <p class='ocr_par' dir='ltr' id='par_1_25' title="bbox 768 2506 3036 2580">
     <span class='ocr_line' id='line_1_25' title="bbox 768 2506 3036 2580; baseline 0 -18"><span class='ocrx_word' id='word_1_306' title='bbox 768 2519 880 2564; x_wconf 90' lang='lat' dir='ltr'><strong>tum</strong></span> <span class='ocrx_word' id='word_1_307' title='bbox 920 2525 1094 2564; x_wconf 84' lang='lat' dir='ltr'><strong>annos</strong></span> <span class='ocrx_word' id='word_1_308' title='bbox 1130 2508 1254 2562; x_wconf 90' lang='lat' dir='ltr'><strong>inde</strong></span> <span class='ocrx_word' id='word_1_309' title='bbox 1291 2509 1360 2561; x_wconf 91' lang='lat' dir='ltr'><strong>ab</strong></span> <span class='ocrx_word' id='word_1_310' title='bbox 1389 2506 1632 2561; x_wconf 84' lang='lat' dir='ltr'><strong>Adriano</strong></span> <span class='ocrx_word' id='word_1_311' title='bbox 1667 2507 1989 2574; x_wconf 89' lang='lat' dir='ltr'><strong>imperatore</strong></span> <span class='ocrx_word' id='word_1_312' title='bbox 2031 2507 2247 2577; x_wconf 89' lang='lat' dir='ltr'><strong>elapsos</strong></span> <span class='ocrx_word' id='word_1_313' title='bbox 2283 2520 2570 2564; x_wconf 88' lang='lat' dir='ltr'><strong>enumerat</strong></span> <span class='ocrx_word' id='word_1_314' title='bbox 2600 2511 2742 2564; x_wconf 88' lang='lat' dir='ltr'><strong>alius</strong></span> <span class='ocrx_word' id='word_1_315' title='bbox 2779 2510 3036 2580; x_wconf 81' lang='lat' dir='ltr'><strong>scriptor.</strong></span> 
     </span>
    </p>
   </div>
   <div class='ocr_carea' id='block_1_26' title="bbox 837 2618 4024 2694">
    <p class='ocr_par' dir='ltr' id='par_1_26' title="bbox 837 2618 4024 2694">
     <span class='ocr_line' id='line_1_26' title="bbox 837 2618 4024 2694; baseline 0.001 -18"><span class='ocrx_word' id='word_1_316' title='bbox 837 2622 943 2694; x_wconf 63' lang='lat'><strong>58.</strong></span> <span class='ocrx_word' id='word_1_317' title='bbox 979 2620 1133 2688; x_wconf 80' lang='lat' dir='ltr'><strong>Quod</strong></span> <span class='ocrx_word' id='word_1_318' title='bbox 1173 2635 1301 2676; x_wconf 68' lang='lat' dir='ltr'><strong>vero</strong></span> <span class='ocrx_word' id='word_1_319' title='bbox 1342 2621 1617 2688; x_wconf 77' lang='lat' dir='ltr'><strong>scriptoris</strong></span> <span class='ocrx_word' id='word_1_320' title='bbox 1653 2618 1882 2673; x_wconf 84' lang='lat' dir='ltr'><strong>indolem</strong></span> <span class='ocrx_word' id='word_1_321' title='bbox 1932 2621 2151 2682; x_wconf 87' lang='lat' dir='ltr'><strong>attinet,</strong></span> <span class='ocrx_word' id='word_1_322' title='bbox 2193 2622 2244 2673; x_wconf 91' lang='lat' dir='ltr'><strong>in</strong></span> <span class='ocrx_word' id='word_1_323' title='bbox 2296 2622 2383 2686; x_wconf 90' lang='lat' dir='ltr'><strong>iis,</strong></span> <span class='ocrx_word' id='word_1_324' title='bbox 2421 2635 2543 2692; x_wconf 61' lang='lat' dir='ltr'><strong>qua</strong></span> <span class='ocrx_word' id='word_1_325' title='bbox 2579 2621 2773 2690; x_wconf 91' lang='lat' dir='ltr'><strong>quinto</strong></span> <span class='ocrx_word' id='word_1_326' title='bbox 2824 2619 2964 2674; x_wconf 90' lang='lat' dir='ltr'><strong>libro</strong></span> <span class='ocrx_word' id='word_1_327' title='bbox 3006 2631 3058 2675; x_wconf 88' lang='lat' dir='ltr'><strong>et</strong></span> <span class='ocrx_word' id='word_1_328' title='bbox 3104 2621 3461 2690; x_wconf 83' lang='lat' dir='ltr'><strong>sequentibus</strong></span> <span class='ocrx_word' id='word_1_329' title='bbox 3498 2623 3758 2691; x_wconf 88' lang='lat' dir='ltr'><strong>leguntur</strong></span> <span class='ocrx_word' id='word_1_330' title='bbox 3789 2624 3842 2678; x_wconf 80' lang='grc'><strong>1⁸</strong></span> <span class='ocrx_word' id='word_1_331' title='bbox 3873 2624 4024 2680; x_wconf 80' lang='lat' dir='ltr'><strong>nulla</strong></span> 
     </span>
    </p>
   </div>
   <div class='ocr_carea' id='block_1_27' title="bbox 762 2709 4026 2780">
    <p class='ocr_par' dir='ltr' id='par_1_27' title="bbox 762 2709 4026 2780">
     <span class='ocr_line' id='line_1_27' title="bbox 762 2709 4026 2780; baseline 0 -13"><span class='ocrx_word' id='word_1_332' title='bbox 762 2717 877 2767; x_wconf 88' lang='lat' dir='ltr'><strong>loca</strong></span> <span class='ocrx_word' id='word_1_333' title='bbox 910 2713 1215 2774; x_wconf 88' lang='lat' dir='ltr'><strong>bibliorum,</strong></span> <span class='ocrx_word' id='word_1_334' title='bbox 1275 2709 1498 2762; x_wconf 80' lang='lat' dir='ltr'><strong>Patrum</strong></span> <span class='ocrx_word' id='word_1_335' title='bbox 1550 2709 2044 2764; x_wconf 80' lang='lat' dir='ltr'><strong>ecclesiasticarum</strong></span> <span class='ocrx_word' id='word_1_336' title='bbox 2095 2711 2440 2778; x_wconf 88' lang='lat' dir='ltr'><strong>aliorumque</strong></span> <span class='ocrx_word' id='word_1_337' title='bbox 2482 2725 2644 2774; x_wconf 87' lang='lat' dir='ltr'><strong>usque</strong></span> <span class='ocrx_word' id='word_1_338' title='bbox 2681 2710 2747 2760; x_wconf 87' lang='lat' dir='ltr'><strong>ad</strong></span> <span class='ocrx_word' id='word_1_339' title='bbox 2783 2709 3138 2776; x_wconf 79' lang='lat' dir='ltr'><strong>Nicephorum</strong></span> <span class='ocrx_word' id='word_1_340' title='bbox 3191 2709 3250 2778; x_wconf 47' lang='grc' dir='ltr'><strong>(ἦ</strong></span> <span class='ocrx_word' id='word_1_341' title='bbox 3275 2710 3398 2778; x_wconf 75' lang='grc'><strong>829)</strong></span> <span class='ocrx_word' id='word_1_342' title='bbox 3444 2712 3760 2780; x_wconf 84' lang='lat' dir='ltr'><strong>scriptorum</strong></span> <span class='ocrx_word' id='word_1_343' title='bbox 3802 2713 4026 2768; x_wconf 79' lang='lat' dir='ltr'><strong>laudata</strong></span> 
     </span>
    </p>
   </div>
   <div class='ocr_carea' id='block_1_28' title="bbox 763 2797 4022 2872">
    <p class='ocr_par' dir='ltr' id='par_1_28' title="bbox 763 2797 4022 2872">
     <span class='ocr_line' id='line_1_28' title="bbox 763 2797 4022 2872; baseline 0 -16"><span class='ocrx_word' id='word_1_344' title='bbox 763 2802 1115 2856; x_wconf 73' lang='lat' dir='ltr'><strong>inveniuntur</strong></span> <span class='ocrx_word' id='word_1_345' title='bbox 1155 2813 1277 2868; x_wconf 66' lang='lat' dir='ltr'><strong>qua!</strong></span> <span class='ocrx_word' id='word_1_346' title='bbox 1310 2799 1510 2866; x_wconf 90' lang='lat' dir='ltr'><strong>ubique</strong></span> <span class='ocrx_word' id='word_1_347' title='bbox 1543 2797 1610 2851; x_wconf 92' lang='lat' dir='ltr'><strong>IV</strong></span> <span class='ocrx_word' id='word_1_348' title='bbox 1641 2800 1830 2865; x_wconf 84' lang='lat' dir='ltr'><strong>primis</strong></span> <span class='ocrx_word' id='word_1_349' title='bbox 1862 2800 1916 2850; x_wconf 89' lang='lat' dir='ltr'><strong>in</strong></span> <span class='ocrx_word' id='word_1_350' title='bbox 1949 2798 2100 2851; x_wconf 83' lang='lat' dir='ltr'><strong>libris</strong></span> <span class='ocrx_word' id='word_1_351' title='bbox 2133 2797 2292 2852; x_wconf 88' lang='lat' dir='ltr'><strong>obvia</strong></span> <span class='ocrx_word' id='word_1_352' title='bbox 2337 2809 2482 2858; x_wconf 83' lang='lat' dir='ltr'><strong>sunt.</strong></span> <span class='ocrx_word' id='word_1_353' title='bbox 2525 2797 2668 2851; x_wconf 90' lang='lat' dir='ltr'><strong>sicut</strong></span> <span class='ocrx_word' id='word_1_354' title='bbox 2692 2798 2804 2865; x_wconf 87' lang='lat' dir='ltr'><strong>jam</strong></span> <span class='ocrx_word' id='word_1_355' title='bbox 2841 2807 3130 2851; x_wconf 91' lang='lat' dir='ltr'><strong>auctorum</strong></span> <span class='ocrx_word' id='word_1_356' title='bbox 3167 2799 3329 2852; x_wconf 78' lang='lat' dir='ltr'><strong>index</strong></span> <span class='ocrx_word' id='word_1_357' title='bbox 3366 2800 3657 2865; x_wconf 86' lang='lat' dir='ltr'><strong>ostendet;</strong></span> <span class='ocrx_word' id='word_1_358' title='bbox 3691 2817 3862 2870; x_wconf 91' lang='lat' dir='ltr'><strong>neque</strong></span> <span class='ocrx_word' id='word_1_359' title='bbox 3901 2814 4022 2872; x_wconf 84' lang='lat' dir='ltr'><strong>post</strong></span> 
     </span>
    </p>
   </div>
   <div class='ocr_carea' id='block_1_29' title="bbox 761 2885 4023 2960">
    <p class='ocr_par' dir='ltr' id='par_1_29' title="bbox 761 2885 4023 2960">
     <span class='ocr_line' id='line_1_29' title="bbox 761 2885 4023 2960; baseline 0 -18"><span class='ocrx_word' id='word_1_360' title='bbox 761 2906 814 2943; x_wconf 88' lang='lat' dir='ltr'><strong>a.</strong></span> <span class='ocrx_word' id='word_1_361' title='bbox 848 2889 950 2944; x_wconf 82' lang='grc'><strong>845</strong></span> <span class='ocrx_word' id='word_1_362' title='bbox 990 2888 1345 2942; x_wconf 88' lang='lat' dir='ltr'><strong>inveniuntur</strong></span> <span class='ocrx_word' id='word_1_363' title='bbox 1371 2901 1667 2952; x_wconf 74' lang='lat' dir='ltr'><strong>parcrneses</strong></span> <span class='ocrx_word' id='word_1_364' title='bbox 1705 2886 1808 2938; x_wconf 76' lang='lat' dir='ltr'><strong>illa:</strong></span> <span class='ocrx_word' id='word_1_365' title='bbox 1838 2886 2184 2953; x_wconf 65' lang='lat' dir='ltr'><strong>dogmaticae,</strong></span> <span class='ocrx_word' id='word_1_366' title='bbox 2218 2886 2498 2950; x_wconf 77' lang='lat' dir='ltr'><strong>polemicte</strong></span> <span class='ocrx_word' id='word_1_367' title='bbox 2525 2896 2579 2939; x_wconf 92' lang='lat' dir='ltr'><strong>et</strong></span> <span class='ocrx_word' id='word_1_368' title='bbox 2608 2886 2869 2949; x_wconf 85' lang='lat' dir='ltr'><strong>morales,</strong></span> <span class='ocrx_word' id='word_1_369' title='bbox 2909 2901 3046 2955; x_wconf 78' lang='lat' dir='ltr'><strong>quas</strong></span> <span class='ocrx_word' id='word_1_370' title='bbox 3084 2886 3199 2954; x_wconf 85' lang='lat' dir='ltr'><strong>ipse</strong></span> <span class='ocrx_word' id='word_1_371' title='bbox 3234 2885 3501 2956; x_wconf 86' lang='lat' dir='ltr'><strong>Georgius</strong></span> <span class='ocrx_word' id='word_1_372' title='bbox 3536 2889 3783 2942; x_wconf 86' lang='lat' dir='ltr'><strong>nominat</strong></span> <span class='ocrx_word' id='word_1_373' title='bbox 3811 2889 4023 2960; x_wconf 86' lang='lat' dir='ltr'><strong>digres-</strong></span> 
     </span>
    </p>
   </div>
   <div class='ocr_carea' id='block_1_30' title="bbox 761 2973 2443 3044">
    <p class='ocr_par' dir='ltr' id='par_1_30' title="bbox 761 2973 2431 3044">
     <span class='ocr_line' id='line_1_30' title="bbox 761 2973 2431 3044; baseline -0.004 -14"><span class='ocrx_word' id='word_1_374' title='bbox 761 2979 944 3032; x_wconf 78' lang='lat' dir='ltr'><strong>siones</strong></span> <span class='ocrx_word' id='word_1_375' title='bbox 987 2978 1060 3044; x_wconf 91' lang='lat' dir='ltr'><strong>(p.</strong></span> <span class='ocrx_word' id='word_1_376' title='bbox 1091 2975 1178 3036; x_wconf 76' lang='lat'><strong>5|,</strong></span> <span class='ocrx_word' id='word_1_377' title='bbox 1217 2975 1338 3035; x_wconf 90' lang='grc'><strong>151,</strong></span> <span class='ocrx_word' id='word_1_378' title='bbox 1377 2974 1502 3034; x_wconf 78' lang='grc'><strong>150,</strong></span> <span class='ocrx_word' id='word_1_379' title='bbox 1529 2973 1659 3036; x_wconf 70' lang='grc'><strong>206,</strong></span> <span class='ocrx_word' id='word_1_380' title='bbox 1687 2973 1814 3036; x_wconf 69' lang='grc'><strong>255,</strong></span> <span class='ocrx_word' id='word_1_381' title='bbox 1838 2973 1964 3039; x_wconf 71' lang='grc'><strong>285,</strong></span> <span class='ocrx_word' id='word_1_382' title='bbox 1997 2974 2121 3036; x_wconf 71' lang='grc'><strong>527,</strong></span> <span class='ocrx_word' id='word_1_383' title='bbox 2153 2974 2280 3035; x_wconf 72' lang='grc'><strong>529,</strong></span> <span class='ocrx_word' id='word_1_384' title='bbox 2309 2973 2431 3035; x_wconf 71' lang='grc'><strong>552,</strong></span> 
     </span>
    </p>
   </div>
   <div class='ocr_carea' id='block_1_31' title="bbox 2340 2973 4022 3044">
    <p class='ocr_par' dir='ltr' id='par_1_31' title="bbox 2340 2973 4022 3044">
     <span class='ocr_line' id='line_1_31' title="bbox 2340 2973 4022 3044; baseline 0.004 -20"><span class='ocrx_word' id='word_1_385' title='bbox 2340 2974 2431 3035; x_wconf 67' lang='grc'><strong>52,</strong></span> <span class='ocrx_word' id='word_1_386' title='bbox 2471 2975 2599 3039; x_wconf 80' lang='grc'><strong>556,</strong></span> <span class='ocrx_word' id='word_1_387' title='bbox 2629 2975 2754 3039; x_wconf 84' lang='grc'><strong>557,</strong></span> <span class='ocrx_word' id='word_1_388' title='bbox 2789 2973 2918 3038; x_wconf 71' lang='grc'><strong>562,</strong></span> <span class='ocrx_word' id='word_1_389' title='bbox 2947 2974 3073 3035; x_wconf 87' lang='grc'><strong>569,</strong></span> <span class='ocrx_word' id='word_1_390' title='bbox 3101 2974 3227 3039; x_wconf 84' lang='grc'><strong>415,</strong></span> <span class='ocrx_word' id='word_1_391' title='bbox 3259 2975 3386 3040; x_wconf 66' lang='grc'><strong>420,</strong></span> <span class='ocrx_word' id='word_1_392' title='bbox 3416 2978 3544 3042; x_wconf 88' lang='grc'><strong>450,</strong></span> <span class='ocrx_word' id='word_1_393' title='bbox 3575 2977 3699 3039; x_wconf 81' lang='grc'><strong>456,</strong></span> <span class='ocrx_word' id='word_1_394' title='bbox 3729 2979 3857 3040; x_wconf 71' lang='grc'><strong>482,</strong></span> <span class='ocrx_word' id='word_1_395' title='bbox 3890 2980 4022 3044; x_wconf 68' lang='grc'><strong>483,</strong></span> 
     </span>
    </p>
   </div>
   <div class='ocr_carea' id='block_1_32' title="bbox 760 3059 2442 3134">
    <p class='ocr_par' dir='ltr' id='par_1_32' title="bbox 760 3059 2442 3127">
     <span class='ocr_line' id='line_1_32' title="bbox 760 3059 2442 3127; baseline -0.002 -10"><span class='ocrx_word' id='word_1_396' title='bbox 760 3065 884 3127; x_wconf 74' lang='grc'><strong>541,</strong></span> <span class='ocrx_word' id='word_1_397' title='bbox 919 3062 1043 3126; x_wconf 77' lang='grc'><strong>548,</strong></span> <span class='ocrx_word' id='word_1_398' title='bbox 1079 3061 1199 3122; x_wconf 68' lang='grc' dir='ltr'><strong>δη,</strong></span> <span class='ocrx_word' id='word_1_399' title='bbox 1235 3061 1361 3124; x_wconf 82' lang='grc'><strong>581,</strong></span> <span class='ocrx_word' id='word_1_400' title='bbox 1395 3060 1519 3122; x_wconf 61' lang='grc'><strong>591,</strong></span> <span class='ocrx_word' id='word_1_401' title='bbox 1543 3060 1667 3123; x_wconf 87' lang='grc'><strong>597,</strong></span> <span class='ocrx_word' id='word_1_402' title='bbox 1696 3059 1821 3124; x_wconf 78' lang='lat'><strong>598,</strong></span> <span class='ocrx_word' id='word_1_403' title='bbox 1857 3060 1983 3122; x_wconf 81' lang='grc'><strong>604,</strong></span> <span class='ocrx_word' id='word_1_404' title='bbox 2012 3060 2135 3122; x_wconf 80' lang='grc'><strong>040,</strong></span> <span class='ocrx_word' id='word_1_405' title='bbox 2166 3059 2288 3125; x_wconf 83' lang='grc'><strong>645,</strong></span> <span class='ocrx_word' id='word_1_406' title='bbox 2321 3061 2442 3123; x_wconf 84' lang='grc'><strong>677,</strong></span> 
     </span>
    </p>
   </div>
   <div class='ocr_carea' id='block_1_33' title="bbox 2340 3059 4022 3134">
    <p class='ocr_par' dir='ltr' id='par_1_33' title="bbox 2340 3061 4022 3134">
     <span class='ocr_line' id='line_1_33' title="bbox 2340 3061 4022 3134; baseline 0.002 -22"><span class='ocrx_word' id='word_1_407' title='bbox 2340 3061 2448 3123; x_wconf 70' lang='grc'><strong>177,</strong></span> <span class='ocrx_word' id='word_1_408' title='bbox 2474 3062 2598 3124; x_wconf 73' lang='grc' dir='ltr'><strong>(ιεδ,</strong></span> <span class='ocrx_word' id='word_1_409' title='bbox 2625 3063 2750 3126; x_wconf 86' lang='grc'><strong>689,</strong></span> <span class='ocrx_word' id='word_1_410' title='bbox 2783 3062 2907 3128; x_wconf 71' lang='lat'><strong>692,</strong></span> <span class='ocrx_word' id='word_1_411' title='bbox 2931 3063 3056 3123; x_wconf 86' lang='grc'><strong>694,</strong></span> <span class='ocrx_word' id='word_1_412' title='bbox 3083 3063 3209 3128; x_wconf 79' lang='lat'><strong>703,</strong></span> <span class='ocrx_word' id='word_1_413' title='bbox 3241 3064 3390 3131; x_wconf 68' lang='grc' dir='ltr'><strong>πο).</strong></span> <span class='ocrx_word' id='word_1_414' title='bbox 3420 3064 3580 3120; x_wconf 91' lang='lat' dir='ltr'><strong>Deest</strong></span> <span class='ocrx_word' id='word_1_415' title='bbox 3617 3067 3741 3120; x_wconf 90' lang='lat' dir='ltr'><strong>inde</strong></span> <span class='ocrx_word' id='word_1_416' title='bbox 3765 3082 3795 3120; x_wconf 89' lang='lat' dir='ltr'><strong>a</strong></span> <span class='ocrx_word' id='word_1_417' title='bbox 3823 3069 4022 3134; x_wconf 87' lang='lat' dir='ltr'><strong>qttinto</strong></span> 
     </span>
    </p>
   </div>
   <div class='ocr_carea' id='block_1_34' title="bbox 760 3147 2442 3220">
    <p class='ocr_par' dir='ltr' id='par_1_34' title="bbox 760 3147 2408 3217">
     <span class='ocr_line' id='line_1_34' title="bbox 760 3147 2408 3217; baseline -0.002 -12"><span class='ocrx_word' id='word_1_418' title='bbox 760 3153 897 3205; x_wconf 93' lang='lat' dir='ltr'><strong>libro</strong></span> <span class='ocrx_word' id='word_1_419' title='bbox 948 3151 1037 3203; x_wconf 86' lang='lat' dir='ltr'><strong>illa</strong></span> <span class='ocrx_word' id='word_1_420' title='bbox 1081 3150 1428 3204; x_wconf 79' lang='lat' dir='ltr'><strong>enumerandi</strong></span> <span class='ocrx_word' id='word_1_421' title='bbox 1480 3148 1754 3201; x_wconf 78' lang='lat' dir='ltr'><strong>met/rudus</strong></span> <span class='ocrx_word' id='word_1_422' title='bbox 1802 3148 1854 3200; x_wconf 88' lang='lat' dir='ltr'><strong>in</strong></span> <span class='ocrx_word' id='word_1_423' title='bbox 1900 3147 2335 3217; x_wconf 81' lang='lat' dir='ltr'><strong>argumentando</strong></span> <span class='ocrx_word' id='word_1_424' title='bbox 2379 3164 2408 3201; x_wconf 71' lang='grc' dir='ltr'><strong>δ</strong></span> 
     </span>
    </p>
   </div>
   <div class='ocr_carea' id='block_1_35' title="bbox 2335 3147 4017 3220">
    <p class='ocr_par' dir='ltr' id='par_1_35' title="bbox 2379 3149 4017 3220">
     <span class='ocr_line' id='line_1_35' title="bbox 2379 3149 4017 3220; baseline 0.002 -18"><span class='ocrx_word' id='word_1_425' title='bbox 2379 3164 2408 3201; x_wconf 82' lang='lat' dir='ltr'><strong>a</strong></span> <span class='ocrx_word' id='word_1_426' title='bbox 2446 3149 2680 3219; x_wconf 89' lang='lat' dir='ltr'><strong>Georgio</strong></span> <span class='ocrx_word' id='word_1_427' title='bbox 2730 3151 2932 3218; x_wconf 59' lang='lat' dir='ltr'><strong>saepius</strong></span> <span class='ocrx_word' id='word_1_428' title='bbox 2976 3151 3222 3204; x_wconf 87' lang='lat' dir='ltr'><strong>adhibita</strong></span> <span class='ocrx_word' id='word_1_429' title='bbox 3257 3152 3334 3220; x_wconf 94' lang='lat' dir='ltr'><strong>(p.</strong></span> <span class='ocrx_word' id='word_1_430' title='bbox 3368 3151 3422 3211; x_wconf 90' lang='lat'><strong>6,</strong></span> <span class='ocrx_word' id='word_1_431' title='bbox 3462 3151 3553 3214; x_wconf 74' lang='lat'><strong>82,</strong></span> <span class='ocrx_word' id='word_1_432' title='bbox 3580 3152 3705 3214; x_wconf 66' lang='lat'><strong>49.4,</strong></span> <span class='ocrx_word' id='word_1_433' title='bbox 3735 3153 3855 3216; x_wconf 90' lang='grc'><strong>157,</strong></span> <span class='ocrx_word' id='word_1_434' title='bbox 3887 3153 4017 3215; x_wconf 69' lang='grc'><strong>252,</strong></span> 
     </span>
    </p>
   </div>
   <div class='ocr_carea' id='block_1_36' title="bbox 759 3234 4018 3306">
    <p class='ocr_par' dir='ltr' id='par_1_36' title="bbox 759 3234 4018 3306">
     <span class='ocr_line' id='line_1_36' title="bbox 759 3234 4018 3306; baseline 0.001 -13"><span class='ocrx_word' id='word_1_435' title='bbox 759 3239 884 3305; x_wconf 82' lang='grc'><strong>504,</strong></span> <span class='ocrx_word' id='word_1_436' title='bbox 920 3238 1044 3300; x_wconf 74' lang='lat'><strong>562,</strong></span> <span class='ocrx_word' id='word_1_437' title='bbox 1073 3238 1196 3302; x_wconf 72' lang='lat'><strong>5&#39;27,</strong></span> <span class='ocrx_word' id='word_1_438' title='bbox 1240 3236 1381 3305; x_wconf 86' lang='lat'><strong>607).</strong></span> <span class='ocrx_word' id='word_1_439' title='bbox 1427 3234 1568 3289; x_wconf 90' lang='lat' dir='ltr'><strong>Sunt</strong></span> <span class='ocrx_word' id='word_1_440' title='bbox 1603 3234 1712 3287; x_wconf 89' lang='lat' dir='ltr'><strong>alia</strong></span> <span class='ocrx_word' id='word_1_441' title='bbox 1760 3235 1917 3302; x_wconf 84' lang='lat' dir='ltr'><strong>plura</strong></span> <span class='ocrx_word' id='word_1_442' title='bbox 1951 3250 2070 3303; x_wconf 68' lang='lat' dir='ltr'><strong>quae</strong></span> <span class='ocrx_word' id='word_1_443' title='bbox 2109 3235 2414 3302; x_wconf 84' lang='lat' dir='ltr'><strong>scriptorem</strong></span> <span class='ocrx_word' id='word_1_444' title='bbox 2458 3239 2693 3288; x_wconf 85' lang='lat' dir='ltr'><strong>omnium</strong></span> <span class='ocrx_word' id='word_1_445' title='bbox 2741 3246 2971 3306; x_wconf 80' lang='lat' dir='ltr'><strong>quatuor</strong></span> <span class='ocrx_word' id='word_1_446' title='bbox 3019 3240 3259 3306; x_wconf 85' lang='lat' dir='ltr'><strong>priorum</strong></span> <span class='ocrx_word' id='word_1_447' title='bbox 3304 3239 3562 3291; x_wconf 87' lang='lat' dir='ltr'><strong>librorum</strong></span> <span class='ocrx_word' id='word_1_448' title='bbox 3605 3243 3845 3292; x_wconf 82' lang='lat' dir='ltr'><strong>eumdem</strong></span> <span class='ocrx_word' id='word_1_449' title='bbox 3889 3255 4018 3295; x_wconf 70' lang='lat' dir='ltr'><strong>esset</strong></span> 
     </span>
    </p>
   </div>
   <div class='ocr_carea' id='block_1_37' title="bbox 756 3322 4017 3396">
    <p class='ocr_par' dir='ltr' id='par_1_37' title="bbox 756 3322 4017 3396">
     <span class='ocr_line' id='line_1_37' title="bbox 756 3322 4017 3396; baseline -0.001 -14"><span class='ocrx_word' id='word_1_450' title='bbox 756 3330 1046 3391; x_wconf 73' lang='lat' dir='ltr'><strong>evincant;</strong></span> <span class='ocrx_word' id='word_1_451' title='bbox 1079 3341 1128 3380; x_wconf 82' lang='grc' dir='ltr'><strong>ν.</strong></span> <span class='ocrx_word' id='word_1_452' title='bbox 1163 3341 1212 3380; x_wconf 90' lang='lat' dir='ltr'><strong>c.</strong></span> <span class='ocrx_word' id='word_1_453' title='bbox 1250 3324 1437 3379; x_wconf 90' lang='lat' dir='ltr'><strong>eadem</strong></span> <span class='ocrx_word' id='word_1_454' title='bbox 1485 3326 1550 3376; x_wconf 89' lang='lat' dir='ltr'><strong>de</strong></span> <span class='ocrx_word' id='word_1_455' title='bbox 1601 3324 1951 3376; x_wconf 88' lang='lat' dir='ltr'><strong>barbarorum</strong></span> <span class='ocrx_word' id='word_1_456' title='bbox 1989 3322 2270 3374; x_wconf 83' lang='lat' dir='ltr'><strong>virtutibus</strong></span> <span class='ocrx_word' id='word_1_457' title='bbox 2316 3333 2363 3375; x_wconf 83' lang='lat' dir='ltr'><strong>et</strong></span> <span class='ocrx_word' id='word_1_458' title='bbox 2409 3326 2642 3378; x_wconf 88' lang='lat' dir='ltr'><strong>moribus</strong></span> <span class='ocrx_word' id='word_1_459' title='bbox 2686 3326 3000 3380; x_wconf 89' lang='lat' dir='ltr'><strong>referuntur</strong></span> <span class='ocrx_word' id='word_1_460' title='bbox 3043 3331 3120 3395; x_wconf 88' lang='lat' dir='ltr'><strong>(p.</strong></span> <span class='ocrx_word' id='word_1_461' title='bbox 3153 3325 3222 3379; x_wconf 79' lang='lat'><strong>9.6</strong></span> <span class='ocrx_word' id='word_1_462' title='bbox 3256 3337 3306 3379; x_wconf 88' lang='lat' dir='ltr'><strong>et</strong></span> <span class='ocrx_word' id='word_1_463' title='bbox 3339 3325 3510 3392; x_wconf 71' lang='lat'><strong>264);</strong></span> <span class='ocrx_word' id='word_1_464' title='bbox 3545 3342 3690 3396; x_wconf 78' lang='lat' dir='ltr'><strong>reges</strong></span> <span class='ocrx_word' id='word_1_465' title='bbox 3723 3326 4017 3382; x_wconf 83' lang='lat' dir='ltr'><strong>Christiani</strong></span> 
     </span>
    </p>
   </div>
   <div class='ocr_carea' id='block_1_38' title="bbox 760 3410 4014 3484">
    <p class='ocr_par' dir='ltr' id='par_1_38' title="bbox 760 3410 4014 3484">
     <span class='ocr_line' id='line_1_38' title="bbox 760 3410 4014 3484; baseline -0.001 -14"><span class='ocrx_word' id='word_1_466' title='bbox 760 3434 876 3470; x_wconf 83' lang='lat' dir='ltr'><strong>cum</strong></span> <span class='ocrx_word' id='word_1_467' title='bbox 904 3415 1150 3468; x_wconf 84' lang='lat' dir='ltr'><strong>Juduicis</strong></span> <span class='ocrx_word' id='word_1_468' title='bbox 1184 3415 1263 3468; x_wconf 79' lang='lat' dir='ltr'><strong>vel</strong></span> <span class='ocrx_word' id='word_1_469' title='bbox 1291 3429 1483 3469; x_wconf 90' lang='lat' dir='ltr'><strong>eorum</strong></span> <span class='ocrx_word' id='word_1_470' title='bbox 1519 3413 1758 3467; x_wconf 89' lang='lat' dir='ltr'><strong>inimicis</strong></span> <span class='ocrx_word' id='word_1_471' title='bbox 1796 3410 1944 3484; x_wconf 73' lang='lat' dir='ltr'><strong>[IX]</strong></span> <span class='ocrx_word' id='word_1_472' title='bbox 1977 3427 2066 3465; x_wconf 79' lang='lat' dir='ltr'><strong>ex.</strong></span> <span class='ocrx_word' id='word_1_473' title='bbox 2102 3426 2183 3479; x_wconf 85' lang='lat' dir='ltr'><strong>gr.</strong></span> <span class='ocrx_word' id='word_1_474' title='bbox 2217 3412 2608 3466; x_wconf 87' lang='lat' dir='ltr'><strong>Senacherimo</strong></span> <span class='ocrx_word' id='word_1_475' title='bbox 2637 3415 2838 3482; x_wconf 71' lang='lat' dir='ltr'><strong>saepius</strong></span> <span class='ocrx_word' id='word_1_476' title='bbox 2869 3415 3217 3482; x_wconf 75' lang='lat' dir='ltr'><strong>conferuntur</strong></span> <span class='ocrx_word' id='word_1_477' title='bbox 3247 3416 3320 3482; x_wconf 91' lang='lat' dir='ltr'><strong>(p.</strong></span> <span class='ocrx_word' id='word_1_478' title='bbox 3357 3413 3481 3478; x_wconf 86' lang='lat'><strong>680,</strong></span> <span class='ocrx_word' id='word_1_479' title='bbox 3507 3411 3633 3479; x_wconf 83' lang='grc'><strong>684,</strong></span> <span class='ocrx_word' id='word_1_480' title='bbox 3660 3415 3806 3483; x_wconf 83' lang='grc'><strong>695);</strong></span> <span class='ocrx_word' id='word_1_481' title='bbox 3832 3419 4014 3469; x_wconf 82' lang='lat' dir='ltr'><strong>eadem</strong></span> 
     </span>
    </p>
   </div>
   <div class='ocr_carea' id='block_1_39' title="bbox 763 3495 2445 3571">
    <p class='ocr_par' dir='ltr' id='par_1_39' title="bbox 763 3495 2445 3571">
     <span class='ocr_line' id='line_1_39' title="bbox 763 3495 2445 3571; baseline -0.004 -14"><span class='ocrx_word' id='word_1_482' title='bbox 763 3504 1058 3571; x_wconf 73' lang='lat' dir='ltr'><strong>Scriptum</strong></span> <span class='ocrx_word' id='word_1_483' title='bbox 1089 3517 1256 3554; x_wconf 83' lang='lat' dir='ltr'><strong>sacra:</strong></span> <span class='ocrx_word' id='word_1_484' title='bbox 1290 3502 1406 3553; x_wconf 87' lang='lat' dir='ltr'><strong>loca</strong></span> <span class='ocrx_word' id='word_1_485' title='bbox 1467 3500 1756 3554; x_wconf 85' lang='lat' dir='ltr'><strong>laudantur</strong></span> <span class='ocrx_word' id='word_1_486' title='bbox 1788 3501 1863 3568; x_wconf 90' lang='lat' dir='ltr'><strong>(p.</strong></span> <span class='ocrx_word' id='word_1_487' title='bbox 1900 3497 2024 3558; x_wconf 78' lang='grc'><strong>558,</strong></span> <span class='ocrx_word' id='word_1_488' title='bbox 2080 3497 2204 3560; x_wconf 78' lang='grc'><strong>575,</strong></span> <span class='ocrx_word' id='word_1_489' title='bbox 2241 3495 2362 3559; x_wconf 83' lang='grc'><strong>589,</strong></span> <span class='ocrx_word' id='word_1_490' title='bbox 2418 3499 2445 3550; x_wconf 83' lang='grc'><strong>6</strong></span> 
     </span>
    </p>
   </div>
   <div class='ocr_carea' id='block_1_40' title="bbox 2333 3495 4015 3571">
    <p class='ocr_par' dir='ltr' id='par_1_40' title="bbox 2333 3497 4015 3570">
     <span class='ocr_line' id='line_1_40' title="bbox 2333 3497 4015 3570; baseline 0.007 -25"><span class='ocrx_word' id='word_1_491' title='bbox 2333 3502 2362 3559; x_wconf 73' lang='grc'><strong>1,</strong></span> <span class='ocrx_word' id='word_1_492' title='bbox 2418 3497 2541 3562; x_wconf 64' lang='lat'><strong>698,</strong></span> <span class='ocrx_word' id='word_1_493' title='bbox 2588 3498 2712 3562; x_wconf 72' lang='lat'><strong>720,</strong></span> <span class='ocrx_word' id='word_1_494' title='bbox 2747 3499 2873 3564; x_wconf 66' lang='lat'><strong>5&#39;22,</strong></span> <span class='ocrx_word' id='word_1_495' title='bbox 2907 3500 3032 3564; x_wconf 83' lang='lat'><strong>680,</strong></span> <span class='ocrx_word' id='word_1_496' title='bbox 3067 3499 3190 3564; x_wconf 81' lang='grc'><strong>695,</strong></span> <span class='ocrx_word' id='word_1_497' title='bbox 3230 3500 3374 3568; x_wconf 76' lang='lat' dir='ltr'><strong>7L9);</strong></span> <span class='ocrx_word' id='word_1_498' title='bbox 3413 3500 3555 3554; x_wconf 85' lang='lat' dir='ltr'><strong>idem</strong></span> <span class='ocrx_word' id='word_1_499' title='bbox 3612 3501 3848 3570; x_wconf 87' lang='lat' dir='ltr'><strong>denique</strong></span> <span class='ocrx_word' id='word_1_500' title='bbox 3902 3520 4015 3557; x_wconf 75' lang='lat' dir='ltr'><strong>suos</strong></span> 
     </span>
    </p>
   </div>
   <div class='ocr_carea' id='block_1_41' title="bbox 757 3583 2439 3659">
    <p class='ocr_par' dir='ltr' id='par_1_41' title="bbox 757 3583 2404 3659">
     <span class='ocr_line' id='line_1_41' title="bbox 757 3583 2404 3659; baseline -0.005 -15"><span class='ocrx_word' id='word_1_501' title='bbox 757 3609 848 3646; x_wconf 70' lang='lat' dir='ltr'><strong>aer</strong></span> <span class='ocrx_word' id='word_1_502' title='bbox 869 3593 1055 3659; x_wconf 86' lang='lat' dir='ltr'><strong>jurgiu</strong></span> <span class='ocrx_word' id='word_1_503' title='bbox 1087 3590 1162 3643; x_wconf 72' lang='lat' dir='ltr'><strong>t&#39;el</strong></span> <span class='ocrx_word' id='word_1_504' title='bbox 1187 3593 1328 3642; x_wconf 86' lang='lat' dir='ltr'><strong>lusus</strong></span> <span class='ocrx_word' id='word_1_505' title='bbox 1355 3589 1620 3642; x_wconf 82' lang='lat' dir='ltr'><strong>verborum</strong></span> <span class='ocrx_word' id='word_1_506' title='bbox 1660 3586 2068 3656; x_wconf 83' lang='lat' dir='ltr'><strong>argumentandi</strong></span> <span class='ocrx_word' id='word_1_507' title='bbox 2089 3586 2164 3655; x_wconf 88' lang='lat' dir='ltr'><strong>(p.</strong></span> <span class='ocrx_word' id='word_1_508' title='bbox 2195 3585 2249 3648; x_wconf 77' lang='lat'><strong>9.,</strong></span> <span class='ocrx_word' id='word_1_509' title='bbox 2280 3583 2404 3645; x_wconf 83' lang='lat'><strong>500,</strong></span> 
     </span>
    </p>
   </div>
   <div class='ocr_carea' id='block_1_42' title="bbox 2331 3583 4013 3659">
    <p class='ocr_par' dir='ltr' id='par_1_42' title="bbox 2331 3583 4013 3656">
     <span class='ocr_line' id='line_1_42' title="bbox 2331 3583 4013 3656; baseline 0.005 -18"><span class='ocrx_word' id='word_1_510' title='bbox 2331 3583 2404 3645; x_wconf 83' lang='lat'><strong>)0,</strong></span> <span class='ocrx_word' id='word_1_511' title='bbox 2441 3584 2565 3648; x_wconf 75' lang='lat'><strong>593,</strong></span> <span class='ocrx_word' id='word_1_512' title='bbox 2607 3587 2728 3648; x_wconf 85' lang='grc'><strong>611,</strong></span> <span class='ocrx_word' id='word_1_513' title='bbox 2764 3586 2887 3650; x_wconf 85' lang='grc'><strong>644,</strong></span> <span class='ocrx_word' id='word_1_514' title='bbox 2927 3587 3050 3652; x_wconf 82' lang='grc'><strong>649,</strong></span> <span class='ocrx_word' id='word_1_515' title='bbox 3085 3587 3209 3651; x_wconf 80' lang='grc'><strong>654,</strong></span> <span class='ocrx_word' id='word_1_516' title='bbox 3248 3587 3373 3650; x_wconf 74' lang='grc'><strong>662,</strong></span> <span class='ocrx_word' id='word_1_517' title='bbox 3406 3588 3532 3652; x_wconf 86' lang='grc'><strong>685,</strong></span> <span class='ocrx_word' id='word_1_518' title='bbox 3563 3586 3689 3653; x_wconf 79' lang='grc'><strong>685,</strong></span> <span class='ocrx_word' id='word_1_519' title='bbox 3725 3589 3852 3652; x_wconf 74' lang='grc'><strong>686,</strong></span> <span class='ocrx_word' id='word_1_520' title='bbox 3883 3591 4013 3656; x_wconf 90' lang='grc'><strong>689,</strong></span> 
     </span>
    </p>
   </div>
   <div class='ocr_carea' id='block_1_43' title="bbox 758 3673 2440 3748">
    <p class='ocr_par' dir='ltr' id='par_1_43' title="bbox 758 3673 2440 3744">
     <span class='ocr_line' id='line_1_43' title="bbox 758 3673 2440 3744; baseline -0.005 -12"><span class='ocrx_word' id='word_1_521' title='bbox 758 3680 881 3744; x_wconf 57' lang='grc'><strong>1199,</strong></span> <span class='ocrx_word' id='word_1_522' title='bbox 914 3678 1035 3742; x_wconf 74' lang='lat'><strong>702,</strong></span> <span class='ocrx_word' id='word_1_523' title='bbox 1075 3677 1197 3741; x_wconf 88' lang='lat'><strong>707,</strong></span> <span class='ocrx_word' id='word_1_524' title='bbox 1231 3676 1375 3744; x_wconf 82' lang='grc'><strong>708).</strong></span> <span class='ocrx_word' id='word_1_525' title='bbox 1413 3706 1482 3715; x_wconf 95' lang='grc'><strong>-</strong></span> <span class='ocrx_word' id='word_1_526' title='bbox 1505 3677 1560 3730; x_wconf 73' lang='grc' dir='ltr'><strong>2ο</strong></span> <span class='ocrx_word' id='word_1_527' title='bbox 1592 3676 1778 3729; x_wconf 81' lang='lat' dir='ltr'><strong>Altera</strong></span> <span class='ocrx_word' id='word_1_528' title='bbox 1809 3689 1871 3727; x_wconf 78' lang='lat' dir='ltr'><strong>ex</strong></span> <span class='ocrx_word' id='word_1_529' title='bbox 1909 3683 2062 3743; x_wconf 88' lang='lat' dir='ltr'><strong>parte</strong></span> <span class='ocrx_word' id='word_1_530' title='bbox 2099 3683 2238 3726; x_wconf 78' lang='lat' dir='ltr'><strong>nota:</strong></span> <span class='ocrx_word' id='word_1_531' title='bbox 2269 3673 2440 3724; x_wconf 71' lang='lat' dir='ltr'><strong>chront</strong></span> 
     </span>
    </p>
   </div>
   <div class='ocr_carea' id='block_1_44' title="bbox 2332 3673 4014 3748">
    <p class='ocr_par' dir='ltr' id='par_1_44' title="bbox 2335 3673 4014 3748">
     <span class='ocr_line' id='line_1_44' title="bbox 2335 3673 4014 3748; baseline 0.005 -25"><span class='ocrx_word' id='word_1_532' title='bbox 2335 3673 2650 3742; x_wconf 71' lang='lat' dir='ltr'><strong>ronologiear</strong></span> <span class='ocrx_word' id='word_1_533' title='bbox 2689 3673 2966 3742; x_wconf 79' lang='lat' dir='ltr'><strong>Symconis</strong></span> <span class='ocrx_word' id='word_1_534' title='bbox 3006 3674 3156 3743; x_wconf 82' lang='grc'><strong>(747,</strong></span> <span class='ocrx_word' id='word_1_535' title='bbox 3188 3676 3311 3739; x_wconf 88' lang='grc'><strong>761,</strong></span> <span class='ocrx_word' id='word_1_536' title='bbox 3351 3676 3477 3739; x_wconf 80' lang='grc'><strong>788,</strong></span> <span class='ocrx_word' id='word_1_537' title='bbox 3514 3677 3645 3745; x_wconf 89' lang='lat' dir='ltr'><strong>etc.)</strong></span> <span class='ocrx_word' id='word_1_538' title='bbox 3677 3686 3725 3730; x_wconf 85' lang='lat' dir='ltr'><strong>et</strong></span> <span class='ocrx_word' id='word_1_539' title='bbox 3752 3679 4014 3748; x_wconf 78' lang='lat' dir='ltr'><strong>etymolo-</strong></span> 
     </span>
    </p>
   </div>
   <div class='ocr_carea' id='block_1_45' title="bbox 757 3756 4015 3840">
    <p class='ocr_par' dir='ltr' id='par_1_45' title="bbox 757 3756 4015 3840">
     <span class='ocr_line' id='line_1_45' title="bbox 757 3756 4015 3840; baseline -0.001 -17"><span class='ocrx_word' id='word_1_540' title='bbox 757 3773 885 3840; x_wconf 81' lang='lat' dir='ltr'><strong>gica:</strong></span> <span class='ocrx_word' id='word_1_541' title='bbox 926 3777 1161 3836; x_wconf 85' lang='lat' dir='ltr'><strong>quatuor</strong></span> <span class='ocrx_word' id='word_1_542' title='bbox 1189 3767 1382 3834; x_wconf 86' lang='lat' dir='ltr'><strong>primis</strong></span> <span class='ocrx_word' id='word_1_543' title='bbox 1415 3769 1464 3818; x_wconf 92' lang='lat' dir='ltr'><strong>in</strong></span> <span class='ocrx_word' id='word_1_544' title='bbox 1496 3756 1650 3819; x_wconf 81' lang='lat' dir='ltr'><strong>libris</strong></span> <span class='ocrx_word' id='word_1_545' title='bbox 1685 3779 1912 3832; x_wconf 87' lang='lat' dir='ltr'><strong>prorsus</strong></span> <span class='ocrx_word' id='word_1_546' title='bbox 1938 3761 2339 3816; x_wconf 83' lang='lat' dir='ltr'><strong>desiderantur.</strong></span> <span class='ocrx_word' id='word_1_547' title='bbox 2371 3761 2567 3813; x_wconf 84' lang='lat' dir='ltr'><strong>Omnia</strong></span> <span class='ocrx_word' id='word_1_548' title='bbox 2591 3776 2712 3829; x_wconf 77' lang='lat' dir='ltr'><strong>qua:</strong></span> <span class='ocrx_word' id='word_1_549' title='bbox 2740 3761 2954 3829; x_wconf 77' lang='lat' dir='ltr'><strong>Georgii</strong></span> <span class='ocrx_word' id='word_1_550' title='bbox 2990 3764 3171 3815; x_wconf 65' lang='lat' dir='ltr'><strong>vocari</strong></span> <span class='ocrx_word' id='word_1_551' title='bbox 3201 3765 3416 3832; x_wconf 87' lang='lat' dir='ltr'><strong>possint</strong></span> <span class='ocrx_word' id='word_1_552' title='bbox 3447 3763 3858 3836; x_wconf 86' lang='lat' dir='ltr'><strong>chronologiea,</strong></span> <span class='ocrx_word' id='word_1_553' title='bbox 3883 3778 4015 3821; x_wconf 91' lang='lat' dir='ltr'><strong>sunt</strong></span> 
     </span>
    </p>
   </div>
   <div class='ocr_carea' id='block_1_46' title="bbox 757 3846 2439 3924">
    <p class='ocr_par' dir='ltr' id='par_1_46' title="bbox 757 3848 2410 3924">
     <span class='ocr_line' id='line_1_46' title="bbox 757 3848 2410 3924; baseline -0.007 -13"><span class='ocrx_word' id='word_1_554' title='bbox 757 3873 817 3911; x_wconf 77' lang='lat' dir='ltr'><strong>ea</strong></span> <span class='ocrx_word' id='word_1_555' title='bbox 859 3871 980 3924; x_wconf 84' lang='lat' dir='ltr'><strong>qua:</strong></span> <span class='ocrx_word' id='word_1_556' title='bbox 1031 3870 1122 3924; x_wconf 93' lang='lat' dir='ltr'><strong>pp.</strong></span> <span class='ocrx_word' id='word_1_557' title='bbox 1161 3854 1286 3916; x_wconf 70' lang='grc'><strong>279,</strong></span> <span class='ocrx_word' id='word_1_558' title='bbox 1332 3854 1456 3916; x_wconf 85' lang='grc'><strong>510,</strong></span> <span class='ocrx_word' id='word_1_559' title='bbox 1498 3852 1622 3914; x_wconf 90' lang='grc'><strong>611,</strong></span> <span class='ocrx_word' id='word_1_560' title='bbox 1661 3851 1785 3916; x_wconf 82' lang='grc'><strong>657,</strong></span> <span class='ocrx_word' id='word_1_561' title='bbox 1815 3852 1941 3914; x_wconf 85' lang='grc'><strong>658,</strong></span> <span class='ocrx_word' id='word_1_562' title='bbox 1977 3849 2101 3911; x_wconf 84' lang='grc'><strong>659,</strong></span> <span class='ocrx_word' id='word_1_563' title='bbox 2133 3850 2257 3912; x_wconf 87' lang='grc'><strong>661,</strong></span> <span class='ocrx_word' id='word_1_564' title='bbox 2286 3848 2410 3911; x_wconf 87' lang='grc'><strong>671,</strong></span> 
     </span>
    </p>
   </div>
   <div class='ocr_carea' id='block_1_47' title="bbox 2330 3846 4012 3924">
    <p class='ocr_par' dir='ltr' id='par_1_47' title="bbox 2330 3846 4012 3924">
     <span class='ocr_line' id='line_1_47' title="bbox 2330 3846 4012 3924; baseline 0.002 -24"><span class='ocrx_word' id='word_1_565' title='bbox 2330 3848 2410 3911; x_wconf 89' lang='grc'><strong>71,</strong></span> <span class='ocrx_word' id='word_1_566' title='bbox 2445 3847 2569 3909; x_wconf 82' lang='grc'><strong>674,</strong></span> <span class='ocrx_word' id='word_1_567' title='bbox 2608 3846 2732 3911; x_wconf 78' lang='grc'><strong>680,</strong></span> <span class='ocrx_word' id='word_1_568' title='bbox 2771 3847 2864 3902; x_wconf 81' lang='grc'><strong>701</strong></span> <span class='ocrx_word' id='word_1_569' title='bbox 2908 3849 3299 3915; x_wconf 78' lang='lat' dir='ltr'><strong>inveniuntur;</strong></span> <span class='ocrx_word' id='word_1_570' title='bbox 3345 3853 3476 3919; x_wconf 92' lang='lat' dir='ltr'><strong>quin</strong></span> <span class='ocrx_word' id='word_1_571' title='bbox 3508 3850 3621 3906; x_wconf 92' lang='lat' dir='ltr'><strong>imo</strong></span> <span class='ocrx_word' id='word_1_572' title='bbox 3658 3869 3745 3908; x_wconf 89' lang='lat' dir='ltr'><strong>res</strong></span> <span class='ocrx_word' id='word_1_573' title='bbox 3785 3859 3852 3908; x_wconf 87' lang='lat' dir='ltr'><strong>ah</strong></span> <span class='ocrx_word' id='word_1_574' title='bbox 3893 3855 4012 3924; x_wconf 84' lang='lat' dir='ltr'><strong>ipso</strong></span> 
     </span>
    </p>
   </div>
   <div class='ocr_carea' id='block_1_48' title="bbox 755 3936 4012 4012">
    <p class='ocr_par' dir='ltr' id='par_1_48' title="bbox 755 3936 4012 4012">
     <span class='ocr_line' id='line_1_48' title="bbox 755 3936 4012 4012; baseline -0.001 -13"><span class='ocrx_word' id='word_1_575' title='bbox 755 3946 938 4001; x_wconf 77' lang='lat' dir='ltr'><strong>relata:</strong></span> <span class='ocrx_word' id='word_1_576' title='bbox 963 3943 1162 4012; x_wconf 66' lang='lat' dir='ltr'><strong>saepius</strong></span> <span class='ocrx_word' id='word_1_577' title='bbox 1190 3952 1374 3993; x_wconf 85' lang='lat' dir='ltr'><strong>contra</strong></span> <span class='ocrx_word' id='word_1_578' title='bbox 1405 3956 1608 3992; x_wconf 87' lang='lat' dir='ltr'><strong>omnem</strong></span> <span class='ocrx_word' id='word_1_579' title='bbox 1642 3951 1937 4006; x_wconf 80' lang='lat' dir='ltr'><strong>temporum</strong></span> <span class='ocrx_word' id='word_1_580' title='bbox 1966 3939 2204 3990; x_wconf 87' lang='lat' dir='ltr'><strong>ordinem</strong></span> <span class='ocrx_word' id='word_1_581' title='bbox 2234 3937 2505 4005; x_wconf 69' lang='lat' dir='ltr'><strong>disposita:</strong></span> <span class='ocrx_word' id='word_1_582' title='bbox 2540 3947 2667 3989; x_wconf 90' lang='lat' dir='ltr'><strong>sunt</strong></span> <span class='ocrx_word' id='word_1_583' title='bbox 2710 3937 2786 4005; x_wconf 93' lang='lat' dir='ltr'><strong>(p.</strong></span> <span class='ocrx_word' id='word_1_584' title='bbox 2813 3936 2938 4000; x_wconf 73' lang='grc' dir='ltr'><strong>61Ξ,</strong></span> <span class='ocrx_word' id='word_1_585' title='bbox 2975 3937 3103 4002; x_wconf 82' lang='grc'><strong>674,</strong></span> <span class='ocrx_word' id='word_1_586' title='bbox 3140 3937 3291 4006; x_wconf 87' lang='grc'><strong>678).</strong></span> <span class='ocrx_word' id='word_1_587' title='bbox 3326 3936 3456 4002; x_wconf 69' lang='lat' dir='ltr'><strong>Qute</strong></span> <span class='ocrx_word' id='word_1_588' title='bbox 3491 3953 3620 3994; x_wconf 72' lang='lat' dir='ltr'><strong>vero</strong></span> <span class='ocrx_word' id='word_1_589' title='bbox 3654 3940 3706 3994; x_wconf 87' lang='lat' dir='ltr'><strong>in</strong></span> <span class='ocrx_word' id='word_1_590' title='bbox 3740 3942 3829 3997; x_wconf 90' lang='lat' dir='ltr'><strong>ed.</strong></span> <span class='ocrx_word' id='word_1_591' title='bbox 3862 3943 4012 3997; x_wconf 88' lang='lat' dir='ltr'><strong>Pari-</strong></span> 
     </span>
    </p>
   </div>
   <div class='ocr_carea' id='block_1_49' title="bbox 755 4023 4014 4098">
    <p class='ocr_par' dir='ltr' id='par_1_49' title="bbox 755 4023 4014 4098">
     <span class='ocr_line' id='line_1_49' title="bbox 755 4023 4014 4098; baseline -0.002 -8"><span class='ocrx_word' id='word_1_592' title='bbox 755 4033 922 4090; x_wconf 85' lang='lat' dir='ltr'><strong>siettsi</strong></span> <span class='ocrx_word' id='word_1_593' title='bbox 951 4033 1071 4086; x_wconf 91' lang='lat' dir='ltr'><strong>inde</strong></span> <span class='ocrx_word' id='word_1_594' title='bbox 1102 4031 1170 4085; x_wconf 89' lang='lat' dir='ltr'><strong>ab</strong></span> <span class='ocrx_word' id='word_1_595' title='bbox 1201 4046 1250 4083; x_wconf 88' lang='lat' dir='ltr'><strong>a.</strong></span> <span class='ocrx_word' id='word_1_596' title='bbox 1279 4030 1381 4083; x_wconf 83' lang='grc'><strong>815</strong></span> <span class='ocrx_word' id='word_1_597' title='bbox 1417 4029 1672 4098; x_wconf 86' lang='lat' dir='ltr'><strong>leguntur</strong></span> <span class='ocrx_word' id='word_1_598' title='bbox 1699 4037 1843 4081; x_wconf 72' lang='lat' dir='ltr'><strong>notae</strong></span> <span class='ocrx_word' id='word_1_599' title='bbox 1873 4026 2295 4096; x_wconf 63' lang='lat' dir='ltr'><strong>clironologicaa,</strong></span> <span class='ocrx_word' id='word_1_600' title='bbox 2327 4038 2452 4077; x_wconf 93' lang='lat' dir='ltr'><strong>cum</strong></span> <span class='ocrx_word' id='word_1_601' title='bbox 2487 4038 2588 4078; x_wconf 83' lang='lat' dir='ltr'><strong>nec</strong></span> <span class='ocrx_word' id='word_1_602' title='bbox 2633 4026 2685 4076; x_wconf 90' lang='lat' dir='ltr'><strong>in</strong></span> <span class='ocrx_word' id='word_1_603' title='bbox 2737 4023 3092 4078; x_wconf 91' lang='lat' dir='ltr'><strong>Coislinianis</strong></span> <span class='ocrx_word' id='word_1_604' title='bbox 3134 4025 3412 4080; x_wconf 83' lang='lat' dir='ltr'><strong>codicibus</strong></span> <span class='ocrx_word' id='word_1_605' title='bbox 3458 4041 3556 4080; x_wconf 91' lang='lat' dir='ltr'><strong>nec</strong></span> <span class='ocrx_word' id='word_1_606' title='bbox 3597 4028 3649 4080; x_wconf 91' lang='lat' dir='ltr'><strong>in</strong></span> <span class='ocrx_word' id='word_1_607' title='bbox 3699 4026 4014 4098; x_wconf 78' lang='lat' dir='ltr'><strong>Mosquensi</strong></span> 
     </span>
    </p>
   </div>
   <div class='ocr_carea' id='block_1_50' title="bbox 756 4109 4011 4185">
    <p class='ocr_par' dir='ltr' id='par_1_50' title="bbox 756 4109 4011 4185">
     <span class='ocr_line' id='line_1_50' title="bbox 756 4109 4011 4185; baseline -0.002 -10"><span class='ocrx_word' id='word_1_608' title='bbox 756 4121 1124 4182; x_wconf 72' lang='lat' dir='ltr'><strong>inveniantur,</strong></span> <span class='ocrx_word' id='word_1_609' title='bbox 1159 4132 1188 4172; x_wconf 92' lang='lat' dir='ltr'><strong>e</strong></span> <span class='ocrx_word' id='word_1_610' title='bbox 1217 4117 1405 4170; x_wconf 87' lang='lat' dir='ltr'><strong>codice</strong></span> <span class='ocrx_word' id='word_1_611' title='bbox 1438 4115 1605 4185; x_wconf 83' lang='lat' dir='ltr'><strong>Regio</strong></span> <span class='ocrx_word' id='word_1_612' title='bbox 1643 4115 1946 4170; x_wconf 82' lang='lat' dir='ltr'><strong>recentiore</strong></span> <span class='ocrx_word' id='word_1_613' title='bbox 1976 4113 2264 4180; x_wconf 70' lang='lat' dir='ltr'><strong>adjunctaa,</strong></span> <span class='ocrx_word' id='word_1_614' title='bbox 2300 4109 2534 4180; x_wconf 82' lang='lat' dir='ltr'><strong>Georgio</strong></span> <span class='ocrx_word' id='word_1_615' title='bbox 2564 4127 2668 4165; x_wconf 89' lang='lat' dir='ltr'><strong>non</strong></span> <span class='ocrx_word' id='word_1_616' title='bbox 2712 4123 2841 4166; x_wconf 82' lang='lat' dir='ltr'><strong>sunt</strong></span> <span class='ocrx_word' id='word_1_617' title='bbox 2871 4113 3254 4166; x_wconf 63' lang='lat' dir='ltr'><strong>attribuenda.</strong></span> <span class='ocrx_word' id='word_1_618' title='bbox 3289 4113 3557 4168; x_wconf 61' lang='lat' dir='ltr'><strong>Prmtcrea</strong></span> <span class='ocrx_word' id='word_1_619' title='bbox 3587 4125 3728 4168; x_wconf 87' lang='lat' dir='ltr'><strong>totus</strong></span> <span class='ocrx_word' id='word_1_620' title='bbox 3756 4121 4011 4170; x_wconf 76' lang='lat' dir='ltr'><strong>sermonis</strong></span> 
     </span>
    </p>
   </div>
   <div class='ocr_carea' id='block_1_51' title="bbox 759 4200 4011 4277">
    <p class='ocr_par' dir='ltr' id='par_1_51' title="bbox 759 4200 4011 4277">
     <span class='ocr_line' id='line_1_51' title="bbox 759 4200 4011 4277; baseline -0.002 -14"><span class='ocrx_word' id='word_1_621' title='bbox 759 4223 906 4266; x_wconf 86' lang='lat' dir='ltr'><strong>tenor</strong></span> <span class='ocrx_word' id='word_1_622' title='bbox 935 4209 1060 4264; x_wconf 85' lang='lat' dir='ltr'><strong>inde</strong></span> <span class='ocrx_word' id='word_1_623' title='bbox 1093 4225 1120 4262; x_wconf 93' lang='lat' dir='ltr'><strong>a</strong></span> <span class='ocrx_word' id='word_1_624' title='bbox 1151 4209 1344 4277; x_wconf 90' lang='lat' dir='ltr'><strong>quinto</strong></span> <span class='ocrx_word' id='word_1_625' title='bbox 1373 4205 1513 4259; x_wconf 88' lang='lat' dir='ltr'><strong>libro</strong></span> <span class='ocrx_word' id='word_1_626' title='bbox 1546 4205 1686 4260; x_wconf 73' lang='lat' dir='ltr'><strong>alius</strong></span> <span class='ocrx_word' id='word_1_627' title='bbox 1716 4215 1822 4267; x_wconf 91' lang='lat' dir='ltr'><strong>est,</strong></span> <span class='ocrx_word' id='word_1_628' title='bbox 1855 4204 2065 4258; x_wconf 88' lang='lat' dir='ltr'><strong>scilicet</strong></span> <span class='ocrx_word' id='word_1_629' title='bbox 2099 4201 2274 4271; x_wconf 88' lang='lat' dir='ltr'><strong>magis</strong></span> <span class='ocrx_word' id='word_1_630' title='bbox 2307 4201 2662 4254; x_wconf 82' lang='lat' dir='ltr'><strong>barbarizaus</strong></span> <span class='ocrx_word' id='word_1_631' title='bbox 2704 4211 2757 4254; x_wconf 88' lang='lat' dir='ltr'><strong>et</strong></span> <span class='ocrx_word' id='word_1_632' title='bbox 2784 4200 3102 4265; x_wconf 80' lang='lat' dir='ltr'><strong>latinizuns,</strong></span> <span class='ocrx_word' id='word_1_633' title='bbox 3151 4201 3295 4270; x_wconf 91' lang='lat' dir='ltr'><strong>quod</strong></span> <span class='ocrx_word' id='word_1_634' title='bbox 3331 4201 3662 4271; x_wconf 83' lang='lat' dir='ltr'><strong>glossarium</strong></span> <span class='ocrx_word' id='word_1_635' title='bbox 3693 4203 3744 4258; x_wconf 89' lang='lat' dir='ltr'><strong>in</strong></span> <span class='ocrx_word' id='word_1_636' title='bbox 3779 4205 3882 4258; x_wconf 89' lang='lat' dir='ltr'><strong>line</strong></span> <span class='ocrx_word' id='word_1_637' title='bbox 3913 4207 4011 4260; x_wconf 88' lang='lat' dir='ltr'><strong>ad-</strong></span> 
     </span>
    </p>
   </div>
   <div class='ocr_carea' id='block_1_52' title="bbox 751 4287 4008 4368">
    <p class='ocr_par' dir='ltr' id='par_1_52' title="bbox 751 4287 4008 4368">
     <span class='ocr_line' id='line_1_52' title="bbox 751 4287 4008 4368; baseline -0.002 -15"><span class='ocrx_word' id='word_1_638' title='bbox 751 4301 999 4368; x_wconf 88' lang='lat' dir='ltr'><strong>junctum</strong></span> <span class='ocrx_word' id='word_1_639' title='bbox 1031 4297 1333 4351; x_wconf 78' lang='lat' dir='ltr'><strong>luculenter</strong></span> <span class='ocrx_word' id='word_1_640' title='bbox 1361 4295 1632 4348; x_wconf 90' lang='lat' dir='ltr'><strong>ostendet.</strong></span> <span class='ocrx_word' id='word_1_641' title='bbox 1673 4292 1812 4346; x_wconf 90' lang='lat' dir='ltr'><strong>Sunt</strong></span> <span class='ocrx_word' id='word_1_642' title='bbox 1846 4302 1898 4346; x_wconf 90' lang='lat' dir='ltr'><strong>et</strong></span> <span class='ocrx_word' id='word_1_643' title='bbox 1931 4293 1980 4344; x_wconf 85' lang='lat' dir='ltr'><strong>in</strong></span> <span class='ocrx_word' id='word_1_644' title='bbox 2009 4293 2159 4344; x_wconf 86' lang='lat' dir='ltr'><strong>rebus</strong></span> <span class='ocrx_word' id='word_1_645' title='bbox 2191 4289 2529 4349; x_wconf 85' lang='lat' dir='ltr'><strong>discrimina,</strong></span> <span class='ocrx_word' id='word_1_646' title='bbox 2569 4303 2654 4341; x_wconf 80' lang='lat' dir='ltr'><strong>ex.</strong></span> <span class='ocrx_word' id='word_1_647' title='bbox 2693 4303 2775 4356; x_wconf 85' lang='lat' dir='ltr'><strong>gr.</strong></span> <span class='ocrx_word' id='word_1_648' title='bbox 2814 4287 3113 4357; x_wconf 86' lang='lat' dir='ltr'><strong>Logotheta</strong></span> <span class='ocrx_word' id='word_1_649' title='bbox 3173 4303 3226 4356; x_wconf 89' lang='lat' dir='ltr'><strong>p.</strong></span> <span class='ocrx_word' id='word_1_650' title='bbox 3262 4289 3364 4343; x_wconf 68' lang='grc'><strong>724</strong></span> <span class='ocrx_word' id='word_1_651' title='bbox 3401 4289 3717 4344; x_wconf 79' lang='lat' dir='ltr'><strong>Michaelem</strong></span> <span class='ocrx_word' id='word_1_652' title='bbox 3749 4292 3790 4344; x_wconf 92' lang='lat' dir='ltr'><strong>ll</strong></span> <span class='ocrx_word' id='word_1_653' title='bbox 3827 4295 4008 4346; x_wconf 90' lang='lat' dir='ltr'><strong>nomi-</strong></span> 
     </span>
    </p>
   </div>
   <div class='ocr_carea' id='block_1_53' title="bbox 756 4372 4004 4453">
    <p class='ocr_par' dir='ltr' id='par_1_53' title="bbox 756 4372 4004 4453">
     <span class='ocr_line' id='line_1_53' title="bbox 756 4372 4004 4453; baseline -0.003 -12"><span class='ocrx_word' id='word_1_654' title='bbox 756 4398 846 4441; x_wconf 87' lang='lat' dir='ltr'><strong>nat</strong></span> <span class='ocrx_word' id='word_1_655' title='bbox 883 4387 1199 4453; x_wconf 77' lang='lat' dir='ltr'><strong>Rangnben,</strong></span> <span class='ocrx_word' id='word_1_656' title='bbox 1256 4398 1361 4437; x_wconf 92' lang='lat' dir='ltr'><strong>non</strong></span> <span class='ocrx_word' id='word_1_657' title='bbox 1405 4383 1793 4452; x_wconf 73' lang='lat' dir='ltr'><strong>CurOpalazen,</strong></span> <span class='ocrx_word' id='word_1_658' title='bbox 1843 4391 1901 4434; x_wconf 90' lang='lat' dir='ltr'><strong>ut</strong></span> <span class='ocrx_word' id='word_1_659' title='bbox 1943 4380 2145 4435; x_wconf 84' lang='lat' dir='ltr'><strong>fecerat</strong></span> <span class='ocrx_word' id='word_1_660' title='bbox 2172 4378 2473 4447; x_wconf 78' lang='lat' dir='ltr'><strong>Georgius;</strong></span> <span class='ocrx_word' id='word_1_661' title='bbox 2509 4372 2576 4428; x_wconf 88' lang='lat' dir='ltr'><strong>ad</strong></span> <span class='ocrx_word' id='word_1_662' title='bbox 2603 4391 2654 4427; x_wconf 88' lang='lat' dir='ltr'><strong>a.</strong></span> <span class='ocrx_word' id='word_1_663' title='bbox 2683 4374 2788 4427; x_wconf 86' lang='grc'><strong>815</strong></span> <span class='ocrx_word' id='word_1_664' title='bbox 2825 4374 3060 4445; x_wconf 75' lang='lat' dir='ltr'><strong>Symeon</strong></span> <span class='ocrx_word' id='word_1_665' title='bbox 3100 4376 3228 4430; x_wconf 78' lang='lat' dir='ltr'><strong>facit</strong></span> <span class='ocrx_word' id='word_1_666' title='bbox 3259 4375 3572 4430; x_wconf 83' lang='lat' dir='ltr'><strong>Crummum</strong></span> <span class='ocrx_word' id='word_1_667' title='bbox 3603 4379 3654 4432; x_wconf 92' lang='lat' dir='ltr'><strong>in</strong></span> <span class='ocrx_word' id='word_1_668' title='bbox 3697 4379 4004 4449; x_wconf 84' lang='lat' dir='ltr'><strong>Bulgariam</strong></span> 
     </span>
    </p>
   </div>
   <div class='ocr_carea' id='block_1_54' title="bbox 755 4462 4013 4538">
    <p class='ocr_par' dir='ltr' id='par_1_54' title="bbox 755 4462 4013 4538">
     <span class='ocr_line' id='line_1_54' title="bbox 755 4462 4013 4538; baseline -0.001 -11"><span class='ocrx_word' id='word_1_669' title='bbox 755 4483 1141 4538; x_wconf 71' lang='lat' dir='ltr'><strong>revertentem,</strong></span> <span class='ocrx_word' id='word_1_670' title='bbox 1171 4487 1278 4526; x_wconf 90' lang='lat' dir='ltr'><strong>non</strong></span> <span class='ocrx_word' id='word_1_671' title='bbox 1309 4485 1436 4524; x_wconf 71' lang='lat' dir='ltr'><strong>vero</strong></span> <span class='ocrx_word' id='word_1_672' title='bbox 1467 4471 1701 4525; x_wconf 89' lang='lat' dir='ltr'><strong>tentoria</strong></span> <span class='ocrx_word' id='word_1_673' title='bbox 1730 4485 1826 4523; x_wconf 88' lang='lat' dir='ltr'><strong>sua</strong></span> <span class='ocrx_word' id='word_1_674' title='bbox 1861 4477 1984 4521; x_wconf 87' lang='lat' dir='ltr'><strong>ante</strong></span> <span class='ocrx_word' id='word_1_675' title='bbox 2015 4469 2198 4520; x_wconf 91' lang='lat' dir='ltr'><strong>urbem</strong></span> <span class='ocrx_word' id='word_1_676' title='bbox 2232 4467 2504 4532; x_wconf 75' lang='lat' dir='ltr'><strong>figentem,</strong></span> <span class='ocrx_word' id='word_1_677' title='bbox 2544 4471 2602 4517; x_wconf 94' lang='lat' dir='ltr'><strong>ut</strong></span> <span class='ocrx_word' id='word_1_678' title='bbox 2631 4462 2898 4533; x_wconf 59' lang='lat' dir='ltr'><strong>Georgius</strong></span> <span class='ocrx_word' id='word_1_679' title='bbox 2929 4465 2994 4518; x_wconf 89' lang='lat' dir='ltr'><strong>de</strong></span> <span class='ocrx_word' id='word_1_680' title='bbox 3023 4463 3226 4518; x_wconf 89' lang='lat' dir='ltr'><strong>Crumo</strong></span> <span class='ocrx_word' id='word_1_681' title='bbox 3264 4466 3459 4532; x_wconf 87' lang='lat' dir='ltr'><strong>refert;</strong></span> <span class='ocrx_word' id='word_1_682' title='bbox 3497 4466 3795 4538; x_wconf 80' lang='lat' dir='ltr'><strong>Logotheta</strong></span> <span class='ocrx_word' id='word_1_683' title='bbox 3836 4473 4013 4538; x_wconf 81' lang='lat' dir='ltr'><strong>capti-</strong></span> 
     </span>
    </p>
   </div>
   <div class='ocr_carea' id='block_1_55' title="bbox 753 4550 4006 4621">
    <p class='ocr_par' dir='ltr' id='par_1_55' title="bbox 753 4550 4006 4621">
     <span class='ocr_line' id='line_1_55' title="bbox 753 4550 4006 4621; baseline 0 -9"><span class='ocrx_word' id='word_1_684' title='bbox 753 4577 847 4617; x_wconf 69' lang='lat' dir='ltr'><strong>vos</strong></span> <span class='ocrx_word' id='word_1_685' title='bbox 894 4561 1214 4615; x_wconf 77' lang='lat' dir='ltr'><strong>Macedones</strong></span> <span class='ocrx_word' id='word_1_686' title='bbox 1243 4569 1393 4613; x_wconf 89' lang='lat' dir='ltr'><strong>trans</strong></span> <span class='ocrx_word' id='word_1_687' title='bbox 1435 4557 1765 4620; x_wconf 89' lang='lat' dir='ltr'><strong>Danubium,</strong></span> <span class='ocrx_word' id='word_1_688' title='bbox 1800 4568 1851 4610; x_wconf 91' lang='lat' dir='ltr'><strong>et</strong></span> <span class='ocrx_word' id='word_1_689' title='bbox 1881 4571 1986 4610; x_wconf 92' lang='lat' dir='ltr'><strong>non</strong></span> <span class='ocrx_word' id='word_1_690' title='bbox 2026 4554 2253 4608; x_wconf 85' lang='lat' dir='ltr'><strong>Danubii</strong></span> <span class='ocrx_word' id='word_1_691' title='bbox 2295 4555 2346 4606; x_wconf 89' lang='lat' dir='ltr'><strong>in</strong></span> <span class='ocrx_word' id='word_1_692' title='bbox 2395 4553 2553 4621; x_wconf 87' lang='lat' dir='ltr'><strong>ripis,</strong></span> <span class='ocrx_word' id='word_1_693' title='bbox 2589 4553 2822 4606; x_wconf 89' lang='lat' dir='ltr'><strong>collocat</strong></span> <span class='ocrx_word' id='word_1_694' title='bbox 2855 4551 2995 4606; x_wconf 90' lang='lat' dir='ltr'><strong>sicut</strong></span> <span class='ocrx_word' id='word_1_695' title='bbox 3026 4550 3376 4608; x_wconf 85' lang='lat' dir='ltr'><strong>Hamartolus</strong></span> <span class='ocrx_word' id='word_1_696' title='bbox 3409 4571 3423 4608; x_wconf 91' lang='lat'><strong>:</strong></span> <span class='ocrx_word' id='word_1_697' title='bbox 3458 4555 3524 4610; x_wconf 93' lang='lat' dir='ltr'><strong>de</strong></span> <span class='ocrx_word' id='word_1_698' title='bbox 3555 4555 3792 4611; x_wconf 90' lang='lat' dir='ltr'><strong>Cordule</strong></span> <span class='ocrx_word' id='word_1_699' title='bbox 3837 4560 4006 4614; x_wconf 87' lang='lat' dir='ltr'><strong>multa</strong></span> 
     </span>
    </p>
   </div>
   <div class='ocr_carea' id='block_1_56' title="bbox 750 4639 4006 4719">
    <p class='ocr_par' dir='ltr' id='par_1_56' title="bbox 750 4639 4006 4719">
     <span class='ocr_line' id='line_1_56' title="bbox 750 4639 4006 4719; baseline -0.001 -16"><span class='ocrx_word' id='word_1_700' title='bbox 750 4650 967 4719; x_wconf 88' lang='lat' dir='ltr'><strong>attingit</strong></span> <span class='ocrx_word' id='word_1_701' title='bbox 997 4649 1082 4702; x_wconf 70' lang='lat' dir='ltr'><strong>ille</strong></span> <span class='ocrx_word' id='word_1_702' title='bbox 1117 4662 1239 4717; x_wconf 69' lang='lat' dir='ltr'><strong>quac</strong></span> <span class='ocrx_word' id='word_1_703' title='bbox 1287 4660 1541 4701; x_wconf 86' lang='lat' dir='ltr'><strong>narrasse</strong></span> <span class='ocrx_word' id='word_1_704' title='bbox 1585 4646 1834 4716; x_wconf 88' lang='lat' dir='ltr'><strong>perhibet</strong></span> <span class='ocrx_word' id='word_1_705' title='bbox 1869 4645 1919 4697; x_wconf 90' lang='lat' dir='ltr'><strong>iu</strong></span> <span class='ocrx_word' id='word_1_706' title='bbox 1955 4643 2072 4696; x_wconf 79' lang='lat' dir='ltr'><strong>Vita</strong></span> <span class='ocrx_word' id='word_1_707' title='bbox 2102 4641 2415 4710; x_wconf 72' lang='lat' dir='ltr'><strong>Theophili,</strong></span> <span class='ocrx_word' id='word_1_708' title='bbox 2460 4639 2527 4693; x_wconf 89' lang='lat' dir='ltr'><strong>de</strong></span> <span class='ocrx_word' id='word_1_709' title='bbox 2558 4640 2760 4709; x_wconf 89' lang='lat' dir='ltr'><strong>quibus</strong></span> <span class='ocrx_word' id='word_1_710' title='bbox 2797 4639 2849 4693; x_wconf 91' lang='lat' dir='ltr'><strong>in</strong></span> <span class='ocrx_word' id='word_1_711' title='bbox 2901 4639 3141 4710; x_wconf 89' lang='lat' dir='ltr'><strong>Georgio</strong></span> <span class='ocrx_word' id='word_1_712' title='bbox 3170 4657 3324 4710; x_wconf 75' lang='lat' dir='ltr'><strong>teque</strong></span> <span class='ocrx_word' id='word_1_713' title='bbox 3355 4659 3418 4697; x_wconf 90' lang='lat' dir='ltr'><strong>ac</strong></span> <span class='ocrx_word' id='word_1_714' title='bbox 3454 4644 3507 4696; x_wconf 89' lang='lat' dir='ltr'><strong>in</strong></span> <span class='ocrx_word' id='word_1_715' title='bbox 3545 4643 3814 4714; x_wconf 85' lang='lat' dir='ltr'><strong>Symeone</strong></span> <span class='ocrx_word' id='word_1_716' title='bbox 3857 4648 4006 4701; x_wconf 90' lang='lat' dir='ltr'><strong>edito</strong></span> 
     </span>
    </p>
   </div>
   <div class='ocr_carea' id='block_1_57' title="bbox 752 4727 4004 4806">
    <p class='ocr_par' dir='ltr' id='par_1_57' title="bbox 752 4727 4004 4806">
     <span class='ocr_line' id='line_1_57' title="bbox 752 4727 4004 4806; baseline -0.001 -15"><span class='ocrx_word' id='word_1_717' title='bbox 752 4737 1049 4804; x_wconf 69' lang='lat' dir='ltr'><strong>(breviario</strong></span> <span class='ocrx_word' id='word_1_718' title='bbox 1102 4736 1224 4806; x_wconf 85' lang='lat' dir='ltr'><strong>ejus</strong></span> <span class='ocrx_word' id='word_1_719' title='bbox 1270 4734 1415 4802; x_wconf 88' lang='lat' dir='ltr'><strong>quod</strong></span> <span class='ocrx_word' id='word_1_720' title='bbox 1463 4735 1576 4803; x_wconf 88' lang='lat' dir='ltr'><strong>ipse</strong></span> <span class='ocrx_word' id='word_1_721' title='bbox 1625 4731 1927 4802; x_wconf 84' lang='lat' dir='ltr'><strong>Logotlieta</strong></span> <span class='ocrx_word' id='word_1_722' title='bbox 1978 4731 2275 4798; x_wconf 86' lang='lat' dir='ltr'><strong>scripserat</strong></span> <span class='ocrx_word' id='word_1_723' title='bbox 2314 4728 2582 4795; x_wconf 89' lang='lat' dir='ltr'><strong>chronici)</strong></span> <span class='ocrx_word' id='word_1_724' title='bbox 2613 4727 2784 4780; x_wconf 88' lang='lat' dir='ltr'><strong>altum</strong></span> <span class='ocrx_word' id='word_1_725' title='bbox 2817 4735 2900 4781; x_wconf 89' lang='lat' dir='ltr'><strong>cst</strong></span> <span class='ocrx_word' id='word_1_726' title='bbox 2935 4727 3250 4794; x_wconf 85' lang='lat' dir='ltr'><strong>silentium;</strong></span> <span class='ocrx_word' id='word_1_727' title='bbox 3285 4731 3379 4784; x_wconf 90' lang='lat' dir='ltr'><strong>sed</strong></span> <span class='ocrx_word' id='word_1_728' title='bbox 3411 4732 3769 4787; x_wconf 77' lang='lat' dir='ltr'><strong>inveniuntur</strong></span> <span class='ocrx_word' id='word_1_729' title='bbox 3800 4734 3914 4789; x_wconf 76' lang='lat' dir='ltr'><strong>lucc</strong></span> <span class='ocrx_word' id='word_1_730' title='bbox 3949 4737 4004 4788; x_wconf 92' lang='lat' dir='ltr'><strong>in</strong></span> 
     </span>
    </p>
   </div>
   <div class='ocr_carea' id='block_1_58' title="bbox 749 4814 4004 4892">
    <p class='ocr_par' dir='ltr' id='par_1_58' title="bbox 749 4814 4004 4892">
     <span class='ocr_line' id='line_1_58' title="bbox 749 4814 4004 4892; baseline -0.001 -14"><span class='ocrx_word' id='word_1_731' title='bbox 749 4825 1147 4878; x_wconf 86' lang='lat' dir='ltr'><strong>Continuatorc</strong></span> <span class='ocrx_word' id='word_1_732' title='bbox 1189 4822 1260 4892; x_wconf 91' lang='lat' dir='ltr'><strong>(c.</strong></span> <span class='ocrx_word' id='word_1_733' title='bbox 1295 4821 1434 4889; x_wconf 86' lang='lat'><strong>5-9),</strong></span> <span class='ocrx_word' id='word_1_734' title='bbox 1476 4821 1569 4889; x_wconf 91' lang='lat' dir='ltr'><strong>qui</strong></span> <span class='ocrx_word' id='word_1_735' title='bbox 1611 4821 1798 4874; x_wconf 89' lang='lat' dir='ltr'><strong>eodem</strong></span> <span class='ocrx_word' id='word_1_736' title='bbox 1835 4834 1863 4872; x_wconf 89' lang='lat' dir='ltr'><strong>e</strong></span> <span class='ocrx_word' id='word_1_737' title='bbox 1910 4821 2181 4888; x_wconf 74' lang='lat' dir='ltr'><strong>Symeone</strong></span> <span class='ocrx_word' id='word_1_738' title='bbox 2215 4833 2312 4872; x_wconf 88' lang='lat' dir='ltr'><strong>sua</strong></span> <span class='ocrx_word' id='word_1_739' title='bbox 2355 4817 2567 4870; x_wconf 62' lang='lat' dir='ltr'><strong>ridetur</strong></span> <span class='ocrx_word' id='word_1_740' title='bbox 2610 4817 2875 4871; x_wconf 88' lang='lat' dir='ltr'><strong>hausisse.</strong></span> <span class='ocrx_word' id='word_1_741' title='bbox 2921 4814 3184 4870; x_wconf 86' lang='lat' dir='ltr'><strong>Similiter</strong></span> <span class='ocrx_word' id='word_1_742' title='bbox 3225 4819 3292 4872; x_wconf 90' lang='lat' dir='ltr'><strong>de</strong></span> <span class='ocrx_word' id='word_1_743' title='bbox 3331 4817 3656 4886; x_wconf 84' lang='lat' dir='ltr'><strong>Baldimere,</strong></span> <span class='ocrx_word' id='word_1_744' title='bbox 3704 4833 3852 4888; x_wconf 86' lang='lat' dir='ltr'><strong>patre</strong></span> <span class='ocrx_word' id='word_1_745' title='bbox 3899 4823 4004 4892; x_wconf 71' lang='lat' dir='ltr'><strong>Sy-</strong></span> 
     </span>
    </p>
   </div>
   <div class='ocr_carea' id='block_1_59' title="bbox 752 4902 4008 4980">
    <p class='ocr_par' dir='ltr' id='par_1_59' title="bbox 752 4902 4008 4980">
     <span class='ocr_line' id='line_1_59' title="bbox 752 4902 4008 4980; baseline 0 -16"><span class='ocrx_word' id='word_1_746' title='bbox 752 4914 960 4967; x_wconf 82' lang='lat' dir='ltr'><strong>ineonis</strong></span> <span class='ocrx_word' id='word_1_747' title='bbox 998 4910 1214 4980; x_wconf 86' lang='lat' dir='ltr'><strong>Bulgari</strong></span> <span class='ocrx_word' id='word_1_748' title='bbox 1245 4920 1299 4964; x_wconf 90' lang='lat' dir='ltr'><strong>et</strong></span> <span class='ocrx_word' id='word_1_749' title='bbox 1330 4908 1567 4971; x_wconf 59' lang='lat' dir='ltr'><strong>exteris,</strong></span> <span class='ocrx_word' id='word_1_750' title='bbox 1597 4923 1717 4977; x_wconf 65' lang='lat' dir='ltr'><strong>quae</strong></span> <span class='ocrx_word' id='word_1_751' title='bbox 1767 4906 2020 4960; x_wconf 89' lang='lat' dir='ltr'><strong>monachi</strong></span> <span class='ocrx_word' id='word_1_752' title='bbox 2055 4922 2164 4958; x_wconf 87' lang='lat' dir='ltr'><strong>non</strong></span> <span class='ocrx_word' id='word_1_753' title='bbox 2199 4905 2519 4967; x_wconf 79' lang='lat' dir='ltr'><strong>intererant,</strong></span> <span class='ocrx_word' id='word_1_754' title='bbox 2557 4902 2651 4959; x_wconf 86' lang='lat' dir='ltr'><strong>sed</strong></span> <span class='ocrx_word' id='word_1_755' title='bbox 2673 4905 2790 4971; x_wconf 86' lang='lat' dir='ltr'><strong>ejus</strong></span> <span class='ocrx_word' id='word_1_756' title='bbox 2821 4903 2915 4972; x_wconf 92' lang='lat' dir='ltr'><strong>qui</strong></span> <span class='ocrx_word' id='word_1_757' title='bbox 2951 4903 3217 4973; x_wconf 74' lang='lat' dir='ltr'><strong>dynastize</strong></span> <span class='ocrx_word' id='word_1_758' title='bbox 3249 4905 3616 4962; x_wconf 66' lang='lat' dir='ltr'><strong>Macedonica</strong></span> <span class='ocrx_word' id='word_1_759' title='bbox 3644 4910 3871 4978; x_wconf 58' lang='lat' dir='ltr'><strong>aqualis</strong></span> <span class='ocrx_word' id='word_1_760' title='bbox 3904 4909 4008 4964; x_wconf 90' lang='lat' dir='ltr'><strong>fuit</strong></span> 
     </span>
    </p>
   </div>
   <div class='ocr_carea' id='block_1_60' title="bbox 747 4991 4004 5064">
    <p class='ocr_par' dir='ltr' id='par_1_60' title="bbox 747 4991 4004 5064">
     <span class='ocr_line' id='line_1_60' title="bbox 747 4991 4004 5064; baseline 0 -12"><span class='ocrx_word' id='word_1_761' title='bbox 747 5010 801 5054; x_wconf 88' lang='lat' dir='ltr'><strong>et</strong></span> <span class='ocrx_word' id='word_1_762' title='bbox 833 4999 1154 5052; x_wconf 88' lang='lat' dir='ltr'><strong>muneribus</strong></span> <span class='ocrx_word' id='word_1_763' title='bbox 1182 4996 1418 5058; x_wconf 89' lang='lat' dir='ltr'><strong>functus,</strong></span> <span class='ocrx_word' id='word_1_764' title='bbox 1469 5005 1524 5048; x_wconf 91' lang='lat' dir='ltr'><strong>ut</strong></span> <span class='ocrx_word' id='word_1_765' title='bbox 1566 4993 1882 5063; x_wconf 85' lang='lat' dir='ltr'><strong>Logothcta,</strong></span> <span class='ocrx_word' id='word_1_766' title='bbox 1932 4991 2072 5061; x_wconf 85' lang='lat' dir='ltr'><strong>apud</strong></span> <span class='ocrx_word' id='word_1_767' title='bbox 2120 4991 2269 5044; x_wconf 91' lang='lat' dir='ltr'><strong>illum</strong></span> <span class='ocrx_word' id='word_1_768' title='bbox 2316 4993 2459 5045; x_wconf 88' lang='lat' dir='ltr'><strong>nulla</strong></span> <span class='ocrx_word' id='word_1_769' title='bbox 2492 5003 2574 5046; x_wconf 86' lang='lat' dir='ltr'><strong>est</strong></span> <span class='ocrx_word' id='word_1_770' title='bbox 2609 4992 2833 5046; x_wconf 90' lang='lat' dir='ltr'><strong>mentio.</strong></span> <span class='ocrx_word' id='word_1_771' title='bbox 2875 4991 3116 5060; x_wconf 90' lang='lat' dir='ltr'><strong>Denique</strong></span> <span class='ocrx_word' id='word_1_772' title='bbox 3142 4993 3266 5047; x_wconf 88' lang='lat' dir='ltr'><strong>inde</strong></span> <span class='ocrx_word' id='word_1_773' title='bbox 3297 5010 3325 5047; x_wconf 89' lang='lat' dir='ltr'><strong>a</strong></span> <span class='ocrx_word' id='word_1_774' title='bbox 3353 4996 3546 5064; x_wconf 89' lang='lat' dir='ltr'><strong>qttinto</strong></span> <span class='ocrx_word' id='word_1_775' title='bbox 3589 4996 3749 5059; x_wconf 90' lang='lat' dir='ltr'><strong>libro,</strong></span> <span class='ocrx_word' id='word_1_776' title='bbox 3798 4999 3938 5052; x_wconf 89' lang='lat' dir='ltr'><strong>sicut</strong></span> <span class='ocrx_word' id='word_1_777' title='bbox 3973 5015 4004 5052; x_wconf 85' lang='lat' dir='ltr'><strong>e</strong></span> 
     </span>
    </p>
   </div>
   <div class='ocr_carea' id='block_1_61' title="bbox 749 5079 4004 5158">
    <p class='ocr_par' dir='ltr' id='par_1_61' title="bbox 749 5079 4004 5158">
     <span class='ocr_line' id='line_1_61' title="bbox 749 5079 4004 5158; baseline 0 -18"><span class='ocrx_word' id='word_1_778' title='bbox 749 5089 1025 5158; x_wconf 85' lang='lat' dir='ltr'><strong>farragine</strong></span> <span class='ocrx_word' id='word_1_779' title='bbox 1059 5086 1331 5139; x_wconf 71' lang='lat' dir='ltr'><strong>variarum</strong></span> <span class='ocrx_word' id='word_1_780' title='bbox 1359 5083 1655 5138; x_wconf 77' lang='lat' dir='ltr'><strong>leeiionutu</strong></span> <span class='ocrx_word' id='word_1_781' title='bbox 1696 5084 1922 5151; x_wconf 85' lang='lat' dir='ltr'><strong>patebit,</strong></span> <span class='ocrx_word' id='word_1_782' title='bbox 1956 5081 2239 5132; x_wconf 83' lang='lat' dir='ltr'><strong>discrimen</strong></span> <span class='ocrx_word' id='word_1_783' title='bbox 2270 5081 2508 5132; x_wconf 85' lang='lat' dir='ltr'><strong>codicum</strong></span> <span class='ocrx_word' id='word_1_784' title='bbox 2562 5081 2711 5149; x_wconf 89' lang='lat' dir='ltr'><strong>longe</strong></span> <span class='ocrx_word' id='word_1_785' title='bbox 2749 5079 2921 5147; x_wconf 84' lang='lat' dir='ltr'><strong>majus</strong></span> <span class='ocrx_word' id='word_1_786' title='bbox 2968 5089 3042 5131; x_wconf 78' lang='lat' dir='ltr'><strong>est</strong></span> <span class='ocrx_word' id='word_1_787' title='bbox 3079 5095 3244 5148; x_wconf 85' lang='lat' dir='ltr'><strong>quam</strong></span> <span class='ocrx_word' id='word_1_788' title='bbox 3281 5083 3331 5134; x_wconf 89' lang='lat' dir='ltr'><strong>in</strong></span> <span class='ocrx_word' id='word_1_789' title='bbox 3369 5082 3558 5150; x_wconf 89' lang='lat' dir='ltr'><strong>primis</strong></span> <span class='ocrx_word' id='word_1_790' title='bbox 3598 5081 3718 5156; x_wconf 77' lang='grc' dir='ltr'><strong>[Χ]</strong></span> <span class='ocrx_word' id='word_1_791' title='bbox 3771 5099 4004 5155; x_wconf 90' lang='lat' dir='ltr'><strong>quatuor</strong></span> 
     </span>
    </p>
   </div>
   <div class='ocr_carea' id='block_1_62' title="bbox 747 5166 3118 5247">
    <p class='ocr_par' dir='ltr' id='par_1_62' title="bbox 747 5166 3118 5247">
     <span class='ocr_line' id='line_1_62' title="bbox 747 5166 3118 5247; baseline -0.005 -15"><span class='ocrx_word' id='word_1_792' title='bbox 747 5177 900 5236; x_wconf 80' lang='lat' dir='ltr'><strong>libris</strong></span> <span class='ocrx_word' id='word_1_793' title='bbox 932 5176 1025 5247; x_wconf 88' lang='lat' dir='ltr'><strong>qui</strong></span> <span class='ocrx_word' id='word_1_794' title='bbox 1059 5177 1302 5246; x_wconf 86' lang='lat' dir='ltr'><strong>ejusdem</strong></span> <span class='ocrx_word' id='word_1_795' title='bbox 1329 5185 1450 5229; x_wconf 91' lang='lat' dir='ltr'><strong>sunt</strong></span> <span class='ocrx_word' id='word_1_796' title='bbox 1487 5173 1794 5243; x_wconf 82' lang='lat' dir='ltr'><strong>scriptoris,</strong></span> <span class='ocrx_word' id='word_1_797' title='bbox 1829 5183 2116 5242; x_wconf 80' lang='lat' dir='ltr'><strong>sequentes</strong></span> <span class='ocrx_word' id='word_1_798' title='bbox 2153 5186 2279 5226; x_wconf 68' lang='lat' dir='ltr'><strong>vero</strong></span> <span class='ocrx_word' id='word_1_799' title='bbox 2312 5169 2475 5223; x_wconf 76' lang='lat' dir='ltr'><strong>varia:</strong></span> <span class='ocrx_word' id='word_1_800' title='bbox 2507 5166 2818 5238; x_wconf 61' lang='lat' dir='ltr'><strong>Logotlieta‘.</strong></span> <span class='ocrx_word' id='word_1_801' title='bbox 2845 5171 3118 5237; x_wconf 67' lang='lat' dir='ltr'><strong>epitornw.</strong></span> 
     </span>
    </p>
   </div>
   <div class='ocr_carea' id='block_1_63' title="bbox 816 5279 4005 5362">
    <p class='ocr_par' dir='ltr' id='par_1_63' title="bbox 816 5279 4005 5362">
     <span class='ocr_line' id='line_1_63' title="bbox 816 5279 4005 5362; baseline -0.002 -16"><span class='ocrx_word' id='word_1_802' title='bbox 816 5293 925 5362; x_wconf 81' lang='lat'><strong>§9.</strong></span> <span class='ocrx_word' id='word_1_803' title='bbox 956 5291 1218 5346; x_wconf 83' lang='lat' dir='ltr'><strong>Codicum</strong></span> <span class='ocrx_word' id='word_1_804' title='bbox 1266 5287 1432 5350; x_wconf 70' lang='lat' dir='ltr'><strong>XXV,</strong></span> <span class='ocrx_word' id='word_1_805' title='bbox 1478 5290 1572 5356; x_wconf 91' lang='lat' dir='ltr'><strong>qui</strong></span> <span class='ocrx_word' id='word_1_806' title='bbox 1623 5289 1906 5354; x_wconf 85' lang='lat' dir='ltr'><strong>hucusque</strong></span> <span class='ocrx_word' id='word_1_807' title='bbox 1970 5286 2328 5339; x_wconf 89' lang='lat' dir='ltr'><strong>iunotuerunt</strong></span> <span class='ocrx_word' id='word_1_808' title='bbox 2379 5280 2540 5350; x_wconf 87' lang='lat' dir='ltr'><strong>hujus</strong></span> <span class='ocrx_word' id='word_1_809' title='bbox 2593 5279 3022 5348; x_wconf 87' lang='lat' dir='ltr'><strong>chronographi,</strong></span> <span class='ocrx_word' id='word_1_810' title='bbox 3067 5280 3230 5333; x_wconf 76' lang='lat' dir='ltr'><strong>varice</strong></span> <span class='ocrx_word' id='word_1_811' title='bbox 3271 5282 3520 5338; x_wconf 83' lang='lat' dir='ltr'><strong>lectiones</strong></span> <span class='ocrx_word' id='word_1_812' title='bbox 3555 5298 3655 5340; x_wconf 87' lang='lat' dir='ltr'><strong>nec</strong></span> <span class='ocrx_word' id='word_1_813' title='bbox 3681 5285 3866 5356; x_wconf 85' lang='lat' dir='ltr'><strong>plures</strong></span> <span class='ocrx_word' id='word_1_814' title='bbox 3902 5303 4005 5342; x_wconf 88' lang='lat' dir='ltr'><strong>nec</strong></span> 
     </span>
    </p>
   </div>
   <div class='ocr_carea' id='block_1_64' title="bbox 745 5369 4001 5452">
    <p class='ocr_par' dir='ltr' id='par_1_64' title="bbox 745 5369 4001 5452">
     <span class='ocr_line' id='line_1_64' title="bbox 745 5369 4001 5452; baseline -0.002 -16"><span class='ocrx_word' id='word_1_815' title='bbox 745 5382 1021 5452; x_wconf 70' lang='lat' dir='ltr'><strong>graviores</strong></span> <span class='ocrx_word' id='word_1_816' title='bbox 1051 5389 1182 5432; x_wconf 90' lang='lat' dir='ltr'><strong>sunt</strong></span> <span class='ocrx_word' id='word_1_817' title='bbox 1204 5393 1302 5432; x_wconf 87' lang='lat' dir='ltr'><strong>nec</strong></span> <span class='ocrx_word' id='word_1_818' title='bbox 1339 5378 1476 5430; x_wconf 87' lang='lat' dir='ltr'><strong>inter</strong></span> <span class='ocrx_word' id='word_1_819' title='bbox 1512 5390 1633 5430; x_wconf 88' lang='lat' dir='ltr'><strong>sese</strong></span> <span class='ocrx_word' id='word_1_820' title='bbox 1667 5373 1840 5442; x_wconf 82' lang='lat' dir='ltr'><strong>magis</strong></span> <span class='ocrx_word' id='word_1_821' title='bbox 1875 5373 2192 5440; x_wconf 77' lang='lat' dir='ltr'><strong>discrepant</strong></span> <span class='ocrx_word' id='word_1_822' title='bbox 2233 5385 2394 5440; x_wconf 88' lang='lat' dir='ltr'><strong>quam</strong></span> <span class='ocrx_word' id='word_1_823' title='bbox 2431 5369 2646 5423; x_wconf 70' lang='lat' dir='ltr'><strong>caneris</strong></span> <span class='ocrx_word' id='word_1_824' title='bbox 2683 5369 2737 5421; x_wconf 93' lang='lat' dir='ltr'><strong>iu</strong></span> <span class='ocrx_word' id='word_1_825' title='bbox 2780 5369 3148 5438; x_wconf 89' lang='lat' dir='ltr'><strong>scriptoribus</strong></span> <span class='ocrx_word' id='word_1_826' title='bbox 3199 5371 3400 5438; x_wconf 77' lang='lat' dir='ltr'><strong>saepius</strong></span> <span class='ocrx_word' id='word_1_827' title='bbox 3444 5373 3737 5444; x_wconf 88' lang='lat' dir='ltr'><strong>descriptis</strong></span> <span class='ocrx_word' id='word_1_828' title='bbox 3780 5377 4001 5430; x_wconf 76' lang='lat' dir='ltr'><strong>evenire</strong></span> 
     </span>
    </p>
   </div>
   <div class='ocr_carea' id='block_1_65' title="bbox 747 5457 4001 5535">
    <p class='ocr_par' dir='ltr' id='par_1_65' title="bbox 747 5457 4001 5535">
     <span class='ocr_line' id='line_1_65' title="bbox 747 5457 4001 5535; baseline -0.003 -10"><span class='ocrx_word' id='word_1_829' title='bbox 747 5470 906 5535; x_wconf 76' lang='lat' dir='ltr'><strong>solet,</strong></span> <span class='ocrx_word' id='word_1_830' title='bbox 943 5469 1027 5522; x_wconf 70' lang='lat' dir='ltr'><strong>vel</strong></span> <span class='ocrx_word' id='word_1_831' title='bbox 1057 5467 1402 5520; x_wconf 78' lang='lat' dir='ltr'><strong>librariorum</strong></span> <span class='ocrx_word' id='word_1_832' title='bbox 1435 5464 1643 5517; x_wconf 87' lang='lat' dir='ltr'><strong>incuria</strong></span> <span class='ocrx_word' id='word_1_833' title='bbox 1686 5464 1767 5516; x_wconf 76' lang='lat' dir='ltr'><strong>rel</strong></span> <span class='ocrx_word' id='word_1_834' title='bbox 1805 5463 2123 5514; x_wconf 76' lang='lat' dir='ltr'><strong>earumdem</strong></span> <span class='ocrx_word' id='word_1_835' title='bbox 2157 5459 2380 5524; x_wconf 79' lang='lat' dir='ltr'><strong>augendi</strong></span> <span class='ocrx_word' id='word_1_836' title='bbox 2412 5467 2460 5510; x_wconf 91' lang='lat' dir='ltr'><strong>et</strong></span> <span class='ocrx_word' id='word_1_837' title='bbox 2495 5457 2812 5510; x_wconf 85' lang='lat' dir='ltr'><strong>emendandi</strong></span> <span class='ocrx_word' id='word_1_838' title='bbox 2845 5459 3050 5520; x_wconf 83' lang='lat' dir='ltr'><strong>studio,</strong></span> <span class='ocrx_word' id='word_1_839' title='bbox 3097 5457 3192 5526; x_wconf 91' lang='lat' dir='ltr'><strong>qui</strong></span> <span class='ocrx_word' id='word_1_840' title='bbox 3242 5474 3389 5514; x_wconf 89' lang='lat' dir='ltr'><strong>nunc</strong></span> <span class='ocrx_word' id='word_1_841' title='bbox 3435 5459 3609 5516; x_wconf 83' lang='lat' dir='ltr'><strong>lineas</strong></span> <span class='ocrx_word' id='word_1_842' title='bbox 3657 5461 3895 5532; x_wconf 85' lang='lat' dir='ltr'><strong>integras</strong></span> <span class='ocrx_word' id='word_1_843' title='bbox 3933 5480 4001 5520; x_wconf 66' lang='lat' dir='ltr'><strong>ex</strong></span> 
     </span>
    </p>
   </div>
   <div class='ocr_carea' id='block_1_66' title="bbox 752 5544 4000 5620">
    <p class='ocr_par' dir='ltr' id='par_1_66' title="bbox 752 5544 4000 5620">
     <span class='ocr_line' id='line_1_66' title="bbox 752 5544 4000 5620; baseline -0.001 -10"><span class='ocrx_word' id='word_1_844' title='bbox 752 5556 1178 5612; x_wconf 85' lang='lat' dir='ltr'><strong>homoioteleuto</strong></span> <span class='ocrx_word' id='word_1_845' title='bbox 1225 5555 1485 5606; x_wconf 89' lang='lat' dir='ltr'><strong>omittunt</strong></span> <span class='ocrx_word' id='word_1_846' title='bbox 1533 5550 1698 5620; x_wconf 92' lang='lat' dir='ltr'><strong>(quod</strong></span> <span class='ocrx_word' id='word_1_847' title='bbox 1749 5559 1803 5602; x_wconf 84' lang='lat' dir='ltr'><strong>ct</strong></span> <span class='ocrx_word' id='word_1_848' title='bbox 1838 5549 1888 5600; x_wconf 91' lang='lat' dir='ltr'><strong>in</strong></span> <span class='ocrx_word' id='word_1_849' title='bbox 1927 5547 2296 5617; x_wconf 86' lang='lat' dir='ltr'><strong>typographiis</strong></span> <span class='ocrx_word' id='word_1_850' title='bbox 2327 5546 2570 5614; x_wconf 78' lang='lat' dir='ltr'><strong>quotidie.</strong></span> <span class='ocrx_word' id='word_1_851' title='bbox 2617 5544 2866 5599; x_wconf 90' lang='lat' dir='ltr'><strong>accidere</strong></span> <span class='ocrx_word' id='word_1_852' title='bbox 2919 5544 3101 5612; x_wconf 76' lang='lat' dir='ltr'><strong>solet),</strong></span> <span class='ocrx_word' id='word_1_853' title='bbox 3135 5561 3280 5600; x_wconf 91' lang='lat' dir='ltr'><strong>nunc</strong></span> <span class='ocrx_word' id='word_1_854' title='bbox 3314 5546 3528 5616; x_wconf 84' lang='lat' dir='ltr'><strong>glossas</strong></span> <span class='ocrx_word' id='word_1_855' title='bbox 3583 5551 3911 5620; x_wconf 82' lang='lat' dir='ltr'><strong>marginales</strong></span> <span class='ocrx_word' id='word_1_856' title='bbox 3943 5553 4000 5607; x_wconf 90' lang='lat' dir='ltr'><strong>in</strong></span> 
     </span>
    </p>
   </div>
   <div class='ocr_carea' id='block_1_67' title="bbox 748 5629 3992 5713">
    <p class='ocr_par' dir='ltr' id='par_1_67' title="bbox 748 5629 3992 5713">
     <span class='ocr_line' id='line_1_67' title="bbox 748 5629 3992 5713; baseline -0.002 -13"><span class='ocrx_word' id='word_1_857' title='bbox 748 5657 952 5699; x_wconf 67' lang='lat' dir='ltr'><strong>textum</strong></span> <span class='ocrx_word' id='word_1_858' title='bbox 988 5643 1276 5713; x_wconf 90' lang='lat' dir='ltr'><strong>recipiunt.</strong></span> <span class='ocrx_word' id='word_1_859' title='bbox 1328 5640 1435 5693; x_wconf 91' lang='lat' dir='ltr'><strong>lloc</strong></span> <span class='ocrx_word' id='word_1_860' title='bbox 1485 5655 1609 5693; x_wconf 72' lang='lat' dir='ltr'><strong>vero</strong></span> <span class='ocrx_word' id='word_1_861' title='bbox 1660 5650 1708 5692; x_wconf 91' lang='lat' dir='ltr'><strong>et</strong></span> <span class='ocrx_word' id='word_1_862' title='bbox 1753 5639 1804 5690; x_wconf 87' lang='lat' dir='ltr'><strong>in</strong></span> <span class='ocrx_word' id='word_1_863' title='bbox 1867 5635 2046 5688; x_wconf 79' lang='lat' dir='ltr'><strong>Leone</strong></span> <span class='ocrx_word' id='word_1_864' title='bbox 2096 5634 2467 5687; x_wconf 84' lang='lat' dir='ltr'><strong>Grammatice</strong></span> <span class='ocrx_word' id='word_1_865' title='bbox 2497 5644 2548 5687; x_wconf 91' lang='lat' dir='ltr'><strong>et</strong></span> <span class='ocrx_word' id='word_1_866' title='bbox 2584 5633 2853 5694; x_wconf 75' lang='lat' dir='ltr'><strong>tledreno,</strong></span> <span class='ocrx_word' id='word_1_867' title='bbox 2887 5629 3105 5700; x_wconf 80' lang='lat' dir='ltr'><strong>Georgii</strong></span> <span class='ocrx_word' id='word_1_868' title='bbox 3140 5632 3572 5702; x_wconf 88' lang='lat' dir='ltr'><strong>descriptoribus</strong></span> <span class='ocrx_word' id='word_1_869' title='bbox 3605 5638 3686 5690; x_wconf 83' lang='lat' dir='ltr'><strong>vel</strong></span> <span class='ocrx_word' id='word_1_870' title='bbox 3721 5640 3992 5704; x_wconf 77' lang='lat' dir='ltr'><strong>epitonia-</strong></span> 
     </span>
    </p>
   </div>
   <div class='ocr_carea' id='block_1_68' title="bbox 744 5720 3884 5793">
    <p class='ocr_par' dir='ltr' id='par_1_68' title="bbox 744 5720 3884 5793">
     <span class='ocr_line' id='line_1_68' title="bbox 744 5720 3884 5793; baseline 0 -11"><span class='ocrx_word' id='word_1_871' title='bbox 744 5736 954 5788; x_wconf 75' lang='lat' dir='ltr'><strong>toribus</strong></span> <span class='ocrx_word' id='word_1_872' title='bbox 1005 5745 1057 5786; x_wconf 90' lang='lat' dir='ltr'><strong>et</strong></span> <span class='ocrx_word' id='word_1_873' title='bbox 1105 5731 1272 5786; x_wconf 82' lang='lat' dir='ltr'><strong>Coisl.</strong></span> <span class='ocrx_word' id='word_1_874' title='bbox 1313 5728 1415 5782; x_wconf 73' lang='grc'><strong>505</strong></span> <span class='ocrx_word' id='word_1_875' title='bbox 1449 5726 1648 5781; x_wconf 88' lang='lat' dir='ltr'><strong>factmn</strong></span> <span class='ocrx_word' id='word_1_876' title='bbox 1682 5726 1879 5793; x_wconf 51' lang='lat' dir='ltr'><strong>saepius</strong></span> <span class='ocrx_word' id='word_1_877' title='bbox 1911 5724 2274 5784; x_wconf 71' lang='lat' dir='ltr'><strong>invenienms,</strong></span> <span class='ocrx_word' id='word_1_878' title='bbox 2318 5721 2531 5776; x_wconf 83' lang='lat' dir='ltr'><strong>collatis</strong></span> <span class='ocrx_word' id='word_1_879' title='bbox 2559 5737 2645 5775; x_wconf 58' lang='grc' dir='ltr'><strong>οε.</strong></span> <span class='ocrx_word' id='word_1_880' title='bbox 2681 5735 2761 5789; x_wconf 87' lang='lat' dir='ltr'><strong>gr.</strong></span> <span class='ocrx_word' id='word_1_881' title='bbox 2803 5736 2889 5789; x_wconf 79' lang='lat' dir='ltr'><strong>pp.</strong></span> <span class='ocrx_word' id='word_1_882' title='bbox 2931 5720 3055 5785; x_wconf 80' lang='grc'><strong>461,</strong></span> <span class='ocrx_word' id='word_1_883' title='bbox 3089 5721 3210 5787; x_wconf 66' lang='lat'><strong>5598,</strong></span> <span class='ocrx_word' id='word_1_884' title='bbox 3247 5723 3349 5776; x_wconf 79' lang='grc'><strong>499</strong></span> <span class='ocrx_word' id='word_1_885' title='bbox 3380 5724 3631 5779; x_wconf 89' lang='lat' dir='ltr'><strong>editionis</strong></span> <span class='ocrx_word' id='word_1_886' title='bbox 3666 5736 3884 5782; x_wconf 68' lang='lat' dir='ltr'><strong>nostrae.</strong></span> 
     </span>
    </p>
   </div>
   <div class='ocr_carea' id='block_1_69' title="bbox 821 5830 4003 5910">
    <p class='ocr_par' dir='ltr' id='par_1_69' title="bbox 821 5830 4003 5910">
     <span class='ocr_line' id='line_1_69' title="bbox 821 5830 4003 5910; baseline -0.001 -11"><span class='ocrx_word' id='word_1_887' title='bbox 821 5846 1084 5900; x_wconf 76' lang='lat' dir='ltr'><strong>Codicum</strong></span> <span class='ocrx_word' id='word_1_888' title='bbox 1116 5852 1294 5896; x_wconf 80' lang='lat' dir='ltr'><strong>autem</strong></span> <span class='ocrx_word' id='word_1_889' title='bbox 1325 5838 1774 5892; x_wconf 72' lang='lat' dir='ltr'><strong>Cois/iniuriarum</strong></span> <span class='ocrx_word' id='word_1_890' title='bbox 1808 5836 1909 5889; x_wconf 68' lang='grc'><strong>510</strong></span> <span class='ocrx_word' id='word_1_891' title='bbox 1949 5845 2001 5888; x_wconf 90' lang='lat' dir='ltr'><strong>et</strong></span> <span class='ocrx_word' id='word_1_892' title='bbox 2031 5833 2137 5888; x_wconf 75' lang='grc'><strong>505</strong></span> <span class='ocrx_word' id='word_1_893' title='bbox 2171 5833 2432 5888; x_wconf 86' lang='lat' dir='ltr'><strong>lectiones</strong></span> <span class='ocrx_word' id='word_1_894' title='bbox 2468 5831 2629 5886; x_wconf 71' lang='lat' dir='ltr'><strong>write</strong></span> <span class='ocrx_word' id='word_1_895' title='bbox 2667 5831 2730 5883; x_wconf 87' lang='lat' dir='ltr'><strong>ad</strong></span> <span class='ocrx_word' id='word_1_896' title='bbox 2771 5845 2943 5886; x_wconf 87' lang='lat' dir='ltr'><strong>annos</strong></span> <span class='ocrx_word' id='word_1_897' title='bbox 2981 5830 3220 5886; x_wconf 75' lang='lat' dir='ltr'><strong>8I3-8-i&#39;2</strong></span> <span class='ocrx_word' id='word_1_898' title='bbox 3259 5844 3474 5900; x_wconf 68' lang='lat' dir='ltr'><strong>notata&#39;,</strong></span> <span class='ocrx_word' id='word_1_899' title='bbox 3512 5836 3729 5893; x_wconf 90' lang='lat' dir='ltr'><strong>illorum</strong></span> <span class='ocrx_word' id='word_1_900' title='bbox 3764 5841 3857 5910; x_wconf 89' lang='lat' dir='ltr'><strong>qui</strong></span> <span class='ocrx_word' id='word_1_901' title='bbox 3903 5841 4003 5896; x_wconf 79' lang='lat' dir='ltr'><strong>Los</strong></span> 
     </span>
    </p>
   </div>
  </div>
