4260 6438
231 430 297 496 ta
1576 416 2155 509 rnotsooitsxs.
3428 405 3489 467 tt

230 544 454 600 codices
485 542 890 611 descripserunt
922 540 1216 594 exornandi
1260 541 1517 601 studium,
1556 554 1661 591 non
1699 550 1827 590 vero
1861 534 2027 587 alium
2056 530 2535 599 chronographum
2568 542 2731 598 quam
2757 527 2851 598 qui
2878 527 3091 582 ceteris
3125 527 3174 579 in
3209 524 3489 580 codicibus

234 631 537 695 invenitur,
574 640 831 697 arguunt.

309 718 465 785 Quod
496 718 540 772 si
574 719 628 771 in
651 718 772 771 vitis
807 717 970 772 trium
995 716 1288 786 primorum
1323 715 1706 783 imperatorum
1737 710 2165 767 Christianorum
2205 706 2533 762 enarrandis
2570 706 2835 776 majorem
2869 705 2924 760 in
2962 704 3185 760 modum
3224 718 3391 774 quam
3436 707 3490 758 in

235 808 451 862 cmteris
478 806 790 874 discrepant
823 804 966 859 inter
996 819 1056 858 se
1095 803 1317 857 codices
1360 800 1727 870 Mosquensis,
1761 800 2215 854 Vindobonenses
2243 796 2374 861 duo,
2411 795 2756 851 Monacensis
2791 801 3023 862 uterque
3049 802 3104 848 et
3135 791 3494 853 Venetianos.

236 912 416 963 neque
442 896 493 949 id
526 895 692 947 alium
727 893 1049 963 scriptorem
1081 891 1254 946 fuisse
1283 892 1649 952 demonstrat,
1697 888 1791 944 sed
1829 890 2013 958 potius
2045 887 2285 941 eumdem
2322 886 2458 951 haec,
2491 901 2613 955 qua:
2642 884 2692 940 ei
2728 881 2951 937 maximi
3004 883 3265 937 momenti
3311 893 3493 943 erant,

240 982 568 1036 Christiana:
600 980 800 1048 politiae
835 980 990 1034 initia
1025 979 1198 1049 (2,25)
1233 980 1426 1046 swpius
1462 988 1800 1030 retractasse.

318 1068 655 1122 Venetianus
681 1067 920 1135 denique
953 1075 1121 1120 totam
1156 1066 1318 1135 primi
1353 1074 1406 1118 et
1436 1064 1665 1119 sociindi
1698 1062 1822 1117 libri
1857 1061 2142 1116 materiam
2178 1062 2392 1131 paginis
2428 1074 2520 1114 sex
2553 1062 2861 1115 coarctavit.

314 1154 650 1209 Cmterorum
688 1164 959 1223 quotquot
989 1154 1107 1208 loca
1143 1153 1416 1221 exscripta
1463 1151 1665 1205 habere
1702 1151 1983 1219 potuimus
2027 1149 2279 1204 codicum
2314 1148 2477 1202 lectio
2514 1162 2637 1203 cum
2680 1147 2990 1217 Mosquensi
3032 1148 3168 1202 adeo
3204 1148 3496 1208 consentit.

244 1254 305 1296 ut
338 1244 588 1312 quamvis
623 1243 855 1297 diversis
887 1243 1234 1297 ascribantur
1264 1241 1604 1302 auctoribus,
1643 1238 1878 1307 ejusdem
1920 1248 2099 1293 tamen
2135 1237 2350 1306 Georgii
2396 1236 2562 1305 fuisse
2592 1234 2953 1305 colligendum
2986 1235 3077 1289 sit.
3108 1234 3266 1300 Quod
3296 1249 3361 1288 ex
3382 1235 3502 1303 ipsa

241 1330 485 1382 lectionis
544 1330 796 1381 varietate
856 1330 1166 1398 apparebit,
1200 1329 1409 1381 scilicet
1443 1328 1491 1380 l°
1528 1326 1899 1396 antiquissimi
1948 1325 2154 1380 codicis
2200 1325 2523 1379 Coisliniani
2561 1324 2665 1379 310
2706 1325 2759 1377 in
2798 1322 2934 1378 Vitis
2964 1321 3292 1392 Copronymi
3326 1332 3381 1378 et
3415 1336 3502 1377 sc-

240 1418 529 1483 qucntium
568 1418 966 1484 imperatorum
997 1431 1173 1484 usque
1206 1418 1272 1469 ad
1304 1416 1457 1468 initia
1496 1414 1774 1468 Michaelis
1814 1413 1877 1466 lll
1905 1432 1919 1480 ;
1964 1413 2019 1466 2°
2051 1412 2373 1467 Coisliniani
2406 1410 2512 1466 305
2546 1413 2597 1466 in
2634 1410 2769 1466 Vitis
2803 1408 3032 1475 Tiberii,
3084 1408 3364 1479 Caligula,
3397 1409 3505 1463 Nc-

245 1507 401 1559 ronis
434 1513 488 1557 et
521 1503 869 1558 Constantini
905 1505 1082 1574 Magni
1115 1513 1279 1571 atque
1317 1505 1368 1557 in
1400 1504 1533 1558 locis
1564 1518 1632 1557 et
1667 1500 1924 1557 omnibus
1951 1512 2186 1571 quatuor
2216 1501 2371 1555 libris
2419 1514 2449 1553 a
2496 1498 2902 1553 Montlauconio
2934 1498 3191 1564 laudatis,
3243 1514 3345 1553 nec
3391 1514 3503 1553 non

246 1608 339 1660 pp.
376 1590 657 1656 427-432;
694 1592 750 1645 3°
784 1592 1112 1646 Coisliniani
1161 1591 1263 1646 134
1302 1601 1357 1645 ct
1403 1592 1661 1646 editionis
1709 1605 1738 1643 a
1773 1589 2103 1657 Combetisio
2148 1588 2555 1642 Parisiensibus
2601 1601 2631 1639 e
2677 1586 2961 1640 codicibus
3012 1584 3159 1657 [XI]
3192 1595 3392 1655 paratas
3447 1586 3505 1639 in

250 1679 435 1733 Leone
467 1680 532 1731 Ill
565 1690 619 1734 et
647 1695 803 1748 seqq.
840 1679 904 1732 ad
946 1695 1111 1748 quam
1141 1678 1340 1734 llasius
1375 1680 1641 1732 lectiones
1672 1678 1836 1744 hujus
1867 1676 2075 1730 codicis
2104 1676 2428 1730 Coisliniani
2462 1689 2634 1743 usque
2666 1674 2732 1728 ad
2769 1689 2822 1743 p.
2858 1673 2964 1726 7‘20
3014 1674 3269 1728 editionis
3304 1685 3507 1728 nostra:

243 1768 592 1820 excurrentis
660 1766 973 1831 adnotavit;
1031 1767 1086 1820 4⁸
1141 1767 1488 1821 Ambrosiani
1540 1780 1591 1835 p.
1662 1765 1789 1829 1-4;
1823 1764 1947 1829 375,
2008 1762 2147 1827 399;
2222 1761 2484 1817 476-496.
2530 1762 2584 1815 5°
2642 1761 2881 1815 Vaticani
2964 1762 3065 1815 151
3139 1778 3189 1830 p.
3226 1760 3505 1825 4,19—27,

244 1856 311 1920 6;
350 1856 405 1910 0°
445 1854 559 1910 Vat.
593 1856 689 1910 155
726 1871 778 1911 a.
812 1856 1079 1922 812-948;
1111 1856 1165 1909 7°
1196 1866 1249 1910 et.
1278 1856 1333 1909 8°
1365 1854 1756 1910 Parisiensium
1790 1853 1926 1907 1705

1826 1853 1928 1907 705
1960 1861 2013 1906 et
2042 1850 2213 1916 1706;
2245 1852 2299 1905 9°
2328 1858 2382 1904 et
2409 1849 2496 1901 10°
2532 1849 2849 1903 Barocciani
2884 1850 3208 1918 utriusque;
3244 1851 3333 1903 11°
3356 1849 3504 1905 Oxo-

249 1946 462 1999 niensis
497 1960 549 2015 p.
584 1946 640 2008 7,
678 1944 839 2009 6-65,
874 1945 937 2011 2;
973 1945 1062 1999 12°
1092 1954 1147 1998 et
1181 1945 1267 1998 15·
1301 1943 1645 1999 Monacensis
1688 1943 1996 2009 utriusque,
2028 1946 2084 1993 ct
2116 1939 2203 1992 14°
2248 1944 2302 1991 et
2344 1936 2434 1990 15°
2468 1934 2916 1991 Vindobonensis
2960 1937 3245 2007 utriusque
3278 1938 3329 1991 in
3369 1935 3508 1992 Vitis

246 2029 597 2086 Constantini
633 2030 727 2097 Μ..
756 2032 1100 2097 Constantis,
1131 2030 1360 2095 Juliani,
1395 2034 1448 2086 in
1482 2032 1735 2086 Heraclio
1764 2038 1820 2084 et
1848 2026 2206 2088 Heraeleona,
2242 2022 2527 2079 Stauracio
2550 2034 2602 2079 et
2624 2024 2881 2079 Michaele
2903 2024 3274 2080 lll.Pra'terea
3305 2027 3507 2096 pra'fa-

252 2121 447 2175 tionem
506 2119 826 2175 Vaticanam
859 2132 913 2177 et
936 2121 1329 2176 Coislinianam
1364 2120 1471 2174 305
1496 2135 1618 2174 cum
1654 2117 2038 2181 Ambrosiana,
2071 2116 2408 2179 Monacensi,
2440 2116 2783 2185 Augustana,
2820 2113 3232 2171 Viudobonensi
3276 2126 3509 2186 utraque

250 2216 306 2262 et
343 2208 636 2279 Lipsiensi,
672 2226 795 2278 quae
822 2225 941 2263 eam
981 2219 1229 2263 truncam
1262 2208 1451 2263 eodem
1485 2223 1547 2261 ex
1582 2206 1879 2276 exemplari
1927 2206 2283 2274 repetierant,
2331 2219 2431 2258 nec
2478 2219 2583 2258 non
2634 2220 2757 2258 cum
2807 2203 3078 2274 Lipsiensi
3116 2205 3340 2275 paginas
3371 2204 3505 2259 564·

256 2294 363 2350 587
397 2297 649 2351 tonlerre
699 2297 1002 2364 potuimus.
1058 2295 1307 2365 Denique
1339 2310 1401 2349 ea
1433 2310 1554 2365 quas
1591 2293 1787 2365 Glycas
1814 2308 1844 2348 e
1873 2293 2105 2362 Georgio
2157 2302 2211 2347 et
2259 2307 2379 2362 qua:
2414 2292 2675 2346 versione:
2721 2291 3016 2346 Slavonicre
3067 2293 3231 2347 variis
3284 2294 3335 2348 in
3374 2294 3512 2349 locis

260 2385 493 2437 laudatae
520 2382 777 2446 aﬂ‘erunt,
808 2392 862 2436 et
894 2384 1006 2437 haec
1037 2382 1088 2435 in
1122 2381 1437 2451 Mosquensi
1475 2382 1665 2437 codice
1701 2382 1812 2437 fere
1849 2383 2033 2436 omnia
2070 2380 2445 2451 reperiuntur.

322 2469 350 2540 ς
388 2470 469 2523 10.
503 2472 657 2536 Quod
688 2473 733 2525 si
771 2472 998 2525 rubrica:
1045 2471 1099 2525 in
1140 2473 1327 2525 codice
1369 2470 1678 2539 Mosqucnsi
1722 2470 1865 2524 haud
1915 2484 2107 2524 omnes
2154 2467 2504 2522 inveniuntur
2535 2482 2654 2537 quas
2684 2468 2736 2521 in
2772 2466 2955 2522 tabula
2992 2467 3165 2523 codici
3200 2467 3512 2524 .‘llonaccnsi

256 2558 504 2611 secundo
537 2557 820 2626 praemissa
858 2558 1151 2622 habentur,
1198 2559 1302 2612 hoc
1333 2572 1362 2611 e
1396 2556 1612 2610 delectu
1642 2556 1961 2627 neutiquam
1996 2556 2180 2626 colligi
2223 2564 2405 2627 potest
2432 2556 2755 2626 scriptorem
2790 2556 2957 2609 alium
2999 2556 3068 2611 ab
3097 2556 3199 2610 hoc
3227 2558 3415 2612 codice
3457 2569 3513 2611 et

254 2647 427 2697 alium
466 2646 653 2699 abillo
683 2647 1098 2715 repraesentari;
1151 2646 1244 2699 sed
1297 2645 1399 2699 hoc
1451 2646 1832 2699 tantummodo
1871 2644 1996 2699 inde
2029 2645 2181 2713 sequi
2222 2644 2452 2709 videtur,
2485 2644 2735 2697 rubricas
2768 2643 2867 2697 has
2916 2659 3037 2713 qua:
3075 2645 3295 2698 dit-orsa:
3346 2646 3509 2699 etiam

255 2729 660 2786 Parisiensibus
713 2733 768 2786 in
812 2733 1099 2786 codicibus
1130 2740 1184 2785 et
1229 2731 1282 2784 in
1317 2728 1833 2787 Vindobonensibus
1877 2748 1977 2788 nec
2023 2747 2125 2787 non
2164 2733 2218 2785 in
2261 2730 2539 2786 Vaticanis
2571 2731 2942 2801 reperiuntur,
2994 2746 3100 2785 non
3136 2731 3205 2784 ab
3236 2733 3353 2802 ipso
3380 2734 3517 2788 scri—

259 2829 438 2888 ptore,
469 2835 658 2873 verum
699 2834 727 2871 a
778 2819 1213 2889 descriptoribus
1256 2819 1337 2871 vel
1376 2820 1618 2874 librariis
1651 2822 1734 2888 (ut
1764 2817 2003 2874 Mcdiceo
2035 2831 2085 2875 et
2121 2819 2455 2890 Mosquensi)
2492 2818 2544 2873 in
2583 2820 2828 2889 margine
2856 2819 3129 2888 'asrriptas
3160 2830 3212 2873 et
3243 2820 3515 2875 recentio-

262 2907 419 2961 ribus
461 2907 513 2960 in
547 2907 831 2962 codicibus
873 2906 1072 2961 tabulae
1113 2906 1165 2960 in
1203 2905 1433 2960 formam
1468 2908 1810 2977 conscriptas
1840 2922 1983 2961 esse.

341 3014 367 3083 §
404 3013 487 3067 11.
527 3012 755 3077 Quintus
791 3029 920 3069 vero
954 3014 1109 3081 liber,
1145 3015 1238 3085 qui
1267 3015 1335 3067 ab
1362 3030 1508 3069 anno
1536 3015 1640 3069 84'2
1668 3013 1734 3067 ad
1765 3028 1818 3067 a.
1854 3013 1960 3069 945
1984 3012 2318 3081 extenditur,
2350 3013 2441 3069 sed
2475 3014 2543 3069 ab
2570 3022 2796 3069 auctore
2828 3014 3063 3084 scriptus
3091 3015 3183 3084 qui
3218 3015 3467 3073 liomano
3496 3019 3514 3073 l

265 3104 551 3172 (017—945)
585 3114 893 3158 coaetaneus
928 3104 1032 3157 fuit
1070 3103 1163 3167 (cf.
1191 3120 1245 3173 p.
1281 3102 1383 3157 837
1416 3114 1468 3158 et
1498 3102 1625 3167 847,
1662 3104 1739 3165 ὡς
1777 3103 1825 3155 οἱ
1853 3100 1946 3155 νῦν
1978 3103 2176 3172 σοφοὶ),
2218 3113 2272 3158 et
2311 3112 2459 3158 certe
2499 3118 2550 3157 a.
2591 3103 2694 3157 959
2726 3103 2903 3157 adhuc
2936 3104 3170 3167 vivebat,
3216 3120 3338 3159 cum
3387 3105 3522 3161 Por-

263 3192 662 3260 phyrogenueti
724 3206 899 3246 annos
948 3201 1251 3255 enumeret,
1284 3191 1492 3246 scilicet
1527 3205 1555 3242 a
1591 3190 1859 3261 Symeone
1894 3189 2189 3260 Logotheta
2217 3191 2341 3246 inde
2370 3191 2438 3245 ab
2477 3205 2620 3244 anno
2645 3190 2750 3243 904
2780 3198 2912 3244 noto
2946 3193 3019 3259 (p.
3050 3190 3215 3258 783);
3248 3201 3300 3246 et
3335 3204 3517 3247 sextus

260 3278 359 3342 qui
390 3275 860 3328 centinuationem
894 3275 1207 3329 ulteriorem
1245 3277 1308 3329 ad
1348 3291 1397 3329 a.
1438 3277 1568 3330 1071
1612 3275 1857 3345 ejusdem
1904 3276 2219 3346 Logotheta:
2272 3278 2424 3348 operi
2459 3279 2771 3347 adjunctam
2824 3279 3067 3341 exhibet,
3110 3295 3307 3350 magna
3343 3285 3521 3338 varie.-

260 3372 375 3416 tate
413 3364 464 3415 in
498 3362 731 3415 diversis
763 3379 903 3432 quos
940 3364 1207 3418 habemus
1239 3364 1546 3428 codicibus,
1583 3364 1724 3418 inter
1755 3380 1813 3419 se
1844 3364 2190 3433 discrepant;
2222 3364 2477 3418 videntur
2522 3365 2685 3434 igitur
2736 3367 2896 3420 varia:
2941 3367 3085 3420 illius
3137 3369 3521 3441 chrmtograpl.i

260 3452 506 3516 epitonia:
541 3464 569 3501 a
616 3450 864 3517 pluribus
897 3447 1050 3503 facta:
1080 3451 1300 3503 diversis
1340 3448 1554 3519 Georgii
1593 3451 1859 3505 codicibus
1886 3452 2157 3519 adjuncta:
2179 3466 2338 3517 esse;
2390 3467 2515 3506 nam
2549 3452 2798 3507 nonnulli
2842 3468 2908 3508 ex
2950 3454 3034 3509 bis
3061 3470 3182 3509 cum
3230 3455 3371 3511 libro
3421 3461 3519 3527 qui

264 3554 413 3590 nunc
446 3536 737 3606 Symeonis
771 3535 1083 3607 Logotheta:
1118 3539 1222 3592 sub
1256 3542 1477 3592 nomine
1512 3538 1706 3603 fertur,
1739 3549 1793 3592 et
1822 3540 1917 3609 qui
1951 3542 2065 3610 ipse
2097 3542 2475 3596 tantummodo
2510 3541 2783 3611 epitomen
2821 3541 2981 3611 hujus
3021 3545 3306 3613 scriptoris
3344 3545 3514 3619 [XII]

262 3624 489 3690 prtebet,
522 3624 720 3690 sapius
751 3626 1085 3677 concordant
1147 3639 1308 3693 quain
1343 3626 1431 3678 alii
1469 3624 1681 3694 Georgii
1725 3623 2076 3680 codices.Ex.
2107 3641 2188 3695 gr.
2217 3625 2513 3681 Vaticanus
2542 3627 2641 3681 133
2683 3641 2806 3681 cum
2837 3627 3180 3685 versionibus
3212 3629 3522 3688 Slavonicis

262 3721 454 3762 contra
492 3711 734 3777 reliquos
773 3709 991 3763 codices
1038 3709 1259 3765 Grarcos
1306 3712 1599 3764 consentit.
1643 3710 1843 3764 Confer
1884 3713 2065 3765 varias
2096 3712 2357 3767 lectiones
2394 3715 2445 3765 in
2479 3713 2655 3783 capite
2687 3713 2866 3783 primo
2896 3712 3026 3770 Vitas
3060 3715 3340 3773 Michaelis
3370 3720 3434 3775 ΙΙΙ
3465 3733 3522 3776 ct

263 3812 316 3863 p.
352 3796 483 3855 849,
517 3796 607 3849 ubi
637 3797 753 3863 ipse
784 3796 1020 3865 scriptor
1062 3795 1328 3866 ampliora
1358 3797 1647 3864 promittit,
1679 3813 1799 3867 quto
1829 3799 1883 3852 in
1914 3800 2028 3854 solo
2063 3798 2460 3855 Continuatore
2508 3817 2558 3855 c.
2592 3802 2626 3855 ι
2661 3801 2794 3856 Viue
2824 3801 3170 3858 Constantini
3204 3806 3510 3878 Porpher-

262 3885 483 3954 genneti
516 3884 888 3952 reperiuntur.
927 3882 1203 3938 Interdum
1247 3900 1377 3939 vero
1408 3886 1757 3939 continuator
1797 3884 2013 3955 Georgii
2044 3889 2244 3953 editus,
2283 3890 2375 3960 qui
2425 3898 2480 3943 et
2524 3890 2580 3943 in
2630 3890 2819 3945 codice
2853 3888 3169 3961 Mosquensi
3220 3894 3517 3953 invenitur.

267 3984 394 4023 cum
419 3969 692 4039 Symeone
718 3981 910 4023 contra
947 3968 1271 4025 Vaticanum
1298 3972 1590 4026 consentit.
1624 3972 1706 4026 Cf.
1736 3973 1787 4025 in
1814 3973 1934 4028 Vita
1956 3974 2143 4030 Basilii
2168 3992 2217 4031 c.
2246 3977 2313 4043 2;
2349 3979 2402 4031 in
2432 3976 2617 4032 Leone
2646 3977 2765 4046 ejus
2797 3978 2908 4031 lilio
2942 3993 2991 4033 c.
3018 3978 3088 4034 35
3116 3979 3275 4033 τοῦτο
3316 3982 3521 4039 codicis

272 4058 619 4127 Mnsquettsis
651 4074 703 4127 p.
744 4059 849 4111 788
898 4074 927 4111 a
977 4059 1246 4129 Symeone
1300 4062 1447 4115 edito
1497 4061 1800 4130 explicatur
1838 4062 1936 4131 τὴν

1838 4062 1936 4131 τὴν
1974 4066 2379 4134 τετραγαμίαν,
2432 4080 2461 4119 a
2507 4064 2696 4119 codice
2731 4063 2998 4119 Vaticano
3052 4065 3149 4135 τὴν
3194 4069 3516 4140 ἱερωσύνην.

275 4146 383 4199 Sed
411 4146 616 4215 ubique
649 4146 783 4198 idem
816 4162 990 4199 rerum
1027 4147 1157 4199 ordo
1188 4149 1533 4214 observatur,
1574 4149 1763 4202 eadem
1797 4149 1966 4203 series
1994 4151 2400 4220 chronologica,
2451 4167 2574 4206 cum
2618 4152 2969 4220 amplitudine
3014 4162 3223 4208 tantum
3265 4167 3520 4227 excerpta

268 4232 414 4286 inter
446 4248 506 4287 se
541 4233 818 4301 differant,
854 4242 907 4286 et
936 4233 1171 4303 Symeon
1217 4235 1395 4288 editus
1419 4237 1739 4304 plerumque
1784 4235 2001 4293 brevior
2043 4240 2115 4292 sit
2163 4238 2362 4301 verbis,
2413 4238 2506 4292 sed
2552 4240 2697 4293 n0tis
2736 4240 3143 4310 cbronologicis
3176 4242 3517 4299 instructior.

275 4318 513 4391 Symeon
548 4321 725 4375 editus
755 4321 806 4373 in
836 4319 1201 4374 Constantino
1228 4321 1289 4375 P.
1328 4337 1377 4376 c.
1407 4322 1440 4376 8
1476 4332 1705 4376 matrem
1740 4323 1858 4391 ejus
1884 4322 2027 4379 Zoen
2059 4337 2322 4379 memorat
2354 4325 2422 4379 ab
2453 4326 2762 4380 Alexandro
2800 4341 2829 4381 e
2879 4327 3079 4395 palatio
3121 4329 3372 4397 ejectam,
3410 4348 3516 4401 qua

267 4411 337 4465 de
388 4411 529 4465 rein
560 4409 679 4463 Vita
707 4410 1003 4463 Alexandri
1039 4411 1185 4464 edita
1228 4411 1360 4464 nihil
1412 4412 1632 4479 legitur.
1667 4410 1931 4467 Similiter
1962 4413 2196 4482 Symeon
2233 4413 2413 4468 editos
2463 4412 2692 4469 Romani
2726 4412 2747 4467 ι
2786 4416 2839 4469 in
2875 4414 2997 4470 Vita
3042 4431 3093 4471 c.
3127 4417 3196 4472 50
3235 4418 3301 4473 de
3335 4433 3523 4475 mense

271 4501 464 4568 aliquo
499 4497 746 4567 loquitur
798 4508 1058 4565 tanquam
1084 4499 1197 4567 jam
1233 4501 1551 4564 nominato;
1586 4501 1675 4553 sed
1709 4516 1759 4553 c.
1786 4500 1852 4555 49
1882 4500 1947 4554 de
1982 4499 2273 4554 Decembre
2304 4515 2483 4555 sermo
2513 4500 2712 4566 fuerat,
2743 4518 2850 4557 non
2882 4504 2948 4557 de
2967 4505 3237 4572 Augusto,
3258 4507 3351 4575 qui
3378 4508 3519 4574 apud

270 4597 502 4642 caeteros
536 4588 833 4656 scriptores
865 4587 918 4639 h.
953 4588 989 4639 l.
1018 4587 1330 4651 invenitur;
1365 4587 1508 4640 unde
1544 4588 1797 4656 sequitur
1826 4588 1879 4641 in
1911 4588 2179 4658 Symeone
2212 4588 2359 4641 edito
2390 4588 2545 4657 plura
2578 4590 2782 4644 omissa
2811 4605 2956 4645 esse.
2985 4590 3040 4645 In
3071 4605 3123 4645 c.
3155 4591 3223 4645 58
3252 4595 3521 4661 epitoma-
3596 4646 3597 4649 η

274 4690 360 4730 tor
392 4675 667 4745 Symeonis
703 4686 833 4743 (non
871 4690 999 4728 vero
1027 4675 1381 4731 continuator
1413 4675 1659 4745 ejusdem
1695 4677 1817 4730 inde
1842 4677 1910 4731 ab
1939 4691 1989 4729 a.
2026 4675 2130 4731 945
2158 4675 2238 4729 vel
2270 4675 2396 4743 949)
2427 4678 2665 4732 ostendit
2697 4692 2754 4733 se
2785 4679 2952 4733 multo
2984 4680 3324 4735 recentiorem
3357 4683 3521 4737 rebus

274 4780 323 4817 a.
354 4762 460 4816 9M
492 4765 729 4816 narratis
752 4762 848 4833 (ὡς
874 4764 924 4815 οἱ
955 4761 1050 4815 νῦν
1088 4764 1290 4831 σοφοὶ).
1324 4764 1415 4817 sed
1453 4766 1739 4818 historiam
1778 4780 1932 4820 suam
1960 4766 2100 4820 sicut
2137 4763 2243 4819 Leo
2277 4764 2677 4821 Grammaticus
2711 4768 2804 4837 qui
2838 4783 2887 4819 a.
2931 4768 3069 4823 1013
3100 4770 3337 4839 scripsit,
3372 4770 3518 4826 haud

274 4851 513 4917 amplius
568 4865 731 4919 quam
769 4864 939 4918 usque
975 4850 1040 4903 ad
1078 4852 1388 4920 dynastiam
1466 4850 1964 4925 Porphyrogenncti
2017 4863 2140 4921 post
2180 4852 2446 4922 Locapeni
2498 4853 2729 4923 ejusque
2769 4855 3006 4910 ﬁliorum
3060 4856 3345 4911 decessum
3373 4856 3522 4927 (9&8)

274 4938 459 4991 denuo
487 4937 715 4989 ﬁrmiter
742 4937 1038 4989 stabilitam
1077 4938 1378 5006 perducere
1412 4938 1680 5002 voluerat,
1730 4954 1854 4992 cum
1903 4940 2249 4994 continuator
2287 4940 2634 5009 Theophanis
2674 4956 2845 5010 usque
2875 4944 2939 4995 ad
2975 4957 3025 4996 a.
3063 4942 3168 4997 963
3197 4954 3250 4999 et
3286 4941 3520 5016 Sytneon

275 5029 630 5081 continuatus
667 5039 838 5095 usque
874 5026 941 5079 ad
969 5042 1023 5080 a.
1053 5026 1157 5080 962
1190 5039 1501 5082 excurrant.
1534 5026 1822 5098 Symeonis
1850 5036 1981 5081 aetas
2010 5027 2122 5095 jam
2158 5027 2282 5081 inde
2316 5027 2589 5095 colligitur
2615 5028 2759 5095 quod
2802 5043 2853 5096 p.
2889 5028 2989 5082 747
3018 5039 3070 5083 et
3103 5030 3205 5084 750
3240 5030 3307 5084 ad
3347 5047 3525 5086 annos

276 5115 385 5171 866
411 5127 463 5169 et
490 5114 593 5168 867
623 5114 808 5183 plures
841 5114 940 5166 viri
969 5129 999 5167 a
1032 5113 1160 5169 liliis
1184 5130 1400 5178 eorum,
1436 5125 1683 5185 tempore
1728 5115 1958 5184 scriptor

1846 5114 2010 5184 ωσι-15
2049 5112 2119 5183 (c.
2177 5128 2227 5166 a.
2295 5112 2421 5179 900)
2458 5114 2598 5168 notis
2636 5114 3013 5183 designantur,
3049 5125 3103 5170 et
3148 5119 3291 5186 quod
3329 5132 3384 5189 p.
3424 5118 3528 5172 755

278 5202 725 5273 Theophylactus
773 5200 1100 5255 Abastactus
1151 5208 1412 5271 tanquam
1455 5212 1609 5272 pater
1662 5202 1890 5258 Romani
1939 5200 2283 5268 imperatoris
2332 5200 2479 5270 (inde
2533 5202 2598 5254 ab
2652 5217 2703 5256 a.
2754 5201 2877 5273 920)
2914 5213 3268 5259 memoratur.
3302 5204 3385 5259 Cl‘.
3420 5206 3523 5259 765

278 5308 404 5345 cum
436 5290 539 5345 770
568 5288 636 5344 de
662 5288 1022 5343 Constantino
1055 5297 1111 5342 et
1147 5287 1257 5343 Zoe
1283 5290 1446 5344 simul
1478 5290 1835 5361 regnantibus
1864 5288 2165 5359 (913-920).

353 5398 379 5469 §
420 5397 502 5452 l2.
534 5395 726 5451 Sextus
753 5395 886 5449 liber
919 5394 1041 5449 inde
1068 5409 1098 5449 a
1130 5410 1184 5465 p.
1218 5394 1323 5450 858
1363 5389 1829 5452 continua'tionem
1863 5398 2101 5462 exhibet,
2124 5414 2246 5469 qua:
2282 5397 2334 5454 In
2369 5400 2649 5457 codicibus
2678 5399 2973 5457 Parisiensi
3010 5399 3146 5457 1708
3171 5410 3225 5457 et
3252 5401 3525 5458 Marciano

280 5486 389 5542 608
415 5486 653 5555 legitur;
696 5485 748 5538 in
786 5482 888 5537 hoc
922 5480 1111 5554 [Xlll]
1148 5482 1365 5553 quidem
1398 5484 1467 5538 ab
1502 5499 1556 5540 ι.
1590 5483 1695 5539 945
1723 5486 1789 5540 ad
1817 5499 1870 5539 a.
1901 5484 2040 5542 1078
2083 5496 2292 5541 tantum
2326 5497 2381 5542 ct
2406 5491 2621 5559 quidem
2663 5488 2786 5543 inde
2817 5490 2884 5544 ab
2906 5505 2958 5544 δ.
2986 5491 3091 5546 963
3117 5489 3522 5549 brevissimam.

284 5573 439 5630 Vitas
468 5572 905 5643 patriarcharum
937 5570 1121 5639 potius
1148 5570 1553 5626 deseribentem
1586 5587 1751 5643 quam
1784 5573 2199 5642 imperatorum.
2231 5574 2405 5642 Quam
2434 5580 2503 5632 ob
2530 5590 2642 5631 rem
2668 5592 2811 5641 eam,
2842 5579 3096 5648 quamvis
3123 5576 3400 5646 antiquior
3430 5578 3524 5635 sit.

281 5662 534 5732 ampliori
564 5658 961 5715 continuationi
989 5658 1197 5713 codicis
1229 5657 1577 5726 Parisiensis,
1612 5672 1722 5715 tum
1755 5675 1785 5716 e
1820 5659 2030 5717 Zonara
2064 5665 2260 5733 petitae,
2305 5674 2416 5719 tum
2450 5664 2741 5720 recentiori
2796 5663 3054 5721 idiomatc
3104 5665 3321 5735 scripta
3350 5665 3523 5735 subji-

282 5750 533 5805 ciendam
561 5762 686 5802 esse
713 5747 993 5802 duximus.

364 5839 393 5909 ς
432 5838 518 5892 l3.
550 5834 820 5906 Septimus
853 5834 989 5890 liber
1025 5832 1091 5889 de
1125 5836 1398 5893 creatione
1439 5851 1468 5891 e
1510 5835 1777 5907 Symeone
1807 5848 1860 5897 et
1891 5848 2104 5894 octavus
2140 5839 2275 5896 liber
2321 5840 2385 5894 ad
2438 5854 2640 5895 annum
2686 5838 2818 5893 1145
2849 5840 3195 5895 continuatus
3243 5840 3295 5895 in
3343 5850 3530 5897 nostro
