4260 6438
248 447 314 512 21
1603 451 2189 511 PROLEGOMENA.
3416 449 3485 509 22

249 582 356 616 out.
417 563 450 616 6
491 565 582 617 τοῦ
625 566 922 627 δνσσιὸυῦς
954 580 1062 619 om.
1101 567 1134 618 9
1171 563 1615 630 ἐγκατεσπαρται
1662 562 1938 630 μυστικῶς
1991 565 2022 632 ἡ
2074 564 2411 618 διδασκαλία.
2445 565 2508 618 10
2531 562 2790 629 Καίτοιγε
2827 565 3079 616 Ἰουδαῖον
3107 563 3234 616 ὄντα
3270 564 3481 634 καὶξη-

248 654 448 717 ιωτήν.
488 651 545 707 11
599 654 929 708 ἀπολέλοιπε
959 661 1016 707 ut
1047 650 1116 706 Is.
1157 651 1539 720 ἀπομάχεσθαι
1569 657 1838 716 φαίνεται.
1879 651 1946 704 11
1979 656 2071 704 καὶ
2093 651 2184 703 τὸν
2207 651 2340 705 Θεὸν
2363 654 2541 720 λόγον.
2575 645 2726 716 1⁸1οῖ
2755 643 2826 713 ῖς
2858 652 2926 706 20
2957 653 3120 719 ἁγίας
3149 667 3261 705 om.

323 737 447 794 431.
479 739 503 794 1
539 741 632 793 τοῦ
673 741 846 806 ὄντος.
898 741 934 794 2
981 739 1136 807 φησί.
1169 739 1201 793 6
1254 740 1416 800 αὑτός
1455 753 1569 792 om.
1603 739 1636 792 8
1667 733 1782 790 εἶτα
1810 741 1908 809 ὁρᾷ
1946 739 2062 805 μετ’
2105 737 2281 806 ὀλίγα.
2313 739 2346 792 9
2384 740 2632 811 ἐμφερὴς
2660 739 2834 793 οὐδέν.
2865 739 2928 794 16
2953 743 3018 810 τῇ
3059 740 3162 810 ἰδία
3192 736 3484 808 Θρησκεία.

253 827 320 880 18
350 828 442 879 καὶ
465 828 787 898 κακόσχολοι
821 829 1158 896 adjunctum.
1199 828 1270 880 20
1298 829 1376 886 είς
1409 826 1635 893 ταύτην.

327 915 452 968 452.
485 915 519 967 2
556 917 678 970 ὐτι
709 917 768 967 ὲν
805 915 888 968 σοὶ
910 917 938 966 6
975 914 1128 978 Θεός.
1154 916 1186 968 4
1219 913 1444 967 Σαϐαὼθ
1475 929 1583 970 om.
1614 915 1646 967 5
1677 914 1969 984 πρόσωπόν
2004 932 2095 968 σου
2127 913 2222 968 ἀπ’
2253 915 2406 984 ἐμοῦ.
2433 916 2465 970 6
2501 917 2598 988 τὴν
2649 918 2811 987 ἁγίαν
2849 916 3184 985 ἁνεκῆρνττε
3224 913 3490 986 μυστικὴν

252 1002 487 1071 Τριάδα.
517 1003 585 1058 15
621 1002 808 1072 σαφῶς
838 1002 967 1073 γάρ.

1651 1089 1925 1146 SECULI
1980 1090 2094 1146 XII.

252 1208 270 1249 :
326 1203 377 1254 ὅ.
413 1203 676 1256 Mediceus
700 1221 717 1254 ι
750 1201 821 1255 XI
843 1202 1314 1266 membranaceus,
1355 1203 1613 1270 optimus,
1643 1205 1944 1258 chronicon
1982 1207 2428 1276 compendiosum
2475 1222 2504 1262 e
2529 1207 2760 1262 diversis
2788 1208 3217 1277 chronographis
3240 1215 3293 1261 et
3318 1207 3487 1259 histo-

253 1289 386 1342 ricis
423 1290 708 1343 collectum
747 1291 1246 1358 concinnatmnque
1275 1307 1303 1344 a
1339 1290 1561 1359 Georgio
1590 1293 1841 1345 monacho
1879 1292 1947 1344 al)
1975 1293 2104 1346 orbe
2143 1295 2361 1348 condito
2399 1309 2571 1364 usque
2602 1295 2666 1348 ad
2699 1295 2906 1348 obitum
2942 1293 3171 1348 Romani
3197 1296 3491 1363 imperato-

254 1375 334 1429 ris
365 1373 952 1445 Constantiuoliolitaui
983 1375 1378 1445 (Moutfaucon,
1411 1375 1553 1430 Bibl.
1587 1377 1718 1431 bibl.
1761 1377 1796 1431 Ι.
1829 1379 1929 1432 577

1829 1379 1953 1450 577)
1983 1399 2000 1430 ι
2030 1381 2294 1449 Χρονικὸν
2325 1380 2590 1450 σύντομον
2613 1383 2676 1434 ἐκ
2707 1380 2979 1452 διαφόρων
3011 1381 3404 1452 χρονογράφων
3432 1397 3487 1432 τε

253 1462 352 1514 καὶ
411 1463 695 1531 δξηγητῶν
735 1463 993 1531 συλλεγὲν
1046 1465 1140 1516 καὶ
1174 1463 1424 1517 συντεθὲν
1458 1465 1562 1517 ὑπὸ
1610 1465 1882 1536 Γεωργίον
1920 1485 1935 1536 ι

1812 1465 1882 1519 ἴον
1920 1467 2176 1536 μοναλοῦ.
2211 1497 2278 1507 -
2315 1467 2567 1522 Contiuct
2616 1468 2706 1522 hic
2749 1469 3228 1536 praestantissimus
3285 1467 3494 1537 Ἀμαρ-

253 1550 428 1604 nobis
456 1553 624 1606 codex
666 1552 881 1621 Georgii
916 1552 1164 1605 monachi
1197 1562 1242 1605 et
1269 1553 1696 1609 archimandritw
1727 1556 1797 1624 (?)
1829 1563 2193 1623 cognomento,
2246 1556 2388 1624 quod
2423 1558 2535 1626 ipse
2566 1557 2666 1609 sibi
2697 1572 2761 1609 ea:
2800 1555 3057 1610 modestia
3087 1558 3332 1625 sunipsit,
3367 1557 3494 1609 Pec-

253 1640 474 1704 catorit,
503 1640 644 1694 circa
674 1656 723 1693 ιι.
751 1641 879 1694 Chr.
914 1639 1226 1694 DCCCXIJI
1257 1641 1413 1705 clari,
1434 1657 1596 1710 quem
1626 1657 1748 1695 cum
1777 1641 2027 1710 Synccllo
2052 1643 2202 1696 multi
2234 1657 2516 1713 perperam
2545 1643 2910 1706 confundunt,
2929 1643 3237 1698 Chronic-on
3260 1642 3323 1697 ab
3345 1641 3411 1698 0.
3433 1642 3494 1696 C.

257 1743 422 1794 usque
456 1728 524 1779 ad
585 1727 898 1780 Hic/iactent
942 1725 1216 1793 Theophili
1282 1727 1628 1795 imperatoris
1662 1727 1852 1794 ﬁlium.
1877 1759 1939 1768 —

1816 1743 1852 1783 ι.
1877 1759 1942 1768 -
1975 1728 2167 1799 Incipit
2208 1731 2293 1785 his
2327 1731 2505 1786 verbis
2538 1751 2551 1787 :
2580 1731 2769 1795 Βίϐλος
2821 1733 3088 1800 γενέσεως
3136 1726 3497 1804 ἀνθρώπωνῇ

255 1813 444 1884 ἡμέρα
470 1814 703 1867 ἔπλασεν
724 1818 750 1868 6
782 1813 912 1874 Θεὸς
937 1815 1028 1866 τὸν
1052 1814 1250 1882 ’Λδὰρη
1291 1813 1500 1868 Desinit
1524 1825 1704 1868 autem
1739 1814 1791 1869 in
1822 1815 1937 1869 Ron

1822 1815 2067 1871 Romano
2097 1817 2428 1886 imperatore
2447 1816 3076 1886 Constantinopolitano.
3100 1817 3300 1871 Ultima
3331 1819 3491 1870 verba

259 1912 391 1955 sunt
430 1917 443 1952 :
499 1903 780 1972 Ῥωμανδς
819 1905 845 1956 6
877 1903 1129 1971 βασιλεὺς
1156 1903 1214 1954 ἐν
1237 1903 1302 1972 τῇ
1329 1907 1378 1954 α’
1407 1903 1672 1970 νηστειῶν
1695 1902 1942 1971 τελευτᾷ,
1973 1905 2068 1955 καὶ
2100 1903 2161 1956 τὸ
2205 1903 2364 1973 σῶμα
2403 1903 2569 1956 αὑτοῦ
2600 1905 2657 1957 ἐν
2689 1906 2753 1974 τῇ
2784 1904 2934 1956 πόλει
2958 1904 3310 1973 διακομισθὲν
3345 1905 3404 1957 ἐν
3430 1909 3497 1976 τῇ

259 1990 428 2044 αὑτοῦ
459 1992 700 2062 ἀπετέοη
737 1994 891 2062 μονῇ.
933 1991 1104 2060 Hujus
1141 1991 1379 2045 historiae
1411 1991 1557 2044 nulla
1592 1993 1644 2043 in
1694 1989 1864 2043 libros
1890 1989 2086 2044 divisio
2119 1990 2196 2055 lit,
2248 1991 2340 2046 sed
2375 1992 2554 2060 capita
2587 2000 2796 2046 tantum
2838 2007 3016 2046 rerum
3056 1992 3171 2046 sive
3202 1993 3497 2046 summarin

257 2089 611 2146 apponuntur
639 2080 693 2133 in
727 2078 968 2148 margine
996 2078 1064 2132 ab
1090 2078 1276 2132 eadem
1311 2091 1496 2130 manu.
1524 2077 1704 2131 Codex
1732 2076 1954 2132 Graecus
1983 2077 2435 2132 membrauaceus
2465 2094 2567 2132 ms.
2602 2078 2742 2132 iuni°
2772 2078 2982 2148 majori,
3009 2093 3133 2132 saec.
3158 2076 3246 2131 XI.
3272 2077 3500 2132 Constat

260 2166 408 2220 foliis
435 2167 656 2234 scriptis
681 2165 840 2220 270.»
875 2165 1151 2235 (Bandini,
1184 2173 1288 2218 cat.
1315 2165 1475 2220 codd.
1502 2164 1594 2220 Gr.
1627 2165 1756 2219 bibl.
1784 2163 2179 2230 Laurentium,
2205 2164 2492 2220 Florentiae
2523 2166 2660 2221 I768
2690 2165 2730 2219 f°
2770 2167 2853 2227 11,
2886 2165 3037 2233 671.)

328 2253 386 2307 ι.
417 2251 766 2308 Scorialensis
809 2270 874 2321 φ.
915 2255 950 2305 1.
982 2253 1032 2318 1,
1061 2261 1114 2307 ct
1156 2254 1177 2307 1
1221 2252 1272 2305 θ.
1302 2252 1354 2305 ι.
1383 2251 1471 2316 VI,
1503 2269 1556 2320 γ.
1591 2251 1647 2305 2.
1679 2253 1781 2307 176
1821 2252 1873 2307 in
1897 2251 1990 2306 fol.

1821 2252 1873 2307 in
1897 2251 1990 2306 fol.
2031 2269 2048 2303 ι
2083 2267 2150 2307 eu
2180 2253 2496 2322 parchemin
2525 2254 2591 2308 de
2630 2252 2731 2306 I76
2767 2251 2999 2307 feuillets
3027 2253 3197 2308 écrits
3227 2268 3322 2305 sur
3344 2252 3379 2305 2
3409 2267 3499 2305 co-

258 2341 452 2397 lonnes
475 2350 527 2395 et
561 2340 632 2393 du
659 2350 736 2395 ιι·
770 2340 956 2395 siécle.
989 2340 1304 2409 Chrouique
1333 2342 1397 2394 de
1420 2339 1631 2409 George
1667 2338 2014 2394 Hamartolus
2045 2339 2259 2403 (Miller,
2293 2342 2576 2411 catalogne
2617 2340 2714 2394 des
2761 2355 2892 2394 mss.
2922 2356 3077 2410 grecs
3110 2339 3173 2394 de
3218 2339 3266 2394 la
3304 2339 3501 2394 biblio-

256 2428 462 2498 tneque
491 2427 558 2482 de
576 2427 886 2483 I‘Escurial.
923 2427 1075 2482 Paris
1109 2427 1244 2482 1848
1281 2429 1367 2491 40,
1398 2443 1451 2496 p.
1485 2427 1586 2481 MO
1615 2427 1688 2481 cf.
1721 2426 1866 2481 Cave
1907 2427 2051 2496 583).
2088 2428 2393 2500 Supersunt
2428 2429 2729 2497 fragmenta
2756 2445 2784 2484 e
2819 2430 3098 2483 codicibus
3132 2430 3362 2495 integris
3387 2445 3489 2482 ex-

256 2525 433 2570 tracta
469 2515 648 2586 qualia
698 2515 992 2571 Cramerus
1047 2515 1238 2579 edidit,
1275 2517 1482 2586 integer
1510 2531 1636 2568 vero
1685 2514 1853 2570 codex
1896 2516 2270 2573 Scorialensis
2304 2519 2556 2573 incendio
2589 2534 2638 2571 τι.
2667 2519 2797 2572 1671
2847 2527 3207 2588 consumptus
3237 2528 3341 2585 est,
3371 2533 3495 2574 cum

254 2605 330 2657 cl.
365 2602 540 2657 Miller
571 2604 874 2672 catalogum
908 2603 1239 2658 anteriorem
1267 2604 1446 2657 denuo
1469 2602 1724 2668 ediderit,
1747 2618 1851 2657 non
1880 2615 2004 2655 vero
2032 2601 2205 2670 ipsum
2248 2602 2488 2655 codicem
2521 2601 2736 2656 viderit.

332 2689 479 2763 [XX]
519 2690 574 2744 5.
606 2691 668 2746 C.
725 2690 907 2745 Codex
970 2690 1340 2745 Caislinianus
1379 2711 1396 2743 ι
1442 2692 1564 2756 134,
1590 2692 1716 2745 olim
1745 2691 1872 2753 50!,
1926 2689 2110 2743 saeculi
2143 2688 2362 2742 circiter
2391 2703 2487 2753 xu,
2519 2688 2997 2749 membranaceus,
3047 2705 3074 2742 a
3109 2688 3290 2742 minus
3323 2688 3498 2758 perito

261 2779 488 2832 librario
508 2778 837 2844 descriptus,
867 2786 1083 2831 constat
1110 2777 1262 2832 foliis
1307 2777 1435 2833 3H.
1466 2778 1732 2849 Χρονικδν
1769 2776 1943 2842 σύντοι

1818 2776 2034 2842 ἱντομον
2055 2775 2118 2826 ὲκ
2144 2774 2417 2843 διαφόρων
2436 2775 2827 2843 χρονογράφων
2852 2793 2908 2827 τε
2936 2774 3031 2827 καὶ
3053 2774 3337 2844 ἐξηγητῶν
3373 2774 3500 2826 συλε

257 2864 420 2932 λεγὲν
449 2864 544 2917 καὶ
578 2863 836 2916 συντεθὲν
865 2864 1015 2933 παρὰ
1046 2864 1321 2934 Γεωργίου
1356 2865 1616 2935 μοναχοῦ.
1649 2864 1776 2919 Iuit.
1840 2862 2031 2923 Βίϐλος
2077 2861 2346 2929 γενέσεως
2374 2861 2677 2931 ἀνθρώπων
2725 2857 2757 2930 ἦ
2799 2861 2984 2932 ἡμέρα
3041 2862 3280 2915 ἔπλασεν
3313 2862 3340 2914 6
3372 2861 3504 2923 Θεὸς

261 2954 356 3006 τὸν
404 2953 597 3021 Ἀδάμ.
625 2951 798 3021 llujus
829 2952 1074 3008 chronici
1126 2964 1369 3008 extrema
1439 2963 1648 3007 tantum
1681 2968 1810 3022 pars
1858 2949 1941 3005 edi

1858 2949 2002 3005 edita
2036 2957 2120 3002 est
2148 2976 2215 2990 -
2251 2948 2390 3001 inter
2428 2949 2724 3016 scriptores
2754 2955 2876 3016 post
2918 2947 3310 3016 Theophanem
3335 2976 3406 2987 —
3443 2946 3496 3001 in

258 3055 368 3096 ms.
419 3051 597 3095 autem
641 3049 830 3096 nostro
861 3041 939 3096 sic
968 3043 1082 3094 sine
1109 3043 1233 3094 anui
1271 3053 1397 3096 nota
1433 3040 1471 3095 1⁵.
1506 3041 1611 3096 300
1641 3040 1793 3093 Μετὰ
1831 3038 1886 3091 δὲ
1909 3039 1937 3090 ὶ

1831 3038 1886 3091 δὲ
1909 3034 2126 3105 Μιχαὴλ
2160 3033 2476 3088 ἐϐασίλευσε
2515 3035 2665 3087 Λέων
2687 3035 2714 3086 6
2754 3033 3023 3104 ’Λρμὲνης
3048 3035 3142 3086 καὶ
3181 3033 3503 3104 παραϐάτης

260 3127 514 3199 ὓστερον.
580 3128 634 3182 1η
677 3129 1032 3198 sequentibus
1087 3129 1215 3183 item
1254 3129 1489 3198 plurima
1519 3143 1821 3198 magnaque
1856 3127 2171 3181 discrimina
2209 3126 2574 3193 reperiuntur.
2609 3125 2666 3178 In
2696 3125 2903 3190 codice,
2944 3125 3036 3194 qui
3093 3126 3301 3197 integer
3329 3133 3414 3181 est
3451 3135 3506 3180 et

258 3217 518 3272 omnibus
547 3218 663 3281 suis
695 3217 940 3286 partibus
963 3217 1266 3284 absolutus,
1301 3218 1380 3272 sic
1412 3217 1637 3271 historia
1669 3216 1871 3270 desiuit
1901 3215 1939 3268 f.

1831 3216 1871 3268 it
1901 3215 1939 3268 1.
1972 3214 2069 3269 511
2105 3243 2167 3253 -
2198 3214 2334 3282 μήτε
2369 3213 2476 3281 μὴν
2492 3214 2555 3283 τῇ
2588 3213 2724 3281 πολῇ
2752 3214 2845 3266 καὶ
2881 3214 3170 3284 κακοδοξίᾳ
3201 3213 3295 3267 τοῦ
3337 3215 3506 3282 φένα-

259 3321 359 3366 κος
388 3304 483 3357 καὶ
522 3303 818 3373 ἀλάστορος
849 3303 927 3374 [ρ.
969 3304 1091 3369 ἹΞΟ,
1126 3304 1190 3358 17
1225 3304 1479 3358 editionis
1507 3301 1752 3373 nostrae].
1780 3299 1940 3355 Poste

1823 3313 1972 3356 ostea
2025 3300 2273 3369 sequitur
2308 3299 2769 3370 anacephalaeosis
2812 3300 3054 3355 chronici
3084 3302 3164 3356 sic
3197 3320 3209 3356 :
3259 3302 3504 3358 Γίνονται

258 3388 355 3442 οὖν
382 3388 493 3441 ἀπὸ
528 3389 626 3458 μὲν
647 3391 740 3444 τοῦ
780 3390 952 3461 ’Δδὰμ
1007 3393 1170 3462 μέχρι
1230 3391 1324 3445 τοῦ
1386 3388 1781 3459 κατακλυσμοῦ
1807 3387 1896 3455 ἐτη
1926 3432 1937 3450 ,

1823 3387 1896 3455 Ξτη
1926 3385 2123 3458 ,βσμβ’,
2149 3395 2255 3441 etc.
2298 3405 2315 3437 ι
2344 3385 2718 3450 (Montfaucon
2752 3403 2804 3454 p.
2838 3387 2966 3452 205,
2989 3389 3140 3460 206).
3185 3409 3202 3441 ι
3243 3389 3353 3443 Nec
3377 3405 3505 3458 pro-

260 3478 422 3546 logus
451 3475 504 3529 in
543 3491 606 3531 eo
630 3477 906 3531 invenitur
955 3493 1053 3531 nec
1115 3478 1356 3548 capitum
1401 3477 1587 3533 index.
1624 3494 1642 3527 ο
1677 3475 1763 3545 (E.
1810 3474 2032 3544 Miller.)
2070 3492 2087 3525 ι
2121 3473 2302 3528 Codex
2335 3489 2497 3542 quem
2534 3475 2771 3528 contulit
2801 3475 3000 3530 [Iasius
3031 3476 3096 3530 ad
3124 3477 3208 3530 ed.
3239 3474 3511 3531 Parisien-

260 3580 376 3622 sem
410 3584 427 3616 ι
458 3565 575 3635 (Im.
621 3566 845 3620 Bekkeri
885 3566 1129 3634 praefatio
1165 3584 1215 3637 p.
1258 3566 1390 3634 VII).
1420 3565 1750 3622 Undolscius
1780 3563 1932 3618 alteri
1966 3561 2200 3631 Georgio
2233 3560 2618 3615 ascribendum
2660 3562 2816 3616 duxit
2843 3562 3008 3632 hujus
3040 3563 3245 3619 codicis
3277 3572 3506 3628 textum,

257 3654 513 3720 quamvis
568 3655 622 3707 in
656 3654 776 3724 ipso
805 3655 1035 3709 termino
1060 3657 1275 3710 desinat
1309 3671 1470 3720 quem
1507 3655 1741 3723 scriptor
1773 3649 1981 3722 prologi
2013 3647 2115 3703 sibi
2173 3648 2552 3702 constituerat.
2597 3646 3042 3706 Tischeudorllus
3066 3651 3144 3718 (in
3183 3650 3466 3705 Anecdotis
3489 3693 3503 3714 ,

263 3737 464 3809 Lipsiae
496 3739 653 3800 1855.
690 3755 744 3810 p.
781 3739 1010 3810 95-105)
1047 3741 1224 3810 capita
1251 3738 1414 3794 CXIV
1451 3740 1503 3804 4,
1530 3738 1669 3793 CXV
1704 3739 1757 3801 4,
1781 3736 1987 3792 CXXIII
2017 3734 2046 3787 6
2085 3734 2188 3789 hoc
2225 3750 2254 3789 e
2289 3736 2477 3789 codice
2506 3735 2674 3791 edidit
2702 3753 2824 3791 cum
2848 3737 2967 3792 Par.
3007 3737 3148 3792 1706
3176 3738 3402 3792 collata.

332 3827 388 3880 6.
422 3825 711 3896 Synodalix
765 3828 1093 3899 Masquemis
1138 3845 1190 3882 ιι.
1247 3827 1354 3883 252
1403 3830 1534 3897 (non
1586 3827 1686 3881 25I
1731 3835 1790 3880 ut
1821 3825 2052 3879 Mattluei
2097 3823 2281 3892 habet)
2333 3824 2419 3877 vel
2477 3823 2607 3886 261,
2657 3826 2911 3879 foliorum
2960 3827 3505 3881 membrauaccorum

261 3915 416 3968 ιιι-ιο
448 3913 579 3981 209,
626 3915 891 3969 linearum
912 3915 982 3969 57
1011 3931 1183 3985 usque
1213 3914 1279 3968 ad
1306 3929 1506 3968 annum
1541 3913 1766 3967 6626:
1787 3913 1840 3965 11
1863 3910 1943 3973 18,
1982 3907 2074 3962 sed
2102 3908 2352 3976 adjuncta
2381 3909 2572 3962 notitia
2604 3909 2748 3966 XXV
2791 3927 3062 3966 annorum
3092 3911 3175 3964 Jo.
3217 3912 3508 3970 Comneni.

261 4003 432 4071 igitur
463 4018 638 4072 usque
683 4002 750 4056 ad
785 4018 837 4057 a.
873 4002 1013 4057 “63
1035 4002 1411 4066 continuatus,
1445 4009 1496 4054 et
1521 4002 1740 4070 quidem
1779 3998 1848 4052 ab
1881 3996 2069 4049 eadem
2103 4010 2288 4057 ruamu,
2322 3996 2464 4048 unde
2501 3997 2618 4064 ipse
2642 3997 2813 4052 codex
2842 4000 2984 4052 haud
3022 4000 3193 4052 multo
3230 3999 3504 4054 recentior

260 4107 382 4146 esse
418 4090 650 4144 videtur.
684 4089 977 4159 Inscriptio
1003 4104 1127 4143 cum
1191 4087 1510 4158 praafatione
1563 4096 1618 4140 et
1655 4086 1810 4139 initio
1847 4097 2020 4150 usque
2066 4083 2132 4134 ad
2179 4097 2227 4150 p.
2266 4081 2357 4146 41,
2403 4084 2437 4137 Ι.
2471 4083 2543 4137 21
2573 4086 2790 4156 νιτικήν
2821 4085 3081 4140 editionis
3117 4096 3317 4141 nostra
3346 4086 3509 4155 periit

261 4181 430 4242 atque
455 4172 1027 4228 caeterisecodicibus
1080 4172 1197 4227 iure
1244 4171 1494 4240 suppleta
1547 4178 1697 4234 sunt,
1745 4169 1846 4222 sel.
1890 4167 2135 4236 ρτωΐειιίυ
2176 4185 2206 4222 e
2241 4166 2504 4222 Vaticano
2546 4171 2668 4230 l53.
2725 4173 3008 4236 iuitium,e
3063 4173 3504 4251 Monacensibus,

261 4261 560 4317 clarissimi
593 4258 786 4314 Tafelii
813 4275 944 4315 cura
975 4260 1290 4329 descriptis,
1324 4259 1577 4312 foliorum
1613 4270 1741 4310 vero
1776 4255 2008 4324 primum
2043 4256 2421 4324 quateruionis
2464 4256 2544 4321 IZ,
2584 4257 2872 4314 Slavonice
2915 4261 3163 4330 inscripti
3187 4263 3278 4328 ξι,
3309 4260 3362 4313 in
3395 4261 3504 4313 vita

258 4347 610 4403 Constantini
640 4348 906 4403 omissum
937 4362 967 4402 e
1001 4345 1422 4402 Monacensibus
1451 4354 1504 4399 et
1534 4343 2050 4399 Vindobonensibus
2069 4359 2300 4413 quorum
2336 4345 2598 4401 lectiones
2622 4347 2976 4406 doctissimus
3002 4349 3294 4419 pncfectus
3312 4349 3508 4403 biblio-

263 4437 432 4490 theca:
457 4434 897 4490 Vindobonensis
914 4433 1192 4489 Miciosich
1227 4434 1622 4488 humanissime
1652 4433 1810 4487 nobis
1845 4433 2171 4487 transmisit.
2211 4433 2368 4487 Aliud
2414 4433 2603 4489 folium
2639 4435 3046 4508 (quaterniouis
3080 4439 3124 4490 K
3147 4456 3218 4488 ε
3241 4437 3335 4500 111)
3360 4437 3504 4505 quod

263 4525 316 4576 iu
351 4523 460 4577 vita
493 4521 784 4577 Justiniani
811 4523 1172 4582 desideratur.
1203 4537 1303 4589 ope
1326 4521 1530 4576 codicis
1566 4520 1885 4575 Coisliuiani
1924 4519 2028 4573 503
2065 4520 2132 4573 ab
2164 4520 2502 4577 amicissimo
2569 4523 2865 4580 Emanucle
2917 4525 3126 4580 Millero
3164 4533 3410 4580 nostrum
3453 4525 3503 4576 iu

264 4626 425 4664 usum
452 4610 734 4680 descripti,
773 4612 1146 4665 instauratum
1181 4620 1286 4663 est.

333 4699 734 4764 Quaternioues
768 4709 985 4756 exstant
1019 4699 1252 4754 Slavicis
1291 4697 1488 4752 litteris
1523 4699 1562 4751 Α
1591 4700 1757 4754 -ΚΖ
1796 4704 1993 4772 signati
2023 4703 2185 4767 XXII,
2215 4721 2449 4776 quorum
2483 4705 2712 4759 ultimus
2742 4702 2918 4758 tribus
2963 4711 3174 4756 tantum
3206 4701 3352 4756 foliis
3379 4718 3508 4754 cou-

263 4794 394 4850 stat,
429 4786 612 4839 caeteri
641 4787 876 4852 octonis,
910 4785 1082 4840 Graeci
1106 4795 1286 4839 autem
1319 4785 1532 4840 fuerant
1567 4789 1676 4841 duo
1698 4789 1882 4858 plures
1923 4793 1991 4845 ab
2030 4792 2225 4855 initio;
2261 4809 2383 4848 nam
2437 4810 2489 4864 p.
2530 4793 2631 4848 88b
2671 4793 2865 4862 legitur
2900 4793 2984 4854 II‘,
3037 4789 3253 4844 Slavice
3288 4790 3379 4852 Al,
3406 4789 3507 4843 96h

266 4873 521 4936 IA:BI,
553 4873 687 4929 101⁵
717 4873 971 4938 18:”,
1004 4873 1138 4927 127°
1169 4874 1238 4927 111
1261 4875 1428 4941 :IJ,
1467 4875 1603 4928 1591⁵
1632 4877 1896 4940 KBzK,
1931 4880 1948 4932 I

717 4873 971 4938 18:”,
1004 4873 1138 4927 I270
1169 4874 1238 4927 111
1261 4875 1428 4941 :IJ,
1467 4875 1603 4928 1591⁵
1632 4877 1896 4940 KBzK,
1931 4879 2063 4932 1741)
2093 4881 2395 4936 ΚΔΞΚΒ.

337 4961 555 5016 Primus
611 4968 665 5016 et
714 4960 988 5016 secundus
1037 4963 1349 5030 quaternio,
1377 4977 1503 5016 cum
1559 4961 1754 5018 XXXII
1785 4965 2013 5034 paginas
2037 4969 2459 5031 continuissent,
2500 4983 2732 5038 quarum
2781 4965 3010 5035 singulae
3056 4965 3146 5018 uui
3179 4973 3233 5018 et
3270 4963 3510 5017 dimidius

268 5050 383 5103 fere
425 5047 686 5103 editionis
712 5058 910 5103 nostra:
947 5049 1299 5117 respondent,
1341 5049 1590 5119 sequitur
1629 5053 1820 5107 iisdem
1857 5054 1910 5106 in
1940 5054 2058 5107 XVI
2081 5056 2222 5110 foliis
2251 5055 2542 5124 deperditis
2567 5053 2727 5107 XLIV
2766 5056 2972 5123 primos
3007 5053 3231 5120 paginas
3260 5062 3499 5112 nostras.

265 5149 321 5192 ct
346 5137 568 5207 quidem
601 5137 828 5207 prologo
859 5152 968 5190 non
1002 5148 1254 5208 excepto,
1283 5154 1470 5192 revera
1518 5139 1707 5196 fuisse.
1750 5140 1950 5196 Ultima
1984 5139 2111 5195 folia
2157 5141 2262 5195 205
2289 5142 2394 5195 209
2426 5157 2550 5195 cum
2587 5141 2786 5195 misere
2810 5139 2995 5192 attrita
3023 5139 3152 5198 sint,
3180 5139 3391 5191 videtur
3414 5153 3509 5190 co-

267 5227 445 5280 dicem
465 5228 586 5281 sine
608 5240 866 5296 compage
891 5226 984 5279 diu
1011 5225 1253 5294 jacuisse
1293 5242 1358 5282 ac
1405 5243 1470 5282 eo
1505 5228 1667 5282 modo
1711 5230 1866 5283 initio
1899 5245 1999 5283 suo
2023 5228 2342 5282 destitutum
2387 5243 2530 5282 esse.
2575 5227 2630 5281 In
2669 5226 2802 5282 folio
2843 5227 3134 5280 chartncco
3177 5224 3319 5292 quod
3359 5239 3510 5278 COIII-

268 5325 458 5384 pactor
494 5314 757 5369 ltossicus
801 5317 854 5368 in
912 5317 1016 5368 line
1047 5315 1307 5383 alligavit,
1341 5317 1554 5384 legitur.
1589 5317 1814 5372 Ilossico
1851 5331 2120 5378 sermone,
2161 5335 2178 5366 ι
2231 5316 2286 5368 In
2322 5316 2423 5370 hoc
2452 5316 2639 5369 codice
2673 5315 2778 5368 209
2812 5323 2937 5368 sunt
2967 5311 3120 5365 folia.
3185 5310 3402 5365 Notavit
3453 5324 3499 5364 et

269 5403 580 5456 nurneraxit
606 5401 800 5458 Petrus
835 5402 1201 5457 Alcxandrov.
1237 5403 1299 5455 N.
1337 5403 1466 5467 252,
1494 5405 1634 5458 alius
1675 5404 1944 5458 annalista

1825 5404 1975 5467 Iista;
2018 5421 2034 5454 ι
2076 5413 2130 5457 et
2161 5417 2318 5457 verso
2353 5403 2469 5470 ττῷ
2515 5403 2612 5471 μὲν
2641 5400 2942 5468 εὑτιχοῦντι
2983 5399 3182 5460 πᾶντες
3227 5397 3505 5466 ἄνθρωποι

268 5491 434 5559 φίλοι,
487 5491 579 5543 τὸν
636 5491 692 5544 δὲ
733 5491 1084 5560 διστνχοῦντα
1147 5493 1254 5545 οὐδ’
1306 5492 1469 5554 αὐτὸς
1526 5496 1553 5546 6
1602 5493 1882 5563 γεννήτωρ
1945 5510 1950 5537 ι

1826 5511 1882 5562 ορ
1945 5489 2110 5559 φιλεῖ,
2157 5491 2209 5544 in
2286 5491 2627 5548 membrana,
2687 5504 2815 5540 vero
2871 5486 3198 5540 1⁸1108δίεο
3255 5485 3508 5537 idiowale

274 5599 291 5630 ι
327 5595 358 5634 c
396 5578 724 5633 bibliotheca
791 5579 1051 5648 Synoduli
1109 5589 1161 5634 et
1217 5580 1586 5648 subscriptum
1627 5579 1784 5648 jussu
1827 5577 2185 5635 sanctissima:
2217 5578 2446 5648 synodi;
2486 5595 2503 5626 ι
2549 5577 2601 5629 Ια
2634 5575 2832 5643 legitur
2863 5574 3029 5628 etiam
3075 5586 3336 5625 numerus
3362 5570 3505 5624 auti-

266 5683 413 5736 quus
441 5672 518 5732 ις’
541 5665 706 5737 (XVI)
739 5666 875 5721 2098
915 5665 1073 5720 1775.
1107 5666 1249 5720 Maio
1291 5681 1498 5721 mense.

342 5756 502 5811 Multa
533 5755 586 5811 in
626 5756 771 5811 hunc
803 5755 1043 5810 codicem
1087 5769 1116 5810 c
1159 5755 1405 5824 margine
1429 5754 1716 5821 irrepsisse
1748 5754 1999 5808 \‘IdCltlUl‘
2028 5767 2150 5819 qua:
2188 5751 2243 5804 l°
2277 5766 2340 5804 ea:
2371 5750 2475 5802 alio
2500 5749 2632 5802 libro
2665 5748 2746 5820 (ἐξ
2785 5747 2945 5802 ἄλλον
2975 5744 3204 5813 βιϐλίον)
3237 5753 3495 5796 annotata

286 5854 464 5910 eram,
492 5843 564 5900 cf.
601 5862 653 5915 p.
684 5845 771 5912 68,
801 5845 866 5911 ὃς
905 5845 995 5913 81,
1025 5845 1086 5911 6;
1129 5845 1244 5908 I80,
1283 5843 1533 5911 1;511,8
1567 5843 1744 5899 01551
1794 5843 1894 5900 sub
1929 5851 1968 5898 ιι

1825 5843 1894 5899 ub
1929 5849 2099 5909 textu,
2125 5858 2242 5912 qu.c
2277 5839 2495 5896 Eusebii
2527 5855 2634 5894 uou
2666 5846 2815 5907 sunt,
2859 5837 2951 5892 scd
2983 5835 3232 5904 l‘rocopii
3268 5831 3391 5886 5i8.
3426 5831 3504 5889 l0.
