4260 6438
244 408 313 468 eg
1443 385 1906 450 CHRONICON.

1759 385 1906 449 ION.
1947 413 2012 423 -—
2054 391 2200 451 LIB.
2250 394 2290 452 ι.
3406 394 3476 460 7ο

244 507 902 582 περικεκαλλωπισμίνην
930 507 993 559 ⁸⁸.
1033 503 1136 574 19
1171 501 1306 573 Περὶ
1335 500 1390 554 δέ
1422 500 1489 552 τὰ
1534 497 1814 568 κράσπεδα
1841 497 1890 558 Α
1920 498 1933 549 |

1759 497 1814 549 δα
1841 497 1890 558 Α
1920 498 2141 566 Insuper
2171 501 2274 554 alia
2309 499 2529 555 indutus
2552 509 2669 554 erat
2701 502 2878 556 tunica
2905 519 2928 556 ο
2955 502 3134 571 bysso,
3162 501 3475 571 hyacintho,

247 607 500 677 ῥοΐσκους
539 597 684 670 εῖχεν
728 598 981 672 ἐρραμμέ
1019 613 1129 660 ους,
1177 594 1270 647 καὶ
1300 591 1614 662 άναμεταξὺ
1637 587 1813 643 αὐτῶν

244 714 338 765 χρ.
357 694 482 757 σοῦς
511 693 768 755 κώδωνας
799 694 862 743 ἐκ
891 688 1137 759 χρυσίου,
1173 686 1268 739 καὶ
1299 685 1346 718 "
1381 682 1621 752 καθαροῦ
1646 697 1661 713 ⁸
1689 679 1816 733 ἐπέ-

246 786 414 854 θηκεν
437 785 634 846 αὐτοὺς
664 784 764 836 ἀνα
774 782 934 851 μέσον
955 779 1063 833 τῶν
1086 779 1318 847 ροἲσκων
1347 775 1435 828 ἐπὶ
1465 775 1523 827 τὸ
1541 774 1699 840 λῶμα
1720 770 1814 824 τοῦ

248 875 515 928 ὕποδύτου
534 874 602 907 ⁸⁸·
643 872 846 942 κύκλῳ.
887 869 1204 922 Ἐπενδύετο
1233 869 1281 900 ⁹⁰
1315 866 1371 918 δέ
1410 865 1505 918 καὶ
1540 863 1699 917 ἄλλον
1735 880 1816 931 χι-

245 967 416 1029 τῶνα,
459 969 523 1018 ἐκ
576 965 774 1033 βύσσου
823 962 917 1015 καὶ
957 959 1212 1012 ὑακίνθου
1258 956 1351 1010 καὶ
1397 955 1680 1023 πορφύρας
1724 953 1816 1005 καί

248 1057 504 1109 κοκκίνου
543 1055 636 1108 καὶ
683 1052 886 1123 χρυσοῦ
932 1051 1028 1103 καὶ
1070 1046 1337 1102 παντοίων
1382 1045 1687 1115 χρωμάτων
1722 1060 1818 1096 πε-

252 1143 653 1215 ριωραῖσμένέν
671 1144 762 1194 καὶ
787 1137 1223 1207 καθυφασμένον,
1243 1136 1406 1205 μέχρι
1426 1135 1534 1186 τῶν
1561 1133 1748 1201 μηρῶν
1772 1133 1812 1163 ⁹¹

249 1233 652 1303 κατερχόμενον
671 1231 760 1283 καὶ
791 1226 968 1298 ζώνην
991 1225 1182 1295 ὁμοίαν
1211 1227 1276 1294 τῇ
1302 1224 1493 1293 πρώτῃ
1516 1237 1819 1287 κατασεριγ-

248 1322 504 1390 γόμενον,
535 1320 682 1388 ἤπερ
717 1318 761 1349 ⁹’
790 1318 1003 1383 ἐπωμὶς
1033 1315 1124 1366 καὶ
1147 1313 1310 1380 ἐφοὺδ
1333 1311 1817 1380 προσαγορεύεται.

251 1413 342 1464 Διὸ
373 1413 466 1462 καὶ
503 1407 735 1470 Ἀκύλας
778 1406 1048 1474 ἐπένδυμα
1085 1403 1216 1456 αὐτὸ
1250 1400 1538 1469 κέκληκεν,
1567 1401 1624 1451 ἐν
1656 1392 1699 1464 ᾧ
1726 1399 1820 1450 καὶ

252 1503 601 1572 ἐπεπόρπουν
633 1499 678 1531 ’³
702 1496 1025 1567 σαρδόνυχες
1052 1493 1169 1547 καθ’
1197 1494 1472 1562 ἑκατέροιν
1503 1490 1610 1544 τῶν
1635 1490 1820 1558 ῶμων,

254 1594 464 1664 χρυσίῳ
499 1591 708 1659 δοκίμῳ
727 1587 1101 1658 περιεχόμενοι
1131 1585 1224 1637 καὶ
1255 1584 1401 1637 ἄλλοι
1440 1582 1506 1652 ιβ’
1531 1581 1689 1645 λίθοι,
1724 1598 1822 1650 με-

254 1685 410 1752 γέθει
441 1683 536 1736 καὶ
564 1681 750 1734 κάλλει
776 1678 1126 1747 διαφέροντες
1157 1675 1253 1729 καὶ
1291 1673 1595 1752 ἀνθρώποις
1624 1673 1823 1725 δυσπό-

259 1791 454 1843 ριστοι,
482 1772 676 1834 οἵτινες
706 1770 796 1823 ἐπὶ
831 1768 1028 1836 στίχων
1060 1765 1103 1795 ⁸⁸
1132 1764 1174 1816 δ’
1199 1749 1822 1832 ἑκατέρωθενπροσκεί-

259 1881 412 1934 μενοι
434 1864 526 1915 καὶ
543 1859 802 1922 ὡσαύτως
830 1855 1012 1928 χρυσῷ
1035 1850 1614 1922 διακρατούμενοι,καὶ
1635 1848 1824 1919 τριάδα
1857 1834 1898 1889 Β

257 1957 420 2008 λίθων
453 1957 577 2018 τοὺς
610 1954 820 2023 στίχου,
865 1952 1108 2021 ἔχοντα»,
1147 1947 1445 2017 θαυμάσιόν
1476 1964 1528 1999 τι
1565 1947 1753 2015 χρῆμα
1779 1945 1822 1978 ’³

255 2052 369 2112 τοῖς
396 2049 597 2120 ὁρῶσιν
627 2045 990 2114 ἐξεφαίνονιυ.
1037 2042 1091 2094 Ὀ
1128 2050 1226 2111 μὲν
1255 2057 1364 2110 γαρ
1399 2038 1608 2107 πρῶτα,
1647 2037 1823 2106 στίχος

258 2137 374 2212 εἶχε
401 2141 669 2210 σάρδινον,
700 2137 959 2200 τοπάζιον
996 2134 1042 2167 ⁹⁶
1073 2133 1166 2186 καὶ
1220 2130 1531 2200 σμάραγδον
1556 2145 1570 2160 ⁸
1616 2133 1646 2181 ὀ
1691 2127 1748 2181 δὲ
1782 2129 1824 2198 β’

259 2233 528 2300 ᾇνθρακα,
575 2227 781 2290 ἴασπιν,
831 2226 1128 2293 σάπφειρον
1149 2237 1164 2253 ·
1194 2221 1221 2273 ὁ
1255 2221 1310 2273 δέ
1342 2219 1389 2288 γ’
1418 2220 1658 2290 λίγυρον,
1689 2219 1828 2289 ἁμέ-

261 2323 479 2385 θυστον,
526 2321 737 2390 άχάτην
769 2319 813 2350 ⁸⁷
834 2334 850 2348 ο
882 2317 910 2369 ὁ
955 2316 1012 2370 δὲ
1052 2313 1093 2369 δ’
1127 2313 1462 2384 χρυσόλιθον,
1490 2312 1702 2383 ὀνύχιον
1735 2313 1829 2366 καὶ

263 2413 589 2484 βηρύλλιον·
629 2411 724 2464 καὶ
773 2410 831 2462 ἐν
874 2409 1008 2462 πᾶσι
1063 2406 1274 2468 τούτοις
1325 2405 1430 2458 τῶν
1475 2404 1830 2474 πατριαρχῶν

263 2504 601 2555 ἐκεκόλαπτο
653 2501 722 2554 τὰ
768 2499 1030 2568 ὀνόματα,
1084 2496 1314 2548 ἑκάστου
1367 2492 1462 2545 τοῦ
1506 2492 1655 2545 λίθου
1702 2491 1830 2545 ίδιον

263 2594 480 2660 εχοντος
509 2591 678 2660 ὄνομα
709 2589 1003 2658 φυλάρχου.
1040 2586 1212 2654 Συνῆν
1243 2583 1297 2636 δὲ
1332 2584 1392 2636 τδ
1416 2581 1463 2613 ⁸⁸
1496 2583 1657 2652 ἐφοὺδ
1683 2583 1832 2652 περί-

262 2702 484 2753 τμημα,
509 2682 790 2753 σπιθαμῆς
821 2682 919 2751 μὲν
945 2680 1006 2733 τὸ
1042 2680 1214 2749 μῆκος
1243 2677 1339 2730 καὶ
1367 2677 1524 2730 τόσον
1556 2676 1616 2729 τὸ
1648 2673 1828 2746 εὖρος,

261 2776 606 2844 τετράγωνον
641 2773 771 2843 περὶ
806 2774 866 2825 τὸ
913 2769 1128 2842 στῆθος,
1162 2773 1272 2831 τοῖς
1310 2769 1490 2832 αὐτοῖς
1522 2769 1578 2822 δὲ
1611 2769 1830 2821 κάλλεσι

262 2867 657 2936 διηνθισμένον,
676 2864 862 2933 ῶσπερ
885 2862 949 2932 δὴ
971 2861 1064 2916 καὶ
1091 2859 1221 2913 αὐτὸ
1248 2858 1526 2929 Ἐϐραϊστὶ
1553 2858 1652 2927 μὲν
1674 2857 1833 2926 ἐφοὺδ

264 2958 597 3027 ὠνομάζετο,
637 2954 940 3024 Ἑλληνιστὶ
969 2952 1027 3004 δὲ
1047 2952 1226 3019 λόγιον
1246 2965 1260 2978 ’
1297 2952 1391 3003 καὶ
1415 2949 1644 3020 δήλωσις
1663 2965 1833 3018 προσ.

267 3047 585 3116 ηγορεὺετο,
631 3045 696 3096 δι’
728 3038 787 3096 οὗ
834 3045 860 3095 ὁ
906 3041 1038 3100 Θεὸς
1088 3039 1338 3109 μέλλουσι
1383 3039 1636 3108 πολεμεῖν
1679 3040 1833 3104 νίκην

1917 606 2182 661 purpura,
2211 607 2397 656 cocco,
2431 607 2589 658 auro,
2618 606 2785 661 opere
2814 595 3093 662 polymito,
3129 602 3272 645 texto
3305 609 3478 660 usque

1916 683 1982 736 ad
2013 682 2216 737 femora
2243 683 2642 748 descendente;
2673 683 2796 736 item
2821 698 3009 735 zonam
3035 683 3284 750 portabat
3315 683 3478 750 prioii

1919 775 2223 838 astrictam,
2260 790 2379 843 qua:
2412 775 2695 828 bumerale
2741 774 2818 826 νιιι
2849 774 3023 840 ephod
3056 783 3296 828 vocatur.
3332 771 3479 825 Hanc

1919 866 1987 920 ob
2016 880 2236 918 causam
2259 866 2450 934 Aquila
2478 865 2926 934 superbumerale
2953 863 3209 930 appellat,
3238 881 3302 917 ex
3327 871 3479 916 utro-

1919 973 2026 1024 que
2059 957 2285 1010 humero
2320 957 2589 1024 lapiiibus
2631 955 2921 1027 onychinis
2964 963 3121 1021 atque
3154 955 3308 1010 lauro
3347 969 3482 1021 puro

1921 1047 2257 1110 distinctum,
2290 1055 2344 1100 et
2375 1047 2496 1099 aliis
2525 1063 2739 1115 quoque
2760 1046 3044 1100 duodecim
3071 1045 3339 1112 lapidibus
3365 1049 3482 1097 exi-

1923 1138 2043 1190 miae
2087 1137 2475 1205 magnitudinis
2529 1151 2592 1190 ac
2644 1137 3084 1206 pulchritudinis,
3131 1136 3182 1188 in
3240 1135 3482 1188 ordinem

1923 1228 2407 1298 quadrangularem
2443 1229 2749 1297 dispositis.
2776 1227 2993 1281 Primus
3036 1243 3229 1281 versus
3257 1226 3487 1281 habebat

1924 1323 2187 1382 sardium,
2219 1322 2488 1388 topazium
2526 1330 2575 1375 et
2607 1320 2975 1389 smaragdum.
3015 1318 3070 1372 In
3103 1319 3340 1372 secundo
3372 1330 3489 1372 erat

1924 1413 2316 1477 carbunculus,
2343 1411 2512 1480 jaspis
2540 1422 2593 1464 et
2616 1411 2926 1480 sapphirus;
2960 1411 3014 1463 in
3039 1409 3204 1464 tertio
3237 1407 3488 1476 ligni-ius,

1923 1506 2258 1572 amethystus
2287 1511 2338 1555 et
2367 1502 2616 1564 achates;
2651 1503 2702 1554 in
2728 1510 2921 1570 quarto
2941 1502 3325 1569 chrysolitlnts.
3356 1515 3494 1568 Ony-

1925 1595 2124 1648 chinus
2162 1602 2214 1646 et
2247 1593 2500 1664 beryllus.
2531 1592 2588 1645 In
2625 1593 2880 1646 omnibus
2927 1599 3106 1642 autem
3143 1589 3486 1657 patriarcha-

1929 1699 2049 1739 rum
2107 1683 2327 1738 nomina
2382 1682 2653 1752 insculpta
2707 1691 2883 1742 erant,
2933 1693 3262 1748 unoquoque
3317 1678 3495 1747 lapide

1927 1775 2200 1844 pliylarchi
2227 1774 2457 1841 alicujus
2475 1788 2670 1828 nomen
2698 1773 2886 1826 exhibe
2909 1783 3004 1824 ite.
3040 1769 3282 1822 Habebat
3307 1777 3488 1821 autem

1928 1883 1988 1921 ea
2017 1867 2184 1920 vestis
2219 1867 2456 1934 palmqu
2489 1865 2541 1916 in
2578 1864 2794 1933 longum
2828 1864 3127 1930 latumque,
3169 1871 3219 1915 et
3258 1860 3499 1928 pulchri-

1930 1959 2116 2014 tudine
2154 1957 2485 2020 excellebat;
2515 1957 2688 2025 ephod
2713 1954 2994 2016 llebraice,
3018 1953 3203 2007 Grzece
3232 1952 3495 2006 rationale

1930 2049 2230 2119 appellata;
2281 2063 2375 2117 per
2413 2062 2574 2116 quam
2626 2047 2766 2102 Deus
2812 2047 3260 2115 belligerantibus
3316 2046 3486 2098 victo-

1931 2145 2065 2199 riam
2097 2144 2470 2199 annuntiabat.
2522 2142 2726 2197 Tantus
2769 2143 2966 2197 etenim
3001 2142 3258 2212 splendor
3291 2158 3321 2194 e
3356 2139 3496 2209 lapi-

1931 2236 2091 2290 dibus
2125 2243 2178 2287 et
2212 2233 2510 2301 praesertim
2543 2247 2608 2285 ex
2636 2233 2924 2285 adamante
2946 2232 3150 2286 eﬂnlsit
3190 2241 3245 2285 ut
3278 2230 3492 2283 exerci-

1931 2337 2018 2380 tus
2064 2325 2322 2379 incedens
2371 2321 2540 2377 Deum
2585 2323 2901 2377 auxiliarem
2948 2323 3130 2376 videre
3184 2330 3384 2390 posset.
3438 2321 3498 2374 In

1933 2415 2113 2469 medio
2151 2422 2370 2483 pectore
2417 2412 2560 2467 sicut
2604 2420 2809 2466 astrum
2868 2427 3093 2466 aureum
3149 2411 3399 2480 portabat
3445 2418 3498 2462 et

1934 2508 2190 2577 utrinque
2216 2505 2536 2574 smaragdos
2571 2519 2688 2567 sex,
2729 2504 3014 2559 duodecim
3052 2504 3286 2556 tribuum
3334 2503 3497 2556 Israel

1935 2599 2150 2654 nomina
2184 2598 2571 2666 signiﬁcantes;
2601 2595 2653 2647 in
2686 2595 2865 2649 medio
2899 2602 3078 2648 autem
3112 2595 3340 2662 lapidem
3373 2592 3502 2646 ada-

1935 2691 2260 2743 mautinum.
2302 2687 2522 2750 Quando
2555 2686 2719 2754 igitur
2764 2684 3004 2753 pontifex
3039 2685 3409 2738 sanctuarium
3445 2684 3499 2736 in

1933 2786 2225 2846 conspectu
2279 2774 2499 2854 ‘Domini
2535 2774 2960 2840 ingrediebatur,
2994 2774 3257 2827 humerali
3303 2773 3492 2840 cinge-

1938 2870 2095 2922 batur
2136 2867 2189 2919 in
2223 2864 2404 2931 medio
2451 2873 2693 2933 pectore,
2725 2879 2769 2916 et
2815 2864 3104 2918 submissis
3150 2864 3400 2917 manibus
3447 2865 3500 2916 in

1935 2960 2144 3030 pyxidis
2181 2957 2408 3011 formam
2442 2956 2820 3022 componebat.
2856 2954 2990 3008 Hinc
3017 2970 3232 3023 quoque
3265 2955 3392 3008 Sani
3422 2968 3508 3006 ve-

1939 3050 2130 3103 lociter
2159 3061 2395 3116 pugnam
2435 3046 2791 3099 inchoaturus
2818 3045 2953 3098 dixit
2993 3045 3228 3112 pontifici
3259 3064 3270 3098 ς
3297 3063 3316 3095 ι
3347 3045 3506 3098 Com-

269 3137 535 3206 πρόδηλον
567 3133 846 3204 προέλεγε.
887 3130 1139 3200 Τοσαύτη
1175 3131 1282 3198 γὰρ
1311 3131 1375 3182 ἐκ
1412 3129 1521 3183 τῶν
1549 3129 1727 3183 αὐτῶν
1756 3130 1832 3180 λί-
1862 3165 1904 3223 C

1759 3130 1832 3180 λί-
1862 3165 1904 3223 c
1941 3142 2111 3209 pactis
2140 3138 2392 3192 manibus
2429 3138 2556 3189 tolle
2585 3135 2783 3204 ephod.
2815 3154 2832 3187 ι
2861 3134 2924 3188 Ει
2950 3137 3031 3190 sic
3052 3136 3225 3189 oculis
3253 3137 3304 3190 in
3330 3136 3506 3204 ephod

267 3228 378 3277 θων
410 3224 733 3277 ἀπέστιλϐεν
765 3224 928 3289 αὐγὴ,
972 3223 1067 3284 ὡς,
1115 3222 1294 3272 εἴποτε
1321 3219 1422 3288 τῆς
1462 3221 1718 3289 στρατιᾶς
1747 3237 1837 3272 κε-

1938 3231 2199 3301 conjectis
2243 3229 2411 3282 Deum
2459 3226 2799 3292 consulebat,
2854 3236 2906 3280 et
2961 3226 3013 3279 iu
3071 3226 3358 3279 adamante
3412 3223 3507 3277 Dei

269 3317 606 3384 κινημὲνης,
665 3315 758 3366 καὶ
820 3313 1052 3382 μάλιστα
1113 3311 1204 3362 τοῦ
1267 3310 1629 3378 ἀδαμαντίνου
1687 3310 1898 3394 1100;“-

1759 3311 1898 3394 θολρι·
1940 3323 2225 3394 praesentia
2270 3329 2478 3373 mutato
2514 3334 2600 3372 res
2629 3319 2824 3387 populo
2859 3316 3070 3370 futuras
3100 3317 3494 3387 augurabatur.

272 3405 551 3473 σημασίαν
579 3402 875 3466 ποιοῦντος,
905 3402 980 3469 τῷ
1019 3399 1210 3468 πλήθει
1250 3398 1344 3449 τοῦ
1379 3398 1507 3450 λαοῦ
1548 3367 1835 3468 tandem};

1820 3367 1828 3374 .
1940 3367 2225 3394 ,,...--.--.-
2270 3367 2473 3373 ---μ-ν-
2515 3367 2597 3372 η-
2632 3367 2819 3387 ,Ἴων
2860 3367 2872 3369 _
2900 3367 3067 3370 ww-
3102 3367 3437 3387 ηυηηηη
3484 3367 3488 3368 ν

1759 3367 1835 3450 εδ
1940 3417 2140 3469 Factus
2168 3413 2310 3466 enim
2347 3411 2515 3479 niger,
2553 3420 2817 3473 mortem;
2852 3409 3036 3470 ruber,
3066 3409 3300 3472 c;edcm;
3331 3406 3508 3468 albus,

271 3495 570 3564 γνώριμον,
602 3493 663 3544 τὸ
695 3494 948 3560 παρεῖναι
985 3489 1075 3540 τὸν
1115 3490 1246 3542 θεὸν
1280 3491 1358 3550 εἰς
1393 3492 1709 3559 ἐπικουρίαν
1740 3492 1836 3542 αὐ-

270 3586 404 3639 τῶν.
454 3587 542 3637 Ἑν
589 3585 739 3652 μέσῳ
771 3585 878 3652 γάρ
903 3581 1047 3650 εἶχεν
1074 3581 1261 3650 ῶσπερ
1291 3584 1494 3652 άστέρα
1525 3583 1715 3652 ὁλόχρυ
1731 3601 1835 3647 τον,

274 3679 374 3728 καὶ
410 3674 750 3743 ἑκατέρωθεν
796 3672 959 3726 αὑτοῦ
998 3671 1340 3740 σμαράγδους
1388 3671 1606 3740 ἔχοντας
1638 3674 1738 3725 άνά
1781 3673 1839 3738 ἒξ

1940 3521 2126 3574 pacem
2160 3518 2282 3557 cum
2319 3501 2427 3554 Deo
2456 3501 2807 3570 praenotabat.
2844 3497 3107 3552 Przeterea
3151 3499 3301 3568 signa
3335 3511 3366 3549 e
3408 3513 3510 3564 pu-

1940 3597 2159 3649 rissimo
2194 3591 2413 3644 metallo
2433 3590 2552 3643 fusa
2585 3590 2831 3656 singulos
2870 3587 3218 3642 Hebraeorum
3244 3588 3510 3656 alpbabeti

1944 3687 2290 3741 characteres
2332 3682 2385 3734 in
2423 3680 2599 3750 ephod
2631 3681 2836 3748 positos
2889 3680 3185 3734 indicantia
3237 3679 3328 3731 Dei
3377 3692 3511 3731 con-

273 3768 668 3838 γεγραμμένας
711 3764 809 3828 τὰς
843 3765 905 3832 ιβ’
951 3763 1121 3832 φυλὰς
1164 3763 1257 3815 τοῦ
1300 3764 1514 3834 Ἰσραήλ
1547 3779 1564 3796 ⁶
1586 3767 1643 3816 ἐν
1676 3766 1731 3818 δέ
1763 3766 1839 3835 τῷ

1763 3766 1839 3835 τῷ
1947 3776 2071 3828 sulti
2109 3773 2440 3825 voluntatem
2481 3786 2623 3822 nunc
2658 3769 2944 3837 positivatn
2972 3807 2986 3828 .
3022 3782 3163 3820 nunc
3213 3766 3511 3835 negativam

278 3860 484 3929 μεταξὺ
538 3858 646 3909 τῶν
680 3856 748 3923 ιβ’
795 3855 1123 3925 σμαράγδων
1172 3855 1317 3906 λίθον
1368 3855 1719 3924 ἀδαμάντινον
1771 3857 1837 3909 ⁹’.

1771 3857 1837 3909 ⁹’-
1946 3864 2317 3918 notilicabant.
2349 3858 2516 3913 Verbi
2551 3860 2757 3929 gratia,
2790 3860 2834 3912 si
2867 3860 3076 3927 rogatio
3097 3866 3151 3910 et
3175 3858 3511 3926 propositum

307 3952 484 4004 Ηνίκα
523 3944 616 4002 οὖν
658 3947 881 4016 ἔμελλεν
928 3949 955 3998 ὁ
995 3946 1173 4015 ἱερεὺς
1219 3948 1500 4016 ἐπερωτᾷν
1545 3946 1635 3998 τὸν
1683 3946 1838 4008 Θεὸν,

1759 3948 1838 4008 δν,
1942 3971 2004 4010 ex
2055 3953 2316 4009 sententia
2349 3950 2443 4006 Dei
2495 3961 2703 4013 essent,
2749 3949 2847 4004 soli
2896 3949 3235 4003 characteres
3282 3946 3517 4001 aftirma-

277 4044 495 4112 ἐδέσμει
535 4044 550 4073 ⁸
594 4040 754 4093 αὑτὸν
803 4041 860 4091 ἐν
913 4039 979 4107 τῇ
1036 4037 1268 4106 ἐπωμίδι
1329 4038 1471 4089 κατὰ
1524 4038 1688 4107 μέσον
1734 4039 1841 4090 τῶν

1759 4039 1841 4090 ’ὦν
1945 4048 2144 4098 tionem
2189 4042 2558 4110 signiﬁcantes
2593 4041 2962 4110 erigebantur,
3008 4048 3204 4094 contra
3245 4055 3373 4091 vero
3415 4055 3515 4092 ne-

279 4137 390 4203 20
416 4135 652 4204 στέρνων
688 4131 783 4184 καὶ
811 4128 1082 4182 ὑποτιθῶν
1115 4129 1212 4191 τὰς
1256 4129 1446 4198 χεῖρας
1491 4129 1841 4182 ὑποκάτωθεν

1759 4129 1841 4182 θεν
1946 4139 2108 4209 gativi
2153 4148 2392 4200 tantum,
2445 4136 2490 4191 si
2538 4152 2627 4190 res
2669 4135 2865 4190 divinae
2901 4137 3164 4189 voluntati
3202 4135 3518 4188 adversare-

280 4226 564 4294 εὑρίσκετο
594 4222 977 4291 ἐξηπλωμένον
1008 4221 1127 4282 ταῖς
1166 4219 1445 4289 παλάμαις
1488 4219 1673 4284 αὑτοῦ,
1707 4221 1840 4273 καθ-

1759 4221 1840 4272 ιθ-
1947 4241 2072 4296 tur;
2110 4230 2296 4298 sicque
2347 4230 2402 4282 in
2455 4227 2710 4281 omnibus
2761 4226 3210 4296 responsionibus
3262 4241 3379 4295 quae
3424 4240 3520 4294 per

283 4319 426 4386 άπερ
461 4315 668 4378 πυξίον.
708 4313 871 4365 Ὅθεν
914 4312 1078 4381 φησὶν
1111 4313 1138 4363 ὀ
1167 4311 1339 4363 Σαοὺλ
1371 4311 1507 4381 πρὸς
1542 4313 1632 4365 τὸν
1671 4312 1840 4381 ίερέα,

1759 4312 1840 4378 έα,
1945 4322 2119 4391 ephod
2159 4319 2546 4385 reddebantur,
2590 4320 2922 4372 voluntatem
2963 4317 3058 4372 Dei
3111 4320 3392 4387 perspicue
3429 4331 3523 4370 co-

287 4408 610 4478 βουλόμενος
639 4404 832 4457 θᾶττον
863 4405 942 4466 είς
971 4403 1064 4455 τὸν
1106 4402 1343 4470 πόλεμον
1384 4404 1801 4472 παρατάξασθαι
1826 4420 1838 4435 ·

1759 4420 1838 4457 ιι·
1882 4483 1899 4484 7
1947 4415 2317 4484 gnoscebant,
2352 4413 2395 4466 si
2441 4412 2599 4466 modo
2661 4409 2887 4464 Domino
2940 4411 3234 4479 placerent.
3292 4409 3521 4473 Quando

289 4520 308 4551 ι
357 4497 637 4564 Συνάγαγε
662 4495 760 4558 τὰς
790 4493 979 4564 χεῖράς
1006 4509 1120 4554 σου,
1149 4492 1244 4546 καὶ
1286 4488 1418 4562 ἆρον
1450 4495 1541 4546 τὸν
1576 4495 1739 4561 ἐφούδ
1765 4497 1838 4549 ’.ι
1877 4483 1920 4536 θ

1765 4497 1838 4549 ἀ’
1877 4483 2166 4561 Decontra
2228 4505 2293 4558 iis
2341 4511 2714 4567 succensebat,
2768 4502 2899 4556 nihil
2962 4501 3093 4569 ipsis
3149 4516 3247 4553 nec
3313 4500 3518 4553 revela-

286 4589 395 4642 Καὶ
426 4586 571 4639 οὕτω
604 4584 789 4638 λοιπὸν
832 4582 1052 4654 ἀφορῶν
1096 4585 1178 4646 είς
1221 4583 1282 4635 τὸ
1327 4583 1490 4651 ἐφοὺδ
1532 4585 1719 4654 ἠρώτα
1757 4586 1846 4638 τὸν

1759 4586 1846 4638 τδν
1953 4597 2216 4658 tionibus,
2255 4612 2349 4650 nec
2372 4595 2669 4664 proplietiis
2694 4592 3154 4648 communicabat.
3182 4590 3337 4645 Unde
3362 4593 3517 4645 dicit:

285 4681 440 4743 Θεὸν,
473 4679 533 4730 τὸ
576 4675 838 4747 ἐρώτημα
872 4675 1152 4746 προσέχων
1174 4674 1416 4744 ἀκριϐῶς
1446 4691 1503 4728 τε
1529 4677 1625 4728 καὶ
1652 4676 1852 4745 μᾶλλον

1763 4677 1852 4729 λον
1959 4688 2136 4743 «Vidit
2160 4687 2286 4741 Sanl
2320 4696 2498 4741 castra
2530 4684 2951 4753 all0pbylorum,
2978 4694 3030 4737 et
3067 4682 3264 4747 timuit,
3306 4691 3360 4736 ct
3410 4694 3523 4734 tur-

284 4773 377 4823 τδν
409 4769 690 4836 ἀδάμαντα
719 4765 885 4830 λίθον,
930 4765 1005 4826 ώς
1036 4764 1370 4818 ἐναλλάττων
1414 4765 1512 4836 τὴν
1557 4767 1744 4836 χροιὰν
1789 4770 1852 4820 ἐκ

1789 4770 1852 4820 ἔκ
1955 4778 2114 4832 battis
2161 4786 2243 4831 est
2284 4775 2400 4842 eius
2455 4775 2699 4838 animus;
2755 4782 2806 4827 et
2857 4773 2982 4826 adiit
3025 4772 3193 4825 Deum
3242 4772 3524 4826 consultu-

288 4861 439 4923 θείας
488 4858 784 4927 μεταϐολῆς
825 4859 919 4910 καὶ
957 4856 1294 4918 ἀλλοιώσεως
1331 4856 1519 4926 ἐδήλου
1564 4857 1853 4926 προφανῶς

1759 4857 1853 4919 νῶς
1955 4886 2084 4935 rus,
2151 4877 2205 4924 et
2264 4867 2522 4920 Dominus
2609 4864 2746 4917 nihil
2815 4863 2863 4916 ei
2916 4863 3216 4931 respondit.
3269 4861 3333 4915 Et
3387 4863 3525 4915 dixit

292 4955 359 5004 τα
382 4953 460 5020 τῷ
481 4952 596 5021 λαῷ
623 4950 876 5019 ἐσόμενα.
911 4950 1093 5012 Μέλας
1120 4949 1218 5017 μὲν
1246 4950 1354 5018 γὰρ
1385 4949 1673 5017 γενόμενος
1695 4950 1852 5002 θάνα-

1759 4967 1852 5001 ινα·
1961 4959 2089 5014 Saul
2146 4958 2269 5012 filiis
2313 4956 2428 5010 suis
2475 4971 2490 5010 :
2546 4951 2782 5019 Quaerite
2829 4952 2963 5005 inibi
3005 4951 3263 5005 feminam
3321 4951 3525 5004 ventri-

288 5064 400 5107 τον,
453 5044 683 5114 ἐρυθρὸς
726 5043 784 5096 δέ
837 5043 1073 5109 σφαγὰς.
1125 5041 1317 5104 λευκὸς
1355 5043 1411 5096 δέ
1455 5043 1749 5112 διαλλαγὴν
1781 5041 1857 5108 τῷ

1781 5041 1857 5108 τῷ
1956 5049 2202 5119 Ιειῳιαπιέ
2244 5065 2260 5096 ι
2326 5043 2483 5098 Texit
2531 5058 2748 5112 quoque
2811 5051 2972 5108 caput
3029 5041 3195 5095 cidari
3260 5039 3524 5107 pontifex,

288 5137 406 5206 Θεῷ
460 5144 850 5206 προεσήμαινε.
913 5132 1068 5185 Καὶ³
1117 5133 1251 5203 πρὸς
1301 5133 1510 5196 τούτοις
1572 5131 1714 5205 ἦσαν
1767 5136 1860 5188 καὶ

1767 5136 1860 5188 καὶ
1954 5148 2009 5195 et
2050 5154 2212 5207 super
2251 5151 2392 5202 eam,
2460 5143 2648 5189 contra
2716 5131 2975 5196 frontem,
3035 5132 3218 5201 posuit
3270 5130 3526 5183 laminam

292 5230 594 5299 γράμματα
631 5229 697 5278 ἐκ
725 5224 928 5294 χαλκοῦ
956 5224 1349 5294 καθαρωτάτου
1385 5227 1729 5296 πεποιημένα
1765 5229 1859 5280 καὶ

1765 5229 1859 5280 καὶ
1957 5245 2204 5292 auream,
2243 5229 2294 5280 in
2323 5242 2428 5295 qua
2459 5241 2654 5279 nomen
2692 5224 2785 5277 Dei
2836 5224 3154 5292 inscriptum
3200 5236 3336 5284 erat,
3370 5221 3529 5288 quale

291 5317 715 5386 ὲκτετυπωμένα
732 5322 752 5349 δ
772 5316 998 5368 ἑκάστου
1027 5315 1288 5382 στοιχείου
1317 5315 1409 5368 τοῦ
1432 5317 1562 5386 παρ’
1585 5318 1857 5389 Ἑϐραίοις

1759 5320 1857 5381 ίοις
1960 5322 2064 5376 sibi
2099 5320 2199 5390 ipsi
2238 5319 2449 5379 indidit,
2479 5319 2664 5372 dicens
2711 5315 2878 5386 Moysi
2929 5333 2945 5371 :
2989 5332 3007 5366 ι
3041 5314 3172 5368 Sum
3200 5314 3291 5382 qui
3323 5327 3466 5366 sum.
3506 5330 3523 5361 ι

287 5410 623 5479 ἁλφαϐήτου,
652 5409 797 5476 άπερ
835 5407 898 5475 δὴ
940 5407 1232 5474 προσάγων
1266 5407 1293 5459 ὁ
1333 5407 1510 5477 ἱερεὺς
1549 5409 1628 5478 τῷ
1673 5411 1862 5480 Κυρῖῳ

1764 5412 1862 5480 ρῖῳ
1973 5411 2245 5466 lneﬂ‘abile
2277 5420 2457 5462 autem
2491 5409 2629 5478 apud
2663 5406 2917 5462 Hebraeos
2943 5421 3137 5461 nomen
3168 5405 3411 5459 divinum
3437 5404 3533 5457 ha—

1556 5501 1753 5562 Varite
1791 5501 2098 5566 lectiones
2137 5510 2195 5564 et
2235 5509 2421 5562 notae.

359 5606 404 5635 ³⁸
443 5604 538 5678 καὶ
571 5603 827 5678 ὑακίνθου
863 5599 1189 5678 καὶχρυσοῦ
1223 5603 1618 5678 πεποικιλμένη
1668 5608 1760 5678 καί
1803 5603 2589 5678 περικεκαλλωπισμένῃνῐδοιθ.

291 5676 431 5727 Men.
480 5674 658 5743 Aug.1
689 5674 803 5728 sed.
834 5671 906 5743 cf.
940 5669 1036 5743 Es.
1084 5687 1309 5743 xxxvm.
1343 5673 1431 5725 50.
1486 5669 1495 5673 ⁷
1536 5669 1972 5743 ’θξὲπένδυτοΒκ

290 5747 334 5774 ’⁸
376 5741 604 5810 στοίχων
661 5743 745 5796 Β¹.
850 5742 898 5774 ⁸⁸
935 5741 1155 5807 σχῆμαῖ
1256 5742 1302 5772 ’⁸
1338 5743 1526 5803 πάζιον
1577 5742 1657 5796 Β¹.

289 5816 332 5845 θ’
365 5814 476 5880 τῷῖθ
553 5814 598 5844 ⁹⁹
630 5811 905 5881 ἀδάμαντα
945 5810 1028 5862 8‘.

2688 5603 2731 5634 ⁸⁹
2765 5606 2858 5655 καί
2896 5617 3007 5656 om.
3043 5603 3129 5655 B‘.
3238 5601 3304 5632 ”°
3338 5600 3530 5660 ὑποδὸς

2078 5678 2119 5708 "
2168 5669 2355 5745 μυρῶν
2396 5669 2476 5745 8⁸.
2582 5673 2759 5745 ἥνπερ
2789 5671 2872 5725 Β¹.
2975 5673 3028 5745 _"
3055 5671 3390 5745 ἐπεπόρτουν
3444 5669 3527 5745 _B'.

1759 5747 1799 5777 "
1839 5748 2025 5799 ἴασπιν
2085 5740 2180 5800 καῖ
2232 5740 2382 5809 eam?
2411 5761 2424 5801 :
2459 5744 2486 5794 ὁ
2515 5743 2571 5795 δέ
2604 5740 2652 5808 γ’
2683 5740 2929 5810 λίγηρον,
2963 5742 3261 5810 άμέθυοον,
3291 5740 3384 5793 καὶ
3436 5741 3524 5810 ᾀχ.

1096 5812 1109 5840 ¹
1148 5812 1297 5873 θεὸν,
1334 5812 1591 5882 ἐδράγμει
1623 5815 1701 5866 B'.
1769 5817 1824 5868 'l
1856 5819 1935 5868 Sat

1769 5817 1824 5868 'l
1856 5819 1999 5869 Sam.
2048 5832 2156 5880 xiv,
2202 5815 2284 5877 f8,
2328 5807 2410 5869 l9.
2483 5807 2627 5864 ’Καὶ
2664 5807 2971 5866 οηι.”ι³ιιι·.
3008 5807 3028 5840 δ
3056 5809 3415 5878 ὲκτυπώμενα
3440 5807 3524 5859 B'.
