4260 6438
750 465 824 528 75
1960 451 2284 510 GEORGII
2327 451 2784 510 HAMARTOLI
3924 458 4000 520 ἰθ

753 573 1034 642 βασιλείας
1062 569 1352 638 Κανδάκης
1405 566 1501 636 τῆς
1533 568 1730 638 χήρας,
1778 563 2172 634 βασιλευούσης
2219 562 2328 614 τῶν
2396 562 2692 632 ῖνδοτερων
2724 565 2768 593 ⁵⁸
2819 561 3026 626 Ἰνδῶν,
3057 563 3180 632 ἥτις
3249 564 3342 616 καὶ
3386 564 3679 618 συνέλαϐεν
3708 565 3872 620 αὐτὸν
3905 568 4006 621 οὓς

750 683 882 726 τως.

1173 753 1314 807 XIX.
1357 753 1431 806 De
1457 753 1633 822 regina
1661 749 1923 804 Candace.

818 872 1189 927 Consueverat
1208 866 1596 922 Alexanderiis
1609 879 1750 934 quos
1781 865 1851 918 ad
1879 878 2030 933 reges
2060 863 2319 918 adversa-

763 965 876 1019 rios
904 961 1211 1031 delegabat,
1249 973 1368 1013 sese
1407 957 1512 1012 sub
1552 957 1743 1010 militis
1775 955 1958 1024 specie
1988 955 2320 1018 immiscere,

751 1066 811 1110 ut
839 1055 1086 1124 singulos
1109 1053 1228 1106 illos
1257 1049 1428 1104 oculis
1449 1049 1751 1103 metiretur.
1778 1048 1897 1113 Quo
1921 1046 2161 1116 cognito,
2181 1047 2325 1101 Can-

750 1151 884 1205 dace
917 1147 1202 1219 inquisivit
1243 1160 1366 1215 qua:
1401 1145 1549 1199 illius
1584 1151 1728 1196 esset
1759 1139 1936 1196 forma
1977 1147 2073 1194 aut
2103 1141 2322 1210 signum

750 1242 1063 1310 peculiare;
1111 1247 1166 1292 et
1193 1237 1284 1292 ubi
1332 1236 1630 1291 audivisset
1672 1248 1798 1288 eum
1848 1232 2058 1301 exigua:
2101 1239 2324 1286 statura:

748 1349 893 1400 esse,
915 1343 969 1387 et
987 1333 1240 1386 dentibus
1265 1327 1565 1399 grandibus
1587 1341 1651 1381 ac
1673 1325 2162 1396 proeminentibus,
2194 1323 2320 1377 item

747 1430 1032 1483 oculorum
1063 1425 1261 1478 habere
1283 1435 1452 1474 unum
1479 1418 2048 1484 caeruleum,jalterum
2083 1415 2320 1485 nigrum,

751 1520 866 1588 ipsa
896 1517 1000 1572 sibi
1038 1514 1268 1569 notavit.
1308 1510 1476 1581 Igitur
1530 1523 1655 1564 cum
1691 1508 1997 1562 Alexander
2018 1521 2144 1560 cum
2173 1504 2318 1560 dele-

750 1611 887 1680 gatis
919 1608 1036 1663 suis
1076 1607 1326 1668 intraret,
1365 1604 1554 1672 regina
1597 1615 1720 1670 qua:
1766 1614 1890 1654 eum
1923 1613 1987 1652 ex
2023 1599 2198 1669 signis
2221 1611 2323 1652 no-

749 1705 1000 1763 scitabat,
1028 1699 1431 1768 comprehenso
1458 1695 1714 1749 manibus
1746 1693 1794 1747 ei
1827 1691 2005 1747 dixit:
2039 1709 2058 1743 ε
2095 1691 2325 1745 Alexan-

748 1795 843 1848 der
873 1810 990 1859 rex,
1026 1803 1082 1845 tu
1105 1773 1297 1845 orbem
1321 1797 1592 1843 terrarum
1621 1786 1840 1855 cepisti,
1867 1798 2013 1842 nunc
2040 1798 2070 1838 a
2096 1783 2327 1838 muliere

748 1894 962 1954 captus.
996 1900 1016 1934 ι
1049 1881 1130 1936 Ad
1161 1895 1280 1950 qua:
1301 1878 1643 1934 Alexander:
1664 1893 1683 1926 ε
1720 1874 1951 1944 Propter
1971 1873 2236 1928 malitiam
2268 1878 2325 1926 et

749 1977 1006 2031 astutiam
1064 1983 1212 2028 tuam
1268 1979 1322 2026 tc
1367 1970 1619 2040 filiosque
1661 1967 1966 2022 incolumes
2009 1981 2132 2022 cum
2157 1979 2324 2035 regno

749 2066 1017 2132 servabo;
1066 2065 1180 2119 imo
1215 2063 1464 2132 teipsam
1507 2061 1561 2114 in
1605 2058 2014 2114 matrimonium
2036 2058 2256 2112 ducam.
2296 2074 2316 2108 ι

2623 745 2723 799 ΙΘ¹.
2759 745 2897 813 Περί
2933 743 3038 813 τῆς
3063 747 3452 817 ,βασιλίσσης
3481 750 3818 818 Κανδάκης.

2498 861 2658 923 Ἐῢος
2683 857 2828 929 εἶχεν
2858 859 3207 931 Ἀλέξανδρος
3237 861 3285 892 ⁸³
3316 862 3455 932 μετὰ
3483 863 3595 916 τῶν
3628 864 4008 934 πεμπομῶιων

2423 952 2515 1004 ὑπ’
2548 951 2713 1005 αὐτοῦ
2748 951 3036 1021 πρέσϐεων
3086 953 3225 1024 πρὸς
3266 955 3395 1018 τοὺς
3428 955 3707 1019 ἐναντίους
3759 957 4034 1026 βασιλεῖς’

2423 1044 2867 1116 συνεισέρχεσθαι
2918 1045 2964 1076 δδ
3000 1047 3242 1116 σχήματι
3295 1047 3637 1116 στρατιώτου
3694 1052 3789 1102 καὶ
3844 1041 4008 1118 δρᾷν,

2423 1137 2611 1199 ὁποῖός
2650 1139 2802 1190 ἐστιν
2848 1138 2876 1190 ὁ
2905 1136 3162 1206 βασιλεὺς
3195 1138 3423 1201 ἐκεῖνος.
3489 1139 3550 1193 'H
3597 1139 3691 1193 οὖν
3741 1141 4003 1210 Κανδάκη

2420 1227 2578 1282 τοῦτο
2605 1227 2854 1299 μαθοῦσα
2886 1231 3334 1300 περιειργάσατο,
3367 1232 3563 1295 ὁποίας
3597 1232 3716 1285 ἐστὶ
3744 1232 4008 1296 Magni.

2425 1320 2476 1373 τί
2506 1320 2619 1390 ἔχει
2680 1321 2981 1392 σύσσημον.
3032 1322 3145 1375 Καὶ
3194 1321 3443 1391 μαθοῦσα
3469 1323 3536 1387 δ’,
3587 1323 3670 1376 ὅτι
3721 1323 4008 1393 χθαμαλὸς

2423 1414 2596 1476 ἔστιν,
2624 1412 2845 1476 ὀδόντας
2893 1413 3033 1483 ἔχων
3061 1413 3334 1483 μεγάλους
3369 1416 3464 1468 καὶ
3494 1415 3857 1485 φαινομένους
3908 1416 4006 1468 καὶ

2423 1505 2514 1558 τὸν
2537 1505 2635 1559 ἕνα
2671 1505 2770 1574 μὲν
2798 1505 3079 1575 ὀφθαλμὸν
3103 1507 3361 1575 γλαυκὸν,
3399 1507 3490 1560 τὸν
3513 1508 3570 1560 δὲ
3613 1508 3802 1577 ἕτερον
3838 1506 4008 1576 μὲλα-

2423 1613 2511 1660 να,
2547 1595 3046 1667 παρεσημειῶσατο
3089 1596 3213 1650 καθ’
3244 1596 3445 1665 ἑαυτὴν
3496 1595 3693 1651 ταῦτα.
3727 1597 3841 1649 Καὶ
3861 1594 3928 1666 δὴ
3957 1596 4003 1625 ⁸⁸

2423 1689 2756 1754 εἰσελθόντος
2779 1691 2822 1722 ⁸⁷
2848 1691 2984 1761 πρὸς
3013 1690 3185 1764 αὐτὴν
3232 1693 3350 1763 ἅμα
3398 1695 3511 1756 τοῖς
3538 1692 3840 1762 πεμφθεῖσι
3871 1709 3989 1764 παρ

2424 1779 2589 1832 αὑτοῦ
2616 1780 2662 1812 ⁵⁸
2686 1777 3070 1850 πρεσϐευταῖς,
3107 1784 3202 1834 καὶ
3231 1783 3548 1852 γνωρίσασα
3595 1782 3759 1836 αὑτὸν
3805 1783 3869 1834 ὶκ
3897 1783 4008 1835 τῶν

2425 1871 2741 1940 συσσήμων,
2772 1871 3032 1940 συνέσχεν
3051 1872 3214 1924 αὐτὸν
3231 1871 3583 1941 ⁸⁸,λέγουσαο
3627 1890 3648 1924 ε
3689 1871 4004 1942 Ἀλέξανδρε

2426 1960 2670 2030 βασιλεῦ,
2693 1962 2784 2014 τὸν
2809 1963 3012 2032 κόσμον
3029 1963 3352 2032 ἐλαϐες,καὶ
3381 1965 3519 2034 γυνή
3548 1981 3608 2018 σε
3633 1966 3964 2036 παρέλαϐεν.
3980 1985 3998 2017 ι

2424 2051 2534 2124 2⁸
2565 2053 2625 2106 '0
2652 2053 2710 2106 δὲ
2741 2050 2894 2106 εἶπεν
2932 2055 3072 2125 αὐτῇ
3097 2070 3112 2084 ⁶
3152 2075 3170 2108 ε
3197 2057 3297 2108 Διά
3323 2057 3387 2108 τὸ
3431 2056 3742 2125 πανοῦργον
3771 2057 3866 2109 καὶ
3901 2072 4003 2109 πεο

751 2157 883 2211 Post
916 2156 1140 2224 nuptias
1169 2157 1333 2224 igitur
1382 2167 1488 2206 una
1516 2166 1640 2206 cum
1682 2165 1746 2204 ea
1782 2151 1837 2204 in
1867 2147 2161 2220 Egyptum
2192 2161 2320 2217 pro-
2353 2173 2396 2229 Β
2427 2146 2499 2216 pta

2427 2146 2646 2216 ρίεργον
2672 2145 2772 2215 τῆς
2794 2145 3010 2217 φύσεώς
3041 2163 3133 2200 σου
3155 2146 3201 2180 ⁸⁸
3230 2146 3443 2214 ἀϐλαϐῆ
3477 2164 3536 2199 σε
3569 2148 3664 2200 καὶ
3691 2149 3816 2210 τοὺς
3850 2147 4003 2210 υἱούς

751 2247 944 2311 fectus,
971 2245 1358 2300 Alexandriam
1393 2243 1467 2298 ibi
1499 2241 1774 2298 conditam
1806 2256 1874 2296 ex
1908 2254 1968 2294 se
1996 2237 2320 2292 nominavit.

754 2341 964 2394 llursus
1026 2337 1356 2408 Babylonem
1419 2349 1692 2398 reversus,
1749 2333 1822 2388 ibi
1873 2330 2163 2386 defunctus
2215 2338 2317 2395 est,

749 2432 922 2486 :etatis
954 2445 1098 2485 anno
1123 2429 1214 2495 52,
1249 2429 1399 2500 regni
1433 2428 1520 2481 12.

2429 2257 2524 2293 σου
2563 2241 2660 2293 καὶ
2699 2240 2800 2308 τὴν
2830 2238 3112 2309 βασιλείαν
3134 2256 3229 2292 σου
3255 2239 3594 2308 διαφυλάξω,
3637 2240 3728 2294 καὶ
3758 2239 4004 2310 λήψομαί

2429 2349 2489 2385 σε
2517 2334 2614 2385 καί⁵
2634 2334 2892 2400 γυναῖκα.
2925 2350 2943 2383 ι
2986 2334 3091 2400 Ἦν
3137 2333 3233 2385 καὶ
3277 2329 3462 2384 λαϐὼν
3484 2333 3580 2385 καὶ
3607 2335 3686 2396 εἰς
3724 2333 4004 2400 Αίγυπτον

2426 2423 2597 2477 ἰλθὼν
2634 2426 2727 2479 καὶ
2755 2425 2856 2495 τὴν
2897 2425 3143 2494 μεγάλην
3197 2420 3609 2494 Ἀλεξάνδρειαν
3645 2426 3830 2487 εἰς,τὸ
3871 2426 4004 2479 ἴδιον

749 2527 941 2590 κτίσας
975 2528 1166 2597 ὄνομα,
1209 2526 1370 2579 πάλιν
1405 2523 1747 2592 ὑπέστρεφεν
1765 2522 1807 2554 ³⁸
1836 2521 1916 2584 εἰς
1937 2518 2322 2572 Βαϐυλῶνα⁸²ο
2362 2519 2422 2572 ὲν
2550 2521 2646 2573 καὶ
2709 2519 2960 2590 τελευτᾷ,
3018 2519 3282 2591 ὑπάρχων
3337 2516 3478 2571 ἑτῶν
3523 2517 3624 2584 λβ’,
3674 2518 4003 2588 βασιλεύσας

779 2637 844 2673 τη
883 2619 971 2673 ιβ’.

749 2620 806 2673 ετ
883 2639 898 2671 ι
937 2619 971 2673 ’.

812 2619 1122 2765 Ἄιοίοηᾱοε
1153 2708 1440 2762 innumera
1472 2705 1743 2775 fidemque
1767 2705 2080 2774 superantia
2116 2714 2321 2775 tropaea

749 2801 851 2857 sibi
883 2799 1076 2854 erexit.
1125 2796 1305 2864 Quare
1333 2796 1598 2866 propheta
1635 2793 1840 2864 pardali
1874 2808 1999 2848 eum
2044 2800 2326 2862 comparat

751 2893 929 2955 alataa,
963 2890 1164 2959 quippe
1198 2889 1290 2957 qui
1325 2889 1638 2941 universam
1672 2897 1873 2940 terram
1905 2885 2081 2938 victor
2107 2899 2324 2939 summo

749 2999 875 3039 cum
907 2983 1102 3036 ardore
1156 2995 1504 3050 percurrens,
1567 2978 1884 3046 improvisis
1940 2976 2122 3030 hostes
2153 2976 2324 3030 armis

752 3068 1084 3142 aggreditur.
1133 3067 1276 3122 Idem
1313 3066 1638 3137 philosopho
1668 3065 1850 3134 aliquo
1894 3063 2131 3128 dicente,
2163 3063 2324 3116 innu-

752 3177 931 3218 meros
959 3177 1082 3218 esse
1099 3164 1352 3226 mundos,
1382 3157 1758 3229 gemebundus
1791 3175 1804 3210 :
1845 3156 2196 3224 cthuorum
2228 3169 2328 3225 ego

753 3272 821 3309 ne
839 3271 1001 3308 unum
1024 3255 1242 3324 quidem
1278 3255 1484 3324 subegi,
1502 3271 1520 3304 ι
1544 3252 1703 3306 dixit.
1735 3251 1884 3305 Adeo
1915 3263 2081 3320 porro
2107 3263 2330 3318 magna-

753 3348 935 3402 nimus
972 3361 1034 3401 ae
1063 3360 1359 3417 generosus
1388 3352 1506 3398 erat
1532 3354 1590 3398 ut
1623 3345 1824 3412 ubique
1851 3352 2068 3411 propter
2090 3341 2331 3410 pruden-

2494 2703 2572 2774 (2)
2608 2703 2782 2757 Πολλά
2810 2703 2911 2772 μὲν
2934 2697 3028 2756 οὖν
3060 2703 3152 2757 καὶ
3190 2704 3328 2758 ἄλλα
3361 2705 3531 2776 μυρία
3558 2705 3795 2774 τρόπαια
3826 2704 4005 2758 δυσδι-

2420 2796 2602 2866 ήγητα
2627 2795 2720 2848 καί⁵
2768 2795 2927 2862 λόγον
2963 2795 3368 2864 ὑπερϐαίνοντα
3406 2798 3722 2867 εἰργάσατο.
3759 2797 3868 2849 Καὶ
3914 2796 4005 2848 διὰ

2419 2887 2579 2941 τοῦτο
2626 2887 2838 2956 πτηνὴν
2868 2888 3136 2957 πάρδαλιν
3173 2891 3201 2942 ὁ
3245 2890 3536 2961 προφήτης
3570 2889 3618 2920 ⁸³
3650 2888 3814 2943 αὑτὸν
3863 2906 4001 2959 προ-

2421 2980 2634 3043 ϐλέπει,
2668 2980 2728 3032 τὸ
2766 2979 2904 3048 ταχὺ
2939 2983 3033 3032 καὶ
3069 2981 3295 3049 σφοδρὸν
3329 2981 3426 3034 καὶ
3462 2982 3523 3033 τὸ
3547 2981 3795 3052 πυρῶδες
3834 2981 3884 3013 ⁸⁸
3909 2981 4006 3034 καὶ

2423 3071 2485 3124 τὸ
2513 3071 2669 3138 ἄφνω
2706 3071 2998 3141 διαπτῆναι
3037 3073 3139 3143 τὴν
3184 3074 3512 3145 οἰκουμένην
3561 3075 3699 3143 μετὰ
3725 3073 4006 3143 τροπαίων

2425 3163 2521 3216 καὶ
2557 3163 2713 3233 νίκης
2754 3164 3132 3235 προῦπέφηνε.
3164 3165 3240 3236 (5)
3266 3167 3503 3234 Λέγεται
3542 3166 3622 3229 δὲ,
3644 3168 3726 3220 ὅτι
3762 3165 4007 3238 [φιλοσό-

2428 3271 2531 3323 φου
2577 3255 2720 3317 τινὸς
2770 3255 3058 3324 εἰρηκότος
3114 3257 3374 3324 ἤκουσεν,
3419 3255 3526 3328 ὅτι]
3556 3259 3750 3327 κόσμοι
3781 3257 4004 3325 ἄπειροί

2427 3348 2552 3398 εἰσι.
2589 3342 2715 3416 [Ὃς
2749 3345 2844 3398 καὶ
2877 3345 3143 3418 ἀκούσας]
3202 3347 3296 3400 καὶ
3349 3347 3495 3413 μέγα
3551 3347 3811 3414 στενάξας
3859 3347 4003 3416 ἔφη’

742 3437 886 3490 tiam
913 3444 968 3489 et
992 3435 1190 3505 ingenii
1234 3449 1461 3488 acumen
1506 3433 1936 3502 sapientiamque
1990 3430 2044 3483 in
2084 3431 2326 3486 omnium
2355 3453 2398 3511 ο
2434 3453 2453 3486 ε
2485 3436 2499 3488 I

2434 3453 2453 3486 ε
2485 3435 2596 3488 Καὶ
2615 3434 2860 3505 ἀπείρων
2894 3437 2938 3468 ⁸⁸
2970 3435 3162 3499 ὄντων,
3205 3437 3431 3508 μηδενὸς
3466 3437 3579 3506 ἐγὼ
3600 3438 3941 3509 κεκράτηκα;
3980 3456 4000 3489 ι

754 3542 853 3582 ore
932 3536 1097 3596 atque
1186 3525 1549 3600 admiratione
1619 3535 1951 3580 versaretur.
2033 3525 2328 3580 Aristotele
2423 3524 2499 3578 υῦ

2423 3524 2611 3587 υῦτως
2650 3520 2719 3594 ἦν
2766 3525 3148 3598 μεγαλόφρων,
3203 3528 3577 3598 μεγαλόψυχος
3615 3531 3710 3582 καὶ
3759 3531 4005 3597 γενναῖος

754 3618 1013 3686 magistro
1071 3631 1224 3681 usus,
1280 3617 1465 3686 logica:
1520 3618 1623 3672 arti
1678 3632 1803 3671 cum
1859 3633 2080 3673 summo
2142 3619 2326 3672 studio
2423 3617 2499 3688 (ὅθ

2423 3617 2568 3688 (ὅθεν
2613 3619 2708 3670 καὶ
2739 3619 3020 3687 πανταχοῦ
3045 3621 3204 3690 ᾔδετο
3243 3621 3337 3673 καὶ
3371 3620 3717 3690 ιθαυμάζετο
3769 3621 4006 3690 μάλιστα

754 3723 975 3778 operam
1001 3707 1180 3763 dabat.
1230 3709 1372 3762 Idem
1405 3709 1604 3764 bellum
1637 3710 1858 3779 gerendi
1887 3711 2021 3765 artis
2058 3710 2329 3780 peritissi-
2421 3708 2499 3762 διὰ

2423 3708 2511 3762 διὰ
2534 3709 2891 3780 σωφροσύνην
2921 3710 3087 3764 αὐτοῦ
3122 3712 3216 3765 καὶ
3244 3712 3464 3766 σύνεσιν
3490 3714 3584 3766 καὶ
3612 3713 3814 3782 πολλὴν
3843 3713 4006 3782 ἀγχί-

756 3815 878 3854 mus
903 3814 1027 3854 cum
1052 3798 1456 3856 adolescentem
1489 3801 1581 3868 qui
1612 3801 1755 3855 idem
1789 3801 1935 3871 quod
1965 3803 2100 3871 ipse,
2126 3817 2324 3856 nomen
2422 3818 2499 3856 νοι

2423 3801 2573 3856 νοιάν
2595 3818 2654 3854 τε
2684 3804 2779 3855 καὶ
2818 3804 3056 3873 σοφίαν).
3095 3805 3460 3874 Ἀριστοτέλει
3492 3807 3604 3876 γὰρ
3636 3805 4007 3876 μαθητευοε“·ς

757 3890 1026 3959 gerebat,
1096 3891 1278 3944 minus
1359 3891 1573 3946 fortiter
1637 3903 2008 3962 pugnantem-
2049 3893 2324 3947 vidisset:
2426 3893 2499 3945 πᾶ

2426 3893 2607 3945 πᾶσαν
2629 3891 2852 3965 λογικὴν
2872 3895 3186 3964 ἐπιστήμην
3224 3897 3305 3958 εἰς
3345 3895 3515 3964 ἄκρον
3549 3894 3904 3963 ὲξεπαιδεύϐη
3937 3895 4006 3947 ⁸⁸.

762 4000 780 4032 ε
837 3981 1005 4048 ﬂens,
1058 3982 1253 4050 inquit,
1312 3993 1406 4036 aut
1457 3997 1639 4037 mores
1695 3993 1788 4037 aut
1838 3997 2034 4037 nomen
2095 3991 2267 4038 muta.
2305 4000 2326 4034 ε
2430 3983 2499 4053 (ιι)

2430 3983 2977 4053 (“Helenum-rato;
3015 3985 3072 4037 δὲ
3119 3987 3212 4039 καὶ
3262 3986 3668 4056 τολμηρότατος
3714 3985 4005 4055 ὑπάρχων,

757 4073 935 4126 Animi
974 4075 1390 4143 generositatem
1426 4083 1485 4128 ut
1513 4075 1638 4128 alibi
1672 4075 1746 4128 ita
1776 4077 2010 4130 maxime
2035 4075 2124 4129 ubi
2155 4075 2333 4130 vietor
2434 4075 2499 4127 ιδ(

2434 4075 2559 4128 ίδὼν
2585 4073 2878 4145 ὁμώνυμον
2905 4076 3056 4148 αύτῷ
3085 4077 3370 4131 νεανίσκον
3393 4077 3516 4131 τινὰ
3541 4077 3730 4140 δειλῶς
3761 4079 4009 4147 μαχόμε-

756 4179 787 4217 e
843 4179 1022 4233 pugna
1075 4175 1416 4231 excesserat,
1483 4165 1834 4221 manifestare
1897 4167 2130 4222 solebat.
2192 4164 2327 4219 Nam
2429 4181 2499 4220 νοε

2429 4181 2519 4220 νον
2549 4161 2668 4218 εἰπε
2692 4168 2831 4236 πρὸς
2859 4166 3021 4220 αὐτόν
3042 4179 3057 4197 ο
3112 4169 3461 4234 «Νεανίσκε,
3498 4169 3531 4239 ἢ
3556 4168 3649 4222 τὸν
3670 4169 3874 4239 τρόπον
3911 4169 4010 4222 ἄ).-

759 4264 1044 4324 postquatn
1081 4253 1224 4309 Darii
1265 4256 1403 4311 ﬁlias
1451 4257 1623 4310 forma
1667 4259 1910 4326 insignes
1948 4259 2215 4327 cepisset,
2262 4273 2330 4314 ne
2430 4257 2497 4310 λα

2430 4257 2587 4322 λαξον
2621 4258 2655 4329 ἢ
2700 4259 2760 4311 τὸ
2786 4258 2982 4330 δνομα.
3007 4279 3028 4313 ι
3061 4261 3139 4329 (5)
3203 4262 3355 4315 Ἑπεί
3385 4261 3480 4315 οὖν
3530 4263 3626 4315 καὶ
3678 4260 4008 4332 σωφροσύνῃ

761 4347 942 4401 videre
1003 4348 1222 4416 quidem
1285 4364 1380 4404 eas
1437 4350 1638 4416 voluit;
1701 4361 1857 4421 turpe
1901 4365 2024 4405 esse
2071 4351 2260 4404 dicens
2298 4365 2330 4404 a
2432 4368 2499 4403 πο

2432 4350 2601 4421 πολλῇ
2631 4351 2980 4424 διεκόσμητο,
3000 4352 3365 4423 δκδηλοτέραν
3392 4353 3597 4422 ταύτην
3620 4355 3844 4421 εποίησε
3867 4354 4011 4420 μετὰ

760 4434 976 4490 feminis
1030 4437 1208 4504 subigi
1255 4453 1379 4491 eum
1430 4441 1522 4508 qui
1573 4439 1641 4494 de
1692 4440 1824 4494 viris
1877 4440 2052 4509 iisque
2096 4439 2330 4495 fortibus

762 4525 1128 4595 lriumpharit.

2431 4442 2531 4514 τὴν
2552 4445 2732 4514 νίκην.
2760 4445 2869 4498 Καὶ
2916 4446 3026 4516 γὰρ
3060 4446 3444 4516 αἰχμαλώτους
3483 4445 3663 4498 λαϐὼν
3691 4445 3791 4507 τὰς
3837 4443 4008 4508 θυγα-

2432 4534 2596 4604 τέρας
2628 4536 2855 4606 Δαρείου
2883 4536 3334 4607 μαρτυρουμίνας
3362 4537 3515 4607 ἔχειν
3527 4536 3722 4600 κάλλος
3752 4534 4010 4602 ἀξιοθαύ-

762 4636 985 4688 μαστον,
1017 4621 1138 4674 οὐδὲ
1168 4622 1444 4691 προσιδεῖν
1469 4621 1722 4691 ἠξίωσεν,
1749 4623 1970 4694 αἰσχρὸν
1999 4626 2094 4678 καὶ
2133 4624 2323 4680 λίαν...
2363 4627 2674 4699 ἀποφήνας,
2726 4632 2818 4683 τὸν
2841 4630 3035 4699 ἄνδρας
3059 4630 3103 4663 ⁸⁹
3139 4629 3398 4701 ἀνδρείως
3466 4625 3872 4701 χειρωσάμενον
3900 4627 4008 4680 ύπὸ

759 4711 1036 4780 γυναικῶν
1067 4712 1264 4776 ἀθλίως
1295 4714 1622 4784 ἡττηθῆναι.

1187 4803 1307 4859 XX.
1363 4803 1435 4857 De
1465 4804 1902 4859 Braclttnanibns.

828 4893 1154 4961 Alexander,
1198 4895 1292 4964 qui
1331 4910 1439 4949 nou
1494 4897 1672 4950 solum
1723 4898 1790 4951 ad
1823 4898 1984 4951 Indos
2023 4896 2329 4952 remotissi-

762 4999 901 5050 mos,
956 4986 1049 5041 sed
1102 4987 1265 5040 etiam
1318 4987 1387 5040 ad
1447 4985 1722 5043 Oceanum
1779 4991 1872 5059 qui
1915 4999 2077 5044 totam
2128 5001 2328 5044 terram

762 5077 952 5142 ambit,
1016 5090 1071 5134 et
1140 5079 1374 5134 insulam
1429 5079 1829 5136 Brachmanum
1878 5091 2220 5151 processerat
2269 5093 2329 5136 ut

761 5167 1046 5223 hominum
1105 5185 1284 5226 mores
1327 5179 1381 5225 et
1434 5186 1622 5226 verum
1673 5173 1940 5229 falsumve
1985 5174 2190 5228 cultum
2219 5189 2330 5244 quo

764 5257 932 5312 Deum
977 5260 1402 5328 omnipotentem
1447 5271 1931 5331 prosequerentur,
1977 5265 2326 5333 perdisceret,

2351 4825 2405 4883 D

2806 4813 2887 4865 K'.
2916 4813 3052 4880 Περί
3094 4811 3212 4866 τῶν
3244 4813 3631 4882 Βραχμάνων.

2503 4903 2601 4966 ’ος
2637 4919 2698 4970 γε
2729 4906 2825 4958 καὶ
2855 4906 3013 4976 μέχρι
3040 4907 3150 4959 τῶν
3181 4908 3477 4962 ἑνδοτάτων
3518 4906 3693 4960 Ἰνδῶν
3725 4907 3819 4960 καὶ
3843 4904 3939 4958 τοῦ
3957 4905 4007 4938 ⁸⁸

2429 4993 2754 5058 κυκλοῦντος
2789 4998 2969 5050 πᾶσαν
2997 4999 3095 5069 τὴν
3120 4999 3226 5070 γῆν
3255 4999 3532 5062 Ὠκεανοῦ,
3569 4998 3805 5070 μεγάλου
3831 5017 4006 5052 ποτα-

2432 5086 2556 5157 μοῦ,
2595 5087 2813 5155 καὶτῆς
2847 5091 3108 5160 μεγίστης
3153 5093 3317 5159 νήσου
3346 5092 3454 5144 τῶν
3490 5091 3832 5161 Βραχμάνων
3863 5089 4007 5158 φθά-

2430 5195 2528 5239 σας
2561 5181 2657 5233 καὶ
2685 5180 2826 5250 ὑπὲρ
2843 5181 2888 5213 ⁸⁸
2928 5181 3215 5252 ἄνθρωπον
3239 5181 3351 5251 βίον
3383 5182 3478 5234 καὶ
3502 5183 3600 5251 τήν
3631 5182 3710 5243 εἰς
3739 5178 3830 5232 τὸν
3857 5178 4004 5232 πάν-

2425 5287 2536 5325 των
2591 5272 2724 5324 Θεὸν
2774 5272 3054 5328 εὐσέϐειάν
3101 5291 3158 5326 τε
3211 5278 3302 5327 καὶ
3359 5275 3615 5346 λατρείαν
3662 5272 4003 5344 μεμαθηκὼς

1961 5427 2164 5488 Variae
2203 5427 2513 5492 lectiones
2557 5439 2619 5493 et
2653 5439 2842 5496 noue.

830 5564 875 5641 “_
905 5563 1276 5641 ἐνδΑοτέρα-Βῆ
1353 5567 1411 5641 ⁸Ᾱ³Α
1441 5568 1520 5622 ’E.
1569 5567 1678 5641 γὰρ
1721 5568 1768 5621 ἑ.
1817 5570 1846 5621 ὁ
1903 5569 2012 5641 Ἀλ.
2047 5567 2175 5641 Par.
2250 5569 2301 5602 “
2335 5571 2499 5641 συνὲρ

2503 5572 2694 5642 χεσθαι
2725 5573 2808 5629 1⁵⁸.
2887 5574 2932 5606 ⁸⁸
2966 5576 3070 5630 Kai
3102 5577 3384 5632 ἀκούσασα
3409 5578 3535 5633 Par.
3611 5579 3657 5612 “
3689 5579 3796 5632 Καὶ
3823 5576 3881 5630 δέ
3906 5578 3995 5634 Β’.

759 5636 801 5720 ξ’
830 5634 1421 5720 εἰσελθόνταηξρςεμξξ
1451 5634 2407 5720 στρατάῦταές.’-ὶδξὶαύτύιν-ριῃ.ξ’.
2563 5645 2880 5720 πανούργον⁸
2903 5647 3002 5716 τῆς
3036 5650 3358 5720 φρονήσεώς
3382 5667 3475 5702 σου
3501 5649 3584 5702 ις’.
3660 5648 4000 5720 "suam-

759 5705 971 5790 tpsv'll'.
1035 5706 1094 5790 ιτς
1128 5705 1587 5790 δερμσπδξευέμ.
1622 5709 1801 5790 νεεηε.
1839 5707 2071 5790 (σχεθε.
2104 5711 2499 5790 2_'{3,_9.15.__'1

2431 5781 2446 5790 _
2464 5712 2510 5743 "
2530 5718 2665 5782 ταχὺ
2691 5705 3294 5790 δήλονρτςκαῖσφοδρῷ
3315 5705 3406 5772 κάὶ
3424 5720 3685 5790 γπυρῶδες
3711 5718 3793 5772 ιιι.
3874 5705 3998 5790 δίει

759 5774 1004 5878 incipe»)
1033 5775 1116 5859 Βξ.
1193 5776 1239 5806 ⁵⁸
1271 5779 1353 5840 εἰς
1389 5777 1486 5899 ἑός
1528 5780 1618 5829 ἐπ.
1652 5774 2101 5902 Πολεμικῶτερος
2135 5780 2198 5832 B’
2227 5784 2353 5836 ἑκπ.
2404 5781 2546 5838 Ilon.
2595 5774 2780 5854 λειείῖ
2851 5786 2894 5818 ⁸⁷
2919 5787 3038 5840 λίαν
3065 5774 3160 5841 ἀπ’
3191 5774 3386 5858 ἄνδρας
3417 5774 3527 5843 BR.
3581 5791 3624 5822 "
3656 5774 3748 5842 καὶ
3777 5790 3876 5859 τήν
3912 5786 3999 5845 B'.

831 5845 1044 5902 φθασας
1066 5869 1090 5896 (ι
1110 5866 1137 5901 ν
1162 5848 1254 5900 καὶ
1276 5848 1368 5902 τὸν
1425 5850 1692 5902 αυμάσιον
1711 5851 1802 5902 καί
1837 5851 1976 5902 ὑπέρ
2029 5853 2092 5902 ι’.

758 5845 802 5878 υ
831 5845 1044 5913 φθάσας
1066 5847 1090 5896 (ἶ
1110 5866 1137 5901 ν
1162 5848 1254 5900 καὶ
1276 5848 1368 5902 τὸν
1389 5845 1692 5917 θαυμάσιον
1711 5845 1805 5902 καί
1837 5851 1976 5920 ὑπέρ
2009 5845 2070 5902 Ii’
