4260 6438
768 400 834 461 83
1975 400 2296 459 GEORGII
2339 400 2791 460 IIAMARTOLI
3949 415 4026 477 ει

769 526 1114 583 prementes;
1154 532 1179 572 e
1233 516 1431 582 quibus
1463 516 1714 571 Clemens
1750 517 2110 580 Stremateus,
2154 516 2342 585 Orige-

2385 534 2416 584 Α
2450 514 2679 584 Κλήμης
2705 517 2761 570 δὲ
2780 517 2823 549 ³⁷
2878 518 2971 570 καὶ
3006 518 3337 590 ’Λφρικανδς
3362 524 3458 576 καὶ
3503 524 3790 589 Tutu/5;,
3829 527 3936 578 τῶν
3964 528 4027 580 δὲ

770 608 927 668 nista,
963 622 1071 660 non
1109 606 1354 671 Judaeus,
1412 623 1524 663 rem
1573 608 1647 661 uti
1711 608 1871 662 alicui
1928 607 2147 663 Patrum
2190 622 2341 661 reve-

769 699 871 750 lata
903 695 1096 759 fuerat,
1130 707 1333 751 narrat.

2450 609 2512 659 ἐκ
2548 609 2854 679 περιτομῆς
2896 608 3158 679 Ἰώσηπος
3212 614 3307 666 καὶ
3346 613 3579 678 Ἰοῦστος
3638 620 3777 672 κατά
3808 620 4032 687 Ἴναχον

2445 700 2693 768 ἀκμάσαι
2734 702 2829 752 τὶν
2882 701 3172 755 θεσπέσιον
3229 707 3470 773 Μωῦσῆν
3523 708 3836 779 ἱστόρησαν,
3877 712 4029 775 ίδίως

765 791 995 852 ἕκαστος
1030 792 1094 842 ἐκ
1117 790 1351 855 παλαιάς
1378 794 1618 863 ἱστορίας
1687 794 1986 864 παρασχὼν
2016 794 2114 864 τὴν
2184 789 2479 870 ἀπῦδειξιν,
2540 793 2771 863 Κλήμης
2834 794 2949 848 δεό
3006 798 3394 867 Στρωματεὺς,
3464 802 3874 873 Ὠριγενιαστὴς
3921 802 4026 864 ῶν,

768 880 838 942 ῶς
876 898 980 933 τινι
1013 881 1122 934 τῶν
1158 885 1419 954 Πατέρων
1477 884 1862 956 ἀπεκαλύφθη,
1905 887 1979 955 μὴ
2016 887 2074 938 ἐν
2108 886 2328 939 κολάσει
2381 882 2634 948 Ἰουδαῖος
2668 883 2761 938 ὧν.

994 997 1036 1051 Χ
1048 995 1211 1054 XVII.
1252 999 1499 1053 S:leion
1530 1010 1780 1055 senctoru
1790 1019 1837 1054 m
1862 1001 2133 1068 Patrum“

837 1113 983 1166 Nihil
1019 1114 1216 1167 mirum
1256 1112 1549 1169 Eusebium
1605 1116 1869 1184 Pamphili
1917 1118 1970 1171 in
2020 1118 2271 1188 plurimis
2305 1135 2335 1173 a

767 1221 825 1257 se
859 1206 1079 1272 scriptis
1120 1205 1496 1260 Arianismum
1541 1208 1841 1276 professum
1867 1226 2011 1273 esse,
2044 1211 2190 1265 etab
2241 1212 2339 1266 ali-

766 1308 896 1364 quot
951 1297 1341 1353 ecclesiasticis
1400 1301 1716 1356 auctoribus
1772 1302 1825 1355 in
1877 1302 2238 1357 admiratione
2284 1314 2341 1358 ut

765 1387 1145 1440 doctissimum
1176 1398 1229 1441 et
1253 1388 1640 1457 polyhistorem
1685 1390 1925 1445 habitum
1969 1393 2157 1457 fuisse,
2192 1404 2250 1448 ut
2279 1403 2334 1449 et

728 1522 733 1527 .
766 1475 1027 1543 Origenes
1057 1486 1109 1530 et
1158 1479 1248 1531 alii
1298 1479 1481 1547 plures
1508 1481 1600 1549 qui
1640 1492 1791 1535 extra
1843 1481 2140 1537 Ecclesiam
2172 1484 2333 1553 dege-

769 1569 920 1621 bant.
960 1568 1057 1623 llic
1092 1570 1208 1638 ipse
1240 1580 1418 1624 autem
1465 1571 1731 1627 Eusebius
1761 1575 1850 1642 qui
1881 1588 2019 1643 opus
2048 1576 2333 1629 chronolo-

768 1662 947 1721 gicum
986 1677 1108 1716 cum
1143 1678 1356 1717 summa
1389 1680 1517 1718 cura
1549 1667 1876 1735 composuit,
1901 1667 2082 1720 divum
2117 1667 2332 1737 quidem

766 1751 1023 1804 Jacohum
1082 1752 1300 1816 Inacho,
1352 1754 1565 1825 Moysen
1622 1766 1803 1809 autem
1857 1758 2084 1825 Ceempi
2138 1768 2333 1813 comta-

768 1860 931 1908 neum
954 1843 1100 1899 fecit.
1131 1845 1185 1899 In
1224 1862 1437 1901 canone
1462 1849 1628 1911 enim,
1658 1864 1818 1918 quem
1849 1850 2111 1914 condidit,
2158 1850 2333 1905 histo—
2366 1881 2409 1937 Β

768 1936 882 1989 rieo
908 1952 1252 2008 quarmnque
1273 1948 1493 1993 mtatum
1542 1956 1693 2011 reges
1732 1956 1762 1995 e
1808 1941 2028 2005 regione
2065 1943 2338 2012 apposuit,

768 2032 827 2075 ut
865 2024 1266 2091 Chaldaeorum,
1304 2026 1841 2083 Lacedaemoniorum
1864 2069 1879 2093 ,
1909 2031 2338 2100 Corinthiorum,

766 2113 1179 2183 Thessalorum,
1219 2117 1573 2174 Macedonum
1615 2119 1763 2191 (olim
1789 2120 2158 2191 Citiensium),
2197 2124 2341 2179 Lati-

768 2222 985 2269 norum,
1008 2209 1099 2279 qui
1141 2226 1169 2263 a
1194 2210 1384 2265 Latino
1410 2228 1534 2283 rege
1569 2227 1758 2267 eorum
1784 2214 1995 2268 oriundi
2029 2226 2211 2286 postea
2232 2215 2340 2272 Ro-

766 2310 1048 2350 manorum
1071 2299 1287 2354 nomine
1302 2316 1331 2352 a
1352 2301 1524 2355 Romo
1547 2311 1599 2355 et
1619 2300 1785 2355 Remo
1801 2303 2047 2371 appellati
2066 2314 2212 2362 sunt.
2233 2305 2339 2360 Ho-

767 2397 883 2433 rum
916 2381 1073 2451 igitur
1094 2388 1336 2440 omnium
1369 2397 1609 2458 tempora
1624 2387 1899 2449 ordinavit
1918 2410 2100 2465 regum
2125 2411 2340 2466 semper

764 2472 975 2527 ratione
996 2474 1197 2541 habita,
1227 2478 1474 2548 singulos
1492 2497 1641 2553 reges
1675 2486 2158 2556 eumAssyi-iorum
2201 2489 2338 2556 regi-

764 2566 881 2626 lius,
911 2567 1291 2632 Semiramide,
1315 2571 1549 2642 denique
1578 2577 1888 2631 Abrahamo
1924 2581 2334 2649 conglutinavit.

765 2657 1145 2714 Semiramidis
1196 2662 1340 2715 enim
1392 2668 1726 2728 temporibus
1773 2672 2045 2724 Abraham
2078 2674 2334 2740 innotuit,

764 2749 945 2803 Inachi
976 2750 1167 2816 Jacob,
1200 2751 1409 2823 Moyses
1455 2755 1742 2828 Cecropis,
1792 2778 1951 2830 quem
2007 2763 2177 2818 Cra-ei
2229 2765 2335 2834 pri-

764 2854 911 2891 mum
956 2840 1147 2896 Atticm
1201 2857 1383 2913 regem
1446 2848 1616 2903 fuisse
1674 2852 1940 2907 seribuut.
2001 2850 2140 2909 Hinc
2194 2865 2336 2922 patet

767 2930 982 3000 Moysen
1008 2932 1258 2991 ﬂoruisse
1293 2948 1419 2991 ante.
1459 2938 1768 2995 Graecorum
1804 2944 2217 3013 antiquissimos
2251 2961 2335 2999 sa-

763 3022 993 3090 pientes,
1030 3026 1321 3083 Homerum
1353 3031 1475 3086 dico
1507 3043 1561 3087 et
1594 3034 1926 3101 Hesiodum;
1964 3047 2092 3091 ante
2129 3038 2330 3092 bellum

762 3112 1059 3183 Troianum
1093 3159 1108 3183 ,
1167 3118 1449 3177 Herculem
1523 3133 1578 3178 et
1637 3125 1917 3191 Musaeum,
1952 3126 2185 3191 Linum,
2230 3126 2330 3183 Or-

2675 1004 2799 1055 KZ'.
2831 1004 3083 1072 Σχόλιον
3106 1003 3223 1056 τῶν
3243 1006 3428 1074 ἁγίων
3448 1011 3745 1077 Πατέρων.

2392 1154 2403 1165 .
2419 1170 2438 1190 ν
2510 1118 2643 1186 Περὶ
2662 1116 2757 1169 τοῦ
2779 1116 3066 1185 Παμφίλου
3104 1118 3388 1186 Εὐσεϐίου,
3419 1121 3501 1173 δτι
3524 1123 3583 1174 ἐν
3607 1122 3825 1186 πολλοῖς
3847 1125 4021 1176 αὐτοῦ

2441 1207 2843 1276 συγγράμμασι
2864 1207 3139 1261 δείκνυται
3180 1208 3458 1278 ’Λρειανδς
3481 1211 3702 1280 γνήσιος
3729 1229 3744 1242 '
3771 1214 3818 1265 εί
3842 1213 3899 1266 δὲ
3924 1215 4026 1265 καὶ

2442 1302 2789 1369 παραινεῖται
2804 1299 2848 1330 ⁸⁸
2866 1300 3019 1369 παρά
3035 1317 3197 1353 τινων
3216 1300 3687 1371 ἐκκλησιαστικῶν
3707 1302 3917 1374 ἀνδρῶν
3942 1305 4025 1367 ὡς

2441 1389 2759 1459 πολυμαθὴς
2782 1390 2878 1443 καὶ
2908 1390 3239 1463 πολυῖστωρ,
3270 1391 3525 1461 καθάπερ
3546 1396 3639 1447 καὶ
3676 1394 3962 1464 Ὧριγένης
3977 1395 4024 1426 ³⁸

2441 1481 2536 1533 καὶ
2566 1480 2715 1535 ἄλλοι
2743 1482 2928 1535 πολλοὶ
2954 1483 3062 1535 τῶν
3079 1482 3185 1547 ἔξω
3209 1484 3309 1553 τῆς
3338 1482 3664 1555 Ἐκκλησίας
3693 1486 3883 1551 ὄντων,
3909 1486 4026 1557 [ού-

2439 1573 2529 1626 δὲν
2559 1573 2919 1646 θαυμαστόν].
2951 1574 3027 1645 (2)
3067 1575 3125 1628 '0
3152 1576 3209 1627 δὲ
3244 1576 3563 1649 πολυμαθὴς
3589 1579 3684 1631 καὶ
3708 1579 4025 1643 πολυῐστωρ

2442 1665 2722 1730 Ερσέϐιος,
2773 1666 3176 1737 ἀκριϐεστάτην
3194 1667 3240 1698 ⁸ο
3290 1669 3400 1723 τῶν
3460 1670 3668 1741 χρόνων
3691 1671 4020 1742 ἀναγραφὴν

2440 1755 2830 1824 ποιησάμενος,
2859 1758 2970 1818 τοῖς
3003 1756 3218 1826 χρόνοις
3254 1757 3357 1827 μὲν
3399 1760 3602 1830 Ἰναχοῦ
3652 1762 3797 1832 ἱερὸν
3832 1763 4020 1817 Ἰάκω-

2438 1843 2531 1897 ϐον
2545 1846 2585 1876 δι
2638 1838 2764 1916 εὗρε
2797 1850 3246 1916 συνακμάσαντα,
3290 1850 3494 1903 λίωσέα
3514 1852 3572 1904 δὲ
3597 1852 3909 1924 Κέκροπος.
3936 1856 4018 1923 (5)

2444 1937 2712 2006 Χρονικοῠ
2747 1938 2854 2008 γὰρ
2886 1939 3113 2002 κανόνος
3146 1939 3401 2006 σύνταξιν
3428 1943 3745 2014 ἐπινοήσας,
3776 1946 3843 1999 ὲκ
3875 1963 4019 2016 παρ-

2447 2028 2680 2099 αλλήλου
2746 2030 3154 2101 ἀντιπαρέθηκε
3207 2033 3297 2084 τὸν
3334 2036 3466 2104 παρ’
3537 2036 3754 2105 ἑκάστῳ
3784 2038 3894 2091 ἔτει
3925 2039 4020 2092 δυ-

2442 2120 2771 2173 ναστεύοντα
2798 2122 2859 2174 ⁸³.
2895 2122 3175 2193 Συνήγαγε
3198 2124 3253 2176 δὲ
3288 2125 3514 2195 χρόνους
3542 2127 3585 2157 ⁸³
3621 2128 3715 2196 τῆς
3740 2128 4019 2199 βασιλείας

2441 2212 2725 2266 Χαλδαίων
2743 2214 2808 2276 ’³,
2838 2215 3305 2285 Λακεδαιμονίων,
3354 2213 3680 2288 Κορινθίων,
3705 2219 4017 2285 Θετταλῶν,

2440 2303 2765 2356 Μακεδόνων
2794 2306 2924 2375 (τῶν
2984 2307 3152 2361 πάλαι
3188 2309 3453 2363 Κειτιέων
3491 2310 3848 2384 λεγομένων),
3906 2316 4021 2368 Λα-

2438 2394 2599 2449 τίνων
2636 2395 2745 2450 τῶν
2771 2398 2878 2451 ἀπὸ
2903 2400 3132 2452 Λατίνου
3156 2401 3423 2471 βασιλέως
3447 2403 3626 2458 αὐτῶν
3664 2408 3757 2460 καὶ
3799 2406 4019 2464 Ἰταλῶν

2440 2485 2502 2538 ἔκ
2535 2505 2677 2550 τινος
2703 2489 3173 2559 ἡγεμονεύσαντος
3222 2494 3403 2546 αὐτῶν
3455 2498 4021 2568 προσαγορευθέντων

2440 2582 2533 2631 καὶ
2568 2579 2799 2650 ὕστερον
2844 2582 3251 2653 ἐπικληθέντων
3297 2586 3587 2656 Ῥωμαίων
3646 2590 3755 2642 ἀπὸ
3800 2590 4019 2661 Ῥώμου

2437 2670 2544 2740 30
2573 2673 2666 2723 καὶ
2708 2674 2914 2743 Ῥήμου
2942 2691 2956 2706 ο
3014 2676 3106 2727 καὶ
3140 2674 3345 2730 τούτων
3398 2678 3525 2742 τοὺς
3582 2681 3809 2750 χρόνους
3837 2684 3930 2736 ἐπὶ
3957 2687 4021 2738 τὸ

2437 2764 2569 2815 αὐτὸ
2600 2768 2943 2834 συναρτήσας
2962 2766 3030 2832 ⁸⁸,
3079 2768 3315 2822 ἑκάστου
3378 2770 3565 2834 ἔθνους
3599 2772 3708 2825 τῶν
3750 2773 4019 2842 βασιλέων

2439 2853 2720 2923 συνέκρινε
2757 2858 2881 2919 τοὺς
2920 2858 3169 2926 χρόνους,
3203 2862 3597 2932 ἀντιπαραθεὶς
3632 2865 3700 2917 τά
3727 2865 3820 2937 ἐτη
3839 2866 3885 2899 ⁴⁶
3916 2869 4018 2937 τῆς

2440 2946 2717 3015 βασιλείας
2757 2953 2823 3020 τῇ
2875 2952 3180 3020 Ἀσσυρίων
3233 2952 3507 3027 βασιλείᾳ,
3550 2957 3694 3010 τοῦτ’
3760 2958 3877 3012 ἔστι
3914 2961 4018 3030 τῆς

2436 3039 2796 3109 Σεμιράμεως
2818 3043 2858 3073 ⁸⁷
2888 3044 3263 3115 τοῖςἈϐραάμ
3294 3046 3461 3100 ἔτεσι.
3487 3048 3565 3117 (4)
3587 3050 3740 3104 Κατά
3772 3051 3881 3120 γὰρ
3912 3053 4016 3122 τὴν

2435 3131 2747 3203 Σεμίραμιν
2791 3134 3046 3205 ’Δϐραάμ
3093 3138 3441 3206 ὲγνωρίζετο,
3503 3143 3598 3194 καὶ
3640 3141 3837 3196 Ἰακὼϐ
3872 3148 4017 3200 κατά

764 3206 985 3272 pheum,
1020 3206 1347 3277 Dioscuros;
1398 3224 1524 3267 ante
1572 3213 1917 3284 Asclepium,
1956 3215 2224 3270 Bacchum
2269 3229 2371 3275 act

2385 3220 2403 3280 ζ
2451 3224 2674 3291 Ὶναχδν,
2712 3225 2807 3278 καὶ
2869 3227 3113 3295 Μωῦσῆς
3144 3230 3286 3282 κατά
3317 3230 3583 3301 Κέκροπα
3624 3233 3717 3288 τὸν
3758 3235 3926 3306 διφυῆ
3945 3238 4015 3303 ⁸⁸,

766 3296 1113 3362 Mercurium,
1157 3302 1504 3372 Apollinem;
1537 3316 1659 3360 ante
1707 3307 1963 3378 mysteria
1993 3306 2330 3375 Grmcorum,

762 3391 869 3441 imo
896 3387 1046 3445 Jovis
1073 3390 1245 3460 ipsius
1282 3396 1682 3453 exsistentiam.
1736 3399 1874 3454 Hinc
1911 3415 2131 3471 quoque
2155 3403 2330 3472 conji-

759 3495 883 3535 cere
910 3482 1053 3547 licet,
1096 3485 1361 3553 plurimos
1402 3504 1590 3544 eorum
1633 3508 1771 3561 quos
1811 3495 2232 3548 memoravimus
2262 3511 2326 3548 ex

761 3572 961 3643 Aloysis
1016 3579 1232 3648 scriptis
1299 3598 1396 3636 sua
1472 3594 1748 3640 mutuatos
1808 3601 1947 3640 esse.
2018 3586 2079 3638 lli
2137 3604 2330 3642 omnes

760 3665 977 3730 quidem
1034 3679 1154 3737 post
1201 3670 1496 3743 Cecropem
1549 3690 1761 3742 venere,
1813 3677 2047 3732 Homero
2082 3689 2226 3733 certe
2275 3689 2329 3733 et

760 3754 997 3813 Hesiodo
1028 3762 1188 3830 longe
1220 3774 1380 3819 aetate
1408 3767 1710 3824 inferiores.

2436 3313 2495 3365 ὃν
2531 3314 2747 3383 πρῶτον
2804 3316 3028 3385 βασιλέα
3071 3319 3170 3388 τῆς
3216 3320 3471 3392 Ἀττικῆς
3500 3324 3761 3394 Ἕλληνες
3794 3329 4018 3398 ἱστόρη-

2439 3422 2569 3458 σανο
2598 3407 2673 3470 ὡς
2730 3404 2872 3460 εἶναι
2928 3409 3040 3462 τῶν
3096 3411 3225 3481 παρ’
3254 3412 3513 3485 Ἕλλησιν
3547 3419 3792 3487 ἀρχαίων
3829 3422 4016 3488 σοφῶν

2434 3500 2673 3553 Ilio-335':
2710 3500 3104 3572 πρεσϐύτερον,
3142 3503 3385 3576 Ὀμήρου
3433 3508 3575 3576 λέγω
3603 3512 3697 3564 καὶ
3742 3513 4012 3577 Ἠσιόδου,

2433 3591 2671 3643 καὶτῶν
2726 3592 2769 3642 Τ
2776 3593 3009 3660 ρωϊκῶν,
3073 3594 3403 3664 Ἡρακλέους
3436 3617 3495 3652 τε
3552 3603 3647 3654 xui.
3704 3605 4008 3667 Μουσαίου,

2431 3683 2593 3734 Λίνου
2651 3701 2708 3735 τε
2740 3686 2833 3737 καὶ
2882 3684 3124 3756 Ὀρφέως
3163 3690 3256 3741 κα¹ι
3296 3692 3627 3764 Διοσκόρων,
3673 3696 4014 3768 Ἀσκληπιοῦ

2433 3773 2529 3826 καὶ
2556 3776 2813 3827 Διονύσου
2854 3777 2950 3829 καὶ
2994 3777 3218 3849 Ἑρμοῦ,
3285 3782 3620 3849 Ἀπόλλωνός
3667 3804 3724 3839 τε
3779 3790 4016 3843 καὶτῶν

766 3848 1094 3921 Ἑλληνικῶν
1158 3858 1473 3927 μυστηρίων
1527 3860 1620 3912 καὶ
1675 3860 1928 3925 τελετῶν,
1987 3858 2081 3916 καὶ
2135 3863 2316 3917 αὐτῶν
2357 3864 2466 3917 τῶν
2496 3864 2590 3917 τοῦ
2615 3865 2736 3928 Διὸς
2757 3867 2800 3897 ⁸⁸
2866 3869 3159 3938 πράξεωνο
3199 3870 3323 3925 ὅθεν
3344 3874 3437 3927 καί
3493 3892 3637 3940 τινες
3702 3879 3809 3933 τῶν
3857 3886 4014 3951 παρά

755 3943 865 3996 τῶν
894 3947 1206 4017 προκρίτων
1228 3950 1508 4018 φαίνονται
1541 3955 1605 4006 ὲκ
1628 3953 1735 4006 τῶν
1791 3955 1956 4009 αὑτοῦ
2023 3956 2475 4027 συγγραμμάτων
2534 3960 3015 4030 σφετερισάμενοι.
3052 3963 3259 4027 Πάντες
3288 4018 3307 4036 ι
3330 3967 3429 4037 μὲν
3457 4028 3469 4038 ,
3488 3962 3637 4023 οὗτοι
3670 3970 3719 4001 ⁵⁰
3756 3974 3895 4041 μετά
3920 3976 4015 4028 τὸν

756 4037 1021 4107 Κέκροπα
1040 4040 1351 4109 γεγόνασιν,
1382 4039 1458 4097 ὧν
1513 4047 1647 4100 πολὺ
1679 4048 1927 4120 Ὄμηρος
1944 4051 2039 4103 καὶ
2077 4050 2319 4115 Ἠσίοδος
2356 4053 2472 4113 τοῖς
2496 4050 2709 4120 χρόνοις
2741 4053 3169 4124 ύποϐεϐήκασιν.

1212 4152 1444 4211 XXVIII.
1484 4156 1671 4213 Sancti
1703 4158 1914 4215 Basilii.

828 4262 1040 4334 Moyses
1069 4266 1273 4335 itaque,
1308 4278 1368 4322 ut
1394 4270 1661 4339 vidimus,
1694 4275 1938 4329 omnium
1981 4276 2323 4331 eruditorum

756 4365 1060 4426 praceptor
1108 4362 1360 4429 mysteria
1416 4365 1711 4430 revelavit,
1762 4368 2044 4423 veritatem
2097 4371 2322 4426 detexit.

755 4444 1134 4517 Egyptiorum
1166 4452 1311 4506 enim
1337 4456 1598 4523 sapientia
1622 4468 1951 4528 ecutempta,
1984 4476 2164 4516 rerum
2198 4464 2319 4517 ιιιιί-

2764 4161 2900 4217 KH'.
2944 4166 3055 4220 Τοῦ
3116 4168 3292 4234 ἁγίου
3323 4172 3670 4228 Βασιλείου.

2542 4270 2667 4339 ὗτός
2691 4277 2754 4346 γέ
2785 4294 2863 4330 τοι
2898 4279 3142 4350 Μωῡσῆς
3162 4280 3272 4335 τῶν
3294 4283 3474 4352 σοφῶν
3498 4286 3718 4342 πάντων
3752 4290 4013 4347 διδάσκα-

2423 4367 2515 4432 λος
2571 4370 2813 4439 πέφηνε,
2864 4370 2975 4423 τῶν
3009 4372 3340 4443 ἀπορρήτων
3380 4376 3657 4450 ἐξηγητὴς
3681 4386 4005 4453 γενόμενος,

2428 4459 2522 4511 xui.
2551 4459 2651 4526 τῆς
2669 4459 2930 4529 ἀληθείας
2970 4463 3257 4535 ὑφηγητὴς
3281 4465 3575 4533 θειότατος.
3620 4470 3733 4543 Τὴν
3778 4478 3889 4547 γὰρ
3924 4496 4012 4531 σο.

752 4553 970 4594 versum
1026 4543 1348 4610 exploravit,
1397 4556 1451 4600 et
1483 4546 1642 4602 facile
1674 4552 2026 4619 persuadebis
2051 4554 2149 4609 tibi
2185 4570 2310 4610 eum
2350 4550 2371 4605 l

2385 4559 2394 4599 ν
2423 4550 2551 4620 φίαν
2572 4550 2681 4604 τῶν
2710 4554 3023 4620 Αἰγυπτίων
3054 4555 3357 4620 διαπτύσας
3383 4559 3601 4629 ἄριστα,
3660 4566 3788 4633 περὶ
3818 4567 4012 4638 δὲ’τῆς

752 4628 939 4686 divino
989 4632 1194 4702 Spiritu
1228 4636 1319 4691 Dei
1372 4647 1427 4692 et
1467 4641 1710 4695 omnium
1772 4658 1950 4697 rerum
2003 4646 2320 4702 Conditoris

753 4722 992 4778 amatum
1041 4728 1321 4782 veritatem
1382 4733 1744 4800 perspexisse.
1787 4734 1927 4789 Dicit
1978 4739 2168 4792 enim:
2207 4758 2223 4790 ι
2261 4739 2318 4794 In

753 4814 1021 4885 principio
1049 4822 1251 4875 creavit
1296 4821 1440 4879 Deus
1487 4826 1684 4879 caelum
1735 4836 1789 4880 et
1839 4837 2059 4882 terram.
2103 4848 2123 4881 ι
2166 4829 2318 4885 Multi

749 4913 895 4958 certe
925 4907 1151 4975 gentiles
1169 4909 1261 4977 qui
1296 4911 1380 4965 his
1403 4915 1673 4967 contraria
1701 4931 1944 4970 asserere
1973 4920 2091 4973 ausi
2111 4928 2236 4972 sunt
2265 4922 2317 4974 in

750 4992 1080 5060 profundum
1112 4997 1397 5055 dementiae
1426 5013 1481 5057 et
1513 5004 1804 5073 impietatis
1830 5007 2149 5061 barathrum
2186 5009 2318 5064 inci—

749 5087 969 5152 derunt,
1004 5100 1064 5144 ut
1089 5108 1302 5163 aequum
1342 5106 1443 5151 est.
1480 5098 1609 5163 Qua:
1647 5115 1677 5153 e
1710 5111 1891 5155 mente
1923 5104 2156 5157 humana
2190 5119 2318 5172 pro-

750 5176 891 5232 feeta
919 5191 1050 5235 sunt
1074 5184 1346 5250 dogmata,
1393 5190 1621 5243 confusa
1656 5200 1708 5244 et
1739 5191 2063 5247 inconcinna
2114 5205 2242 5249 sunt
2270 5204 2324 5249 et

753 5269 977 5327 minime
1004 5274 1242 5341 stabilia,
1282 5279 1552 5347 siquidem
1587 5282 1850 5337 doctrina:
1872 5284 2116 5339 doctrina
2141 5300 2325 5340 succe-
2360 5336 2372 5349 ,

750 5358 940 5425 debat,
969 5363 1040 5417 ita
1076 5374 1133 5419 ut
1164 5382 1263 5422 nos
1293 5384 1361 5423 ne
1400 5369 1677 5425 refellendi
1707 5372 1926 5442 quidem
1956 5389 2050 5429 eas
2083 5376 2323 5429 necessi-

2423 4643 2516 4696 τοῦ
2546 4645 2753 4713 κόσμου
2796 4645 2986 4713 ἐξῆλθε
3017 4646 3344 4713 συντάξεως,
3397 4651 3490 4703 ὑπ’
3538 4654 3704 4707 αὐτού
3736 4655 3898 4723 δῆλον
3923 4662 4010 4713 ὅτι

2424 4737 2769 4791 ἐπιστάντων
2816 4738 2952 4790 Θεοῦ
3008 4739 3103 4792 καὶ
3151 4743 3499 4813 Δημιουργοῦ
3551 4747 3733 4818 πάσης
3772 4750 4011 4816 κτίσεως

2423 4830 2786 4898 ὲμπνευσθεὶς
2832 4830 2932 4899 τὴν
2983 4830 3271 4901 ἀλήθειαν.
3328 4834 3403 4906 (Ξ)
3457 4838 3622 4905 Λέγει
3685 4841 3823 4910 γάρ’
3859 4862 3878 4895 ι
3918 4845 4010 4899 Ἑν

2378 4937 2384 4952 ·
2422 4918 2566 4987 ἀρχῇ
2616 4919 2872 4988 ἐποίησεν
2899 4921 2927 4972 ὁ
2954 4920 3089 4983 Θεὸς
3139 4922 3229 4975 τὸν
3268 4924 3501 4991 οὐρανὸν
3537 4929 3631 4981 καὶ
3684 4930 3782 4999 τὴν
3818 4932 3945 5003 γῆν.
3984 4955 4003 4985 ›

2424 5010 2535 5063 Καὶ
2562 5011 2747 5064 πολλοὶ
2771 5012 2880 5064 τῶν
2915 5016 3048 5083 παρ’
3076 5015 3302 5085 Ἕλλησι
3338 5019 3597 5074 τάναντία
3633 5024 3840 5076 τούτων
3879 5027 4007 5079 τολ-

2427 5102 2700 5171 μήσαντες
2730 5102 2985 5168 διεξιέναι
3018 5106 3098 5169 είς
3123 5105 3285 5176 βυθὸν
3310 5110 3583 5177 ἀγνωσίας
3614 5116 3708 5168 καὶ
3744 5117 4009 5183 ἀσεϐείας

2423 5192 2835 5263 κατηνέχθησαν
2879 5211 2895 5226 ’
2949 5196 3046 5249 καὶ
3093 5197 3340 5262 είκότως.
3414 5202 3495 5255 Τὰ
3541 5205 3600 5271 ἐξ
3649 5207 4009 5280 ἀνθρωπίνης

2421 5283 2663 5349 διανοίας
2695 5288 3121 5355 προσφερόμενα
3142 5290 3390 5360 δόγματα
3423 5295 3600 5364 σαθρὰ
3626 5301 3887 5368 τυγχάνει
3910 5304 4007 5353 καὶ

2424 5377 2767 5448 ἀνάρμοσταο
2807 5380 2999 5451 διόπερ
3026 5381 3206 5446 οὐδεὶς
3239 5386 3372 5455 παρ’
3405 5387 3589 5452 αὐτοῖς
3615 5390 3815 5461 ἕστηκε
3844 5394 4007 5461 λόγος

1907 5488 2107 5547 Variae
2151 5487 2463 5550 lectiones
2506 5498 2570 5551 et
2612 5499 2803 5553 notae.

821 5602 866 5631 ³⁷
901 5604 1001 5659 Κλ.
1031 5622 1091 5657 τε
1118 5607 1201 5661 [ι’.

752 5674 851 5754 τον
877 5673 1136 5755 Ἰάκωϐον
1173 5678 1255 5733 B’.
1332 5681 1375 5712 δ’
1405 5681 1745 5737 δυναστεύων
1779 5684 1860 5739 Β¹.
1938 5686 1983 5717 ⁸³
2015 5705 2045 5755 χ

755 5742 1041 5824 πεῖσις-ρ’.
1120 5748 1163 5778 "‘
1198 5750 1267 5802 τὰ
1304 5751 1428 5821 ἒονη
1477 5751 1562 5808 Β¹.

754 5814 897 5865 οὗτοι
933 5814 1013 5866 15’.

1281 5610 1325 5642 ³⁸
1359 5612 1665 5705 ἐπαινεῖται
1701 5614 1797 5705 B'.I
1862 5616 1905 5647 ³⁸
1931 5617 2378 5705 πολυϊστωρῃὼς
2443 5619 2557 5689 Ὠρ.
2616 5620 2699 5672 B'.
2780 5621 2826 5653 “
2860 5621 3119 5686 Εὐσέϐιος
3169 5614 3323 5687 οὗτος
3367 5628 3496 5698 ἀκρ.
3551 5630 3637 5683 Β¹.
3711 5633 3752 5663 ’⁸⁸
3795 5634 4002 5705 Ἰνάχου

1332 5681 1375 5705 ιε
1437 5686 1663 5705 -.-...-..-.(
1720 5703 1742 5705 ν,
1801 5686 1838 5705 ιο
1965 5687 1983 5705 ο
2461 5690 2477 5705 Α
2665 5691 2707 5705 ιι
2747 5691 2771 5705 Α
2874 5692 2886 5703 ς
2945 5694 2954 5705 .
3119 5695 3139 5705 ς
3222 5696 3265 5705 -.
3309 5697 3365 5705 ,λ
3415 5699 3425 5705 .
3558 5700 3613 5705 ---
3720 5703 3726 5705 Α

2052 5687 2227 5755 ρόνοις
2264 5688 2405 5743 Mori.
2450 5687 2588 5757 Aug.
2665 5691 2711 5721 “

1640 5755 1682 5785 "7
1713 5755 1785 5822 ηερ
1856 5757 1901 5787 ⁸⁸
1931 5757 2020 5810 τον
2064 5758 2226 5825 διφυῆ
2255 5775 2364 5813 om.
2404 5760 2483 5813 ις’.

2744 5691 3024 5760 βασιλείας
3072 5695 3185 5746 τῶν
3222 5691 3505 5751 Χαλδαίων
3555 5700 3639 5753 B’.

2565 5763 2609 5793 ιν
2646 5762 2735 5813 τὸν
2783 5761 2875 5815 τοῦ
2909 5765 2965 5815 Δ.
3004 5763 3147 5818 Μοιι.
3192 5766 3325 5820 Cen.
3364 5784 3402 5835 ι,
3452 5770 3498 5823 1-

3717 5703 3763 5734 ⁸⁵
3802 5703 3997 5761 συναν-

3578 5771 3621 5802 ⁸⁰
3648 5774 3854 5839 Πάντες
3888 5779 3995 5849 γὰρ
