4260 6438
775 403 869 464 1οἹ
915 389 917 391 ’

1975 405 2291 466 GEORGII
2332 406 2431 467 ΗΛ
2441 408 2496 468 Μ
2504 407 2544 466 Α
2555 409 2782 469 RTOLI

3914 411 4022 479 108

769 515 1218 580 ι·οτ1ιο,οηιιιίιιιιι
1253 516 1341 584 qui
1376 516 1425 566 in
1471 513 1611 568 idola
1657 514 1999 567 insanierunt
2023 515 2342 584 discrepans
2374 524 2451 575 At

2332 534 2342 570 ι
2374 524 2415 575 Α
2443 519 2576 582 Θεὸς
2607 521 2687 581 εἰς
2725 518 2898 582 πάθος
2938 519 3220 585 ἀτιμίας.»
3258 521 3369 587 (18)
3402 521 3510 573 Καὶ
3534 520 3669 584 ὅλως
3702 522 3810 575 τῶν
3844 523 3902 576 ὲν
3945 528 4014 577 εί-

765 615 846 660 est
883 606 1069 674 opinio
1099 615 1154 660 et
1184 606 1388 668 cultus,
1425 620 1524 659 nec
1573 605 1764 659 eadem
1814 606 1956 674 apud
2000 606 2148 674 ipsos
2191 606 2342 659 inve—

766 699 1009 757 niuntur.
1042 698 1102 751 Et
1121 698 1245 765 jure
1266 698 1521 767 quidem;
1544 694 1677 751 illud
1695 696 1841 749 enim
1869 710 1976 748 non
1999 711 2224 765 parvum
2255 712 2342 751 ar-

761 791 1074 856 gumentum
1105 799 1188 844 est
1219 789 1510 858 impietatis
1543 801 1754 842 eorum.
1777 785 1911 842 Cum
1942 789 2087 842 enim
2127 789 2258 842 varii
2288 800 2344 844 et

762 879 917 934 multi
951 881 1063 934 sint
1092 881 1146 935 in
1176 894 1519 949 quacumque
1554 878 1775 948 regione
1796 879 1897 942 dii,
1919 879 2094 935 altero
2114 880 2340 936 alterius

757 973 919 1026 deum
951 973 1195 1038 tollente,
1235 973 1501 1028 tolluntur
1542 986 1756 1027 omnes.
1806 972 2018 1027 Etenim
2065 975 2160 1043 qui
2195 977 2338 1046 apud

759 1063 894 1122 alios
924 1063 998 1116 dii
1028 1062 1306 1130 coluntur,
1344 1063 1412 1117 iis
1442 1063 1534 1132 qui
1577 1062 1722 1133 apud
1774 1064 1911 1118 alios
1957 1065 2221 1120 dicuntur
2258 1065 2338 1120 dii

759 1154 1112 1208 immolantur
1140 1163 1193 1209 et
1224 1153 1624 1209 sacrilicantur.
1656 1151 1894 1223 Egyptii
1917 1154 2075 1222 Apim
2107 1155 2333 1210 vitulum

759 1257 1088 1301 venerantur
1111 1255 1166 1301 et
1192 1246 1529 1303 Mendesium
1560 1247 1795 1310 hircum,
1828 1261 1970 1316 quos
1994 1247 2218 1317 quidem
2242 1251 2336 1306 alii

756 1339 874 1393 Jovi
912 1340 1232 1405 immolant;
1265 1339 1417 1410 Libyi
1448 1353 1577 1393 oves
1605 1339 1860 1402 adorant,
1890 1349 1946 1392 et
1966 1339 2036 1394 ab
2057 1339 2181 1394 aliis
2203 1355 2335 1395 oves

758 1432 825 1485 ad
877 1433 1162 1488 victimam
1212 1431 1554 1501 iugulantur.
1623 1429 1738 1484 Indi
1797 1431 2074 1486 Bacchum
2142 1433 2336 1488 colunt

757 1522 1053 1591 symbolice
1093 1524 1273 1591 ipsum
1327 1521 1512 1576 vinum
1574 1522 1930 1591 appellantes,
1963 1531 2016 1576 et
2049 1521 2140 1576 alii
2185 1522 2332 1577 istud

755 1614 962 1682 libant;
993 1614 1087 1668 alii
1141 1629 1275 1670 vero
1309 1613 1534 1668 ﬂumina
1591 1619 1647 1668 et
1696 1612 1900 1678 fontes,
1953 1621 2010 1667 et
2063 1615 2332 1685 pmcipue

755 1709 988 1780 z‘Egyptii
1025 1724 1222 1779 aquam
1251 1710 1422 1780 pluris
1452 1707 1700 1764 fecerunt
1732 1717 1788 1762 et
1824 1708 1987 1762 deum
2015 1708 2329 1764 declarave—

751 1813 896 1858 runt.
966 1803 1122 1873 Apud
1177 1802 1396 1857 eosdem
1451 1807 1662 1855 tantum
1703 1813 1869 1869 super
1901 1812 2095 1854 omnes
2140 1809 2331 1870 gentes

2445 608 2636 670 δὼλοις
2673 608 2958 676 μανέντων
2993 607 3210 660 πάντων
3243 609 3495 677 διάφορός
3521 611 3672 663 ἐστιν
3701 614 3736 683 ή
3768 611 3896 678 δόξα
3927 615 4021 665 ιια¹ι

2443 701 2476 766 ή
2514 697 2802 766 θρησκεία.
2835 696 2928 750 καὶ
2954 698 3016 749 οὐ
3050 698 3283 750 τὰαύτὰ
3322 700 3474 768 παρά
3515 702 3629 763 τοῖς
3687 700 3873 764 αὐτοῖς
3925 703 4011 755 εὑ·

2446 789 2714 857 ρίσκεται.
2747 790 2854 840 Καὶ
2877 790 3103 851 είκότως
3136 805 3151 820 ⁸
3185 790 3342 843 τοῦτο
3364 792 3473 862 γὰρ
3491 793 3552 845 οὐ
3581 793 3778 862 μικρὸς
3798 794 4021 864 ἔλεγχός

2442 881 2559 932 ἐστι
2574 879 2673 948 τῆς
2699 879 2880 933 αὐτῶν
2906 880 3199 952 ἀθεότητος
3218 901 3232 916 ·
3263 883 3542 955 διαφόρων
3570 884 3681 956 γὰρ
3710 884 3885 940 δντων
3917 888 4020 939 καὶ

2441 969 2654 1024 πολλῶν
2689 973 2833 1026 κατά
2861 971 3048 1042 χώραν
3074 974 3234 1039 θεῶν,
3257 975 3350 1027 τοῦ
3371 976 3559 1045 ἐτέρου
3586 975 3680 1027 τὸν
3707 975 3803 1028 τοῦ
3825 975 4019 1046 ἑτέρου

2438 1061 2563 1115 θεὸν
2587 1064 2608 1094 ⁸
2637 1063 3012 1134 ἀναιροῦντος,
3050 1068 3098 1117 οἱ
3131 1066 3333 1128 πάντες
3365 1065 3720 1134 ἀναιροῦνται
3739 1082 3754 1096 ·
3790 1068 3885 1120 καὶ
3909 1070 4019 1135 γὰρ

2438 1156 2488 1209 oi
2515 1156 2651 1227 παρ’
2679 1156 2863 1218 ἀλλοις
2895 1155 3246 1227 νομιζόμενοι
3305 1158 3420 1210 θεοὶ
3477 1159 3589 1211 τῶν
3656 1159 3789 1229 παρ’
3837 1157 4020 1213 ἄλλων

2437 1249 2748 1320 λεγομένων
2772 1249 2911 1303 θεῶν
2941 1248 3185 1317 γίνονται
3224 1251 3451 1303 σπονδαὶ
3481 1252 3579 1303 xui.
3609 1250 3812 1304 θυσίαι.
3845 1251 4017 1318 Αίγύ-

2439 1359 2587 1395 πτιοι
2618 1342 2718 1411 μὲν
2747 1343 2839 1395 τὸν
2867 1338 3034 1396 Ἆπιν
3065 1341 3197 1412 βοῦν
3223 1343 3424 1412 μόσχον
3468 1343 3599 1396 δντα
3654 1339 3874 1396 σέϐουσι
3920 1345 4016 1396 καὶ

2436 1435 2529 1486 τὶν
2560 1433 2866 1504 Μενδήσιον
2915 1433 3142 1503 τράγον,
3203 1435 3430 1498 τούτους
3486 1435 3542 1488 δὲ
3601 1435 3752 1489 ἄλλοι
3796 1436 3873 1503 τῷ
3932 1437 4020 1489 Διῒ

2435 1524 2676 1578 θύουσιν.
2703 1524 2903 1588 Λίϐυες
2928 1526 2948 1556 ⁷
2973 1525 3030 1578 δὲ
3068 1524 3716 1595 προϐατοθεοποιοῦντες,
3734 1527 3830 1579 καὶ
3857 1525 4019 1579 τοῦτο

2433 1618 2567 1687 παρ’
2606 1618 2812 1684 ἑτέρων
2839 1617 2860 1648 ⁸
2883 1618 2964 1679 εἰς
2995 1617 3187 1670 θυσίαν
3217 1615 3515 1684 σφάττεται
3539 1618 3581 1668 ⁹.
3627 1616 3777 1669 Ἰνδοὶ
3817 1616 3874 1669 δὲ
3920 1616 4017 1668 τὸν

2432 1709 2686 1762 Διόνυσον
2717 1709 3102 1780 θρησκεύουσι,
3157 1708 3507 1778 συμϐολικῶς
3545 1708 3707 1762 αὑτὸν
3763 1706 3907 1762 οῐνον
3973 1709 4016 1740 ³⁵

2432 1800 2811 1870 ὀνομάζοντες.
2843 1801 2955 1853 Καὶ
2983 1799 3134 1854 ἄλλοι
3161 1799 3353 1854 τοῦτον
3377 1801 3689 1867 σπένδουσι,
3723 1801 3902 1872 ἕτεροι
3959 1800 4018 1853 δὲ

749 1894 1214 1966 superabundavit
1261 1896 1485 1950 insanus
1532 1894 1808 1950 idolorum
1849 1893 2065 1958 cultus,
2108 1902 2171 1946 ut
2213 1907 2325 1947 non
2359 1893 2404 1953 Β

2359 1893 2404 1953 B
2432 1893 2718 1963 ποταμοὺς
2744 1895 2841 1946 καὶ
2863 1893 3046 1964 πηγάς
3071 1893 3114 1923 “
3137 1909 3150 1922 ·
3183 1895 3276 1947 καὶ
3311 1895 3529 1947 πάντων
3586 1895 3790 1962 μᾶλλον
3843 1893 4017 1960 Λιγύ-

749 1991 925 2047 solum
958 1989 1126 2044 boves
1155 1997 1210 2041 et
1238 1986 1445 2052 hircos,
1492 2000 1659 2041 canes
1697 1997 1750 2039 et
1789 1985 1982 2040 simias
2007 1984 2326 2048 adorarent,

747 2084 838 2137 sed
873 2090 925 2137 et
950 2081 1076 2136 allia
1107 2089 1161 2136 et
1187 2094 1350 2150 cepas
1377 2087 1432 2134 et
1454 2079 1626 2133 multa
1653 2077 1783 2132 vilia
1812 2077 1962 2132 olera
1990 2078 2125 2133 deos
2153 2091 2320 2132 voca—

749 2183 871 2229 rent
902 2183 958 2229 et
986 2174 1277 2229 adorarent
1327 2187 1439 2242 pra:
1468 2172 1636 2225 nimia
1687 2171 1986 2240 impietate.
2012 2169 2081 2224 Et
2125 2183 2326 2239 aquam

745 2267 969 2338 quidem
1028 2265 1132 2320 Nili
1177 2266 1602 2329 venerabantur,
1655 2273 1840 2334 utpote
1877 2278 1997 2334 qua:
2048 2263 2326 2334 regionem

751 2362 997 2431 ipsorum
1033 2359 1332 2430 irrigabat;
1363 2357 1554 2412 bovem
1581 2364 1764 2411 autem
1797 2356 1997 2411 divinis
2025 2354 2332 2411 alliciebant

745 2453 1067 2518 honoribus,
1090 2461 1148 2506 ut
1164 2450 1554 2520 agriculturam
1585 2456 1976 2520 exsequentem
1991 2457 2048 2502 et
2062 2448 2325 2502 alimenta

748 2553 1061 2616 parantem;
1116 2544 1326 2598 hircum
1377 2557 1507 2597 vero
1530 2551 1584 2596 et
1623 2557 1757 2597 oves
1812 2541 1885 2596 ob
1939 2556 2128 2596 earum
2179 2540 2330 2594 utili-

750 2648 957 2706 tatem;
987 2647 1211 2694 cmteras
1242 2636 1702 2702 abominationes,
1729 2649 2007 2705 canesque
2032 2643 2091 2690 et
2114 2635 2329 2700 simias,

742 2740 796 2786 et
846 2731 1092 2785 marinas
1138 2727 1343 2784 bestias
1388 2736 1443 2783 et
1498 2726 1604 2782 alia
1663 2727 1900 2782 absurda
1959 2725 2220 2780 animalia
2273 2733 2329 2779 et

742 2822 892 2877 olera
922 2820 1196 2885 colebant,
1225 2835 1293 2875 eo
1351 2818 1502 2890 quod
1549 2807 1782 2874 salutem
1826 2819 2142 2890 pra-hebant
2186 2827 2331 2874 tem-

740 2928 872 2983 pore
903 2912 1058 2969 exitii
1091 2910 1430 2980 ,Pharaonis.
1470 2909 1704 2976 Quando
1739 2912 1888 2965 enim
1928 2910 2034 2965 iste
2064 2909 2321 2965 lsraelem

738 3021 1076 3076 persequens
1105 3006 1429 3061 submersus
1459 3013 1570 3069 est,
1595 3004 1990 3074 lunasquisque
2025 3003 2159 3057 illud
2197 3017 2324 3072 pro-

739 3109 862 3170 pter
880 3097 1026 3169 quod
1054 3097 1351 3167 impeditus
1379 3095 1560 3153 fuerat
1591 3111 1661 3151 ne
1689 3094 2036 3150 Pharaonem
2070 3109 2325 3164 sequere-

739 3201 850 3258 tur,
881 3201 936 3248 et
967 3191 1129 3262 cujus
1158 3193 1452 3246 occasione
1497 3189 1686 3245 salvus
1719 3194 1992 3256 evaserat,
2026 3187 2156 3240 illud
2178 3227 2194 3250 ,
2234 3188 2323 3240 in-

738 3298 928 3354 quam,
960 3283 1151 3339 divino
1182 3281 1362 3339 aﬂ‘ecit
1410 3282 1644 3347 honore,
1671 3280 1902 3335 dicens:
1933 3297 1955 3331 ι
1997 3279 2143 3334 Dens
2167 3293 2324 3334 meus

738 3377 918 3431 tactus
971 3388 1031 3430 es
1067 3375 1228 3431 hodie
1254 3375 1582 3444 praesertim,
1627 3388 1725 3444 per
1767 3387 1933 3443 quem
1976 3371 2163 3426 salvus
2215 3387 2323 3426 non

737 3464 875 3536 perii
915 3479 1040 3519 cum
1071 3465 1378 3532 Pharaone,
1421 3465 1716 3535 impeditus
1755 3465 1860 3518 ista
1898 3463 2264 3533 providentia.
2295 3481 2316 3514 ε

2432 2001 2578 2038 πτιοι
2609 1985 2670 2038 τὸ
2691 1984 2837 2055 ὕδωρ
2861 1986 3303 2057 προτετιμήκασι
3331 1985 3428 2039 καὶ
3458 1985 3583 2039 θεὸν
3608 1986 4012 2057 ἀνηγόρευσαν.

2440 2078 2555 2150 (l9)
2601 2076 2692 2132 Ἐν
2729 2071 2812 2142 οἷς
2828 2081 2922 2130 καὶ
2955 2078 3212 2132 τοσοῦτον
3235 2078 3715 2150 ὑπερεπλεόνασεν
3765 2081 3800 2149 ή
3857 2079 4015 2132 είδωο

2431 2172 2666 2241 λομανία
2702 2173 2744 2203 ¹²
2775 2171 2928 2241 παρά
2958 2173 3025 2226 τά
3058 2171 3186 2244 ἔθνη
3215 2174 3417 2239 πάντα,
3451 2173 3527 2236 ὡς
3560 2173 3622 2225 οὐ
3671 2174 3833 2243 μόνον
3884 2173 4014 2242 βόας

2428 2281 2492 2317 τε
2521 2264 2614 2318 καὶ
2643 2265 2881 2334 τράγους
2911 2269 3004 2318 καὶ
3026 2263 3197 2329 κύνας
3229 2267 3325 2318 καὶ
3351 2266 3620 2336 πιθήκους
3651 2265 4013 2336 θεραπεῦσαι,

2430 2356 2568 2412 ἀλλὰ
2592 2355 2706 2429 ω
2751 2357 2847 2410 καὶ
2883 2357 3116 2427 σκόροδα
3153 2359 3248 2411 καὶ
3296 2357 3516 2428 κρόμυα
3551 2360 3649 2411 καὶ
3685 2357 3860 2412 πολλά
3899 2358 4014 2410 τῶν

2429 2449 2665 2502 εὐτελῶν
2693 2450 2737 2482 ⁸³
2768 2448 3020 2518 λαχάνων
3053 2447 3211 2512 θεοὺς
3239 2447 3513 2520 ὀνομάσαι
3559 2450 3604 2482 ⁸⁵
3633 2455 3729 2503 καὶ
3759 2465 4016 2520 προσκυ-

2428 2543 2706 2612 νῆσαιδιά
2743 2543 2837 2596 τὸν
2867 2541 3101 2596 πλοῦτον
3152 2545 3254 2613 τῆς
3305 2543 3586 2606 ἀσεϐείας.
3642 2543 3754 2597 Καὶ
3789 2543 3854 2596 τὸ
3911 2542 4019 2611 μὲν

2429 2633 2578 2706 ὕδωρ
2616 2633 2712 2688 τοῦ
2749 2633 2945 2689 Νείλου
2977 2635 3231 2690 ἐσέϐοντο
3245 2636 3322 2698 ὡς
3341 2636 3442 2704 τὴν
3462 2636 3649 2707 χώραν
3679 2635 3791 2706 (ib)
3827 2635 4017 2688 αὐτῶν

2428 2723 2658 2794 ἀρδεῦον
2686 2725 2730 2757 ⁸⁸
2755 2741 2768 2754 ·
2815 2724 2910 2778 τδν
2937 2725 2996 2779 δὲ
3018 2724 3149 2796 βοῦν
3172 2725 3489 2780 ἔθεοποίουν
3520 2728 3565 2760 ⁸⁸
3593 2729 3670 2790 ὡς
3692 2726 3793 2798 τήν
3834 2742 4017 2796 γεωρ-

2430 2817 2560 2885 γίαν
2586 2817 2942 2870 ἐπιτελοῦντα
2969 2816 3067 2870 καὶ
3091 2820 3193 2887 τὴν
3221 2818 3431 2888 τροφὴν
3481 2817 3798 2889 πορίζοντα,
3828 2815 3921 2869 τὸν
3954 2817 4017 2870 δὲ

2425 2908 2632 2979 τράγον
2666 2909 2762 2960 καὶ
2787 2907 2858 2962 τὰ
2892 2908 3140 2979 πρόϐατα
3161 2909 3250 2964 διὰ
3282 2911 3386 2980 τήν
3443 2908 3504 2974 ιξ
3556 2909 3737 2964 αὐτῶν
3765 2909 3963 2979 χρῆσιν
3994 2922 4015 2937 ⁶

2423 3002 2493 3055 τὰ
2521 3001 2579 3054 δὲ
2605 3001 2769 3054 λοσπά
2805 3000 3159 3071 βδελύγματα
3186 3043 3203 3069 ,
3263 3001 3436 3065 κύνας
3475 3018 3536 3055 τε
3595 3002 3692 3056 καὶ
3732 3001 4016 3070 πιθήκους

2425 3094 2522 3148 καὶ
2551 3092 2801 3146 κνώδαλα
2832 3096 2930 3146 καὶ
2968 3095 3068 3164 τὴν
3090 3095 3286 3165 λοιπὴν
3317 3095 3631 3164 ἀπρέπειαν
3682 3094 3793 3148 τῶν
3849 3093 4016 3158 ζώων

2425 3202 2488 3239 τε
2521 3187 2614 3239 καὶ
2643 3187 2894 3257 λαχάνων
2919 3188 3255 3259 ἐθεράπευον
3279 3189 3348 3255 ³⁷,
3380 3189 3573 3242 καθότι
3603 3187 3884 3258 πρόφασις
3909 3187 4014 3239 αὺ-

2427 3284 2540 3345 τοῖς
2569 3283 2626 3336 αἱ
2659 3283 2788 3352 περὶ
2815 3282 2988 3335 ταῦτα
3033 3285 3216 3353 χρεῖαι
3255 3284 3542 3353 γεγόνασι,
3581 3283 3746 3353 δῆθεν
3779 3281 3931 3336 αίτια
3963 3280 4012 3311 ⁸⁸

2432 3373 2710 3443 σωτηρίας
2726 3373 2787 3425 ἐν
2805 3371 2883 3441 τῷ
2899 3374 3080 3443 καιρῷ
3104 3374 3204 3442 τῆς
3230 3373 3323 3426 τοῦ
3348 3374 3548 3443 Φαραὼ
3570 3369 4014 3438 πανολεθρίαςη.

2445 3463 2640 3517 Ἦνίκα
2669 3463 2777 3532 γὰρ
2805 3464 3015 3525 ἐκεῖνος
3062 3464 3153 3516 τὸν
3209 3463 3428 3534 Ἰσραὴλ
3483 3459 3697 3513 διώκων
3740 3473 4014 3510 κατεπον-

735 3558 916 3628 τίσθη,
954 3560 1187 3620 ἕκαστος
1214 3557 1415 3629 περὶῳ
1479 3555 1880 3626 ἀπησχολίσθη,
1933 3556 2010 3625 μὴ
2057 3555 2495 3626 ὲξακολουθήσας
2548 3555 2850 3626 τῷῡαραῷ
2910 3556 3009 3609 καὶ
3073 3555 3422 3624 περισωθεὶς,
3476 3552 3638 3606 τοῦτο
3687 3549 4012 3618 ὲθεοποίησε

735 3655 910 3722 λέγων
943 3670 960 3685 ·
991 3653 1150 3715 ιΘεός
1212 3671 1312 3723 μου
1367 3651 1599 3720 γέγονας
1639 3650 1882 3721 σήμερον
1903 3649 2160 3721 μάλιστα,
2187 3647 2257 3701 δι’
2282 3642 2345 3703 οὗ
2383 3650 2483 3704 καὶ
2543 3647 2740 3714 σωθεὶς
2779 3650 2841 3702 οὐ
2890 3647 3296 3719 συναπόλμωην
3326 3647 3404 3718 τῷ
3471 3645 3697 3719 capas»,
3740 3642 4013 3704 κωλυθεὶς

735 3750 823 3802 διὰ
850 3751 948 3820 τῆς
977 3749 1172 3802 τούτου
1204 3745 1488 3817 προνοίας.
1517 3763 1534 3794 ε

807 3953 932 4006 I’ost
969 3959 1182 4019 tempus
1221 3947 1415 4016 igitur,
1462 3953 1518 3999 et
1563 3944 1718 4013 juxta
1755 3942 1962 4012 justam
1999 3940 2311 4011 periodum,

734 4043 1000 4114 [Egyptiis
1056 4039 1388 4096 nascebatur
1452 4036 1576 4099 bos,
1611 4034 1822 4090 habens
1867 4033 2024 4103 signa
2061 4032 2311 4102 quaedam

733 4151 897 4205 super
939 4135 1122 4204 lingua
1168 4141 1222 4186 et
1283 4131 1337 4185 in
1384 4128 1576 4192 cauda,
1632 4124 1838 4197 quibus
1887 4125 2313 4194 dignoscebatur

733 4227 863 4294 Apis
915 4225 1029 4278 sive
1078 4223 1213 4277 deus
1276 4232 1436 4285 esse;
1497 4214 1643 4271 unde
1689 4214 1890 4270 reatum
1939 4211 2310 4277 celebrabant,

730 4318 884 4387 quasi
920 4318 1055 4371 deus
1089 4315 1229 4368 inter
1274 4326 1370 4366 eos
1400 4322 1694 4365 mansurus
1743 4305 2080 4370 advenisset,
2101 4314 2158 4359 et
2185 4303 2311 4359 bovi

733 4410 943 4463 lautum
978 4408 1030 4460 in
1065 4403 1292 4476 prmsepi
1326 4400 1669 4473 apponebant
1695 4399 2033 4465 convivium,
2056 4398 2130 4452 ita
2147 4397 2310 4451 deum

731 4515 887 4555 suum
919 4497 1096 4570 epulis
1125 4497 1487 4552 celebrantes.
1520 4493 1790 4548 Similiter
1818 4499 1876 4547 et
1900 4490 2117 4546 hircum
2151 4504 2314 4545 vene-

2497 3938 2610 4010 (20)
2652 3935 2828 4007 ’Υπὲρ
2857 3935 3054 4006 χρόνον
3074 3935 3132 3989 δὲ
3164 3936 3346 3988 τοίνυν
3402 3935 3495 3987 καὶ
3555 3933 3697 3986 κατά
3748 3933 4010 4004 περίοδόν

2419 4047 2544 4084 τινα
2591 4031 2706 4092 τοῖς
2767 4028 3097 4096 Αἰγυπτίοις
3181 4028 3442 4097 ἐγεννᾶτο
3494 4025 3622 4096 βοῦς
3692 4025 3833 4095 ἔχων
3900 4043 4006 4096 aq-

2422 4125 2552 4191 μεῑά
2579 4141 2702 4176 τινα
2750 4124 2880 4193 περὶ
2919 4121 3022 4192 τὴν
3046 4121 3300 4190 γλῶσσαν
3330 4122 3425 4174 καὶ
3461 4121 3561 4190 τὴν
3588 4121 3805 4190 κέρκον,
3836 4117 3896 4184 ἐξ
3925 4115 4008 4175 ῶν

2419 4214 2774 4288 δγνωρίζετο,
2794 4217 2878 4268 ὅτι
2906 4209 3078 4277 Ἀπίς
3102 4217 3254 4269 ἐστιν
3280 4215 3350 4280 ’⁸,
3373 4215 3542 4284 ἤγουν
3569 4213 3713 4278 θεὸς,
3746 4212 3872 4266 ὅθεν
3905 4213 4008 4268 καὶ

2417 4309 2616 4382 ἑορτήν
2641 4309 2884 4374 ἐποίουν,
2910 4307 2988 4372 ῶς
3017 4308 3145 4362 θεοῦ
3191 4309 3376 4371 αὐτοῖς
3432 4307 3862 4376 ὲνδημήσαντος,
3907 4311 4008 4360 καὶ

2417 4401 2790 4473 παρατιθέασι
2818 4401 2898 4472 τῷ
2933 4400 3020 4471 βοῒ
3057 4401 3384 4455 πανδαισίαν
3409 4404 3449 4432 ¹¹
3477 4403 3537 4453 ἐν
3562 4403 3631 4471 τῇ
3649 4399 3828 4472 φάτνῃ
3869 4400 4006 4452 πολ-

2419 4494 2540 4566 λὴν,
2572 4496 2651 4559 ὡς
2673 4495 2743 4550 ἂν
2773 4496 2825 4549 εἰ
2855 4494 3197 4566 εὐωχοῦντες
3227 4493 3322 4546 τὸν
3361 4493 3484 4546 θεὸν
3535 4493 3738 4548 αὐτῶν.
3800 4492 4002 4545 Ὡσαύ-

731 4560 1016 4654 rabanttir,
1054 4603 1216 4659 quem
1250 4584 1477 4642 Menden
1510 4584 1796 4648 vocabam,
1819 4581 2040 4654 etjuxta
2068 4580 2310 4651 linguam

2344 4560 2390 4643 θ
2415 4560 2612 4651 τάδε
2643 4587 2857 4642 καὶτὸν
2899 4560 3107 4659 τράγον
3143 4587 3431 4656 σεϐόμενοι
3478 4587 3524 4617 ¹¹
3571 4584 3792 4654 Μένδην
3845 4585 4003 4652 λεγό-

727 4699 886 4738 suam
917 4691 1179 4752 tanquam
1226 4686 1611 4734 consecratum
1660 4677 1883 4732 aiebant
1925 4674 2148 4746 genitali
2195 4675 2306 4727 vir-

727 4778 848 4841 tuti,
894 4777 1052 4844 cujus
1080 4775 1219 4828 hirci
1261 4773 1519 4842 templum
1549 4769 1822 4832 exstabat,
1881 4769 1938 4825 in
1984 4781 2096 4838 quo
2125 4776 2307 4823 statua

724 4879 841 4923 erat
903 4867 1130 4924 hircinis
1184 4866 1472 4928 cruribus,
1550 4875 1731 4920 erecta
1786 4862 2020 4918 verenda
2072 4862 2303 4917 habens.

2421 4692 2586 4746 μενον
2613 4677 2710 4731 καὶ
2749 4679 2796 4710 ’³
2829 4677 2974 4732 κατά
3004 4680 3107 4748 τὴν
3137 4677 3350 4731 ἑαυτῶν
3384 4677 3640 4745 γλῶσσαν
3667 4676 3741 4740 ῶς
3774 4678 4001 4731 ἀνακεί-

2418 4786 2582 4840 μενον
2609 4769 2854 4838 ἔφασκον
2896 4771 2964 4839 τῇ
2993 4770 3212 4840 γονίμῳ
3247 4769 3501 4839 δυνάμει,
3550 4763 3761 4830 οὗτινος
3790 4769 4001 4838 τράγοι

2413 4861 2512 4916 καὶ
2549 4863 2695 4934 ίερῦν
2717 4863 2966 4936 ὑπῆρχεν
2994 4857 3118 4931 {vi}:
3153 4859 3224 4934 ἦν
3250 4863 3630 4934 τραγοσκελὴς
3658 4863 3704 4894 ’⁸
3725 4862 3912 4931 δρθιον
3941 4863 4000 4913 τὸ

1906 5085 2109 5147 Variae
2156 5084 2462 5148 lectiones
2493 5091 2550 5146 et
2591 5093 2774 5148 notae.

793 5336 810 5365 ⁷
840 5334 1033 5394 Λίϐυες
1071 5332 1125 5384 δὲ
1162 5331 1436 5401 πρόϐατον
1466 5331 1774 5384 Osann-ciet.
1817 5327 1892 5392 ὡς
1911 5329 2049 5401 Θεόν
2086 5327 2170 5401 Βξ.

724 5405 817 5457 καὶ
845 5402 1155 5474 κρήναςίν.
1234 5404 1276 5433 ¹¹
1305 5401 1710 5474 εἱδωλομανίαῴ
1738 5401 1821 5457 B‘.

725 5469 1166 5548 ’δὲθεοποιοῦντο
1215 5480 1272 5548 et
1327 5487 1438 5548 om.
1488 5469 1598 5548 ξιήν
1633 5470 1692 5524 B‘
1725 5500 1793 5509 --
1834 5469 2010 5548 βδελλ.

721 5542 1142 5624 ἐνασχολεῖσθαι,
1181 5545 1260 5606 είς
1311 5542 1451 5624 ανξιτά
1476 5539 1566 5624 ,δτι
1606 5560 1660 5596 κ.
1701 5539 1968 5624 πηκτοῦ.
2009 5541 2206 5624 χρόνου
2231 5539 2479 5624 ἐγείνατο
2499 5554 2555 5624 ετἱ
2586 5539 2666 5590 Ἀ.

989 5615 1034 5643 ’⁸
1062 5605 1300 5681 δεόμενοι
1325 5614 1399 5665 Μ.
1432 5613 1682 5680 λέγουσιν
1715 5628 1769 5664 κ.
1812 5611 1911 5678 τὴν
1951 5605 2317 5664 humilium
2362 5608 2563 5660 ὡσανεὶ
2603 5605 2758 5730 usti-1.
2789 5605 2874 5661 B'.
2907 5676 2911 5679 _
2948 5607 2997 5639 ”
3024 5608 3118 5660 καί
3157 5608 3280 5662 dele
3321 5607 3376 5660 in
3414 5605 3629 5660 codice:

989 5703 1011 5730 υ
1043 5683 1129 5730 11⁸.
1162 5684 1234 5730 ὡς
1262 5684 1328 5730 ἂν
1365 5685 1412 5730 εἰ
1443 5697 1552 5730 οιιι.
1575 5683 1659 5730 Ιὶί-
1738 5684 1781 5712 ἰ
1818 5681 2175 5730 τοσγοσκελξε
2207 5682 2396 5730 codex.
2439 5679 2531 5730 sed
2562 5677 2634 5730 cf.
2675 5677 2690 5730 Ι
2720 5678 3005 5730 erodotum
3055 5677 3118 5730 II.
3152 5678 3222 5730 46
3249 5705 3317 5718 -—
3338 5675 3629 5730 τοαγοσκε]

1738 5684 1781 5712 ³·
1818 5675 2175 5750 τραγοσκελξς
2207 5682 2396 5746 codex,
2439 5679 2531 5734 sed
2562 5677 2634 5732 cf.
2675 5675 3005 5733 Herodotum
3055 5677 3118 5745 ll,
3152 5678 3222 5732 46
3249 5705 3317 5718 -—
3338 5692 3420 5744 τρι

2313 5694 2396 5746 ex,
2439 5679 2531 5734 sed
2562 5677 2634 5732 cf.
2675 5675 3005 5733 Herodotum
3055 5677 3118 5745 ll,
3152 5678 3222 5732 46
3249 5705 3317 5718 -—
3338 5675 3712 5748 τραγοσκελὴς
3737 5675 3821 5743 B',
3853 5691 3995 5746 τρα-

722 5621 911 5671 codex.

720 5685 1011 5738 πανδεσίαν
1043 5683 1129 5746 11⁸,
1162 5684 1234 5747 ὡς
1262 5684 1328 5737 ἂν
1365 5685 1412 5734 εἰ
1443 5697 1552 5737 oni.
1575 5683 1659 5742 13'.

719 5757 996 5820 γὀ;κ;>.έ;,
1022 5756 1115 5809 scd
1147 5756 1281 5824 ἔχων
1334 5753 1458 5809 eod.

2248 5326 2270 5356 ⁸
2305 5327 2513 5396 ἑτέροις
2545 5327 2600 5378 U'
2613 5366 2628 5379 .

1934 5400 1978 5430 ³³
2001 5397 2236 5451 εὐτελῶν
2269 5414 2380 5451 υιιι.
2410 5398 2500 5452 Β”.

2121 5470 2160 5499 ι’
2192 5470 2526 5551 ἐθεράπευον
2575 5481 2686 5551 om.
2721 5466 2834 5551 “BI.

3251 5326 3292 5355 “
3317 5318 3431 5376 οἷον
3458 5324 3510 5377 ἀ.
3547 5323 3625 5375 ὀν.
3663 5322 3748 5376 B‘.
3861 5325 3899 5354 “
3935 5343 3995 5379 π.

2617 5397 2659 5427 ⁸⁸
2688 5397 3050 5465 ὀνομάζουσιν
3095 5396 3180 5450 Β¹.
3301 5394 3612 5463 ¹⁸ἀρδεύων
3666 5396 3725 5446 ιι·
3757 5404 3812 5448 et
3870 5401 3996 5449 Cod.

2617 5482 2686 5518 m.
2749 5466 2834 5518 B'.
2943 5465 3207 5518 ηαἴτιον.
3315 5465 3360 5495 "
3384 5463 3740 5518 πανολεοοίας
3793 5464 3884 5517 διά
3937 5467 4000 5518 τὸ

2749 5481 2834 5519 11³.
2945 5481 2988 5498 ³⁸
3009 5481 3207 5520 αιτιον.
3319 5481 3359 5495 ¹’
3384 5481 3740 5534 πανοιευριας

2717 5536 2846 5607 βοῦς
2886 5535 2971 5588 B‘.
3048 5536 3275 5589 "eam
3328 5549 3443 5589 om.
3479 5533 3564 5607 ut.
3624 5537 3666 5607 ξι
3698 5553 3737 5607 ετ

2837 5607 2874 5661 '.
2948 5607 2997 5639 "
3024 5608 3118 5660 καί
3157 5608 3280 5662 dele
3321 5607 3376 5660 in
3414 5604 3603 5660 codice
3623 5604 3900 5659 deﬁciens.
3926 5635 3998 5647 —-

2704 5329 2724 5356 ’
2757 5325 3022 5392 σφάζεται
3055 5325 3139 5377 ιιι.

3624 5537 3666 5566 ⁸⁸
3698 5535 3862 5587 πανδε
3872 5535 3998 5587 σίαν
