4260 6438
752 412 843 475 lli
1945 404 2262 463 GEORGII
2305 403 2750 462 liAMARTOLl

3884 402 3984 467 112

749 542 868 581 rum
898 529 1136 578 assumat
1168 521 1220 575 in
1257 518 1430 586 seipsa
1461 525 1515 570 et
1543 513 1855 586 singulatim
1905 528 2128 586 spectet.
2159 533 2312 585 pror-
2347 529 2388 581 Α
2415 533 2431 568 1

2310 549 2312 556 -
2347 529 2388 581 Α
2415 516 2513 585 τὴν
2539 516 2750 587 ψυχρὰν
2774 515 2869 568 καὶ
2891 513 3060 584 ξηρὰν
3093 515 3185 568 καὶ
3211 514 3380 584 ὑγρὰν
3402 514 3614 578 οὐσίαν,
3638 513 3859 583 διαιρῶν
3883 515 3992 566 ἀει-,δ

751 634 846 674 sus
905 615 1103 669 videbit
1150 610 1283 666 nihil
1333 610 1436 665 sibi
1485 607 1753 670 suﬂicere,
1821 609 1912 662 sed
1957 622 2149 665 cuncta
2195 611 2318 665 aliis

752 705 982 760 invicem
1043 703 1325 770 indigere,
1375 709 1430 754 et
1483 700 1685 754 mutuis
1737 697 1952 752 auxiliis
1999 701 2312 754 subsistere.

752 799 842 850 :‘ol
875 798 1016 850 enim
1051 794 1145 847 toti
1179 793 1316 847 ccelo
1341 788 1780 845 circumvertitur
1819 797 1874 841 et
1921 791 2228 844 continetur
2263 793 2315 845 in

750 905 834 951 eo,
861 898 912 942 et
932 887 1053 942 sine
1082 886 1225 939 illius
1257 884 1488 939 circuitu
1521 882 1754 938 tenebrae
1783 896 2064 950 nunquam
2092 891 2314 947 essent;

748 982 875 1032 luna
896 990 1086 1032 autem
1117 988 1172 1031 et
1205 975 1376 1032 stella:
1410 984 1676 1031 testantur
1709 975 2052 1048 splendorem
2094 991 2254 1044 quem
2286 990 2315 1028 a

750 1072 862 1124 sole
889 1069 1201 1139 accipiunt;
1237 1078 1376 1122 terra
1421 1082 1550 1122 vero
1595 1069 1714 1123 sine
1742 1068 1937 1138 pluviis
1969 1067 2177 1122 fruetus
2207 1083 2316 1122 non

749 1159 882 1223 edit,
931 1168 984 1212 et
1036 1158 1247 1227 pluviae,
1297 1156 1409 1210 nisi
1455 1157 1565 1212 sint
1611 1157 1805 1222 nubes,
1841 1171 1947 1210 non
1980 1157 2320 1211 descendunt

751 1265 915 1318 super
947 1258 1183 1312 terram;
1237 1247 1371 1301 nihil
1403 1248 1609 1317 absque
1635 1261 1758 1302 aere
1789 1246 2047 1317 gignitur,
2095 1247 2187 1300 sed
2225 1261 2319 1300 aer

751 1356 858 1394 non
891 1355 985 1409 per
1007 1340 1274 1408 seipsum,
1309 1337 1403 1392 sed
1451 1353 1547 1408 per
1587 1339 1788 1392 aethera
1846 1338 2230 1403 inﬂammatur,
2267 1347 2320 1392 et

757 1447 851 1501 per
880 1431 1048 1485 solem
1084 1431 1384 1484 illustratus
1438 1429 1618 1484 clarus
1665 1428 1914 1484 eﬂicitur.
1957 1427 2157 1485 Fontes
2188 1429 2316 1484 item

749 1533 803 1576 et
832 1522 1053 1576 ﬂumina
1105 1537 1212 1575 non
1263 1523 1471 1590 absque
1521 1529 1666 1575 terra
1717 1522 2016 1575 subsistent
2055 1537 2317 1590 unquam,

754 1627 895 1668 terra
922 1624 1122 1680 autem,
1149 1629 1253 1668 non
1293 1628 1456 1682 super
1481 1612 1716 1682 seipsatu
1753 1612 1989 1678 ﬁrmata,
2018 1615 2112 1667 sed
2159 1629 2323 1682 super

748 1720 1014 1773 aquarum
1070 1705 1427 1758 substantiam
1459 1703 1806 1758 constabilita
1834 1713 1954 1769 est;
2009 1706 2322 1759 continetur

750 1806 803 1850 et
819 1796 936 1866 ipsa
960 1797 1012 1850 in
1035 1796 1212 1850 medio
1235 1796 1386 1851 orbis
1405 1794 1642 1850 universi
1659 1804 1709 1849 et
1735 1810 1840 1849 una
1867 1794 2131 1863 vincitur;
2149 1812 2319 1861 mare,

2417 608 2513 674 τῆς
2558 605 2694 674 πρὸς
2749 603 2860 675 48
2915 603 3152 674 ἀλλήλας
3224 605 3546 672 συναφείας,
3613 604 3707 656 καὶ
3761 605 3992 654 ἕκαστον

2417 695 2634 750 ὲκλάὸοι
2695 696 2818 750 καθ’
2854 697 2895 727 ⁸⁸
2954 695 3148 749 έαυτὸν
3209 697 3303 748 καὶ
3363 697 3467 766 ἰδίει
3502 695 3850 764 θεωρήσειεν,
3901 695 3997 746 εὑ-

2419 791 2576 858 ρήσει
2601 791 2644 820 δ’
2679 789 2894 850 πάντως
2959 789 3126 858 μηδὲν
3188 788 3542 856 ἰκανούμενον
3595 787 3794 856 ἑαυτῷ,
3855 787 3993 838 ἀλλὰ

2416 881 2516 949 τῆς
2543 879 2787 948 ἀλλήλων
2817 878 3006 950 χρείας
3033 879 3362 948 έπιδεόμενα
3389 879 3486 932 καὶ
3509 881 3630 941 ταῐς
3660 879 3792 950 παρ’
3823 877 3994 945 sm).

2419 972 2526 1025 λων
2568 972 2909 1042 ἐπικουρίαις
2967 973 3368 1042 συνιστάμενα’
3413 973 3566 1042 ἡλιος
3617 971 3717 1040 μὶν
3763 969 3872 1039 γὰρ
3911 968 3994 1036 τῷ

2424 1063 2701 1132 σύμπαντι
2729 1062 2944 1134 οὐρανῷ
2973 1065 3401 1133 περιστρέφεται
3431 1063 3529 1116 καὶ
3579 1063 3995 1132 ἐμπεριέχεται,

2419 1158 2515 1210 κα)⁵
2544 1155 2728 1218 σκότος
2761 1156 2891 1208 ἄνευ
2924 1157 3022 1226 τῆς
3049 1155 3259 1210 ἐκείνου
3288 1155 3652 1226 κυκλοφορίας
3684 1154 3731 1186 ⁸³
3774 1154 3873 1206 οὐκ
3928 1154 3996 1205 ἂν

2420 1264 2551 1300 ποτε
2590 1248 2802 1316 γένοιτο
2822 1263 2835 1278 ο
2881 1248 3082 1318 σελήνη
3112 1248 3168 1302 δέ
3193 1249 3285 1301 καὶ
3320 1249 3497 1319 ἄστρα
3528 1245 3868 1319 μαρτυροῦσι
3892 1245 3996 1312 τὴν

2421 1341 2578 1410 παρὰ
2618 1340 2767 1410 ἡλίου
2829 1340 3132 1411 γενομένην
3184 1341 3368 1404 αὐτοῖς
3401 1340 3758 1409 φωταυγίανο
3799 1337 3873 1406 γῆ
3935 1337 3995 1388 δὲ

2422 1431 2585 1484 πάλιν
2644 1433 2746 1485 οὐκ
2796 1432 2926 1486 ἄνευ
2963 1433 3137 1486 ὑετῶν
3179 1435 3306 1497 τοὺς
3358 1436 3607 1502 καρποὺς
3664 1428 3997 1486 ἀποδιδοῦσα

2424 1521 2712 1590 φαίνεταιο
2766 1525 2815 1575 οἱ
2843 1523 2901 1577 δὲ
2949 1524 3095 1578 ὑετοὶ
3142 1525 3310 1594 χωρὶς
3359 1525 3460 1594 τῆς
3510 1525 3619 1578 τῶν
3661 1525 3901 1596 νεφελῶν
3953 1527 3999 1557 δ’

2423 1614 2606 1683 χρείας
2632 1613 2733 1666 οὐκ
2761 1613 2828 1666 ἂν
2878 1614 2972 1668 έπὶ
2999 1616 3099 1685 τῆς
3148 1615 3252 1684 γῆς
3291 1616 3718 1670 καταϐαίνουσιν
3741 1616 3786 1649 ⁸³
3809 1632 3824 1648 °
3880 1616 4000 1670 ἀλλ’

2423 1704 2581 1758 οὐδὲν
2610 1705 2710 1774 ἔφυ
2753 1704 2799 1736 ⁸⁸
2853 1707 3024 1778 χωρὶς
3060 1707 3158 1760 τοῦ
3193 1708 3377 1779 ἀέρος,
3414 1710 3509 1761 καὶ
3537 1711 3566 1761 ό
3593 1708 3703 1779 ἀὴρ
3756 1708 3855 1777 οὐχ
3907 1709 4000 1777 ὑφ’

2425 1795 2774 1864 ἑαυτοῦ,ἀλλ’
2808 1797 2912 1851 ὑπὸ
2954 1796 3054 1867 μὶν
3077 1797 3172 1851 τοῦ
3202 1798 3420 1868 αἰθέρος
3451 1799 3776 1865 όιακαίεται,
3810 1798 3916 1852 ὑπὸ
3942 1799 4001 1851 δέ

750 1899 802 1943 et
851 1890 944 1959 qui
980 1890 1321 1944 extrinsecus
1375 1889 1684 1943 universam
1737 1896 1936 1942 terram
1992 1888 2320 1943 circumﬂuit
2354 1870 2432 1928 Β·

2354 1870 2394 1928 Β
2427 1886 2577 1957 ἡλίου
2639 1887 3141 1959 καταλαμπόμενος
3197 1889 3604 1960 λαμπρύνεται.
3664 1891 3776 1945 Καὶ
3820 1890 4003 1958 πηγαὶ

749 1996 981 2049 magnus
1011 1995 1274 2045 oceanus,
1330 1981 1503 2035 ventis
1556 1982 1793 2049 agitatur
1839 1989 1892 2034 et
1934 1979 2130 2044 Iertur,
2184 1996 2319 2049 quo-

750 2087 985 2142 cumque
1015 2074 1190 2143 ipsum
1226 2074 1307 2128 vis
1337 2083 1620 2127 ventorum
1668 2073 1929 2138 alliserit,
1954 2073 2103 2127 venti
2136 2085 2316 2128 autem

756 2177 863 2215 non
920 2163 973 2216 in
1004 2163 1220 2232 seipsis,
1256 2163 1372 2226 sed,
1400 2163 1555 2231 juxta
1592 2162 1713 2216 illos
1743 2161 1932 2230 quide
1964 2162 2161 2217 talibus
2185 2163 2319 2217 scri-

750 2262 997 2322 pserunt,
1023 2269 1088 2308 ex
1127 2253 1294 2308 odore
1324 2262 1376 2307 et
1399 2252 1582 2308 colore
1615 2252 1816 2322 quibus
1851 2267 1946 2321 per
1974 2253 2189 2308 aethera
2227 2269 2320 2308 ac-

751 2343 1000 2396 cenditur
1025 2357 1135 2406 aer,
1165 2342 1218 2396 iu
1262 2343 1378 2412 ipso
1405 2356 1529 2396 aere
1563 2341 1901 2407 fortnantur,
1935 2352 1986 2397 et
2017 2357 2112 2412 per
2131 2342 2315 2414 ipsum

750 2433 960 2500 spirant
989 2431 1166 2487 ubivis
1198 2441 1484 2486 terrarum.

2427 1981 2527 2048 μὲν
2577 1980 2671 2034 καὶ
2712 1981 2948 2048 ποταμοὶ
2996 1980 3098 2032 οὐκ
3146 1979 3274 2033 ἄνευ
3317 1980 3417 2050 τῆς
3477 1982 3581 2050 γῆς
3637 1982 4004 2052 συστήσονται

2420 2086 2552 2122 ποτε
2572 2087 2585 2100 ·
2625 2068 2698 2139 γῆ
2728 2069 2784 2122 δὲ
2815 2069 2918 2140 οὐχ
2949 2069 3040 2137 ὑφ’
3071 2071 3273 2139 ἑαυτῆς
3308 2073 3686 2142 ὲρὴρεισταιδ⁷
3718 2087 3734 2104 ο
3775 2071 3897 2126 ἀλλ’
3957 2071 4004 2102 ⁸⁸

2427 2163 2519 2215 ἐπὶ
2551 2162 2650 2232 μὲν
2683 2161 2784 2232 τῆς
2815 2161 2924 2215 τῶν
2951 2161 3158 2215 ὑδάτων
3189 2162 3379 2226 οὐσίας
3416 2163 3751 2234 συνέστηκεν
3771 2203 3786 2229 ,
3821 2166 4001 2234 έμπεο

2431 2253 2672 2324 ριέχεται
2699 2253 2756 2307 δὲ
2784 2253 2878 2306 καὶ
2898 2253 3040 2324 αὐτὴ
3067 2254 3210 2307 κατὰ
3243 2254 3305 2307 τὸ
3339 2253 3503 2324 μέσον
3523 2254 3618 2310 τοῦ
3642 2256 3844 2318 παντὸς
3875 2271 4004 2308 συνο

2425 2345 2662 2409 δεθεῖσα,
2695 2345 2732 2415 ἡ
2754 2361 2813 2398 τε
2845 2345 3091 2399 Θάλασσα
3121 2346 3217 2398 καὶ
3243 2348 3271 2399 ό
3303 2345 3504 2410 ἔξωθεν
3526 2348 3837 2418 περιρρέων
3861 2346 4006 2414 σύμ-

2428 2453 2609 2490 πασαν
2641 2437 2740 2508 τὴν
2762 2437 2867 2506 γῆν
2903 2438 3078 2508 μέγας
3107 2438 3358 2501 Ὠκεανὸς
3385 2439 3491 2492 ὑπὸ
3515 2439 3733 2510 ἀνέμων
3766 2440 4004 2493 κινεῖται

750 2529 844 2582 καὶ
892 2530 1114 2600 φέρεται
1136 2529 1266 2581 ὅπου
1296 2528 1408 2582 δ’ἂν
1455 2527 1796 2598 αὐτὶνὴτῶν
1825 2527 2044 2598 ἀνέμων
2089 2530 2371 2602 προσρήξη
2413 2531 2523 2602 βία.
2552 2533 2662 2586 Καὶ
2695 2529 2760 2588 αὖ
2802 2533 2965 2588 πάλιν
3018 2534 3067 2586 οἰ
3097 2531 3288 2602 ἄνεμοι
3329 2534 3429 2586 οὐκ
3494 2536 3552 2587 ἰν
3595 2535 3830 2598 ἑαυταῖς,
3864 2532 4007 2587 ἀλλὰ

748 2623 889 2677 κατὰ
929 2625 1052 2685 τοὺς
1083 2623 1211 2692 περὶ
1265 2622 1468 2675 τούτων
1522 2621 1775 2684 εἰπόντας
1798 2621 1863 2686 δ’,
1893 2623 1958 2674 έκ
2011 2622 2106 2690 τῆς
2159 2622 2297 2692 πρὸς
2324 2622 2414 2678 τὸν
2453 2625 2591 2694 ἀέρα
2619 2623 2712 2678 τοῦ
2753 2623 2970 2696 αἰθέρος
3001 2623 3338 2689 διακιύσεωε
3382 2628 3496 2696 sui;
3525 2625 3878 2696 θερμότητος,
3938 2627 4001 2677 έν

753 2718 901 2792 αὐτῷ
932 2717 1008 2788 τῷ
1040 2720 1161 2790 ἀέρι
1188 2717 1552 2797 συνίστανται,
1589 2719 1681 2771 καὶ
1711 2716 1780 2772 δι’
1817 2713 1980 2773 αὐτοῦ
2014 2718 2288 2789 πανταχοῦ
2328 2717 2602 2776 πνέουσιν.

828 2879 900 2934 De
950 2884 1188 2950 quatuor
1230 2886 1417 2934 autem
1461 2877 1767 2944 elementis,
1821 2876 2022 2947 quibus
2067 2877 2320 2933 consistit

751 2987 1040 3043 corporum
1077 2981 1290 3034 natura,
1329 2985 1562 3025 catorem
1593 2971 1716 3025 dico
1745 2979 1798 3025 et
1845 2969 2018 3040 frigus
2055 2978 2109 3025 et
2149 2969 2312 3026 sicci-

750 3073 915 3122 tatem
948 3073 1000 3118 et
1027 3064 1329 3128 humorem,
1382 3062 1508 3131 quis
1557 3063 1763 3116 nesciat
1817 3063 1980 3118 simul
2021 3064 2319 3135 conjuncta

752 3158 856 3210 ista
884 3155 1203 3218 consistere,
1240 3156 1409 3209 divisa
1457 3163 1637 3208 autem
1684 3164 1737 3208 et
1785 3155 1838 3208 in
1892 3170 1950 3210 se
1987 3158 2229 3210 resoluta
2262 3171 2321 3211 se

750 3247 977 3301 invicem
997 3245 1238 3300 abolere?
1261 3246 1418 3300 Calor
1438 3246 1583 3300 enim
1607 3244 1810 3316 frigore
1830 3246 2120 3313 tollitur,et
2143 3246 2316 3318 frigus

749 3341 932 3394 calore
954 3339 1222 3405 aboletur,
1254 3348 1307 3393 et
1355 3339 1555 3392 humor
1601 3339 1848 3393 siccitate
1877 3340 2134 3394 durescit.
2172 3339 2317 3405 Quo-

753 3431 916 3486 modo
943 3430 1108 3499 igitur
1141 3429 1214 3484 dii
1245 3439 1427 3486 essent
1457 3429 1580 3494 ista,
1627 3429 1827 3497 quibus
1855 3430 2085 3483 aliorum
2116 3431 2318 3483 auxilio

749 3535 888 3589 opus
921 3529 1023 3585 est,
1071 3528 1124 3572 et
1159 3519 1252 3588 qui
1296 3519 1398 3572 sibi
1426 3519 1656 3571 invicem
1699 3518 1900 3571 bellum
1952 3517 2209 3583 inferunt,
2265 3527 2320 3573 et

748 3611 1026 3681 quomodo
1059 3611 1190 3666 deos
1218 3623 1417 3663 vocare
1446 3623 1541 3677 par
1571 3608 1680 3663 sit?
1723 3606 2007 3674 Quomodo
2030 3607 2192 3662 etiam
2225 3610 2317 3678 qui

750 3715 1060 3762 creaturam
1129 3704 1315 3759 divino
1375 3701 1581 3756 donant
1647 3700 1872 3756 numine
1945 3715 2051 3755 non
2111 3701 2318 3768 vident,

749 3800 875 3850 dum
929 3797 1011 3851 sol
1053 3795 1154 3849 sub
1189 3805 1333 3849 terra
1378 3801 1652 3854 versatur,
1697 3793 1877 3846 lumen
1912 3790 2050 3861 eius,
2099 3792 2168 3846 ab
2202 3792 2321 3862 ipso

749 3899 1093 3950 concessum,
1140 3899 1247 3939 non
1287 3885 1471 3939 lucere
1508 3881 1851 3945 mortalibus,
1896 3882 2192 3953 lunamque
2226 3899 2321 3952 per

748 3979 889 4031 diem
943 3977 1075 4031 solis
1127 3975 1332 4030 lumine
1376 3983 1431 4029 et
1478 3972 1766 4046 splendore
1815 3973 2112 4041 abscondi;
2165 3985 2321 4030 terra;

748 4067 957 4121 fructus
1013 4065 1276 4135 grandine
1325 4080 1467 4137 saepe
1523 4064 1665 4129 laedi,
1704 4072 1753 4118 et
1802 4063 1980 4133 ignem
2018 4065 2320 4120 inuntlante

749 4171 888 4227 aqua
933 4155 1248 4226 exstingui?
1314 4157 1370 4211 Si
1403 4155 1476 4210 dii
1503 4165 1707 4220 essent,
1742 4155 2029 4224 oportebat
2055 4156 2168 4224 ipsa
2214 4169 2318 4208 non

749 4249 852 4303 alia
883 4249 950 4302 ab
977 4249 1098 4303 aliis
1133 4245 1378 4317 superari
1407 4255 1460 4301 ct
1497 4247 1780 4313 abscondi,
1827 4245 1921 4300 sed
1949 4260 2166 4316 semper
2190 4260 2322 4301 con-

2496 2877 2573 2948 (5)
2610 2876 2746 2949 Περί
2781 2877 2890 2946 γὰρ
2921 2878 3032 2931 τῶν
3061 2878 3103 2931 δ’
3121 2877 3423 2948 στοιχείων,
3452 2877 3514 2941 έξ
3535 2872 3610 2931 ὧν
3625 2877 3719 2930 καὶ
3737 2879 4008 2948 συνέστη-

2425 2986 2519 3024 κεν
2547 2972 2580 3042 ἡ
2592 2969 2700 3024 τῶν
2715 2971 2982 3039 σωμάτων
2993 2970 3174 3038 φύσις,
3194 2972 3290 3042 τὴν
3309 2971 3514 3041 θερμὴν
3527 2970 3668 3038 λέγω
3681 2972 3775 3025 καὶ
3785 2972 3886 3042 τὴν
3902 2971 4007 3040 ψυ-

2427 3061 2585 3133 χρὰν,
2608 3060 2780 3132 ξηράν
2795 3079 2856 3115 τε
2875 3065 2969 3116 καὶ
2986 3065 3161 3133 ὑγρὰν
3172 3063 3381 3124 οὐσίαν,
3401 3063 3484 3124 τίς
3496 3062 3561 3114 ἂν
3577 3063 3624 3093 ⁵⁵
3638 3063 3816 3134 (ἳ)οὐκ
3835 3059 4000 3127 οἶδεν,

2427 3154 2504 3216 ὡς
2539 3154 2674 3223 όμοῦ
2712 3154 2813 3221 μὲν
2851 3157 3176 3225 συνημμένα
3223 3153 3397 3207 ταῦτα
3448 3154 3819 3219 συνίστανται,
3860 3155 4006 3207 διαι-

2431 3244 2670 3316 ρούμενα
2699 3244 2756 3297 δὲ
2785 3245 2909 3298 καθ’
2934 3245 3106 3299 ἑαυτὰ
3134 3245 3394 3314 γινόμενα
3429 3244 3612 3297 λοιπὸν
3642 3247 3736 3299 καὶ
3754 3244 4006 3315 ἀλλήλων

2427 3339 2567 3390 εἰσὶν
2606 3337 2965 3408 ἀναιρετικάς
3019 3337 3093 3389 Τὸ
3119 3337 3225 3407 γὰρ
3266 3336 3469 3406 θερμὸν
3523 3337 3627 3389 ὑπὸ
3664 3335 3760 3388 τοῦ
3790 3336 4006 3406 ψυχροῦ

2427 3430 2754 3497 ἀναιρεῖται,
2801 3428 2896 3480 καὶ
2928 3426 2989 3479 τὸ
3011 3427 3217 3498 ψυχρὸν
3256 3429 3358 3481 ὑπὸ
3415 3427 3509 3480 τοῦ
3555 3426 3764 3499 θερμοῦ
3805 3429 4009 3496 ἀφανί-

2428 3521 2599 3582 ζεται,
2627 3521 2718 3570 καὶ
2746 3519 2806 3571 τὸ
2844 3520 3008 3589 ὑγρὸν
3044 3520 3147 3572 ὑπὸ
3177 3518 3270 3571 τοῦ
3296 3521 3463 3589 ξηροῦ
3496 3520 3812 3591 ξηραίνεται
3838 3539 3851 3552 ⁸
3880 3521 4009 3585 Πῶς

2427 3609 2518 3663 οὖν
2559 3611 2710 3662 ταῦτ’
2737 3611 2803 3664 ἂν
2847 3607 2957 3662 εἷεν
2992 3611 3125 3678 θεοὶ,
3182 3611 3415 3680 δεόμενα
3470 3613 3566 3681 τῆς
3621 3615 3751 3683 παρ’
3800 3613 4011 3682 έτέρων

2429 3703 2751 3772 ἐπικουρίας
2789 3703 2882 3756 καὶ
2908 3702 3159 3772 ἀλλήλοις
3186 3703 3496 3773 μαχόμενα,
3543 3704 3640 3756 καὶ
3671 3702 3827 3766 θεοὺς
3873 3705 4014 3758 ἁνα-

2429 3794 2677 3862 γορεύειν
2707 3792 2892 3861 ἄξιονς
2928 3793 3050 3856 Πῶς
3079 3793 3135 3846 δὲ
3165 3793 3328 3848 πάλιν
3359 3794 3409 3846 οἰ
3434 3793 3532 3864 τὴν
3564 3794 3741 3848 κτίσιν
3789 3793 3982 3848 θεοποι

2429 3883 2612 3947 οῦντες
2637 3885 2734 3956 οὐχ
2751 3886 2949 3955 όρῶσιν
2983 3885 3136 3954 ἣλιον
3164 3885 3261 3954 μὲν
3293 3886 3396 3937 ὑπὸ
3417 3887 3516 3954 τὴν
3553 3886 3656 3955 γῆν
3692 3885 4017 3955 γινόμενον,

2431 3979 2525 4029 κει)⁸
2543 3977 2601 4028 τὸ
2621 3977 2736 4044 φῶς
2771 3976 2939 4030 αὑτοῦ
2977 3977 3052 4047 μὴ
3069 3979 3298 4047 ὁρᾶσθαι
3321 3977 3590 4030 ὑπἀὐτοῦ
3622 3978 3667 4009 ⁶¹
3694 3979 3982 4048 συγχωρού

2431 4083 2632 4137 μενον;
2668 4067 2964 4137 σελήνηνδὲ
2986 4067 3138 4137 ἥλιος
3171 4066 3405 4137 κρύπτει
3439 4067 3558 4137 μεθ’
3588 4068 3800 4138 ἡμέραν
3829 4072 3896 4139 τῇ
3910 4069 4012 4121 τοῦ

2430 4159 2608 4227 φωτὸς
2657 4158 2990 4227 λαμπηδόνι·
3036 4162 3130 4212 καὶ
3154 4161 3253 4228 γῆς
3293 4160 3546 4229 μὲντοὺς
3593 4159 3704 4231 49
3758 4163 4013 4230 καρποὺς

2431 4245 2640 4314 χάλαζα
2668 4245 2928 4308 πολλάκις
2959 4246 3205 4314 βλάπτει,
3230 4249 3291 4300 τὸ
3315 4249 3371 4300 δὲ
3389 4247 3524 4321 πῦρ,
3547 4249 4014 4322 πλημμυροῦντος

749 4340 932 4394 cordia
957 4354 1077 4393 esse
1100 4347 1156 4393 et
1180 4352 1499 4394 communes
1527 4339 1689 4392 simul
1707 4341 2052 4408 Operationes
2071 4341 2320 4408 exsequi.

2431 4335 2643 4401 ὓδατος,
2681 4337 3008 4403 σϐέννυταις
3061 4340 3219 4410 εἰπερ
3263 4335 3403 4409 ἦσαν
3460 4341 3596 4404 θεοὶ,
3635 4341 3742 4394 εδει
3782 4343 4011 4407 τούτους

748 4430 875 4485 ideo
923 4444 1022 4484 nec
1066 4431 1167 4494 soi,
1197 4445 1372 4500 neque
1400 4431 1549 4495 luna,
1582 4444 1759 4499 neque
1792 4429 1896 4483 alia
1918 4430 2162 4498 quaedam
2197 4446 2322 4499 pars

2435 4429 2561 4497 μηδ’
2599 4430 2690 4481 ὑπ’
2746 4430 2994 4498 ἀλλήλων
3078 4430 3349 4498 ἡττᾶσθαι
3418 4431 3513 4483 καὶ
3547 4433 4008 4503 ἐπικρύπτεσθαι,

749 4521 1065 4585 creationis,
1119 4520 1400 4590 multoque
1441 4522 1624 4575 minus
1657 4520 1869 4590 lapidea
1928 4521 2010 4575 vel
2044 4535 2205 4575 aurea
2241 4519 2323 4576 vel
2349 4549 2431 4614 Di

2349 4553 2404 4614 υ
2430 4518 2565 4570 ἀλλὰ
2597 4521 2831 4572 πάντοτε
2864 4520 3116 4591 ἀλλὴλοις
3150 4525 3393 4573 συνεῖναι
3419 4525 3514 4574 καὶ
3545 4525 3726 4585 κοινὰ,
3760 4524 3876 4594 ἅμα
3909 4527 4009 4591 τὰς

747 4627 810 4667 ex
829 4612 949 4666 aliis
979 4611 1217 4666 materiis
1237 4611 1554 4674 simulacra,
1579 4626 1756 4679 neque
1784 4611 1924 4680 apud
1955 4621 2144 4681 poetas
2164 4610 2320 4666 fabu-
2349 4608 2389 4614 ⁷

2349 4608 2389 4614 ⁷
2430 4608 2718 4678 ἐνεργείας
2736 4610 3028 4664 έπιτελεῖν.
3069 4610 3232 4664 Ὅθεν
3271 4611 3498 4674 εἰκότως
3522 4612 3647 4666 οὐτε
3675 4613 3845 4683 ἡλιος,
3881 4615 4009 4670 οὐτε

747 4704 862 4757 lose
920 4703 1122 4756 narrati
1170 4702 1381 4771 Jupiter
1429 4711 1483 4756 et
1532 4701 1725 4771 Apollo
1779 4713 1831 4756 et
1880 4703 2061 4756 caeteri
2089 4716 2215 4756 vere
2245 4701 2320 4755 dii

2430 4701 2653 4771 σελήνη,
2684 4699 2808 4753 οὔτε
2842 4701 2947 4772 μὴν
2975 4702 3105 4754 ἄλλο
3132 4719 3185 4754 τι
3219 4703 3385 4774 μέρος
3420 4704 3517 4773 τῆς
3540 4705 3794 4770 κτίσεως,
3825 4707 4011 4777 πολὶῴ

748 4809 866 4848 esse
911 4801 1166 4863 possunt,
1216 4804 1275 4848 ut
1323 4794 1578 4849 traditum
1609 4802 1712 4857 est,
1734 4793 1825 4848 sed
1857 4809 1921 4846 ex
1951 4792 2015 4847 iis
2070 4793 2319 4862 quasdam
2428 4816 2430 4834 ι

2428 4792 2483 4844 δὲ
2511 4794 2673 4845 πλέον
2722 4792 2848 4846 οὐτε
2872 4795 2940 4846 τὰ
2969 4795 3027 4846 έν
3054 4794 3220 4856 λίθοις
3269 4797 3363 4848 καὶ
3400 4795 3589 4865 χρυσῷ
3627 4799 3722 4850 καὶ
3757 4801 3874 4862 ταῖς
3911 4799 4013 4852 ἄλ.

749 4896 876 4938 sunt
908 4900 1032 4953 pars
1061 4883 1374 4951 creationis,
1412 4885 1514 4938 alia
1551 4884 1732 4938 anima
1793 4893 2000 4950 carent,
2041 4884 2146 4938 alia
2189 4897 2321 4939 vero
2429 4883 2431 4932 ἶ

2429 4882 2550 4945 λαις
2576 4882 2731 4944 ῦλαις
2762 4882 3076 4952 ἀγάλματα,
3116 4882 3228 4936 οὐδ’
3257 4883 3306 4935 οἰ
3351 4885 3504 4952 παρὰ
3536 4886 3790 4954 ποιηταῖς
3841 4886 4010 4955 μυθοο

748 4977 1094 5032 solummodo
1126 4977 1375 5031 homines
1404 4975 1662 5029 mortales
1705 4974 1924 5029 luerunt
1953 4975 2034 5029 vel
2067 4986 2214 5031 sunt.
2428 4977 2430 5024 ἶ

2428 4975 2746 5044 λογούμενοι
2778 4975 2912 5039 Ζεὺς
2957 4977 3054 5028 καὶ
3094 4974 3389 5042 Ἀπόλλων,
3426 4977 3519 5029 καὶ
3553 4978 3603 5029 οἰ
3656 4977 3838 5031 λοιποὶ
3899 4976 4011 5032 εἶεν

747 5069 963 5138 ἀληθῶς
1008 5069 1140 5134 θεοὶ,
1173 5069 1246 5131 ὡς
1295 5070 1323 5121 ό
1383 5069 1543 5136 λόγος
1575 5068 1882 5132 ἀπέδειξεν,
1921 5068 2058 5121 ἀλλὰ
2090 5071 2157 5122 τὰ
2213 5069 2314 5137 μὲν
2355 5069 2538 5123 αὐτῶν
2571 5070 2714 5140 μέρη
2740 5069 2839 5138 τῆς
2872 5068 3105 5132 κτίσεώς
3136 5069 3265 5132 εἰσι,
3296 5070 3365 5124 τὰ
3403 5071 3458 5124 δὲ
3504 5071 3685 5142 ἄψυχα
3723 5073 4009 5143 τυγχάνει,

748 5159 814 5215 τὰ
838 5160 893 5213 δὲ
917 5160 1075 5231 μόνον
1134 5159 1413 5232 ἄνθρωποι
1444 5158 1628 5232 θνητοὶ
1661 5159 1950 5227 γεγόνασιν
1982 5159 2014 5230 ἢ
2050 5159 2413 5228 ὑπάρχουσιν.

1937 5339 2132 5401 Varia)
2179 5339 2485 5402 lectiones
2517 5344 2578 5399 et
2614 5345 2801 5399 notae.

820 5538 862 5568 ”
897 5539 1016 5592 καθ’
1059 5543 1091 5592 Ι.
1139 5539 1232 5593 καὶ
1272 5541 1388 5592 καθ’
1441 5539 1560 5594 cod.
1640 5539 1683 5568 δ’
1707 5539 1919 5639 εὑρὴσὴ
1951 5538 2146 5590 codex.
2223 5537 2270 5568 “
2308 5533 2698 5603 κυκλοφορίας,
2749 5531 3110 5600 διαμενούσης
3149 5532 3229 5585 vel
3257 5532 3703 5604 διασωζομένηςν
3773 5533 3820 5567 ⁸⁸
3845 5552 4010 5600 νεφε-

881 5609 894 5639 ι
975 5610 1149 5639 ......τ...
1199 5610 1294 5639 “Mt
1425 5610 1466 5639 ιι
1500 5607 1876 5639 υ---κ-ι.,η.ρ.,
2019 5607 2063 5636 ιε
2113 5606 2212 5639 ερας..
2265 5611 2426 5639 "una.
2530 5606 2570 5635 tt
2601 5603 2895 5639 ιηείιυη-ηη
2931 5605 3092 5639 ριυιρι-
3193 5602 3236 5632 οι
3271 5603 3384 5639 nr
3414 5633 3481 5639 __
3531 5604 3647 5639 nr
3759 5607 3803 5636 δι
3837 5606 4006 5639 ιιι-ο..

746 5608 852 5659 ἰνῶν
881 5609 916 5662 l.
975 5610 1149 5678 νεφῶν
1197 5610 1318 5663 cod.
1425 5610 1466 5639 δ’
1500 5602 1919 5660 καταϐαίνὸιένἿ
2019 5607 2063 5636 ⁸⁸
2113 5606 2227 5678 ἔφη
2265 5611 2428 5660 codex

2324 5611 2453 5659 “lex.
2494 5602 2498 5603 ⁷
2530 5602 2572 5678 δῖ
2600 5603 2899 5673 έρείρισται
2931 5605 3117 5656 codex.
3193 5602 3236 5632 ⁸⁸
3271 5603 3384 5655 ἀλλ’
3414 5633 3481 5641 --
3531 5602 3664 5656 ἀλλ’.
3759 5607 3803 5636 δ’
3836 5606 4006 5662 εὐπον

748 5679 936 5736 codex.
1014 5675 1059 5710 "
1086 5681 1150 5733 ἄν
1180 5694 1285 5733 oin.
1327 5681 1447 5736 cod.
1527 5679 1567 5708 "
1597 5678 1688 5730 ὑπ’
1719 5679 1883 5729 αὑτοῦ
1925 5678 1957 5730 l.
1987 5679 2078 5730 ὑπ’
2109 5677 2273 5744 αὐτῆς
2304 5678 2446 5738 (αὐτ.
2478 5675 2624 5742 end.)
