4260 6438
757 388 856 452 ηδ

1948 393 2263 452 GEORGII
2304 392 2755 453 HAMAR’I‘OL'IL

3899 388 4005 451 116

747 502 904 572 plena
953 508 1109 555 erant
1161 499 1424 570 iniustitia
1478 510 1532 558 et
1591 504 1867 574 impietate
1925 507 2200 566 universa.
2261 507 2429 570 etA-

2343 507 2394 570 Α
2420 504 2638 568 τίθουν,
2671 503 2839 575 μηδὲν
2878 502 2986 555 τῶν
3039 499 3379 570 φαινομένων
3429 499 3590 554 πλέον
3641 500 4003 570 λογιζόμενοι.

746 593 967 654 fraudes
1002 602 1182 648 vatum
1242 593 1444 662 ubique
1477 594 1751 665 vigebant.
1791 596 1958 650 Erant
2001 598 2147 651 enim
2197 611 2321 651 ora-

746 687 868 740 cula
919 684 1161 754 Delphis,
1212 683 1472 748 Dodonte,
1506 687 1560 741 in
1621 689 1851 752 Bmotia,
1914 689 1968 743 in
2025 689 2210 761 Lycia,
2261 689 2316 743 in

746 776 933 847 Lybia,
958 776 1014 832 in
1042 776 1274 850 Egypto
1299 789 1352 834 et
1381 778 1636 836 Calauria
1685 783 1955 837 celebrata
1980 799 1996 850 ;
2044 781 2316 851 Pythiam-

741 883 848 938 que
876 868 1216 925 mirabantur
1238 886 1377 926 vana
1399 874 1782 942 superstitione
1800 875 2012 930 seducti
2041 876 2314 931 homines.

742 959 898 1016 Nunc
919 977 1122 1016 veroex
1137 977 1246 1031 quo
1263 961 1534 1029 Christus,
1551 964 1644 1020 Dei
1658 964 1919 1031 Verbum,
1940 966 2030 1021 Dei
2051 967 2317 1035 sapientia

2427 597 2540 651 Καὶ
2601 597 2739 656 ὅλως
2793 591 2862 666 ἦν
2922 593 3102 648 πάντα
3175 592 3525 662 παρανομίας
3589 592 3685 645 καὶ
3745 593 4006 656 ἀσεϐείας

2426 685 2662 754 ἔμπλεα,
2707 685 2803 738 καὶ
2853 681 3134 752 πανταχοῦ
3187 681 3289 750 τῆς
3337 681 3557 750 ἀπάτης
3605 679 3717 732 τῶν
3757 681 4008 750 μάντεων

2423 778 2803 849 ἐπεπλήρωτο.
2841 777 2920 849 (2)
2952 777 3061 830 Καὶ
3089 774 3197 846 γὰρ
3226 773 3297 828 τὰ
3352 775 3410 828 ὲν
3453 774 3677 842 Δελφοῖς
3713 774 3810 826 καὶ
3841 774 3910 827 τά
3944 778 4006 824 ὲν

2423 853 2657 941 Δοδὼνῃ,
2695 868 2790 923 καὶ
2814 867 2884 922 τά
2907 869 2965 922 ἐν
2995 866 3230 938 Βοιωτίᾳ
3260 865 3354 919 καὶ
3377 864 3580 936 Λυκίᾳ,
3599 864 3692 917 καὶ
3711 864 3888 935 Λιϐύῃ
3907 866 4006 916 καὶ

2422 962 2686 1032 Αἰγύπτῳ
2706 963 2802 1016 καὶ
2827 960 3158 1029 Καλαυρίοις
3188 957 3561 1029 μαντεύμασιν
3578 973 3594 988 ο
3621 959 3656 1026 ἡ
3673 956 3792 989 ⁸⁸⁸⁸⁸
3827 956 4007 1010 Πυθία

741 1061 795 1107 et
813 1052 990 1109 virtus
1008 1053 1353 1122 praedicatur,
1372 1067 1728 1112 cessaverunt
1753 1058 1878 1123 ista,
1897 1067 1950 1114 et
1974 1057 2088 1114 haec
2109 1059 2316 1114 daemo-
2419 1077 2423 1104 ι

2419 1054 2794 1123 ὶθαυμάζοντο
2823 1053 2923 1123 μὶν
2961 1052 3084 1107 τότε
3128 1052 3234 1106 ὑπὸ
3263 1051 3376 1105 τῶν
3422 1049 3736 1119 ἀνθρώπων
3767 1051 3834 1120 τῇ
3865 1065 4003 1117 φαν-

743 1141 902 1197 niaca
932 1143 1138 1212 quievit
1165 1143 1515 1211 insania,nec
1540 1147 1652 1218 jam
1677 1157 1762 1202 est
1796 1148 1851 1201 in
1872 1147 2049 1204 medio
2071 1147 2317 1218 ipsorum
2418 1163 2425 1179 ι

2313 1169 2317 1200 ι
2418 1145 2602 1216 τασίᾳ,
2633 1146 2748 1199 Νῦν
2798 1146 2878 1210 δὲ,
2914 1144 3010 1214 ἀφ’
3055 1134 3117 1197 οὗ
3161 1143 3418 1215 Χριστὸς,
3465 1143 3496 1198 6
3541 1141 3674 1206 Θεὸς
3732 1141 3927 1210 Λόγος,
3958 1141 3995 1210 ἠ

745 1232 838 1300 qui
891 1233 1241 1289 vaticinetur.
1305 1236 1373 1291 Et
1413 1237 1540 1292 olim
1598 1238 1819 1308 quidem
1870 1238 2122 1294 homines
2161 1238 2320 1292 vanis

744 1324 1182 1394 percellebantur
1226 1326 1507 1382 ludribriis
1539 1330 1872 1394 daemonum,
1908 1329 2104 1392 fontes,
2135 1327 2318 1383 ﬂumi-

745 1431 836 1476 na.
867 1415 1031 1487 ligna,
1065 1417 1271 1487 lapides
1326 1420 1735 1489 occupantium,
1785 1421 1974 1491 sicque
2027 1419 2320 1492 praestigiis

750 1507 884 1562 male
917 1520 1086 1563 sanos
1141 1509 1500 1577 terrentium;
1542 1526 1689 1566 nunc
1745 1526 1896 1577 vero,
1942 1512 2037 1567 Dei
2090 1509 2324 1566 manife-

746 1608 884 1654 stato
909 1598 1109 1663 Verbo,
1132 1600 1312 1656 ablata
1337 1612 1422 1656 ost
1446 1603 1640 1657 horum
1669 1605 2006 1672 superstitio.

2421 1233 2516 1289 τοῦ
2535 1233 2672 1288 Θεοῦ
2704 1235 2864 1303 σοφία
2887 1235 2982 1289 καὶ
3005 1232 3234 1303 δύναμις
3258 1230 3999 1302 καταγγέλλεται,πέπαυται

2420 1327 2595 1383 ταῦτα
2633 1328 2727 1382 καὶ
2773 1327 2808 1397 ἡ
2862 1326 3066 1382 τούτων
3114 1325 3475 1396 δαιμονιώδης
3521 1325 3716 1394 μανία,
3760 1323 3860 1378 καὶ
3885 1323 3995 1376 οὐκ

2422 1418 2572 1473 ιστιν
2617 1419 2699 1474 ἔτι
2755 1419 2942 1472 λοιπὸν
2999 1419 3060 1472 ὲν
3118 1419 3305 1481 αὐτοῖς
3343 1419 3373 1471 6
3433 1417 3861 1488 μαντευόμενος.
3887 1415 4005 1470 Καὶ,

2426 1510 2598 1566 πάλαι
2629 1510 2727 1582 μὲν
2762 1509 3298 1581 ἐφαντασιοσκόπουν
3337 1509 3595 1580 δαίμονες
3628 1511 3758 1572 τοὺς
3784 1506 4004 1578 ἀνθρὼ-

2424 1618 2582 1668 πους,
2649 1601 3272 1672 προκαταλαμϐάνοντες
3317 1601 3521 1669 πηγὰς,
3550 1600 3586 1670 ἢ
3640 1601 3939 1671 ποταμοὺς.
3965 1599 4002 1668 ἢ

746 1691 876 1756 illa
915 1695 948 1764 ἢ
992 1694 1194 1758 λίθους,
1243 1695 1337 1748 καὶ
1378 1695 1523 1749 οὕτω
1577 1697 1699 1759 ταῖς
1752 1697 2010 1766 μαγείαις
2075 1696 2345 1767 επληττον
2378 1697 2507 1762 τοὺς
2551 1697 2833 1768 ἀφροναςο
2868 1696 2965 1752 νῦν
3039 1696 3123 1763 δὲ,
3175 1697 3277 1766 τῆς
3339 1695 3491 1760 θείας
3531 1694 3855 1770 επιφανείας
3902 1695 4004 1750 τοῦ

745 1784 881 1839 Θεοῦ
926 1787 1104 1857 Λόγου
1156 1788 1480 1858 γενομένης,
1529 1789 1828 1859 ἠφάνισται
1862 1787 2069 1844 τούτων
2111 1789 2146 1861 ἡ
2178 1788 2472 1857 φαντασία.

817 2009 884 2067 Et
911 2011 1040 2067 olim
1072 2009 1290 2082 quidem
1331 2012 1507 2068 dictos
1546 2013 1687 2084 apud
1726 2024 1914 2085 poetas
1945 2014 2077 2072 deos
2126 2013 2313 2072 Jovem
2348 2001 2389 2058 Β
2489 2022 2499 2084 t

2348 2001 2389 2058 Β
2489 2013 2566 2086 (ὅ)
2581 2013 2692 2069 Καὶ
2710 2013 2876 2070 πάλαι
2893 2015 2994 2086 μὲν
3021 2015 3145 2080 τοὺς
3170 2016 3272 2087 51
3302 2014 3454 2088 παρὰ
3480 2017 3738 2087 ποιηταῖς
3765 2016 3997 2087 λεγομέ-

747 2113 800 2164 et
851 2105 1147 2161 Saturnum
1180 2113 1234 2162 et
1287 2106 1589 2176 Apollinem
1625 2115 1679 2162 et
1723 2108 1943 2172 heroas,
2004 2122 2130 2162 cum
2187 2121 2315 2164 vere

745 2197 879 2256 deos
957 2212 1079 2254 esse
1158 2198 1513 2267 opinarentur
1589 2197 1943 2270 colerentque
2039 2200 2313 2266 homines,

748 2290 1004 2346 errabant
1049 2289 1418 2345 vehementer.
1459 2290 1575 2346 imo
1621 2291 1884 2360 quosdam
1926 2308 1991 2348 ex
2041 2292 2152 2348 illis
2182 2294 2315 2349 alle-

746 2381 928 2454 gorice
985 2380 1405 2451 interpretantes
1455 2380 1775 2437 adorabant.
1861 2381 1949 2437 Sic
2009 2381 2316 2453 Neptunum

744 2488 965 2545 aquam,
995 2470 1296 2528 Vulcanum
1329 2472 1815 2543 lgnem,Junonem
1841 2476 2316 2541 aerem,Cercrem

747 2572 946 2618 terram
978 2571 1033 2618 et
1061 2561 1297 2627 fructus,
1343 2560 1533 2618 Jovem
1576 2563 1814 2633 pluviam
1842 2565 2137 2620 credebant
2171 2583 2183 2620 :
2219 2579 2318 2636 pro

751 2667 861 2723 quo
917 2652 1020 2722 ipsi
1076 2653 1328 2708 homines
1387 2652 1646 2707 mortales
1710 2654 1878 2724 agniti
1936 2664 2083 2710 sunt.
2156 2654 2317 2712 Solus

744 2744 996 2801 Christus
1017 2744 1155 2799 inter
1179 2743 1430 2801 homines
1451 2745 1705 2816 cognitus
1733 2755 1816 2802 est
1830 2746 1970 2802 Deus
2001 2761 2183 2812 verus,
2204 2748 2314 2804 veri

745 2835 841 2892 Dei
870 2836 1114 2892 divinum
1143 2833 1403 2892 Verbum.
1430 2835 1835 2904 Poetatquidem
1855 2836 2106 2893 dixerunt
2125 2837 2315 2895 Jovem

742 2941 863 2983 esse
893 2925 1154 2992 imbrem;
1178 2925 1271 2981 sed
1299 2926 1459 2981 iidem
1485 2926 1636 2981 illum
1675 2927 2314 2999 adulterum.puerorum

742 3027 1141 3086 corruptorem,
1165 3015 1586 3085 parricidam.,et
1609 3019 1834 3073 omnino
1859 3020 2146 3075 scelestum
2166 3021 2317 3077 dixe-

741 3118 868 3168 runt
885 3126 899 3163 :
919 3119 975 3166 at
990 3123 1058 3165 ne
1079 3108 1480 3180 itnberquidem
1502 3119 1586 3166 est
1608 3125 1622 3177 ;
1645 3110 1691 3166 si
1713 3110 1857 3165 enim
1882 3111 1982 3166 hoc
2001 3113 2317 3176 credideris.

745 3206 800 3253 et
822 3199 915 3254 illa
931 3199 1227 3256 concedere
1244 3214 1467 3256 necesse
1479 3208 1594 3267 est;
1629 3201 1672 3256 si
1697 3216 1828 3257 vero
1859 3202 1988 3257 illud
2006 3205 2311 3275 negaveris,

746 3295 849 3350 hoc
933 3309 1152 3365 quoque
1228 3295 1326 3352 tibi
1421 3296 1730 3367 negandum
1806 3299 1931 3351 erit.
2019 3298 2076 3352 Si
2160 3313 2311 3364 vero,

743 3387 965 3444 omissis
1021 3388 1237 3458 poetis,
1298 3397 1485 3458 utpote
1536 3388 1932 3454 mendacibus,
1987 3390 2056 3445 ad
2115 3391 2318 3460 allego-

744 3479 852 3535 rias
928 3477 1277 3548 confugeris,
1368 3481 1472 3534 hoc
1545 3489 1597 3534 te
1685 3481 2070 3551 interrogabo,

743 3572 966 3628 tandem
1013 3573 1086 3627 sit
1123 3571 1361 3641 Jupiter,
1410 3572 1648 3637 fervens,
1695 3572 1942 3642 inquam,
1991 3573 2318 3639 substantia,

740 3675 794 3720 et
830 3664 1006 3722 imber
1038 3678 1203 3733 super
1231 3678 1437 3729 aerem,
1489 3665 1671 3721 dictus
1717 3666 1889 3721 azther
1924 3680 1991 3721 eo
2029 3666 2176 3736 quod
2209 3666 2318 3723 fer-

741 3768 862 3812 veat
922 3765 977 3812 et
1037 3765 1182 3811 urat.
1275 3755 1418 3825 Ergo
1457 3772 1566 3813 non
1595 3767 1678 3814 est
1707 3758 1991 3813 rationalis
2024 3767 2078 3814 et
2110 3759 2320 3816 discre—

740 3848 850 3907 tiva
882 3847 1144 3912 essentia,
1191 3846 1681 3917 sed_irrationalis;
1716 3857 1968 3904 naturam
1999 3851 2145 3905 enim
2176 3851 2318 3907 acris

737 3956 858 3997 esse
892 3941 1266 3996 irrationalem
1303 3954 1532 4011 prorsus
1564 3941 1788 3997 evidens
1814 3951 1916 3998 est.
1959 3941 2015 3996 Si
2055 3942 2198 3997 enim
2228 3957 2318 3998 aer

737 4035 808 4088 sit
834 4031 1068 4103 Jupiter,
1102 4033 1438 4090 irrationalis
1471 4043 1555 4087 est
1586 4044 1642 4088 et
1677 4034 2034 4099 insensibilis,
2085 4043 2138 4088 et
2183 4043 2316 4090 tunc

737 4123 918 4184 fabula
951 4124 1156 4180 nullius
1185 4125 1447 4180 momenti
1484 4124 1638 4190 erit.
1685 4125 1801 4180 Non
1853 4126 2000 4181 enim
2036 4141 2129 4180 aer
2164 4134 2317 4195 pater

737 4217 840 4277 fuit
878 4215 1133 4288 alicujus,
1190 4232 1291 4273 nec
1345 4219 1509 4273 ullam
1544 4219 1754 4287 peperit
1787 4217 2146 4272 substantiam
2175 4232 2314 4287 qua-

737 4308 842 4362 lem
895 4306 1110 4376 ﬁngunt
1165 4307 1463 4378 mythologi
1493 4317 1549 4363 et
1578 4307 1889 4365 fabularum
1935 4309 2172 4372 lictores,
2220 4310 2313 4378 qui

2181 3481 2310 3551 quid
2329 3537 2337 3545 ,

2420 2121 2543 2169 νους
2598 2105 2753 2170 θεοὺς
2787 2106 2907 2173 Δία,
2957 2105 3053 2162 καὶ
3103 2105 3334 2177 Κρόνον,
3391 2106 3487 2158 καὶ
3530 2104 3870 2174 Ἀπόλλωνα,
3905 2111 4006 2162 καὶ

2419 2199 2629 2269 ἥρωας,
2678 2200 2993 2271 νομίζοντες
3045 2201 3096 2255 οί
3155 2199 3434 2274 ἅνθρωποι
3483 2199 3641 2264 θεοὺς
3695 2200 4002 2273 ὑπάρχειν,

2421 2289 2738 2345 ἐπλανῶντο
2783 2291 3036 2358 σέϐοντες
3071 2309 3085 2324 ·
3114 2291 3211 2347 καὶ
3255 2291 3441 2362 μέντοι
3483 2293 3578 2348 καὶ
3616 2291 4005 2365 ἀλληγορικῶς

2422 2400 2577 2446 τινας
2616 2383 2799 2436 αὐτῶν
2839 2384 3284 2456 ἐκλαμϐάνοντες
3322 2385 3721 2456 προσεκύνουν,
3745 2381 3857 2440 οἷον
3906 2386 4006 2439 τὸν

2424 2475 2733 2530 Ποσειδῶνα
2763 2476 2928 2550 ὕδωρ,
2976 2479 3071 2532 καὶ
3113 2478 3205 2532 τὸν
3255 2475 3565 2546 Ἥφαιστον
3613 2479 3748 2550 πῦρ,
3777 2481 3873 2534 καὶ
3899 2480 4006 2550 τὴν

2423 2565 2602 2637 Ἥραν
2625 2566 2782 2639 ἀέρα,
2825 2569 2918 2623 καὶ
2947 2569 3045 2641 τὴν
3073 2569 3376 2642 Δήμητραν
3428 2569 3534 2640 γῆν
3576 2569 3674 2624 καὶ
3720 2571 4000 2640 καρποὺς,

2420 2658 2515 2712 καὶ
2565 2659 2663 2712 Δία
2729 2659 2902 2716 ὑετόν.
2932 2660 3081 2715 ’Λντὶ
3133 2662 3233 2733 μὲν
3283 2661 3513 2724 ἐκείνοις
3561 2662 3607 2695 ⁸³
3649 2661 4008 2732 ἐγνώσθησαν

2421 2748 2701 2820 ἄνθρωποι
2755 2752 2939 2820 θνητοί
2965 2769 2980 2785 ⁸
3013 2753 3176 2824 μόνος
3223 2753 3282 2807 δὲ
3325 2752 3562 2825 Χριστὸς
3605 2755 3665 2807 ὲν
3690 2753 4007 2825 ἀνθρώποις

2423 2839 2747 2912 ἐπεγνώσθη
2806 2842 2939 2908 Θεὸς
3004 2845 3279 2916 ἀληθινὸς,
3337 2843 3599 2915 ἀληθινοῦ
3658 2845 3799 2902 Θεοῦ
3865 2845 4009 2910 Θεὸς

2422 2932 2617 3000 Λόγος.
2650 2931 2727 3002 (4)
2777 2932 2840 2987 Oi
2895 2932 3078 2988 τοίνυν
3123 2934 3346 3003 ποιηταὶ
3402 2934 3726 3004 εἰρήκασιν,
3754 2934 3838 2988 ὅτι
3864 2933 4007 2998 Ζεύς

2424 3023 2574 3076 ἔστιν
2604 3023 2633 3077 6
2659 3022 2770 3078 ῦων
2797 3040 2813 3056 ⁸
2856 3025 2970 3078 ἀλλ’
3013 3027 3061 3079 oi
3086 3025 3239 3080 αὐτοὶ
3296 3025 3459 3079 πάλιν
3492 3019 3667 3091 εἷπον,
3694 3025 3776 3079 ὅτι
3805 3027 4002 3096 μοιχός

2423 3116 2562 3180 ἐστι,
2591 3115 2684 3170 καὶ
2742 3115 3128 3188 παιδοφθόρος,
3161 3117 3256 3171 καὶ
3311 3117 3642 3189 πατραλῲας
3696 3117 3790 3170 καὶ
3834 3117 4002 3187 ἕτερα

2424 3206 2632 3261 τούτων
2687 3208 2789 3262 οὒκ
2840 3209 3063 3263 ἔλαττον
3109 3209 3434 3282 ἐγκλήματα
3483 3226 3497 3241 ’
3543 3209 3662 3265 ἀλλ’
3702 3211 3803 3264 οὐκ
3853 3209 3998 3273 ἐστι,

2425 3300 2569 3370 φημὶ
2588 3299 2658 3367 ⁸⁵,
2688 3300 2928 3370 ἀληθῶς,
2949 3301 3146 3356 οὐκοῦν
3173 3301 3293 3356 οὐδὲ
3324 3301 3387 3355 τὸ
3417 3300 3554 3355 ὕειν.
3587 3302 3651 3355 Ei
3692 3303 3797 3372 γὰρ
3823 3301 4000 3356 ταῦτα.

2421 3390 2573 3462 δέχῃ,
2607 3392 2842 3447 κάκεῖνά
2873 3409 2933 3445 σε
2966 3393 3179 3464 ἀνάγκη
3206 3393 3461 3459 δέξασθαι
3491 3409 3506 3425 ·
3548 3395 3597 3448 εί
3635 3394 3692 3447 δὲ
3721 3394 3904 3447 ἐκεῖνα
3955 3393 4004 3427 ⁶³

2423 3483 2725 3552 ἐκϐάλλεις,
2758 3485 2852 3540 καὶ
2893 3486 3066 3540 ταῦτα
3117 3488 3235 3557 μετ’
3264 3486 3509 3540 ἐκείνων.
3551 3484 3630 3558 (5)
3666 3486 3726 3539 Εἰ
3753 3485 3808 3538 δὲ
3839 3484 4005 3554 ἀφεὶς

2419 3574 2551 3638 τοὺς
2585 3577 2816 3646 ποιητὰς
2853 3575 2930 3640 ὡς
2972 3576 3396 3645 πλαστολόγονς,
3437 3576 3532 3630 καὶ
3568 3575 3661 3630 επὶ
3698 3575 3796 3637 τὰς
3837 3575 4006 3644 ἀλλη-

2421 3665 2615 3736 γορίας
2639 3667 2893 3738 δράμοις,
2926 3668 3102 3722 ικεῖνό
3128 3682 3188 3720 σε
3223 3666 3518 3739 ἐρήσομαι,
3553 3666 3605 3719 τί
3631 3665 3761 3719 ποτέ
3790 3666 3943 3720 ἔστιν
3972 3667 4003 3716 6

2420 3758 2579 3824 Ζεὺς,
2608 3759 2642 3829 ἡ
2678 3757 2897 3824 (leuca,
2927 3758 3092 3829 φημὶ,
3141 3757 3301 3812 οὐσία
3334 3757 3430 3811 καὶ
3466 3757 3527 3810 τδ
3567 3757 3710 3828 ὑπὲρ
3733 3756 3826 3809 τὸν
3857 3756 4001 3826 ἀέρα

2418 3847 2644 3920 ὄμϐρος,
2699 3848 2729 3902 6
2776 3848 2941 3920 αἰθὴρ
2983 3850 3202 3917 λέγεται
3259 3847 3413 3917 παρὰ
3454 3847 3514 3900 τὸ
3552 3847 3674 3911 ζέον
3699 3846 3795 3900 καὶ
3821 3848 3998 3900 καῖον.

2420 3937 2633 3993 Οὐκοῦν
2684 3939 2788 3994 οὐκ
2836 3939 2953 3993 ἐστι
2999 3939 3191 4009 λογική
3234 3955 3320 4002 τις
3375 3937 3470 3993 καὶ
3502 3937 3836 4008 διακριτικὴ,
3863 3937 4005 3990 ἀλλὰ

2417 4032 2610 4100 ἀλογος
2630 4047 2645 4062 ο
2673 4032 2756 4085 ὅτι
2779 4031 2887 4100 γὰρ
2910 4033 2943 4100 ἡ
2962 4030 3056 4085 τοῦ
3081 4029 3242 4100 ἀέρος
3278 4029 3438 4099 φύσις
3465 4029 3661 4096 ἄλογός
3689 4029 3805 4081 ἑστι
3832 4027 4001 4081 παντί

2417 4140 2522 4176 που
2559 4122 2739 4193 δῆλον.
2770 4123 2832 4175 Et
2871 4122 2981 4192 γὰρ
3007 4122 3117 4192 ἀήρ
3147 4121 3294 4174 ἐστιν
3323 4120 3350 4171 6
3385 4121 3521 4182 Ζεὺς
3544 4121 3608 4183 ⁸⁸,
3641 4117 3834 4186 ἀλογὸς
3877 4118 4000 4170 ἐστι

2415 4216 2512 4270 καὶ
2560 4215 2884 4285 ἀναίσθητος
2926 4231 2940 4246 ο
2977 4211 3272 4267 κάντεῦθεν
3315 4213 3343 4264 6
3401 4210 3574 4281 μῦθος
3607 4210 3889 4281 οίχήσεται
3923 4226 3937 4240 ο
3971 4212 4001 4262 6

2415 4309 2525 4378 γὰρ
2554 4307 2662 4379 ἀὴρ
2689 4305 2814 4360 οὗτε
2841 4305 3022 4376 πατὴρ
3066 4303 3282 4372 ἐγένετό
3309 4318 3479 4367 τινος,
3498 4300 3622 4354 οῦτε
3660 4299 3783 4354 τινὰ
3808 4299 4003 4352 ἔτεκεν

2413 4399 2604 4454 οὐσίαν
2640 4399 2763 4452 οῐαν
2819 4396 3254 4451 ἀναπλάττουσιν
3308 4395 3357 4448 οῖ
3415 4393 3707 4463 μυθολόγοι
3746 4393 3841 4447 καὶ
3891 4408 4002 4462 μυ-

2415 4492 2718 4548 θοπλάσται
2744 4491 2837 4544 τὸν
2857 4489 3068 4553 Ἥλιον,
3098 4488 3158 4542 6v
3180 4489 3276 4542 καὶ
3306 4486 3620 4540 Ἀπόλλωνα
3647 4485 3905 4539 καλοῦσιν
3930 4487 4000 4550 ⁸⁷,

736 4398 930 4461 solem,
964 4411 1125 4466 quem
1157 4397 1321 4452 etiam
1350 4397 1653 4467 Apollinem
1687 4407 1908 4464 vocant,
1968 4398 2137 4452 tilium
2191 4397 2313 4466 ejus

734 4504 856 4545 esse
889 4489 1100 4545 dicunt.
1141 4487 1235 4544 Sol
1261 4488 1407 4543 enim
1439 4503 1539 4544 nec
1568 4490 1858 4556 rationem,
1895 4505 1993 4544 nec
2018 4490 2310 4559 judicium,

735 4593 840 4640 nec
867 4589 1103 4636 mentem
1159 4581 1344 4642 habet.
1397 4581 1493 4636 sed
1563 4583 1679 4651 ipse
1727 4589 1814 4636 est
1860 4580 2106 4637 naturale
2151 4595 2311 4650 opus,
2413 4601 2417 4614 ε

2413 4583 2534 4636 υίὺν
2556 4583 2723 4638 αὑτοῦ
2778 4582 3029 4651 λέγουσιν
3049 4581 3096 4613 ⁸³
3122 4575 3263 4633 εῖναι
3301 4594 3316 4609 ·
3343 4579 3472 4633 οὗτε
3526 4578 3638 4649 γὰρ
3671 4579 3700 4632 6
3731 4577 3885 4648 ἣλιος
3911 4577 4006 4630 λο-

736 4681 943 4728 motum
969 4681 1027 4728 et
1055 4672 1438 4727 circumlatum
1472 4687 1534 4727 ea
1573 4672 1714 4743 lege,
1762 4687 1926 4743 qnam
1975 4674 2042 4728 ab
2072 4673 2230 4730 initio
2259 4673 2309 4728 ei
2343 4693 2418 4774 οε

2343 4718 2388 4774 D
2415 4673 2615 4742 γισμὸν
2646 4673 2782 4744 ἔχει,
2840 4672 2967 4727 οὔτε
3020 4671 3265 4726 διάνοιαν
3314 4670 3347 4742 ἢ
3396 4669 3544 4735 νοῦν,
3575 4671 3716 4724 ἀλλὰ
3745 4669 3841 4723 καὶ
3867 4669 4005 4723 αὐτὸ

737 4761 880 4819 Deus
909 4763 1262 4832 praseripsit.
1304 4763 1490 4833 Itaque
1516 4778 1616 4820 nec
1635 4765 1854 4834 pluendi
1890 4765 2110 4835 quidem
2140 4780 2307 4821 causa
2343 4761 2382 4774 '
2413 4787 2419 4815 ι

2343 4761 2382 4774 ’⁷
2413 4767 2642 4836 φυσικόν
2669 4769 2786 4820 ἐστι
2810 4766 2872 4820 τὸ
2914 4765 3104 4836 ἔργον,
3137 4765 3408 4835 ἀγόμενον
3436 4764 3530 4817 καὶ
3563 4763 4005 4833 περιφερόμενον

732 4861 820 4910 est
875 4854 1067 4918 aether,
1116 4855 1212 4910 sed
1257 4857 1431 4912 nubes
1467 4857 1790 4927 recipientes
1821 4873 2017 4928 aquam
2045 4874 2111 4915 ex
2147 4862 2305 4925 mari,
2412 4882 2414 4892 ι

2412 4858 2491 4930 τῷ
2517 4860 2686 4930 νόμῳ,
2705 4855 2749 4926 ᾦ
2776 4859 2942 4912 πάλαι
2969 4858 3069 4930 τὴν
3101 4857 3276 4929 ἀρχὴν
3304 4857 3457 4928 αύτῷ
3520 4857 3712 4924 ἔταξεν
3754 4858 3783 4910 6
3821 4855 3958 4917 Θεός
3987 4871 4001 4886 ·

731 4944 849 5000 sive
876 4944 1114 5015 desuper
1146 4945 1369 5012 ﬂuenta,
1425 4949 1540 5004 sive
1585 4965 1743 5019 aquae
1793 4965 1915 5020 qua:
1967 4960 2098 5007 sunt
2143 4967 2308 5022 super

2413 4952 2552 5009 ἀλλά
2573 4953 2713 5006 ῶστε
2744 4952 2866 5006 οὐδὲ
2891 4951 2952 5004 τὸ
2988 4951 3107 5006 ὕειν
3139 4950 3487 5021 τοῦδαίθέρος
3517 4949 3687 5015 ἐστὶν,
3717 4948 3855 5002 ἀλλά
3886 4946 4000 5002 τῶι·

732 5037 956 5103 caelum,
997 5045 1055 5097 ut
1083 5039 1205 5109 ipsa
1235 5038 1446 5096 Veritas
1474 5041 1612 5096 dixit
1645 5056 1740 5111 per
1770 5043 2094 5112 Prophetas.

2416 5043 2656 5113 νεφελῶν
2691 5044 3000 5114 δεχομένων
3025 5043 3087 5096 τὸ
3110 5042 3254 5111 ὕδωρ
3279 5042 3323 5074 θ’
3348 5041 3382 5112 ἦ
3412 5041 3524 5096 ἀπὸ
3553 5041 3653 5110 τῆς
3692 5041 4000 5109 θαλάσσης,

733 5130 766 5199 ἢ
799 5130 1006 5185 ἄνωθεν
1035 5132 1356 5202 φερομένων
1396 5133 1504 5190 τῶν
1534 5135 1814 5205 ναμάτων,
1843 5137 1876 5206 ἢ
1905 5138 2014 5189 τῶν
2044 5137 2186 5206 ὑπὲρ
2224 5137 2314 5189 τὸν
2349 5136 2576 5206 οὐρανὸν
2629 5137 2860 5202 ὑδάτων,
2894 5137 2970 5201 ὡς
2997 5138 3030 5206 ἡ
3058 5136 3228 5200 ὅντως
3263 5135 3522 5206 Ἀλήθεια
3563 5135 3652 5190 διὲ
3695 5137 3801 5190 τῶν
3833 5134 4000 5189 θείων

735 5223 1029 5295 προφητῶν
1052 5223 1178 5301 ἔφη.

1929 5456 2122 5520 Varia:
2169 5456 2476 5518 lectiones
2512 5467 2572 5521 ct
2605 5463 2789 5521 notze.

1870 5669 1914 5702 ”
1939 5667 2199 5723 ἑκείνωνῖ
2303 5669 2344 5701 ⁸⁸
2374 5687 2444 5735 φη
2468 5669 2661 5723 codex.
2693 5669 2736 5699 ⁸⁸
2760 5670 2943 5721 ἐκεῖνα
2979 5667 3011 5722 Ι.
3059 5669 3284 5722 κάκεῖνα
3315 5667 3431 5725 cod.
3537 5669 3550 5697 ’ί

2316 5669 2344 5701 ⁵⁸
2374 5687 2444 5735 φη
2468 5669 2661 5723 codex.
2693 5669 2736 5699 ⁸⁸
2760 5670 2943 5721 ἐκεῖνα
2979 5667 3011 5722 Ι.
3059 5669 3284 5722 κάκεῖνα
3315 5667 3431 5725 cotl.
3537 5669 3577 5698 ’ίτ
3602 5665 3756 5729 Ζεὺς,
3802 5665 3998 5735 ἄλογος

806 5665 918 5701 ⁵⁸³⁸
940 5668 1228 5738 Καλαυρίᾳ
1248 5666 1651 5741 μαντεύματαῆ
1674 5667 1767 5720 te?
1870 5669 1914 5702 ”
1939 5667 2199 5723 ἑκείνωνῖ
2303 5669 2344 5701 ⁸⁸
2374 5687 2444 5735 φη
2468 5669 2661 5723 codex.
2693 5669 2736 5699 ⁸⁸
2760 5670 2943 5721 ἐκεῖνα

834 5739 968 5802 Ζεὺς
1038 5739 1148 5810 (Sb)
1193 5740 1406 5809 ἄλογός.
1520 5740 1564 5771 ⁸⁷
1588 5738 1918 5804 καλοῦντεςῖ
2019 5741 2062 5770 ⁸⁸
2095 5741 2394 5808 λέγοντεςῖ
2503 5742 2546 5771 θ’
2588 5740 2728 5810 ὕδωρ
2755 5739 2787 5792 l.
2818 5739 2963 5809 ὕδωρ

735 5740 774 5799 1.
834 5739 968 5802 Ζεὺς
1038 5739 1148 5810 (Sb)
1193 5740 1406 5809 ἄλογός.
1459 5738 1468 5741 ⁷
1520 5740 1564 5771 ⁸⁷
1588 5738 1918 5804 καλοῦντεςῖ
