4260 6438
290 387 393 449 ῙῙἹ
1507 393 1965 453 lilIRONICON.

1850 393 1965 453 ΟΝ.
2007 421 2075 429 --
2116 397 2260 458 LIB.
2313 399 2358 456 Ι.
3433 405 3532 471 118

362 496 438 566 (6)
478 498 582 550 Καὶ
615 502 803 569 ὥςπερ
848 496 937 554 οῦν
986 503 1137 570 ἡλίου
1183 502 1462 571 φαίνοντος
1492 500 1859 553 ἀπελαύνεται
1888 500 1935 559 Α
2036 503 2044 552 ε

1858 500 1935 559 ηΑ
2036 503 2185 557 Sicut
2221 504 2384 572 igitur
2422 508 2533 560 sole
2569 512 2781 565 lucente
2834 513 3091 582 fugantur
3146 516 3403 584 tcnebrm,
3464 519 3540 573 sic

286 593 515 652 σκότος,
580 591 753 653 οὕτως
811 593 909 661 τῆς
960 594 1109 656 θείας
1170 593 1491 661 ἐπιφανείας
1522 591 1851 661 γενομένης.
1960 614 1968 645 t

1960 594 2141 647 divina
2174 593 2605 653 manifestatione
2638 599 2802 666 facta,
2853 604 3127 672 dissipatae
3176 614 3305 659 sunt
3369 606 3541 661 idolo-

283 682 603 752 ἀπελήλατο
636 684 735 753 τῆς
767 685 1159 755 είδωλομανίας
1182 686 1241 738 τὸ
1274 686 1485 749 σκότος,
1516 686 1610 738 καὶ
1652 685 1854 753 πᾶσαή
1960 684 1965 735 l

1844 686 1854 753 π
1960 684 2163 739 latrica:
2199 686 2451 750 tenebrae.
2498 700 2547 743 et
2573 693 2749 744 omnis
2783 693 3229 764 philosophorum
3264 696 3526 765 sapientia

287 772 401 825 τῶν
451 775 759 844 φιλοσόφων
824 776 1177 844 πιθανολογία
1237 776 1416 845 μωρία
1469 776 1561 829 καὶ
1622 775 1857 844 φλυαρία
1963 778 1969 828 i

1963 775 2187 830 insaniae
2223 786 2276 830 et
2302 780 2631 847 garrulitatis
2667 785 3026 852 convincitur,
3046 795 3103 839 ut
3150 788 3407 856 scriptum
3439 799 3541 843 est.

289 865 549 934 φανερῶς
605 866 922 937 ἀπεδείχθη,
957 868 1141 931 καθὼς
1198 870 1525 937 γέγραπται.
1585 868 1724 936 Περὶ
1758 867 1857 934 μὲν
1965 866 1971 918 l

1965 866 2172 920 Etenim
2210 867 2277 921 de
2318 868 2472 923 idolis
2520 872 2732 939 penitus
2771 874 3165 929 destruendis:
3210 894 3227 925 ι
3270 874 3334 929 Ει
3358 876 3461 930 erit
3488 877 3539 930 in

288 955 404 1025 γὰρ
432 956 534 1025 τῆς
591 957 702 1011 τῶν
741 955 973 1013 εἰδώλων
1003 958 1174 1030 ἄρδην
1202 958 1574 1024 καταλύσεως,
1616 978 1633 1010 ι
1667 959 1712 989 ’⁸
1751 958 1861 1011 Καὶ
1968 990 1970 1003 ‹

1859 999 1861 1009 ,
1968 958 2055 1014 die
2088 958 2198 1024 illa,
2223 960 2357 1016 dicit
2389 960 2652 1020 Dominus
2680 965 2941 1030 Sabaoth,
2973 964 3286 1036 disperdam
3321 968 3541 1022 nomina

289 1050 468 1112 ἔσται,
501 1051 689 1119 φησὶν,
715 1051 774 1103 ὲν
808 1050 913 1121 52
941 1051 1123 1122 ἐκείνῃ
1155 1053 1220 1122 τῇ
1256 1049 1626 1121 ήμέρᾳ,λέγει
1660 1049 1860 1120 Κύριος
1966 1050 1971 1103 ἓ

1854 1068 1860 1104 :
1966 1050 2238 1106 idolorum
2280 1053 2347 1107 de
2380 1062 2544 1117 terra,
2590 1065 2647 1110 οι-
2677 1071 2782 1111 non
2837 1058 3291 1113 memorabuntur
3338 1060 3536 1114 ultra.»

291 1141 549 1208 Σαϐαὼθ,
582 1142 956 1214 ἑξολοθρεύσω
986 1142 1054 1196 τά
1087 1143 1328 1215 ὀνόματα
1356 1141 1467 1195 τῶν
1493 1141 1726 1194 εἰδώλων
1757 1140 1864 1194 ἀπὸ
1970 1143 1973 1195 l

1860 1165 1864 1187 ›
1970 1142 2043 1197 De
2078 1141 2520 1213 philosophorum
2556 1157 2733 1201 autem
2755 1149 3172 1220 vaniloquentia.
3201 1170 3213 1204 :
3254 1168 3273 1203 ι
3310 1149 3413 1216 Qui
3450 1166 3542 1219 ap-

290 1235 395 1303 τῆς
418 1236 545 1305 γῆς,
568 1235 664 1289 καὶ
697 1236 797 1289 ούκ
830 1236 985 1290 ἔσται
1021 1236 1203 1291 αὐτῶν
1249 1236 1329 1289 ἔτι
1377 1235 1555 1305 μνεία.
1596 1254 1615 1287 ι
1651 1235 1786 1304 Περὶ
1810 1232 1865 1285 δὲ
1968 1250 1972 1286 1

1968 1234 2256 1303 prehendit
2274 1238 2546 1308 sapientes
2565 1240 2617 1293 in
2634 1241 2832 1295 astutia
2851 1256 3068 1309 eorum;
3094 1266 3110 1294 ι
3137 1252 3224 1298 et:
3251 1263 3269 1295 ι
3283 1243 3546 1298 Dominus

294 1332 398 1399 τῆς
419 1330 529 1384 τῶν
566 1329 872 1399 φιλοσόφων
913 1329 1319 1400 ματαιολογίας,
1356 1346 1373 1378 ι
1418 1327 1479 1379 ’0
1501 1326 1867 1396 δρασσόμενος
1972 1345 1976 1379 ε

1854 1340 1867 1385 :
1972 1327 2074 1380 scit
2113 1330 2469 1398 cogitationes
2499 1332 2849 1401 sapientium,
2880 1334 3139 1403 quoniam
3173 1350 3326 1389 vana:
3358 1346 3536 1389 suum

289 1422 418 1484 τοὺς
438 1422 634 1490 σοφοὺς
649 1424 707 1474 ἐν
725 1425 794 1494 τῇ
810 1421 1113 1492 πανουργίᾳ
1133 1420 1487 1485 αῦτῶν⁷⁸·⁷⁹,›
1508 1418 1650 1483 καὶ,ι
1664 1416 1867 1485 Κύριος

1863 1434 1867 1470 :
1973 1416 2038 1470 Et
2080 1419 2208 1472 olim
2252 1420 2469 1489 quidem
2502 1420 2661 1477 idolis
2692 1423 2987 1479 servientes
3014 1424 3191 1479 Graeci
3227 1440 3291 1480 ac
3320 1424 3545 1479 Barbari

292 1514 555 1582 γινώσκει
600 1516 728 1578 τοὺς
776 1514 1162 1584 διαλογισμοὺς
1214 1512 1329 1566 τῶν
1384 1512 1586 1582 σοφῶν,
1641 1511 1723 1563 ὅτι
1754 1510 1863 1561 sint
1973 1527 1974 1532 η

1860 1545 1863 1559 .
1973 1510 2113 1566 inter
2144 1525 2200 1565 se
2224 1511 2517 1578 bellabant,
2554 1524 2611 1567 ut
2642 1513 2849 1571 dictum
2878 1526 2980 1582 est,
3010 1527 3065 1571 et
3090 1517 3340 1574 crudeles
3387 1518 3542 1573 saevi-

297 1607 542 1677 μάταιοι.
600 1626 619 1659 ι
679 1608 758 1679 (7)
810 1607 920 1661 Καὶ
968 1606 1136 1662 πάλαι
1190 1608 1289 1677 μὲν
1350 1602 1869 1673 εἰδωλολατροῦντες
1977 1629 1979 1646 ι

1864 1620 1869 1657 :
1977 1615 2083 1670 que
2149 1616 2276 1671 erga
2336 1606 2774 1675 consanguineos
2831 1618 3023 1675 erant;
3092 1624 3192 1664 nec
3254 1609 3546 1680 quisquam

294 1698 559 1767 ’Έλληνες
614 1700 710 1752 καὶ
762 1698 1028 1769 βάρϐαροι
1081 1697 1208 1751 κατ’
1249 1698 1497 1767 ἀλλήλων
1544 1695 1867 1764 ἐπολέμουν,

1862 1738 1867 1754 ,
1978 1709 2209 1763 prorsus
2238 1704 2438 1751 terram
2470 1706 2563 1751 aut
2592 1714 2742 1753 mare
2775 1700 3001 1756 inermis
3029 1704 3282 1771 trajicere
3312 1712 3544 1772 poterat,

294 1791 371 1852 ῶς
405 1792 643 1860 εἴρηται,
676 1790 768 1844 καὶ
796 1790 939 1860 ὠμοὶ
989 1792 1083 1844 καὶ
1123 1791 1353 1859 ἀπηνεῖς
1396 1789 1531 1858 πρὸς
1559 1787 1683 1849 τοὺς
1734 1802 1869 1854 συγ-

1868 1817 1869 1822 η
1979 1795 2196 1855 pr0pter
2232 1788 2366 1842 bella
2420 1803 2542 1857 qua:
2600 1790 2717 1843 sine
2757 1804 2853 1858 spe
2891 1791 3354 1847 reconciliationis
3410 1791 3550 1846 inter

295 1882 477 1948 γενετς
539 1882 876 1951 ἐτύγχανον·
908 1882 1007 1933 οῦκ
1062 1877 1130 1951 ἦν
1188 1882 1307 1950 γάρ.
1357 1898 1488 1933 τινα
1536 1880 1598 1931 τὸ
1650 1865 1946 1931 σύνολονίῖ

1863 1894 1885 1926 ιν
1908 1865 1946 1918 Β
1977 1892 2035 1933 se
2066 1878 2376 1947 agitabant;
2432 1895 2541 1933 uno
2574 1881 2760 1944 verbo,
2792 1889 2903 1937 tota
2937 1883 3153 1938 illorum
3188 1884 3294 1937 vita
3327 1896 3381 1938 et
3413 1899 3545 1939 cono

296 1971 422 2025 οὒτε
454 1972 555 2043 τὴν
593 1964 701 2043 γῆν
734 1971 879 2026 οὗτε.
917 1974 1017 2043 τὴν
1074 1972 1351 2026 θάλασσαν
1383 1971 1585 2025 ἄοπλον
1618 1970 1873 2039 διαϐῆναι

1867 1988 1873 2021 ι
1978 1971 2215 2024 versatio
2251 1969 2304 2024 in
2346 1971 2515 2027 armis
2548 1976 2998 2040 consumebatur,
3048 1975 3260 2045 gladius
3297 1975 3403 2030 illis
3433 1985 3549 2029 erat

297 2064 388 2116 διὰ
416 2063 516 2134 τὴν
547 2064 684 2133 πρὸς
732 2063 996 2135 ἀλλήλους
1048 2062 1464 2118 ἀκατάλλακτον
1522 2061 1703 2132 μάχην
1734 2076 1745 2086 ·
1780 2060 1876 2113 καὶ

1869 2079 1876 2111 ι
1979 2078 2075 2131 pro
2116 2062 2309 2117 baculo
2340 2070 2393 2117 et
2423 2064 2474 2116 in
2504 2064 2653 2117 omni
2687 2066 3037 2119 contentione
3067 2066 3355 2121 auxilium.
3395 2065 3551 2120 Nunc

298 2154 490 2217 ἀπλῶς
526 2157 677 2208 πᾶσα
710 2157 741 2226 ή
774 2154 984 2209 τούτων
1035 2154 1146 2224 ζωὴ
1198 2154 1293 2206 καὶ
1327 2151 1577 2221 διαγωγὴ
1610 2150 1677 2204 δι’
1692 2150 1875 2203 ὃπλων
1977 2170 1980 2180 ε

1869 2167 1875 2194 ι
1977 2167 2123 2219 vero,
2161 2153 2369 2223 paciﬁci
2403 2154 2607 2209 Christi
2640 2156 2943 2210 doctrinam
2970 2157 3228 2227 amplexi,
3260 2157 3461 2211 mirum
3496 2156 3551 2211 in

305 2246 550 2315 ῑγένετο,
582 2248 683 2300 καὶ
737 2248 893 2316 ξίφος
923 2242 991 2318 ἦν
1038 2247 1223 2309 αὐτοῖς
1285 2244 1374 2298 διὰ
1424 2243 1731 2315 βακτηρίας
1782 2244 1875 2298 καὶ
1977 2261 1987 2298 ι

1869 2265 1875 2294 ι
1977 2244 2197 2299 modum
2240 2254 2419 2301 mente
2453 2248 2787 2318 compuncti,
2830 2249 3147 2304 crudelitate
3183 2249 3236 2303 in
3284 2250 3551 2319 sanguine

302 2343 505 2407 παντὸς
541 2342 890 2413 βοηθήματος
937 2341 1195 2411 ἔρεισμα.
1245 2340 1359 2393 Νῦν
1403 2339 1481 2404 δὲ,
1520 2341 1608 2393 ὅτε
1662 2340 1743 2402 είς
1779 2338 1877 2408 τήν

298 2432 397 2485 τοῦ
423 2431 770 2503 εἰρηνοποιοῦ
802 2430 1041 2504 Χριστοῦ
1069 2430 1418 2485 διδασκαλίαν
1442 2428 1877 2498 καταϐεϐήκασι,

300 2523 424 2578 τότε
457 2524 520 2595 δή
556 2525 873 2595 παραδόξως
922 2525 1000 2596 τῷ
1051 2524 1167 2578 δντι
1199 2524 1340 2578 κατά
1368 2522 1611 2576 διάνοιαν
1637 2538 1878 2576 κατανυ-

303 2618 497 2685 γέντες
520 2618 618 2689 τήν
645 2618 908 2688 ὠμότητα
931 2616 1040 2671 τῶν
1062 2617 1240 2686 φόνων
1261 2615 1546 2680 ἀπέθεντο,
1577 2613 1673 2667 καὶ
1693 2612 1877 2665 οὐκέτι

304 2708 545 2778 πολέμια
564 2708 877 2780 φρονοῦσιν,
906 2709 1041 2762 ἀλλά
1069 2708 1212 2762 κατά
1233 2706 1506 2777 δαιμόνων
1530 2706 1623 2759 τὸν
1645 2708 1878 2775 πόλεμον

301 2801 393 2854 διὰ
451 2800 561 2855 τῶν
608 2802 849 2873 ἀρίστων
910 2800 1131 2871 τρόπων
1191 2800 1284 2853 καὶ
1341 2797 1452 2851 τῶν
1498 2798 1618 2851 κατ’
1672 2797 1879 2867 ἀρετὴν

305 2893 565 2965 πράξεων
595 2895 895 2965 ἐτρέψαντο
924 2895 1018 2947 καὶ
1044 2894 1325 2963 προδήλως
1347 2890 1875 2962 ἀντιπαρετάξαντο.

1980 2334 2253 2389 fundendo
2314 2336 2580 2406 deposita,
2640 2339 2858 2393 hostilia
2895 2355 3003 2394 non
3056 2340 3410 2407 meditantur,
3458 2339 3553 2397 sed

1978 2428 2238 2485 adversus
2278 2431 2555 2486 daemones
2618 2431 2820 2487 bellum
2864 2440 3253 2488 converterunt
3284 2448 3377 2503 per
3404 2441 3549 2489 artes

1978 2522 2210 2591 optimas
2242 2534 2293 2577 et
2330 2523 2545 2580 virtutis
2593 2539 2783 2594 opera,
2835 2534 2888 2579 et
2929 2524 3212 2595 perspicue
3257 2524 3554 2581 dimicave—

1980 2624 2125 2668 runt.
2170 2614 2243 2669 De
2271 2615 2471 2684 quibus
2500 2614 2666 2669 etiam
2719 2615 2982 2685 scriptum
3022 2626 3103 2671 est
3136 2633 3151 2670 :
3180 2634 3198 2669 ι
3230 2616 3560 2672 Conﬂabunt

1987 2707 2193 2775 gladios
2248 2720 2379 2762 suos
2448 2707 2501 2761 in
2559 2722 2843 2773 vomeres,
2899 2719 2953 2763 et
3004 2710 3221 2766 lanceas
3300 2725 3432 2765 suas
3501 2710 3556 2764 in

1990 2798 2191 2861 falces.
2247 2808 2301 2853 et
2358 2815 2466 2855 non
2514 2809 2693 2857 sumet
2764 2816 2898 2872 gens
2945 2811 3135 2858 contra
3189 2810 3399 2873 gentem
3447 2801 3559 2870 gla-

1987 2888 2163 2955 dium,
2200 2908 2218 2941 |
2249 2897 2357 2944 etc.

304 2988 445 3058 Περὶ
470 2981 547 3041 ὧν
590 2988 685 3043 καὶ
740 2986 1077 3057 γέγραπται,
1125 2988 1208 3039 ὅτι
1239 2988 1284 3019 ⁷³
1321 3003 1339 3037 ι
1400 2984 1743 3053 Συγκόψουσι
1779 2984 1878 3046 τάς
1914 2983 2189 3052 μαχαίρας
2215 2984 2397 3037 αὐτῶν
2465 2986 2544 3051 είς
2578 2985 2787 3057 ἄροτρα
2819 2987 2911 3042 καὶ⁵
2977 2988 3075 3052 τὰς
3128 2985 3350 3052 ζιϐύνας
3381 2982 3560 3042 αὐτῶν

304 3079 387 3142 εις
412 3077 675 3149 δρέπανα,
700 3078 793 3132 καὶ
821 3078 883 3130 ού
922 3078 1153 3147 λήψεται
1183 3077 1337 3138 ἔθνος
1366 3077 1452 3130 ἐπ’
1490 3076 1639 3139 ἔθνος
1674 3076 1987 3145 μάχαιραν,⁵
2009 3092 2026 3123 ι
2064 3078 2156 3125 καὶ
2185 3075 2252 3128 τὰ
2289 3076 2437 3146 ἑξῆς.

380 3282 457 3355 (8)
493 3282 631 3355 Περὶ
676 3282 882 3337 τούτων
934 3286 1034 3355 μέν
1086 3304 1169 3339 τοι
1227 3286 1327 3340 καὶ
1376 3286 1722 3359 Θεοδὼρητος
1751 3285 1879 3339 τάδε
1910 3290 1952 3346 C
2059 3287 2062 3320 l

1874 3304 1879 3338 :
1910 3290 1952 3346 C
2059 3286 2131 3340 De
2164 3288 2248 3343 his
2269 3286 2642 3343 Theodoretus
2667 3286 3014 3357 quoquehaec
3034 3287 3165 3343 dicit
3193 3305 3205 3342 :
3245 3307 3263 3339 ι
3297 3287 3351 3342 Si
3378 3286 3556 3342 Graeci

304 3376 475 3447 φησίν
504 3392 517 3405 ·
539 3376 586 3409 ⁷⁸
619 3394 639 3428 ι
674 3376 745 3430 El
777 3377 958 3430 τοίνυν
988 3378 1248 3447 Ἕλληνες
1274 3378 1594 3447 ἀνέγνωσαν
1633 3379 1880 3450 ἀκριϐῶς

302 3469 407 3533 τάς
442 3469 763 3539 Ἑλληνικὰς
815 3471 1087 3539 ἱστορίας,
1140 3472 1385 3540 ἔγνωσαν
1434 3474 1479 3507 ⁷⁸
1505 3472 1778 3543 δήπουθεν
1808 3471 1883 3532 ὡς

303 3561 527 3626 καὶτὰς
550 3564 872 3634 περιφανεῖς
917 3564 1229 3632 ἐπιστήμας
1266 3564 1361 3616 καὶ
1405 3564 1512 3617 τῶν
1550 3561 1755 3633 τεχνῶν
1785 3562 1885 3624 τὰς

303 3652 566 3713 πλείστας
597 3654 729 3724 παρ’
757 3653 1028 3723 Ἑϐραίοις
1050 3655 1094 3687 ⁷⁸
1133 3654 1535 3725 ὲπαιδεύθησαν
1586 3654 1847 3722 Ἕλληνες
1868 3669 1880 3682 ·

306 3745 655 3816 γεωμετρίαν
683 3746 729 3777 ⁷⁸
759 3745 868 3814 γὰρ
891 3745 936 3777 ⁷⁷
980 3746 1313 3814 Δίγνιπτίους
1360 3746 1657 3816 εὑρηκέναι
1695 3745 1885 3814 φασὶν,

304 3838 639 3906 ἀστρολογία
668 3837 725 3889 δὲ
756 3837 849 3890 καὶ
874 3836 1292 3905 γενεθλιαλογία
1342 3838 1628 3891 Χαλδαίων
1668 3838 1888 3908 εὕρημα

305 3930 550 3995 λέγεται,
594 3919 845 3997 Ἄραϐες
891 3926 948 3979 δὲ
1003 3928 1099 3981 καὶ
1143 3926 1360 3997 Φρύγες
1414 3929 1815 3983 οἰωνοσκοπίαν
1844 3928 1895 3960 ⁷⁸

304 4016 613 4087 ἐπενόησαν
643 4011 785 4070 εἶναι
819 4035 840 4070 ε
882 4032 895 4046 ⁸
929 4017 1024 4069 καὶ
1068 4017 1280 4087 πρῶτοι
1334 4018 1483 4072 θύειν
1531 4006 1694 4083 θεοῖς,
1746 4020 1890 4073 Χαλ-

304 4112 447 4165 δαῖοι
477 4110 534 4164 δὲ
564 4110 788 4182 ἐξεῦρον
822 4111 939 4183 ήτοι
977 4109 1219 4182 Κύπριοι
1247 4111 1322 4175 ⁷⁸,
1355 4110 1747 4181 διαφοροῦνται
1782 4111 1891 4182 γὰρ

308 4204 465 4268 ἔθνος
489 4204 762 4275 Περσικὸν
781 4204 1121 4275 ὑπάρχοντες
1146 4204 1253 4276 (ἀι)
1277 4221 1289 4234 ’
1322 4204 1420 4275 τήν
1444 4205 1500 4257 δὲ
1524 4204 1894 4274 ἀστρονομίαν

307 4297 675 4367 ὲφευρηκέναι
703 4296 913 4368 πρῶτοι
944 4298 990 4330 ⁸⁸
1022 4296 1359 4351 Βαϐυλώνιοι
1389 4298 1479 4351 διὰ
1514 4298 1891 4367 Ὠρωάστρου,

309 4389 371 4454 ιε
397 4383 473 4443 ὧν
506 4387 746 4459 δεύτεροι
778 4390 1183 4460 παρειλήφασιν
1215 4389 1523 4458 Αἰγύπτιοι,
1559 4388 1658 4459 τὴν
1682 4404 1891 4457 γεωμε·

306 4484 468 4554 τρίαν
497 4483 561 4536 εκ
585 4483 679 4537 τοῦ
697 4483 933 4537 ἀπλέτου
954 4484 1050 4553 τῆς
1074 4482 1179 4552 γῆς
1197 4482 1290 4536 καὶ
1311 4483 1409 4553 τῆς
1438 4482 1763 4551 διαιρέσεως
1783 4480 1893 4533 τῶν

1988 3374 2201 3433 Graecas
2223 3378 2477 3434 historias
2502 3379 2745 3433 studiose
2784 3378 3065 3450 legissent,
3106 3379 3389 3437 novissent
3430 3394 3561 3434 sane

1986 3478 2048 3523 et
2076 3470 2334 3525 scientias
2384 3480 2437 3524 et
2490 3470 2775 3540 plerasque
2790 3481 2937 3526 artes
2962 3470 3217 3527 liberales
3232 3472 3301 3526 ab
3321 3469 3560 3527 Hebrmis

1988 3558 2205 3614 Graecos
2220 3558 2473 3615 didicisse
2494 3578 2509 3627 ;
2532 3561 2881 3629 geometriam
2910 3562 3055 3617 enim
3071 3562 3139 3617 ab
3172 3561 3443 3633 Egyptiis
3473 3562 3562 3616 in-

1989 3656 2202 3703 ventam
2239 3664 2361 3706 esse
2391 3650 2616 3719 dicunt;
2650 3652 2942 3721 astrol0gia
2974 3660 3027 3705 et
3075 3668 3167 3708 ars
3202 3651 3558 3723 horoscopica

1989 3738 2364 3796 Chaldaeorum
2403 3742 2681 3796 inventum
2730 3742 2957 3810 dicitur;
2994 3742 3207 3799 Arabes
3234 3752 3290 3799 et
3314 3744 3559 3815 Phryges

1991 3833 2218 3902 auguria
2259 3834 2671 3904 excogitarunt;
2704 3853 2723 3886 ι
2755 3834 2916 3904 primi
2949 3834 3056 3891 diis
3107 3833 3563 3890 sacrificaverunt

1989 3923 2227 3980 Chaldaei
2259 3927 2371 3981 sive
2392 3925 2601 3996 Cyprii,
2621 3927 2711 3997 qni
2742 3928 2964 3997 quidem
2985 3943 3052 3982 ex
3077 3925 3265 3981 Persia
3298 3928 3562 3997 originem

1990 4016 2235 4081 ducunt;
2293 4019 2687 4073 astronomiam
2745 4018 3021 4075 invenisse
3085 4018 3245 4089 primi
3309 4009 3559 4073 dicuntur

1993 4109 2275 4180 Babylonii
2310 4126 2408 4179 per
2432 4113 2807 4177 anoastrem,
2849 4128 2913 4167 ex
2945 4114 3143 4183 quibus
3179 4122 3364 4183 postea
3405 4128 3562 4167 exce-

1994 4213 2192 4272 perunt
2233 4200 2498 4274 Egyptii.
2566 4202 2701 4257 Nam
2746 4204 3099 4273 geometriam
3140 4204 3211 4259 ob
3241 4205 3564 4260 immensam

1995 4306 2199 4350 terram
2272 4296 2326 4349 in
2392 4306 2578 4367 partes
2648 4296 2995 4352 dividendam
3058 4299 3211 4367 prius
3274 4300 3475 4365 edocti,
3511 4301 3565 4355 in

1993 4389 2213 4457 scriptis
2242 4390 2357 4444 suis
2376 4389 2611 4459 posteris
2637 4388 3000 4445 tradiderunt.
3022 4389 3253 4460 Magiam
3286 4402 3342 4445 et
3372 4391 3565 4446 incan-

1994 4482 2252 4535 tationem
2287 4490 2345 4535 et
2391 4481 2713 4536 venellcium
2764 4480 2903 4535 Medi
2944 4491 2999 4537 et
3036 4480 3253 4549 Persae,
3308 4483 3457 4537 vario
3489 4494 3566 4536 ta-

308 4575 506 4647 χωρῶν
557 4575 998 4645 προδιδαχθέντες
1031 4592 1047 4607 °
1079 4575 1175 4629 καὶ
1226 4573 1327 4627 εἷθ’
1364 4573 1517 4627 οῦτω.
1552 4573 1887 4644 γράψαντες,
1921 4577 1966 4633 Β

1881 4616 1887 4636 ,
1921 4577 1966 4633 Β
1996 4587 2118 4626 men
2146 4572 2307 4627 modo
2329 4572 2604 4627 invenere.
2636 4570 2810 4642 Magia
2838 4582 2918 4627 est
2953 4574 3259 4628 daemonum
3296 4574 3563 4627 invocatio

310 4669 491 4738 ἕτεροι
538 4668 854 4737 μετέλαϐον.
885 4668 965 4737 (9)
1011 4667 1122 4740 Τήν
1169 4668 1225 4721 δὲ
1255 4667 1359 4738 53
1385 4666 1620 4736 μαγείαν
1642 4666 1736 4719 καὶ
1767 4682 1899 4735 γοηο

309 4763 462 4815 τείαν
480 4762 580 4815 καὶ
594 4762 943 4832 φαρμακείαν
961 4762 1135 4831 Μῆδοι
1164 4761 1265 4830 μὲν
1294 4760 1525 4830 ἐφεῦρον
1548 4759 1641 4813 καὶ
1664 4758 1895 4829 Πέρσαι,

308 4855 630 4925 διαφέρουσι
674 4855 731 4907 δὲ
764 4852 898 4924 πρὸς
957 4854 1258 4924 ἀλλήλους·
1293 4854 1327 4923 ή
1378 4853 1479 4923 μὲν
1525 4852 1630 4921 γὰρ
1693 4852 1895 4920 μαγεία

308 4948 602 5015 ἐπίκλησίς
655 4948 778 5000 {at
835 4947 1145 5018 δαιμόνων,
1182 4946 1529 5015 ἀγαθοποιῶν
1554 4945 1715 5014 δῆθεν
1760 4946 1897 5015 πρὸς

307 5040 786 5107 ἀγαθοῦσύστασίν
816 5058 983 5107 τινος,
1002 5042 1347 5112 ῶσπερ⁸⁸¹τά
1401 5042 1496 5093 τοῦ
1536 5040 1895 5095 Ἀπολλωνίου

1998 4663 2361 4720 beneﬁcorum
2406 4665 2472 4718 ad
2527 4665 2734 4719 bonum
2776 4666 3001 4735 aliquod
3048 4666 3408 4737 cﬂlngendum
3440 4686 3453 4721 :
3488 4667 3567 4720 sic

1998 4757 2284 4827 Apollonis
2324 4757 2632 4827 Tyanensis
2676 4758 2900 4812 oracula
2935 4759 3000 4811 ad
3058 4760 3258 4813 bonum
3317 4758 3566 4813 eﬂ‘cctum

1996 4848 2123 4903 data
2144 4859 2293 4904 sunt.
2312 4847 2619 4903 Incantatio
2646 4848 2919 4903 invocatio
2951 4858 3033 4903 est
3067 4850 3374 4904 daemonum
3403 4852 3569 4904 male-

1998 4942 2226 4995 ﬁcerum
2299 4942 2508 4997 circum
2578 4941 2830 5011 sepulcra
2921 4940 2987 4995 ad
3057 4943 3261 4995 malum
3344 4942 3565 5007 aliquod

2004 5034 2388 5096 elIiciendum;
2430 5036 2573 5090 unde
2604 5035 2834 5105 γοητεία
2880 5036 3195 5089 nominatur
3227 5037 3297 5089 ob
3334 5036 3568 5105 gemitus

1473 5246 1666 5305 Varia:
1700 5243 1999 5305 lectiones
2027 5247 2088 5299 et
2128 5245 2315 5299 notae.

380 5434 427 5464 ⁷⁸
464 5432 628 5486 Zaclt.
673 5447 789 5493 xm,
817 5432 867 5485 Ξ.

308 5577 503 5646 νυμίαν
535 5574 637 5646 Ἰ“Ιι.
716 5575 777 5646 γτδ
807 5575 1238 5644 οίωνοσκοπικὴν
1296 5578 1383 5646 ὲ-π.
1451 5578 1657 5646 πρῶτοι
1686 5579 1787 5632 Th.

310 5713 478 5771 kntu.

948 5434 1064 5465 ⁷¹·⁷¹
1102 5432 1117 5485 1
1150 5435 1274 5487 Cur.
1309 5451 1384 5499 Ix,
1418 5452 1479 5490 ex
1512 5437 1633 5491 Job.
1663 5440 1825 5503 v.15,
1882 5450 1937 5493 et
1992 5438 2079 5493 Ps.
2123 5456 2241 5493 xcw
2267 5481 2279 5502 ,
2315 5441 2399 5494 ll.

306 5504 436 5583 ί).ίᾷ
466 5502 906 5583 ἀνεγινὼσξεσαν
922 5505 1041 5566 τάς.
1118 5506 1249 5583 ’⁵ἀν
1266 5504 1369 5583 Tit.
1392 5507 1479 5560 22.
1500 5509 1663 5583 δζτάς
1767 5502 1825 5561 πέ
1852 5511 2003 5583 coll.”
2050 5512 2116 5583 ’ξ’
2144 5512 2294 5583 παρά
2314 5512 2603 5581 βαρϐάρων
2626 5513 2727 5565 ΤΙι.
2762 5502 2768 5505 ν
2805 5516 2847 5545 ⁷⁸
2869 5516 2967 5583 μέν
2999 5516 3099 5568 Th.
3179 5519 3220 5548 ⁷⁷

1884 5581 1925 5611 ⁷³
1963 5582 2029 5635 Χ.
2058 5580 2113 5652 δὲ
2137 5582 2251 5651 ἤτοι
2291 5580 2529 5652 Κύπριοι
2563 5584 2643 5648 ἐξ.
2694 5584 2752 5635 τὸ
2794 5580 3054 5652 μαγεύειν
3092 5585 3174 5641 ll”.

310 5644 561 5721 λέγονται
605 5645 660 5701 Β.
706 5645 791 5698 διὰ
824 5646 1177 5715 Ζωροάστρου
1211 5647 1268 5711 ἐξ
1305 5644 1644 5717 ὧνῖδεύτεροι
1682 5650 2023 5721 παρείληφαν
2070 5644 2168 5704 [βξ
2258 5654 2322 5683 ’θ’
2359 5651 2389 5705 (ἶ

2504 5444 2548 5472 ⁷³
2576 5442 2653 5494 lsa
2716 5458 2773 5505 ll,
2808 5445 2856 5495 4.
2935 5446 3062 5498 “ad
3100 5448 3313 5502 (iuncos
3362 5446 3491 5499 1.592
3530 5448 3562 5499 ί.

3254 5520 3343 5570 καὶ
3372 5521 3568 5581 oorpo-

3282 5588 3326 5619 ³⁰
3365 5589 3569 5655 πρῶτοι

2258 5654 2322 5683 ’θ’
2359 5654 2547 5723 ὥσπερ
2583 5682 2642 5693 -
2680 5654 2937 5708 σύστασιν
2968 5658 2999 5708 (ἰ
3036 5673 3142 5710 nni.
3182 5658 3241 5710 B‘
3273 5659 3568 5712 liOtnoiOtc-
