4260 6438
287 431 385 501 121

1485 448 1941 510 CllllONlCON.
1995 475 2054 484 -
2101 453 2238 510 LIB.
2288 450 2332 509 l.

3432 447 3532 512 129

285 553 400 622 πῦρ
446 555 772 622 Ἥφαιστον,
819 559 1113 628 Δήμητραν
1169 560 1224 611 δὲ
1280 561 1378 629 τὴν
1432 561 1556 629 γῆν,
1607 563 1698 613 καὶ
1757 559 1967 629 τὴνΑΙ

1849 579 1854 603 ν
1882 565 1930 622 Α
1960 559 2257 625 Bacchum,
2293 560 2494 613 furtum
2526 557 2878 620 Mercurium,
2932 557 3280 625 prudentiam
3334 556 3531 613 Minre-

281 645 460 716 ὑγρὰν
507 647 698 700 οὐσίαν
771 650 1025 704 Ὠκεανὸν
1090 651 1384 704 ἐπέθεσαν·
1427 655 1521 705 καὶ
1592 655 1690 722 τὴν
1754 655 1854 721 μὲν

282 739 584 807 ἐπιθυμίαν
663 741 983 810 Ἀφροδίτην
1053 744 1144 795 καὶ
1210 745 1427 813 Ἔρωτα
1496 746 1851 816 κεκλήκασιν,

287 830 464 898 ’Λρεα
501 831 558 885 δὲ
586 833 675 886 τὸν
728 833 920 898 θυμὸν,
955 835 1047 888 καὶ
1089 836 1192 906 τὴν
1232 836 1403 906 μέθην
1441 836 1720 901 Διόνυσον,
1756 836 1856 904 τήν

279 921 339 974 δὲ
363 922 569 992 κλοπὴν
621 922 851 992 Ἑρμῆν,
887 926 978 977 καὶ
1028 927 1128 996 την
1175 927 1437 996 φρόνησιν
1475 927 1726 995 Ἀθηνᾶν,
1763 929 1856 979 καὶ

282 1014 448 1067 πάλιν
479 1016 782 1083 Ἥφαιστον
831 1018 930 1080 τὰς
962 1019 1177 1087 τέχνας,
1212 1020 1287 1082 ὠς
1319 1020 1453 1090 πυρὶ
1494 1020 1755 1088 συνεργὸν
1784 1019 1852 1050 ’⁸⁸

281 1109 662 1178 κεχρημένον
705 1110 957 1163 τοσοῦτον
1006 1111 1115 1181 γὰρ
1164 1114 1285 1175 ταῖς
1332 1113 1585 1181 αἰσχραῖς
1633 1109 1856 1165 ἐδουλώ-

281 1199 458 1269 θησαν
497 1201 733 1270 ήδοναῖς,
768 1201 844 1265 ὡς
872 1201 969 1255 καὶ
1002 1203 1094 1256 τὸν
1119 1203 1324 1274 τράγον
1360 1203 1448 1256 διὰ
1491 1203 1590 1275 τήν
1633 1206 1712 1266 εἰς
1751 1202 1851 1264 τὰς

281 1293 461 1361 μίξεις
497 1295 694 1362 μανίαν
716 1295 836 1348 θεὸν
865 1296 1197 1368 ὁμολογῆσαι
1229 1298 1326 1351 καὶ
1349 1297 1533 1352 θῦσαι.
1558 1297 1854 1368 Μενδήσιοι

276 1385 336 1436 δὲ
360 1383 549 1438 τοῦτον
579 1385 948 1458 διαφερόντως
974 1390 1264 1459 ἐτίμησαν,
1292 1390 1368 1453 ὡς
1392 1390 1484 1443 καὶ
1512 1393 1627 1452 τοῖς
1662 1389 1847 1455 ᾅλλοις

276 1472 440 1538 ζώοις
486 1478 541 1529 αἰ
591 1477 746 1532 ἄλλαι
798 1480 983 1544 πόλεις
1029 1480 1310 1549 θεολογίας
1352 1483 1508 1545 τινας
1562 1481 1848 1551 ἀνέφερον.

279 1566 512 1620 Ἐσεὸον
540 1568 596 1621 δὲ
636 1570 731 1623 καὶ
761 1573 1045 1640 Μεμφῖται
1087 1575 1180 1627 τὸν
1217 1574 1438 1645 ταῦρον,
1475 1574 1571 1627 καὶ
1605 1575 1853 1627 Λυκοπο-

275 1662 422 1713 λῖται
473 1662 564 1715 τδν
607 1662 792 1728 λύκον,
848 1665 944 1719 καὶ
997 1667 1361 1720 Κυνοπολῖται
1410 1667 1504 1719 τὸν
1541 1667 1703 1729 κύνα,
1759 1667 1854 1719 καὶ

275 1752 431 1806 ἄλλοι
480 1753 572 1805 τὸν
622 1754 896 1827 αἴλουρον,
949 1757 1045 1810 καὶ
1103 1758 1282 1828 ἕτεροι
1335 1758 1426 1810 τὸν
1481 1757 1847 1827 κροκόδειλον.

1958 667 2077 706 vam
2139 662 2194 706 et
2251 667 2446 706 rursus
2500 648 2805 704 Vulcanum
2864 658 3008 704 artes
3084 648 3528 713 nominaverunt,

1954 745 2155 815 quippe
2210 743 2305 814 qui
2379 744 2498 811 igne
2548 751 2814 798 uteretur.
2871 739 3021 796 Adeo
3067 741 3213 797 enim
3276 743 3528 812 turpibus

1955 836 2269 892 servierunt
2313 835 2706 904 voluptatibus,
2764 842 2824 887 ut
2857 831 3093 896 hircum,
3142 833 3215 888 ob
3265 833 3527 889 eﬁ‘renam

1955 929 2311 1000 voluptatem,
2389 929 2548 982 deum
2614 925 3026 998 proﬁterentur,
3105 927 3264 995 eique
3313 927 3528 982 sacriﬁ-

1954 1031 2164 1076 carent.
2193 1021 2348 1077 Hunc
2382 1030 2567 1075 autem
2599 1019 2863 1075 Mendesii
2899 1019 3168 1088 praecipue
3195 1019 3483 1073 coluerunt
3509 1037 3525 1082 ;

1955 1129 2081 1168 nam
2115 1115 2236 1168 alia:
2281 1115 2446 1168 urbes
2481 1113 2604 1168 aliis
2635 1111 3012 1166 animantibus
3039 1113 3245 1164 cultum
3279 1111 3526 1164 divinum

1954 1206 2307 1261 exhibebant.
2334 1205 2645 1275 Memphim:
2678 1205 2900 1273 quidem
2953 1212 3195 1266 taurum,
3238 1202 3526 1271 Lycopoli-

1955 1299 2065 1352 tani
2099 1299 2307 1367 lupum,
2362 1296 2746 1369 Cynapolitani
2780 1311 2994 1359 canem,
3051 1295 3144 1349 alii
3195 1293 3379 1357 lelem,
3432 1295 3525 1349 alii

1957 1390 2301 1446 crocodilum
2359 1391 2786 1445 venerabantur.
2866 1387 3084 1442 Priares
3161 1387 3325 1458 igitur
3393 1386 3528 1441 deos

1957 1482 2378 1536 nominaverunt
2438 1479 2678 1551 Egyptii
2734 1488 2788 1534 et
2835 1477 3146 1543 Phoenices,
3200 1493 3266 1532 es
3325 1477 3529 1547 quibus

1954 1573 2128 1628 Graeci
2163 1581 2495 1642 acceperunt
2549 1571 2740 1634 solem,
2776 1572 2984 1634 lunam,
3029 1570 3237 1633 stellas,
3297 1569 3525 1633 coelum,

1955 1674 2158 1720 terram
2194 1675 2497 1734 cmteraque
2536 1664 2800 1734 principia
2835 1664 3150 1728 adorantes,
3179 1672 3232 1717 et
3266 1670 3528 1730 tanquam

1955 1757 2062 1812 diis
2096 1757 2302 1812 cultum
2337 1757 2404 1812 iis
2433 1757 2777 1812 exhibentes.
2831 1755 3031 1811 Postea
3067 1770 3197 1809 vero
3245 1753 3422 1810 Graeci
3474 1763 3530 1808 et

275 1841 392 1912 (Ιὸ)
421 1844 630 1898 Οὐκοῦν
658 1847 868 1916 πρῶτοι
900 1847 1055 1912 θεοὺς
1079 1849 1376 1917 ὠνόμασαν
1407 1850 1451 1880 ⁸⁸
1483 1847 1534 1900 οἰ
1563 1848 1851 1915 Αἰγύπτιοι
1896 1919 1899 1920 ν

1846 1886 1851 1899 .
1896 1919 1899 1920 ν
1957 1850 2079 1906 illos
2118 1850 2212 1920 qui
2282 1866 2339 1903 se
2401 1849 2696 1912 beneﬁcos,
2760 1859 2855 1902 aut
2906 1849 2959 1901 in
3016 1848 3221 1917 praeliis
3273 1855 3528 1900 strenuos

276 1936 373 1988 καὶ
423 1937 688 2002 Φοίνικες,
731 1937 914 2009 ὑφ’ὦν
961 1940 1221 2009 ’Έλληνες
1258 1941 1658 2010 παρειλήφασιν
1698 1939 1851 2011 ἦλιον
1883 1919 1923 1974 Β
1957 1960 1958 1969 ι

1843 1919 1923 1987 ’Β
1957 1919 2320 2010 praebuerant,
2379 1937 2526 1991 verbi
2585 1938 2782 2009 gratia,
2835 1938 3073 1992 validum
3133 1947 3186 1992 et
3241 1945 3525 1991 strenuum

275 2027 372 2079 καὶ
403 2029 898 2102 σελήνην,ἀστέρας
927 2050 985 2085 τε
1009 2032 1104 2086 καὶ
1125 2032 1371 2102 οὐρανὸν,
1398 2033 1495 2085 καὶ
1509 2033 1631 2102 γῆν,
1659 2035 1754 2084 καὶ
1782 2032 1850 2086 τὰ

1847 2052 1850 2083 ι
1957 2031 2262 2094 Herculem,
2294 2030 2494 2085 divinis
2543 2031 2944 2086 decoraverunt
2978 2031 3302 2091 honoribus,
3336 2037 3391 2084 et
3427 2029 3529 2082 As-

273 2118 414 2172 ἄλλα
452 2125 689 2192 στοιχεῖα
734 2127 1237 2196 προσκυνήσαντες,
1277 2129 1351 2188 ὡς
1395 2127 1548 2188 θεοὺς
1590 2127 1849 2196 ἐλάτρευ-

1841 2159 1849 2169 -
1956 2123 2214 2192 clepium,
2247 2123 2317 2178 ob
2343 2123 2477 2176 artis
2524 2121 2749 2174 medica:
2788 2121 3100 2186 scientiam,
3131 2129 3255 2189 post
3294 2129 3523 2174 mortem

275 2228 401 2266 σαν.
434 2214 628 2285 Χρόνῳ
661 2216 718 2268 δέ
759 2215 984 2288 ὕστερον
1030 2219 1285 2281 καὶτοὺς
1332 2217 1393 2270 εὖ
1427 2235 1476 2270 τι
1517 2218 1848 2289 δεδρακότας
1954 2241 1957 2260 ε

1842 2237 1848 2277 π
1954 2213 2368 2268 deiﬁcaverunt.
2417 2209 2480 2264 Et
2514 2225 2622 2265 non
2655 2211 2831 2266 solum
2869 2211 2990 2266 illos
3021 2211 3114 2279 qui
3147 2209 3353 2280 aliquid
3397 2210 3524 2264 boni

275 2307 308 2372 ἦ
343 2308 403 2360 ἐν
449 2307 706 2379 πολέμοις
753 2310 1271 2381 ἀνδραγαθήσαντας
1321 2310 1396 2373 ὠς
1435 2310 1524 2363 τὸν
1568 2311 1846 2382 Ἡρακλέα
1953 2330 1957 2355 ι

1953 2315 2196 2376 egerant,
2218 2305 2311 2360 sed
2338 2303 2501 2359 etiam
2517 2304 2868 2374 impudicitia
2885 2313 2940 2360 et
2955 2303 3222 2359 scelerum
3248 2302 3528 2359 convictos

273 2400 520 2464 γενναῖον
576 2399 671 2453 καὶ
729 2402 972 2472 ἀνδρεῖον
1023 2400 1381 2472 ἐθεοποίησαν
1415 2401 1698 2470 Ἕλληνες,
1750 2403 1846 2454 καὶ
1953 2417 1955 2426 ‘

1843 2441 1846 2451 ,
1953 2400 2099 2454 viros
2122 2408 2174 2453 et
2207 2397 2440 2454 feminas
2472 2398 2710 2452 venerati
2742 2407 2873 2452 sunt
2902 2408 2955 2452 et
2994 2397 3181 2452 divino
3210 2397 3361 2452 cultu
3394 2411 3525 2466 pro-

271 2489 364 2540 τὸν
404 2491 741 2561 Ἀσκληπιὸν
796 2493 882 2546 διὰ
934 2495 1032 2560 τήν
1090 2492 1342 2561 ἰατρικὴν
1377 2493 1690 2562 ἐπιστήμην
1721 2492 1842 2544 θεὸν
1953 2491 2149 2547 seculi.

269 2585 673 2655 τελευτήσαντα
698 2588 745 2619 ⁹⁷
780 2587 1232 2658 προσηγόρευσαν
1265 2605 1278 2617 ·
1310 2587 1403 2638 καὶ
1430 2587 1489 2639 οὗ
1526 2586 1687 2657 μόνον
1732 2587 1859 2650 τοὺς
1895 2585 2100 2654 ἀγαθόν
2139 2602 2192 2638 τι
2221 2584 2552 2656 δράσαντας.
2576 2583 2715 2637 ἀλλὰ
2752 2583 2846 2637 καὶ
2909 2583 3035 2645 τοὺς
3085 2580 3398 2650 ἀσελγείαις
3434 2580 3528 2633 καὶ

277 2683 549 2752 μυσαραῖς
581 2683 844 2751 πράξεσιν
885 2683 1109 2746 ἁλόντας
1143 2682 1342 2753 ἄνδρας
1370 2698 1429 2734 τε
1457 2684 1551 2736 καὶ
1580 2685 1847 2752 γυναῖκας
1885 2683 2265 2752 ἐσεϐάσθησαν
2299 2682 2395 2734 καὶ
2426 2688 2788 2751 ἐλατρευσαν.

415 2860 486 2912 Ζ’.
535 2861 669 2930 Πετρί
708 2859 825 2915 τῶν
860 2863 1347 2932 θεοποιησάντων
1383 2863 1700 2931 Ῥωμαίων.

357 3046 447 3108 ἘΞ
475 3038 549 3099 ὧν
591 3045 852 3116 Ῥωμαῖοι
895 3047 1279 3117 μεμαθηκότες
1327 3048 1452 3110 τοὺς
1491 3047 1654 3110 ἰδίους
1690 3048 1846 3118 βασι-

269 3135 379 3196 hi;
415 3135 555 3204 μετὰ
596 3135 824 3188 θάνατον
865 3139 1242 3204 ὲθεοποίησαν,
1281 3140 1374 3190 καὶ
1417 3138 1477 3190 ού
1524 3137 1685 3206 μόνον
1719 3139 1846 3199 τοὺς

2219 2857 2328 2912 Vll.
2399 2857 2474 2912 De
2495 2859 2764 2928 apotheosi
2791 2857 2932 2926 apud
2965 2857 3254 2912 Romanos.

2024 3045 2276 3108 Romani,
2309 3059 2337 3099 a
2366 3043 2570 3100 Grmeis
2603 3043 2802 3108 edocti,
2841 3043 3202 3114 imperatores
3241 3058 3373 3099 suos
3403 3053 3529 3114 post

1955 3146 2185 3194 mortem
2223 3137 2365 3191 inter
2391 3136 2527 3191 deos
2555 3136 2886 3198 retulerunt,
2923 3145 2978 3190 et
3006 3150 3114 3189 non
3152 3150 3249 3190 eos
3281 3143 3527 3190 tantum-

275 3227 518 3293 ἐννόμως
563 3227 1019 3296 βεϐασιλευκότας
1078 3231 1123 3262 ⁸⁸
1181 3231 1273 3284 καὶ
1479 3230 1572 3283 τοῦ
1635 3229 1846 3283 δικαίου
1874 3247 1957 3322 ct

1874 3265 1918 3322 ϐ
1953 3231 2116 3284 modo
2145 3229 2239 3300 qui
2283 3228 2522 3298 legitime
2569 3227 2972 3298 imperaverant
3021 3235 3075 3282 et
3110 3227 3380 3296 justitiam
3435 3243 3529 3283 eo—

272 3317 703 3382 πεφροντικότας
753 3319 821 3378 ⁸⁸,
854 3319 992 3371 ἀλλά
1034 3319 1130 3372 καὶ
1180 3321 1308 3383 τοὺς
1361 3321 1706 3390 τυραννικῶς
1755 3320 1848 3374 καὶ

269 3407 512 3469 ἀδίκως¹
561 3424 620 3459 τε
669 3409 762 3460 καὶ
787 3411 1125 3480 παρανόμως
1166 3414 1265 3479 τὴν
1311 3413 1485 3482 ἀρχὴν
1537 3412 1845 3475 ἰθύναντας.

271 3497 384 3550 Καὶ
415 3498 524 3566 γαρ
559 3499 789 3569 Νέρωνα
816 3504 835 3533 ³
865 3505 1045 3555 πᾶσαν
1098 3502 1242 3556 ἰδέαν
1273 3504 1571 3567 ἀκολασίας
1605 3512 1700 3557 καὶ
1745 3523 1848 3557 πα-

273 3591 541 3656 ρανομίας
573 3590 714 3643 κατὰ
753 3593 913 3662 κόρον
949 3594 1368 3663 μετεληλυθότα,
1392 3597 1484 3647 καὶ
1504 3597 1845 3665 Δομιτιανίιν,

272 3677 369 3729 καὶ
401 3678 648 3746 Κόμοδον
691 3682 785 3732 καί
829 3698 890 3748 γε
920 3681 1112 3746 ἄλλους
1154 3686 1477 3752 μιαιφόνους
1518 3687 1613 3739 καὶ
1661 3688 1848 3754 λαγνι-

270 3769 505 3831 στάτους
545 3769 740 3838 ἄνδρας
787 3772 866 3842 τῷ
908 3775 1018 3827 τῶν
1064 3776 1343 3844 σφετέρων
1387 3777 1526 3830 θεῶν
1564 3779 1849 3850 καταλόγῳ

272 3861 596 3928 συνέταξαν.
626 3863 704 3933 (2)
748 3864 822 3916 Uti
873 3865 980 3933 μὴν
1011 3865 1089 3928 δέ,
1123 3867 1259 3919 ἀλλὰ
1315 3869 1407 3920 καὶ
1459 3871 1587 3932 τοὺς
1622 3887 1850 3939 παμπο-

270 3953 472 4021 νήρους
539 3953 800 4025 δαίμονας
851 3957 1245 4028 ἐθεοποίησαν,
1297 3962 1428 4030 παρ’
1479 3956 1556 4016 ὧν
1604 3965 1698 4016 καὶ
1749 3964 1849 4026 τας

269 4045 530 4114 γοητείας
583 4047 676 4100 καὶ
729 4051 1069 4118 μαγγανείας
1119 4053 1526 4122 μεμαθηκότες,
1585 4059 1846 4126 πονηραῖς

273 4138 678 4206 κακοτεχνίαις,
697 4139 912 4204 θυσίαις
938 4143 1032 4195 καὶ
1064 4145 1305 4206 τελεταῖς
1330 4147 1522 4209 αὐτοὺς
1556 4149 1845 4216 ἐτίμησαν,

272 4225 369 4288 οὓς
439 4231 602 4298 ἡμεῖς
661 4231 722 4282 ἐκ
791 4232 1089 4303 διαμέτρου
1164 4232 1562 4304 βδελυττόμεθα
1626 4238 1848 4301 δικαίως

271 4318 510 4384 ἀγανῶς
542 4321 816 4389 θεομισεῖς
846 4325 938 4378 καὶ
960 4327 1060 4395 τῆς
1087 4328 1306 4381 αἰωνίου
1338 4329 1612 4393 κολάσεως
1649 4331 1847 4401 προξιο

272 4428 420 4476 νους.

1951 3322 2188 3386 Inerant,
2234 3320 2331 3376 sed
2364 3321 2486 3376 illos
2511 3335 2731 3391 quoque
2758 3318 2851 3390 qui
2904 3320 3188 3390 tyranuice
3229 3329 3284 3374 et
3325 3319 3528 3388 injuste

1951 3415 2224 3485 impieque
2258 3414 2488 3482 imperio
2522 3412 2875 3482 przefuerant.
2906 3410 3178 3466 Neronem
3202 3412 3373 3477 enim,
3426 3411 3523 3480 qui

1949 3522 2164 3561 omnem
2197 3505 2608 3561 incontinentiae
2636 3516 2692 3561 et
2740 3504 3041 3574 impietatis
3096 3504 3317 3558 modum
3371 3503 3525 3558 inso-

1949 3595 2122 3651 lenter
2175 3606 2512 3659 excesserat,
2565 3595 2958 3659 Domitianum,
3017 3593 3403 3659 Commodum,
3467 3603 3524 3648 et

1951 3688 2088 3741 alios
2108 3687 2412 3740 homicidas
2435 3699 2486 3740 et
2507 3687 2996 3742 Iibidinosissimos
3018 3686 3270 3739 homines
3295 3687 3524 3740 deorum

1951 3793 2176 3832 suorum
2206 3776 2454 3846 catalogo
2514 3776 2904 3843 ascripserunt.
2963 3773 3102 3840 Quin
3140 3775 3251 3827 imo
3297 3783 3352 3827 et
3402 3789 3525 3827 scc-

1951 3867 2278 3924 lestissimos
2304 3867 2582 3920 daunones
2611 3882 2710 3936 pro
2751 3867 2856 3920 iliis
2885 3865 3215 3928 habuerunt,
3264 3880 3295 3918 a
3324 3865 3528 3933 quibus

1953 3963 2353 4017 incantationes
2381 3969 2433 4014 et
2477 3959 2741 4013 veneﬁcia
2792 3959 2992 4023 edocti,
3049 3958 3306 4027 pessimis
3341 3957 3527 4010 male-

1953 4057 2116 4118 ﬁciis,
2149 4056 2440 4112 sacriﬁciis
2472 4067 2526 4112 et
2561 4057 2839 4128 mysteriis
2870 4057 3018 4127 ipsos
3041 4057 3352 4120 coluerunt,
3383 4068 3527 4124 quos

1953 4163 2052 4202 uos
2110 4165 2140 4201 e
2190 4158 2383 4202 contra
2436 4157 2693 4218 tauquam
2751 4148 2858 4202 Deo
2920 4147 3128 4202 invisos
3185 4154 3239 4200 et
3297 4144 3522 4200 aeternis

1954 4240 2239 4310 suppliciis
2270 4241 2560 4310 deputatos
2590 4238 2976 4295 abominamur

360 4599 579 4669 Ἐπειδὴ
628 4601 683 4654 δέ
731 4603 823 4654 καὶ
887 4603 1157 4675 δαιμόνων
1211 4609 1511 4679 ἐμνήσθην,
1567 4611 1846 4682 προῦργου
1883 4599 1926 4654 ο
2023 4616 2042 4678 (

1841 4636 1846 4661 ι
1883 4599 1926 4654 ο
2023 4615 2290 4682 Quoniam
2322 4619 2628 4672 daemonum
2643 4617 2976 4673 mentionem
2999 4615 3124 4678 feci,
3144 4630 3253 4670 non
3280 4616 3523 4671 alienum

271 4687 426 4759 οἶμαι
477 4692 569 4743 καὶ
606 4694 736 4762 περὶ
786 4694 1003 4761 τούτου,
1036 4698 1137 4763 ἄγε
1182 4699 1246 4769 δὴ
1287 4700 1661 4771 δοξαζομένων
1697 4705 1848 4776 παρά

274 4780 385 4833 τῶν
401 4781 652 4835 ἐλεεινῶν
682 4784 776 4836 καὶ
808 4787 903 4838 τοῦ
934 4789 1200 4843 ἀσϐέστου
1243 4793 1418 4862 πυρὸς
1449 4795 1616 4861 ἀξίων
1661 4797 1853 4849 διασασ-

276 4871 474 4939 φῆσαι.
499 4873 603 4925 Τὸν
633 4875 741 4945 γὰρ
771 4877 981 4930 τούτων
1017 4879 1259 4950 ἄρχοντα
1301 4884 1551 4938 Σατανᾶν
1602 4886 1672 4938 τὰ
1729 4888 1850 4941 θεῖα

277 4967 746 5035 προσαγορεύουσι
779 4969 959 5037 λόγια,
989 4972 1140 5042 δηλοῖ
1157 4975 1215 5026 δέ
1237 4974 1476 5046 τοῦνομα
1494 4980 1586 5031 τδν
1613 4981 1852 5033 ἀποστά-

276 5072 376 5122 την
422 5057 561 5108 κατά
610 5059 712 5126 τήν
762 5061 944 5132 φωνήν
987 5063 1096 5114 τῶν
1153 5066 1440 5134 Ἐϐραίων,
1493 5069 1748 5138 ὀνομάζει
1795 5071 1851 5124 δέ

277 5144 440 5196 αιτδν
465 5146 720 5201 Διάϐολον
757 5150 832 5212 ὡς
861 5152 952 5204 τὸν
996 5153 1131 5206 Θεδν
1181 5155 1317 5224 πρὸς
1361 5159 1486 5220 τοὺς
1529 5159 1850 5229 ἀνθρώπους

278 5239 722 5306 συκο·,οαντοῦντα
780 5244 872 5295 καὶ
926 5245 1110 5307 αὐτοῖς
1149 5247 1205 5299 δὲ
1251 5248 1348 5315 (5⁸)
1395 5252 1507 5314 τοῖς
1541 5249 1852 5320 ἀνθρώποις

1957 4709 2093 4773 puto
2121 4703 2187 4757 de
2223 4703 2330 4757 illis
2379 4703 2676 4768 disserere,
2711 4706 2806 4775 qui
2866 4720 2896 4759 a
2950 4704 3168 4759 miseris
3215 4711 3269 4758 et
3324 4714 3530 4758 aeterno

1954 4797 2078 4866 igne
2111 4797 2292 4866 dignis
2323 4797 2610 4865 gloriﬁcati
2659 4808 2806 4852 sunt.
2840 4795 3047 4852 Horum
3091 4795 3394 4866 principem
3426 4795 3530 4850 Sa-

1954 4899 2136 4945 tanam
2212 4892 2394 4945 divina
2455 4892 2750 4946 nominant
2806 4893 3054 4958 oracula,
3115 4893 3274 4961 cujus
3330 4907 3529 4946 nomen

1957 4992 2200 5051 apostata
2222 4985 2488 5039 Hebraice
2521 4985 2916 5055 interpretatur
2939 5002 2954 5050 ;
2978 4985 3228 5040 diabolus
3258 4986 3418 5040 etiam
3447 4985 3534 5038 di-

1959 5074 2101 5129 citur
2124 5084 2309 5142 utpote
2338 5077 2431 5144 qui
2469 5077 2637 5129 Deum
2688 5077 2830 5145 apud
2858 5077 3109 5130 homines
3142 5077 3528 5136 calumniatur,

1959 5176 2012 5217 et
2035 5164 2174 5218 inter
2199 5165 2453 5222 homines
2474 5167 2621 5236 ipsos
2646 5167 2770 5221 lites
2787 5177 2840 5222 et
2861 5167 3249 5221 contentiones
3267 5167 3525 5220 seminat.

1964 5253 2076 5308 llos
2115 5270 2219 5308 non
2244 5256 2418 5314 malos
2445 5259 2511 5312 ab
2535 5258 2692 5312 initio
2713 5273 2741 5312 a
2768 5257 2879 5314 Deo
2913 5258 3293 5312 universorum
3317 5266 3530 5310 creatos

1464 5428 1663 5490 Varia)
1694 5428 1999 5494 lectiones
2030 5440 2088 5494 et
2122 5441 2308 5497 nota}.

349 5637 728 5717 ’ξσυνξῖργᾷίῖ
817 5640 1186 5717 ζῖὠνόμασαν
1225 5646 1272 5717 οι
1308 5645 1387 5698 Ἄ.
1447 5645 1481 5698 Ι.
1535 5646 1837 5717 Ϋὼνόμασαν
1893 5649 2178 5716 Αἰγύπτιοι
2236 5651 2359 5704 cod.

1733 5720 1879 5772 ¹καὶ
1938 5723 2019 5774 ἀδ.
2083 5738 2136 5772 τε
2196 5723 2284 5773 καὶ

303 5708 323 5738 ⁸
371 5706 790 5773 βεκουλευκότας
817 5711 902 5762 Β⁹.

1007 5714 1052 5745 ⁸⁸
1084 5715 1458 5784 φρονήσαντας
1534 5716 1614 5772 Β¹.

275 5778 501 5836 ηανόνί
1097 5778 1138 5782 “’
1241 5778 1252 5784 ⁷
1345 5797 1359 5812 σ

2469 5652 2511 5682 ’⁷
2549 5649 2966 5724 τελευτήσαντα
3009 5653 3044 5706 1.
3108 5651 3526 5724 τελευτήσαντα.

2354 5739 2410 5771 π.
2480 5737 2586 5775 om.
2645 5722 2770 5774 B'.‘
2843 5722 3122 5792 ’Νέρωνα
3195 5722 3287 5776 καὶ
3363 5727 3529 5791 Actu.
