4260 6438
718 421 816 483 123

1912 419 2164 476 GEORG
2180 416 2232 474 ll
2280 416 2376 476 ΠΛ
2391 419 2435 472 .\|
2450 417 2487 470 Α
2503 415 2617 471 ll'l‘i
2633 415 2671 470 ll
2686 415 2725 470 ,1

3854 405 3951 472 121

710 553 834 592 esse
868 536 1128 598 dicimus,
1183 548 1275 584 nec
1310 531 1466 583 talem
1503 530 1726 583 surtitos
1756 543 1879 583 esse
1923 537 2148 589 statum,
2189 528 2280 581 sed
2317 537 2354 586 Α
2387 528 2392 576 l

2274 529 2280 579 Ι
2317 537 2354 586 Α
2387 527 2504 593 ἔριν
2535 522 2668 592 πρὸς
2701 522 2959 590 ἀλλήλους
2995 524 3086 574 καὶ
3117 521 3292 592 μάχην
3333 520 3693 591 ἐμϐάλλοντα.
3721 520 3956 579 Τουτους

712 626 1100 696 depravatione
1135 624 1331 677 mentis
1376 639 1402 674 a
1443 622 1763 676 melioribus
1788 621 1857 674 ad
1905 621 2091 690 pejora
2144 619 2285 674 ccci-

712 722 857 774 disse
883 729 1078 790 sponte
1110 727 1162 771 et
1195 718 1397 780 libere;
1460 725 1511 769 et
1545 715 1631 767 his
1664 728 1773 767 non
1823 713 2066 769 contenti
2125 711 2286 768 bouis

717 829 840 882 qua:
871 827 899 864 a
950 812 1213 864 Creatore
1278 817 1621 874 aer-cperant,
1673 805 1782 858 imo
1836 805 2048 872 majora
2114 817 2283 872 appe-

716 915 916 965 tentes,
999 903 1250 970 superbia
1316 900 1664 963 intumuisse,
1725 906 1780 952 et
1842 897 1912 951 ab
1984 895 2287 964 antiquitus

713 993 837 1045 data
882 992 1048 1060 gloria
1093 991 1410 1044 decidisse:
1459 989 1654 1042 deinde
1706 987 1972 1041 adversus
2015 985 2287 1043 homines.

713 1089 781 1139 ad
839 1085 1130 1155 imaginem
1180 1085 1274 1139 Dei
1331 1093 1570 1145 creatos,
1635 1082 1785 1136 rabie
1835 1090 1986 1134 actos
2049 1093 2192 1143 esse,
2239 1087 2292 1132 et

713 1188 904 1233 contra
935 1194 1033 1233 eos
1072 1178 1269 1232 bellqu
1317 1177 1648 1245 suscepisse.
1709 1174 1882 1228 Porro
1921 1173 2170 1235 Creator,
2221 1185 2288 1225 ex

717 1286 822 1323 uua
854 1279 1029 1339 parte,
1074 1269 1342 1322 bonorum
1394 1265 1710 1334 angelorum
1761 1262 2010 1319 custodia
2055 1259 2293 1317 servavit

721 1349 1231 1430 huminum'genus,
1263 1375 1330 1412 ne
1357 1359 1407 1412 vi
1447 1367 1500 1411 et
1530 1357 1814 1428 tyrannica
1852 1362 2120 1424 potestate
2158 1367 2291 1406 usus

718 1455 1020 1520 ctimpune
1083 1451 1369 1514 invadens,
1426 1463 1564 1518 quos
1626 1464 1735 1517 pne
1807 1447 2012 1502 invidia
2077 1445 2290 1510 oderat,

720 1557 926 1599 temere
958 1542 1211 1597 diabolus
1243 1542 1527 1611 perderet;
1574 1556 1642 1596 ex
1679 1541 1847 1594 altera
1891 1548 2070 1607 parte.
2120 1544 2293 1591 certa-

721 1637 888 1691 minis
919 1636 1218 1690 discrimen
1245 1649 1352 1689 non
1401 1633 1705 1703 impedivit,
1766 1643 1827 1686 ut
1874 1632 2110 1701 Optimos
2151 1632 2294 1686 lucta

721 1727 1060 1789 ostenderet,
1096 1735 1149 1780 ct
1175 1725 1515 1779 fortitudinis
1557 1723 1889 1792 exemplaria
1914 1723 2128 1776 ﬁerent.
2176 1721 2295 1787 Qua

722 1825 789 1876 de
817 1836 985 1877 causa
1008 1820 1306 1875 violentum
1334 1817 1478 1871 illius
1504 1817 1766 1884 impetum
1809 1825 2069 1882 tanquam
2101 1812 2298 1866 exitia-

2388 618 2550 685 ἡμεῖς
2584 615 2645 666 οὐ
2692 615 2963 683 πονηροὺς
3013 612 3074 678 ἐξ
3123 614 3296 683 ἀρχῆς
3345 611 3493 680 παρά
3535 611 3632 665 τοῦ
3676 609 3813 662 Θεοῦ
3847 609 3958 658 τῶν

2387 709 2522 762 δλων
2557 705 3030 777 δημιουργηθῆναι
3077 705 3281 774 φαμὲν,
3324 704 3448 758 οὐδὲ
3482 703 3694 757 τοιάνδε
3723 701 3836 767 ἕξιν
3873 701 3960 754 λα-

2388 802 2524 869 χεῖν,
2569 799 2705 853 ἀλλά
2751 800 2819 869 τῇ
2875 798 3207 868 παρατροπῇ
3263 797 3359 865 τῆς
3412 794 3641 865 γνώμης
3689 792 3799 844 ἀπὸ
3850 790 3962 842 τῶν

2390 892 2692 960 ἀμεινόνων
2713 893 2793 954 είς
2813 891 2881 944 τὰ
2904 890 3124 961 χείρονα
3153 889 3339 942 πεσεῖν
3360 886 3695 956 αὐθαιρέτως
3716 882 3810 936 καὶ
3831 882 3963 934 αὐτ-

2389 985 2666 1050 εξουσίως,
2689 986 2783 1039 καὶ
2813 987 2928 1047 τοῖς
2960 982 3114 1053 παρά
3147 981 3243 1036 τοῦ
3294 979 3655 1049 πεποιηκότος
3683 990 3963 1044 παρασχε-

2390 1077 2529 1131 θεῖσι
2558 1075 2658 1129 οὐκ
2686 1074 3050 1146 ἀρκεσθέντες
3077 1074 3118 1138 ³,
3158 1072 3294 1128 ἀλλὰ
3320 1069 3587 1140 μειζόνως
3617 1066 3965 1138 ὀρεχθέντες,

2392 1166 2731 1232 εἰσδέξασθαι
2777 1166 2877 1237 μιν
2913 1165 3008 1219 τοῦ
3047 1164 3221 1233 τύφου
3267 1163 3328 1215 τδ
3371 1160 3563 1224 πάθος,
3601 1158 3861 1212 ἐκπεσεῖν
3906 1152 3967 1207 δὲ

2390 1261 2490 1329 τῆς
2527 1257 2767 1329 ἀρχῆθεν
2807 1256 3058 1327 δοθείσης
3105 1255 3271 1326 τιμῆς
3297 1268 3310 1281 ·
3364 1247 3486 1306 εἶτα
3534 1248 3678 1302 κατά
3721 1246 3830 1300 τῶν
3871 1246 3965 1296 ἀν-

2392 1351 2628 1420 θρώπων
2651 1348 2726 1413 ὡς
2757 1349 2928 1403 εικόνι
2975 1349 3098 1418 θεία
3147 1344 3534 1415 τετιμημένων
3571 1339 3836 1409 λυττῆσαι
3871 1335 3970 1388 καὶ

2392 1443 2484 1496 τὸν
2511 1444 2632 1496 κατ’
2659 1442 2837 1497 αὐτῶν
2871 1439 3235 1504 ἀναδέξασθαι
3257 1430 3495 1504 πόλεμον
3517 1447 3531 1461 °
3578 1431 3672 1484 τὸν
3710 1429 3766 1482 δὲ
3810 1444 3972 1497 ποιη-

2394 1535 2494 1600 τὴν
2514 1537 2578 1605 τῇ
2613 1534 2713 1604 μὲν
2737 1535 2848 1587 τῶν
2871 1531 3042 1602 ἁγίων
3062 1529 3312 1599 ἀγγέλων
3342 1523 3636 1593 ἐπιστασίᾳ
3661 1519 3974 1592 φρουρῆσαι

2396 1628 2505 1681 τῶν
2538 1626 2845 1698 ἀνθρώπων
2874 1626 2933 1680 τὺ
2957 1625 3141 1693 γένος,
3162 1624 3309 1684 ὅπως
3337 1621 3412 1690 μὴ
3443 1618 3534 1690 βία
3569 1616 3662 1670 καὶ
3689 1612 3975 1684 τυραννίδι

2399 1718 2678 1790 χρώμενος
2717 1719 2963 1793 ἀοράτως
2993 1715 3186 1776 ἐπιὼν,
3227 1712 3320 1775 οὓς
3342 1711 3431 1764 διὰ
3461 1708 3658 1778 φθόνον
3689 1704 3979 1775 ἐμίσησεν,

2400 1812 2574 1874 ἀδεῶς
2604 1809 2896 1880 διαφθείρῃ
2929 1810 2951 1839 ⁸
2975 1823 2991 1839 ο
3021 1807 3122 1877 τὴν
3150 1805 3207 1858 δὲ
3229 1800 3602 1870 ἀγωνιστικὴν
3631 1799 3733 1850 οὐκ
3770 1793 3982 1849 ἐκώλυε

726 1913 828 1968 lem
865 1928 961 1984 per
986 1912 1305 1983 angelorum
1333 1908 1637 1972 custodiam
1681 1905 2046 1972 compescuit,
2081 1903 2295 1973 cogita-
2334 1873 2375 1930 Β

2334 1873 2375 1930 Β
2408 1902 2612 1972 μάχην.
2639 1873 2726 1953 ἵνά
2754 1873 2905 1970 δείξῇ
2945 1873 3088 1959 τοὺς⁷
3107 1896 3365 1966 ἀρίστους
3399 1894 3431 1961 ὴ
3463 1890 3610 1959 πάλη
3643 1887 3736 1940 καὶ
3771 1887 3982 1984 γένων-

725 2003 940 2056 ιίοηυω
971 2010 1153 2054 autem
1190 2009 1272 2054 est
1303 2012 1564 2054 assensus
1594 1995 1903 2056 certamini,
1953 2002 2013 2048 ut
2043 2003 2302 2049 ειτειιιιοιι
2405 2014 2407 2022 ‘

2405 2009 2496 2045 ται
2518 1989 2897 2061 ἀνδραγαθιῶν
2920 1988 3206 2058 ἀρχέτυπα
3233 2001 3245 2014 °
3282 1978 3343 2037 οὗ
3368 1982 3431 2053 δὴ
3462 1981 3649 2036 εἵνεκα
3675 1977 3773 2048 τὴν
3799 1973 3986 2045 βιαίαν

725 2095 920 2163 dignos
976 2091 1198 2146 coronis
1238 2089 1571 2151 ostenderet,
1624 2101 1801 2155 neque
1852 2087 1967 2155 ipse
2015 2086 2180 2139 istum
2233 2084 2300 2138 ad

2409 2084 2619 2136 ἐκείνου
2661 2081 2968 2152 προσϐολὴν
3006 2081 3081 2142 ὡς
3123 2077 3368 2147 ὀλέθριον
3398 2073 3742 2134 διακωλύσας
3773 2071 3840 2138 τῇ
3873 2065 3990 2120 τῶν

725 2157 907 2237 remuli
940 2181 1314 2238 conditionem
1341 2188 1490 2234 sorte
1519 2178 1738 2246 delegit,
1762 2177 1855 2232 sed
1883 2178 1950 2231 ad
1983 2191 2122 2246 opus
2143 2189 2302 2230 suum

2409 2173 2662 2242 ἀγγέλων
2710 2172 2948 2241 φρουρᾷ,
2998 2172 3064 2239 τῇ
3118 2168 3225 2220 τῶν
3256 2164 3538 2234 λογισμῶν
3597 2157 3988 2228 συνεχώρησεν

726 2273 886 2328 istius
922 2273 1126 2328 malitia
1161 2287 1296 2327 usus
1326 2280 1431 2334 est,
1473 2245 1937 2340 quemadmodum
1980 2269 2175 2324 medici
2231 2266 2309 2321 vi-

2307 2297 2309 2304 ι
2413 2266 2645 2336 ἀγωνίᾳ,
2671 2266 2819 2326 ὅπως
2856 2263 2982 2324 τοὺς
3021 2259 3329 2325 ἁξιονίκους
3361 2255 3623 2326 ἀποφήνῃ
3665 2251 3848 2314 ἀξίους
3877 2245 3989 2300 τῶν

727 2365 873 2434 peris
904 2365 969 2420 ad
998 2366 1220 2419 morbos
1251 2339 1553 2434 pellendos.

2413 2359 2718 2429 στεφάνων,
2750 2357 2850 2410 οὐκ
2897 2354 3058 2418 αὐτὸς
3111 2353 3320 2407 ἐκεῖνον
3367 2350 3448 2412 είς
3493 2344 3795 2402 ἀντιπάλου
3833 2339 3990 2404 τάξιν

727 2432 1151 2524 ἀποκληρώσας,
1187 2432 1300 2508 ἀλλ’
1366 2454 1476 2525 56
1507 2454 1586 2516 είς
1639 2456 1760 2507 δεον
1793 2455 1857 2524 τῇ
1890 2453 1911 2485 ³
1972 2449 2185 2506 ἐκείνου
2231 2451 2514 2522 πονηρία⁸
2596 2449 2969 2521 χρησάμενος,
3009 2445 3198 2515 ὥσπερ
3245 2445 3294 2496 oi
3346 2440 3525 2513 ἰατροὶ
3580 2439 3701 2500 ταῖς
3756 2432 3992 2504 ἐχίδναις

728 2545 808 2607 εἰς
831 2544 1151 2616 ἀπαλλαγὴν
1182 2546 1528 2614 νοσημάτων.

810 2744 978 2799 Porro
1002 2744 1261 2814 quoniam
1296 2741 1469 2798 Grmci
1517 2755 1794 2812 apostoios
1817 2752 1871 2798 et
1923 2759 2025 2799 nos
2078 2742 2313 2799 barbara
2487 2756 2492 2803 t

2310 2769 2313 2798 ι
2487 2742 2566 2811 (3)
2606 2739 2761 2793 Ἐπεὶ
2795 2737 2888 2792 οῦν
2921 2734 3383 2807 βαρϐαροφὼνους
3411 2731 3675 2798 ’Έλληνες
3701 2728 3826 2790 τοὺς
3857 2728 3992 2780 ἀποσ

735 2837 924 2904 lingua
972 2835 1119 2905 loqui
1171 2835 1350 2898 aiunt,
1399 2834 1576 2890 sciant
1627 2835 2043 2904 nobismetipsis
2095 2834 2318 2890 Grzecos
2415 2861 2417 2877 ι

2313 2853 2318 2887 ι
2415 2833 2636 2896 στόλους
2680 2832 2777 2885 καὶ
2829 2831 2977 2900 ἡμᾶς
3027 2823 3421 2887 ἀποκαλοῦσιν,
3468 2822 3706 2874 ῐστωσαν
3765 2818 3841 2882 ὡς
3897 2817 3995 2870 καὶ

733 2942 930 2982 omnes
981 2927 1213 2996 Scythas
1245 2927 1415 2983 videri
1451 2943 1467 2982 :
1499 2926 1602 2981 hoc
1655 2927 1797 2982 enim
1850 2927 2051 2982 Paulus
2090 2927 2317 2982 demon-

2316 2957 2317 2963 η
2415 2925 2552 2995 ἡμῖν
2607 2924 2813 2987 πάντες
2870 2921 3130 2989 Ἕλληνες
3188 2915 3572 2977 σκυθίζουσινο
3605 2911 3767 2964 τοῦτο
3809 2911 3918 2980 γὰρ
3965 2911 3998 2958 ὁ

737 3021 935 3076 stravit
968 3021 1198 3076 dicens:
1239 3037 1258 3072 ι
1300 3017 1357 3074 Si
1380 3034 1511 3090 ergo
1537 3020 1784 3075 nesciero
1823 3020 2082 3074 virtutem
2139 3019 2311 3081 vocis.
2340 3035 2386 3097 ε
2417 3020 2419 3025 ⁴

2340 3035 2386 3097 c
2417 3015 2632 3079 Παῦλος
2682 3015 2922 3084 ἐδήλωσε
2965 3011 3218 3080 φάσκων·
3263 3025 3281 3058 ι
3321 3005 3451 3058 Ἐὰν
3484 3003 3561 3074 μὴ
3597 3001 3710 3071 γνῶ
3751 3001 3852 3071 τὴν
3902 2999 3998 3053 δύ-

736 3131 837 3172 ero
878 3116 928 3170 ei
964 3117 1061 3184 qui
1119 3114 1366 3184 loquitur
1402 3113 1691 3168 barharus.
1730 3130 1749 3164 ι
1787 3110 1998 3166 Revera
2051 3110 2316 3179 qucmad-
2354 3094 2384 3097 ’

2313 3140 2316 3150 ι
2354 3094 2384 3097 —
2421 3109 2700 3178 ναμιντῆς
2723 3106 2931 3176 φωνῆς,
2970 3104 3166 3173 ἔσομαι
3205 3099 3284 3170 τῷ
3311 3096 3562 3154 λαλοῦντι
3599 3095 3874 3166 βάρϐαρος
3897 3094 3950 3125 ⁷ο
3973 3111 3995 3145 s

740 3193 964 3264 modum
987 3205 1195 3264 Graecis
1225 3206 1391 3278 Illyrii
1418 3214 1474 3260 et
1496 3204 1714 3260 Paeones
1743 3214 1796 3257 et
1821 3202 2003 3258 cancri
2030 3202 2318 3258 barbarico
2421 3224 2422 3233 ι

2421 3200 2499 3271 τῷ
2548 3199 2663 3252 ϐντι
2707 3198 2817 3269 γὰρ
2866 3195 3059 3267 ῶσπερ
3107 3195 3221 3254 τοῖς
3272 3189 3533 3261 Ἕλλησιν
3573 3185 3848 3256 Ἰλλύριοι,
3903 3185 4005 3237 καὶ

739 3301 891 3373 loqui
968 3301 1245 3363 videntur.
1290 3275 1371 3354 sic
1429 3296 1518 3352 his
1572 3306 1628 3352 et
1687 3295 1963 3352 similibus
2005 3296 2320 3366 quicunque

2423 3293 2677 3356 Παίονες,
2735 3291 2830 3344 καὶ
2883 3288 3033 3344 ἄλλοι
3089 3283 3445 3357 βαρϐαρίζειν
3492 3276 3773 3339 δοκοῦσιν,
3825 3275 4004 3338 οὕτως

738 3368 1059 3450 Griecorum
1113 3392 1468 3448 artiﬁciosam
1516 3390 1941 3462 disputationem
1989 3395 2046 3444 et
2086 3387 2321 3458 garruli-

2422 3385 2658 3448 ἐκείνοις
2705 3381 2948 3444 καὶτοῖς
2995 3376 3264 3438 τοιούτοις
3292 3377 3411 3428 ὅσοι
3462 3371 3561 3441 τῆς
3605 3369 3856 3429 Ἑλλάδος
3906 3368 4007 3419 καὶ

743 3496 910 3543 tatem
975 3486 1254 3557 percipere
1315 3458 1623 3554 nequeunt,
1700 3482 1800 3552 ipsi
1875 3479 2096 3535 barbari
2140 3477 2324 3533 viden-
2422 3496 2425 3509 ί

2422 3475 2524 3545 τῆς
2553 3472 2877 3544 Ἑλληνικῆς
2897 3467 3250 3540 τεχνολογίας
3287 3465 3385 3518 καὶ
3425 3460 3742 3530 στωμυλίας
3787 3458 4006 3511 ἐπαΐειν

741 3589 835 3634 tur
891 3548 1034 3634 esse.
1086 3548 1347 3633 liumdem
1395 3548 1620 3632 sensum
1673 3548 1852 3629 omnis
1909 3572 2096 3643 lingua
2135 3570 2321 3638 habet;

2423 3568 2486 3620 οὐ
2515 3566 2795 3629 δύνανται,
2827 3562 3092 3634 βάρϐαροι
3133 3557 3385 3614 δοκοῦσιν
3425 3550 3587 3610 εἶναι.
3645 3553 3767 3606 Ὀτι
3806 3550 3862 3604 δὲ
3904 3548 4009 3617 τὴν

741 3673 934 3730 eadem
965 3671 1112 3726 enim
1162 3669 1412 3724 omnium
1458 3669 1747 3723 hominum
1793 3641 2014 3730 natura,
2067 3671 2126 3719 et
2161 3677 2326 3733 espe-

2427 3659 2600 3730 αὑτην
2624 3657 2741 3728 εχει
2771 3657 2920 3710 πᾶσα
2962 3654 3186 3724 γλῶσσα
3228 3651 3492 3711 διάνοιαν,
3534 3648 3633 3716 μία
3669 3644 3780 3714 γὰρ
3809 3643 3844 3713 ἡ
3870 3641 4009 3696 πάν-

745 3763 941 3821 rientia
974 3761 1254 3831 magistra.
1283 3759 1574 3816 Enimvero
1597 3759 1844 3814 invenire
1869 3766 1958 3814 est
1981 3757 2149 3812 etiam
2181 3756 2324 3826 apud
2425 3774 2427 3786 ι

2323 3802 2324 3808 η
2425 3768 2534 3805 των
2585 3748 2894 3822 ἀνθρώπων
2957 3746 3143 3817 φύσις,
3189 3745 3283 3800 καὶ
3343 3743 3378 3813 ὴ
3434 3743 3600 3809 πεῖρα
3657 3735 4005 3796 διδασκαλος.

747 3855 1022 3911 Barbaros
1052 3825 1201 3907 artes
1225 3860 1278 3905 et
1301 3851 1561 3908 scientias
1591 3859 1645 3905 et
1678 3850 1730 3904 in
1771 3847 1925 3904 bellis
1953 3825 2236 3913 virtutem,
2268 3855 2328 3903 et

2431 3846 2591 3900 Ἔστι
2622 3844 2730 3913 γὰρ
2762 3841 2942 3912 εὑρεῖν
2991 3840 3084 3892 καὶ
3115 3836 3265 3908 παρά
3313 3837 3427 3893 τοῖς
3460 3830 3760 3903 βαρϐάροις
3810 3825 4012 3896 τέχνας

2431 3941 2525 3994 καὶ
2562 3910 2878 4007 ἐπιστήμας
2910 3934 3004 3986 καὶ
3032 3933 3132 3994 τὰς
3157 3931 3215 3984 ἐν
3243 3928 3506 3998 πολέμοις
3530 3918 3906 3994 ἀνδραγαθίας
3946 3910 4025 3970 ἐκ

2432 4029 2777 4102 περιουσίας,
2829 4027 2962 4080 ἐνιοι
3001 4025 3059 4079 δέ
3109 4023 3319 4077 τούτων
3361 4019 3456 4074 καὶ
3509 4013 3827 4084 σοφωτέραν
3860 4010 3883 4041 ⁸
3911 4009 4017 4080 τὴν

2441 4125 2716 4194 Ἐλλήνων
2755 4119 3005 4174 παιδείαν
3051 4117 3148 4171 καὶ
3197 4110 3525 4180 πολυλογίαν
3566 4103 3906 4179 βραχυλογίᾳ
3928 4119 4020 4194 νι-

2434 4192 2658 4279 κῶντες.
2698 4214 2777 4285 (ε)
2809 4210 2985 4265 Τοῦτο
3013 4208 3123 4278 γὰρ
3151 4207 3217 4276 δὴ
3250 4205 3344 4259 καὶ
3379 4205 3400 4236 ⁹
3439 4202 3648 4272 Πέρσαι
3667 4192 4018 4269 μαρτυροῦσι

753 4327 930 4369 turam
977 4327 1245 4369 exercens
1297 4327 1423 4366 cum
1470 4311 1551 4365 eis
1596 4318 2036 4374 eonversaretur,
2081 4307 2330 4377 peritiam
2367 4373 2393 4377 Α

2367 4373 2393 4377 Α
2435 4310 2532 4363 καὶ
2554 4309 2606 4361 ot
2633 4306 2852 4360 παλαιοὶ
2890 4302 3249 4372 συγγραφεῖς,
3285 4297 3381 4350 καὶ
3416 4295 3470 4348 εί
3506 4309 3591 4357 τις
3626 4290 3724 4345 νῦν
3754 4286 4022 4360 πρεσϐευο

754 4423 946 4462 eorum
979 4414 1034 4461 et
1067 4403 1463 4474 malignitatem
1498 4405 1689 4472 utique
1719 4373 2097 4472 experiretur;
2137 4399 2333 4454 Dicunt
2367 4373 2436 4460 De

2367 4373 2412 4428 θ
2435 4399 2608 4470 τῶνῆ
2643 4395 2971 4468 στρατηγῶν
3003 4393 3036 4463 ἢ
3074 4389 3350 4463 ἐμπορίαν
3390 4386 3515 4441 τινὰ
3549 4382 3750 4455 μετιὼν
3795 4377 4021 4474 συνεγέ-

753 4500 903 4555 euim
951 4513 1046 4554 eos
1092 4507 1250 4553 acute
1296 4497 1571 4566 percipere
1597 4509 1913 4549 sermonum
1960 4491 2231 4547 versutias
2281 4500 2338 4545 et

2439 4508 2588 4554 νετο,
2613 4490 2708 4544 καὶ
2733 4489 3038 4557 πεπείρατο
3088 4482 3270 4548 καλῶς
3313 4481 3414 4552 τῆς
3453 4477 3681 4532 ἐκείνων
3733 4469 4025 4566 ἀγχινοίας

753 4588 936 4662 dolos,
966 4597 1021 4643 et
1053 4586 1246 4657 paucis
1281 4560 1464 4642 verbis
1494 4584 1749 4654 subigere
1781 4598 1878 4639 eos
1920 4583 2014 4653 qui
2045 4589 2176 4636 ante
2218 4579 2336 4633 dis-

2439 4583 2536 4637 καὶ
2567 4579 2924 4652 πανουργίας.
2960 4575 3099 4632 Φασὶ
3144 4575 3256 4644 γάρ
3307 4571 3509 4634 αὐτοὺς
3543 4567 3712 4635 όξίως
3741 4564 3885 4617 νοεῖν
3918 4560 4021 4662 τὰς

757 4687 1070 4736 seruerunt.
1105 4677 1354 4749 Magnam
1381 4678 1547 4733 etiam
1595 4674 1958 4731 ratiocinandi
1995 4673 2102 4727 vim
2134 4671 2336 4725 habere

2439 4676 2550 4729 τῶν
2576 4651 2757 4745 λόγων
2775 4672 2982 4734 πλοκάς
3009 4687 3068 4724 τε
3087 4669 3180 4723 καὶ
3207 4665 3415 4727 κλοπὰς
3436 4662 3530 4716 καὶ
3557 4655 3902 4749 ἐπικρύψας,
3929 4651 4028 4705 καὶ

757 4772 1019 4827 dicuntur
1051 4781 1106 4825 et
1132 4745 1311 4826 idonei
1331 4784 1456 4826 esse
1481 4767 1550 4824 ad
1577 4767 1737 4824 facile
1761 4766 2084 4822 solvendum
2112 4764 2183 4818 ab
2213 4763 2336 4818 aliis

2439 4767 2598 4836 ὀλίγα
2635 4763 3050 4836 φθεγγομένους
3093 4760 3249 4830 νικᾷν
3295 4756 3422 4818 τοὺς
3465 4745 4018 4824 προδιαλεγομένουςο

760 4880 927 4932 nexa,
977 4872 1030 4918 et
1072 4863 1377 4934 proverbiis
1408 4863 1487 4918 uti
1537 4870 1592 4916 et
1651 4859 2035 4933 aanigmatibus
2087 4857 2338 4912 disertis-

2336 4887 2338 4893 »
2444 4858 2540 4913 καί
2584 4874 2649 4927 γε
2702 4853 3145 4925 ξυλλογιστικοὺς
3193 4851 3336 4918 ἄγαν
3383 4842 3524 4899 εῖναι
3551 4837 4018 4934 διαϐεϐαιοῦνται,

758 4958 956 5022 simis;
988 4927 1095 5012 non
1129 4956 1276 5010 enim
1309 4954 1703 5026 philosophicis
1733 4927 1788 5009 et
1817 4950 2107 5007 rhetoricis
2132 4948 2328 5004 imbuti

2445 4950 2544 5002 καὶ
2589 4946 2834 5003 διαλύειν
2883 4945 3102 5007 ίκανοὺς
3155 4941 3227 4995 τὰ
3264 4939 3395 5010 παρ’
3441 4934 3646 5005 ἐτέρων
3705 4927 4021 5026 πλεκόμενα

759 5041 1125 5114 sermonibus,
1155 5014 1405 5102 naturam
1432 5014 1602 5102 solam
1637 5046 1916 5102 habebant
1945 5043 2286 5114 magistram.

2444 5041 2670 5114 ῥᾳδίως,
2711 5041 2808 5096 καὶ
2835 5037 3156 5111 παροιμίαις
3188 5028 3494 5104 κεχρῆσθαι
3543 5023 3884 5096 σοφωτάταις
3901 5014 4023 5114 ’καὶ

763 5143 1083 5214 αἰνίγμασιν
1112 5105 1131 5177 ζ
1165 5145 1225 5200 οὐ
1255 5145 1364 5216 γὰρ
1389 5145 1562 5213 δήπου
1602 5140 1974 5212 φιλοσοφικοῖς
2002 5105 2382 5208 ἧῠρητορικοῖς
2422 5105 2800 5206 ὲννετρύφησαν
2846 5105 3050 5200 λόγοις,
3099 5127 3237 5183 ἀλλά
3277 5127 3379 5196 τὴν
3424 5124 3590 5196 φύσιν
3672 5117 3838 5191 μόνην
3875 5105 4026 5178 εἶχον

759 5237 1110 5296 διδάσκαλον.

748 3950 892 4003 inter
945 3948 1093 4017 ipsos
1139 3945 1359 4014 quidam
1432 3941 1733 3997 acutiorem
1795 3939 2111 3995 Graecorum
2159 3938 2328 3995 disci-

754 4042 960 4110 plinam
1024 4054 1089 4093 ac
1150 4036 1539 4106 loquacitatem
1594 4034 1866 4090 sermonis
1919 4033 2187 4088 brevitate
2229 4047 2327 4087 su-

752 4140 966 4201 perant.
1005 4129 1163 4195 Quod
1193 4127 1561 4194 testiﬁcantur
1595 4124 1778 4181 Persae
1807 4135 1863 4180 et
1901 4133 2116 4180 veteres
2161 4122 2331 4178 histo-

751 4223 879 4284 rici,
905 4221 1026 4276 etsi
1055 4219 1177 4289 quis
1215 4232 1364 4273 nunc
1393 4217 1627 4288 legatus,
1679 4225 1772 4271 aut
1802 4215 1937 4281 dux,
1967 4223 2066 4269 aut
2118 4227 2330 4270 merca-

1973 5456 2170 5518 Varia:
2201 5454 2502 5518 lectiones
2531 5453 2594 5513 et
2626 5453 2809 5511 notae.

879 5706 898 5739 ⁸
935 5703 1304 5774 ἀρκεσθέντας
1331 5730 1395 5774 -τ-
1430 5696 1819 5774 όρεχθένταςῖ-
1893 5693 1914 5724 ⁸
1939 5690 2222 5774 διαφθερεῖ
2267 5696 2321 5742 et
2373 5684 2558 5774 ,δείΞεΙι

2373 5684 2558 5774 Iastia}
2609 5681 2748 5774 eod.“
2860 5680 2878 5711 ε·
2908 5674 3026 5744 τήν.
3164 5673 3184 5704 ⁶
3228 5652 3492 5741 πονηρίαν
3543 5665 3661 5723 cod.
3697 5681 3722 5718 ε
3758 5682 3770 5716 ι
3813 5661 4027 5717 subsrr.

778 5782 797 5812 '
834 5779 849 5832 1
887 5749 1003 5832 Cn;
1046 5749 1302 5835 ιιιγῖη.ν
1344 5772 1365 5803 ⁸
1397 5749 1753 5828 saginatam?’
1801 5769 1820 5797 θ
1860 5764 1981 5825 περὶ
2027 5749 2248 5824 Περσῶν
2306 5757 2408 5812 vel.

1065 5749 1302 5766 """"'
1436 5749 1582 5769 ‘r'n‘
1742 5749 1753 5758 π
2043 5749 2051 5754 -
2137 5749 2146 5759 .
2188 5760 2208 5771 ς

1065 5775 1266 5835 "v.11.
1344 5772 1365 5803 ⁸
1397 5767 1729 5828 σοφώτεροιῖ
1801 5769 1820 5797 θ
1860 5764 1981 5825 περὶ
2027 5762 2248 5824 Περσων
2306 5757 2408 5812 vel.
2469 5749 2747 5821 Πέρσαιςὶ³
