4260 6438
250 423 356 488 125

1452 411 1916 472 (ΣΙΙΒΟΝΙΟΟΝ.
1957 434 2024 446 -
2064 411 2190 469 Llll
2250 409 2294 465 Ι.

3401 393 3501 454 126

320 538 402 607 (5)
436 534 574 597 Τοὺς
603 533 658 586 δὲ
689 532 891 592 Γίνδεις
926 528 1245 582 καὶτούτων
1280 526 1456 594 πολλῷ
1481 526 1824 592 σοφωτέρους
1856 524 1897 581 Α

1819 524 1897 581 :A
2002 521 2204 576 Gindes
2261 520 2431 572 multo
2467 522 2627 569 etiam
2687 514 3042 583 sapientiores
3080 519 3129 561 et
3192 506 3501 561 solertior-es

244 634 501 699 λέγουσιν
554 626 693 682 εἶναι
726 629 819 682 καὶ
858 625 1331 696 ἐντρεχεστέρους.
1384 622 1460 693 (6)
1493 622 1602 674 Καὶ
1638 621 1746 689 (ὄιν)
1778 621 1826 671 oi

245 727 383 796 παρ’
413 726 543 794 ἡμῖν
570 724 629 776 δὲ
652 720 883 791 νομάδες
916 720 1011 773 καὶ
1048 719 1346 788 πρόχωροι,
1378 716 1506 778 τοὺς
1546 715 1765 783 Ἰσμαη)
1782 714 1826 765 ί-

245 835 348 881 τας
379 816 549 885 φημὶ,
604 814 732 875 τοὺς
780 813 841 865 ὲν
885 814 1005 874 ταῖς
1066 812 1298 880 ἐρήμοις
1340 807 1683 878 βιοτεύοντας
1735 806 1829 859 καὶ

248 908 420 978 μηδὲν
441 906 548 959 τῶν
575 904 902 973 Ἑλληνικῶν
923 903 1373 972 ξυγγραμμάτων
1404 899 1825 967 ἐπισταμένους.

244 999 503 1069 ἀγχινοίᾳ
534 998 727 1067 πολλῇ,
755 997 973 1049 συνέσει
998 1013 1057 1048 τε
1083 995 1179 1048 καὶ
1204 994 1535 1062 πολυπειρία
1557 991 1828 1060 κοσμοῦν-

245 1110 362 1157 ται,
398 1089 497 1144 καὶ
527 1090 771 1143 διάνοιαν
831 1088 1013 1157 έχουσι
1041 1088 1135 1140 καὶ
1162 1085 1501 1153 πανουργέαν
1538 1083 1826 1149 ὀξυτάτην,

244 1185 332 1237 ὅτι
388 1184 628 1252 μάλιστα
662 1180 894 1245 ξυνιδεῖν
939 1178 1171 1248 τάληθὲς
1215 1176 1504 1245 δυνάμενοι
1552 1175 1595 1204 ⁸⁵
1627 1174 1720 1226 καὶ
1748 1174 1828 1223 δι-

247 1274 469 1342 ελέγξαι
493 1275 554 1327 τὸ
580 1271 778 1342 ψεῦδος
800 1270 895 1323 καὶ
919 1270 1193 1339 διακρῖναι
1225 1267 1286 1320 τὸ
1313 1268 1561 1335 κρεῖττον
1596 1262 1705 1316 ἀπὸ
1734 1260 1828 1314 τοῦ

246 1368 515 1439 χείρονος.
538 1367 613 1435 (7)
638 1366 774 1434 Περὶ
812 1363 867 1416 δὲ
892 1364 1003 1415 τῶν
1039 1361 1353 1430 Αἰγυπτίων
1385 1356 1641 1428 περιττὸν
1673 1350 1830 1423 οἶμαι

247 1456 589 1523 λέγειν-καὶ
643 1454 752 1525 γὰρ
805 1452 963 1506 αὐτοὶ
1017 1451 1127 1504 τῶν
1179 1450 1485 1519 φιλοσόφων
1531 1447 1579 1499 οἱ
1622 1445 1830 1515 πρῶτοι

252 1548 541 1618 κρείττους
568 1543 709 1599 εἶναι
736 1545 963 1608 τούτους
1006 1545 1215 1612 ἔφασαν
1246 1543 1349 1613 57
1391 1542 1501 1595 τῶν
1530 1540 1829 1610 ὀνομαστοο

251 1642 439 1695 τάτων
467 1640 853 1709 γεγενημένων
891 1638 1023 1707 παρ’
1054 1636 1338 1706 Ἕλλησιν.
1373 1634 1450 1703 (8)
1486 1633 1749 1701 Ῥωμαῖοι
1775 1629 1833 1683 δὲ

252 1735 351 1787 καὶ
374 1734 603 1803 ποιητὰς
640 1732 798 1799 ισχον
830 1731 925 1784 καὶ
958 1727 1317 1799 συγγραφέας
1352 1728 1445 1780 καὶ
1479 1721 1835 1794 ρήτορας,ὡς

254 1824 423 1893 φασὶν
451 1824 499 1876 οἱ
530 1822 735 1891 ταύτην
767 1821 1031 1889 κάκείνην
1071 1818 1375 1888 ἠσκημένοι
1410 1816 1510 1884 τὴν
1540 1813 1789 1881 γλῶτταν
1817 1823 1829 1836 ⁸

255 1922 353 1975 καὶ
384 1919 696 1989 πυκνότερα
740 1918 834 1970 καὶ
866 1914 1147 1986 δεινότερα
1186 1912 1297 1966 τῶν
1322 1908 1654 1979 Ἑλληνικῶν
1688 1902 1831 1960 εἶναι

254 2015 326 2068 τὰ
355 2013 562 2068 τούτων
601 2001 963 2081 ἐνθυμήματα
996 2008 1093 2061 καὶ
1125 2003 1545 2074 συντομωτέρας
1576 2001 1694 2069 ἆμα
1739 1999 1835 2051 καὶ

258 2105 563 2176 βαθυτέρας
594 2104 690 2166 τὰς
717 2101 963 2171 γνώμας.
1000 2099 1077 2171 (9)
1110 2098 1299 2151 Ταῦτα
1336 2097 1515 2163 λέγων
1544 2094 1608 2157 ¹¹,
1644 2092 1706 2144 οὐ
1738 2091 1836 2160 τὴν

268 2197 499 2256 Ἐλλάδα
524 2194 840 2267 σμικρύνων
868 2192 1073 2261 φωνὴν,
1107 2190 1228 2244 οὐδὲ
1266 2186 1490 2241 ἐναντία
1521 2202 1585 2255 γε
1625 2184 1765 2253 αὐτῇ
1794 2184 1836 2213 ¹⁹

258 2288 685 2361 παραδείγματα
738 2284 1020 2357 παρέχων,
1048 2282 1186 2338 ἀλλά
1227 2280 1337 2334 τῶν
1392 2279 1487 2333 ἐπὶ
1534 2278 1710 2349 ταύτῃ
1738 2293 1836 2346 μεο

258 2379 681 2449 γαλαυχούντων
735 2375 1042 2429 συστέλλων
1091 2371 1193 2442 τὴν
1234 2370 1436 2440 γνάθον
1495 2368 1539 2400 ¹³
1592 2369 1688 2419 καὶ
1738 2365 1839 2437 τὴν

258 2472 435 2542 ὀφρὺν
469 2469 789 2533 κατασπῶν,
814 2467 908 2522 καὶ
937 2465 1208 2520 διδάσκων
1242 2462 1319 2534 μὴ
1348 2460 1635 2532 κωμῳδεῖν
1658 2457 1837 2525 γλῶσ-

1935 614 2038 667 illis
2067 627 2190 665 esse
2216 612 2490 663 dicuntur.
2527 607 2591 660 Et
2631 606 2769 673 apud
2803 621 2899 657 nos
2932 598 3197 656 nomades
3233 607 3285 650 ct
3313 596 3497 646 rosuri

1932 706 2135 775 pOpuli,
2165 703 2467 758 lsmaelitas
2504 701 2649 763 dico,
2696 698 2787 767 qui
2822 700 2870 749 in
2908 695 3143 749 desertis
3172 692 3335 743 vitam
3392 689 3503 754 agi-

1932 806 2072 858 tant,
2134 795 2377 863 nihilque
2446 809 2509 846 ex
2561 791 2873 845 Grzccorum
2941 785 3156 854 scriptis
3230 784 3502 849 legerunt,

1931 887 2150 944 solertia
2187 901 2383 957 magna
2418 896 2472 939 et
2526 880 2884 951 intelligentia
2926 888 2977 931 et
3028 881 3195 929 multa
3237 882 3503 926 ornantur

1930 977 2571 1049 experientia,judicium
2612 985 2788 1028 tamen
2825 972 3023 1024 habent
3051 977 3104 1022 et
3154 966 3501 1020 calliditatem

1933 1072 2333 1133 acutissimam,
2385 1070 2585 1137 quippe
2614 1066 2706 1136 qui
2738 1063 2977 1118 maxime
3006 1075 3190 1113 verum
3228 1056 3505 1127 percipere

1931 1174 1983 1217 et
2038 1164 2351 1218 discernere
2405 1159 2773 1220 mendacium,
2806 1165 2861 1210 et
2922 1154 3124 1207 bonum
3176 1165 3204 1203 a
3256 1145 3505 1201 malodi~

1917 1255 2174 1324 ‘judicare
2210 1261 2458 1323 possunt.
2523 1249 2597 1302 De
2662 1247 2927 1318 Egyptiis
2977 1243 3125 1313 loqui
3171 1238 3505 1309 superﬂuum

1934 1350 2074 1403 duco
2103 1367 2115 1410 ;
2153 1347 2355 1402 etenim
2384 1344 2639 1415 pnecipui
2669 1343 2811 1395 inter
2852 1338 3207 1409 philosophos
3256 1333 3510 1384 dixerunt

1937 1442 2060 1495 illos
2107 1437 2561 1494 celebratissimis
2619 1435 2942 1489 (Irascor-um
2995 1427 3223 1480 anteire.
3274 1421 3506 1475 Romani

1937 1549 2153 1603 quoque
2190 1541 2376 1601 poetas
2413 1532 2719 1582 habuerunt
2747 1535 2798 1580 et
2834 1522 3135 1577 historicos
3162 1528 3215 1571 ct
3240 1516 3509 1572 rhetores,

1937 1635 1995 1679 ut
2025 1624 2223 1678 dicunt
2255 1622 2289 1675 ii
2315 1622 2407 1690 qui
2455 1621 2507 1673 in
2534 1620 2775 1688 ipsorum
2802 1614 3081 1669 exercitati
3128 1620 3253 1665 sunt
3305 1608 3506 1675 lingua.

1938 1717 2100 1771 Plura
2153 1725 2206 1768 et
2252 1713 2502 1783 graviora
2551 1726 2671 1765 esse
2726 1711 2919 1761 Ιιοιιιιιι
2980 1709 3300 1772 argumenta
3348 1712 3509 1764 quam

1937 1809 2270 1868 Graecorum,
2305 1814 2356 1859 et
2381 1805 2498 1856 ιιι-οι
2516 1805 2659 1855 iores
2682 1800 2965 1868 magisque
2982 1794 3292 1848 reconditas
3314 1789 3513 1841 habere

1940 1900 2242 1956 sententias
2289 1903 2559 1950 asserunt.
2599 1891 2720 1945 llajc
2756 1891 2877 1943 dico
2913 1904 3017 1940 non
3053 1886 3297 1939 Graecam
3333 1880 3514 1931 inuni-

1944 2007 2122 2047 nuens
2156 1990 2419 2059 linguam,
2446 2003 2542 2041 nec
2567 1984 2813 2055 Opposita
2840 1983 2887 2037 ei
2921 1982 3244 2033 documenta
3274 1974 3512 2030 tradens.

1949 2089 2041 2143 sed
2081 2094 2136 2139 ut
2171 2099 2358 2139 eorum
2390 2082 2484 2150 qui
2528 2080 2593 2133 de
2652 2079 2739 2131 illa
2798 2091 2854 2130 se
2902 2075 3129 2143 iactant,
3200 2070 3402 2122 buccas
3461 2074 3515 2115 et

1940 2178 2291 2249 supercilium
2352 2172 2695 2234 contraham,
2741 2170 2879 2222 altos
2935 2165 3161 2235 spiritus
3202 2159 3517 2228 reprimam,

1940 2272 2186 2327 docendo
2222 2283 2330 2322 non
2359 2264 2711 2322 deridendam
2743 2261 3125 2328 esselinguam
3175 2251 3388 2307 veritati
3434 2250 3519 2301 in-

1943 2364 2295 2426 servientem,
2326 2375 2502 2428 neque
2549 2356 2758 2411 ornatis
2812 2364 2865 2408 ct
2914 2352 3084 2406 variis
3149 2343 3518 2403 sermonibus,

1943 2457 2035 2513 sed
2066 2456 2279 2509 veritati
2297 2450 2681 2507 consentaneis
2727 2448 2911 2519 gloriae
2948 2461 3064 2501 suae
3120 2438 3523 2497 consulentem.

262 2534 364 2624 σαν
428 2566 658 2638 ἀληθείᾳ
698 2564 743 2597 ¹⁸
798 2560 1263 2633 λαμπρυομένην,
1334 2557 1469 2628 μηδὲ
1539 2551 1898 2625 βρενθύεσθαι
1953 2554 2050 2623 μὲν
2098 2553 2189 2606 ἐπὶ
2235 2550 2415 2619 λόγοις
2471 2547 2776 2618 κομψοτικῇ
2831 2546 2994 2614 τέχνῃ
3055 2534 3520 2605 πεποικιλμένους,

260 2662 398 2719 ἀλλά
427 2664 496 2733 τῇ
532 2658 760 2733 ἀληθείᾳ
782 2656 1280 2729 γεγυμνασμένοις.

483 2886 562 2941 ιι.
592 2886 729 2955 Περὶ
763 2882 1087 2948 Πλάτωνος
1124 2879 1230 2935 τοῦ
1263 2877 1625 2949 φιλοσόφου.

2260 2882 2391 2937 Vlll.
2429 2911 2498 2921 --
2542 2880 2613 2933 De
2641 2879 2865 2932 Platone
2892 2873 3220 2946 philosOpho.

334 3074 447 3129 Kal.
479 3072 587 3141 γὰρ
616 3068 871 3123 ἐντεῦθεν
901 3070 950 3120 οί
986 3067 1085 3138 μὲν
1114 3064 1292 3135 ἆτομὰ
1317 3080 1375 3116 τε
1405 3061 1498 3114 καὶ
1524 3059 1705 3130 ἀμερῆ
1742 3056 1844 3109 σώ-
1874 3089 1918 3147 c

1841 3089 1844 3095 ·
1874 3089 1918 3147 ο
2024 3069 2149 3123 Ideo
2185 3066 2407 3135 quidam
2442 3073 2656 3117 atomos
2688 3058 3039 3115 ctindividua
3063 3071 3290 3125 corpora
3325 3072 3523 3125 cogno-

268 3184 414 3239 ματα
468 3162 928 3235 προσηγόρευσαν
980 3159 1069 3212 διὰ
1133 3158 1196 3210 τὸ
1245 3154 1454 3216 ἀπαθὲς
1515 3152 1546 3222 ἦ
1613 3150 1845 3219 σμικρὸν

264 3262 431 3330 ἄγαν,
461 3258 558 3311 ἀτε
604 3256 711 3326 μην
757 3251 854 3306 νῦν
886 3253 929 3283 ¹³
954 3251 1127 3321 τομὴν
1159 3249 1253 3303 καὶ
1284 3248 1550 3317 διαίρεσιν
1588 3244 1845 3310 δέξασθαι

270 3352 348 3421 μὴ
375 3348 697 3409 δυνάμενον.
722 3342 878 3396 Οὕτω
906 3342 1016 3412 γὰρ
1044 3339 1301 3394 καλοῦσιν
1332 3338 1531 3390 ἐκεῖνοι
1553 3334 1622 3387 τά
1654 3332 1848 3386 λεπτό-

267 3456 409 3493 τατα
434 3438 532 3491 καὶ
573 3433 920 3506 σμικρότατα
948 3429 1197 3501 σώματα,
1224 3428 1259 3483 ἃ
1302 3427 1388 3481 διὰ
1435 3426 1544 3479 τῶν
1574 3441 1843 3494 φωταγω-

268 3531 385 3601 γῶν
413 3526 716 3582 εισὸἀλλων
752 3526 781 3577 ὀ
822 3526 995 3596 ἣλιος,
1034 3522 1305 3576 δείκνυσιν
1352 3518 1545 3572 ἑαυτὸν
1596 3517 1710 3569 ἀνω
1754 3514 1847 3567 xal.

268 3621 427 3677 κάτω
464 3619 638 3673 παλλό
646 3634 829 3688 μενον.

346 3805 409 3856 Ol
454 3804 510 3856 δὲ
546 3819 720 3873 τυχην
771 3798 867 3853 καὶ
910 3796 1254 3868 εἱμαρμένην
1288 3795 1705 3861 ἐδόξασανικαὶ
1752 3794 1851 3862 τὴν

275 3894 379 3969 μὲν
414 3893 762 3964 εἱμαρμένην
805 3889 1220 3961 ἀναγκαστικὴν
1253 3888 1480 3956 δύναμιν
1526 3883 1676 3939 εἷπον
1712 3881 1850 3938 εἶναι

274 3985 372 4037 καὶ
417 3985 516 4053 τῆς
566 3984 697 4054 ὕλης
745 3982 1052 4052 κινητικὴν,
1090 3982 1190 4041 τὴν
1240 3980 1298 4033 δὲ
1350 3979 1521 4049 τύχην
1554 3980 1581 4031 ὁ
1628 3978 1852 4029 Πλάτων

274 4078 457 4132 αἰτίαν
482 4076 584 4147 εφη
610 4075 749 4129 κατά
798 4073 1144 4145 συμϐεϐηκὸς
1173 4071 1516 4142 γινομένηνῆ
1543 4070 1853 4139 ξύμπτωμα

278 4164 495 4232 φύσεως
542 4165 574 4233 ἢ
616 4163 1012 4234 προαιρέσεως.
1058 4163 1138 4234 (2)
1189 4163 1299 4215 Kal.
1339 4160 1468 4230 γοῦν
1518 4163 1855 4231 Δημόκριτος

275 4257 412 4327 περὶ
459 4256 650 4308 τούτου
690 4254 865 4318 οὕτως
895 4252 1082 4307 εἶπεν·
1113 4253 1157 4285 ¹⁸
1198 4271 1214 4304 ι
1254 4255 1360 4306 Kal
1378 4254 1485 4325 γὰρ
1537 4254 1604 4305 τὰ
1659 4253 1756 4322 μὲν
1793 4254 1856 4305 ἐκ

277 4347 416 4401 Θεοῦ
451 4347 651 4411 πάντες
700 4347 919 4417 ἔχομεν,
947 4346 1013 4400 τά
1046 4347 1101 4401 δὲ
1131 4349 1196 4400 ἐκ
1240 4348 1339 4417 τῆς
1384 4348 1725 4417 εἱμαρμένης
1766 4347 1856 4400 καὶ

1951 3164 2317 3224 minaverunt,
2373 3158 2498 3227 quia
2572 3156 2778 3209 minuta
2854 3152 3018 3205 nimis
3090 3148 3345 3204 sensibus
3418 3165 3523 3199 non

1954 3254 2260 3323 subjacent,
2306 3261 2492 3320 utpote
2546 3264 2666 3317 qua:
2729 3246 3025 3301 sectionem
3088 3253 3140 3296 ct
3199 3241 3526 3296 divisionem

1951 3347 2135 3401 snbire
2159 3353 2454 3413 nequeunt.
2508 3339 2601 3396 Sic
2626 3338 2770 3392 enim
2803 3344 2999 3390 vocant
3055 3334 3109 3387 bi
3162 3332 3523 3388 subtilissima

1952 3447 2005 3491 et
2046 3433 2414 3489 minutissima
2454 3429 2781 3500 corpuscula
2829 3443 2951 3497 qua:
2984 3443 3079 3497 per
3133 3426 3397 3480 fenestras
3448 3425 3528 3477 sol

1954 3527 2217 3591 immittit,
2244 3540 2463 3581 sursum
2495 3534 2547 3577 et
2579 3523 2836 3577 deorsum
2874 3520 3090 3587 agitata.

2028 3804 2131 3858 Alii
2167 3820 2296 3859 vero
2344 3804 2579 3857 fortuna:
2627 3811 2681 3855 et
2737 3799 2847 3853 fato
2902 3796 3090 3851 conlisi
3146 3804 3317 3850 sunt:
3360 3795 3528 3847 latum

1954 3897 2171 3966 quidem
2202 3895 2539 3949 necessitatis
2581 3893 2689 3945 vim
2739 3906 2880 3953 esse,
2914 3888 3220 3942 .matcriam
3278 3887 3527 3939 movendi

1956 3988 2213 4043 facultate
2244 3987 2525 4056 praeditam
2555 3985 2799 4039 dicentes
2822 4025 2835 4049 ,
2865 3981 3020 4036 Plato
3053 3990 3233 4035 autem
3263 3980 3534 4032 fortunam

1965 4095 2185 4135 causam
2240 4078 2523 4133 fortuitam
2563 4085 2770 4130 natura:
2814 4083 2905 4128 aut
2933 4071 3231 4127 voluntatis
3276 4070 3431 4122 dixit.
3472 4072 3534 4120 lat

1963 4188 2089 4226 vero
2144 4170 2489 4225 Democritus
2541 4169 2608 4221 de
2659 4167 2760 4221 hoc
2809 4166 2888 4221 sic
2939 4165 3227 4234 loquitur:
3264 4181 3280 4213 ι
3322 4161 3531 4214 Etenim

1962 4266 2210 4333 qutedam
2241 4279 2307 4317 ex
2347 4261 2458 4316 Deo
2491 4275 2683 4316 omnes
2725 4260 3006 4323 habemus,
3031 4260 3277 4325 qumdam
3310 4270 3439 4307 vero
3468 4269 3533 4305 ex

1967 4359 2077 4412 fato
2105 4369 2159 4413 et
2194 4357 2435 4421 fortuna,
2500 4364 2556 4409 et
2592 4352 2976 4407 minutissimis
3024 4352 3128 4403 illis
3173 4348 3536 4417 corpusculis,

277 4441 449 4511 τύχης
480 4441 711 4494 καὶτῶν
748 4441 1130 4511 σμικροτάτων
1178 4440 1405 4493 ἐκείνων
1441 4442 1732 4511 σωμάτων,
1766 4440 1859 4494 καὶ
1891 4463 1936 4520 D

1856 4448 2273 4520 upperspicue,
2322 4460 2540 4500 sursum
2575 4453 2628 4499 et
2676 4444 2930 4499 deorsum
2990 4441 3239 4501 vibratis,
3302 4440 3538 4491 circum-

281 4534 570 4604 προδήλως
627 4532 967 4606 φερομένων,
996 4534 1108 4588 ἀνω
1155 4535 1251 4587 καὶ
1300 4536 1452 4588 κάτω
1502 4534 1858 4604 παλλομένων

1856 4556 1858 4565 ν
1964 4538 2248 4609 plcxisque
2285 4544 2339 4589 et
2372 4532 2667 4597 distinctis,
2698 4542 2751 4585 ct
2811 4545 2876 4585 ex
2927 4529 3250 4583 necessitate
3297 4527 3538 4578 circum-

280 4630 375 4689 καὶ
407 4628 888 4700 περιπλεκομένων
934 4645 990 4681 τε
1021 4628 1118 4681 καὶ
1144 4626 1511 4697 διισταμένων
1562 4627 1654 4679 καὶ
1699 4644 1856 4697 περι-

283 4722 609 4793 φερομένων
651 4721 711 4786 ὲξ
738 4721 1006 4793 ἀνάγκης,
1040 4739 1059 4771 ι
1086 4722 1179 4788 ἀφ’
1208 4716 1285 4773 ὧν
1333 4720 1392 4772 ού
1433 4720 1592 4789 μόνον
1627 4719 1855 4771 πλοῦτον

278 4814 375 4867 καὶ
389 4811 598 4879 πενίαν,
618 4812 712 4866 καὶ
725 4811 957 4882 ὑγίειαν,
984 4813 1078 4864 καὶ
1096 4812 1272 4877 νόσον,
1292 4811 1387 4864 καὶ
1410 4811 1679 4875 δουλείαν,
1710 4806 1853 4881 [καὶ]

278 4902 621 4975 ἐλευθερίαν,
668 4902 764 4956 καὶ
831 4902 1089 4972 πόλεμον,
1121 4904 1213 4955 καὶ
1267 4904 1491 4974 εἰρήνην
1554 4902 1851 4971 διανέμειν,

277 4995 418 5050 ἀλλὰ
490 4997 583 5049 καὶ
640 4995 841 5065 ἀρετὴν
910 4995 1003 5048 καὶ
1060 4994 1259 5047 κακίαν
1319 4993 1670 5064 ἀποκληροῦν
1725 4993 1851 5062 ἔφη.

278 5089 359 5159 (5)
398 5090 509 5143 Καὶ
535 5090 672 5159 πρὸς
715 5088 976 5159 ἀλλήλους
1007 5088 1176 5151 ἄλλας
1204 5087 1521 5151 δοξάζονται
1555 5088 1853 5155 ἀντιπαρα-

275 5176 539 5242 τάξαντες
584 5178 626 5209 ³⁷
658 5177 746 5231 διὰ
773 5178 835 5230 τὸ
864 5177 1193 5247 ἀσύμφωνον
1222 5178 1315 5229 καὶ
1344 5178 1719 5247 ἀκατάλληλον
1748 5176 1852 5246 58

278 5272 390 5324 τῶν
432 5269 734 5342 τηνικαῦτα
790 5272 1081 5340 δογμάτων
1137 5270 1234 5324 καὶ
1290 5272 1425 5341 πρὸς
1476 5272 1576 5333 τὰς
1608 5271 1855 5338 ἀλλήλων

1962 4632 2116 4695 latis,
2161 4648 2178 4681 ι
2216 4644 2338 4698 qum
2372 4642 2480 4681 non
2514 4626 2690 4681 solum
2736 4622 2955 4683 divitias
3017 4630 3069 4673 ct
3137 4624 3538 4687 paupertatem,

1966 4722 2254 4778 sanitatem
2308 4731 2360 4775 et
2420 4718 2694 4782 morbum,
2735 4716 3053 4770 servitutem
3104 4720 3156 4764 et
3205 4710 3533 4763 libertatem.

1969 4815 2169 4869 bellum
2208 4821 2261 4867 ct
2291 4825 2476 4880 pacem
2512 4808 2866 4871 distribuere,
2916 4808 3007 4860 sed
3065 4802 3228 4856 etiam
3274 4800 3534 4851 virtutem

1958 4917 2055 4961 aut
2086 4905 2347 4959 malitiam
2393 4900 2695 4968 unicuique
2735 4898 2918 4968 largiri
2971 4897 3133 4950 dixit.
3169 4894 3235 4946 Et
3270 4893 3396 4961 quia
3441 4890 3530 4942 alii

1968 4999 2035 5051 ad
2059 5012 2238 5051 zersus
2298 4995 2439 5048 alios
2494 4992 2779 5061 opiniones
2827 4996 3225 5057 opposuerunt,
3280 4991 3335 5036 et
3384 4982 3539 5050 quasi

1960 5090 2226 5143 instructa
2255 5087 2373 5142 acie
2404 5085 2836 5143 dimicaverunt,
2880 5089 3099 5148 propter
3151 5074 3531 5130 absouantiam

1960 5194 2005 5235 ct
2046 5180 2416 5233 diversitatem
2446 5174 2848 5237 doctrinarum,
2884 5186 3006 5239 qum
3040 5180 3171 5222 tunc
3201 5177 3336 5223 erat.
3370 5164 3533 5233 glori-

1968 5274 2235 5336 lirantur;
2275 5271 2395 5339 jure
2422 5283 2550 5322 vero
2579 5268 2669 5321 alii
2695 5266 2928 5319 aliorum
2986 5262 3153 5315 fals:is
3205 5259 3544 5312 diremerunt

1472 5439 1665 5501 Variae
1709 5438 2013 5500 lectiones
2046 5448 2106 5498 et
2154 5444 2334 5497 nal'e.

353 5681 396 5711 ⁸⁵
426 5680 748 5750 δυναμένοις
772 5683 894 5734 cod.
977 5683 1016 5711 “
1055 5682 1197 5747 λέγω
1220 5683 1241 5719 7

274 5750 335 5808 ι..
388 5768 462 5813 Ix,
498 5752 581 5807 49.
660 5754 698 5781 "
739 5752 1142 5814 ἀντεπαοαταξ.
1177 5753 1294 5805 cod.

1320 5684 1361 5711 "
1387 5681 1525 5750 αύτὴ
1559 5680 1674 5735 cod.
1760 5679 1801 5709 ¹³
1825 5677 2025 5748 γράοον
2054 5679 2175 5732 cod.

2286 5673 2499 5745 ⁸⁸ἁ).ηθ.
2573 5673 2693 5727 cod.
2770 5674 2808 5704 ⁸⁵
2835 5670 2927 5723 νῦν
2966 5687 3069 5722 oui,
3108 5666 3230 5723 cod.
3314 5666 3353 5696 ¹⁶
3389 5664 3516 5729 Diog
