4260 6438
765 394 875 459 131’
1965 384 2291 446 GEORGII
2339 383 2785 446 IIAMARTOLI
3909 389 4011 454 132

757 507 802 561 is
831 507 1080 558 modesto
1113 511 1165 555 et
1199 499 1505 570 composito
1532 497 1717 552 animo
1763 497 2006 551 adltmrct
2049 497 2142 566 qui
2198 497 2323 550 felix
2359 505 2400 571 ᾼ
2431 495 2439 539 ὅ

2359 505 2400 571 ᾼ
2431 495 2487 548 δέ
2516 512 2600 558 τις
2627 493 2902 565 ἐξαρθεὶς,
2935 494 3038 547 ὑπὸ
3076 495 3455 565 μεγαλαυχίας
3487 498 3824 569 ἢχρήμασιν
3845 500 4008 554 ἐπαι-

755 609 843 654 cst
869 597 1116 652 futurus.
1164 594 1265 659 Qui
1303 603 1488 646 autem
1544 593 1800 662 superbia
1851 590 2029 644 elatus
2074 598 2180 651 est,
2231 587 2324 657 qui
2434 625 2437 652 γ

2434 588 2726 658 ρόμενοςῆ
2783 587 3036 658 τιμαῖςῆ
3098 589 3196 641 καὶ
3251 589 3508 658 σώματος
3562 593 3840 663 εὐμορφίᾳ
3893 592 4010 662 ἅμα

755 689 1113 758 pecuniarum
1178 686 1521 741 bonorumve
1588 682 1914 740 conﬁdentia
1991 689 2183 744 tumet,
2241 679 2327 734 vel
2431 696 2437 711 ε

2325 725 2327 731 .
2431 679 2648 750 νεότητι
2675 678 2772 732 καὶ
2783 678 2829 709 ⁸⁸
2846 678 3004 751 άνοίᾳ
3026 678 3287 748 φλέγεται
3301 678 3402 750 τὴν
3423 679 3603 751 ψυχὴν
3625 681 3747 752 μεθ’
3774 680 4007 752 ὕϐρεως,

757 778 1005 849 corporis
1053 767 1226 830 forma
1267 790 1374 829 una
1426 790 1552 829 cum
1609 775 1898 844 juventutc
1941 779 1998 826 et
2050 771 2326 825 dementia
2427 787 2439 821 ι

2324 813 2326 822 ι
2427 768 2505 832 ὡς
2535 770 2601 840 δή
2631 769 2744 824 οὔτ’
2770 771 2814 801 ⁸⁸
2843 769 3110 840 ἄρχοντος
3135 769 3248 824 οὒτ’
3273 765 3341 825 αῦ
3363 772 3630 841 ἡγεμόνος
3664 773 3709 806 ⁸⁸
3732 772 4006 843 δεόμενος,

755 871 1125 926 inﬂammatur
1155 869 1341 922 aninto
1378 867 1444 921 ad
1477 865 1857 938 petulantiam,
1894 863 2049 934 quasi
2080 878 2178 916 nec
2210 877 2326 916 nta-

753 964 950 1032 gistro,
1000 975 1098 1014 nec
1144 961 1282 1013 dnce
1325 960 1582 1028 indigeat,
1625 958 1718 1012 sed
1767 957 1999 1011 aliorum
2055 954 2165 1008 dux
2213 953 2330 1022 ipse

758 1056 992 1109 idoneus
1024 1066 1148 1106 esse
1179 1051 1351 1119 possit
1384 1066 1398 1101 :
1435 1049 1522 1102 ille
1550 1047 1795 1118 profecto
1840 1063 1870 1100 a
1916 1045 2026 1099 Deo
2056 1044 2328 1099 deseritur

747 1149 868 1215 ejus
906 1145 956 1197 vi
983 1155 1038 1198 et
1076 1142 1316 1197 eﬁicacia
1369 1142 1616 1195 orbatus.
1676 1140 1980 1193 Derelictus
2033 1149 2215 1191 autem
2273 1144 2328 1189 et

754 1237 1065 1306 hujnsmodi
1100 1234 1235 1287 alios
1266 1232 1436 1287 duces
1481 1240 1694 1293 nactus,
1736 1231 1998 1292 exsultat,
2056 1235 2111 1282 et
2143 1227 2327 1282 omnia

749 1330 912 1380 simul
969 1313 1252 1395 pcrtnrbat
1325 1332 1488 1391 atque
1546 1322 1840 1390 permiscet
1891 1320 2098 1389 :vulgo
2142 1329 2323 1373 tamen

749 1419 947 1486 aliquis
987 1432 1108 1472 esse
1146 1416 1375 1479 videtur,
1431 1421 1489 1467 at
1541 1421 1663 1482 post
1714 1422 1928 1481 tempus
1982 1409 2181 1464 divina:
2245 1407 2324 1463 illi

749 1512 980 1577 jttslitia‘:
1018 1522 1126 1562 non
1167 1505 1475 1576 culpabiles
1509 1505 1603 1560 dat
1637 1519 1849 1575 poenas,
1891 1512 1946 1558 et
1976 1503 2219 1571 seipsum
2272 1510 2327 1556 et

747 1603 1008 1655 familiam
1036 1609 1088 1656 et
1129 1599 1405 1655 civitatem
1453 1598 1689 1667 denique
1726 1597 1905 1667 ipsam
1957 1605 2205 1651 extremo
2237 1595 2325 1649 in-

748 1695 916 1747 volvit
945 1694 1134 1748 exitio.
1179 1709 1199 1744 ι
1232 1689 1322 1744 Sic
1359 1689 1720 1760 philosophus
1781 1696 1836 1743 et
1878 1687 2047 1743 Deum
2091 1686 2329 1742 ostendit

2433 861 2572 914 ἀλλὰ
2601 863 2698 916 καὶ
2725 861 2906 925 ἄλλοις
2935 861 3124 926 ἱκανὸς
3170 862 3247 916 ὢν
3284 863 3539 934 ἡγεῖσθαι
3575 863 3644 932 ⁸⁸,
3680 863 4011 918 καταλείπε-

2428 972 2519 1006 ται
2561 955 2766 1025 ἔρημος
2815 954 2975 1020 Θεοῦ,
3019 955 3404 1026 καταλειφθεὶς
3452 957 3510 1010 δὲ
3536 957 3631 1011 καὶ
3682 956 3764 1010 ἔτι
3813 957 4009 1019 ἄλλους

2429 1048 2704 1110 τοιούτους
2779 1045 3108 1120 προσλαϐὼν
3147 1047 3194 1080 ⁸⁸
3256 1049 3457 1120 σκιρτᾷ
3503 1051 3793 1121 ταράττων
3846 1048 4009 1103 πάνθ’

2436 1141 2554 1210 ἅμα
2572 1155 2586 1169 ⁸
2614 1140 2708 1192 καὶ
2732 1140 2946 1202 πολλοῖς
2969 1155 3112 1192 τισιν
3143 1138 3323 1204 ἔδοξεν
3361 1135 3503 1193 εἷναί
3524 1158 3598 1208 τι,
3634 1143 3775 1212 μετὰ
3798 1142 3855 1195 δὲ
3874 1141 4008 1211 χρόο

2434 1249 2522 1285 νον
2551 1233 2594 1263 ⁸⁵
2630 1230 2884 1302 ὑποσχὼν
2911 1230 3189 1303 τιμωρίαν
3218 1231 3282 1286 οὐ
3315 1232 3574 1303 μεμπτὴν
3610 1236 3679 1305 τῇ
3703 1234 3849 1306 δίκῃ.
3882 1235 4014 1286 tau.

2430 1325 2520 1377 τόν
2549 1341 2607 1376 τε
2635 1320 2776 1396 [καὶ]
2799 1319 2950 1376 οἶκον
2970 1323 3066 1376 καὶ
3095 1321 3252 1376 πόλιν
3276 1323 3447 1394 άρδην
3479 1323 3782 1378 ἀνάστατον
3809 1324 4006 1393 ἐποίη-

2433 1430 2548 1467 σεν.
2595 1431 2614 1465 ι
2654 1411 2753 1465 Διά
2782 1411 2941 1464 τοῦτο
2984 1411 3016 1464 6
3041 1411 3335 1480 φιλόσοφος
3386 1413 3482 1466 καὶ
3524 1413 3620 1466 τὸν
3651 1413 3748 1467 τοῦ
3804 1415 4011 1476 παντὸς

2429 1506 2596 1571 ἔδειξε
2631 1505 2905 1576 κηδεμόνα
2931 1505 3030 1558 καὶ
3061 1504 3161 1575 τὴν
3193 1502 3286 1557 ἐπὶ
3313 1504 3480 1559 τινῶν
3529 1506 3754 1560 ἐσκόπει
3796 1521 4009 1576 μακρο-

2427 1597 2630 1668 θυμίαν
2660 1597 2754 1651 καὶ
2776 1599 2876 1668 τὴν
2913 1596 3168 1652 ἐντεῦθεν
3188 1599 3303 1661 τοῖς
3341 1597 3592 1668 ἀνοήτοις
3633 1597 4008 1667 προσγινομέ-

2428 1709 2528 1762 νην
2548 1689 2730 1761 λώϐην
2759 1689 2856 1743 καὶ
2904 1689 3004 1760 τὴν
3033 1688 3329 1762 ἐσύστερον
3377 1691 3562 1752 αὐτοῖς
3598 1689 4009 1760 ἐπιφερομένην

750 1784 1024 1839 universis
1071 1783 1235 1843 rebus
1287 1781 1686 1847 consulentem,
1722 1789 1778 1834 et
1828 1779 1950 1849 ejus
1996 1777 2327 1848 longanimi-
2363 1849 2397 1854 _

2363 1849 2397 1854 _
2438 1781 2823 1854 πανολεθρίαν.
2876 1782 2967 1835 Ἐν
2999 1780 3057 1834 δὲ
3097 1781 3174 1852 τῷ
3213 1783 3439 1852 Γοργίᾳ
3477 1781 3705 1852 καὶτῆς
3736 1780 4011 1851 τιμωρίας

747 1887 912 1933 tatem
943 1892 1071 1945 erga
1093 1875 1382 1945 quosdam,
1401 1883 1457 1929 et
1483 1873 1631 1944 quod
1654 1873 1782 1929 hinc
1812 1871 2112 1928 insensatis
2139 1884 2330 1940 snper-
2363 1849 2403 1904 Β

2322 1897 2330 1906 ·
2363 1849 2403 1904 Β
2431 1875 2582 1944 δηλοί
2610 1849 2711 1937 τάξ
2743 1872 2923 1937 αἰτίας
2975 1849 3156 1943 λέγων
3204 1849 3308 1927 ὡδί
3330 1849 3357 1903 ’-
3391 1849 3415 1925 ι
3443 1849 3718 1945 Προσήκ-ει
3748 1849 3807 1926 δέ
3835 1849 4004 1925 παντὶ

747 1969 899 2024 venit
957 1969 1365 2034 detrimentum,
1400 1976 1454 2020 et
1513 1967 1732 2020 tandem
1779 1974 2103 2028 extremam,
2165 1977 2328 2034 quam

751 2060 888 2128 ipsis
923 2067 1077 2128 parat
1113 2059 1350 2111 ruinam.
1409 2058 1468 2110 ln
1520 2053 1718 2124 Gorgia
1782 2068 2071 2125 poenarum
2134 2067 2375 2107 causas.

749 2149 989 2204 ostendit
1030 2148 1119 2203 bis
1144 2149 1327 2202 verbis
1361 2163 1378 2201 :
1419 2165 1439 2199 ι
1479 2145 1944 2202 Convenitautem
1978 2143 2203 2200 cuilibet
2236 2143 2331 2214 qui

753 2240 1029 2312 supplicio
1066 2239 1321 2294 addictus
1354 2247 1459 2303 est,
1487 2248 1542 2292 et
1564 2248 1710 2294 recte
1732 2237 1800 2292 ab
1831 2236 1942 2291 alio
1982 2234 2330 2307 punitur,vel

749 2343 814 2387 nt
839 2332 1033 2388 melior
1062 2330 1278 2396 evadat,
1295 2339 1350 2384 et
1375 2332 1593 2385 cancris
1621 2328 2026 2384 hominibussit
2045 2328 2327 2399 exemplo:

751 2429 806 2473 nt
835 2419 927 2473 alii
953 2419 1283 2488 supplicium
1315 2418 1436 2489 ejus
1468 2418 1738 2484 videntes,
1773 2418 2068 2474 formidine
2107 2434 2330 2474 carum-

749 2513 877 2566 dcm
909 2526 1198 2583 poenarum
1227 2511 1490 2568 meliores
1518 2511 1674 2567 ﬁant.
1725 2511 1791 2568 lli
1824 2513 2076 2568 videlicet
2114 2515 2208 2584 qui
2263 2529 2329 2570 ex

752 2605 860 2658 illis
898 2603 1185 2674 suppliciis
1219 2603 1509 2659 utilitatem
1531 2604 1782 2674 capiunt,
1841 2611 1898 2660 et
1930 2604 2042 2660 Deo
2073 2612 2127 2661 et
2151 2604 2332 2660 homi-

750 2697 910 2752 nibus
942 2697 1075 2751 dant
1091 2711 1304 2766 partas,
1330 2696 1382 2751 lii
1419 2706 1551 2753 sunt
1571 2698 1665 2766 qui
1699 2681 1908 2753 leviora
1931 2707 2155 2769 peccata
2178 2714 2333 2754 com-

751 2791 1019 2844 miserant
1062 2806 1076 2843 :
1113 2788 1249 2859 ipsis
1276 2799 1483 2855 autem,
1535 2804 1566 2844 e
1596 2789 1878 2846 doloribus
1912 2800 1966 2844 et
1998 2791 2333 2846 cruciatibus

752 2890 865 2934 tum
898 2881 987 2935 hic
1031 2889 1144 2935 tum
1185 2880 1329 2949 apud
1391 2880 1596 2935 inferos
1648 2881 1855 2935 utilitas
1913 2880 2178 2936 exsistit:
2213 2879 2331 2935 ﬁeri

755 2973 902 3026 enim
939 2987 1048 3027 non
1099 2981 1277 3042 potest
1332 2972 1494 3026 aliter
1536 2979 1658 3027 uta
1689 2987 1832 3028 noxa
1884 2972 2204 3028 liberentur.
2251 2970 2330 3027 Ex

750 3062 857 3117 illis
920 3070 1100 3116 autem
1161 3061 1254 3131 qui
1311 3062 1650 3132 gravissimis
1719 3062 2017 3118 sceleribus
2060 3063 2330 3118 contami-

2431 1966 2510 2036 τῷ
2570 1966 2629 2018 ὲν
2678 1964 2926 2035 τιμωρίᾳ
2972 1965 3114 2029 δντι,
3153 1966 3248 2019 ὑπ’
3299 1965 3463 2020 ἄλλου
3511 1964 3690 2036 ὀρθῶς
3737 1980 4015 2034 τιμωρου-

2435 2059 2584 2129 μένῳ
2614 2057 2659 2089 ⁸⁸
2688 2057 2722 2128 ἢ
2760 2056 2970 2128 βέλτιον
3001 2054 3049 2087 ⁸⁷
3093 2055 3346 2126 γίνεσθαι
3401 2057 3497 2112 καΙ⁵
3530 2056 3843 2129 ὠνήσασθαι
3895 2054 3942 2087 ⁸⁸
3977 2055 4011 2126 ἢ

2431 2153 2794 2224 παράδειγμα
2821 2149 2868 2183 ⁸⁸
2894 2150 3080 2215 ἄλλοις
3108 2149 3383 2220 γίνεσθαι,
3419 2150 3488 2204 ῐν⁹
3526 2152 3731 2204 ὶκεῐνοι
3759 2149 3806 2182 ⁷⁸
3836 2148 4014 2219 όρῶνο

2431 2259 2523 2307 τες
2560 2243 2840 2314 πάσχοντα
2869 2240 2906 2296 ἃ.
2942 2242 3143 2312 πάσχει
3168 2242 3240 2308 ’⁸,
3273 2239 3604 2310 φοϐούμενοι
3632 2240 3743 2312 (7⁸)
3769 2239 4016 2310 βελτίους

2431 2333 2754 2401 γίγνωνται.
2797 2331 2923 2387 Εἰσὶ
2944 2331 3002 2385 δὲ
3035 2333 3084 2386 oi
3114 2332 3490 2403 ὠφελούμενοι
3525 2332 3626 2403 μὲν
3663 2331 3710 2366 ’⁸
3728 2332 3824 2385 καὶ
3855 2330 4017 2400 δίκην

2431 2426 2668 2488 διδόντες
2697 2424 2804 2478 ὑπὸ
2847 2425 2985 2480 Θεοῦ
3056 2424 3154 2478 καὶ
3194 2424 3241 2457 ’⁸
3293 2424 3601 2496 ἀνθρώπων
3647 2417 3796 2480 οὗτοι
3839 2423 3891 2476 οἶ
3944 2421 4017 2476 άν

2436 2517 2633 2588 Ιάσιμα
2685 2517 3069 2588 ἁμαρτήματα
3106 2516 3501 2588 ἁμαρτάνωσιν
3549 2516 3615 2582 ’⁸,
3647 2516 3798 2587 ὅμως
3843 2515 3901 2569 δὲ
3939 2513 4013 2567 δι’

2429 2608 2746 2681 ἀλγηδόνων
2805 2609 2902 2664 καὶ
2937 2610 3141 2664 ὀδυνῶν
3194 2609 3408 2679 γίνεται
3463 2608 3649 2672 αὐτοῖς
3683 2608 3843 2680 QG]
3869 2606 4022 2676 ὠφέ-

2432 2701 2578 2768 λεια,
2601 2700 2836 2756 κάνθάδε
2861 2701 2958 2755 καὶ
2983 2702 3042 2754 εν
3101 2702 3256 2771 ᾍδου
3279 2714 3293 2729 ·
3329 2701 3390 2755 οὐ
3423 2700 3530 2771 γὰρ
3546 2694 3721 2754 οἷόντε
3755 2698 3931 2762 άλλως
3966 2699 4018 2730 ’⁸

2431 2796 2915 2851 ἀπαλλάττεσθαιο
2955 2796 3008 2848 oi
3037 2795 3116 2859 δὲ,
3153 2795 3249 2848 ἐάν
3266 2794 3332 2848 τά
3355 2795 3562 2863 ἔσχατα
3580 2793 3886 2862 ἀδικήσωσι
3919 2807 4023 2845 και

2431 2888 2522 2942 διὰ
2548 2888 2618 2943 τὰ
2656 2889 2701 2920 ’⁸
2735 2887 2962 2944 τοιαῦτα
2988 2887 3305 2958 ἀδικήματα
3337 2886 3551 2941 ἀνίατοι
3584 2886 3627 2917 ⁷⁷
3668 2884 3903 2954 πάμπαν
3929 2883 4025 2950 γι-

2434 2994 2659 3040 νωνται,
2697 2978 2935 3033 ἐνταῦθα
2968 2978 3039 3032 τά
3071 2977 3502 3048 παραδείγματα
3553 2977 3798 3044 γίνονται
3826 2976 3894 3038 ⁷⁸,
3922 2977 4022 3027 καὶ

2432 3061 2581 3124 οῦτοι
2619 3072 2664 3104 ⁷⁸
2698 3072 2800 3142 μὲν
2826 3070 3015 3125 οὐκέτι
3033 3070 3310 3124 ὀνίνανται
3333 3070 3402 3132 ⁸⁸,
3427 3067 3524 3122 ars
3540 3069 3750 3122 ἀνίατοι
3771 3067 3922 3128 ὄντες
3942 3067 4020 3098 ⁸⁸·

753 3154 863 3208 nati
922 3153 1168 3218 fuerint,
1228 3154 1449 3224 illisque
1499 3155 1635 3210 adeo
1703 3154 1922 3224 iujustis
1999 3153 2404 3250 facinoribusc

2359 3188 2404 3250 ς
2434 3161 2587 3216 ἄλλοι
2615 3162 2673 3216 δε
2717 3162 2995 3217 ὀνίνανται
3026 3162 3077 3216 oi
3129 3161 3359 3224 τούτους
3408 3160 3645 3231 ὁρῶντες
3697 3159 3787 3212 διὰ
3840 3159 3938 3222 τὰς
3969 3159 4020 3190 ⁸⁸

754 3245 1085 3301 insanabiles
1177 3246 1530 3313 exstiterint,
1605 3246 1851 3316 exempla
1910 3254 2329 3316 proponuntur:

752 3336 854 3407 ipsi
922 3352 1052 3393 vero
1128 3338 1337 3392 nullum
1415 3338 1541 3393 inde
1630 3338 1858 3406 capiunt
1916 3325 2332 3407 adiumentum,

749 3434 952 3504 quippe
1003 3436 1095 3505 qni
1148 3435 1480 3490 insanabiles
1531 3435 1677 3501 sint;
1725 3434 1816 3489 alii
1865 3449 1995 3488 vero
2044 3433 2331 3488 utilitatem

749 3525 1079 3594 percipiunt,
1145 3527 1306 3580 hosce
1359 3534 1581 3595 propter
1635 3541 1731 3579 sua
1787 3535 2007 3594 peccata
2056 3539 2111 3580 et
2157 3525 2332 3579 maxi-

753 3634 872 3673 mas
908 3632 957 3673 et
991 3619 1452 3675 borrendissimas
1501 3629 1555 3673 et
1605 3617 1820 3673 inﬁnito
1848 3618 2037 3671 dolore
2081 3618 2331 3672 cumula-

752 3720 857 3774 tas,
903 3725 1106 3780 easque
1177 3712 1543 3780 sempiternas
1599 3723 1792 3780 poenas
1835 3708 1942 3779 pati
1995 3707 2266 3762 videntes.
2305 3725 2326 3759 ι

756 3800 879 3855 llaec
959 3802 1171 3855 videtur
1247 3801 1688 3872 sapientissimus
1760 3799 1916 3854 Plato
1995 3814 2064 3855 ex
2132 3799 2334 3855 divinis

755 3892 1009 3946 hausisse
1063 3891 1401 3961 Scripturis;
1471 3891 1712 3962 profecto
1762 3891 1907 3945 enim
1959 3891 2160 3946 audivit
2209 3906 2332 3961 quae

754 3996 846 4050 per
880 3982 1099 4051 Moysen
1129 3997 1156 4034 a
1187 3981 1298 4038 Deo
1341 3983 1406 4036 ad
1451 3981 1792 4037 Pharaonem
1827 3983 1970 4037 dicta
2005 3993 2132 4038 sunt
2164 3999 2178 4036 :
2219 3983 2330 4038 «Ad

756 4078 854 4126 hoc
907 4075 1137 4129 excitavi
1192 4085 1262 4139 te,
1301 4085 1361 4129 ut
1415 4075 1699 4129 ostendam
1753 4074 1806 4128 in
1844 4085 1895 4129 te
1956 4074 2329 4130 fortitudinem

754 4180 949 4229 meam,
1002 4173 1055 4218 et
1114 4173 1173 4218 ut
1221 4159 1580 4219 annuntiélur
1622 4178 1816 4218 nomen
1858 4178 2038 4218 meum
2091 4164 2142 4217 in
2182 4163 2329 4218 omni

755 4270 922 4312 terra.
953 4277 969 4308 ι
1008 4256 1147 4312 Cum
1174 4257 1319 4312 enim
1354 4257 1580 4312 omnino
1609 4255 1889 4326 improbus
1915 4257 2000 4309 ille
2031 4255 2212 4309 factus
2245 4271 2332 4308 es-

753 4361 854 4415 set,
909 4351 1090 4405 omnis
1136 4350 1354 4422 generis
1409 4365 1601 4419 prunas
1631 4350 1843 4404 induxit
1873 4364 2037 4418 super
2061 4363 2189 4403 eum
2223 4347 2332 4402 Do-

754 4445 952 4508 minns,
999 4459 1106 4496 non
1146 4453 1204 4497 ut
1233 4444 1512 4496 meliorem
1547 4459 1607 4498 se
1636 4443 1918 4497 exhiberet
1960 4442 2049 4496 ille
2083 4441 2332 4512 (noverat

2438 3255 2706 3326 μεγίστας
2732 3255 3013 3326 άμαρτίας
3030 3255 3126 3337 καὶ
3154 3253 3524 3324 όδυνηρότερα
3546 3251 3642 3307 καὶ
3660 3251 4022 3322 φοϐερώτερα

2444 3347 2594 3418 πάθη
2629 3347 2947 3419 πάσχοντας
2974 3347 3097 3379 ⁸⁸·⁸⁸
3124 3347 3217 3400 τὸν
3237 3347 3323 3400 ἀεὶ
3346 3346 3541 3417 χρόνον
3567 3343 3809 3414 ἀτεχνῶς
3834 3343 3880 3378 ⁸⁸
3912 3361 4022 3397 πα-

2435 3437 2780 3507 ραδείγματα
2812 3438 2879 3492 ⁸⁸.
2918 3456 2937 3491 ι
2978 3437 3055 3509 (7)
3107 3437 3295 3491 Ταῦτα
3334 3438 3392 3490 δὲ
3448 3437 3625 3490 ἔοικεν
3649 3439 3676 3490 6
3701 3434 4020 3506 σοφώτατος

2439 3524 2663 3578 Ιιλάτων
2692 3527 2759 3578 ἐκ
2783 3525 2896 3579 τῶν
2926 3523 3091 3579 θείων
3144 3524 3508 3596 σεσυληκέναι
3553 3525 3730 3592 λόγων
3750 3541 3765 3555 ·
3808 3526 4019 3594 ἢκουσε

2433 3614 2546 3686 γὰρ
2583 3616 2803 3679 πάντως
2842 3615 2915 3671 τά
2961 3616 3049 3670 δια
3098 3616 3383 3680 Μωῦσέως
3411 3617 3504 3671 ἐπὶ
3552 3615 3690 3670 Θεοῦ
3749 3615 3889 3687 πρὸς
3920 3617 4019 3670 τὸν

2433 3706 2636 3779 Φαραὼ
2667 3707 2960 3779 λεχθένταο
2992 3710 3054 3764 τό
3074 3725 3086 3738 ·
3125 3728 3145 3762 ι
3185 3711 3278 3773 Et;
3299 3709 3431 3764 αὐτὸ
3457 3709 3617 3764 τοῦτο
3637 3710 3898 3781 ἐξήγειρά
3929 3727 4017 3771 σε.

2434 3802 2584 3864 ὅπως
2613 3801 2938 3871 ἐνδείξωμαι
2970 3802 3027 3854 ὲν
3061 3805 3145 3855 σοὶ
3172 3801 3272 3874 τήν
3318 3802 3550 3870 δύναμίν
3583 3819 3706 3870 μου,
3736 3803 3831 3856 καὶ
3864 3802 4018 3864 ὅπως

2433 3893 2694 3964 διαγγελῇ
2741 3894 2803 3944 τὸ
2832 3892 3004 3963 ὄνομά
3039 3911 3141 3963 μου
3173 3894 3233 3946 ιν
3281 3893 3431 3964 πάσῃ
3477 3895 3544 3963 τῇ
3573 3895 3644 3962 γῇ
3677 3892 3743 3946 ".
3781 3911 3798 3943 ι
3859 3894 4019 3961 Παμ-

2434 3989 2656 4058 ποιήρῳ
2683 3986 2791 4057 γάρ
2821 4003 2904 4039 τοι
2933 3985 3289 4056 γεγενημένῳ
3318 3985 3511 4052 ἐκείνῳ
3533 3982 3886 4046 παντοδαπὰς
3919 3985 4020 4037 καὶ

2434 4078 2684 4141 κολάσεις
2715 4079 2998 4147 ἐπήγαγεν
3026 4075 3178 4146 αύτῷ
3201 4075 3230 4127 6
3253 4075 3406 4140 θεὸς.
3433 4073 3533 4146 οὐχ
3555 4072 3696 4128 ὥστε
3726 4075 4016 4144 ἀποφῆναι

2436 4169 2683 4241 βελτίονα
2715 4197 2785 4207 -
2811 4168 2928 4239 ᾔδει
2961 4167 3070 4236 γάρ
3100 4165 3268 4220 αὐτοῦ
3299 4164 3508 4220 καὶτὸν
3535 4165 3659 4218 νοῦν
3716 4165 4018 4219 ἀντίτυπον

2435 4263 2531 4314 καὶ
2557 4260 2617 4313 τὸ
2641 4260 2813 4322 πάθος
2842 4260 3145 4329 ἀνήκεστον
3168 4287 3238 4297 --
3269 4257 3383 4312 ἀλλ’
3407 4258 3556 4319 ὅπως
3583 4257 3655 4309 τά
3696 4257 3827 4326 περὶ
3870 4257 4024 4309 ἐκεί.

2436 4371 2526 4407 νου
2554 4353 2870 4423 διηγήματα
2910 4351 3077 4405 πᾶσιν
3114 4348 3384 4420 ὠφελείας
3431 4349 3692 4418 γένωνται
3751 4347 4017 4419 παραδεί-

2437 4459 2644 4513 γματα.
2680 4441 2951 4511 Καθάπερ
3009 4442 3120 4512 γάρ
3149 4441 3208 4494 αί
3241 4441 3425 4502 πόλεις
3479 4439 3739 4512 τρέφουσι
3763 4440 3888 4504 τοὺς
3921 4440 4018 4510 δη-

751 4537 897 4588 enim
961 4533 1120 4589 istius
1173 4545 1408 4588 mentem
1458 4545 1840 4588 contumacem
1882 4542 1938 4588 et
1970 4533 2327 4588 insanabilem
2365 4525 2408 4580 D

2365 4525 2408 4580 Ι)
2439 4535 2618 4605 μίους,
2652 4535 2796 4589 ὥστε
2825 4533 2954 4598 τοὺς
2995 4533 3358 4604 ἀνδροφόνους
3395 4534 3488 4587 καὶ
3518 4532 3897 4604 τοιχωρύχους
3919 4532 4019 4585 καὶ

754 4625 1067 4694 malitiam),
1104 4627 1197 4681 sed
1233 4637 1292 4680 ut
1315 4641 1381 4682 ea
1408 4641 1533 4696 qum
1566 4627 1634 4681 de
1661 4627 1780 4697 ipso
1804 4625 2333 4681 circumferebantur

751 4718 1011 4772 omnibus
1063 4718 1215 4772 utilia
1267 4711 1517 4789 exempla
1572 4718 1785 4774 ﬁerent.
1852 4717 2330 4784 Quemadmodum

752 4811 899 4865 cnim
928 4811 1178 4867 civitates
1211 4812 1494 4868 carniﬁces
1527 4811 1684 4867 alunt
1711 4811 1778 4867 ad
1816 4811 2122 4881 puniendos
2153 4811 2332 4865 homi-

754 4902 925 4969 cidas,
979 4901 1329 4970 ell‘ractorcs,
1396 4913 1450 4960 et
1509 4912 1736 4959 caeteros
1789 4903 1964 4975 legum
2026 4914 2329 4971 transgres-

2433 4626 2559 4688 τοὺς
2591 4625 2766 4688 ἄλλως
2788 4623 3245 4695 παρανομοῦντας
3275 4623 3552 4690 κολάζειν,
3573 4624 3674 4676 οὐκ
3695 4622 3917 4677 ὲπαινοῦ
3927 4639 4018 4677 σαι

2436 4716 2535 4782 μὲν
2566 4716 2769 4784 αὐτῶν,
2821 4717 2959 4771 ἀλλὰ
2991 4717 3088 4771 καὶ
3127 4715 3250 4770 λίαν
3305 4715 3566 4787 μισοῦσαι
3616 4717 3718 4788 τὴν
3764 4717 3860 4770 τοῦ
3892 4715 4017 4785 βίου

2431 4809 2774 4880 προαίρεσιν,
2823 4809 3151 4879 ἀνεχόμεναι
3199 4809 3257 4862 δὲ
3308 4810 3406 4878 τῆς
3455 4808 3660 4863 τούτων
3708 4808 4021 4878 ὑπηρεσίας

2430 4903 2518 4956 διά
2549 4903 2646 4973 τὴν
2678 4903 2889 4973 χρείαν,
2915 4903 3090 4968 οὕτως
3125 4904 3154 4958 6
3189 4900 3287 4956 τοῦ
3331 4901 3536 4973 κόσμου
3586 4901 3874 4972 πρύτανις,
3925 4895 4020 4954 οἷα

1949 5151 2140 5212 Varia:
2181 5151 2486 5213 lectiones
2517 5157 2576 5213 et
2611 5158 2796 5214 noue.

821 5420 864 5450 ‘°
909 5415 1102 5487 ἀγνοίᾳ
1134 5417 1337 5486 μᾶλλον
1366 5414 1489 5470 cod.
1521 5413 1688 5485 gloss.
1723 5482 1735 5487 Δ
1783 5410 1826 5440 ⁸⁸
1860 5409 1936 5473 ὡς
1970 5408 2212 5487 _o’.i:’__Pl_.

753 5491 796 5521 ⁸⁸
828 5490 887 5542 οὐ
943 5480 1147 5539 τᾶθλ’-ἵν’
1174 5487 1256 5542 ΡΙ.
1331 5487 1376 5517 ⁸⁸
1415 5480 1855 5556 τιμωρουμένου-
1883 5481 2140 5556 cod.__"

751 5559 826 5611 l‘l.
903 5562 946 5591 τ’
973 5558 1009 5610 ἃ.
1050 5555 1137 5610 ἂν.
1204 5557 1391 5627 πάσχῃ
1435 5550 1513 5608 ΡΙ.
1547 5550 1992 5627 ἐκτίμξνωθτε
2020 5550 2097 5604 ΡΙ.

749 5633 791 5660 ⁷⁵
839 5630 1052 5692 ἀδικίας
1103 5627 1182 5681 ΡΙ.
1262 5623 1426 5679 "ora
1465 5643 1513 5679 τ.
1547 5623 1627 5677 ΡΙ.

745 5701 786 5729 ⁸⁸
829 5703 1018 5751 ἀνίατα
1070 5699 1200 5751 ὄντα
1242 5700 1362 5753 cod.

749 5773 842 5822 καὶ
896 5773 985 5822 τόν
1031 5771 1153 5823 cod.

2313 5408 2357 5478 ⁸¹
2386 5408 2435 5460 6.
2468 5408 2611 5478 τινὸς
2642 5409 2733 5478 ήγ.
2764 5406 2843 5461 ΡΙ.

2219 5477 2432 5531 ελτίονι.
2511 5477 2557 5510 ⁸⁸
2586 5473 2869 5532 ὀνίνασθαι
2898 5473 2979 5528 ΡΙ.
3019 5473 3187 5529 52⁷58.
3263 5479 3308 5510 ⁸⁸
3337 5481 3450 5543 τοῖς
3474 5479 3554 5535 ΡΙ.

2205 5549 2250 5582 ⁷³
2281 5549 2421 5601 θεῶν
2457 5565 2514 5601 τε
2554 5549 2650 5603 καί
2701 5548 2784 5601 ΡΙ.

1739 5623 1781 5652 ⁷⁷
1809 5623 1899 5674 άν.
1933 5622 2224 5686 γένωνται,
2260 5621 2325 5671 ἐκ
2358 5619 2587 5672 τούτων.
2682 5618 2727 5650 ’⁸
2758 5617 2884 5686 γίγν

1478 5699 1520 5725 ⁸³
1548 5696 1634 5746 διὰ
1673 5694 1773 5753 τὰς
1798 5693 1853 5745 ά.
1883 5692 2252 5764 τὰημέγιστα
2301 5690 2396 5764 καὶ
2444 5689 2812 5764 ὀδυξιηρόταξα
2863 5686 3372 5764 καὶ-φοϐερώτατα
3398 5690 3478 5745 ΡΙ.
3556 5692 3679 5726 ⁸³⁸⁸⁸
3714 5695 4025 5764 πάσχοντες

1233 5769 1279 5798 ⁸⁸³
1325 5767 1692 5819 παςιαθέονται
1751 5764 1874 5816 cod.
1955 5758 2449 5827 “‘dvnptnuévou;
2500 5759 2578 5812 ΡΙ.
2612 5758 2620 5759 ί
2653 5760 2699 5792 ⁸³
2725 5759 2820 5814 Ex.
2862 5772 2936 5823 Iv,
2975 5758 3059 5811 16.

2942 5406 2988 5438 ⁸³
3009 5408 3156 5482 διηγ.
3205 5409 3329 5462 cod.
3432 5409 3477 5440 “
3502 5408 3680 5463 λαλῶν
3728 5429 3818 5467 σκ.
3886 5413 4017 5468 cod.

2943 5476 2954 5513 l
3021 5476 3167 5513 595R
3263 5479 3308 5510 Ol
3337 5481 3450 5513 οισι.
3474 5479 3530 5513 DI
3648 5482 3696 5513 to
3725 5483 3808 5513 τι.-
3863 5484 4016 5513 ιη...

3648 5483 3696 5513 ⁷⁸
3725 5483 3812 5536 ἵνα
3861 5484 4022 5537 ἄλλοι

3626 5551 3876 5623 μάρτωσι
3933 5553 4022 5609 ΙἸ.

3647 5622 3693 5653 ⁸⁸
3711 5622 3874 5676 οὐδέν
3939 5625 4024 5678 ΡΙ.

2897 5545 2943 5576 ’⁸
2973 5547 3354 5617 ἁμαρτάνουσι
3394 5552 3519 5605 cod.
3584 5552 3620 5604 ἁ

2888 5632 3006 5670 εται
3037 5617 3116 5671 ΡΙ.
3197 5618 3241 5650 ⁷⁸
3275 5621 3431 5673 αὐτοί
3475 5619 3561 5675 ΙΙΙ.
