4260 6438
230 435 333 501 133

1422 422 1881 485 CIIRONICON.
1935 450 1991 458 ο·
2040 423 2183 482 LIB.
2238 423 2281 481 f.

3376 426 3474 491 134

223 542 450 612 δημίου,
477 540 625 600 τινάς
673 538 926 607 γενέσθαι
981 536 1253 607 συγχωρεῖ
1305 536 1429 598 τοὺς
1474 535 1794 605 τυράννους,
1830 542 1905 597 Αη

1791 578 1794 596 ,
1830 542 1873 597 Α
1904 548 2078 597 sores,
2124 548 2229 585 non
2262 531 2575 599 probantes,
2600 533 2689 585 sed
2722 542 2941 587 econtra
2966 548 3176 587 summo
3204 534 3327 587 (διίίο
3355 553 3473 604 prn-

222 634 366 686 ῶστε
402 631 490 685 διὰ
532 630 739 682 τούτων
799 630 988 700 ποινὴν
1040 628 1165 690 τοὺς
1208 625 1661 697 παρανομοῦντας
1704 624 1799 676 καὶ

221 723 561 787 ἀσεϐοῦντας
588 722 943 791 εἰσπράττειν
968 736 981 751 ·
1032 717 1259 787 ὕστερον
1289 715 1343 768 δὲ
1368 717 1460 769 καὶ
1502 716 1659 768 αὐτοὶ
1693 734 1799 767 πα-

224 814 621 886 ραδοθήσονται
680 812 999 883 τιμωρίαις,
1054 812 1356 881 ἐπειδήπερ
1415 811 1513 879 ούχ
1557 810 1632 872 ὡς
1679 809 1797 879 Θεῷ

221 907 627 972 διακονοῦντες,
668 905 785 960 ἀλλ’
822 904 1001 975 οἰκείᾳ
1049 904 1285 975 πονηρίᾳ.
1335 902 1700 965 δουλεύοντες,
1730 902 1799 954 τὰ

219 1000 373 1053 δεινά
407 999 736 1069 δεδράκασιν
795 999 1002 1051 ἐκεῖνα.
1060 995 1243 1057 Οὕτως
1301 994 1658 1065 ἡμαρτηκότα
1706 994 1797 1047 τὸν

233 1091 454 1162 Ἰσραὴλ
487 1094 553 1162 τῇ
577 1091 687 1144 τῶν
728 1088 1035 1158 ’Δσσυρίων
1080 1086 1324 1156 ὠμότητι
1360 1087 1665 1155 παρέδωκε,
1704 1088 1795 1139 καὶ

222 1180 414 1252 ἐπειδὴ
462 1182 520 1234 δὲ
573 1182 666 1235 τὸν
728 1180 973 1235 τοιοῦτον
1004 1178 1105 1232 οὐκ
1144 1178 1393 1247 ἔγνωσαν
1428 1179 1652 1242 σκοπὸν,
1705 1180 1798 1233 καὶ

220 1270 431 1323 τούτων
452 1269 767 1333 καταλύσας
788 1270 886 1339 τὴν
915 1269 1259 1332 δυναστείαν,
1286 1267 1495 1339 ἑτέροις
1525 1268 1796 1322 δουλεύειν

223 1360 563 1429 ἠνάγκασεν,
599 1362 673 1425 ῶς
704 1362 1004 1434 διαρρήδην
1057 1362 1107 1413 οἰ
1138 1360 1418 1431 προφῆται
1457 1360 1793 1425 διδάσκουσι,

222 1453 356 1521 παρ’
390 1444 465 1506 ῶν
494 1455 522 1505 6
556 1453 785 1506 Πλάτων
836 1452 933 1515 τὰς
981 1452 1237 1522 ἀφορμὰς
1277 1450 1558 1520 κεκλοφὼς
1617 1452 1795 1504 τοιάδε

222 1543 331 1614 ἔφη
366 1546 492 1607 τοὺς
538 1546 778 1607 ἀνιάτως
807 1546 1183 1614 διακειμένους
1202 1544 1282 1606 εἰς
1302 1542 1569 1611 ὠφέλειαν
1593 1542 1796 1610 ἐτέρων

222 1637 603 1692 παιδεύεσθαι.
634 1638 710 1707 (8)
730 1638 837 1691 Καὶ
863 1639 963 1706 μέν
990 1635 1073 1688 τοί
1104 1651 1167 1703 γε
1186 1637 1282 1687 καί⁵
1305 1633 1564 1704 περὶτῶν
1587 1633 1798 1703 λήξεων

224 1731 325 1783 καὶ
348 1729 790 1799 ἀποκληρώσεως
818 1726 926 1782 τῶν
960 1726 1149 1796 ψυχῶν
1176 1729 1204 1779 6
1243 1724 1552 1794 σοφώτατος
1606 1729 1662 1777 ὲν
1689 1724 1796 1794 62

220 1821 303 1891 τῷ
331 1822 609 1875 Φαίδωνα
632 1822 794 1874 πάλιν
824 1820 987 1890 φησίν
1007 1819 1083 1851 ³⁸’
1112 1838 1130 1871 ι
1168 1819 1226 1871 ’0
1260 1818 1358 1886 μὲν
1381 1818 1661 1881 ἀτέλεστος
1704 1818 1796 1870 καί

1901 630 2189 691 sequentes
2221 620 2617 684 carnificinam,
2666 622 2881 676 illorum
2930 634 3107 678 tamen
3154 625 3470 678 adhibentes

1901 712 2265 767 ministerium
2324 712 2392 766 ob
2451 714 2854 777 necessitatem,
2916 716 2985 768 ita
3035 716 3221 769 mundi
3255 718 3470 779 μυρίον,

1900 804 2218 859 carnificum
2266 804 2407 865 loco,
2471 806 2598 859 sinit
2630 820 2749 859 esse
2779 814 3056 875 tyrannos,
3108 815 3168 861 ut
3200 822 3294 875 per
3327 809 3472 875 ipsos

1899 911 2113 967 ptenatn
2169 896 2610 965 praevaricatores
2669 904 2723 949 et
2785 897 2934 965 impii
3008 898 3353 965 persolvant;
3419 910 3471 949 at

1904 998 2090 1056 postea
2125 987 2406 1039 tradentur
2437 986 2538 1054 ipsi
2590 1000 2809 1055 quoque
2862 987 3163 1055 suppliciis,
3214 990 3467 1054 quoniam

1903 1092 2008 1129 non
2040 1079 2193 1146 quasi
2230 1077 2339 1130 Deo
2373 1078 2767 1141 ministrantes,
2800 1079 2890 1132 sed
2930 1094 3042 1133 sum
3068 1080 3308 1148 ipsorum
3348 1095 3434 1132 scr
3458 1112 3470 1119 -

1899 1167 2106 1222 vicntes
2139 1169 2379 1231 malitiae,
2410 1183 2475 1222 ea
2506 1169 2710 1223 scelera
2750 1181 3151 1240 perpetrarunt.
3224 1170 3313 1224 Sic
3346 1186 3469 1224 cum

1897 1271 2178 1327 peccasset
2208 1259 2395 1325 Israel,
2452 1258 2629 1330 ipsum
2674 1260 2986 1316 crudelibus
3019 1262 3258 1331 Assyriis
3306 1264 3471 1316 tradi-

1899 1354 1998 1417 dit,
2029 1362 2080 1406 et
2116 1369 2235 1407 cum
2266 1354 2404 1407 lianc
2438 1369 2545 1407 non
2578 1354 2929 1425 agnovissent
2971 1365 3229 1417 mentem,
3282 1370 3472 1409 everso

1900 1446 2141 1514 ipsorum
2171 1460 2358 1516 regno,
2396 1446 2518 1500 aliis
2561 1447 2765 1501 servire
2791 1446 2987 1516 coegit,
3018 1457 3077 1500 ut
3113 1456 3294 1514 aperte
3341 1462 3467 1509 pro-

1900 1541 2072 1605 pheta:
2132 1538 2360 1603 docent;
2435 1552 2463 1589 a
2517 1536 2714 1604 quibus
2764 1538 2915 1591 Plato
2987 1548 3286 1607 opportune
3337 1538 3471 1591 dixit

1898 1645 1993 1684 eos
2022 1630 2110 1698 qui
2146 1629 2476 1684 insanabiles
2524 1639 2652 1685 sunt
2702 1629 2767 1683 ad
2824 1630 3111 1684 utilitatem
3148 1642 3465 1684 caeterorum

1900 1722 2175 1790 castigari.
2217 1720 2485 1775 Praeterea
2518 1721 2586 1775 de
2614 1722 2919 1775 animarum
2973 1733 3117 1775 sorte
3164 1732 3284 1790 post
3318 1736 3468 1773 mor-

1906 1819 2046 1875 tem,
2105 1811 2542 1881 sapientissimus
2600 1812 2687 1865 ille
2734 1812 2815 1865 vir
2866 1812 2917 1865 in
2964 1810 3227 1865 Phwdone
3280 1826 3469 1863 rursus

219 1915 536 1985 ἀκάθαρτος
566 1918 648 1978 εἰς
675 1914 843 1986 ’ᾼδην
880 1914 1213 1984 ἀφικόμενος
1251 1915 1308 1964 ὲν
1335 1912 1585 1982 βορϐόρῳ
1613 1910 1796 1962 κείσε-
1829 1894 1871 1950 Β

1786 1939 1796 1948 -
1829 1894 1871 1950 Β
1902 1904 2072 1958 dicit:
2102 1922 2120 1954 ι
2181 1902 2540 1971 Imperfectus
2569 1914 2621 1956 et
2674 1905 2918 1972 impurus
2970 1920 3093 1958 curn
3139 1904 3203 1957 ad
3261 1903 3468 1956 inferos

219 2025 349 2062 ται·
386 2010 415 2062 6
461 2009 519 2062 δὲ
574 2008 964 2078 τετελεσμένος
1017 2008 1113 2060 καὶ
1163 2002 1579 2076 κεκαθαρμένος
1618 1993 1795 2055 ἐκεῖσε

224 2100 626 2169 μεταχωρήσας
684 2100 822 2167 μετά
853 2096 988 2151 Θεοῦ
1038 2096 1351 2151 οἰκειώσειο
1404 2094 1495 2149 τὸν
1529 2095 1630 2165 μὲν
1688 2094 1798 2164 γάρ

218 2188 450 2252 δικαίως
472 2190 564 2242 τὸν
600 2189 714 2259 βίον
748 2188 1156 2260 μετεληλυθότα
1202 2191 1297 2242 καὶ
1342 2188 1531 2253 ὁσίως,
1576 2187 1797 2241 ὲπειδάν

218 2279 556 2351 τελευτήσει,
597 2280 679 2343 εἰς
712 2282 993 2352 Μακάρων
1026 2283 1227 2347 νήσους
1275 2279 1508 2334 ἀπιόντα
1532 2280 1703 2333 οἰκεῖν
1741 2282 1796 2332 ἐν

221 2370 380 2441 πάσῃ
416 2370 735 2442 εὐδαιμονίᾳ
762 2372 949 2425 κακῶν
980 2370 1159 2437 ἐκτὸς,
1211 2370 1304 2423 τὸν
1355 2369 1415 2423 δι
1472 2369 1672 2434 ἀδίκως
1705 2371 1798 2423 καί⁵

220 2462 403 2524 ἀθίως
425 2465 505 2527 εἰς
533 2464 595 2516 τδ
615 2462 718 2532 τῆς
752 2461 986 2533 κρίσεώς
1002 2480 1061 2517 τε
1093 2466 1186 2518 καὶ
1215 2463 1369 2531 δίκης
1396 2462 1795 2533 δεσμωτήριον,

217 2552 337 2624 ὃδὴ
366 2554 650 2625 Τάρταρον
682 2554 965 2623 καλοῦσιν,
1025 2555 1167 2610 ἰέναι
1214 2556 1309 2609 καὶ
1359 2553 1504 2607 οὕτω
1566 2554 1795 2625 γυμνὸν,

219 2645 415 2698 ἔπειτα
443 2648 661 2717 κριτέον
690 2647 946 2701 ἀπάντων
966 2646 1173 2700 τούτων
1192 2663 1206 2677 ο
1236 2644 1539 2708 τεθνεῶτας
1554 2646 1662 2715 γάρ
1686 2645 1797 2715 (7b)

218 2733 287 2803 δὴ
315 2735 619 2805 κρίνεσθαι,
657 2737 744 2789 ἵνα
781 2736 972 2790 δικαία
1002 2738 1035 2807 ή
1061 2735 1243 2805 κρίσις
1272 2734 1368 2789 τοῦ
1398 2736 1591 2806 κριτοῦ
1637 2737 1795 2807 γένηο

220 2840 335 2879 ται.
381 2843 401 2876 ι
439 2824 627 2891 Οὕτως
684 2828 714 2880 6
746 2828 975 2883 Πλάτων
1025 2827 1271 2897 ἀκριϐῶς
1305 2827 1628 2882 ἐπίστευσεν
1652 2823 1796 2881 εἶναι

218 2915 293 2968 τά
316 2918 375 2969 ἐν
399 2916 561 2985 ’ᾼδου
593 2920 874 2992 κριτήρια.
929 2920 1007 2991 (9)
1066 2918 1334 2989 Ἐντυχὼν
1366 2918 1474 2988 γάρ
1522 2917 1796 2988 Ἑϐραίοις

220 3009 282 3061 ὲν
341 3010 625 3081 Αἰγύπτῳ,
686 3012 795 3065 τῶν
856 3010 1212 3081 προφητικῶν
1267 3009 1465 3077 λογίων
1510 3006 1797 3069 ἀσπασίως

220 3098 426 3167 ἢκουσε
457 3102 553 3155 καὶ
576 3102 666 3156 τὸν
690 3101 785 3155 τοῦ
820 3104 991 3173 πυρὸς
1019 3103 1269 3174 ποταμὸν
1297 3102 1525 3173 ἔμαθεν,
1561 3100 1619 3154 δν
1642 3102 1671 3153 6
1703 3100 1798 3171 μέ-

222 3206 329 3256 γας
370 3192 633 3247 ἐθεάσατο
660 3194 885 3267 Δανιὴλ,
914 3199 1008 3249 καί
1042 3196 1167 3259 τοὺς
1206 3195 1432 3248 Ἡσαΐου
1460 3193 1555 3247 τοῦ
1589 3192 1796 3246 θειοτά-
1823 3230 1867 3289 c

220 3297 319 3334 του
360 3285 639 3356 μεμύηται
668 3286 881 3355 λόγους,
916 3287 975 3339 ἑν
1006 3282 1086 3350 οἷς
1141 3303 1276 3358 φησι
1303 3287 1432 3357 περὶ
1476 3285 1583 3338 τῶν
1619 3286 1799 3355 ἀμαρ-

219 3375 415 3430 τωλῶν
447 3377 495 3409 ⁸³
524 3394 538 3407 ο
575 3398 594 3431 ι
644 3378 702 3433 Ὀ
732 3379 950 3451 σκώληξ
977 3378 1161 3433 αὐτῶν
1206 3379 1265 3431 οὐ
1303 3378 1554 3449 τελευτᾷ,
1607 3381 1701 3431 καὶ
1738 3378 1799 3429 τὸ

223 3467 339 3537 πῦρ
398 3469 460 3521 οὐ
504 3469 909 3542 σϐεσθήσεται,
950 3488 969 3523 ι
1033 3470 1194 3524 mi”
1225 3485 1238 3499 ‘
1279 3488 1297 3523 ι
1348 3470 1444 3535 Τίς
1504 3470 1799 3540 ἀναγγελεῖ

222 3558 356 3624 ὑμῖν
384 3558 477 3612 τὸν
505 3560 727 3614 αἰώνιον
751 3563 952 3629 τόπον;
988 3582 1007 3616 ι
1040 3564 1206 3618 Ὥστε
1232 3560 1326 3620 οῦν
1353 3565 1600 3629 Πλάτων,
1628 3568 1654 3617 6
1689 3566 1797 3616 τῶν

232 3649 507 3721 Ἑλλήνων
527 3652 747 3708 πάντων
770 3654 1082 3726 σοφώτερος
1122 3659 1216 3709 καὶ
1254 3657 1551 3726 ὑπέρτερός
1588 3673 1647 3708 τε
1702 3656 1795 3709 καὶ

217 3740 532 3813 διαϐόητος,
584 3744 643 3797 ὲν
675 3744 941 3815 Αἰγύπτῳ
992 3746 1131 3817 πρὸς
1174 3748 1298 3810 τοὺς
1357 3746 1657 3817 φρονίμους
1704 3748 1799 3800 καὶ

222 3833 426 3900 σοφοὺς
472 3832 581 3886 τῶν
632 3835 952 3903 Αἰγυπτίων
1004 3836 1259 3906 ἀφίκετο,
1295 3836 1659 3908 πολυπειρίαν
1705 3835 1799 3888 καὶ

220 3924 579 3993 φυσιολογίαν
606 3926 1011 4000 ἀκριϐεστέραν
1047 3929 1453 3998 μαθησόμενος,
1492 3929 1567 3991 ὡς
1602 3927 1797 3997 Ἐλλη-

220 4034 312 4078 vs;
342 4016 681 4086 ἱστοροῦσιν·
711 4019 882 4089 ἔμαθε
914 4019 968 4072 δὲ
1012 4020 1143 4092 παρ’
1183 4020 1461 4091 Ἑϐραίοις
1493 4022 1587 4073 καὶ
1617 4018 1799 4075 θεολο-

219 4109 370 4176 γίαν,
413 4110 462 4161 εἰ
491 4110 586 4163 καὶ
617 4111 694 4181 μὴ
724 4113 1075 4182 σαφεστάτην
1124 4115 1219 4166 καὶ
1272 4114 1576 4183 ἀκραιφνῆ,
1615 4113 1797 4176 καθὼς

219 4200 555 4271 παρειλήφει
586 4201 674 4255 διὰ
731 4202 831 4271 τὴν
885 4205 1332 4274 προκατέχουσαν
1389 4205 1553 4258 αὐτὸν
1615 4205 1798 4275 δεινὴν

220 4292 416 4345 ἀθεῐαν
477 4295 570 4346 καὶ
611 4293 853 4365 χαλεπὴν
893 4296 975 4349 ἔτι
1014 4296 1223 4366 πλάνην
1272 4297 1652 4366 ἀκμάζουσαν,
1683 4298 1797 4350 ἀλλ’

221 4380 315 4435 οῦν
377 4381 723 4454 ἐξηγήσατο·
764 4386 857 4438 καὶ
906 4387 1014 4458 γὰρ
1077 4386 1145 4440 τά
1202 4387 1477 4441 Μωσαῖκά
1547 4405 1799 4459 σφετερι-

227 4474 466 4544 σάμενος
517 4476 641 4544 ἰερά
696 4477 995 4546 πάμπολλα
1032 4480 1130 4531 καὶ
1186 4482 1547 4549 μεταφράσας
1610 4481 1795 4549 λόγια,

1901 1994 2128 2059 venerit,
2187 1995 2239 2047 in
2274 2009 2428 2048 ςωηο
2459 1994 2693 2064 jaeebit;
2753 1996 3020 2066 perfectus
3069 2008 3247 2051 autem
3282 2007 3336 2051 et
3369 2014 3469 2068 pu-

1902 2088 2141 2141 rilicatus
2177 2102 2299 2140 cum
2327 2086 2517 2141 eodem
2547 2088 3025 2157 migraverit,eum
3052 2088 3160 2143 Deo
3180 2090 3463 2145 habitabit.

1900 2180 1951 2233 Is
1982 2180 2124 2234 enim
2158 2180 2251 2249 qui
2283 2180 2430 2248 juste
2456 2193 2511 2234 et
2543 2189 2731 2235 sancte
2762 2182 2926 2234 vitam
2965 2183 3164 2250 exegit,
3220 2191 3343 2250 post
3386 2182 3466 2235 in-

1900 2274 2119 2327 teritum
2181 2272 2247 2324 ad
2306 2270 2729 2325 Fortunatorum
2802 2272 3010 2326 insulas
3060 2271 3465 2334 transmittitur,

1899 2365 1991 2418 ubi
2052 2361 2320 2417 malorum
2368 2361 2627 2418 immunis
2683 2364 3015 2434 omninoque
3069 2365 3258 2419 beatus
3320 2378 3470 2418 com-

1901 2465 2180 2522 moratur;
2232 2456 2322 2510 ille
2354 2465 2533 2510 autem
2570 2456 2661 2527 qui
2696 2458 2894 2526 injuste
2926 2466 2979 2511 et
3024 2457 3184 2527 impie
3215 2458 3369 2523 vixit,
3414 2460 3467 2512 in

1895 2546 2089 2616 judicii
2116 2558 2169 2601 et
2196 2547 2421 2617 iustitia:
2451 2563 2724 2602 carcerem
2772 2551 2939 2614 vadit,
2971 2566 3131 2620 quem
3178 2549 3467 2604 Tartarum

1902 2649 2117 2704 vocant,
2154 2639 2243 2693 ubi
2279 2640 2427 2693 omni
2452 2655 2512 2694 re
2538 2640 2794 2706 nudatus,
2835 2641 2901 2693 de
2931 2643 3182 2695 omnibus
3216 2642 3470 2711 operibus

1899 2729 2011 2785 suis
2036 2730 2355 2801 judicatur;
2402 2742 2616 2800 oportet
2646 2732 2790 2787 enim
2816 2732 3046 2802 judicari
3076 2744 3321 2789 mortuos
3348 2749 3470 2788 om-

1900 2836 2019 2887 nes,
2057 2831 2114 2875 ut
2154 2822 2365 2892 justum
2413 2822 2612 2891 judicis
2654 2823 2919 2891 judicium
2968 2825 3113 2878 fiat.»
3177 2824 3268 2881 Sic
3317 2824 3471 2881 Plato

1900 2914 2129 2967 omnino
2180 2914 2411 2968 credidit
2450 2930 2571 2969 esse
2614 2915 2668 2968 in
2718 2915 2911 2971 inferis
2955 2916 3272 2969 tribunalia.
3331 2916 3467 2971 Cum

1901 3006 2048 3059 enim
2085 3020 2206 3059 cum
2234 3003 2474 3061 Ilebraris
2501 3006 2553 3059 in
2590 3005 2827 3077 Egypto
2869 3019 3305 3071 conversarctur,
3342 3024 3467 3078 pro-

1901 3097 2113 3168 phetica
2146 3097 2367 3151 oracula
2396 3098 2625 3151 libenter
2648 3098 2878 3165 audivit,
2909 3109 2962 3153 et
2993 3100 3206 3169 igneum
3243 3101 3467 3155 fluvium

1902 3202 2024 3244 esse
2070 3188 2297 3253 didicit,
2357 3204 2515 3258 quem
2568 3206 2797 3261 magnus
2844 3192 3102 3261 spectavit
3158 3192 3363 3257 Daniel,
3417 3203 3471 3249 et

1902 3281 2288 3351 sapientissimi
2344 3280 2498 3336 Isaiae
2551 3282 2795 3338 initiatus
2845 3293 2929 3339 est
2978 3287 3357 3351 sermonibus,
3414 3286 3467 3341 in

1897 3376 2099 3445 quibus
2120 3376 2261 3433 dicit
2281 3376 2348 3433 de
2377 3379 2754 3447 peccatoribus
2787 3397 2802 3436 :
2842 3379 3090 3435 «νει-ιηὶε
3131 3395 3319 3435 eorum
3362 3396 3467 3435 non

1900 3469 2154 3535 moritur,
2189 3479 2242 3525 et
2271 3469 2413 3539 ignis
2437 3486 2543 3525 non
2575 3473 3019 3539 exstingueturp
3048 3481 3101 3526 et
3135 3487 3148 3524 :
3178 3491 3195 3523 ι
3217 3470 3352 3537 Quis
3382 3487 3472 3526 re-

1899 3559 2169 3615 nuntiabit
2196 3561 2351 3615 vobis
2384 3561 2778 3630 sempiternum
2814 3563 2987 3616 locum
3010 3563 3059 3616 τι
3101 3562 3250 3619 Plato
3282 3563 3469 3633 igitur,

1897 3650 2208 3706 Graecorum
2275 3650 2715 3721 sapientissimus
2762 3654 3363 3724 prmstantissimusque
3415 3666 3471 3709 et

1900 3741 2042 3797 fama
2075 3743 2424 3813 percelebris,
2489 3743 2539 3796 in
2577 3744 2873 3815 A‘lgyptum
2906 3746 3054 3800 venit
3081 3746 3145 3799 ad
3176 3747 3472 3815 prudentes

1898 3844 1951 3889 et
2003 3837 2278 3905 sapientes
2332 3837 2474 3891 inter
2526 3836 2835 3906 Egyptios,
2910 3849 2969 3893 ut
3023 3853 3186 3909 quam
3216 3840 3471 3892 eruditis-

1898 3926 2070 3979 simus
2118 3927 2291 3985 tieret.
2347 3936 2400 3980 et
2450 3926 2904 3996 perfectissimam
2952 3929 3019 3983 de
3067 3916 3258 3984 uatur'a
3290 3946 3470 4001 rerum

1898 4016 2179 4072 scientiam
2233 4016 2564 4086 acquireret,
2626 4028 2683 4071 ut
2736 4017 2909 4073 (ἔταξσί
2963 4028 3208 4074 narrant.
3278 4019 3475 4074 Didicit

1898 4116 2080 4161 autem
2110 4107 2178 4161 ab
2213 4105 2458 4163 Hebrazis
2482 4117 2535 4163 ct
2564 4109 2914 4180 theologiam,
2966 4126 3073 4164 non
3104 4110 3466 4166 certissimam

1899 4216 2030 4255 sane
2060 4212 2113 4256 et
2146 4216 2378 4271 puram;
2430 4209 2745 4270 susceperat
2798 4203 2943 4256 enim
2991 4217 3133 4267 eain,
3188 4214 3473 4271 grassante

1900 4296 2081 4350 adhuc
2142 4296 2359 4349 fortiter
2408 4295 2702 4359 atlieismo,
2754 4297 3074 4365 vigenthue
3105 4296 3157 4350 in
3186 4299 3302 4366 ipso
3352 4313 3474 4367 per-

1904 4391 2113 4445 nicioso
2154 4406 2361 4455 errore,
2421 4391 2563 4444 male
2594 4390 2871 4445 simulato.
2940 4390 3074 4446 Cum
3123 4393 3267 4446 enim
3313 4408 3469 4447 sacra

1904 4481 2107 4551 Moysis
2137 4482 2358 4536 oracula
2392 4482 2493 4536 sibi
2514 4483 2777 4552 permulta
2809 4484 3091 4538 ascivisset
3126 4495 3179 4537 et
3210 4485 3473 4554 interpre—

166 4600 169 4601 ν
221 4565 398 4636 ταύτῃ
429 4584 509 4619 τοι
535 4570 792 4639 πειρᾶται
821 4568 1122 4640 λεληθότως
1179 4573 1593 4641 αἰνιγματωδῶς
1624 4576 1794 4625 ποιεί·
1831 4568 1848 4624 1

1790 4568 1872 4624 ιο
1906 4582 2048 4627 tatus
2098 4583 2263 4639 esset,
2315 4574 2401 4627 his
2450 4572 2637 4627 furtim
2687 4590 2821 4629 usus
2849 4576 3243 4643 anigmaticam
3304 4587 3472 4629 teutat

226 4654 350 4707 σθαι
372 4653 472 4723 τὴν
519 4657 796 4727 ἀφήγησιν
828 4674 842 4690 ο
874 4657 999 4710 ὅθεν
1042 4660 1135 4712 καί⁸
1172 4660 1307 4729 πρός
1362 4676 1486 4711 τινα
1530 4658 1690 4712 τοῦτο
1738 4659 1802 4729 δὴ

225 4746 705 4814 παρυπεμφαίνων
738 4746 797 4801 εῦ
828 4749 975 4817 μάλα
1006 4748 1109 4820 ἔφη
1134 4766 1147 4779 ·
1184 4768 1202 4801 ι
1232 4750 1503 4821 Φραστέον
1536 4751 1598 4820 δή
1622 4767 1706 4803 σοι
1735 4750 1801 4803 δι’

200 4836 569 4905 ,αἰνιγμάτων
595 4839 661 4903 ’⁸,
696 4838 763 4891 ἵν’
792 4841 857 4895 ἄν
905 4858 958 4894 τι
981 4844 1015 4911 ὴ
1046 4842 1226 4905 δέλτος
1255 4843 1301 4875 ¹¹
1344 4844 1377 4911 ἢ
1413 4844 1608 4895 πόντου
1636 4844 1667 4913 ἢ
1697 4843 1800 4911 γῆς

226 4922 283 4975 ἑν
313 4926 543 4993 πτυχαῖς
581 4925 726 4998 πάθῃ
750 4928 815 4992 ⁸³,
863 4931 891 4981 6
947 4930 1211 4998 ἀναγνοὺς
1248 4932 1322 5001 μὴ
1350 4932 1463 5002 γνῷ
1489 4946 1505 4963 ⁸
1535 4926 1637 4986 ὧδε
1690 4933 1801 5004 γὰρ

224 5014 339 5085 ἔχει
372 5032 388 5047 ’
418 5016 553 5087 Περὶ
600 5018 694 5072 τὸν
749 5023 967 5075 πάντων
1026 5022 1253 5092 βασιλέα
1303 5024 1485 5077 πάντα
1534 5026 1652 5077 ἐστὶ
1702 5028 1795 5077 καὶ

222 5106 436 5159 ἑκείνου
468 5109 514 5140 ⁸⁸
546 5110 729 5163 εἵνεκα
758 5114 958 5178 πάντα,
981 5114 1077 5168 καὶ
1106 5116 1284 5169 ὲκείνο
1310 5116 1528 5169 πάντων
1551 5117 1661 5169 τῶν
1697 5134 1795 5169 κα-

224 5198 331 5252 λῶν
364 5200 557 5270 αῐτιον,
588 5202 839 5276 δεύτερον
871 5207 929 5261 δὲ
958 5210 1173 5275 περὶτὰ
1214 5209 1463 5280 δεύτερα,
1492 5214 1585 5265 καὶ
1614 5214 1799 5282 τρίτον

1903 4663 2321 4727 narrationem;
2375 4661 2518 4717 unde
2544 4663 2608 4717 ad
2637 4663 2951 4732 quemdam,
2984 4664 3114 4717 illud
3162 4678 3294 4717 sane
3344 4665 3474 4717 insi-

1906 4769 2106 4819 nuans,
2140 4755 2277 4808 scite
2307 4752 2442 4807 dixit
2477 4770 2491 4806 :
2530 4771 2546 4805 ι
2589 4752 2946 4821 Loquendum
2976 4763 3058 4808 cst
3092 4754 3187 4808 tibi
3217 4769 3311 4823 per
3344 4756 3475 4809 ami-

1902 4856 2104 4915 gmata,
2126 4855 2185 4898 ut
2210 4846 2254 4899 si
2284 4844 2576 4913 pugillares
2594 4843 2800 4910 aliquid
2827 4844 2940 4898 sive
2968 4847 3137 4899 maris
3165 4845 3281 4899 sive
3316 4855 3473 4899 terra:

1904 4938 1957 4991 in
1997 4936 2227 4992 ﬂexibus
2278 4936 2576 5005 patiantur,
2629 4938 2723 5006 qui
2784 4936 2976 5007 legerit
3026 4952 3132 4991 non
3185 4938 3471 5007 intelligat.

1904 5028 1983 5086 Ita
2028 5031 2173 5083 enim
2216 5044 2303 5082 res
2338 5044 2395 5081 se
2438 5028 2618 5083 liabet.
2648 5029 2803 5083 Circa
2856 5030 3095 5083 universi
3128 5044 3306 5099 regem
3348 5040 3476 5083 sunt

1902 5135 2034 5191 ergo
2089 5121 2314 5186 omnia,
2366 5130 2419 5175 et
2473 5121 2603 5175 illud
2652 5124 2895 5175 omnium
2952 5123 3222 5176 bonorum
3286 5138 3474 5186 causa,

1902 5212 2203 5269 secundum
2254 5220 2435 5267 autem
2472 5212 2613 5268 circa
2664 5214 2927 5279 secunda,
2980 5224 3033 5269 et
3070 5216 3287 5271 tertium
3330 5218 3472 5268 circa

1414 5466 1933 5533 Varitelectiones
1964 5477 2025 5533 et
2058 5478 2243 5539 notae.

296 5674 342 5708 ’⁸
371 5672 473 5729 108
502 5676 563 5729 Δ.
600 5703 669 5715 -
699 5672 800 5730 ιιι
838 5675 901 5740 C,
933 5686 1237 5732 contracta.
1314 5679 1358 5711 "
1388 5678 1571 5742 LXVI,
1593 5680 1683 5736 9.4.

218 5761 319 5797 τπυ
346 5748 470 5801 cod.

1784 5684 1829 5714 η
1867 5678 2107 5749 xxxrlt,
2143 5685 2229 5737 tt.

579 5745 625 5778 υ
659 5744 889 5812 μάθη-
928 5762 986 5800 π.
1028 5748 1121 5801 τοῦ
1152 5765 1212 5803 π.
1256 5748 1518 5815 ϐασιλέως
1546 5753 1629 5803 ὃτι
1657 5753 1776 5807 (od.
1854 5754 1899 5785 ’⁸
1928 5756 2009 5806 ἐκ.
2040 5744 2103 5807 δὲ’
2150 5757 2229 5808 σοί
2277 5758 2397 5814 cod-

2339 5688 2380 5759 '?
2418 5688 2689 5758 αἰνιγμῶν
2722 5689 2819 5759 Ep.
2852 5706 2913 5755 ιι,
2938 5691 3043 5745 τη
3074 5690 3131 5745 n.
3202 5693 3247 5724 σε
3284 5710 3332 5745 τι
3359 5692 3477 5745 δέλ-
