4260 6438
776 445 875 508 135

1976 444 2020 501 G
2035 440 2228 502 EORG
2245 441 2296 499 ΙΙ
2341 443 2441 501 ΙΙᾹ
2455 441 2551 500 MA
2565 439 2790 501 RTOLI

3912 442 4013 508 136

773 556 987 611 tertia.»
1019 555 1084 609 Ct
1124 564 1302 610 autem
1328 555 1642 611 summatim
1667 556 2051 612 ctbreviterde
2070 556 2203 626 ipsis
2228 571 2340 609 rur-

2396 560 2417 617 ι
2449 558 2575 627 περὶ
2608 555 2677 608 τὰ
2706 556 2884 627 τρίτα.
2926 574 2944 607 ι
2981 556 3092 627 (10)
3128 555 3237 608 Καὶ
3268 554 3453 617 ἀπλῶς
3478 556 3547 619 ’⁵,
3582 555 3668 609 ἵνα
3713 555 4017 629 συλλήεὸην

774 664 869 704 sus
895 648 1093 711 dicam,
1124 649 1306 702 multae
1328 657 1379 703 et
1408 648 1735 702 omnimodze
1768 648 1989 702 fuerunt
2039 650 2335 702 electorum

774 740 1067 809 impiorum
1128 741 1321 802 turbae,
1405 741 1726 809 diversaque
1803 740 1905 793 tela
1958 739 2337 809 blasphemim;

774 834 1145 903 multiﬁdoqnc
1195 841 1250 886 ct
1295 833 1446 889 vario
1494 834 1776 888 mendacio
1825 833 2085 901 voluptati
2131 832 2342 887 fabula-

774 941 894 981 rum
956 926 1247 990 permixto,
1301 926 1756 994 miscellaneaque
1808 934 2061 994 tanquam
2123 926 2341 995 potione

730 1016 1015 1080 .condita,
1064 1017 1408 1089 polytheisnii
1455 1032 1641 1071 errore
1695 1018 1944 1071 homines
1997 1016 2153 1086 quasi
2203 1016 2340 1071 ebrii

775 1104 902 1159 lacti
955 1116 1101 1160 sunt.
1147 1107 1415 1176 Sapliista:
1464 1114 1646 1161 autem
1720 1108 1847 1161 trita
1902 1116 1955 1161 et
2004 1107 2123 1159 alba
2172 1116 2339 1171 veste,

774 1198 942 1253 barba
982 1200 1191 1269 prolixa
1223 1209 1276 1252 et
1316 1212 1471 1253 coma
1524 1199 1716 1266 capitis
1766 1198 2162 1269 philosophiam
2207 1198 2340 1252 deli-

778 1293 1023 1351 nientcs,
1074 1301 1356 1361 poetarum
1402 1290 1685 1358 theologia:
1732 1290 2022 1344 ridiculum
2078 1289 2340 1353 videntes,

773 1383 909 1438 alias
937 1383 1386 1454 excogitaverunt
1409 1383 1630 1438 semitas
1660 1382 1865 1436 erroris
1897 1397 2016 1451 qua:
2067 1381 2133 1435 ad
2163 1382 2341 1450 ipsum

775 1472 1115 1537 deducebant
1146 1482 1427 1542 poetarum
1461 1473 1802 1527 barathrum.
1866 1470 1930 1524 Hi
1979 1470 2198 1542 quidem
2230 1486 2345 1525 ser-

778 1566 957 1618 monis
1004 1564 1271 1633 elegantia
1317 1574 1371 1618 et
1410 1563 1462 1619 vi
1496 1564 1889 1619 sententiarum
1945 1564 2154 1631 poetica
2200 1561 2343 1617 foeda

777 1655 1024 1709 facinora
1089 1657 1316 1710 deorum
1358 1665 1416 1710 et
1452 1655 1847 1725 turpiloquium
1903 1654 2342 1719 absconderant;

778 1749 854 1802 illi
887 1757 1066 1803 autem
1098 1749 1371 1818 perversis
1394 1747 1676 1803 aﬂectibus
1700 1747 1941 1801 divinam
1969 1748 2346 1817 imposuerunt

777 1840 1219 1910 appellationem,
1249 1850 1412 1909 atque.
1441 1842 1792 1910 voluptatem,
1819 1849 1877 1893 ut
1901 1838 2032 1903 dixi,
2056 1836 2345 1904 Venerem,

2450 651 2575 718 περὶ
2614 648 2721 701 τῶν
2750 647 2928 702 αὐτῶν
2954 644 3115 713 αὖθις
3147 647 3539 717 κεφαλαιωδῶς
3567 647 3706 700 εἴπω
3733 650 3828 701 καὶ
3857 666 4009 721 περιρ

2447 740 2751 810 ληπτικῶς,
2779 739 2948 793 πολλὰ
2981 740 3079 811 μὲν
3124 738 3218 792 οὖν
3265 740 3359 793 καὶ
3412 739 3727 793 παντοδαπά
3764 740 3870 811 63
3906 743 4016 794 τῶν

2457 831 2731 885 δυσσεὸῶν
2759 833 3098 901 αἱρουμένων
3119 831 3189 884 τὰ
3224 829 3386 901 στίφη
3409 831 3476 863 ⁸⁸·
3505 831 3599 884 καὶ
3637 831 3869 903 διάφορα
3917 833 4019 901 τῆς

2450 922 2801 994 βλασφημίας
2832 923 2902 976 τά
2930 923 3084 992 βέλη,
3113 923 3434 992 πολυσχιδὲς
3466 923 3522 977 δὲ
3555 924 3650 977 καὶ
3682 924 3927 976 ποικίλον
3957 925 4022 976 τὸ

2446 1012 2638 1082 ψεῦδος
2669 1015 2714 1045 "
2743 1012 2819 1084 τῷ
2849 1012 3070 1084 τερπνῷ
3125 1011 3220 1066 τοῦ
3274 1013 3554 1084 μυθώδους
3582 1014 3865 1085 κεράσασα
3925 1020 4022 1069 καὶ

2448 1101 2559 1159 οἷον
2593 1107 2843 1160 κυκεῶνα
2873 1106 3357 1170 κατασκευάσασα,
3387 1107 3487 1176 τῆς
3512 1106 3778 1161 πολυθέου
3807 1107 3985 1178 πλάνη
3993 1128 4021 1171 ς

2449 1199 2548 1268 τὴν
2579 1199 2754 1269 μέθην
2784 1200 2898 1261 τοῖς
2933 1197 3243 1269 ἀνθρώποις
3290 1200 3701 1271 προσήνεγκενο
3757 1203 3792 1271 ή
3842 1200 3898 1254 δὲ
3929 1218 4021 1253 σο-

2450 1291 2680 1361 φιστικὴ
2706 1292 2763 1343 ὲν
2794 1289 3022 1360 τρίϐωνι
3076 1289 3259 1361 λευκῷ
3296 1292 3392 1345 καὶ
3421 1289 3645 1360 πώγωνι
3692 1292 3891 1364 μακρῷ
3923 1294 4023 1346 καὶ

2451 1384 2597 1454 κόμῃ
2645 1382 2887 1452 κεφαλῆς
2918 1382 3017 1454 τὴν
3044 1381 3362 1451 φιλοσοφίαν
3391 1385 3709 1455 ὁριζομένη,
3737 1384 3838 1453 τῆς
3870 1402 4025 1452 ποιη-

2448 1476 2608 1544 τικῆς
2653 1475 2932 1543 θεολογίας
2982 1474 3043 1528 τὸ
3102 1474 3512 1543 καταγέλαστον
3562 1476 3768 1546 ὁρῶσα,
3806 1477 4026 1546 ξὲτέρας

2452 1567 2661 1634 πλάνης
2704 1568 2987 1636 ἐνενόησεν
3019 1566 3319 1637 ἀτραποὺς,
3341 1568 3422 1630 είς
3447 1568 3581 1622 αύτδ
3628 1567 3689 1621 τὸ
3734 1571 4024 1638 ποιητικὸν

2451 1658 2627 1710 ἐκεῖνο
2667 1655 2944 1727 βάραθρον
2968 1658 3310 1725 ἀπαγούσας.
3345 1658 3407 1711 Oi
3439 1658 3538 1728 μὲν
3572 1656 3683 1728 γὰρ
3716 1661 3782 1728 τῇ
3807 1659 3853 1690 ⁸⁷
3880 1676 4027 1729 κομ-

2454 1746 2586 1817 ὡεία
2616 1745 2710 1798 τοῦ
2744 1746 2905 1812 λόγου
2940 1745 3037 1798 καὶ
3066 1750 3135 1817 τῇ
3173 1746 3283 1800 τῶν
3308 1747 3713 1819 ἐνθυμημάτων
3756 1749 4029 1819 δεινότητι

2454 1841 2522 1909 τῇ
2556 1840 2816 1908 ποιητικῇ
2837 1837 2936 1907 τὴν
2983 1838 3253 1909 περὶτῶν
3304 1838 3444 1892 θεῶν
3487 1840 3878 1911 αἰσχρουργίαν
3933 1840 4030 1892 καὶ

780 1934 913 1986 iram
959 1931 1211 1996 Martem,
1252 1933 1575 1988 ebrietatem
1621 1932 1921 1997 Bacchum,
1953 1931 2155 1986 l‘urtnm
2208 1930 2340 1985 Mer-

2396 1922 2423 1975 Β
2454 1930 2841 2000 αἰσχρολογίαν
2886 1929 2934 1961 ’⁸
2967 1928 3247 1997 ἐκάλυψαν
3274 1945 3288 1959 ο
3321 1930 3372 1982 οί
3428 1930 3484 1984 δὲ
3519 1934 3630 1994 τοῖς
3670 1930 3867 1985 πάθεσι
3927 1931 4030 2000 τὴν

777 2032 1015 2089 ειη-ιιιιιι,
1063 2026 1406 2095 prudentiam
1443 2025 1741 2080 Minervam
1792 2025 2218 2096 appellaverunt,
2274 2033 2355 2078 ta-

777 2120 960 2189 liaque
996 2129 1240 2173 monstra
1272 2118 1509 2188 superbo
1547 2131 1672 2171 cum
1722 2117 2015 2187 supercilio
2075 2126 2129 2171 et
2175 2118 2352 2171 Attica

779 2211 1110 2281 loquacitate
1148 2209 1433 2281 tingentes,
1483 2209 1769 2280 plerosque
1806 2208 2057 2262 homines
2105 2210 2157 2262 in
2189 2209 2352 2263 aliam

779 2304 982 2358 erroris
1014 2302 1246 2357 fortnam
1280 2302 1661 2367 adduxerunt;
1705 2313 1757 2355 et
1788 2302 1881 2372 qui
1913 2316 1971 2356 se
2001 2300 2354 2371 philosophos

779 2395 1123 2459 dictitabant,
1172 2403 1227 2449 et
1268 2405 1489 2464 propter
1523 2392 1767 2447 habitum
1800 2392 1868 2445 ab
1900 2392 2155 2447 omnibus
2187 2392 2357 2446 hono-

782 2503 894 2541 rem
947 2487 1264 2555 carpebant,
1313 2496 1368 2540 et
1402 2501 1433 2539 a
1481 2500 1541 2540 se
1584 2482 1812 2538 aﬂ'ectus
1847 2484 1986 2536 vinci
2052 2483 2352 2552 iactabant,

784 2580 1158 2649 imprudenter
1179 2586 1473 2633 suaserunt
1495 2578 1811 2631 hominibus
1837 2584 1895 2630 ut
1914 2574 2140 2631 aﬂ‘ectus
2159 2592 2358 2647 pravos

782 2672 1153 2737 adorarent,et
1174 2670 1539 2740 animum,qui
1564 2667 1789 2723 aﬂectus
1805 2667 1971 2722 libera
1989 2669 2359 2734 potestatedo-

784 2762 984 2817 minari
1020 2772 1074 2816 et
1108 2769 1372 2831 tanquam
1396 2761 1585 2831 auriga
1609 2775 1796 2830 regere
1813 2761 1995 2824 debet,
2014 2761 2359 2813 immolarcnt

780 2855 1262 2924 concupiscentia,
1318 2854 1433 2917 irae,
1463 2854 1631 2919 furto,
1654 2853 1905 2907 ebrietati
1934 2854 2209 2907 etca'tcris
2230 2867 2357 2920 pra-

786 2951 868 3003 vis
896 2948 1307 3018 cnpiditatibus.
1342 2946 1448 3000 Alii
1478 2960 1698 3015 quoque
1733 2945 1871 2999 nihil
1902 2956 2095 3015 praeter
2124 2943 2358 2997 visibilia

786 3041 1029 3111 cogitare
1056 3040 1320 3103 valentes,
1342 3040 1439 3094 sed
1472 3039 1617 3092 intra
1642 3036 1924 3092 sensnhilia
1952 3036 2358 3106 intelligentiam

785 3141 1118 3195 coercentes,
1133 3145 1256 3200 qua:
1271 3129 1447 3185 oculis
1465 3130 1692 3184 videnda
1712 3129 2013 3199 subjacent,
2033 3128 2165 3182 deos
2182 3126 2362 3181 decla-

789 3236 1070 3293 raverunt,
1094 3237 1150 3281 et
1172 3225 1482 3281 venerabile
1498 3240 1722 3289 nomen,
1745 3233 1992 3278 sanctum
2017 3222 2363 3277 audientibus

788 3319 1064 3375 incutiens
1110 3318 1420 3384 horrorem,
1448 3318 1502 3371 hi
1527 3316 1748 3388 quidem
1778 3316 2082 3381 elementis,
2110 3315 2202 3369 alii
2235 3331 2363 3370 vero

789 3410 981 3466 horum
1037 3412 1286 3481 partibus
1332 3410 1733 3480 imposuerunt.
1772 3409 1879 3463 Alii
1928 3425 2055 3463 casu
2098 3408 2360 3464 mundum

788 3501 991 3557 factum
1045 3516 1169 3556 esse
1227 3501 1521 3567 dixerunt;
1568 3500 1790 3556 fuerunt
1845 3501 1939 3571 qui
1992 3500 2175 3571 plures
2233 3502 2363 3555 deos

788 3594 951 3649 unius
989 3593 1110 3648 loco
1145 3592 1596 3663 imaginarentur.
1661 3592 1766 3646 Aiii
1799 3590 1968 3647 Deum
2006 3607 2233 3663 prorsus
2277 3607 2367 3646 ne-

791 3694 1089 3756 gaverunt;
1119 3685 1211 3739 alii
1241 3686 1407 3739 Deum
1438 3684 1672 3740 confessi
1706 3693 1853 3751 sunt,
1889 3685 1983 3741 sed
2017 3699 2363 3755 nequaquam

794 3776 1050 3831 universo
1078 3775 1492 3841 consulentem;
1526 3775 1619 3829 alii
1653 3776 1818 3829 Deum
1853 3774 2116 3830 mundum
2145 3775 2364 3845 quidem

793 3883 988 3923 curare
1029 3868 1308 3933 dixerunt,
1362 3867 1458 3922 sed
1510 3866 1699 3921 leviter
1735 3868 1840 3922 hoc
1886 3868 2087 3933 facere,
2133 3874 2186 3921 et
2234 3867 2365 3920 luna

794 3959 1022 4014 deﬁnire
1067 3958 1494 4028 providentiam,
1545 3966 1879 4028 caaterasque
1934 3958 2125 4013 mundi
2182 3967 2366 4027 partes

795 4062 998 4107 temere
1054 4052 1222 4117 ferri,
1287 4049 1385 4104 fati
1440 4051 1758 4106 necessitati
1819 4050 1964 4104 haud
2024 4051 2192 4104 libere
2249 4065 2369 4105 scr-

796 4145 1024 4199 vientes.
1064 4142 1161 4199 His
1185 4152 1239 4197 et
1260 4142 1530 4197 similibus
1551 4153 1733 4212 aperte
1758 4141 2077 4213 agnovimus
2097 4142 2239 4206 illos,
2262 4157 2367 4195 non

797 4234 974 4289 solum
1003 4234 1263 4298 invicem,
1313 4232 1409 4287 sed
1436 4231 1658 4288 eosdem
1690 4234 1756 4287 de
1790 4231 1980 4287 iisdem
2027 4233 2191 4286 rebus
2236 4247 2369 4287 con-

798 4326 969 4380 trario
998 4326 1310 4394 scripsisse,
1360 4325 1768 4393 maximamque
1824 4323 2182 4388 discordiam,
2234 4324 2366 4376 dum

798 4419 984 4487 gloria:
1013 4416 1195 4471 studio
1220 4426 1273 4471 et
1303 4416 1509 4470 malitia
1541 4432 1600 4471 se
1634 4416 1861 4470 invicem
1913 4422 2183 4483 premunt,
2240 4414 2369 4470 el'l‘c-

800 4512 965 4575 cisse,
1024 4517 1227 4563 terram
1281 4507 1720 4571 conturbavisse,
1772 4514 1826 4561 et
1884 4521 2007 4561 cum
2063 4504 2370 4575 semetipsis

803 4603 1104 4674 perdidisse
1135 4601 1356 4655 multos.

2455 2022 2604 2075 Θείαν
2644 2022 3021 2092 προσηγορίαν
3042 2022 3256 2088 ἔθεσαν,
3296 2024 3391 2076 καὶ
3420 2023 3517 2094 τὴν
3542 2025 3639 2093 μὲν
3687 2023 3902 2095 ἡδονήν,
3949 2025 4031 2085 ὡς

2454 2117 2612 2187 ἔφην,
2630 2115 2951 2185 Ἀφροδίτην
2977 2113 3291 2184 ὠνόμασαν,
3313 2117 3489 2189 Ἀρεα
3505 2117 3562 2170 δὲ
3594 2118 3682 2170 τὸν
3708 2118 3902 2186 θυμὸν,
3925 2117 4031 2186 τὴν

2452 2209 2508 2262 δὲ
2543 2207 2713 2279 μέθην
2744 2209 3018 2271 Διόνυσον,
3060 2206 3272 2279 Ἑρμῆν
3302 2208 3360 2261 δὲ
3410 2210 3510 2280 τήν
3553 2209 3784 2279 κλοπὴν,
3814 2211 3919 2279 τὴν
3964 2209 4026 2261 δὲ

2454 2299 2717 2371 φρόνησιν
2748 2299 3005 2369 Ἀθηνᾶν,
3027 2300 3121 2351 καὶ
3161 2297 3387 2353 τοιαῦτά.
3416 2317 3539 2353 τινα
3582 2300 3720 2371 μετά
3778 2300 4032 2365 ἀλαζονι-

2455 2393 2555 2462 κῆς
2579 2390 2781 2463 ὀφρύος
2805 2392 2899 2445 καὶ
2927 2392 3027 2462 τῆς
3050 2392 3303 2464 Ἀττικῆς
3336 2393 3641 2463 στωμυλίας
3662 2395 4033 2464 τερατευόμε-

2455 2505 2556 2551 νοι,
2587 2487 2717 2549 τοὺς
2767 2484 2999 2549 πολλοὺς
3036 2485 3146 2538 τῶν
3176 2484 3480 2557 ἀνθρώπων
3510 2488 3588 2550 είς
3630 2487 3825 2559 ἑτέραν
3856 2487 4033 2551 εἴδους

2456 2581 2674 2651 ἀπάτην
2708 2579 3015 2650 μετήγαγον
3034 2594 3048 2610 ο
3075 2579 3170 2631 καὶ
3194 2578 3244 2632 οί
3270 2579 3579 2648 φιλοσοφεῖν
3605 2580 4033 2651 ὑπισχνούμενοι

2456 2673 2553 2726 καὶ
2584 2674 2684 2743 τὴν
2711 2672 2822 2727 ἀπὸ
2850 2670 2945 2724 τοῦ
2979 2674 3260 2741 σχήματος
3286 2672 3454 2742 τιμὴν
3483 2674 3637 2741 παρά
3663 2673 3881 2726 πάντων
3911 2672 4035 2742 δρε-

2460 2764 2685 2833 πόμενοι
2715 2762 2822 2832 (8⁸)
2852 2763 2945 2815 καὶ
2978 2763 3088 2815 τῶν
3126 2763 3316 2816 παθῶν
3357 2765 3583 2833 κρατεῖν
3615 2763 4034 2832 ἐπαγγελλόμε-

2458 2874 2537 2909 νοι
2570 2857 2893 2925 προσκυνεῖν
2916 2856 2983 2909 τά
3010 2855 3153 2925 πάθη
3180 2856 3306 2919 τοὺς
3344 2854 3667 2927 ἀνθρώπους
3713 2856 4035 2921 ἀνέπεισαν,

2461 2950 2557 3003 καὶ
2587 2949 2678 3002 τὸν
2710 2948 3089 3019 αὐτοκράτορα
3123 2948 3250 3002 νοῦν
3282 2949 3393 3002 τῶν
3433 2950 3623 3003 παθῶν
3670 2950 3765 3003 καὶ
3819 2949 4037 3018 ἡνίοχον

2464 3041 2614 3095 θύειν
2638 3041 2923 3111 ἐπιθυμίᾳ,
2949 3041 3044 3094 καὶ
3069 3040 3249 3112 θυμῷ,
3278 3041 3371 3095 καὶ
3405 3042 3601 3113 κλοπῇ,
3632 3043 3727 3095 καί
3747 3040 3909 3113 μέθῃ,
3938 3042 4037 3094 καὶ

2463 3135 2577 3195 τοῖς
2630 3132 2811 3195 ἄλλοις
2870 3132 3125 3196 πάθεσιν,
3195 3134 3437 3197 ἀνοήτως
3509 3134 3854 3187 πεπείκασιν.
3921 3132 4039 3201 (Η)

2391 3259 2433 3315 c
2469 3224 2652 3277 ’Λλλοι
2674 3224 2731 3278 δὲ
2763 3224 2926 3277 πάλιν
2952 3224 3106 3278 οὐδὲν
3130 3225 3269 3295 ὑπὲρ
3290 3226 3360 3278 τὰ
3388 3225 3641 3297 ὁρώμενα
3662 3226 3852 3294 νοῆσαι
3873 3226 4040 3295 δυνη-

2467 3317 2673 3383 θέντες,
2699 3317 2836 3370 ἀλλὰ
2855 3318 2965 3379 τοῖς
2987 3317 3265 3388 αἰσθητοῖς
3292 3318 3385 3371 τδν
3402 3316 3527 3372 νοῦν
3558 3316 4036 3388 ἐγκαθείρξαντες,

2464 3410 2532 3463 τὰ
2589 3411 2701 3470 τοῖς
2755 3407 3054 3478 ὀφθαλμοῖς
3128 3412 3207 3472 εἰς
3255 3409 3385 3463 θέαν
3467 3411 3828 3481 προκείμενα,
3882 3408 4042 3470 θεοὺς

2466 3498 2945 3570 προσηγόρευσαν,
2986 3500 3080 3552 καὶ⁵
3129 3500 3189 3552 τδ
3222 3501 3418 3554 σεπτὶν
3463 3502 3635 3571 ὄνομα
3687 3503 3781 3555 καὶ
3832 3500 4042 3572 φρέκην

2466 3589 2727 3659 ἐμποιοῦν
2759 3592 2871 3652 τοῖς
2903 3591 3196 3644 ἀκούουσιν
3252 3593 3301 3643 oi
3341 3591 3441 3656 μὲν
3485 3595 3598 3655 τοῖς
3641 3595 3947 3663 στοιχείοις,
3990 3593 4039 3644 oi

2463 3684 2519 3737 δὲ
2549 3687 2661 3747 τοῖς
2698 3685 2892 3754 μέρεσι
2943 3684 3151 3737 τούτων
3195 3684 3504 3756 ἐπέθηκανσ
3557 3686 3651 3739 καὶ
3680 3688 3728 3739 οἱ
3769 3686 3867 3756 μὲν
3932 3687 4043 3739 ἀπὺ

2466 3776 2808 3844 ταύτομάτου
2834 3775 3166 3845 γεγενῆσθαι
3198 3776 3292 3829 τὸν
3338 3776 3569 3848 κόσμον,
3610 3779 3657 3830 οί
3715 3779 3771 3830 δὲ
3807 3776 4045 3840 πολλοὺς

2475 3867 2630 3930 θεοὺς
2658 3867 2775 3919 ἀνθ’
2805 3867 2922 3929 ἑνὸς
2952 3868 3375 3939 ὲφαντάσθησαν
3399 3887 3413 3902 ⁸
3456 3872 3550 3923 καὶ
3577 3869 3626 3922 oi
3653 3869 3755 3934 μὲν
3793 3870 3868 3939 μὴ
3898 3864 4044 3921 εἶναι

2469 3958 2748 4021 παντελῶς
2779 3959 2838 4011 τὸ
2868 3958 3043 4023 Θεῑον,
3083 3960 3132 4011 οί
3161 3959 3219 4011 δὲ
3248 3956 3386 4013 εἷναι
3426 3961 3546 4028 μὲν,
3577 3959 3791 4020 οὐδενὸς
3822 3959 3879 4011 δὲ
3928 3958 4043 4010 τῶν

2473 4051 2645 4103 ὅντων
2677 4049 3086 4119 ὲπιμελεῖσθαιυ
3114 4049 3164 4101 οἱ
3190 4049 3247 4103 δὲ
3273 4048 3652 4119 ἐπιμελεῖσθαι
3684 4049 3782 4118 μὲν
3808 4048 4044 4117 ἔφασαν,

2471 4141 2692 4210 σμικρῷ
2724 4141 2867 4210 λόγῳ
2900 4143 2957 4194 δὲ
2982 4140 3143 4194 τοῦτο
3172 4143 3346 4192 ποιεῖν
3398 4142 3493 4193 καὶ
3533 4142 3602 4211 τῇ
3656 4139 3850 4210 σελήνη
3887 4155 4048 4208 περι-

2468 4229 2673 4300 ορίζειν
2708 4231 2807 4301 τὴν
2834 4230 3189 4300 πρόνοιαν,τὸ
3217 4229 3273 4282 δὲ
3295 4228 3483 4282 λοιπὸν
3511 4229 3603 4281 τοῦ
3621 4229 3827 4297 κόσμου
3853 4229 3989 4297 μέρο
4028 4269 4046 4291 ,

2471 4322 2545 4386 ώς
2599 4323 2780 4391 ἔτυχε,
2824 4322 3087 4391 φέρεσθαι
3141 4324 3207 4391 τῇ
3264 4324 3365 4391 τῆς
3404 4319 3756 4391 Εἱμαρμένης
3825 4321 4048 4391 ἀνάγκη

2469 4414 2741 4467 δουλεύειν
2770 4414 3153 4484 βεϐιασμένον.
3185 4412 3297 4483 (l2)
3332 4413 3431 4465 Διά
3468 4412 3532 4480 δὴ
3577 4412 3784 4465 τούτων
3809 4411 3903 4463 καὶ
3933 4410 4048 4463 τῶν

2470 4509 2727 4561 τοιούτων
2784 4509 2970 4578 σαφῶς
3022 4510 3288 4578 ἔγνωμεν,
3324 4508 3401 4572 ώς
3438 4509 3497 4561 ού
3558 4508 3717 4578 μόνον
3755 4505 4047 4575 ἀλλήλους,

2401 4593 2445 4649 θ
2473 4601 2607 4655 ἀλλά
2633 4600 2743 4673 64
2772 4618 2835 4670 γε
2861 4604 2956 4654 καλ⁵
2980 4599 3161 4670 σφίσιν
3183 4601 3370 4664 αὐτοῖς
3400 4602 3528 4671 περὶ
3556 4601 3665 4654 τῶν
3688 4598 3868 4653 αὐτῶν
3888 4603 4048 4651 ἑναν·

796 4699 888 4750 τία
918 4696 1226 4763 γεγράφασι
1252 4696 1344 4747 καὶ
1390 4692 1664 4763 μεγίστων
1692 4694 1741 4724 ’⁸
1793 4692 2091 4759 διαφωνίαν
2117 4690 2395 4767 φιλοδοξία
2433 4709 2492 4745 τε
2525 4695 2619 4747 καὶ
2681 4694 2989 4764 κακουργία
3023 4690 3338 4763 πιεζόμενοι
3378 4696 3513 4764 πρὸς
3557 4693 3822 4764 ἀλλήλους
3855 4693 4048 4763 είργά-

808 4807 971 4844 σαντο
1007 4789 1102 4842 καὶ
1134 4790 1234 4858 τὴν
1259 4788 1585 4859 οἰκουμένην
1614 4787 1886 4858 ἐτάραξαν
1912 4786 2006 4839 καὶ
2040 4789 2136 4839 σὺν
2162 4787 2371 4849 ἑαυτοῖς
2409 4785 2637 4851 πολλοὺς
2666 4786 2978 4842 ἀπώλεσαν.

872 4960 1077 5013 Tantus
1102 4961 1263 5029 igitur
1281 4975 1435 5013 error
1454 4959 1581 5013 olim
1603 4959 1859 5013 mundum
1876 4962 2181 5031 occupavit,
2199 4978 2359 5032 quen.

801 5055 1029 5107 omnino
1056 5052 1339 5120 dissipavit
1367 5061 1420 5108 et
1437 5054 1642 5122 expulit
1661 5055 1836 5123 palam
1876 5068 1907 5107 a
1932 5056 2087 5110 nobis
2113 5056 2367 5111 adoratus

806 5145 1169 5200 Dominuslit
1220 5145 1445 5201 verbum
1496 5154 1761 5199 testantur
1804 5159 1988 5215 opera,
2023 5155 2273 5215 terraque
2317 5156 2371 5199 et

806 5249 955 5288 mare
978 5236 1145 5304 priori
1184 5235 1489 5305 ignorantia
1518 5245 1570 5289 et
1602 5234 1871 5304 impietate
1896 5235 2139 5303 liberata,
2160 5236 2372 5289 sublato

2543 4963 2656 5033 (15)
2692 4961 2946 5034 Τοσαύτη
2985 4959 3117 5031 γοῦν
3142 4963 3187 4994 "
3242 4962 3409 5017 πάλαι
3461 4963 3639 5033 πλάνη
3689 4966 3913 5033 κατεῖχε
3948 4964 4049 5018 τὸν

2475 5054 2683 5124 κόσμον
2709 5067 2723 5083 ⁸
2760 5053 2897 5108 ἀλλὰ
2944 5051 3148 5124 ταύτην
3177 5053 3348 5125 ἄρδην
3376 5055 3607 5124 ἠφάνισε
3664 5056 3758 5107 καὶ
3813 5055 4051 5126 πάμπαν

2476 5145 2706 5215 ἐξήλασε
2765 5144 3048 5214 προδήλως
3090 5146 3119 5198 ό
3167 5146 3297 5215 παρ’
3352 5146 3509 5215 ἡμῶν
3566 5145 4050 5216 προσκυνούμενος

2481 5236 2704 5307 Κύριος.
2739 5238 2848 5291 Καὶ
2884 5239 3152 5307 μαρτυρεῖ
3178 5236 3255 5307 τῷ
3281 5236 3425 5307 λόγῳ
3450 5239 3516 5290 τὰ
3541 5238 3858 5306 πράγματα,
3892 5236 3961 5305 γῆ
3990 5254 4049 5289 τι

1982 5482 2175 5543 Var-ire
2234 5482 2532 5544 lectiones
2565 5492 2625 5544 et
2658 5492 2845 5545 noue.

886 5721 931 5759 ³⁸
958 5720 1011 5773 ἀ.
1045 5718 1144 5773 ἀπ.
1174 5718 1281 5769 τῶν
1323 5738 1375 5771 κ.
1404 5717 1483 5770 Pl.
1597 5716 1666 5748 "'
1698 5718 1875 5785 στήφη
1908 5718 2028 5769 end.

810 5791 877 5822 ⁹⁸⁹
910 5790 1212 5850 navium?
1312 5789 1355 5821 ”
1398 5788 1633 5847 Τοιαύτη
1664 5783 1756 5839 οὖν
1791 5783 1912 5839 Par.
1950 5786 2004 5841 ‘2.

2126 5718 2171 5749 "
2215 5719 2244 5788 ή
2272 5718 2598 5788 φιλοσοφίαῖ

2720 5719 2762 5750 ’⁷
2789 5720 2877 5788 τῇ.
2991 5717 3037 5749 ’⁸
3060 5715 3422 5789 αἰσχρουργίᾳ
3443 5714 3533 5769 καὶ
3552 5716 3904 5788 αἰσχο>.οργ’ᾳ
3923 5718 4049 5775 cod.
