4260 6438
753 442 856 500 139

1949 435 2268 493 GEORGII
2311 435 2758 493 HAMARTOLI

3890 435 3997 497 1Ᾱο

754 568 946 606 norum
974 591 985 608 .
1012 561 1064 602 et
1096 549 1146 600 iu
1184 564 1335 602 sacra
1371 546 1609 599 initiatus
1629 551 1790 607 esset,
1825 544 2063 610 increpat
2116 551 2320 608 patrem
2351 545 2396 602 Λ
2430 543 2436 585 l

2317 564 2320 590 ι
2351 545 2396 602 Λ
2430 540 2568 604 θεὶς,
2590 539 2864 592 ἐνουθέτει
2893 540 2985 591 τὸν
3017 540 3228 607 πατέρα
3257 540 3420 592 αὐτοῦ
3449 540 3622 607 λέγων
3647 556 3660 568 '
3705 559 3718 590 ι
3768 542 3831 593 Τί
3861 543 3999 594 πλα-

753 659 910 698 suum
936 643 1119 696 dicens
1153 659 1165 693 :
1205 660 1220 690 ε
1243 641 1353 693 Cur
1378 639 1624 694 homines
1643 650 1828 690 errare
1849 634 1984 689 facis
2015 639 2085 688 ob
2109 636 2315 687 lucrum

752 740 1022 793 noxium?
1052 738 1163 790 Non
1197 737 1338 792 alius
1361 747 1442 791 est
1468 736 1606 789 Deus
1637 733 1740 787 nisi
1785 734 1876 800 qui
1939 733 1992 785 in
2029 733 2183 786 caelis
2217 742 2318 792 est,

750 827 844 894 qui
875 825 1190 877 universum
1227 823 1488 876 mundum
1516 822 1739 884 creavit,
1768 841 1785 871 ›
1825 829 1878 872 et
1904 822 1984 873 sic
2008 820 2205 873 dicitur
2224 818 2315 871 Dei

750 915 1058 982 cognitione
1109 916 1305 983 dignus
1345 929 1464 968 esse
1522 912 1760 966 habitus.
1792 911 1984 964 Videns
2013 911 2155 963 enim
2186 925 2320 963 cun-

748 1019 865 1062 ctos
897 1008 1146 1061 homines
1194 1006 1462 1060 creaturis
1500 1005 1816 1064 servientes,
1859 1012 1912 1055 et
1952 1000 2181 1054 visibilia
2221 1003 2321 1055 sub

748 1100 912 1150 variis
940 1097 1165 1151 deorum
1216 1094 1632 1162 cognominibus
1667 1094 1975 1154 adorantes,
2005 1090 2323 1145 circumibat

748 1189 987 1256 quotidie
1023 1184 1254 1239 afﬂictus
1281 1195 1334 1239 ct
1371 1184 1534 1236 ὓιιυιιι
1571 1199 1754 1237 verum
1790 1181 2085 1251 exquirens
2115 1182 2322 1234 sincera

748 1291 947 1332 mente.
1021 1275 1088 1330 Et
1150 1279 1230 1331 sic
1290 1276 1560 1344 aSpiciens
1607 1276 1804 1328 (mlum
1865 1273 2027 1326 modo
2087 1272 2323 1341 splendi-

746 1373 894 1432 dum,
922 1351 1078 1422 modo
1113 1367 1650 1435 teuebrosum,.apud
1683 1382 1740 1420 se
1779 1367 2022 1418 dicebat:
2053 1382 2070 1414 ι
2095 1363 2212 1417 Non
2243 1373 2325 1418 est

750 1468 848 1518 lioc
903 1463 1039 1515 Deus
1083 1475 1152 1524 i;
1203 1458 1451 1513 similiter
1503 1469 1556 1511 et
1612 1458 1776 1512 solem
1829 1469 1880 1510 et
1915 1457 2118 1522 lunam,
2157 1472 2321 1509 unum

751 1555 968 1622 quidem
1023 1552 1406 1606 abscouditum
1462 1561 1514 1603 et
1561 1552 1909 1604 obscuratum
1993 1563 2158 1618 sape,
2194 1550 2325 1602 alte-

747 1645 1219 1700 iamdeficivntem
1254 1656 1307 1698 et
1356 1651 1792 1705 evanescentem,
1828 1643 2089 1696 dicebat:
2154 1661 2170 1692 ι
2215 1642 2322 1695 Nec

745 1749 845 1792 ista
867 1739 1084 1806 quidem
1135 1737 1208 1788 dii
1270 1747 1396 1788 sunt
1447 1753 1501 1801 ις
1533 1737 1642 1787 imo
1676 1734 1950 1787 stellarum
2005 1748 2225 1786 cursum
2274 1743 2325 1786 et

747 1839 948 1883 motum
999 1829 1215 1882 curiose
1278 1838 1624 1898 perscrutans
1677 1829 1825 1898 (erat
1874 1825 2017 1879 enim
2078 1837 2319 1879 astrono.

747 1926 904 1975 iniam
940 1937 968 1975 a
1017 1932 1168 1990 patre
1199 1920 1484 1987 edoctus),
1527 1934 1626 1973 nec
1669 1919 1720 1972 in
1749 1919 1854 1972 illis
1884 1934 1980 1972 nec
2011 1919 2064 1970 in
2098 1919 2217 1971 aliis
2247 1918 2321 1969 vi-

741 2014 991 2068 sibilibus
1035 2013 1316 2067 inveniens
1374 2013 1566 2065 horum
1610 2020 1926 2073 auctorem,
1996 2012 2322 2078 gravabatur

749 2105 905 2157 valde
936 2114 990 2158 et
1014 2103 1384 2172 despondebat
1420 2102 1681 2154 animum.
1713 2099 1882 2168 Cujus
1916 2098 2240 2152 desiderium
2269 2108 2321 2152 et

747 2204 930 2247 votum
971 2195 1154 2247 videns
1194 2194 1286 2262 qui
1337 2193 1491 2245 finxit
1540 2190 1701 2246 corda
1745 2199 1927 2243 nostra
1985 2199 2037 2244 et
2071 2189 2320 2257 intelligit

747 2288 798 2336 in
836 2283 1088 2337 omnibus
1119 2283 1375 2351 operibus
1409 2283 1548 2342 suis,
1581 2279 1830 2349 apparuit
1868 2279 1915 2331 ei
1941 2317 1955 2343 ,
1989 2287 2042 2332 et
2075 2279 2319 2332 invitavit

748 2388 804 2430 ut
830 2377 1100 2430 intcrram
1154 2375 1533 2443 promissionis
1576 2375 1699 2434 iret.
1731 2374 1957 2427 dicens:
1997 2392 2014 2422 ι
2055 2373 2320 2444 Egredere

747 2471 811 2522 de
842 2479 984 2522 terra
1021 2477 1133 2529 tua,
1170 2477 1222 2522 et
1257 2469 1324 2520 de
1353 2466 1675 2537 cognatione
1713 2475 1822 2527 tua,
1860 2475 1913 2518 et
1939 2466 2005 2519 de
2032 2467 2188 2520 domo
2218 2481 2316 2534 pa-

749 2563 846 2616 tris
886 2562 983 2623 tui,
1015 2572 1067 2615 et
1101 2561 1222 2614 veni
1264 2560 1317 2613 iu
1338 2570 1536 2613 terram
1568 2572 1730 2626 quam
1782 2558 2097 2610 monstrabo
2136 2558 2252 2610 tibi.
2287 2578 2304 2608 ι

749 2653 1053 2706 Confestim
1087 2651 1230 2704 idola
1265 2665 1362 2705 sua
1401 2650 1596 2718 partim
1623 2647 1843 2718 frangit,
1881 2650 2077 2720 partim
2103 2650 2314 2702 incendi

751 2745 1062 2812 seceditque
1085 2758 1208 2796 cum
1229 2752 1379 2810 patre
1418 2757 1518 2794 suo
1544 2741 1611 2794 de
1645 2750 1781 2794 terra
1817 2739 2222 2803 Chaldaeorum,
2268 2751 2319 2793 ct

754 2849 875 2888 tum
931 2834 1164 2888 venisset
1209 2833 1260 2886 iu
1299 2831 1534 2893 Cliaran,
1591 2839 1838 2884 mortuus
1875 2839 1958 2884 est
1994 2841 2144 2899 pater
2174 2831 2316 2897 ejus.

757 2923 821 2977 Et
861 2939 1113 2993 egressus
1166 2923 1314 2975 illinc
1352 2922 1566 2984 iterum,
1606 2920 1758 2987 juxta
1811 2919 2028 2972 verbum
2081 2917 2314 2984 Domini,

749 3015 1029 3069 venitcum
1069 3027 1237 3067 uxore
1258 3027 1355 3066 sua
1383 3012 1514 3064 Sara
1551 3018 1606 3064 et
1650 3008 1751 3063 Lot
1787 3009 1896 3063 filio
1925 3009 2111 3065 fratris
2142 3011 2225 3064 sui
2263 3019 2316 3065 et

751 3107 1001 3158 universa
1031 3105 1272 3174 ipsorum
1294 3101 1598 3156 substantia
1626 3101 1678 3153 iu
1713 3112 1908 3154 terram
1935 3100 2189 3155 Chanaan
2209 3103 2312 3157 sibi

2426 637 2523 704 νᾷς
2575 637 2702 699 τοὺς
2742 636 3064 707 ἀνθρώπους
3120 636 3209 690 διὰ
3282 638 3475 706 κέρδος
3519 638 3850 707 ἐπιζήμιον;
3883 639 3998 689 Ούκ

2422 730 2571 780 ἐστιν
2616 729 2775 790 ἄλλος
2807 729 2939 790 Θεὸς
2973 733 3018 781 εί
3066 729 3140 797 μὴ
3168 731 3196 780 6
3238 733 3296 781 εν
3343 733 3454 792 τοῖς
3502 732 3772 797 οὐρανοῖς,
3821 733 3849 782 6
3906 734 4000 784 καί

2423 824 2602 875 πάντα
2642 823 2731 874 τὸν
2763 823 2968 891 κόσμον
2998 824 3230 892 ποιήσας
3252 836 3266 851 ⁸
3309 842 3330 874 ι
3369 823 3543 886 οὕτως
3573 824 3615 854 ³⁸
3641 824 3863 889 λέγεται
3899 824 4000 887 τῆς

2425 915 2755 982 θεογνωσίας
2781 915 3082 984 ἀξιωθῆναι
3109 916 3152 948 ¹⁹
3171 931 3184 944 '
3215 917 3356 986 ὁρῶν
3386 919 3494 986 γὰρ
3520 919 3645 980 τοὺς
3676 917 3998 984 ἀνθρώπους

2425 1006 2632 1067 πάντας
2664 1005 3269 1075 κτισματολατροῦντας
3303 1009 3397 1059 καὶ
3446 1006 3735 1076 διαφόρους
3766 1006 3808 1035 ⁸ο
3840 1006 3996 1066 θεοὺς

2425 1096 2492 1150 τὰ
2509 1097 2812 1163 φαινόμενα
2831 1097 3340 1165 προσαγορεύοντας
3351 1098 3442 1148 καὶ
3466 1095 3904 1163 προσκυνοῦντας
3927 1095 3997 1152 ¹¹.

2428 1190 2762 1260 περιήρχετο
2787 1189 2911 1241 καθ’
2933 1189 3173 1255 ἑκάστην
3205 1188 3421 1257 ἡμέραν
3443 1186 3874 1254 διαπονούμενος
3902 1189 4000 1238 καὶ

2426 1277 2518 1329 τὸν
2547 1276 2716 1338 ὅντως
2739 1277 2871 1330 ὅντα
2891 1277 3026 1330 Θεὸν
3056 1275 3305 1346 ἐκζητῶν
3335 1278 3399 1329 ἐκ
3444 1277 3696 1344 φιλοθέου
3731 1277 3960 1346 καρδίας
3981 1290 3995 1304 ’

2427 1369 2524 1421 καὶ
2553 1369 2696 1422 οὓτω
2717 1368 2931 1438 βλέπων
2958 1369 3190 1439 οὐρανὸν
3229 1369 3360 1422 ποτε
3399 1368 3501 1438 μὲν
3550 1370 3823 1437 λαμπρὸν,
3861 1368 3997 1419 ποτε

2426 1463 2482 1515 δὲ
2535 1461 2830 1525 σκοτεινὸν,
2864 1462 3052 1528 ἔλεγεν
3081 1462 3138 1512 ἐν
3191 1460 3400 1530 ἑαυτῷ·
3437 1477 3456 1510 ε
3494 1461 3608 1513 Ούκ
3655 1460 3802 1512 ἔστιν
3838 1453 3996 1520 οὗτος

2428 1554 2560 1614 Θεός
2585 1567 2599 1581 °
2637 1571 2655 1603 ι
2692 1552 2894 1620 ὁμοίως
2915 1551 2972 1606 δὲ
3026 1553 3120 1605 καὶ
3150 1551 3304 1621 ἥλιον
3355 1551 3450 1602 καὶ
3486 1550 3741 1619 σελήνην,
3766 1551 3858 1601 τὸν
3895 1550 3997 1617 μὲν

2428 1645 2975 1715 ἀποκρυπτόμενονή
3015 1644 3436 1713 ἀμαυρούμενον
3478 1642 3764 1704 πολλάκις,
3807 1643 3907 1708 τὴν
3937 1640 3994 1690 δὲ

2431 1736 2726 1804 φθίνουσαν
2756 1735 2849 1788 καὶ
2871 1736 3277 1803 ἀπολήγουσαν,
3312 1735 3577 1803 ἔφασκεν·
3627 1751 3647 1784 t
3699 1733 3820 1784 Οὐδ’
3847 1725 3997 1784 οὗτοί

2430 1828 2538 1877 εἰσι
2568 1825 2718 1877 θεοί·
2758 1843 2775 1875 ι
2808 1826 2902 1878 καὶ
2944 1823 3257 1892 μέντοι-τὴν
3296 1823 3408 1876 τῶν
3467 1825 3685 1893 ἄστρων
3730 1824 3904 1890 φοράν
3934 1837 3998 1872 τε

2427 1917 2520 1967 καὶ
2554 1915 2769 1986 κίνησιν
2793 1916 3269 1984 πολυπραγμονῶν
3288 1945 3356 1955 —
3382 1910 3452 1985 ἦν
3509 1917 3618 1985 γὰρ
3661 1918 3996 1984 ἀστρονόμος

2427 2009 2596 2076 ἄκρος
2629 2008 2694 2059 ὲκ
2725 2006 2817 2059 τοῦ
2868 2007 3075 2075 πατρὸς
3120 2007 3560 2076 πεπαιδευμένος
3598 2037 3666 2047 -
3711 2009 3807 2060 καὶ
3857 2010 3992 2076 μήτε

2425 2101 2514 2152 διὰ
2535 2100 2734 2152 τούτου
2762 2104 2900 2169 μήτε
2943 2101 3051 2169 μὴν
3090 2101 3154 2151 δι’
3178 2099 3354 2152 ἄλλων
3381 2099 3546 2153 τινῶν
3581 2102 3872 2170 ὁρωμένων
3902 2100 3994 2150 εύ-

2428 2191 2632 2258 ρίσκων
2656 2192 2750 2243 τὸν
2775 2190 2977 2243 τούτων
3017 2190 3371 2261 δημιουργὸν,
3413 2191 3741 2262 ἐδυσχέρηνε
3785 2192 3994 2260 σφόδρα

2424 2285 2519 2335 καὶ
2547 2281 2772 2351 ἠθύμει,
2803 2277 2864 2334 οὗ
2893 2284 2985 2334 τὸν
3021 2284 3187 2336 πόθον
3218 2286 3310 2338 καὶ
3350 2285 3450 2354 τὴν
3484 2284 3780 2352 ἐπιθυμίαν
3810 2281 3933 2335 ἰδὼν
3966 2285 3997 2334 6

2423 2374 2634 2436 πλάσας
2659 2374 2970 2443 καταμόνας
2987 2375 3098 2444 66
3113 2375 3211 2435 τὰς
3229 2376 3458 2444 καρδίας
3485 2376 3643 2445 ἡμῶν
3672 2377 3765 2426 καὶ
3787 2373 3995 2434 συνιεὶς

2422 2467 2501 2525 εἰς
2541 2465 2716 2517 πάντα
2742 2468 2809 2518 τὰ
2838 2465 2975 2534 ἔργα
2999 2465 3188 2531 αὑτοῦ,
3221 2466 3377 2537 ὤφθη
3405 2466 3556 2536 αύτῷ
3603 2467 3697 2518 καὶ
3729 2465 3863 2534 πρὸς
3891 2465 3994 2534 τὴν

2422 2556 2530 2622 γῆν
2553 2557 2651 2623 τῆς
2667 2557 3006 2623 ἐπαγγελίας
3028 2562 3255 2631 πορείαν
3278 2558 3729 2628 παρεκελεύσατο
3755 2559 3928 2623 λέγων
3947 2557 3994 2586 ’³

2426 2666 2444 2698 ε
2489 2648 2670 2715 ἔξελθε
2698 2651 2762 2702 ὲκ
2812 2650 2916 2717 τῆς
2971 2651 3074 2720 γῆς
3120 2667 3214 2703 σου
3256 2652 3351 2705 καὶ
3392 2653 3458 2704 ὲκ
3509 2651 3611 2720 τῆς
3667 2649 3995 2717 συγγενείας

2424 2757 2518 2793 σου
2548 2742 2645 2793 καὶ
2671 2743 2736 2793 ἐκ
2757 2741 2853 2795 τοῦ
2877 2742 3028 2795 οἴκου
3053 2743 3148 2796 τοῦ
3181 2745 3387 2813 πατρός
3432 2761 3526 2798 σου
3571 2744 3664 2796 καὶ
3707 2742 3868 2812 δεῦρο
3909 2743 3993 2804 είς

2422 2833 2525 2901 γῆν
2557 2833 2624 2903 ἢν
2655 2832 2722 2885 ἀν
2747 2851 2832 2885 σοι
2861 2833 3040 2898 δείξω.
3079 2854 3098 2885 ι
3135 2835 3212 2902 (5)
3245 2838 3356 2890 Καὶ
3399 2836 3464 2906 δὴ
3503 2835 3854 2906 παραχρῆμα
3895 2835 3995 2886 λα·

2422 2924 2530 2976 δὼν
2567 2925 2637 2977 τὰ
2663 2924 2858 2976 εἴδωλα
2890 2928 2983 2977 καὶ
3016 2928 3083 2978 τὰ
3115 2928 3211 2996 μὲν
3235 2928 3462 2989 κλάσας,
3487 2928 3555 2978 τὰ
3575 2927 3630 2978 δὲ
3658 2927 3991 2994 ἐμπυρὴσας

2421 3015 2689 3084 ἀνεχώρει
2721 3019 2860 3084 μετά
2889 3016 2982 3069 τοῦ
3013 3019 3222 3087 πατρὸς
3249 3017 3415 3070 αὐτοῦ
3453 3019 3514 3068 ὲκ
3552 3017 3654 3086 γῆς
3677 3017 3989 3080 Χαλδαίων,

2421 3106 2514 3157 καὶ
2556 3106 2666 3175 (9⁸)
2701 3106 2878 3160 ἐλθὼν
2900 3111 2977 3170 εἰς
3002 3109 3227 3178 Χαρρὰν
3257 3109 3614 3180 ἐτελεύτησεν
3634 3111 3662 3162 6
3684 3112 3868 3178 πατὴρ
3887 3111 3992 3160 αύ-

748 3194 1006 3255 debitam,
1047 3206 1207 3260 quam
1268 3189 1560 3244 Cliauamei
1618 3187 1896 3258 tyranuice
1943 3190 2191 3244 tenebant
2256 3199 2315 3245 ut
2344 3212 2430 3270 c-

2307 3202 2386 3270 ιο
2421 3194 2536 3246 τοῦ.
2591 3195 2702 3248 Καὶ
2752 3195 2988 3258 ἐξελθὼν
3028 3197 3238 3250 ἐκεῖθεν
3294 3199 3456 3251 πάλιν
3495 3203 3552 3250 ὲν
3595 3199 3737 3268 λόγῳ
3783 3199 3989 3265 Κυρίου

747 3295 947 3338 terram
985 3283 1259 3337 hostilem.
1292 3279 1367 3335 De
1388 3295 1495 3350 quo
1525 3279 1776 3334 Clemens
1805 3279 2104 3343 Romanus,
2134 3281 2312 3350 philo-

747 3378 952 3444 sophus
983 3385 1034 3429 et
1055 3375 1234 3446 magni
1257 3375 1402 3430 Petri
1430 3388 1552 3428 vere
1581 3371 1902 3440 discipulus,
1931 3373 2004 3425 ita
2040 3373 2310 3442 loquitur:

753 3490 768 3520 ι
808 3471 946 3525 Cum
988 3469 1158 3524 fames
1209 3469 1350 3523 facta
1407 3477 1570 3534 esset,
1624 3468 1807 3522 relicta
1856 3475 1997 3520 terra
2029 3467 2310 3535 Clianaau,

746 3561 944 3612 Abram
995 3561 1128 3612 abiit
1165 3559 1216 3611 iu
1269 3557 1564 3627 Egyptum
1607 3598 1622 3612 .
1681 3557 1818 3611 Cum
1861 3568 2040 3611 autem
2080 3575 2303 3615 uxorem

743 3653 860 3719 ejus
915 3652 1046 3703 Sara
1119 3667 1209 3703 rex
1251 3649 1564 3704 Abimelecb
1603 3649 1906 3717 rapuisset,
1954 3651 2134 3702 statim
2170 3651 2312 3706 hune

747 3744 886 3796 Deus
941 3741 1269 3794 examinavit
1328 3752 1381 3794 et
1420 3750 1628 3794 terrore
1696 3741 1972 3809 perculit;
2034 3743 2197 3796 slmul
2257 3751 2312 3797 ct

747 3835 1112 3885 membrorum
1138 3833 1446 3901 languorem
1469 3831 1702 3894 induxit,
1720 3831 1964 3900 dixitque
1980 3832 2028 3885 ei
2049 3849 2063 3885 :
2083 3850 2101 3882 ι
2133 3833 2313 3888 Redde

745 3927 1022 3979 mulierem
1053 3924 1192 3987 viro,
1226 3924 1349 3992 quia
1370 3923 1632 3992 prOpheta
1668 3933 1784 3986 est,
1811 3930 1865 3975 et
1898 3923 2076 3977 orabit
2103 3939 2197 3992 pro
2224 3935 2274 3979 te
2295 3965 2310 3991 ,

747 4029 799 4071 et
830 4017 1008 4070 \ives:
1046 4017 1088 4068 si
1127 4029 1254 4068 vero
1286 4029 1389 4068 non
1423 4013 1741 4076 reddideris,
1777 4013 1916 4067 scito
1943 4015 2087 4084 quod
2114 4018 2312 4070 morie-

747 4113 821 4164 ris
858 4119 908 4161 tu
955 4122 1007 4161 et
1036 4121 1374 4176 quaecunque
1416 4105 1510 4160 tibi
1541 4113 1685 4159 sunt.
1714 4123 1732 4155 ι
1765 4104 1829 4158 Et
1858 4106 1928 4158 ita
1978 4106 2310 4171 impollutam

745 4204 876 4254 Sara
904 4212 1102 4269 rer-epit
1138 4200 1361 4258 Abram,
1393 4207 1446 4250 et
1477 4191 1728 4265 precatus
1748 4205 1858 4262 est,
1899 4207 1955 4252 et
1987 4210 2210 4252 sanatus
2227 4208 2312 4253 est

743 4292 1054 4346 Abimelech
1071 4307 1100 4343 a
1121 4291 1398 4358 languore,
1415 4301 1462 4342 ct
1482 4303 1672 4342 omnes
1685 4289 1964 4343 domestici
1983 4290 2142 4357 ejusa
2159 4290 2310 4359 plaga

744 4399 904 4451 quam
940 4383 1080 4435 Deus
1113 4381 1433 4433 immiserat.
1460 4378 1586 4432 Ideo
1609 4387 1791 4447 postea
1820 4389 2077 4448 tanquam
2101 4381 2308 4448 justum

743 4494 788 4530 et
810 4475 901 4528 Dei
927 4489 1140 4528 servum
1160 4472 1326 4525 coluit
1348 4487 1469 4525 eum
1488 4481 1671 4534 rex,et
1694 4470 1934 4523 animum
1984 4472 2211 4525 advertit
2244 4472 2310 4525 iis

742 4582 862 4634 quae
917 4565 985 4618 ab
1021 4567 1109 4617 illo
1135 4565 1474 4627 dicebantur,
1501 4575 1555 4616 et
1583 4561 1838 4631 magister
1873 4563 2088 4631 pietatis
2131 4572 2183 4616 et
2217 4566 2310 4617 duo
2342 4543 2387 4597 θ

741 4656 927 4707 ctriure
959 4653 1128 4706 factus
1155 4662 1238 4707 est
1270 4652 1512 4720 (Abram)
1535 4651 1820 4720 Egyptiis.
1849 4671 1867 4702 ι
1904 4652 2118 4707 Primus
2141 4654 2308 4719 enim,

745 4759 799 4798 ιιι
822 4749 892 4798 ait
914 4743 1204 4812 Ιυειιῃιιυε,
1229 4745 1427 4796 Abram
1452 4752 1750 4797 creatorem
1777 4743 1943 4796 Deum
1976 4744 2309 4812 pradicavit,

741 4849 793 4890 ct
826 4839 1033 4904 primus
1053 4855 1172 4890 cum
1210 4841 1260 4889 in
1287 4836 1577 4906 [Egyptum
1609 4836 2000 4900 descendisset,
2050 4836 2309 4889 arithme-

743 4929 904 4978 ticam
926 4938 975 4980 et
1006 4928 1395 4979 astronomiam
1420 4927 1624 4989 docuit,
1653 4925 2010 4992 amabilisque
2041 4924 2113 4977 ita
2136 4934 2189 4977 et
2208 4926 2309 4978 ho-

741 5032 962 5075 noratus
985 5021 1157 5076 factus
1185 5033 1289 5084 est,
1308 5031 1360 5074 et
1382 5022 1632 5089 dignatus
1660 5029 1740 5073 est
1766 5034 1857 5071 rex
1887 5020 1954 5072 ab
1977 5018 2067 5071 illo
2097 5017 2308 5072 discere

741 5113 1086 5180 astrologiam
1107 5124 1157 5166 et
1192 5114 1460 5180 magiam,
1507 5120 1687 5179 utpote
1713 5111 1826 5162 viro
1856 5109 2226 5163 eruditissimo
2256 5118 2310 5162 ct

739 5201 1024 5268 tilialdazo;
1085 5202 1374 5271 astrologia
1431 5201 1574 5255 enim
1608 5212 1660 5255 ct
1714 5201 1890 5268 magia
1948 5216 1975 5251 a
2020 5198 2306 5267 Maguszeis

2418 3281 2550 3355 ἦλθε
2593 3287 2690 3338 σὺν
2720 3289 2788 3356 τῇ
2819 3288 3040 3352 γυναικὶ
3067 3288 3232 3340 αὑτοῦ
3276 3288 3461 3360 Σάρρᾳ
3508 3289 3601 3342 καὶ
3661 3289 3738 3358 τῷ
3779 3288 3992 3357 ἀνεψιῷ

2415 3377 2582 3429 αὐτοῦ
2628 3377 2752 3430 Λὼτ
2798 3380 2936 3447 μετά
2977 3380 3157 3448 πάσης
3189 3381 3372 3433 αὐτῶν
3415 3381 3516 3448 τῆς
3553 3380 3869 3448 ἀποσκευῆς
3906 3383 3990 3442 είς

2415 3467 2515 3536 τὴν
2542 3469 2906 3538 ὀφειλομένην
2954 3471 3059 3538 γῆν
3106 3472 3349 3533 Χαναὰν,
3379 3471 3445 3541 ἣν
3487 3472 3536 3521 οἱ
3569 3472 3864 3524 Χαναναῖοι
3891 3489 3990 3522 ττ-

2422 3557 2693 3626 ραννικῶς
2735 3557 2982 3628 ᾤκησαν,
3051 3561 3326 3629 πολεμικῇ
3384 3566 3720 3631 χρησάμενοι
3757 3561 3868 3630 βίᾳ.
3908 3562 3987 3631 (6)

2416 3650 2551 3718 Περὶ
2576 3644 2638 3702 οὗ
2665 3650 2852 3717 μέντοι
2899 3651 2993 3702 καὶ
3026 3651 3256 3720 Κλήμης
3281 3652 3310 3703 6
3351 3652 3618 3720 Ῥωμαίος
3667 3653 3760 3703 καὶ
3807 3652 3989 3720 σοφώο

2412 3755 2574 3802 τατος
2614 3741 2708 3793 καὶ
2739 3740 2990 3809 μαθητὴς
3035 3740 3246 3809 Πέτρου
3311 3742 3404 3793 τοῦ
3448 3743 3688 3811 μεγάλου
3759 3747 3984 3809 γνήσιος

2413 3831 2585 3893 οὓτως
2617 3831 2724 3900 εφη
2756 3833 2834 3862 ’³⁸
2883 3851 2901 3882 ι
2945 3829 3123 3900 Λιμοῦ
3177 3829 3234 3881 δὲ
3317 3832 3612 3901 γενομένου
3669 3824 3990 3883 καταλιπὼν

2427 3922 2642 3993 Ἀσράμ
2667 3924 2765 3992 τὴν
2802 3921 3117 3975 Χαναναίαν
3139 3921 3262 3990 γῆν,
3299 3925 3377 3984 είς
3407 3923 3682 3989 Αἴγυπτον
3707 3925 3892 3992 ἀπῄει,
3925 3915 3989 3974 οὗ

2414 4015 2513 4085 τὴν
2551 4017 2787 4082 γυναῖκα
2819 4015 3039 4086 Σάρραν
3094 4013 3385 4082 ’Δδιμέλεχ
3425 4016 3682 4083 ἁρπάσας
3737 4017 3765 4066 6
3822 4017 3984 4082 βασι-

2414 4105 2562 4171 λεὺς,
2591 4107 2793 4159 αὐτίκα
2815 4107 3004 4158 τοῦτον
3031 4106 3060 4157 6
3089 4104 3243 4168 Θεὸς,
3280 4106 3478 4166 ὲτάσας
3518 4103 3614 4155 καὶ
3641 4104 3761 4157 λίαν
3807 4105 3986 4157 ἐκδεισ

2416 4197 2697 4266 ματώσας,
2732 4196 2850 4264 ἃμα
2903 4197 2999 4247 καὶ
3061 4196 3297 4264 πάρεσιν
3355 4194 3466 4246 τῶν
3520 4193 3700 4262 μελῶν
3739 4194 3986 4259 ἐπάξας·

2422 4305 2440 4338 ε
2486 4287 2709 4350 Ἀπόδος
2734 4289 2800 4354 ’⁸,
2833 4288 2963 4356 ἔφη,
3018 4285 3117 4352 τὴν
3145 4289 3381 4351 γυναῖκα
3439 4284 3518 4354 τῷ
3561 4284 3854 4353 ἀνθρώπῳ,
3903 4285 3989 4336 ὅτι

2414 4380 2700 4448 “pomerii;
2731 4379 2868 4440 ἐστὶ,
2908 4378 3001 4429 καὶ
3037 4376 3399 4446 προσεύξεται
3453 4374 3583 4444 περὶ
3632 4373 3729 4426 σοῦ
3763 4375 3858 4426 καὶ
3887 4373 3991 4442 Cf)-

2417 4488 2530 4532 σεις
2555 4487 2569 4499 ·
2603 4473 2649 4521 εί
2680 4469 2736 4522 δὲ
2763 4470 2838 4538 μὴ
2864 4469 3098 4536 ἀποδῷς,
3124 4469 3292 4535 γνῶθι
3321 4469 3401 4519 ὅτι
3434 4466 3679 4533 ἀποθανῇ
3709 4465 3771 4516 σὺ
3802 4465 3896 4516 καὶ
3918 4467 3989 4516 τα

2417 4565 2487 4616 σά
2539 4566 2737 4616 πάντα.
2789 4580 2808 4612 ι
2847 4562 2956 4614 Καὶ
2993 4560 3169 4621 οὕτως
3221 4555 3512 4611 ἁπολαὸὼν
3560 4558 3590 4606 6
3624 4554 3849 4624 ’Δϐραμ
3890 4556 3990 4623 si};

2415 4657 2632 4728 Σάρραν
2656 4654 2922 4724 ἀμίαντον
2949 4653 3041 4704 καὶ
3069 4649 3528 4720 προσευξάμενος,
3563 4648 3687 4715 ίάθη
3716 4647 3813 4716 τῆς
3849 4663 3991 4718 παρα

2424 4749 2595 4810 ἐσεως
2624 4748 2652 4800 ὅ
2689 4762 2750 4798 τε
2797 4744 3088 4813 Ἀὁιμέλεχ
3143 4743 3236 4795 καὶ
3276 4741 3478 4802 πάντες
3521 4740 3573 4791 οί
3634 4741 3692 4790 ὲν
3727 4737 3806 4806 τῷ
3853 4740 3990 4806 οίκῳ

2413 4835 2581 4890 αὑτοῦ
2615 4837 2679 4888 ὲκ
2708 4835 2805 4902 τῆς
2828 4832 3094 4903 θεηλάτου
3122 4830 3364 4900 πληγῆς.
3397 4846 3416 4879 ι
3456 4830 3534 4900 ('7)
3573 4827 3739 4879 Ὅθεν
3768 4827 3832 4894 δὴ
3872 4826 3990 4876 λοι-

2416 4929 2517 4981 πὺν
2543 4928 2620 4990 ὡς
2655 4927 2867 4978 δίκαιον
2896 4925 3088 4977 ἔκτοτε
3133 4925 3228 4974 καλ⁸
3267 4920 3360 4973 τού
3410 4919 3546 4972 Θεοῦ
3577 4917 3766 4969 δοῦλον
3809 4917 3990 4984 τιμῶν

2415 5019 2578 5072 αὑτὸν
2607 5020 2635 5070 6
2656 5016 2908 5087 βασιλεὺς
2942 5015 3038 5067 καὶ
3070 5012 3352 5081 προσέχων
3381 5013 3490 5072 τοῖς
3520 5008 3610 5061 ὑπ’
3638 5006 3806 5060 αύτού
3835 5008 3992 5073 λεγο-

2421 5108 2627 5175 μένοις,
2659 5105 2982 5166 διδάσκαλος
3011 5102 3294 5162 εὐσεϐείας
3357 5102 3449 5153 καὶ
3494 5099 3858 5166 πολυπειρίας
3893 5099 3989 5149 Αίο

2417 5201 2668 5266 γυπτίοις
2702 5199 2937 5265 ἐγένετο.
2985 5215 3002 5246 ι
3043 5193 3270 5264 Πρῶτος
3305 5192 3433 5262 γὰρ,
3481 5190 3556 5252 ὣς
3612 5207 3745 5260 φησι
3793 5189 3987 5244 Ἰώση-

1947 5443 2141 5504 Variaa
2173 5443 2477 5504 lectiones
2521 5446 2582 5501 et
2625 5446 2815 5500 notua.

809 5621 850 5650 "
889 5620 942 5674 δέ
972 5618 1093 5672 Par.
1119 5620 1173 5674 ἓ.
1252 5621 1296 5652 ³³
1332 5637 1392 5671 π.
1433 5636 1480 5672 τ.
1513 5619 1561 5670 ἁ.
1591 5617 1712 5669 Par.
1736 5618 1791 5670 2.
1870 5617 1915 5649 ³ο
1944 5616 2216 5684 διαφόρως
2248 5615 2487 5680 κτίτματ

2298 5615 2526 5680 είτματα
2560 5605 3072 5684 λαιετερρῦνῖας-ιεαῖ
3114 5603 3392 5684 ξιξερβεεν
3435 5601 3485 5653 θ·
3523 5599 3638 5653 νεν-
3804 5597 3980 5684 iter:

737 5708 818 5742 κα·
858 5691 1217 5760 λατρεύοντας
1246 5689 1368 5743 Par.
1444 5690 1485 5760 θ’
1526 5687 1659 5741 Gen.
1693 5703 1784 5760 xtl,
1825 5687 1871 5740 1,

1953 5686 1996 5716 ⁸⁸
2033 5667 2304 5745 Clemens,
2345 5667 2520 5751 recog.
2581 5667 2814 5751 [3357,36
2852 5667 3039 5751 deigliis
3088 5667 3431 5751 riiliil_'_li:iliet
3483 5687 3581 5751 nec
3629 5669 3755 5751 alibi
3784 5667 3872 5721 ubi
3914 5667 3983 5719 de

742 5740 1037 5812 tormini)
1069 5740 1262 5828 κέιὶιῖιηζ
1293 5740 1384 5791 "ii
1418 5740 1550 5812 (ςιιιιέ
1590 5774 1681 5809 χιι.
1735 5740 1829 5821 ni;
1874 5773 1958 5814 xx.
1988 5756 2041 5818 ε,
2085 5756 2210 5808 Ceil.
2267 5740 2844 5816 52,it,'55,19-so,s,
2891 5747 3041 5815 Glyc.
3083 5743 3384 5804 2l6,l9-2'2
3436 5758 3464 5796 e
3495 5740 3748 5807 Josepliu.
