4260 6438
219 436 316 498 141

1426 419 1888 484 (ll-IRONICON.
1932 444 1990 450 -
2034 417 2178 475 LIB.
2225 415 2273 472 Ι.

3371 412 3470 470 1ίῖ

218 565 320 608 to;
347 547 418 610 ³⁸,
465 543 686 614 Ἀδραμ
741 539 1081 612 δημιουργὸν
1119 540 1209 592 τὸν
1247 536 1379 590 Θεὸν
1431 531 1793 602 ἀνεκήρυξεν,
1826 547 1866 601 Α

1826 547 1866 601 Α
1900 527 2013 580 sive
2035 523 2215 578 Persis
2243 522 2464 588 incepit.
2489 519 2664 571 l’erste
2695 518 2878 586 Μυεοε
2904 519 2972 571 ab
3001 518 3270 586 indigenis
3301 521 3479 572 nomi-

223 643 316 694 (αἱ
364 637 584 707 πρῶτος
635 634 917 687 κατελθὼν
966 633 1046 695 είς
1091 632 1368 698 Αἴγυπτον
1421 623 1796 697 ἀριθμητικὴν

217 733 317 786 καὶ
359 728 726 802 ἀστρονομίαν
783 726 984 786 αὐτοὺς
1027 722 1236 787 ἐδίδαξε
1263 761 1278 786 ,
1357 717 1652 773 κάντεῦθεν
1703 717 1800 768 ἐπ-

219 828 453 894 έραστος
473 823 565 875 καὶ
591 821 978 890 παγγέραστος
992 817 1309 885 γενόμενος,
1329 811 1565 881 ἠξίωσεν
1586 810 1614 860 6
1640 808 1795 876 βασι·

217 918 348 979 λεὺς
382 916 472 968 ὑπ’
506 912 676 966 αὑτοῦ
723 909 1113 979 γυμνασθῆναι
1159 911 1227 959 τὰ
1275 908 1403 974 περὶ
1442 901 1798 972 ἀστρολογίας

221 1009 317 1062 καὶ
340 1007 572 1076 μαγείας
595 1004 691 1058 az:
716 1003 1032 1072 πολυπείρῳ
1056 1004 1148 1054 καὶ
1175 999 1428 1066 Χαλδαίῳ
1451 997 1798 1064 τυγχάνοντιο

219 1097 555 1167 ἀστρολογία
582 1098 692 1166 γὰρ
731 1097 826 1147 καὶ
881 1095 1084 1163 μαγεία
1126 1096 1235 1147 ἀπὸ
1282 1087 1649 1156 Μαγουσαίων
1681 1085 1800 1154 ἦτοι

223 1189 455 1259 Περσῶν
485 1187 689 1258 ἤρξατ’)
713 1205 724 1218 ·
764 1187 814 1238 οἱ
840 1185 950 1256 γάρ
972 1202 1057 1237 τοι
1087 1184 1298 1253 Πέρσαι
1322 1178 1536 1248 Μαγὼγ
1568 1177 1672 1229 ὑπὸ
1693 1175 1800 1227 τῶν

223 1281 512 1352 ἐγχωρίων
544 1279 911 1349 ὠνομάζοντο.
1112 1277 1221 1328 Καὶ
1282 1276 1347 1344 δὴ
1386 1274 1494 1325 τῶν
1547 1269 1804 1340 ἀστρολό-

223 1391 342 1441 γων
373 1375 472 1426 καὶ
521 1374 712 1441 μάγων
769 1369 1295 1439 συναθροισθέντων,
1328 1368 1356 1416 6
1397 1364 1649 1434 βασιλεὺς
1687 1361 1803 1430 ἅμα

223 1459 307 1527 τῷ
344 1459 565 1528 Ἀὃρ-αμ
602 1459 696 1510 καὶ
736 1461 846 1521 τοῖς
883 1458 1139 1526 συνήθεσι
1171 1455 1464 1522 ἐκαθέσθη.
1525 1453 1636 1504 Καὶ
1666 1454 1802 1520 ἡσυ-

226 1550 352 1619 χίας
382 1550 705 1618 γενομένης,
738 1552 767 1603 ὁ
805 1549 1028 1619 Ἀϐραμ
1059 1547 1162 1616 ἔφη
1191 1563 1204 1577 ο
1245 1565 1264 1597 ι
1304 1545 1513 1599 Μαθεῖν
1545 1543 1808 1612 βούλομαι

228 1642 364 1711 παρ’
401 1643 554 1710 ὑμῶν
593 1641 704 1694 τῶν
736 1641 940 1708 σοφῶν,
974 1644 1024 1692 εἰ
1051 1641 1279 1692 δύναται
1322 1638 1541 1704 γένεσις
1576 1638 1670 1688 καὶ
1706 1651 1809 1702 μα-

229 1734 356 1800 γεία
391 1733 590 1802 βλάψαι
621 1732 804 1802 τινάἥ
863 1734 1144 1801 ὠφελῆσαι
1197 1732 1340 1782 κατὰ
1400 1729 1498 1796 τὴν
1534 1727 1808 1795 ὑμετέραν

227 1825 389 1888 δόξαν
415 1841 429 1854 ·
474 1843 493 1874 ι
531 1825 620 1891 ἀφ’
652 1819 727 1876 ὧν
778 1824 1101 1894 ἀποκριθεὶς
1154 1821 1450 1889 Λίγύπτιος
1482 1818 1808 1888 ἀστρολόγος

1903 617 2192 669 nabantur.
2227 611 2362 664 Tum
2386 609 2674 677 astrologis
2702 620 2756 662 et
2791 614 2962 678 magis
2985 613 3350 679 congregatis,
3387 628 3478 665 rex

1901 725 2025 762 cum
2061 709 2260 760 Abram
2291 716 2336 758 et
2376 704 2736 757 familiaribus
2764 703 3018 764 sedit,et,
3057 703 3200 756 facto
3230 703 3478 764 silentio,

1904 803 2041 856 dixit
2097 803 2333 854 Abram:
2375 816 2392 848 ι
2428 797 2470 848 Α
2507 797 2660 850 vobis
2687 795 3026 864 sapientibus
3069 796 3280 850 discere
3321 798 3484 866 cupio

1902 912 1971 948 an
1996 895 2252 946 nativitas
2293 899 2345 944 et
2381 890 2555 957 magia
2613 903 2812 941 nocere
2849 888 2926 940 vel
2986 888 3244 956 prodesse
3277 892 3484 956 possint

1903 984 2067 1038 alicui
2131 983 2284 1051 juxta
2344 991 2583 1034 vestram
2627 980 2965 1048 opinionem.
3047 998 3064 1028 ι
3128 979 3484 1048 Respondens

1903 1075 2217 1144 Egyptius,
2259 1074 2564 1142 astrologus
2599 1081 2651 1125 et
2701 1087 2909 1140 magus,
2970 1071 3142 1126 dixit:
3184 1092 3200 1121 ι
3263 1072 3484 1139 Magna-

1905 1183 2023 1221 rum
2063 1167 2217 1220 nobis
2261 1177 2312 1218 et
2348 1165 2782 1219 necessariarum
2830 1166 3194 1230 qua-stionem
3227 1165 3378 1216 bona;
3423 1163 3487 1214 tis

1906 1261 2143 1320 occasio.
2165 1274 2196 1311 o
2217 1258 2492 1328 magister,
2520 1266 2571 1310 et
2599 1257 2805 1323 justum
2835 1265 2916 1308 est
2954 1268 3052 1307 nos
3075 1257 3208 1308 nihil
3234 1267 3283 1308 te
3315 1255 3491 1308 eelare

1907 1365 1969 1403 ex
1999 1349 2215 1402 arcanis
2255 1349 2494 1400 nostris:
2545 1358 2797 1414 putamus
2833 1347 3080 1398 homines
3127 1358 3318 1397 omnes
3351 1347 3490 1396 nati-

1915 1441 2064 1492 vitati
2102 1451 2151 1492 et
2181 1441 2290 1491 I'ato
2331 1437 2568 1501 servire;
2633 1439 2969 1505 impossibile
3005 1447 3088 1491 est
3117 1438 3260 1490 enim
3315 1437 3492 1490 homi-

1916 1548 2034 1584 nem
2065 1532 2238 1585 occidi
2277 1530 2353 1582 vel
2397 1529 2532 1582 mori
2582 1538 2776 1597 przeter
2829 1529 3193 1581 nathitatent.
3240 1546 3256 1577 ι
3295 1529 3493 1581 Abram

1914 1624 2091 1676 dixit:
2150 1640 2168 1672 ι
2198 1622 2400 1674 Errasti
2448 1636 2573 1674 vere
2620 1622 2808 1674 dicens
2858 1621 2986 1682 hoc,
3041 1621 3293 1673 nesciens
3351 1623 3494 1687 quod

1915 1728 2094 1766 eorum
2142 1712 2470 1781 regejudice
2509 1718 2723 1764 loeutus
2753 1727 2832 1770 es,
2908 1713 3030 1762 vita:
3092 1711 3372 1762 hominum
3397 1710 3495 1761 do-

1918 1806 2087 1858 mino.
2127 1803 2240 1856 Rex
2279 1805 2591 1871 indignatus
2635 1802 2768 1854 dixit
2794 1803 3109 1869 astrologo:
3150 1819 3167 1850 ι
3201 1801 3352 1852 Nunc
3371 1815 3497 1853 vero

232 1919 330 1969 καὶ
375 1917 548 1986 μάγος
586 1913 743 1969 εἶπεν
765 1934 778 1948 ο
829 1935 848 1967 ‹
882 1892 1154 1984 Μεγάλων
1185 1917 1316 1983 ἡμῖν
1351 1913 1445 1965 καὶ
1493 1911 1811 1977 ἀναγκαίων
1848 1892 1887 1943 Β

1848 1892 1887 1943 Β
1920 1899 1963 1950 si
2001 1897 2384 1950 accersiverim
2415 1912 2580 1948 unum
2615 1910 2678 1948 ex
2715 1895 2968 1958 subditis,
3004 1905 3056 1947 et
3092 1904 3146 1947 tu
3190 1893 3495 1947 deliberans

236 2007 577 2076 ζητημάτων
636 2007 822 2077 ἀγαθὴ
873 2008 1172 2077 πρόφασις,
1207 2001 1252 2057 ὦ
1285 2002 1597 2064 διδάσκαλε,
1647 2003 1808 2071 γίνῃ·

234 2099 332 2152 καὶ
371 2098 520 2160 ἄξιόν
554 2101 668 2151 ἐστι
733 2099 898 2169 μηδὲν
940 2097 1361 2166 ἀποκρύψασθαί
1393 2111 1451 2146 σε
1513 2093 1623 2145 τῶν
1679 2089 1811 2162 παρ’

233 2194 371 2261 ἡμῖν
406 2191 759 2262 ἀπορρήτων,
788 2191 998 2252 πάντας
1041 2189 1228 2256 οίομεν
1280 2185 1570 2256 ἀθρὼπους
1599 2184 1813 2252 γενέσει

235 2284 334 2337 καὶ
357 2285 671 2354 εἱμαρμένῃ
714 2282 988 2336 δουλεύειν
1009 2296 1022 2311 ·
1077 2281 1342 2334 ἀδύνατον
1393 2281 1503 2348 γάρ
1535 2279 1683 2330 ἐστιν
1717 2276 1814 2329 ἀν-

239 2377 466 2446 θρωπον
493 2375 828 2445 φονευθῆναι
860 2375 892 2445 ἢ
927 2374 1257 2442 τελευτῆσαι
1311 2374 1466 2442 παρά
1511 2371 1750 2438 γένεσιν.
1793 2387 1811 2420 ι

248 2468 309 2520 '0
324 2467 383 2520 δὲ
413 2466 636 2538 Ἀδραμ
661 2467 763 2536 ἔφη
792 2483 804 2496 ·
836 2483 855 2517 ι
906 2465 1224 2536 Ἦπατήθης
1250 2465 1419 2526 ὅντως
1441 2463 1614 2514 εἰπεῖν
1636 2460 1817 2522 τοῦτο,

242 2558 319 2630 μὴ
346 2557 504 2622 είδὼς
534 2559 616 2612 ὅτι
651 2559 744 2612 ἐπὶ
771 2557 963 2630 κριτοῦ
991 2557 1258 2627 βασιλέως
1290 2557 1449 2624 ἔφης,
1502 2555 1560 2616 ὃς
1591 2551 1817 2623 ἀνθρὼς

240 2669 362 2705 πων
401 2651 500 2720 τὴν
531 2651 782 2715 ἐξουσίαν
809 2650 940 2720 ἔχει.
984 2668 1002 2701 ι
1042 2651 1198 2702 Καὶὸ
1220 2648 1472 2718 βασιλεὺς
1503 2646 1819 2714 ἀγανακτή-

243 2758 346 2803 σας
379 2743 483 2810 Εφη
510 2742 646 2810 πρὸς
679 2740 772 2792 τὸν
817 2739 1144 2810 ἀστρολόγον
1171 2753 1186 2766 ’
1227 2738 1340 2791 Νῦν
1361 2733 1477 2801 οὖν,
1509 2736 1603 2788 ὲάν
1655 2751 1821 2802 μετα-

243 2833 560 2902 πέμψωμεν
589 2832 698 2885 τῶν
719 2832 981 2902 ὑπηκόων
1007 2831 1314 2900 ἀνθρώπων
1340 2830 1457 2893 ἕνα,
1487 2830 1582 2880 καὶ
1614 2825 1824 2894 σκεψά·

249 2943 411 2994 μενος
444 2926 529 2992 ἐφ’
567 2925 726 2992 ἡμῶν
759 2924 942 2994 εἴπῃς,
977 2923 1127 2991 ζωῆς
1185 2921 1353 2975 αὑτὸν
1389 2920 1584 2990 χρόνον
1614 2919 1760 2987 ἔχειν
1791 2919 1823 2989 ἢ

249 3017 325 3087 μὴ
366 3017 539 3086 ἔχειν,
572 3016 684 3083 ἐγὼ
723 3016 1042 3068 τούναντίον
1075 3014 1216 3083 πρὸς
1237 3013 1428 3066 τοῦτον
1475 3012 1689 3081 ποιήσω
1730 3026 1826 3080 γε-

244 3108 462 3171 νέσθαι,
498 3109 559 3160 ού
586 3109 775 3176 σαφῶς
803 3107 1091 3176 ἐλήλεγξαι
1117 3106 1358 3174 ψεύστης
1378 3104 1647 3174 ὑπάρχειν
1675 3120 1688 3169 ;
1718 3104 1828 3154 Καὶ

247 3206 360 3270 γὰρ
385 3202 481 3253 ἐὰν
515 3200 676 3270 εἴπῃς
709 3200 874 3253 αὑτὸν
925 3198 1006 3251 ἔτι
1042 3199 1236 3268 χρόνον
1267 3198 1416 3266 ἔχειν
1461 3196 1629 3265 ζωῆς,
1666 3195 1830 3256 εὐθὺς

247 3293 500 3348 κελεύσω
529 3294 695 3346 αὑτὸν
723 3292 1123 3362 ἀναιρεθῆναι·
1161 3291 1210 3343 εί
1264 3289 1321 3342 δὲ
1374 3289 1450 3359 μὴ
1497 3288 1644 3357 ἔχειν
1668 3287 1831 3339 αὑτὸν

249 3383 483 3454 χρόνους
518 3382 884 3450 λειπομένους
923 3379 1032 3452 (9δ)
1059 3380 1223 3452 λέξῃς
1256 3379 1402 3448 πλὴν
1428 3380 1528 3447 τὴν
1556 3377 1830 3430 συνεστῶ-

252 3489 357 3524 σαν
382 3471 556 3541 ὥραν,
585 3472 750 3523 αὑτὸν
784 3469 886 3536 μὶν
913 3472 1010 3539 τῆς
1035 3470 1340 3538 καταδίκης
1364 3468 1643 3531 ἀπολύσω,
1680 3469 1737 3519 σὲ
1776 3467 1832 3519 δὲ

251 3563 506 3634 παρευθὺ
549 3563 624 3624 ὡς
651 3561 980 3629 ψευδολόγον
1044 3561 1138 3612 τοῦ
1198 3560 1297 3629 ζῇν
1361 3559 1711 3628 προεκκόψω,
1744 3560 1832 3610 ἵνα

250 3654 445 3708 λοιπὸν
475 3657 502 3705 6
523 3653 758 3716 θάνατός
786 3669 880 3704 σου
907 3652 1075 3721 πείσῃ
1103 3653 1310 3713 πάντας
1333 3651 1534 3703 αὐτίκα
1562 3647 1835 3717 μηδεμίαν

252 3746 521 3816 ἀληθείας
551 3747 793 3815 ἔμφασιν
822 3745 973 3814 ἐχειν
1011 3745 1078 3796 τὰ
1125 3744 1257 3812 περὶ
1315 3743 1413 3810 τῆς
1470 3741 1834 3811 ἀστρολογίας

257 3853 352 3889 σου
386 3835 858 3904 μυθολογούμενα.
905 3853 923 3886 ι
983 3833 1170 3887 Ταῦτα
1199 3833 1255 3885 δὲ
1304 3832 1399 3885 τοῦ
1459 3831 1725 3901 βασιλέως
1756 3833 1835 3883 εἰ·

258 3931 476 3991 πόντος,
534 3929 563 3978 6
632 3925 934 3993 Αἰγύπτιος
997 3925 1260 3993 ἔντρομος
1322 3923 1616 3992 γενόμενος
1673 3921 1835 3975 ἔπεσε

259 4019 498 4088 πρηνὴς,
561 4016 817 4083 δεόμενος
854 4016 1039 4077 ὲλὶους
1093 4018 1296 4086 τυχεῖν,
1335 4015 1497 4077 αὑτός
1551 4031 1611 4066 τε
1652 4015 1746 4066 καὶ
1788 4017 1837 4066 οἱ

256 4110 564 4180 ὁμόφρονες
598 4107 788 4161 αὐτοῦ.
833 4108 942 4159 Καὶ
971 4109 1000 4159 6
1026 4105 1286 4175 βασιλεὺς
1322 4105 1400 4174 τῷ
1434 4103 1660 4174 Ἀδραμ
1684 4120 1842 4173 χαρι-

260 4201 491 4268 ζόμενος
528 4199 602 4259 ὼς
637 4195 952 4266 διδασκάλῳ
979 4197 1075 4248 καὶ
1091 4197 1191 4263 τὴν
1215 4195 1425 4264 πλάνην
1457 4194 1702 4263 ἐναργῶς
1735 4210 1842 4262 φα-

261 4291 566 4362 νερώσαντι
597 4289 663 4342 δι’
693 4291 943 4348 ἐπινοίας
975 4290 1071 4341 καὶ
1124 4288 1266 4357 ὑπὲρ
1304 4286 1417 4339 τῶν
1470 4286 1843 4356 ματαιολόγων

265 4381 711 4436 συνικετεύσαντι
753 4382 1137 4452 συνεχώρησεν
1182 4382 1380 4444 αὐτοὺς
1431 4381 1497 4442 ⁸⁸,
1529 4380 1622 4432 ἐπὶ
1664 4378 1846 4431 πλεῖον

265 4473 618 4543 κωμῳδήσας
653 4472 755 4543 τὴν
786 4472 986 4538 ἄλογον
1031 4473 1214 4524 αὐτῶν
1254 4472 1414 4536 δόξαν
1441 4470 1517 4533 ὼς
1553 4471 1847 4538 ἀνίσχυρον

1922 1990 2127 2042 dixeris
2182 1989 2332 2040 illum
2368 1989 2488 2041 vitte
2519 1998 2736 2054 tempus
2771 1987 2965 2038 habere
3018 1985 3100 2037 vel
3129 2001 3236 2039 non
3274 1987 3492 2048 habere,

1925 2097 2017 2150 per
2067 2095 2152 2133 me
2181 2096 2309 2133 vero
2353 2080 2426 2132 illi
2462 2079 2796 2132 contrarium
2834 2079 3096 2141 evenerit,
3157 2092 3336 2130 nonne.
3387 2080 3501 2130 evi-

1923 2175 2116 2224 denter
2141 2173 2404 2239 impostor
2441 2171 2777 2224 invenieris?
2802 2169 3012 2224 Etenim
3038 2173 3080 2224 si
3117 2170 3320 2224 dixeris
3349 2171 3499 2223 illum

1926 2262 2102 2315 adhuc
2131 2272 2344 2329 tempus
2372 2262 2493 2314 vitae
2522 2262 2744 2325 habere,
2770 2261 2952 2314 statim
2977 2261 3179 2328 jubebo
3212 2263 3385 2330 ipsum
3411 2277 3501 2314 oc-

1926 2354 2029 2407 cidi
2059 2370 2073 2418 ;
2107 2355 2150 2408 si
2186 2368 2316 2406 vero
2352 2355 2525 2423 ipsum
2548 2353 2657 2421 jam
2682 2369 2785 2404 non
2811 2352 3010 2405 habere
3029 2353 3236 2422 reliqua
3262 2363 3503 2422 tempora

1927 2445 2130 2498 dixeris
2173 2455 2367 2513 pra-ter
2419 2454 2739 2512 praasentem
2774 2444 2961 2495 horam
2988 2483 3003 2504 ,
3062 2444 3238 2513 ipsum
3280 2445 3501 2513 quidem

1929 2553 2085 2607 pcena
2139 2537 2424 2590 liberatum
2481 2537 2772 2596 dimittam,
2811 2545 2860 2587 te
2919 2551 3045 2588 vero
3109 2537 3400 2590 confestim
3449 2546 3508 2590 ut

1930 2628 2242 2681 mendaeem
2276 2638 2449 2681 morte
2477 2628 2717 2680 multabo
2739 2636 2795 2679 ut
2823 2627 3079 2696 deinceps
3105 2644 3250 2683 mors
3278 2638 3365 2682 tua
3391 2643 3511 2684 om-

1933 2722 2091 2774 nibus
2120 2719 2443 2789 persuadeat
2465 2730 2706 2772 artutunt
2749 2721 2950 2771 nullam
2973 2719 3129 2772 Iidem
3151 2721 3362 2774 dareiis
3386 2737 3509 2789 quae

1935 2814 1999 2866 de
2029 2813 2324 2880 astrologia
2347 2811 2589 2881 nugaris.
2626 2829 2643 2862 ι
2676 2808 2807 2874 Qua:
2845 2825 2968 2862 cum
3005 2826 3097 2865 rex
3130 2813 3377 2876 dixisset,
3408 2823 3514 2867 tre-

1937 2920 2092 2959 mens
2121 2905 2407 2974 [Egyptius
2433 2918 2637 2973 pronus
2667 2902 2885 2969 cecidit,
2930 2903 3363 2958 misericordiam
3419 2921 3510 2959 ro-

1937 3011 2092 3065 gans,
2126 2997 2242 3064 ipse
2273 3004 2327 3049 et
2347 2997 2482 3049 socii
2537 2995 2678 3063 ejus.
2733 2998 2846 3049 Rex
2894 3008 3082 3064 gratus
3136 3011 3255 3049 esse
3291 2999 3515 3064 cupiens

1937 3086 2138 3140 Abram
2172 3097 2229 3140 ut
2260 3087 2540 3154 magistro,
2578 3095 2631 3138 et
2652 3087 2778 3154 quia
2811 3101 3049 3140 errorem
3075 3101 3254 3156 aperte
3283 3090 3515 3142 demon-

1941 3188 2208 3232 srraverat
2246 3179 2554 3246 prudentia,
2584 3188 2634 3230 et
2675 3192 2772 3245 pro
2802 3178 3113 3246 vaniloquis
3159 3179 3324 3231 simul
3358 3195 3514 3247 roga-

1938 3278 2110 3334 verat,
2151 3268 2480 3323 condonavit
2506 3269 2610 3322 illis
2645 3270 2993 3321 vehementer
3014 3269 3417 3336 reprehendens
3441 3270 3519 3321 in-

1936 3373 2128 3415 sanam
2158 3373 2348 3412 eorum
2380 3357 2689 3425 opinionem
2724 3365 2981 3424 tanquam
3009 3371 3202 3410 vanam
3255 3367 3307 3411 et
3344 3373 3518 3427 popu-

1937 3450 2284 3507 loinfestam.
2307 3448 2480 3502 Porro
2500 3449 2689 3517 jussit,
2719 3457 2980 3515 tanquam
3001 3449 3197 3501 Abram
3224 3449 3520 3518 instigante

1938 3541 2137 3596 adduci
2167 3541 2459 3608 quemdam
2501 3540 2567 3592 ad
2604 3540 2782 3607 ignem
2827 3539 3167 3603 damnatum,
3203 3551 3257 3592 et
3311 3555 3516 3607 prace-

1939 3637 2017 3706 pit
2049 3644 2111 3688 ut
2141 3635 2194 3686 in
2219 3633 2558 3686 nativitatem
2593 3631 2714 3697 ejus
2747 3640 2797 3683 et
2830 3630 3102 3682 interitum
3129 3631 3518 3699 inquireretur,

1939 3734 1994 3780 et
2040 3733 2325 3794 postquam
2394 3720 2870 3782 deliberaverunt,
2935 3727 2993 3772 ut
3051 3721 3293 3774 dicerent
3348 3735 3521 3789 genus

1941 3816 2153 3869 mortis.
2185 3813 2323 3867 Cum
2359 3826 2487 3865 vero
2524 3810 2610 3864 isti
2661 3811 2883 3863 cordate
2933 3809 3419 3872 deliberavissent,
3470 3822 3526 3864 et

1940 3906 2213 3961 dixissent
2246 3905 2398 3958 illum
2434 3904 2557 3973 igne
2607 3903 2909 3970 periturum
2940 3916 3094 3968 esse,
3130 3903 3413 3969 nativitate
3472 3904 3522 3954 id

1942 4011 2128 4068 aperte
2167 3997 2463 4051 inducente
2518 4003 2570 4047 et
2615 3994 2876 4063 jubente,
2924 3994 3018 4049 sed
3062 3995 3242 4048 adhuc
3309 3995 3525 4048 vivendi

1944 4105 2158 4160 tempus
2199 4090 2399 4144 habere
2429 4129 2444 4153 ,
2494 4102 2673 4156 neque
2738 4087 2852 4153 jam
2894 4097 3104 4155 tempus
3161 4087 3356 4140 mortis
3431 4087 3527 4140 ad-

1950 4184 2185 4247 venisse,
2231 4182 2365 4236 dicit
2392 4194 2488 4234 rex
2526 4200 2539 4234 :
2605 4198 2622 4230 ι
2658 4179 2770 4248 Ego
2822 4180 2984 4232 hodie
3017 4180 3181 4232 istum
3214 4179 3456 4232 liberabo
3491 4196 3519 4229 ιι

1946 4276 2315 4339 crematione,
2345 4273 2544 4343 jubens
2598 4285 2738 4340 aqua
2790 4273 2966 4339 ipsum
3017 4271 3229 4334 occidi,
3284 4279 3343 4322 ut
3371 4269 3527 4322 vobis

1951 4369 2094 4423 facto
2121 4366 2413 4423 manifeste
2437 4365 2805 4420 demonstrem
2861 4362 3064 4431 aliquid
3098 4372 3292 4430 prater
3335 4361 3498 4414 Itoros

1951 4477 2146 4531 copum
2182 4459 2299 4515 ﬁeri
2320 4474 2481 4530 posse
2521 4477 2538 4509 ι
2569 4475 2583 4520 ;
2619 4466 2674 4510 et
2709 4458 2781 4509 ita
2813 4454 3113 4508 confutavit
3136 4456 3341 4523 optime
3394 4453 3531 4504 vati—

265 4564 365 4616 καὶ
398 4563 722 4616 λαοπλάνον,
777 4564 886 4615 Kal.
920 4561 985 4629 δὴ
1038 4561 1303 4622 κελεύσας
1365 4561 1440 4623 ὼς
1476 4560 1536 4623 ἐξ
1571 4557 1849 4626 ὑποσολῆς
1875 4571 1928 4630 D

1875 4571 1928 4630 ι)
1955 4555 2159 4610 einium
2196 4554 2435 4622 ipsorum
2466 4551 2532 4604 de
2573 4550 2697 4602 vita:
2727 4559 2966 4616 tempore
3008 4556 3060 4599 et
3087 4560 3284 4614 genere
3322 4545 3531 4597 mortis.

270 4655 500 4724 ’Δσραμ
566 4653 801 4723 ἀχθῆναί
849 4671 974 4707 τινα
1027 4651 1618 4722 προκαταδικασθέντα
1691 4650 1848 4721 πυρί-

269 4763 510 4798 καυστον
536 4745 818 4811 γενέσθαι,
859 4745 1197 4816 προσέταξεν
1223 4747 1316 4797 ἐπὶ
1357 4747 1582 4797 πάντων
1615 4743 1845 4813 εὑρεθῆ-

269 4859 362 4894 ναι
385 4841 482 4910 τὴν
513 4841 772 4911 γέννησιν
803 4839 971 4894 αὑτοῦ
991 4843 1084 4893 καὶ
1107 4842 1199 4893 τὸν
1225 4841 1481 4906 θάνατον,
1509 4840 1604 4890 καί
1631 4839 1851 4890 διασκε-

267 4936 550 5004 ψαμένους
570 4935 614 4966 ’⁷
638 4937 817 4988 εξπεῖν
847 4934 940 4987 τὸν
969 4934 1171 5001 τρόπον
1201 4931 1296 4984 τοῦ
1339 4930 1596 4982 θανάτου.
1636 4928 1759 4978 Τῶν
1793 4925 1851 4976 δὲ

271 5027 546 5096 νουνεχῶς
601 5027 696 5080 ἐπὶ
741 5027 878 5079 πολὺ
920 5025 1380 5094 διασκεψαμένων
1421 5022 1515 5074 καὶ
1562 5022 1852 5078 εἰπόντων,

272 5124 358 5173 ὅτι
404 5120 518 5190 es
569 5119 943 5190 πυρποληθεὶς
997 5118 1376 5178 ἀποθανεῖται,
1434 5118 1531 5183 τῆς
1588 5115 1853 5179 γενέσεως

275 5213 595 5281 ἑπαγούσης
629 5212 727 5266 καὶ
780 5211 1217 5280 διαγορευούσης
1263 5208 1426 5260 τοῦτο
1469 5206 1679 5271 σαφῶς,
1717 5203 1855 5255 ἀλλὰ

277 5307 373 5358 νῦν
406 5307 488 5358 ἔτι
513 5305 703 5374 χρόνον
736 5303 851 5371 ἔχει
891 5305 1060 5370 ζωῆς,
1097 5306 1189 5354 καὶ
1211 5302 1366 5352 οΰπω
1390 5297 1648 5366 ἐλήλυθεν
1671 5296 1696 5345 6
1730 5296 1854 5362 χρό-

1954 4644 2090 4699 Cum
2119 4657 2313 4697 omnes
2360 4639 2778 4699 conticuissent,
2824 4639 3026 4690 Abram
3057 4638 3239 4689 dicere
3298 4635 3529 4703 incepit:

1964 4755 1981 4787 ε
2017 4735 2131 4789 Rex
2162 4737 2397 4788 maxime
2425 4741 2477 4787 et
2503 4732 2751 4786 veritatis
2775 4743 3122 4797 summopere
3154 4741 3368 4789 amans,
3394 4741 3535 4794 quo-

1963 4831 2108 4884 niam
2137 4843 2187 4883 te
2220 4829 2376 4882 video
2405 4826 2695 4896 prepositaa
2718 4821 3007 4893 quaestioni
3032 4820 3185 4874 valde
3206 4822 3538 4878 studentem,

1960 4924 2105 4992 quod
2142 4922 2325 4976 verius
2353 4930 2435 4973 est
2468 4933 2568 4988 ego
2599 4918 2694 4971 tibi
2745 4915 2994 4984 praebebo
3027 4911 3416 4978 compendiose
3439 4950 3453 4973 ,
3486 4910 3538 4961 in

1963 5015 2218 5070 omnibus
2247 5029 2367 5065 vera
2403 5013 2631 5077 loquens
2659 5026 2673 5074 ;
2710 5023 2830 5062 sum
2851 5006 2994 5061 enim
3021 5005 3263 5058 veritatis
3281 5018 3407 5056 vere
3428 5018 3517 5054 ser

1964 5122 2087 5158 vus.
2103 5125 2120 5156 ι
2143 5106 2390 5172 Cumque
2416 5118 2504 5155 rex
2526 5101 2770 5162 dixisset,
2786 5118 2802 5150 ι
2832 5096 2997 5151 Valde
3016 5096 3146 5149 mihi
3165 5104 3352 5163 gratus
3371 5091 3501 5153 eris,
3517 5109 3535 5140 ›

1967 5200 2046 5253 sic
2077 5200 2292 5252 locutus
2339 5206 2420 5249 est
2469 5197 2713 5248 Abram:
2757 5211 2775 5243 ι
2803 5192 2920 5246 Non
2985 5190 3084 5244 soli
3147 5187 3399 5240 homines
3449 5185 3540 5236 sed

1967 5296 2131 5348 etiam
2153 5293 2406 5347 animalia
2430 5291 2642 5345 ratione
2662 5288 2901 5343 carentia
2923 5285 3190 5339 nativitati
3222 5281 3504 5349 subiacent
3528 5296 3542 5343 ;

1445 5523 1643 5583 \‘arize
1693 5521 2003 5580 lectiones
2059 5526 2112 5574 et
2152 5522 2338 5575 notas.

356 5783 400 5813 "
425 5781 486 5834 Α.
514 5781 560 5834 1.
591 5777 692 5830 VII.
740 5779 755 5830 Ι
823 5776 951 5831 Vill.
980 5779 1030 5828 '3.
1109 5777 1150 5805 “
1181 5774 1363 5832 αὐτοῖς
1392 5772 1504 5824 cod.

1606 5772 1647 5801 '7
1681 5765 2102 5835 διασκεψάμενοι
2145 5767 2262 5818 rod.
