4278 6446
766 418 866 481 183

1974 411 2301 477 GEORGII
2349 415 2802 478 IIAMARTOLI

3935 424 4038 490 ιδι

766 531 941 599 magis
972 528 1185 599 Moyses
1217 543 1323 581 non
1370 526 1606 580 cessavit
1657 543 1685 581 a
1736 529 2130 584 lamentatione
2182 544 2348 599 super
2376 532 2424 590 Α

2419 546 2509 590 ,τε
2550 531 2644 582 καὶ
2698 528 2984 594 συνουσίας
3023 530 3262 602 ἐρημίαν
3312 533 3406 587 καὶ
3443 537 3699 604 μόνωσιν.
3737 537 3800 590 Εἰ
3847 538 3956 606 γὰρ
4010 542 4039 592 ὁ

763 622 1024 691 populum
1057 636 1232 688 usque
1265 620 1330 673 ad
1365 621 1486 672 vita:
1512 636 1628 674 suae
1664 620 1848 684 linem,
1900 629 2094 674 natura
2127 620 2244 691 ipsa
2276 624 2342 675 ad

760 719 998 784 gemitus
1032 725 1086 770 et
1113 712 1448 769 desiderium
1493 723 1846 782 provocante.
1885 708 2109 766 Terram
2162 721 2342 768 autem

764 811 999 872 dulcem,
1034 823 1132 876 pro
1159 823 1265 877 qua
1295 815 1373 861 tot
1401 815 1455 859 et
1487 817 1666 858 tantos
1704 805 1920 858 labores
1947 808 2342 870 exantlaverat,

765 904 964 955 vidisse
989 911 1200 954 tantum
1245 900 1458 969 procul,
1491 908 1546 952 ct
1571 915 1676 951 non
1728 897 2038 952 obtinuisse
2064 904 2209 968 quod
2245 914 2344 968 ap-

764 995 1018 1060 petebat,
1080 992 1300 1060 egregio
1337 991 1466 1044 huic
1504 1000 1559 1044 et
1606 989 2066 1059 prtestantissimo
2105 992 2340 1059 pastori.

762 1095 980 1151 propter
1010 1082 1195 1151 populi
1230 1082 1659 1137 inobedientiam
1679 1090 1734 1134 et
1753 1079 2039 1144 duritiam,
2059 1090 2113 1134 et
2139 1081 2341 1149 ingenii

760 1176 1135 1244 asperitatem,
1176 1190 1266 1228 res
1323 1190 1456 1228 sane
1515 1173 1812 1227 durissima
1889 1171 2007 1226 fuit.
2064 1169 2165 1225 Ubi
2217 1183 2346 1227 sunt

759 1269 926 1338 igltur
953 1268 1081 1321 boui
1115 1267 1408 1337 pastores?
1453 1266 1532 1319 llli
1577 1264 1761 1319 forsan
1795 1266 1889 1334 qui
1937 1265 2194 1334 populum
2243 1280 2342 1331 pa-

763 1369 986 1415 scentes
1017 1358 1383 1421 incredulum,
1410 1359 1561 1411 durae
1592 1356 2258 1417 cervicis,intractahi|em
2289 1365 2344 1408 et

759 1451 1216 1530 contradictionis
1244 1461 1542 1515 amantem,
1585 1451 1812 1502 nihilex
1851 1449 2083 1502 istorum
2136 1449 2341 1517 impro-

758 1542 928 1598 liilate
979 1559 1037 1597 se
1083 1557 1204 1597 esse
1246 1557 1511 1611 passuros
1570 1557 1679 1610 prze
1710 1543 1961 1593 emt-italo
1999 1540 2337 1593 existimant.

761 1636 818 1689 Si
857 1637 1001 1689 enim
1037 1635 1088 1688 in
1124 1646 1301 1689 mente
1330 1649 1546 1703 semper
1579 1634 1847 1686 haberent
1891 1647 2150 1700 magnum
2193 1631 2342 1685 hunc

759 1729 966 1791 virum,
998 1739 1050 1781 et
1081 1729 1290 1797 justum
1323 1727 1532 1778 Heliam
1573 1739 1852 1778 summum
1878 1722 2240 1786 sacerdotem,
2289 1731 2341 1774 et

755 1823 1061 1889 cogitarent
1110 1832 1559 1886 unumquemque
1606 1832 1821 1876 eorum,
1873 1815 2127 1882 quantivis
2153 1822 2341 1867 sancte

2447 621 2576 684 λαδς
2607 622 2908 689 ἐπένθησεν
2935 622 3099 676 αὑτὸν
3125 625 3336 696 ἡμέρας
3359 624 3425 690 λ’,
3463 628 3616 697 πόσῳ
3648 630 3847 697 μᾶλλον
3877 625 4039 692 οὗτος

2447 714 2509 764 οὺ
2539 711 2746 765 διέλιπε
2779 713 2994 782 θρηνῶν
3028 715 3195 768 αὐτὸν
3219 717 3618 787 ἀκατασχέτως
3650 719 3815 790 μέχρι
3845 720 4036 782 τέλους

2447 802 2595 873 ζωῆς
2633 805 2823 868 αὐτοῦ,
2872 806 3210 876 φλεγόμενος
3271 814 3413 862 πάνυ
3466 813 3559 863 καὶ
3602 811 3890 880 σφαδάζων
3929 812 4036 864 ὑπὸ

2444 899 2544 966 τῆς
2568 901 2806 968 φυσικῆς
2836 900 3153 969 τυραννίδος
3186 899 3300 970 (6)Ῑ
3338 903 3445 955 Καὶ
3477 904 3537 955 τὸ
3558 903 3622 973 δὴ
3652 904 3870 956 πάντων
3903 903 4037 955 θαυ-

2419 1023 2422 1026 ~
2449 991 2802 1058 μαστότερον,
2832 991 2914 1043 ὅτι
2960 992 3053 1042 καὶ
3095 992 3192 1063 τὴν
3219 993 3598 1063 περιπόθητον
3634 996 3760 1062 γῆν,
3793 993 3936 1063 ὑπὲρ
3965 991 4036 1065 ἦς

2444 1097 2504 1133 τε
2528 1082 2754 1143 πολλοὺς
2781 1083 2874 1134 καὶ
2904 1083 3174 1152 φοῦεροὺς
3199 1085 3397 1154 ἀνέτλη
3432 1087 3649 1149 πόνους,
3673 1087 3796 1138 ίδὼν
3828 1089 4032 1156 μακρόο

2445 1173 2537 1226 θεν
2567 1174 2660 1225 καὶ
2695 1171 2957 1239 μειζόνως
2989 1175 3241 1242 τρωθεὶς,
3264 1177 3476 1246 ἀπῆλθε
3511 1179 3586 1247 μὴ
3618 1179 3815 1247 τυχὼν,
3846 1184 3872 1231 ὁ
3898 1180 4035 1230 Ociu-

2448 1265 2641 1335 μάσιος
2789 1265 2882 1317 καὶ
2901 1265 3209 1336 πανάρετος
3232 1269 3456 1339 ποιμὴν,
3473 1270 3568 1321 τοῦ
3589 1270 4035 1337 σπουδαζομένον

2445 1358 2532 1409 διὰ
2559 1358 2659 1427 τὴν
2685 1357 2973 1409 ἀπείθειαν
3003 1358 3097 1410 καὶ
3149 1360 3596 1433 σκληροκαρδίαν
3652 1361 3748 1414 καὶ
3800 1364 4036 1429 δυστρό-

2445 1449 2576 1501 πίαν
2615 1448 2724 1500 τῶν
2759 1447 3240 1520 σπουδαζομένων.
3271 1453 3380 1506 Ποῦ
3407 1453 3502 1507 οὖν
3537 1456 3676 1507 είσιν
3714 1456 3762 1507 oi
3787 1453 4034 1523 ὲνάρετοι

2445 1541 2700 1610 ποιμένες
2719 1558 2735 1602 ς
2761 1541 2924 1605 Ἴσως
2953 1544 3047 1595 καὶ
3063 1543 3189 1595 λαὸν
3213 1543 3419 1603 ἀπειθῆ
3439 1546 3532 1598 καὶ
3552 1544 4036 1616 σκληροτράχηλον

2444 1633 2537 1684 καὶ
2570 1633 2894 1700 δυσάγωγον
2919 1634 3036 1702 ἅμα
3069 1636 3162 1686 καὶ
3205 1634 3492 1700 ἀντίλογον
3519 1637 3906 1704 ποιμαίνοντες
3939 1636 4036 1686 καί

2448 1724 2616 1795 μηδὲν
2650 1726 2714 1776 ὲκ
2767 1725 2865 1793 τῆς
2924 1723 3156 1777 ἐκείνων
3189 1728 3528 1797 φαυλότητος
3563 1727 3800 1795 οἰόμενοι
3847 1725 4037 1778 κινδυ-

2445 1816 2616 1874 νῶδες
2675 1816 2906 1886 πάσχειν
2965 1819 3028 1868 ἐκ
3083 1818 3378 1886 παγκάκου
3437 1819 3631 1890 λήθης.
3686 1820 3747 1872 Εἰ
3796 1820 3906 1888 γὰρ
3957 1820 4038 1880 είς

758 1913 1030 1966 viventem
1083 1918 1137 1964 et
1186 1906 1836 1978 gubernantem,malitia
1878 1916 2064 1959 tamen
2117 1906 2338 1959 illorum
2377 1885 2414 1935 Β

2447 1909 2660 1961 ἔννοιαν
2695 1885 2843 1977 εἶχον
2881 1909 2967 1960 ἀεὶ
2993 1909 3087 1961 τδν
3116 1885 3364 1979 ἀοίδιμον
3391 1885 3576 1982 ἄνδρα⁷
3598 1911 3787 1965 τοῦτον
3810 1885 3915 1963 καὶ
3946 1911 4040 1962 τὸν

756 2019 992 2075 quorum
1025 2017 1216 2058 curam
1261 2009 1608 2068 susceperat,
1656 2014 1778 2052 esse
1819 1998 2336 2067 mortilicatum,ge-

760 2112 910 2152 ntere
942 2105 994 2149 et
1032 2107 1269 2149 tremere
1299 2093 1498 2146 merito
1527 2107 1632 2144 non
1658 2100 1964 2154 cessarent,
2024 2099 2185 2158 atque
2206 2089 2340 2143 alio-

759 2205 880 2243 rum
936 2203 1122 2241 curam
1197 2187 1279 2239 vel
1330 2186 1782 2254 deprecarentur,
1836 2182 1921 2235 vel
1980 2197 2106 2236 cum
2168 2181 2342 2235 multo

758 2283 958 2335 timore
993 2279 1384 2346 suscipientes,
1418 2276 1641 2331 assidue
1672 2275 1922 2344 lugerent
1951 2283 2008 2327 et
2033 2273 2344 2341 cngitarent

758 2377 826 2430 de
856 2374 1064 2427 ratione
1095 2371 1371 2426 reddenda
1401 2385 1568 2438 super
1598 2368 1729 2431 illis.
1780 2368 1937 2437 juxta
1972 2366 2340 2437 Apostolicatn

758 2461 1223 2523 exhortationem,
1287 2469 1552 2528 utrosque
1595 2464 1934 2526 spectantem
1962 2457 2342 2512 etdicentem:

767 2573 786 2606 ε
818 2555 1046 2609 Obedite
1078 2553 1388 2623 prapositis
1428 2551 1648 2612 vestris,
1681 2560 1738 2603 et
1763 2549 2047 2619 subjacete
2078 2550 2160 2604 eis
2192 2567 2209 2616 ;
2240 2550 2345 2618 ipsi

759 2649 905 2702 enim
962 2646 1287 2716 pervigilant
1345 2643 1503 2714 quasi
1561 2643 1828 2696 rationein
1891 2655 1989 2710 pro
2048 2639 2343 2696 animabus

760 2740 961 2792 vestris
994 2737 1284 2792 reddituri.
1322 2755 1341 2789 ι

2445 1999 2652 2052 δίκαιον
2687 2000 2951 2070 ἀρχιερέα
3001 2001 3142 2065 Ἠλὶ,
3204 2004 3297 2055 καὶ
3357 2004 3508 2066 ὅπως
3556 2004 3820 2073 ἑκάτερος
3859 2001 4041 2054 αὐτῶν

2446 2093 2610 2156 ὁσίως
2664 2093 2757 2146 καὶ
2805 2094 3116 2162 ἀμέμπτως
3152 2095 3401 2165 βιοῦντες
3440 2097 3536 2150 καὶ
3564 2094 4039 2166 προστατεύοντες

2446 2187 2513 2238 ὲκ
2540 2187 2639 2255 τῆς
2667 2184 2778 2236 τῶν
2820 2187 3354 2257 προστατευομένων
3387 2188 3775 2242 ἐκινδύνευσαν
3812 2187 4040 2251 κακίας,

2443 2276 2546 2329 οὐκ
2594 2276 2660 2328 ἂν
2709 2277 3022 2329 ἐπαύσαντο
3049 2276 3381 2348 θρηνοῦντες
3408 2279 3504 2332 κα)⁸
3536 2281 3853 2352 φρίττοντες
3887 2278 4045 2332 εἰκό-

2444 2385 2552 2432 τως
2589 2369 2686 2422 καὶ
2735 2370 2835 2439 τὴν
2883 2369 3088 2438 ἑτέρων
3117 2372 3463 2442 προστασίαν
3502 2372 3535 2442 ἢ
3578 2371 4038 2444 παραιτούμενοι,

2446 2461 2482 2530 ἢ
2518 2461 2660 2530 μετά
2705 2460 2906 2513 πολλοῦ
2937 2461 3106 2530 φόϐου
3137 2464 3233 2516 καὶ
3265 2465 3474 2534 τρόμου
3506 2464 3897 2534 καθηγεῖσθαι,
3945 2461 4044 2515 καὶ

2446 2553 2713 2622 διηνεκῶς
2771 2553 2994 2605 πενθεῖν
3029 2555 3126 2606 καὶ
3175 2557 3486 2626 φροντίζειν
3514 2558 3772 2628 περὶτῆς
3812 2555 4045 2609 ἐκείνων

2447 2643 2748 2712 ἀπολογίας
2788 2644 2932 2697 κατά
2951 2645 3053 2715 την
3081 2646 3214 2716 περὶ
3242 2646 3352 2699 τῶν
3386 2647 3718 2717 ἀμφοτέρων
3749 2643 4044 2698 ἀποστολι-

2449 2738 2556 2806 κὴν
2606 2739 2938 2809 παραίνεσιν
2981 2737 3081 2810 τὴν
3130 2739 3403 2808 λέγουσαν
3419 2739 3464 2772 ⁵⁷
3491 2754 3507 2769 ο
3549 2757 3568 2790 ε
3618 2736 3880 2792 Πείθεσθε
3924 2737 4042 2797 τοῖς

759 2832 1086 2905 ἡγουμένοις
1121 2831 1272 2904 ὑμῶν
1293 2829 1390 2886 καὶ
1411 2829 1670 2883 ὑπείκετε
1688 2845 1701 2859 ο
1745 2829 1902 2882 αὐτοὶ
1928 2827 2036 2901 γάρ
2066 2828 2442 2901 ἀγρυπνοῦσιν
2471 2829 2612 2901 ὑπὲρ
2637 2830 2749 2884 τῶν
2781 2830 2975 2904 ψυχῶν
3003 2832 3158 2903 ὑμῶν
3187 2832 3264 2897 ώς
3283 2833 3443 2902 λόγον
3472 2832 3873 2893 ἀποδώσοντες.
3911 2845 3932 2879 ι

836 3013 1001 3084 Atqui
1037 3011 1083 3068 si
1110 3011 1246 3066 tales
1301 3017 1358 3063 et
1414 3009 1549 3064 tanti
1596 3009 1926 3079 populorum
1969 3017 2216 3063 rectores
2260 3007 2336 3062 ob

765 3107 1030 3161 niaiititm
1107 3104 1480 3166 subditorum,
1551 3112 1610 3155 ut
1660 3103 1865 3155 dictum
1909 3109 2016 3166 est,
2061 3100 2348 3170 periclitati

766 3210 916 3266 sunt,
952 3201 1077 3270 quis
1103 3197 1317 3265 magnis
1340 3204 1396 3250 et
1429 3196 1587 3249 vanis
1630 3194 1980 3250 sermonibus
2001 3193 2276 3264 jactitabit
2293 3208 2355 3249 se
2377 3174 2424 3234 (ἶ

765 3303 919 3348 extra
948 3292 1257 3361 perieulum
1295 3289 1432 3342 alios
1467 3301 1676 3356 regere,
1705 3286 1911 3340 oblitus
1935 3287 2166 3348 multos,
2218 3286 2351 3340 dum

779 3386 918 3438 ultra
951 3386 1096 3437 vires
1122 3381 1496 3442 suas.mnltos
1548 3378 1842 3434 inferiores
1893 3386 1950 3432 et
2000 3387 2358 3432 contumaces

766 3478 977 3532 salvare
1010 3482 1305 3535 tentarent,
1333 3474 1546 3542 seipsos
1575 3487 1698 3527 esse
1735 3469 2183 3541 perditos,-—bei
2220 3469 2354 3523 mihi

768 3569 973 3622 misero
1004 3567 1014 3616 !
1049 3593 1118 3605 ——
1141 3564 1443 3632 aliquando
1470 3563 1632 3616 etiam
1669 3561 1987 3630 turpissime
2031 3571 2083 3614 et
2117 3561 2355 3630 pessime

767 3657 1051 3712 viventes?
1081 3653 1176 3708 Vir
1199 3655 1343 3709 enim
1377 3663 1603 3708 sanctus
1634 3654 1837 3721 aliquis
1863 3652 2044 3705 dixit:
2083 3669 2103 3702 ι
2139 3650 2259 3705 Non
2283 3652 2354 3705 ab

769 3750 1029 3803 omnibus
1066 3746 1224 3801 nobis
1275 3746 1554 3814 expetitur
1583 3752 1639 3798 ut
1669 3744 1949 3797 salvemus
1977 3741 2137 3808 alios,
2161 3743 2254 3796 sed
2285 3741 2356 3796 ab

776 3841 1032 3894 omnibus
1111 3848 1171 3891 ut
1248 3837 1658 3905 nosmetipsos;
1710 3839 1857 3887 unde
1927 3832 2204 3903 discipqu
2253 3848 2356 3887 suo

766 3929 1208 3999 Christophorus
1235 3937 1345 3981 tam
1397 3927 1546 3996 gravi
1579 3938 1747 3994 opere
1792 3931 1850 3978 et
1907 3937 2166 3976 sermone
2217 3937 2353 3990 pra:-

768 4021 985 4092 cipiens
1013 4015 1469 4073 consolabundus
1503 4015 1720 4068 dicebat
1753 4030 1766 4066 :
1800 4031 1816 4062 ι
1865 4009 1945 4065 Ne
1976 4011 2353 4065 communica-

769 4115 916 4169 veris
947 4111 1188 4182 peccatis
1219 4109 1438 4164 alienis.
1474 4105 1551 4159 Te
1575 4105 1755 4175 ipsum
1807 4113 2017 4157 castum
2049 4101 2291 4168 custodi,
2328 4119 2348 4153 ι

769 4209 898 4279 quia
933 4219 1034 4276 pro
1066 4203 1360 4271 temetipso
1392 4200 1661 4255 rationem
1694 4197 1807 4250 Deo
1851 4194 2073 4250 reddes.
2130 4192 2352 4265 Optimo

769 4300 891 4365 iure
921 4299 1037 4352 hac
1067 4296 1282 4350 locutus
1305 4305 1388 4348 est
1421 4304 1475 4346 et
1500 4291 1913 4346 convenienter.
1930 4285 2151 4342 Sciebat
2205 4289 2350 4342 enim

772 4392 1116 4459 Scripturam
1154 4387 1284 4440 illud
1343 4396 1469 4439 ante
1501 4394 1754 4438 tr-statam
1806 4398 1929 4438 esse
1984 4380 2349 4450 apertissime,

771 4485 1076 4538 dicentem:
1106 4497 1123 4529 ι
1168 4478 1448 4543 Quantum
1470 4486 1642 4544 potes.
1677 4476 1825 4528 salva
1854 4473 2094 4528 animam
2126 4481 2298 4534 tuam,
2327 4489 2347 4522 ι

773 4574 1160 4644 unusquisque
1195 4571 1430 4634 scilicet,
1478 4585 1586 4624 nec
1636 4570 1798 4624 aliter
1844 4578 1950 4623 est.
2006 4565 2147 4621 Vere
2187 4563 2354 4635 igitur

770 4670 979 4738 justum
1028 4676 1246 4720 estnos
1277 4663 1435 4717 valde
1487 4663 1673 4715 mirari
1732 4669 1829 4715 aut
1870 4659 2052 4730 potius
2101 4666 2355 4719 tremere,

772 4761 919 4832 quod
974 4760 1237 4830 propheta
1282 4769 1335 4814 et
1392 4759 1686 4828 Iegislator,
1744 4767 1798 4811 et
1838 4755 1929 4809 Dei
1971 4752 2258 4808 familiaris
2303 4760 2360 4805 et

776 4853 1102 4908 caelestibus
1154 4851 1431 4921 mysteriis
1484 4850 1757 4908 initiatus,
1817 4856 1871 4900 et
1923 4845 2112 4899 multis
2153 4843 2359 4896 divinis

776 4944 1213 5000 charismatibus
1245 4944 1442 5012 dignus
1477 4943 1716 5010 Izabitns,
1762 4940 1898 4994 etin
1951 4937 2184 4991 diversis
2238 4949 2363 5004 pro-

775 5038 938 5105 digiis
993 5035 1085 5090 Dei
1135 5035 1386 5089 minister
1447 5035 1646 5097 laetus,
1705 5033 1914 5085 electus
1965 5037 2250 5096 praeterea.
2304 5035 2364 5078 ut

775 5128 984 5181 dictum
1009 5136 1118 5188 est,
1155 5125 1219 5179 ad
1249 5126 1691 5194 compatiendnm
1721 5121 1922 5191 popqu
1946 5117 2046 5171 Dei
2077 5125 2157 5171 tot
2186 5131 2363 5170 annos

779 5229 1129 5287 peccatorum
1169 5215 1379 5270 fructus
1409 5216 1769 5283 decerpsisse;
1790 5211 1986 5265 deimlc
2009 5220 2134 5277 post
2156 5209 2359 5262 multas

781 5326 1081 5374 eernmnas,
1115 5309 1350 5369 labores,
1380 5309 1680 5368 molestias,
1717 5305 2043 5365 certamina,
2104 5299 2358 5363 sudores,

781 5403 1133 5464 tentationes,
1205 5401 1613 5460 tribulationes.
1677 5416 1801 5453 cum
1855 5398 2046 5449 leviter
2092 5401 2359 5455 errasset,

2531 3010 2609 3082 (7)
2643 3011 2706 3065 Ei
2734 3010 2918 3065 τοίνυν
2943 3013 2993 3065 oi
3021 3009 3256 3065 τοιοῦτοι
3291 3011 3386 3065 καὶ
3434 3009 3745 3084 τηλικοῦτοι
3780 3010 4040 3079 amorim.

2456 3103 2550 3156 ταὶ
2572 3101 2663 3156 διά
2691 3102 2791 3173 τὴν
2844 3103 2954 3157 τῶν
3007 3102 3441 3174 καθηγουμένων
3474 3101 3804 3174 ὑποχειρίων
3833 3102 4048 3154 ἐκινδύ-

2455 3211 2680 3260 νευσαν,
2708 3194 2786 3257 ῶς
2816 3194 3167 3266 προείρηται,
3208 3195 3537 3266 μοχθηρίαν,
3589 3194 3675 3258 τίς
3731 3194 3873 3263 ὑπὲρ
3924 3193 4049 3246 τού-

2453 3302 2550 3340 του
2574 3285 2925 3358 καυχήσηται
2952 3286 3362 3359 φανταζόμενος
3391 3285 3426 3358 ἢ
3457 3285 3926 3355 ἀλαζονευόμενος
3949 3284 4049 3359 καὶ

2453 3357 2758 3441 ἀκινδύνως
2786 3378 2888 3448 τὴν
2915 3357 3218 3448 ἠγεμονίαν
3261 3357 3632 3448 μεγαλαυχῶν
3675 3375 3772 3428 καὶ
3821 3357 4048 3444 ματαιο-

2453 3471 2681 3542 λογήσει
2712 3472 2991 3543 φανερῶς,
3021 3474 3443 3545 ἀμνημονήσας,
3468 3473 3553 3525 ὅτι
3591 3470 3782 3523 πολλοὶ
3815 3467 4048 3530 πολλοὺς

2453 3563 2858 3634 ἀφελεστέρους
2889 3565 2985 3618 καὶ
3024 3564 3336 3623 δυσπειθεῖς
3367 3565 3636 3616 διασῶσαι
3683 3560 4046 3631 πειραθέντες

2457 3655 2602 3725 ὑπὲρ
2625 3655 2724 3726 τὴν
2759 3655 2918 3725 ἰσχὺν
2950 3655 3157 3720 αὐτῶν,
3189 3657 3286 3710 καὶ
3334 3657 3568 3718 ἑαυτοὺς
3603 3654 4048 3724 προσαπώλεσαν

2456 3776 2526 3787 --
2556 3736 2704 3817 οῖ’μοι
2734 3745 2813 3816 τῷ
2865 3747 3122 3815 ῖλεεινῷί
3157 3777 3225 3789 -—
3253 3746 3368 3799 ἐσθ’
3397 3748 3486 3800 ὅτε
3518 3748 3610 3801 καὶ
3631 3748 3919 3814 αἴσχιστον
3952 3745 4049 3798 καὶ

2455 3836 2719 3890 κάκιστον
2771 3835 2888 3906 βίον
2919 3837 3205 3906 βιοῦντεςς
3255 3837 3454 3902 ’Δλλος
3499 3837 3600 3907 μὲν
3653 3837 3764 3906 γὰρ
3797 3835 3905 3904 ἔφη
3934 3834 4046 3887 τῶν

2453 3925 2619 3979 όσίων
2644 3926 2857 3996 ἀνδρῶν
2878 3941 2894 3956 ⁸
2929 3944 2949 3978 ι
2989 3928 3053 3980 ού
3080 3929 3283 3990 πάντες
3301 3927 3690 3998 ἁπαιτούμεθα
3725 3927 3897 3980 σῶσαι
3927 3926 4049 3978 hi-

2458 4034 2609 4090 ρους,
2637 4019 2868 4081 ἑαυτοὺς
2896 4018 2952 4071 δὲ
2981 4019 3209 4083 πάντες,
3250 4039 3268 4071 ι
3307 4020 3432 4073 ὅθεν
3464 4017 3559 4072 οὖν
3589 4019 3778 4073 λοιπὸν
3839 4021 3939 4072 καὶ
3964 4017 4044 4085 τῷ

2456 4109 2673 4180 μαθητῇ
2699 4111 2863 4163 αύτοῦ
2887 4111 2917 4163 ό
2939 4111 3312 4182 Χριστοφόρος
3335 4111 3412 4182 τῷ
3431 4113 3577 4180 (191³)
3596 4110 3823 4181 τοιούτῳ
3837 4108 4049 4177 δυνατῷ

2453 4203 2602 4274 ἔργῳ
2635 4205 2731 4256 καὶ
2751 4204 2896 4272 λόγῳ
2921 4205 3321 4274 παραγγέλλων
3350 4208 3446 4259 καὶ
3461 4205 3900 4274 ἀσφαλιζόμενος
3921 4202 4048 4270 ξφα-

2456 4308 2554 4346 σκε
2572 4295 2619 4326 ’⁸
2640 4311 2654 4325 ·
2692 4312 2712 4345 ε
2741 4295 2832 4364 Μὴ
2847 4297 3097 4348 κοινώνει
3127 4295 3426 4365 ἁμαρτίαις
3445 4295 3752 4366 ἀλλοτρίαις
3777 4311 3789 4323 ·
3823 4292 4050 4346 σεαυτὸν

2454 4386 2618 4452 ἀγνὸν
2642 4389 2821 4456 τήρει,
2855 4387 3016 4439 »διότι
3041 4387 3181 4458 ὑπὲρ
3207 4388 3405 4440 ἑαυτοῦ
3427 4387 3584 4455 λόγον
3599 4388 3795 4449 δώσεις
3813 4384 3891 4454 τῷ
3906 4382 4045 4453 Θεῷ.

2458 4480 2567 4531 Καὶ
2585 4478 2731 4548 μάλα
2753 4495 2816 4546 γε
2851 4479 3077 4543 εἰκότως
3095 4479 3201 4548 εφη
3220 4480 3384 4533 τοῦτο
3413 4482 3511 4532 καὶ
3529 4479 3651 4533 λίαν
3674 4477 4007 4547 προσςόρως
4034 4493 4047 4506 ⁹

2458 4569 2575 4640 ᾔδει
2598 4568 2732 4640 γὰρ,
2764 4569 2902 4640 ὁτιὴ
2929 4569 3124 4639 Γραφὴ
3149 4571 3302 4622 τουτὶ
3325 4567 3844 4640 προμεμαρτύρηκε
3881 4565 4050 4634 σαφέ-

2461 4674 2633 4712 στατα
2662 4659 2900 4727 λέγουσα
2916 4661 2961 4691 ’⁸
2989 4676 3004 4690 ·
3057 4677 3077 4710 ε
3115 4660 3314 4724 Σώζων
3359 4661 3500 4724 σῶζε
3536 4661 3634 4731 τὴν
3670 4659 3898 4712 σεαυτοῦ
3950 4658 4052 4727 ψυο

2460 4749 2581 4820 χὴν,
2621 4768 2639 4800 ε
2673 4750 2906 4812 ἕκαστος
2931 4747 3227 4818 δήπουθεν·
3254 4750 3349 4802 καὶ
3371 4749 3596 4810 ἀλλοίως
3627 4748 3727 4800 οὐκ
3756 4746 3932 4798 ἔστιν.
3974 4742 4052 4812 (8)

2465 4842 2652 4906 Ἄξιον
2673 4841 2855 4894 τοίνυν
2887 4839 3128 4911 ἀληθῶς,
3160 4841 3367 4911 σφόδρα
3403 4839 3684 4909 θαυμάσαι
3721 4842 3815 4889 καὶ
3850 4837 4055 4906 μᾶλλον

2463 4933 2782 5006 φρίξαι.ὃτι
2836 4934 2932 4987 καὶ
2989 4935 3280 5005 προφήτης
3314 4933 3410 4985 καὶ
3456 4932 3756 5000 νομοθέτης
3790 4933 3886 4983 καὶ
3935 4929 4054 4982 0:6-

2464 5044 2607 5094 πτης
2636 5025 2750 5096 96
2782 5027 2876 5079 καὶ
2893 5025 3313 5097 οὐρανομύστης
3341 5025 3438 5077 καὶ
3465 5023 3677 5076 πολλῶν
3713 5023 3876 5074 θείων
3900 5037 4055 5088 χαρι-

2467 5118 2693 5187 σμάτων
2725 5117 2989 5181 ἀξιωθεὶς
3026 5117 3124 5168 καὶ
3168 5115 3447 5185 διαφόρων
3480 5113 3819 5184 τεραστείων
3853 5111 4057 5181 ὑπηρέ-

2466 5226 2569 5280 της
2599 5211 2895 5277 γενόμενος
2921 5209 3015 5260 καὶ
3048 5210 3231 5277 μέντοι
3265 5210 3360 5260 καὶ
3379 5210 3456 5276 τῷ
3484 5209 3600 5275 λαῳ
3631 5205 3724 5259 τοῦ
3757 5205 3892 5257 Θεοῦ
3917 5204 4058 5256 κατά

2468 5303 2529 5355 τὸ
2557 5301 2848 5371 είρημένον
2870 5301 3123 5369 ἐλόμενος
3154 5298 3657 5367 συγκακουχεῖσθιι
3693 5297 3928 5350 τοσαῦτα
3965 5296 4057 5364 ἔτη

2469 5391 2503 5460 ἢ
2531 5390 2871 5462 πρόσκαιρον
2898 5389 3045 5458 ἔχειν
3079 5389 3359 5457 ἁμαρτίας
3391 5388 3717 5449 ἀπόλαυσιν,
3755 5383 3874 5438 εἶτα
3915 5387 4058 5455 μετά

2002 5627 2200 5687 Varia:
2244 5625 2553 5688 lectiones
2598 5631 2660 5684 et
2697 5631 2886 5683 notas.

851 5829 896 5860 "
924 5826 1083 5882 Ilehr.
1124 5839 1242 5882 tut.
1284 5818 1365 5875 l7.

1444 5824 1488 5852 ”
1517 5821 1535 5875 l
1565 5820 1706 5874 Tim.
1736 5835 1784 5876 ν,
1815 5819 1916 5880 ‘22;
1953 5816 2023 5871 ci.
2057 5814 2189 5870 "ch.
2253 5830 2372 5874 xm.
2420 5813 2506 5867 I7.

2614 5812 2659 5843 ν’
2698 5808 2832 5864 Gen.
2882 5823 2996 5871 xu,
3037 5805 3120 5859 I7.
