4278 6446
261 411 365 475 185

1471 417 1933 476 CHRONICON.
1979 443 2046 455 -
2084 422 2231 481 LIB.
2281 421 2325 480 1.

3418 419 3522 477 186

248 528 378 589 τοὺς
434 527 667 592 πολλοὺς
703 529 950 591 ἐκείνους
987 530 1267 597 διαύλους,
1324 533 1418 583 καὶ
1469 532 1687 594 πόνους,
1750 549 1845 583 και
1877 540 1919 593 Α

1836 540 1919 593 ιΑ
1955 535 2040 589 hic
2073 552 2177 599 vir,
2236 537 2385 589 omni
2448 535 2632 589 divina
2694 534 2892 587 virtute
2937 542 3184 595 ornatus,
3238 531 3525 598 clarusque

250 620 480 682 κόπους,
513 621 607 672 καὶ
636 621 881 687 ἀγῶνας,
922 623 1018 674 καὶ
1070 622 1326 693 ἱδρῶτας,
1368 624 1465 675 καὶ
1500 624 1844 693 πειρασμοὺς

250 707 349 757 καὶ
405 706 641 775 θλίψεις,
674 707 765 759 διὰ
822 709 1029 778 μικρὰν
1080 713 1465 782 πλημμέλειαν
1496 714 1789 782 διήμαρτε,
1818 716 1845 765 6

250 802 434 868 πάσης
466 802 669 868 ἀρετῆς
716 800 905 854 ἐνθέου
938 805 1360 873 κεκοσμημένος
1404 808 1496 858 καὶ
1526 806 1845 876 λελαμπρυ-

252 892 451 958 σμένος
470 893 561 944 καὶ
576 892 723 960 ἔργῳ
747 892 842 944 καὶ
861 893 1022 963 λόγῳ,
1049 895 1146 963 τῆς
1165 895 1587 966 ἐπηγγελμένης
1606 896 1842 963 ἐλπίδος,

250 983 471 1051 καὶτῆς
502 984 628 1035 διὰ1
661 985 770 1035 τῶν
816 986 1092 1039 τοσούτων
1139 987 1350 1055 χρόνων
1403 990 1845 1056 ἀποκαραδοκουο

254 1075 429 1140 μένης
493 1078 584 1127 καὶ
631 1074 971 1147 βλεπομένης
1020 1079 1260 1145 ἐφέσεως
1308 1081 1616 1147 καθέστησε
1671 1080 1840 1145 ξένος.

251 1167 423 1218 Βαϐαὶ
474 1168 568 1219 τοῦ
610 1168 895 1239 θαύματος
929 1171 1019 1222 καὶ
1055 1170 1151 1239 τῆς
1196 1172 1288 1224 τοῦ
1328 1171 1462 1223 Θεοῦ
1494 1172 1560 1224 τὰ
1586 1174 1714 1241 περὶ
1745 1173 1843 1241 τῆς

251 1257 367 1309 τῶν
429 1260 602 1324 ἁγίων
665 1259 896 1331 πράξεις
947 1264 1043 1315 καὶ
1092 1264 1280 1331 ῥήσεις
1331 1263 1715 1332 ἀκριϐολογίας
1748 1265 1844 1316 καὶ

250 1351 569 1416 ἐξετάσεως·
597 1354 794 1421 ἀληθὲς
833 1356 960 1424 γὰρ,
985 1357 1068 1407 ὅτι
1090 1375 1105 1406 ι
1131 1355 1400 1423 Ὀλίγοιοί
1438 1355 1738 1423 σωζόμενοι
1760 1358 1780 1387 ⁸
1820 1375 1837 1405 ι

250 1444 346 1494 καὶ
385 1464 403 1495 ‹
445 1447 690 1498 Βιαστιίν
714 1448 861 1498 ἐστιν
891 1450 923 1517 ἡ
950 1446 1200 1516 βασιλεία
1229 1448 1337 1501 τῶν
1384 1447 1649 1519 οὐρανῶν,
1697 1467 1714 1498 ι
1751 1452 1840 1500 καὶ

249 1538 485 1591 Βιασταὶ
522 1539 864 1606 ἁρπάζουσιν
888 1540 1085 1609 αὑτήν
1126 1558 1144 1591 ι
1179 1570 1249 1582 -—
1276 1542 1507 1611 ἐπείπερ
1545 1541 1667 1592 οὐδὲ
1712 1540 1842 1610 ὄφε-

246 1629 340 1681 λον
365 1630 384 1660 ⁸
418 1630 517 1698 τῆς
550 1632 1037 1701 προειργασμένης
1078 1634 1431 1701 δικαιοσύνης
1457 1634 1670 1702 καὶτῆς
1710 1651 1845 1699 προ-

248 1721 528 1791 λαδούσης
582 1724 717 1790 πρὸς
769 1722 903 1774 Θεὸν
936 1722 1269 1786 οίκειώσεως
1305 1723 1397 1776 τοῦ
1448 1724 1660 1776 δικαίου
1700 1727 1842 1794 παῤ-

251 1813 471 1881 ρησίας,
496 1815 543 1865 εί
570 1814 642 1883 μὴ
676 1814 970 1883 σύμφωνον
999 1819 1095 1884 τῆς
1132 1817 1335 1885 ἀρετῆς
1383 1818 1477 1867 καὶ
1507 1817 1841 1885 κατάλληλον

1953 628 2182 682 en‘ectus
2219 637 2274 681 et
2305 643 2468 693 opere
2494 638 2548 683 et
2574 627 2763 689 verbo,
2808 628 3130 680 annuotiata
3171 640 3266 694 spe
3293 634 3345 677 et
3396 634 3527 675 voto

1953 722 2155 775 tamdiu
2186 731 2386 775 attente
2411 730 2725 791 exspectato
2754 720 2949 773 caruit.
3004 718 3115 771 Hoc
3161 718 3361 770 mirum
3394 730 3528 768 sane

1952 815 2097 867 sicut
2151 823 2204 866 et
2242 814 2333 867 llei
2394 829 2584 869 severa
2631 823 2683 868 et
2740 822 2996 865 arruiata
3044 811 3332 878 inquisitio
3379 812 3526 861 circa

1952 906 2091 960 facta
2131 917 2185 959 et
2213 907 2357 960 dicta
2397 906 2750 960 sanctorum!
2788 903 2924 957 Vere
2957 903 3106 954 enim
3174 918 3191 949 ι
3228 899 3383 966 pauci
3430 913 3523 967 qut

1951 999 2236 1069 salvantur
2276 1018 2293 1050 ι
2336 1008 2388 1051 et
2422 1016 2439 1047 ι
2472 997 2581 1049 vim
2632 996 2834 1065 patitur
2875 1009 3099 1063 regnum
3152 991 3417 1045 cmlorum
3472 997 3528 1041 et

1950 1088 2172 1141 violenti
2215 1089 2431 1153 rapiunt
2459 1086 2612 1143 illttd.
2653 1103 2670 1135 ι
2736 1084 2995 1148 quoniam
3035 1098 3099 1134 ue
3135 1080 3364 1149 pristina
3394 1078 3525 1146 qui-

1951 1181 2074 1233 dem
2124 1181 2360 1247 justitia,
2418 1194 2519 1232 nec
2550 1192 2673 1231 cum
2719 1177 2827 1231 Deo
2882 1174 3221 1227 familiaritas
3274 1172 3525 1224 liduciam

1946 1275 2097 1343 justo
2129 1277 2257 1327 dare
2284 1281 2534 1342 possunt,
2570 1272 2672 1324 nisi
2707 1270 2830 1323 linis
2857 1266 3147 1322 accesserit
3171 1265 3355 1316 virtuti
3392 1278 3525 1315 cou-

1950 1383 2117 1420 sonus
2150 1378 2202 1419 et
2236 1382 2535 1433 rongruus.
2597 1374 2654 1417 ut
2703 1376 2931 1430 magnus
2962 1359 3049 1412 hic
3084 1370 3136 1412 et
3188 1356 3529 1410 admirabilis

1953 1458 2041 1511 Dei
2079 1475 2291 1521 servus,
2353 1470 2406 1511 et
2451 1457 2655 1524 justior
2710 1467 2873 1519 quam
2928 1451 3132 1504 homini
3183 1449 3361 1507 dalur.
3407 1462 3531 1514 pcr-

1950 1553 2139 1619 spicue
2214 1548 2637 1604 demonstravit.
2715 1544 2875 1605 Hinc,
2949 1555 3009 1595 ut
3071 1541 3308 1602 videtur,
3345 1540 3529 1605 justus

1944 1644 2109 1712 judex
2164 1654 2309 1696 recte
2348 1641 2486 1694 dixit
2537 1653 2633 1708 per
2680 1635 3053 1703 prophetam:
3091 1649 3110 1681 ι
3151 1630 3206 1685 Si
3255 1629 3440 1698 justus
3499 1642 3530 1680 a

1943 1735 2154 1801 justitia
2191 1749 2288 1787 sua
2324 1746 2553 1785 aversus
2588 1728 2771 1791 fuerit,
2824 1735 2878 1779 et
2924 1724 3115 1777 fecerit
3165 1721 3527 1789 iniquitatem,

1947 1839 2136 1877 omnes
2165 1821 2409 1889 justitiae,
2441 1835 2578 1888 quas
2616 1816 2764 1877 fecit,
2806 1822 3097 1866 nouerunt
3147 1813 3201 1863 in
3240 1810 3529 1862 hominum

248 1908 563 1976 ἀπαντήσει
592 1909 651 1960 τ’)
680 1908 832 1970 τέλος
879 1910 954 1973 ὡς
1005 1910 1033 1960 6
1075 1910 1251 1978 μέγας
1296 1905 1451 1971 οὗτος
1489 1912 1585 1964 καὶ
1614 1911 1834 1978 ἀξιάγα-
1877 1896 1914 1948 Β

1877 1896 1914 1948 Β
1944 1916 2230 1978 memoria,
2262 1914 2353 1966 sed
2386 1912 2437 1964 in
2484 1918 2705 1979 peccato
2748 1922 2847 1960 suo
2897 1904 3203 1970 morietur;
3250 1921 3268 1955 ι
3305 1910 3357 1955 et
3390 1921 3408 1952 ι
3442 1902 3532 1970 ju-

249 2016 379 2058 στος
410 2000 669 2069 θεράπων
701 2004 791 2055 καὶ
825 2004 963 2074 ὑπὲρ
997 2003 1287 2074 ἄνθρωπον
1334 2004 1544 2066 δίκαιος
1592 2005 1842 2074 ἐναργῶς

248 2091 555 2155 ἀπέδειξεν.
591 2094 921 2153 Κὰντεῦθεν,
976 2095 1050 2157 ὡς
1100 2096 1299 2158 ἔοικεν,
1344 2098 1371 2148 6
1408 2094 1618 2157 δίκαιος
1647 2094 1840 2164 κριτὴς

247 2184 481 2246 εἰκότως
508 2185 610 2256 ἔφη
655 2186 743 2238 διὰ
792 2187 887 2239 τοῦ
918 2188 1231 2255 προςήτουο
1276 2207 1294 2237 ‹
1328 2189 1421 2239 Ἐν
1463 2189 1538 2257 τῷ
1570 2190 1843 2255 ἀποστρέ-

246 2276 352 2344 ψαι
375 2276 395 2307 ⁸
424 2276 631 2329 δίκαιον
666 2279 730 2330 ὲκ
769 2277 868 2341 τῆς
898 2277 1249 2345 δικαιοσύνης
1280 2279 1446 2331 αὑτοῦ
1480 2281 1575 2331 καὶ
1626 2281 1840 2347 ποιήσει

249 2367 494 2428 ἀδικίαν,
534 2368 708 2420 πᾶσαι
741 2369 795 2420 αἱ
823 2367 1165 2422 δικαιοσύναι
1201 2369 1390 2433 αὐτοῦ,
1440 2370 1505 2432 ἃς
1559 2370 1838 2438 ἐποίησεν,

250 2457 313 2507 ού
383 2458 458 2523 μὴ
523 2455 874 2525 μνησοῶσιν,
933 2457 1051 2511 ἀλλ’
1093 2461 1151 2512 ἐν
1205 2463 1271 2529 τῇ
1330 2460 1625 2530 ἁμαρτίᾳ.⁸
1676 2459 1842 2512 αὐτοῦ

250 2546 632 2600 ἀποθανεῖται·
675 2566 693 2599 ι
732 2549 823 2601 καὶ
861 2568 878 2600 ι
924 2549 1246 2621 δικαιοσύνη
1300 2552 1515 2603 δικαίου
1546 2552 1608 2603 ού
1645 2552 1719 2621 μὴ
1755 2552 1844 2616 ἐξ-

252 2640 460 2692 ιλείται
504 2639 666 2692 αὑτὸν
719 2640 778 2691 ἐν
832 2634 957 2714 ᾗᾶν
994 2643 1181 2712 ἡμέρᾳ
1211 2643 1513 2710 πλανηθῇ.»
1549 2644 1692 2712 Ὅρα
1734 2646 1842 2712 γὰρ

251 2733 403 2792 ὅπως
432 2730 557 2783 οὔτε
591 2732 657 2784 τὰ
690 2734 749 2783 ὲν
778 2732 1058 2793 τοσούτοις
1083 2734 1230 2786 ἔτεσι
1263 2734 1355 2786 τοῦ
1380 2735 1660 2797 Μωῦσέως
1694 2735 1843 2786 πλεῖ-

255 2839 358 2874 στα
379 2824 475 2874 καὶ
506 2822 740 2894 διάφορα
770 2826 864 2877 καὶ
898 2827 1039 2894 ὺπέρ
1068 2826 1227 2894 λόγον
1252 2826 1627 2897 ἀριστεύματα
1659 2828 1753 2880 καὶ
1787 2829 1843 2879 at

255 2917 510 2984 συνεχεῖς
570 2917 711 2985 μετὰ
770 2917 945 2970 ταῦτα
1000 2917 1214 2989 δεήσεις
1267 2918 1364 2970 καὶ
1424 2918 1701 2987 ίκετηρίαι
1750 2919 1842 2970 τὸν

250 3008 389 3061 Θεὸν
448 3008 846 3079 ἐδυσώπησαν’
884 3008 1007 3063 οὔτε
1045 3010 1153 3081 μὴν
1202 3013 1235 3081 ἡ
1286 3009 1639 3081 προλαδοῦσα
1693 3011 1847 3079 τηλι-

252 3101 435 3173 καύτη
464 3104 557 3155 καὶ
583 3103 820 3174 τοσαύτη
852 3104 980 3168 δόξα
1007 3120 1071 3156 τε
1108 3104 1201 3156 καὶ
1227 3106 1505 3167 οἰκείωσις
1530 3106 1624 3157 καὶ
1665 3121 1841 3174 προσ-

250 3194 408 3264 εδρία
457 3196 537 3257 είς
582 3191 763 3248 οἶκτον
827 3196 922 3247 καὶ
989 3194 1325 3264 συγγνώμην
1376 3195 1471 3247 τοῦ
1523 3197 1844 3266 σφάλματος

251 3286 669 3339 ἐπισπάσασθαι
709 3286 801 3337 τὸν
844 3286 977 3338 Θεὸν
1003 3286 1309 3355 τηνικαῦτα
1351 3288 1636 3355 δεδύνηται
1670 3290 1758 3341 διὰ
1783 3290 1846 3341 τὸ

256 3378 494 3447 μέγεθος
520 3378 615 3432 τοῦ
645 3378 982 3448 ἀξιώματος.
1016 3379 1256 3450 Εὔδηλον
1283 3382 1364 3433 ὃτι
1393 3383 1533 3434 κατὰ
1566 3384 1659 3434 τὸν
1691 3383 1847 3435 Σολο-

254 3468 450 3539 μῶντα
484 3488 502 3520 ι
542 3470 727 3541 κρίσις
756 3471 1035 3540 ἀπότομος
1074 3473 1131 3523 ὲν
1166 3475 1281 3533 τοῖς
1327 3473 1666 3543 ὑπερέχουσι
1700 3474 1847 3542 γίνεο

251 3577 348 3614 ται
383 3561 426 3615 ⁸.
465 3579 485 3612 ι
561 3562 657 3613 καὶ
717 3579 734 3612 ι
778 3564 891 3624 τοῖς
945 3565 1235 3631 κραταιοίς
1295 3565 1492 3632 ἰσχυρὰ
1554 3565 1844 3632 ἐφίσταται

254 3653 479 3721 ἔρευνα.
517 3671 536 3703 ι
570 3653 646 3721 (9i
678 3652 935 3705 Διδάσκει
958 3654 1013 3706 δέ
1043 3671 1105 3721 γε
1133 3655 1222 3707 διὰ
1250 3656 1459 3707 τούτων
1482 3658 1631 3724 ἡμᾶς
1661 3658 1689 3708 6
1710 3656 1847 3721 Θεὸς

254 3745 332 3807 ὡς
364 3746 489 3807 τοὺς
546 3748 605 3798 ἐν
658 3746 829 3816 ἀρετῇ
864 3746 1109 3809 τελείους
1142 3748 1242 3818 τὴν
1277 3748 1568 3817 ἀκρίϐειαν
1598 3750 1844 3811 ἀπαιτεῖ,

253 3836 367 3906 97
400 3836 494 3888 καὶ
520 3839 633 3899 τοῖς
663 3837 846 3900 ἄλλοις
888 3838 1197 3908 ἀνθρώποις
1232 3840 1445 3909 μεγάλα
1468 3840 1846 3910 παρανομοῦσι

257 3926 655 3997 μακροθυμῶν,
687 3931 801 3989 τοῖς
832 3929 1009 3996 ἁγίοις
1032 3930 1167 3998 (20')
1200 3930 1403 3999 ταύτης
1429 3932 1489 3983 οὐ
1522 3932 1844 3999 μεταδίδωσι

254 4018 358 4085 τῆς
400 4018 736 4088 συγγνώμης
754 4022 795 4051 τ’
813 4021 981 4073 ’Ὅθεν
1002 4023 1031 4074 6
1057 4022 1155 4092 μὲν
1174 4021 1427 4091 Σολομὼν
1459 4020 1613 4083 αὖθίς
1641 4040 1807 4091 φησιν
1826 4041 1840 4054 ·

265 4126 286 4159 δ
332 4110 392 4160 Ὀ
423 4111 524 4176 μὲν
558 4111 669 4177 γὰρ
722 4111 1009 4180 ἐλάχιστος
1055 4112 1408 4180 σύγγνωστὸς
1440 4116 1592 4165 ἐστιν
1626 4113 1835 4176 ἐλέους.

252 4202 475 4253 δυνατοὶ
512 4201 570 4253 δὲ
600 4202 846 4264 δυνατῶς
870 4204 1272 4273 ἐτασθήσονται
1294 4222 1309 4236 ο
1352 4225 1370 4256 ο
1405 4207 1433 4257 6
1460 4206 1518 4258 δὲ
1557 4205 1761 4275 Κύριος
1781 4207 1801 4237 ⁸
1825 4222 1841 4238 ⁸

260 4286 363 4362 «ᾯ
397 4294 498 4361 μὲν
531 4294 641 4364 γὰρ
690 4296 873 4362 ὀλίγον
927 4296 1103 4366 ἐδόθη.
1143 4298 1339 4367 φησὶν,
1369 4298 1552 4366 ὀλίγον
1606 4300 1848 4369 ἀπαιτή-

257 4401 414 4436 σουσι
447 4386 580 4456 παρ’
610 4387 776 4440 αὐτοῦ
800 4405 812 4418 ·
850 4381 894 4455 ᾧ
916 4389 970 4441 δὲ
997 4390 1154 4451 πολὺ,
1190 4391 1325 4442 πολὺ
1356 4394 1451 4445 καὶ
1480 4392 1845 4462 ἀπαιτήσουσι

254 4478 390 4545 παρ’
426 4478 627 4531 αὑτοῦ.
683 4498 702 4531 ι
736 4509 808 4519 -——
855 4480 1066 4533 Οὐκοῦν
1100 4479 1361 4550 εὔκαιρον
1388 4485 1563 4534 εἰπεῖν
1585 4485 1605 4515 ’
1631 4500 1646 4514 ο
1699 4502 1717 4533 ι
1774 4480 1845 4536 *Ω

1947 2008 2094 2061 stitia
2117 2005 2249 2076 justi
2283 2020 2389 2058 non
2425 2002 2677 2057 liberabit
2699 2016 2822 2054 eum
2857 1999 2909 2052 in
2942 2011 3268 2067 quacunque
3296 1994 3383 2047 die
3404 2008 3531 2063 pec-

1947 2101 2174 2155 caverit.
2213 2118 2229 2151 ι
2258 2098 2374 2152 Jam
2418 2098 2539 2150 vide
2573 2094 2851 2165 quomodo
2884 2103 2993 2145 tam
3043 2091 3209 2143 multa
3241 2097 3296 2143 et
3330 2097 3407 2142 tot
3431 2103 3531 2140 an—

1946 2210 2140 2247 norum
2175 2192 2375 2263 Moysis
2412 2192 2551 2244 facta
2605 2190 2729 2258 plus
2771 2203 2934 2255 quam
2990 2190 3249 2242 humana.
3294 2192 3350 2237 et
3400 2197 3533 2236 con-

1944 2286 2112 2338 tinuze
2185 2284 2463 2335 orationes
2515 2289 2569 2334 et
2622 2279 3050 2348 supplicationes
3094 2277 3262 2330 Deum
3316 2276 3531 2341 placare

1947 2376 2171 2429 minime
2244 2383 2559 2442 petueruut,
2635 2387 2813 2439 neque
2894 2370 3223 2422 antecedens
3288 2366 3527 2420 maxima

1927 2466 2116 2537 .gloria
2148 2476 2199 2520 et
2248 2466 2617 2525 familiaritas,
2673 2474 2729 2517 et
2787 2465 2928 2531 apml
2966 2461 3134 2514 Deum
3171 2460 3532 2513 commoratio

1946 2562 2012 2614 ad
2040 2560 2471 2614 misericordiam
2501 2567 2554 2612 et
2581 2558 2796 2610 veniam
2826 2554 3032 2623 peccati
3059 2554 3332 2606 attrahere
3362 2551 3529 2604 Deum

1948 2670 2052 2707 non
2076 2654 2365 2706 valuerunt
2395 2658 2614 2719 propter
2642 2648 2768 2702 facti
2799 2645 3256 2714 magnitudinem.
3280 2641 3532 2696 Profecto

1947 2746 2115 2815 igitur
2140 2745 2296 2814 juxta
2342 2742 2698 2797 Salomonem
2732 2758 2745 2791 :
2786 2758 2804 2789 ι
2834 2737 3108 2792 Judicium
3153 2750 3406 2790 Severum
3445 2734 3533 2787 bis

1948 2839 2041 2907 qui
2080 2839 2344 2909 dignitate
2371 2837 2637 2900 eminent,
2665 2834 2979 2893 adhibetur,
3034 2840 3087 2883 et
3126 2829 3360 2882 fortibus
3390 2828 3529 2879 dura

1950 2932 2201 2985 imminet
2250 2929 2557 2999 inquisitio.
2601 2946 2618 2978 ι
2656 2924 2751 2979 His
2790 2939 3007 2994 quoque
3056 2937 3157 2975 nos
3196 2921 3353 2974 (Ittci'l
3388 2917 3532 2971 Deus

1950 3042 2009 3080 se
2041 3039 2315 3079 summam
2350 3020 2633 3091 postulare
2663 3018 3003 3088 diligentiam
3037 3014 3106 3066 ab
3149 3013 3216 3067 iis
3258 3012 3352 3079 qui
3404 3024 3527 3078 per-

1949 3116 2152 3171 fectam
2187 3116 2444 3167 virtutem
2496 3110 2853 3181 profitentur,
2901 3116 2954 3159 et
2984 3105 3114 3156 dum
3166 3108 3398 3153 ezeteios
3430 3098 3532 3150 bo-

1951 3206 2125 3259 mines
2192 3203 2433 3274 graviter
2503 3208 2794 3270 peccantes
2852 3196 3122 3263 patienter
3186 3190 3350 3249 l‘erat,
3422 3202 3530 3240 mm

1948 3296 2200 3351 eamdem
2270 3292 2477 3348 sanctis
2531 3291 2836 3345 concedere
2912 3285 3333 3352 indulgentium.
3403 3276 3531 3331 Ideo

1952 3389 2207 3443 Salomon
2248 3387 2382 3440 dicit
2417 3387 2613 3439 iterum
2650 3400 2666 3436 :
2699 3398 2718 3432 ι
2758 3378 3070 3432 Humilihns
3096 3374 3241 3428 enim
3276 3371 3537 3425 concedi-

1950 3493 2038 3535 tur
2071 3479 2472 3541 misericordia,
2515 3484 2767 3546 potentes
2824 3480 3007 3525 autem
3041 3481 3231 3521 severe
3252 3463 3535 3517 examina-

1950 3573 2174 3627 buntur.
2209 3591 2228 3622 ι
2270 3570 2534 3624 Dominus
2573 3569 2767 3637 ipsezr
2792 3563 2953 3619 Omni
2979 3561 3067 3615 cui
3090 3571 3323 3628 paucum
3342 3556 3531 3609 datum

1948 3670 2052 3721 est.
2096 3660 2296 3729 inquit,
2329 3671 2563 3727 paucum
2598 3664 2783 3725 petent
2816 3654 2885 3706 ab
2916 3667 3014 3716 eo;
3066 3648 3156 3701 cui
3210 3660 3341 3699 vero
3388 3644 3533 3697 nud-

1950 3763 2087 3813 tum,
2121 3752 2355 3805 multum
2389 3758 2579 3821 petent
2599 3748 2670 3801 ab
2718 3761 2805 3800 eo.
2843 3764 2861 3796 ι
2907 3742 3050 3812 Ergo
3082 3749 3392 3810 opportune
3443 3736 3529 3789 di-

1948 3852 2039 3896 cet
2082 3843 2284 3911 aliquis
2321 3860 2335 3896 :
2384 3860 2401 3893 ι
2442 3839 2487 3894 Ο
2520 3838 2751 3892 altitudo
2797 3834 3113 3890 divitiarum
3150 3841 3206 3885 et
3251 3828 3535 3898 sapientia:

1955 3947 2007 3988 et
2065 3935 2315 3989 scientia:
2374 3931 2467 3986 Dei
2499 3949 2512 3984 :
2546 3945 2712 3999 quam
2778 3922 3351 3995 inetimpreheusihilia
3403 3926 3533 3973 sunt

1943 4026 2150 4095 judicia
2183 4041 2322 4093 ejus,
2354 4034 2409 4077 et
2433 4020 2843 4088 investigabiles
2868 4019 2965 4071 via:
2995 4017 3114 4084 ejus
3144 4017 3157 4069 ι
3200 4033 3217 4063 ι
3249 4021 3303 4066 et
3337 4031 3355 4063 ι
3394 4009 3536 4063 Hor-

1949 4118 2179 4171 remlum
2209 4126 2296 4169 est
2328 4115 2572 4169 incidere
2620 4114 2673 4165 iu
2722 4125 2919 4165 manus
2956 4109 3047 4161 Dei
3096 4107 3329 4159 viventis
3358 4119 3405 4167 ;|
3432 4112 3485 4155 et
3514 4119 3529 4155 :

1954 4230 1973 4261 ‹
2017 4210 2343 4263 llorrendus
2377 4209 2561 4262 vultus
2588 4204 2805 4258 Domini
2839 4218 3004 4270 super
3036 4200 3305 4255 facientes
3329 4196 3527 4251 mala.-

1949 4303 2163 4357 ldeirco
2190 4321 2211 4353 ι
2247 4300 2561 4356 Secundum
2597 4311 2855 4367 magnam
2921 4292 3353 4347 misericordiam
3392 4290 3533 4356 ejus,

1950 4394 2031 4448 sic
2055 4404 2109 4446 et
2136 4407 2331 4459 magna
2359 4391 2636 4459 correptio
2664 4390 2805 4457 ejus.
2854 4405 2871 4438 ι
2911 4406 2930 4437 ι
2974 4384 3349 4439 Misericordia
3385 4381 3532 4434 enim

1949 4494 2003 4538 et
2071 4486 2149 4537 ira
2226 4484 2370 4551 apud
2435 4484 2611 4547 illum,
2651 4500 2670 4533 ι
2710 4491 2765 4534 et
2804 4498 2822 4531 ι
2861 4479 3041 4547 Super
3073 4484 3392 4547 peceatores
3446 4487 3536 4525 re-

252 4568 419 4634 βὰθος
478 4568 711 4622 πλούτου
764 4572 857 4623 καὶ
918 4572 1111 4638 σοφίας
1148 4572 1241 4624 καὶ
1269 4572 1529 4639 γνώσεως
1557 4572 1694 4624 Θεοῦ
1724 4588 1736 4601 °
1765 4573 1838 4634 ὼς
1879 4593 1916 4644 ο

1879 4576 2179 4644 anieseit
2213 4577 2293 4629 ira
2356 4576 2546 4641 illius;
2597 4592 2615 4625 ι
2666 4574 2877 4627 idcirco
2931 4571 3098 4624 etiam
3150 4587 3166 4619 ι
3204 4566 3279 4620 Ne
3330 4564 3537 4633 angelis

250 4660 657 4729 ἀνεξερεύνητα
689 4663 757 4715 τὰ
797 4663 1040 4732 κρίματα
1081 4664 1250 4717 αὑτοῦ
1299 4666 1394 4716 καὶ
1439 4664 1836 4733 ἀνεξιχνίαστοι

250 4756 307 4805 αί
340 4756 452 4805 ὁδοὶ
487 4754 691 4809 αὑτοῦὶ
736 4774 753 4806 ι
785 4758 891 4808 Καὶ
918 4757 981 4819 ¹⁰,
1025 4776 1042 4807 ι
1076 4757 1315 4827 Φοὸερὸν
1349 4758 1407 4808 τὸ
1438 4759 1703 4826 ἐμπεσεῖν
1754 4760 1836 4820 είς

1946 4668 2167 4736 quidem
2246 4676 2544 4736 postquam
2606 4672 2976 4736 peccaverunt
3025 4659 3289 4731 pepercit,
3329 4677 3346 4708 ι
3393 4658 3539 4710 sicut

1946 4761 2213 4829 scriptum
2246 4769 2351 4813 est.

248 4850 444 4917 χεῖρας
492 4848 628 4901 Θεοῦ
684 4847 953 4912 ζῶντος.»
1002 4851 1109 4902 Καὶ
1164 4851 1443 4921 ιΦοόερὸν
1482 4851 1629 4911 τδ¹“,
1672 4851 1969 4920 πρόσωπον
2010 4855 2216 4923 Κυρίου
2269 4856 2365 4906 ἐπὶ
2431 4852 2724 4915 ποιοῦντας
2787 4850 3001 4904 κακά.»
3057 4847 3268 4900 Attin"
3320 4862 3337 4894 ι
3380 4838 3537 4894 Κατᾶ

248 4946 311 4993 τὸ
351 4944 487 4995 πολὺ
544 4944 694 5007 ἔλεος
744 4945 933 5007 αὑτοῦ,
962 4945 1137 5006 οὕτως
1190 4947 1286 4996 καὶ
1338 4946 1502 5007 πολὺς
1552 4949 1579 4998 ὁ
1616 4946 1839 5015 ἔλεγχος
1878 4948 2070 5002 αὑτοῦ.
2114 4968 2130 5000 ι
2171 4950 2212 4981 ¹³
2248 4949 2471 5011 «Ἔλεος
2527 4950 2636 5020 γὰρ
2672 4948 2770 5001 καὶ
2832 4946 2974 5015 ὀργὴ
3042 4944 3171 5011 παρ’
3206 4938 3375 4994 αὑτοῦ

251 5034 349 5084 καὶ
377 5052 396 5085 ε
447 5034 571 5087 Ἐπὶ
596 5036 955 5105 ἁμαρτωλοὺς
991 5036 1336 5089 καταπαύσει
1383 5041 1409 5089 ὀ
1438 5037 1610 5104 θυμὸς
1650 5038 1839 5092 αὑτοῦ.
1889 5058 1905 5089 ι
1958 5042 2064 5093 Καὶ
2115 5041 2201 5093 διὰ
2251 5040 2412 5092 τοῦτο
2464 5042 2719 5105 πάντως,
2761 5059 2777 5090 ι
2806 5038 2942 5090 Ούδὲ
2996 5034 3245 5103 ἀγγέλων
3282 5033 3536 5101 ἁμαρτη-

254 5128 471 5179 σάντων
503 5129 780 5194 ἐφείσατο,
831 5150 848 5181 ι
888 5132 1071 5193 καθὼς
1096 5131 1499 5201 γέγραπταιίδ.

1459 5380 1661 5440 Varias
1711 5379 2020 5443 lectiones
2065 5388 2125 5441 et
2151 5386 2333 5441 notae.

302 5663 323 5670 _
371 5592 462 5670 Et}
499 5592 601 5657 τῆς
659 5592 769 5670 tciri
798 5593 921 5645 col.
1036 5595 1054 5623 ‘
1090 5592 1280 5647 Matth.
1319 5612 1409 5653 xx,
1459 5594 1536 5644 lli.
1584 5594 1593 5609 '

252 5663 365 5733 ’τῆν
416 5660 777 5733 δικαιοσυνῶν
838 5680 891 5714 κ.
947 5679 1005 5714 π.
1062 5667 1418 5733 παράπτωμα
1474 5665 1546 5717 ΕΖ
1610 5682 1691 5723 Ill,
1724 5666 1815 5716 20.

254 5732 273 5761 ⁷
313 5730 397 5784 Vl.
442 5730 565 5776 6.-
602 5733 932 5799 συγγνὼμης
961 5736 1007 5783 ὲ.
1051 5730 1156 5785 καῖ
1212 5738 1236 5786 ὲ
1304 5730 1426 5786 cod.

262 5816 352 5865 tit,
389 5804 468 5855 l2.
591 5803 631 5833 η
661 5802 766 5857 Sir.
801 5820 907 5867 xu,
942 5805 1115 5864 lill.
1235 5808 1275 5838 ”
1316 5808 1403 5859 Sir
1457 5824 1506 5867 ι’,
1556 5806 1606 5864 6,
1640 5805 1687 5855 7.

371 5591 462 5642 διὰ
499 5590 601 5657 τῆς
659 5592 769 5642 τῶν
798 5607 862 5645 eo
886 5593 921 5644 Ι.

1599 5596 1658 5646 0.
1696 5594 1743 5644 οἱ
1789 5593 2053 5650 ἐκλεκτοί,
2103 5610 2175 5650 τι,
2230 5592 2316 5645 12.

1910 5668 1929 5696 ⁵
1971 5666 2091 5725 ταῖς
2145 5664 2445 5729 ἁμαρτίαις
2492 5663 2585 5716 Ez.
2641 5679 2832 5722 xui”,
2872 5661 2958 5713 1‘2.

1575 5733 1594 5760 "
1623 5736 1751 5787 Luc.
1793 5750 1883 5785 ιιι.
1932 5734 2017 5785 i8.

1799 5807 1855 5835 ¹³¹
1896 5803 2053 5863 Nota.
2109 5806 2183 5859 sic
2234 5804 2530 5867 Silacides,
2590 5805 2739 5867 αὐτῷ
2780 5804 2902 5857 cod.

2901 5591 2921 5620 ⁸
2951 5590 3323 5659 ἀποστρέφειν
3348 5589 3395 5641 δ.
3425 5586 3534 5640 ἀπὸ

2904 5661 2936 5693 q
3062 5662 3083 5693 α
3111 5663 3215 5693 ει...
3299 5677 3345 5693 ι..
3415 5658 3531 5693 mo-

2692 5679 2832 5722 ιχιιι,
2872 5661 2958 5713 12.
3062 5662 3083 5693 ⁸
3110 5658 3236 5730 Sap.
3299 5677 3369 5721 Vl,
3415 5658 3533 5712 6-9.

2692 5733 2734 5762 ‘°
2769 5731 2933 5785 ΙΙυΙιτ.
2979 5748 3030 5791 :t,
3082 5734 3169 5785 5|.
3284 5731 3321 5760 "
3363 5729 3378 5781 I
3416 5729 3529 5783 Pet.

2697 5805 2739 5856 ὦ
2780 5804 2902 5856 cod.
3018 5800 3059 5831 “
3092 5802 3128 5853 ll
3167 5801 3308 5856 Petri
3363 5818 3418 5856 ιι.
3470 5799 3519 5852 4-

2395 5593 2414 5622 ⁸
2445 5592 2653 5645 ὣοελον
2692 5591 2824 5644 'rod.

2130 5734 2149 5763 ’
2182 5732 2340 5785 Iliun.
2380 5751 2451 5792 XI.
2487 5736 2573 5787 53.
