4278 6446
231 467 333 532 189

1441 477 1905 542 (ΙΗΙὶΟΝΙΕΟΝ.
1948 508 2015 518 ·-
2059 486 2203 546 LIB.
2249 487 2292 548 Ι.

3391 499 3495 563 190

221 597 413 656 νουσα,
440 580 530 631 τὸν
568 578 625 632 δὲ
672 579 874 647 μᾶλλον
908 581 1350 653 διδικαιωμένον.
1396 589 1518 640 "0:.
1551 593 1657 656 γὰρ
1683 591 1810 652 τοὺς
1843 606 1884 646 Α

1800 609 1810 652 ;
1843 606 1884 646 Α
1917 602 2050 658 tmn,
2091 596 2322 649 alterum
2384 613 2512 650 vero
2544 600 2715 667 magis
2755 602 3119 670 justiﬁcaium
3174 608 3489 663 osrendens.

221 671 525 740 λογισμοὺς
550 672 771 735 καὶτὰς
803 675 1048 743 πονηρὰς
1095 675 1426 748 ὶνθυμήσεις
1472 685 1650 750 κρινεῖ
1698 683 1809 735 Κύ-

223 780 365 831 ριος,
400 763 567 816 ἀκονε
609 765 662 817 τί
687 781 853 834 φησιν
887 765 1068 829 ὀΘεὸς
1092 766 1180 822 διὰ
1221 770 1450 823 Ἡσαΐου
1486 773 1527 803 ¹⁹
1551 791 1563 803 ο
1609 773 1809 839 ιΚὰγὼ

217 858 288 910 τά
330 857 470 927 ἔργα
500 859 596 911 καὶ
647 861 777 922 τοὺς
821 859 1121 931 λογισμοὺς
1162 864 1344 916 αὐτῶν
1376 865 1608 935 ἔρχομαι
1645 883 1808 919 συνα-

217 953 483 1016 γαγεῖν.»
521 954 633 1006 Καὶ
674 951 731 1005 δὲ
759 953 854 1005 καὶ
895 955 924 1006 6
962 955 1126 1008 Δαυῖδ
1181 957 1368 1024 ἔλεγεν
1405 961 1449 989 ¹⁰
1477 976 1490 988 ο
1535 979 1553 1010 ι
1583 961 1810 1012 Ἕνεκεν

215 1041 368 1102 τίνος
402 1041 760 1111 παρώργισεν
785 1044 813 1094 6
840 1044 1048 1115 ἀσεϐὴς
1080 1047 1174 1099 τὸν
1221 1047 1392 1109 Θεόνς
1431 1045 1552 1101 εἷπε
1602 1050 1712 1120 γὰρ
1753 1054 1809 1103 ὲν

218 1132 421 1203 καρδίᾳ
447 1133 614 1184 αὐτοῦ
645 1149 659 1162 ·
689 1135 803 1186 Οὔκ
832 1136 1182 1205 ὲκξητήσει»,
1215 1138 1484 1206 δήπουθεν
1515 1141 1584 1194 τὰ
1623 1140 1807 1210 πλημ-

219 1223 520 1292 μελήματα
557 1243 659 1294 μου
695 1243 708 1255 ·
736 1227 876 1280 ὥστε
912 1230 1129 1292 πάντως
1155 1233 1271 1301 ἐρεῖ
1297 1234 1432 1302 πρὸς
1463 1235 1626 1287 αὑτὸν
1666 1235 1810 1288 εἰκό-

215 1332 328 1378 τως
361 1319 403 1348 ⁸⁸
433 1332 449 1347 °
489 1317 722 1386 «ἐλέγξω
745 1320 856 1390 99
884 1338 942 1374 σε
977 1327 1072 1375 καὶ
1101 1327 1442 1395 παραστήσω
1468 1327 1608 1380 κατά
1643 1328 1809 1397 πρόσ-

213 1409 369 1460 ωπόν
411 1425 505 1463 σου
546 1412 646 1475 τὰς
677 1413 951 1482 ἁμαρτίας
977 1432 1141 1470 σου.»
1177 1418 1288 1487 (15)
1329 1418 1438 1471 Καὶ
1479 1419 1611 1486 γοῦν
1669 1420 1808 1486 πρὸς

217 1499 414 1552 τοῦτόν
439 1505 484 1533 ⁸³
517 1520 683 1572 φησιν
733 1507 765 1573 ή
824 1507 1012 1579 Γραφή
1042 1526 1056 1538 ⁸
1098 1529 1115 1560 ι
1141 1509 1287 1564 Ἰδὼν
1325 1512 1530 1581 Κύριος
1567 1513 1596 1563 ὀ
1649 1513 1804 1578 Θεὸς,

215 1590 299 1643 ὅτι
329 1592 753 1668 ὲπληθύνθησαν
776 1599 834 1650 αἱ
873 1601 1063 1655 κακίαι
1099 1602 1207 1656 τῶν
1252 1604 1558 1674 ἀνθρώπων
1586 1606 1680 1657 ἐπὶ
1708 1605 1808 1674 τῆς

215 1683 343 1751 γῆς,
380 1688 474 1739 καὶ
510 1690 615 1752 πᾶς
639 1707 721 1753 τις
749 1690 1043 1746 διανοεῖται
1072 1696 1129 1746 ὲν
1155 1698 1218 1763 τῇ
1251 1697 1451 1768 καρδίᾳ
1474 1697 1636 1750 αὑτοῦ
1679 1699 1807 1752 im-

216 1777 402 1843 μελῶς
427 1781 523 1832 ἐπὶ
553 1783 620 1836 τά
655 1788 867 1854 πονηρά
892 1787 1075 1850 πάσας
1114 1790 1214 1851 τὰς
1243 1792 1475 1860 ἡμέρας,
1499 1793 1596 1845 καὶ
1627 1788 1804 1846 εἶπενο

228 1867 548 1939 Ἀπαλείψω
585 1873 674 1926 τὸν
708 1876 1019 1946 ἄνθρωπον,
1065 1879 1126 1931 ὃν
1170 1882 1425 1952 ἐποίησα,
1457 1884 1564 1937 ἀπὸ
1594 1884 1807 1954 προσώ-

214 1974 323 2010 που
356 1961 456 2029 τῆς
491 1964 616 2031 γῆς,
651 1965 732 2017 ὅτι
761 1966 1108 2039 ἐνεθυμήθην
1138 1973 1371 2044 ποιήσας
1406 1975 1592 2029 αὐτόν.
1617 1995 1634 2028 ι
1671 1973 1803 2031 Εἶτα

217 2051 365 2118 μετὰ
394 2055 488 2105 τὸν
541 2058 932 2129 κατακλυσμὸν
985 2063 1410 2134 σπλαγχνισθεὶς
1438 2069 1481 2100 ¹³
1535 2070 1562 2121 6
1613 2070 1804 2138 φιλάν-

213 2144 441 2212 θρωπος
471 2148 657 2214 Θεός,›
694 2153 1028 2226 ὲπήγαγενή
1054 2157 1245 2228 Γραφὴ
1273 2160 1507 2226 λέγουσα
1537 2162 1581 2193 ’³
1603 2180 1616 2194 ·
1664 2164 1805 2218 «Καὶ

211 2232 335 2290 εἷπε
365 2240 571 2311 Κύριος
595 2245 623 2296 ὁ
653 2243 783 2308 Θεός
802 2264 816 2276 ·
862 2249 1174 2318 Διανοηθεὶς
1206 2252 1286 2303 ἔτι
1317 2254 1377 2304 ού
1412 2254 1488 2324 μὴ
1508 2257 1804 2326 προσθήσω

211 2329 310 2419 τοῦ
335 2335 685 2404 καταρᾶσθαι
718 2341 818 2408 τὴν
847 2340 950 2408 γῆν
973 2340 1060 2395 διὰ
1084 2343 1152 2394 τὰ
1184 2343 1320 2413 ἔργα
1335 2346 1444 2398 τῶν
1473 2349 1799 2419 ἀνθρώπων,

213 2417 301 2472 ὅτι
320 2420 570 2487 ἔγκειται
606 2427 638 2496 ή
677 2427 885 2483 διάνοια
923 2432 1017 2485 τοῦ
1039 2435 1328 2505 ἀνθρώπου
1380 2417 1658 2511 ἐπιμελιῦς
1705 2446 1801 2498 ἐπὶ

212 2511 286 2562 τὰ
319 2517 542 2585 πονηρά
574 2517 638 2571 ὲκ
669 2521 922 2590 νεότητος
950 2525 1140 2580 αὐτοῦ.
1170 2548 1188 2580 ι
1229 2531 1341 2599 (14)
1377 2532 1587 2604 Ὠσπερ
1622 2532 1717 2590 οὖν
1744 2540 1797 2593 αἱ

207 2605 484 2699 γυναῖκες
514 2607 624 2661 ἀπὸ
660 2615 949 2677 συνουσίας
976 2616 1274 2686 τίκτουσιν,
1317 2623 1423 2676 κᾶν
1462 2626 1564 2693 μὲν
1599 2628 1800 2699 ὑγιηνά

211 2693 285 2791 ea
302 2693 562 2764 σώματαο
590 2702 815 2756 τοιαῦτα
834 2709 926 2759 καὶ
955 2709 1024 2761 τὰ
1048 2712 1362 2782 τικτόμενα·
1391 2719 1439 2769 εί
1460 2717 1516 2770 δὲ
1539 2693 1798 2791 διεφθαρ-

213 2785 382 2854 μένα,
408 2792 707 2859 μιμοῦνται
735 2798 837 2866 τὴν
866 2801 975 2851 τῶν
995 2804 1200 2869 γονέων
1228 2809 1412 2874 φύσιν,
1452 2811 1595 2864 οὕτω
1615 2814 1679 2885 δὴ
1704 2819 1798 2871 καὶ

212 2876 309 2970 επὶ
336 2877 447 2930 τῶν
471 2879 752 2950 λογισμῶν
773 2902 786 2915 ·
819 2886 886 2939 ἂν
913 2889 1012 2956 μὲν
1045 2891 1272 2958 ἀγαθοῖς
1296 2897 1548 2970 συγγίνῃ,
1573 2876 1798 2956 τοιαῦτα

213 2966 374 3060 δοται
402 2974 498 3024 καὶ
523 2973 591 3027 τὰ
625 2975 847 3043 ἔγγονα,
882 2979 948 3032 ἂν
982 2981 1040 3035 δὲ
1080 2988 1361 3055 πονηροῖς,
1414 2966 1615 3060 πολλὴν
1650 2995 1798 3047 ἐκεῖ·

212 3058 307 3112 θεν
343 3059 488 3132 λήψῃ
516 3065 614 3132 τὴν
644 3066 860 3136 λοίμην,
884 3063 928 3122 ὦ
954 3064 1129 3133 οὗτος.
1168 3075 1278 3126 Καὶ
1300 3076 1534 3131 ἄκουσον
1632 3099 1795 3152 φησιν

209 3148 240 3197 6
265 3153 555 3223 προφήτης
588 3156 716 3228 περὶ
746 3157 858 3210 τῶν
890 3160 1028 3214 καλά
1060 3163 1520 3237 διαλογιζομένων
1547 3172 1623 3202 ¹⁵’
1663 3148 1795 3227 «ista

1832 1931 1880 1990 Β

1911 684 2208 743 Perversas
2272 688 2418 743 enim
2478 692 2837 760 cogitationes
2872 712 2900 748 a
2961 696 3074 750 Deo
3123 698 3359 767 judicari
3410 710 3491 754 te-

1911 789 2089 833 statur
2117 781 2310 842 Isaias,
2351 783 2538 836 dicens
2574 805 2586 837 :
2621 808 2638 836 ι
2677 784 2787 850 Ego
2819 797 3000 840 autem
3047 805 3210 858 Opera
3234 799 3290 845 et
3333 792 3489 860 cogi-

1913 873 2149 924 tationes
2183 885 2372 925 eorum
2423 877 2581 927 venio
2613 875 3046 932 exmuinaturus.
3084 897 3102 930 ι
3147 879 3314 933 David
3351 896 3488 949 quo-

1912 977 2019 1031 que
2042 962 2294 1018 dicebat:
2340 983 2357 1015 ι
2384 965 2610 1036 Propter
2640 969 2769 1036 quid
2801 969 3038 1023 irritavit
3063 971 3259 1041 impius
3278 974 3491 1030 Dean

1915 1055 2058 1108 Dixit
2087 1056 2230 1108 enim
2260 1056 2312 1110 in
2341 1059 2506 1112 corde
2536 1075 2675 1113 suo:
2709 1079 2726 1111 ι
2759 1060 2874 1115 Non
2930 1063 3192 1131 requiret,
3226 1082 3244 1115 ι
3279 1066 3488 1120 scilicet

1913 1158 2135 1215 peccata
2196 1166 2336 1205 mea.
2397 1148 2551 1204 Unde
2602 1151 2721 1217 jure
2769 1155 2964 1208 merito
3011 1156 3077 1208 ad
3130 1171 3253 1208 eum
3305 1156 3488 1210 dicit:

1918 1238 2207 1306 «Ai-gnam
2281 1250 2352 1305 te,
2407 1251 2460 1294 et
2523 1251 2761 1296 statuam
2821 1254 3012 1298 contra
3083 1245 3277 1300 faciem
3338 1254 3486 1299 tuam

1910 1339 2134 1396 peccata
2173 1341 2286 1384 tua.
2326 1331 2452 1385 llleo
2497 1333 2562 1384 ad
2603 1334 2748 1387 hunc
2782 1334 3067 1402 Scriptura
3116 1336 3249 1388 dicit
3283 1354 3295 1388 :
3336 1353 3352 1384 ι
3397 1335 3486 1387 Vi-

1910 1421 2043 1474 dens
2078 1420 2344 1477 Dominus
2391 1423 2534 1479 Deus
2563 1426 2708 1494 quod
2754 1425 3112 1494 multiplicata
3161 1437 3247 1479 est
3279 1425 3489 1478 malitia

1913 1512 2194 1566 hominum
2233 1529 2396 1583 super
2429 1525 2656 1580 terram,
2704 1525 2758 1570 et
2805 1517 3185 1586 unusquisque
3226 1518 3279 1570 in
3321 1520 3488 1574 corde

1910 1620 2014 1659 suo
2051 1606 2282 1660 sollicite
2337 1608 2478 1660 mala
2533 1609 2747 1662 cunctis
2804 1608 2997 1662 diebus
3057 1609 3372 1668 meditatur,
3433 1621 3488 1662 et

1909 1695 2045 1748 dixit
2077 1713 2089 1749 :
2127 1695 2324 1750 Delebo
2368 1698 2666 1763 hominem,
2701 1713 2863 1767 quem
2894 1698 3020 1762 feci,
3060 1714 3089 1751 a
3128 1697 3267 1752 facie
3305 1711 3487 1761 teri-ar,

1908 1787 2036 1857 quia
2093 1803 2178 1841 me
2210 1790 2434 1856 pa'nitet
2484 1805 2608 1843 eum
2652 1789 2870 1845 fecisse.
2911 1809 2933 1844 ι
2987 1792 3160 1857 Quum
3207 1807 3337 1845 vero
3368 1804 3491 1860 post

1909 1883 2172 1935 diluvium
2213 1883 2589 1936 misericordia
2619 1896 2801 1938 motus
2823 1896 2969 1938 esset
3015 1886 3285 1952 benignus
3319 1884 3485 1944 Deus.

1912 1980 2024 2031 haec
2049 1977 2202 2031 addit
2247 1976 2532 2046 Scriptura
2572 1995 2584 2030 :
2619 1995 2636 2028 ι
2681 1977 2743 2030 Et
2792 1977 2930 2030 dixit
2986 1976 3248 2030 Dominus
3292 1975 3434 2030 Deus
3470 1996 3482 2029 :

1906 2066 2268 2138 Nequaquam
2306 2071 2448 2124 ultra
2488 2071 2811 2124 maledicam
2849 2081 3008 2125 terrm
3056 2083 3278 2142 promer
3319 2087 3486 2141 opera

1915 2158 2220 2221 hominum,
2260 2160 2386 2227 quia
2428 2161 2685 2226 cegitatio
2717 2161 2954 2215 hominis
2997 2164 3050 2214 in
3085 2164 3285 2216 malum
3314 2178 3488 2231 prona

1906 2260 1989 2305 est
2042 2251 2110 2304 ab
2166 2253 2530 2306 adolescentia
2560 2269 2680 2306 sua.
2730 2272 2745 2303 ι
2796 2255 3262 2319 Quemadmodum
3322 2256 3485 2325 igitur

1906 2345 2168 2399 mulieres
2197 2361 2260 2398 ex
2296 2348 2597 2399 concubitu
2633 2364 2716 2416 pan
2735 2348 2877 2412 iuni,
2903 2358 2956 2400 et
2982 2349 3026 2400 si
3053 2364 3188 2401 sana
3216 2349 3326 2402 sint
3357 2366 3483 2403 cor-

1905 2452 2061 2506 pora,
2089 2440 2215 2492 talis
2249 2449 2334 2492 est
2380 2449 2434 2492 et
2468 2440 2680 2506 proles;
2704 2441 2749 2494 si
2783 2456 2911 2494 vero
2937 2441 3207 2504 morbida,
3230 2451 3482 2494 naturam

1905 2540 2194 2598 parentum
2233 2530 2418 2601 proles
2441 2531 2722 2596 imitatur;
2755 2532 2826 2584 ita
2861 2534 3024 2587 etiam
3067 2533 3125 2585 ﬁt
3162 2534 3229 2586 de
3278 2535 3486 2602 cogita-

1905 2624 2177 2689 tionibus;
2224 2625 2268 2678 si
2315 2623 2472 2678 bonis
2524 2623 2743 2691 quidem
2781 2625 3083 2689 adluereas,
3123 2625 3260 2679 tales
3317 2634 3486 2679 ei'uut

1901 2731 2119 2786 quoilue
2159 2717 2337 2782 liberi,
2379 2717 2424 2770 si
2457 2732 2585 2770 vero
2615 2717 2796 2782 malis,
2849 2733 3099 2786 magnam
3137 2719 3263 2772 hinc
3296 2733 3484 2772 sumes

1905 2809 2228 2878 perniciem.
2266 2809 2406 2861 Audi
2454 2809 2583 2876 quid
2627 2809 2774 2863 dicat
2828 2810 3090 2879 propheta
3143 2810 3211 2864 de
3270 2810 3338 2863 iis
3388 2808 3482 2876 qui

1903 2901 2043 2954 bona
2077 2902 2343 2969 cogitaui.
2387 2919 2404 2951 ι
2437 2901 2538 2956 Ροι·
2566 2902 2816 2956 timorem
2854 2911 3030 2966 tuum,
3065 2902 3314 2964 Domine,
3344 2918 3480 2957 con-

1901 2992 2172 3061 cepimus,
2199 3003 2252 3044 et
2280 2992 2699 3061 parturivimus,
2752 3002 2806 3047 ct
2862 2995 3171 3061 peperimus
3225 2995 3480 3062 Spil'ilttill

1904 3086 2124 3138 salutis.
2166 3104 2183 3135 ι
2225 3085 2300 3138 De
2351 3086 2562 3139 vitiosis
2598 3094 2778 3138 autem
2813 3102 2825 3137 :
2861 3103 2879 3136 ι
2919 3087 3028 3139 Ova
3075 3087 3325 3154 aspidum
3384 3104 3479 3140 rn-

1903 3185 2120 3244 perunt,
2154 3187 2205 3228 et
2243 3175 2402 3229 telam
2433 3190 2647 3229 araneae
2691 3184 2897 3229 texunt.
2940 3195 2957 3227 ι
3020 3176 3073 3230 Id
3109 3177 3277 3246 igitur
3309 3179 3480 3231 medi-

209 3243 304 3292 τὸν
329 3246 497 3310 φόδον
530 3264 645 3313 σου,
681 3249 873 3320 Κύριε,
906 3255 964 3308 ὲν
999 3256 1201 3327 γαστρὶ
1230 3258 1518 3330 ἐλάϐομεν,
1546 3266 1641 3316 καὶ
1670 3265 1796 3318 eat-
1825 3272 1868 3326 ς

1786 3294 1796 3306 -
1825 3272 1868 3326 c
1905 3276 2104 3331 t:mtes,
2141 3284 2173 3322 ο
2205 3269 2390 3328 amici.
2417 3276 2625 3320 mutata
2653 3270 2918 3322 sententia
2942 3281 3255 3323 nostrarum
3279 3270 3475 3324 virium

211 3335 460 3406 νήσαμεν
484 3341 580 3393 καὶ
624 3343 888 3414 ὶτέκομεν
924 3347 1144 3418 πνεῦμα
1193 3354 1523 3424 σωτηρίας.»
1564 3358 1696 3426 Περὶ
1739 3359 1795 3410 δὲ

209 3427 323 3478 τῶν
370 3430 595 3496 φαύλων
618 3434 662 3464 ’⁸
691 3447 708 3464 ⁶
744 3453 763 3486 ι
803 3436 896 3490 Ὠἀ
932 3438 1178 3494 ἀσπίδων
1211 3442 1471 3515 ἔρῤηξαν,
1523 3448 1615 3500 καὶ
1652 3451 1797 3502 ίστὸν

210 3521 461 3590 ἀράχνης
487 3524 860 3591 ὑφαίνουσιν.»
901 3530 1068 3584 Ταῦτ’
1091 3532 1184 3586 οὖν
1209 3537 1542 3603 ἐννοοῦντες,
1576 3541 1794 3612 ἀγαπη-

207 3612 313 3674 τοὶ,
372 3619 888 3688 γνωσιμαχήσωμεν
935 3625 1029 3675 καὶ
1072 3626 1204 3695 περὶ
1256 3627 1352 3680 τοῦ
1406 3629 1596 3693 τέλους
1635 3633 1792 3702 ἡμῶν

207 3707 595 3775 φμντίσωμεν
647 3711 728 3763 ὅτι
776 3715 1034 3782 μάλιστα,
1078 3719 1173 3770 καὶ
1215 3719 1290 3790 μὴ
1340 3722 1680 3793 παυσώμεθα
1725 3726 1794 3780 τὰ

209 3815 274 3850 πε
285 3800 339 3868 pl.
361 3800 457 3853 τοῦ
485 3801 733 3872 ἀοιδίμου
761 3805 971 3859 ἐκείνου
997 3809 1090 3863 καὶ
1112 3810 1404 3866 θεσπεσίου
1426 3815 1618 3884 ἀνδρὸς
1641 3834 1794 3869 νουν-

215 3890 355 3958 ιχῶς
387 3891 937 3962 ύπομνημονειὶοντες
992 3898 1105 3969 (13)
1136 3901 1244 3953 Καὶ
1295 3903 1405 3971 γὰρ
1438 3906 1532 3957 xui
1559 3907 1586 3959 ό
1619 3910 1791 3975 μέγας

205 3981 492 4047 Βασίλειος
538 3984 725 4039 τοῦτον
780 3988 982 4057 μᾶλλον
1023 3991 1607 4064 ὑπερεκπληττόμενος
1647 3996 1791 4051 οὕτω

203 4075 435 4142 φάσκει.
471 4079 673 4132 ι”Οταν
699 4079 794 4133 ἴδω
822 4082 1087 4146 Μωῦσέα,
1122 4085 1218 4137 τὸν
1244 4088 1287 4117 ⁸⁷
1321 4087 1417 4140 τοῦ
1451 4089 1586 4141 Θεοῦ
1623 4090 1789 4161 θερά-

203 4188 379 4223 ποντα
411 4173 506 4225 τὸν
559 4176 736 4243 μέγαν
789 4176 1019 4241 ἐκεῖνον,
1063 4177 1152 4230 τὸν
1206 4180 1475 4251 τοσαύτης
1533 4183 1632 4251 μὲν
1689 4184 1788 4238 καὶ

204 4264 539 4334 τηλικαύτης
579 4265 882 4330 ἀξιωθέντα
921 4269 1073 4339 παρὰ
1103 4270 1195 4322 τοῦ
1227 4271 1362 4323 Θεοῦ
1408 4277 1599 4343 τιμῆς,
1644 4275 1786 4328 οὕτω

199 4357 256 4407 δὲ
298 4356 566 4416 πολλάκις
603 4357 695 4410 ὑπ’
721 4358 887 4410 αὐτοῦ
915 4360 1339 4431 μαρτυρηθέντα
1365 4363 1440 4425 ὡς
1483 4365 1715 4418 ἀκοῦσαι
1741 4368 1786 4398 ’⁸

206 4466 224 4497 ι
260 4449 481 4515 Ἐγνων
506 4465 567 4500 σε
611 4451 762 4519 παρά
796 4453 1002 4514 πάντας
1024 4469 1070 4517 ς»
1105 4455 1222 4516 καὶ,
1261 4473 1278 4506 ι
1309 4456 1562 4527 Εὕρηκας
1623 4461 1785 4529 χάριν

199 4539 439 4593 ἐνώπιόν
472 4559 575 4611 μου
602 4557 649 4593 »ο
683 4543 875 4596 τοῦτον
904 4545 1032 4598 ὅταν
1067 4546 1162 4598 ἴδω
1192 4547 1282 4598 ἐπὶ
1302 4547 1397 4599 τοῦ
1430 4549 1618 4613 ὓδατος
1650 4552 1731 4622 (21
1764 4553 1780 4612 )

1902 3360 2252 3431 fragilitatem
2329 3379 2716 3433 agnoscamus,
2790 3376 2843 3417 et
2896 3364 3056 3417 tinem
3106 3374 3356 3419 nostrum
3408 3365 3480 3418 ob

1899 3455 2092 3508 oculos
2117 3454 2382 3510 habentes
2409 3472 2574 3526 quam
2619 3460 2878 3521 maxime,
2929 3471 3144 3525 semper
3203 3457 3474 3511 celebrem

1899 3545 2048 3597 illum
2091 3555 2146 3600 et
2180 3547 2420 3601 divinum
2454 3549 2632 3603 virum
2677 3550 2730 3602 in
2765 3549 3089 3603 memoriam
3130 3565 3472 3604 revocamus.

1898 3635 2108 3690 Etenim
2157 3655 2386 3709 magnus
2441 3656 2662 3709 quoque
2707 3641 2963 3706 Basilius,
2987 3641 3108 3710 ejus
3153 3642 3475 3705 admirator,

1896 3730 1977 3782 sic
2034 3731 2274 3799 loquitur
2310 3749 2324 3784 :
2367 3750 2385 3782 ι
2423 3733 2560 3785 Cum
2593 3734 2748 3787 video
2785 3733 3026 3804 Moysen,
3082 3750 3334 3805 magnum
3380 3737 3472 3790 Dei

1895 3840 2140 3889 servum,
2206 3825 2295 3892 qui
2358 3837 2510 3881 tanto
2583 3829 2788 3881 honore
2853 3846 2881 3882 a
2941 3828 3054 3882 Deo
3111 3832 3311 3900 dignus
3370 3831 3470 3884 ha-

1897 3916 2044 3970 bitus
2066 3928 2172 3981 est,
2209 3918 2297 3985 qui
2326 3935 2467 3988 saepe
2503 3921 2568 3973 de
2606 3921 2702 3974 illo
2742 3920 2973 3990 loipiens
2999 3922 3257 3978 dicebat:
3297 3943 3316 3976 ι
3348 3921 3470 3977 Nov

1895 4018 1945 4061 te
1999 4024 2162 4078 supra
2215 4026 2428 4072 omnes,
2464 4031 2482 4063 ι
2523 4021 2596 4079 et,
2627 4031 2647 4065 ι
2680 4014 2936 4068 [invenisti
2994 4016 3224 4085 gratiam
3284 4031 3469 4070 coram

1891 4110 2010 4158 me;
2042 4115 2059 4146 ι
2086 4099 2228 4152 hunc
2246 4115 2413 4166 quum
2438 4100 2592 4155 rideo
2624 4103 2764 4170 apud
2791 4117 2961 4171 aquas
2993 4104 3468 4170 contradictionis,

1890 4187 2038 4240 nulla
2076 4189 2182 4242 alia
2217 4193 2513 4246 commissa
2564 4197 2746 4262 culpa,
2777 4197 2878 4247 nisi
2913 4196 3057 4263 quod
3110 4196 3304 4250 dixerit
3364 4212 3467 4266 po-

1889 4279 2018 4346 pulo
2043 4283 2409 4335 murmuranti
2463 4294 2684 4352 propter
2742 4284 2979 4352 inopiam
3044 4300 3236 4351 aqme:
3281 4306 3298 4335 ι
3328 4286 3464 4338 Num

1887 4366 1955 4420 de
2011 4378 2160 4436 petra
2215 4370 2317 4424 hac
2360 4371 2576 4440 ejiciam
2639 4373 2795 4428 vobis
2862 4375 3110 4444 aquam?
3144 4395 3160 4426 ι
3230 4373 3465 4444 ilnjuscc

1889 4457 2062 4513 solius
2094 4461 2169 4514 rei
2201 4476 2367 4515 causa
2406 4460 2552 4517 Deus
2587 4465 2824 4519 minatus
2855 4475 2940 4518 est
2976 4468 3028 4518 in
3079 4475 3278 4519 terram
3335 4483 3462 4536 pro-

1893 4551 2173 4605 missionis
2217 4569 2342 4607 eum
2383 4571 2490 4609 non
2551 4557 2951 4623 ingressurum,
3010 4573 3131 4627 quae
3171 4570 3299 4612 tunc
3348 4575 3462 4613 erat

197 4633 296 4698 τῆς
339 4633 654 4700 ἀντιλογίας
697 4636 913 4699 οὐδενὸς
935 4637 1122 4689 ἕνεκεν
1156 4639 1200 4670 ¹⁹
1250 4641 1413 4694 ἄλλου
1473 4642 1559 4695 ἵνα
1615 4645 1778 4712 μόνον
1812 4627 1857 4683 Ῐ)

1771 4665 1778 4690 ρ
1812 4627 1857 4683 Ῐ)
1890 4642 2032 4695 inter
2051 4643 2445 4711 promissiones
2496 4646 2665 4702 factas
2707 4644 2909 4701 Iuda-is
2964 4649 3279 4717 prmcipua;
3339 4665 3460 4703 cum

198 4727 328 4795 εἴπῃ
354 4724 434 4793 τῷ
458 4725 574 4794 λαῷ
603 4726 927 4794 γογγύζοντι
971 4729 1019 4781 δί
1058 4729 1294 4799 ἀπορίαν
1349 4731 1542 4796 ὓδατος
1567 4751 1581 4766 ·
1645 4754 1662 4786 ι
1701 4736 1778 4807 μὴ

198 4821 263 4870 ὲκ
288 4820 391 4884 τῆς
421 4819 628 4887 πέτρας
658 4818 864 4889 ταύτης
899 4820 1073 4888 ἐξάξω
1102 4823 1146 4854 ³⁸
1182 4823 1312 4891 ὑμῖν
1345 4823 1558 4896 ὕδωρ»,
1585 4828 1775 4880 τούτου

199 4912 368 4977 μόνου
440 4911 627 4964 ἕνεκεν
667 4911 829 4976 εὐθὺς
885 4913 1119 4981 ἀπειλὴν
1180 4915 1494 4985 δεχόμενον,
1549 4919 1628 4982 είς
1678 4921 1776 4990 τὴν

200 5004 364 5073 100
403 5004 508 5071 γῆν
532 5004 632 5073 τῆς
666 5004 999 5072 ἐπαγγελίας
1029 5005 1104 5072 μὴ
1131 5007 1172 5038 ⁸¹
1199 5010 1624 5075 εἰσελεύσεσθαι,
1655 5013 1775 5082 ἥτις

193 5089 260 5164 ἦν
287 5093 410 5165 τότε
440 5093 551 5146 τῶν
583 5095 718 5161 πρὸς
757 5096 1044 5158 Ἰουδαίους
1071 5096 1115 5128 ³³
1144 5099 1494 5167 ἐπαγγελιῶν
1523 5102 1583 5155 τὸ
1614 5105 1784 5171 κεφά-

195 5187 349 5239 λαιον
370 5202 384 5216 ·
418 5186 548 5239 ὅταν
575 5187 670 5240 ἴδω
719 5187 911 5242 τοῦτον
941 5189 1366 5260 παρακαλοῦντα
1405 5194 1500 5246 καὶ
1530 5194 1613 5265 .μῆ
1647 5211 1780 5248 συν-

1895 4735 2043 4789 hunc
2109 4735 2266 4790 rideo
2323 4747 2603 4805 rogantem
2659 4753 2758 4794 nec
2801 4738 3159 4807 accipientem
3200 4739 3460 4805 veniam;

1885 4840 2011 4881 cum
2082 4827 2241 4882 rideo
2289 4828 2432 4882 nulla
2491 4829 2714 4900 dignum
2783 4829 2940 4883 venia
2990 4829 3291 4899 judicatum
3339 4845 3460 4884 esse

1885 4925 2010 4986 post
2049 4927 2131 4972 tot
2164 4921 2381 4989 egregia
2419 4919 2684 4980 facinora.
2733 4921 2803 4974 ob
2847 4921 2978 4974 illud
3019 4923 3180 4975 breve
3204 4922 3458 4986 verbum,

1886 5027 2128 5082 agnosco
2180 5030 2198 5062 ι
2244 5013 2336 5066 Dei
2407 5016 2745 5067 severitatem
2779 5031 2796 5063 ι
2836 5013 2904 5066 de
2955 5029 3060 5081 qua
3119 5013 3452 5082 Apostolus;

1888 5106 2116 5158 omnino
2144 5120 2273 5158 vero
2300 5105 2428 5158 illud
2467 5121 2654 5159 verum
2698 5120 2817 5159 esse
2854 5121 3173 5173 persuasum
3236 5107 3408 5159 habeo
3438 5124 3452 5159 :

1889 5215 1906 5246 ι
1946 5197 2210 5266 Sijustus
2239 5197 2325 5250 vix
2378 5190 2641 5260 Sal'ratur,
2687 5197 2886 5266 impius
2939 5206 2992 5251 ct
3038 5208 3293 5266 peccator
3360 5198 3450 5251 ubi

1474 5456 1670 5517 Varias
1709 5455 2016 5518 lectiones
2054 5465 2114 5520 et
2152 5464 2337 5519 ποια).

266 5662 307 5693 ¹¹
343 5662 409 5717 Is.
441 5678 585 5723 uri,
625 5662 706 5717 I8.

189 5735 326 5786 (ὶιξιι.
364 5749 438 5796 Vt,
467 5734 500 5785 5
531 5733 583 5784 7.

191 5819 296 5859 l.t\.

199 5890 250 5924 π.
279 5874 569 5936 ἐξάξωαιν
616 5874 736 5928 Bas.

809 5663 854 5694 ’°
885 5660 974 5718 Ps.
1015 5681 1068 5726 κ,

853 5879 890 5907 ³⁸
926 5878 1020 5929 οὐκ
1058 5878 1182 5931 lias.
1263 5882 1304 5909 ⁸³
1342 5879 1612 5932 Ἰουδαίων
1643 5883 1764 5933 cod.

1145 5665 1232 5719 i5.
1296 5665 1613 5736 παρώξυνεν
1645 5667 1980 5737 -ζητήσεμ
2058 5673 2097 5702 ’⁸
2130 5671 2214 5725 i’s.
2275 5687 2311 5733 l,
2348 5671 2438 5724 21.

663 5733 709 5764 ³³
744 5734 1214 5807 σπλαγχνισθέντα
1243 5741 1333 5790 τὸν
1374 5733 1755 5807 ἐριλάνθρωπον
1789 5733 1963 5791 ’θεονῖ
2041 5741 2236 5795 “Gen.
2299 5757 2346 5794 ιι

1752 5733 1963 5791 ’⁷6έὸνῖ
2041 5741 2236 5795 “Gen.
2299 5757 2414 5804 un,
2447 5739 2629 5799 134.22.
2711 5745 2756 5773 "
2789 5745 2886 5794 Isa.
2923 5759 3066 5804 xxvi,
3109 5744 3188 5796 18.
3261 5745 3304 5774 ’⁸⁸
3339 5747 3441 5797 lsa.

459 5805 502 5833 "
538 5803 627 5876 τὸν
656 5806 939 5875 προρήτην
963 5806 1096 5858 θεοῦ
1122 5806 1189 5860 de
1219 5803 1425 5876 judicio
1457 5803 1636 5863 Dcifl.
1657 5810 1762 5861 ‘26?»
1794 5811 1852 5864 D.
1923 5811 1968 5844 "
1998 5812 2148 5866 (12.6

704 5806 939 5875 οορήτην
963 5806 1096 5858 θεοῦ
1122 5806 1189 5860 de
1219 5803 1425 5876 judicio
1457 5803 1636 5863 Dcifl.
1657 5810 1762 5861 ‘26?»
1794 5811 1852 5864 ί).
1923 5811 1968 5844 ’⁸
1998 5809 2230 5868 ἁλοῦσι
2276 5811 2393 5866 Das.

2516 5672 2559 5700 ”
2593 5670 2808 5728 τοῦτον.
2859 5670 3081 5725 Momm.
3123 5674 3193 5725 cf.
3224 5674 3317 5726 lin.
3350 5673 3441 5728 9|.

2476 5815 2519 5843 ”
2556 5819 2612 5864 tv
2656 5812 2840 5882 itipou
2876 5813 2909 5883 ἢ
2956 5813 3073 5867 Ras.
3191 5814 3236 5845 "
3266 5832 3313 5867 τ.
3345 5815 3443 5880 τῆς
