4278 6446
807 384 909 446 199
942 399 945 403 ’

2015 381 2336 440 GEORGII
2383 385 2834 448 I-IAMARTOLI

3969 406 4074 466 200

799 498 868 551 de
893 497 1154 549 rhamano
1169 502 1222 546 et
1248 492 1472 546 devoret
1496 489 1689 544 cedrus
1717 489 1932 546 Libani.
1963 512 1981 539 ι
2008 489 2163 544 Nunc
2189 491 2380 559 igitur,
2417 509 2456 557 Α

2417 509 2456 557 Α
2489 497 2670 562 δεῦτε,
2705 500 2981 569 ὑπόστητε
3013 505 3072 555 ἐν
3127 508 3190 575 τῇ
3225 510 3354 579 σκιᾷ
3384 527 3508 578 μου,
3538 514 3630 564 καὶ
3660 516 3708 565 εί
3739 515 3837 582 μὴ,
3867 515 4076 580 ἐξέλθοι

799 592 846 644 si
899 597 1044 642 recte
1079 584 1448 640 constituistis
1502 597 1669 653 super
1713 597 1808 636 vos
1851 595 2032 648 regem
2067 583 2382 636 Abimelech

800 679 966 732 lilium
983 675 1304 729 concubinae
1330 671 1502 742 patris
1529 673 1652 734 mei,
1670 670 1979 740 egrediatur
2002 669 2145 738 ignis
2167 673 2234 724 de
2251 672 2384 724 Alii-

798 771 1006 824 melcch
1039 780 1093 824 et
1124 770 1347 822 devoret
1375 767 1526 821 viros
1551 766 1793 828 Sichem,
1815 772 1868 817 ct
1899 763 2211 832 egrediatur
2242 763 2384 834 ignis

802 864 874 917 dc
910 864 1040 916 viris
1072 861 1292 915 Sichcm
1326 868 1382 915 et
1423 860 1642 913 devoret
1671 855 2013 910 Abimelech.
2055 874 2072 907 ι
2101 855 2233 921 Qua».
2262 870 2382 908 cum

794 955 1025 1007 dixisset
1054 951 1329 1015 Joatham,
1351 951 1506 1020 fugit.
1530 948 1783 1019 Misitque
1807 947 1952 1002 Deus
1978 949 2229 1017 spiritum
2255 963 2380 1017 pes-

795 1045 996 1098 simum
1019 1045 1160 1097 inter
1181 1042 1495 1095 Abimelech
1515 1050 1566 1094 ct
1584 1040 1917 1094 habitatores
1935 1038 2176 1103 Sichem,
2202 1050 2256 1093 et
2273 1055 2386 1093 ca:-

799 1144 990 1200 perunt
1027 1134 1126 1186 viri
1178 1132 1393 1186 Sicliem
1441 1131 1752 1200 rejicicntes
1783 1129 2097 1184 Abimelech
2137 1130 2383 1184 conferre

800 1227 1119 1294 iniustitiam
1142 1237 1195 1278 et
1211 1226 1532 1294 sanguinem
1554 1223 1898 1291 septuaginta
1923 1222 2157 1276 filiorum
2177 1222 2383 1276 Gedeo-

799 1321 886 1372 nis
926 1319 979 1371 in
1025 1300 1188 1385 caput
1217 1314 1558 1369 Abimclccb.
1602 1313 1851 1367 Profecto
1886 1314 2030 1367 enim
2063 1313 2379 1368 Abiinelech

798 1415 862 1464 al
905 1411 1276 1464 debellandum
1323 1409 1512 1461 urbem
1555 1418 1608 1460 et
1648 1406 1760 1475 jam
1806 1405 2272 1475 appropinquante
2315 1405 2383 1459 ad

799 1518 1008 1569 portam
1046 1503 1211 1556 turris
1248 1513 1305 1555 ut
1335 1518 1454 1555 eam
1488 1502 1800 1554 incenderet
1823 1538 1838 1561 .
1895 1520 1913 1550 ι
1952 1515 2080 1554 ecce
2113 1515 2217 1551 una
2261 1516 2382 1552 mu-

799 1596 897 1649 lier
955 1594 1200 1663 fragmen
1259 1596 1415 1646 mola:
1471 1593 1709 1661 desuper
1759 1591 1972 1658 jaeiens
2018 1606 2183 1659 super
2220 1602 2383 1660 caput

797 1689 937 1755 ejus.
986 1686 1257 1756 confregit
1305 1684 1588 1738 cerebrum
1637 1684 1786 1752 ejus.
1816 1704 1834 1733 ι
1885 1681 1988 1747 Qui
2041 1694 2200 1736 vocat
2268 1686 2380 1737 cito

797 1780 1125 1849 armigerum
1168 1791 1354 1844 suum,
1388 1786 1442 1830 et
1483 1776 1558 1829 ait
1593 1777 1657 1828 ad
1695 1790 1819 1829 eum
1866 1791 1881 1828 :
1933 1792 1952 1824 ι
1988 1771 2230 1844 Evagina
2264 1776 2380 1844 gla-

2498 591 2610 660 πῦρ
2641 591 2734 642 ἀπ’
2763 593 2898 659 ἐμοῦ
2931 596 3025 647 καὶ
3052 601 3363 668 καταφάγοι
3391 603 3488 665 τὰς
3523 605 3747 672 κέδρους
3779 625 3873 660 τοο
3912 609 4079 663 Λιϐά-

2497 699 2608 733 νου.
2647 683 2755 735 Καὶ
2785 683 2881 737 νῦν
2907 688 2958 739 εί
2987 691 3047 740 ἐν
3092 689 3324 761 ἀληθείᾳ
3360 693 3750 750 ἐϐασιλεύσατε
3791 701 3884 751 τὸν
3931 702 4078 754 Ἀϐι-

2495 770 2660 842 μέλεχ
2686 774 2802 825 υίδν
2839 775 2938 843 τῆς
2964 777 3244 850 παλλακῆς
3269 782 3312 811 ’⁵⁸
3342 785 3438 836 τοῦ
3478 789 3683 857 πατρός
3713 807 3837 859 μου,
3869 793 4078 857 ἐξέλθοι

2493 860 2606 934 πῦρ
2637 864 2744 917 ἀπὸ
2773 864 3062 939 ’Δϐιμέλεχ
3095 874 3188 923 καὶ
3219 876 3525 942 καταφάγοι
3547 880 3674 942 τοὺς
3699 881 3898 951 ἄνδρας
3929 885 4080 936 Σικί-

2493 966 2631 1018 μων,
2665 953 2761 1005 καὶ
2782 954 2978 1026 ἐξέλθῃ
3012 957 3124 1026 πῦρ
3166 960 3272 1013 ἀπὸ
3303 962 3515 1030 ἀνδρῶν
3565 966 3809 1036 Σικίμων
3841 970 3935 1020 καὶ
3978 986 4078 1020 κα-

2490 1045 2731 1112 ταφάγοι
2757 1045 2849 1099 τὸν
2881 1047 3228 1122 Ἀϐιμέλεχ.»
3259 1053 3369 1105 Kal
3399 1055 3571 1109 ταῦτα
3602 1057 3772 1112 εἰπὼν
3813 1059 4076 1128 Ἰωάθαμ.

2491 1135 2652 1200 εὐθὺς
2707 1140 2940 1208 ἀπέδρα.
3000 1142 3112 1194 Καὶ
3159 1144 3545 1208 ἐξαπέστειλεν
3593 1150 3621 1202 δ
3673 1149 3809 1214 Θεὸς
3856 1151 4078 1220 πνεῦμα

2491 1229 2731 1299 πονηρὸν
2783 1232 3059 1301 άναμέσον
3105 1235 3394 1309 Ἀϐιμέλεχ
3438 1240 3534 1292 καὶ
3563 1241 3839 1311 ἁναμέσον
3865 1243 4078 1312 ἀνδρῶν

2490 1320 2755 1391 Σικίμων,
2782 1326 2873 1378 καὶ
2900 1327 3174 1395 ἠθέτησαν
3197 1331 3247 1382 οἱ
3276 1331 3470 1401 ἄνδρες
3488 1333 3733 1402 Σικίμων
3755 1337 3920 1407 ἐν’τῷ
3942 1338 4078 1409 οἴκῳ

2504 1411 2793 1483 Ἀϐιμέλεχ
2823 1415 2919 1468 τοῦ
2966 1419 3273 1488 ἐπαγαγεῖν
3305 1424 3405 1494 τὴν
3447 1425 3661 1479 ἀεικίαν
3693 1434 3787 1479 καὶ
3824 1430 3883 1481 τὸ
3936 1426 4078 1498 αἷμα

2489 1504 2600 1556 τῶν
2626 1510 2668 1556 ο¹
2700 1507 2831 1558 υἱῶν
2870 1507 3077 1562 Γεδεὼν
3106 1513 3200 1562 ἐπὶ
3230 1511 3330 1582 τὴν
3353 1515 3596 1586 κεφαλὴν
3636 1517 3948 1589 Ἀϐιμέλεχ.
3969 1521 4079 1575 Καὶ

2490 1595 2600 1665 γὰρ
2627 1596 2882 1649 ἀπελθὼν
2913 1600 3223 1670 πολεμῆσαι
3255 1603 3407 1656 πόλιν
3438 1606 3480 1637 ³⁸
3501 1609 3592 1660 καὶ
3612 1609 3984 1680 προσεγγίσας
4010 1613 4077 1681 τῇ

2491 1684 2632 1756 θύρα
2662 1687 2756 1740 τοῦ
2784 1688 2996 1758 πύργου
3027 1692 3316 1762 ἐμπρῆσαι
3337 1694 3527 1766 αὐτὴν,
3555 1697 3747 1768 ἔρριψε
3776 1701 3915 1769 γυνὴ
3943 1701 4078 1753 κλάο

2491 1793 2604 1847 σμα
2636 1779 2796 1851 106
2826 1779 2996 1848 μύλου
3019 1782 3111 1834 ἐπὶ
3135 1784 3234 1852 τὴν
3251 1784 3495 1856 κεφαλὴν
3516 1786 3681 1840 αὑτοῦ
3711 1790 3803 1842 καὶ
3827 1790 4080 1860 συνέτριο

797 1871 946 1925 dium
981 1880 1132 1924 tuum
1168 1879 1223 1923 ct
1248 1876 1468 1939 percute
1506 1883 1614 1931 me,
1647 1882 1714 1920 ne
1747 1866 1885 1920 forte
1917 1866 2132 1921 dicatur
2169 1868 2314 1935 quod
2350 1882 2379 1920 a
2416 1874 2486 1928 Βι

2416 1874 2455 1928 Β
2483 1871 2550 1940 ψε
2592 1871 2653 1924 τὸ
2675 1875 2903 1942 κρανίον
2935 1873 3130 1938 αὑτοῦ,
3163 1877 3258 1928 καὶ
3283 1878 3587 1943 ἐπιϐοήσας
3615 1883 3754 1950 ταχῦ
3786 1878 3912 1935 εἷπε
3938 1887 4078 1952 πρὸς

802 1965 1000 2017 femina
1036 1962 1353 2016 interfectus
1401 1960 1528 2014 sim.
1584 1958 1651 2012 Et
1677 1957 1952 2029 percussit
1991 1973 2115 2012 eum
2147 1959 2381 2028 armiger

799 2064 853 2107 et
892 2053 1184 2107 interfecit.
1219 2051 1281 2105 Et
1313 2051 1549 2105 reddidit
1582 2049 1726 2105 Deus
1749 2050 1956 2103 malum
1988 2048 2135 2118 quod
2175 2049 2383 2105 fecerat

799 2146 1112 2200 Abimelech
1147 2157 1340 2199 contra
1373 2152 1582 2213 patrem
1612 2158 1799 2207 suum,
1824 2140 2132 2197 interfectis
2158 2151 2383 2212 septua-

799 2242 947 2313 ginta
998 2241 1127 2296 Iiliis
1184 2241 1357 2312 patris
1411 2240 1520 2304 sui,
1556 2237 1818 2294 fratribus
1869 2236 2021 2302 suis;
2079 2234 2383 2292 Sichimitis

799 2350 1040 2405 quoque,
1073 2334 1272 2387 malum
1301 2333 1446 2402 quod
1471 2331 1682 2402 operati
1703 2339 1861 2386 erant
1890 2327 2143 2384 retribuit
2162 2329 2374 2397 Deus,;i

797 2438 851 2480 et
877 2429 1023 2481 venit
1053 2442 1218 2494 super
1253 2434 1421 2495 caput
1467 2440 1658 2496 eorum
1699 2422 2004 2479 secundum
2051 2421 2284 2476 verbum
2327 2431 2383 2476 et

799 2520 1114 2589 parabolam
1151 2517 1403 2572 Joatham
1435 2518 1531 2572 lilii
1566 2515 1844 2572 Jerobaal.

2481 1965 2574 2017 τὸν
2601 1963 2830 2035 αἴροντα
2859 1967 2929 2019 τὰ
2959 1967 3129 2039 σκεύη
3164 1969 3332 2022 αὐτοῦ
3355 1988 3368 2000 ·
3413 1972 3656 2026 «Σπάσαι
3677 1974 3778 2043 τὴν
3801 1977 4081 2044 ῥομφαίαν

2484 2073 2579 2110 σου
2602 2057 2648 2088 ⁸⁸
2679 2058 2775 2111 καὶ
2808 2057 3126 2115 θανάτωσόν
3155 2079 3246 2131 με,
3287 2063 3499 2133 μήποτε
3527 2064 3727 2118 εἴπωσι
3753 2081 3768 2098 ·
3802 2067 3946 2132 Γυνὴ
3978 2069 4083 2119 αὑ-

2482 2149 2574 2203 τὸν
2603 2150 2917 2206 ἀπέκτεινε.
2957 2170 2977 2204 ι
3017 2153 3130 2206 Καὶ
3160 2154 3456 2225 ἐκέντησεν
3487 2156 3652 2209 αὑτὸν
3678 2156 3740 2210 τὸ
3787 2158 4082 2229 παιδάριον

2483 2239 2649 2293 αὐτοῦ
2676 2243 2771 2296 καὶ
2799 2242 2979 2296 ἀνεῖλε
3000 2258 3015 2273 ·
3048 2244 3145 2297 καὶ
3169 2245 3474 2316 ἐπέτρεψεν
3499 2247 3543 2279 ⁵⁸
3563 2249 3591 2300 ὁ
3619 2247 3755 2311 Θεὸς
3776 2248 3878 2320 τὴν
3903 2266 4082 2321 πονη-

2487 2331 2613 2402 ρίαν
2659 2334 2975 2405 ’Δϐιμέλεχ,
3010 2336 3079 2407 ἢν
3105 2336 3330 2408 ἐποίησε
3360 2338 3439 2409 τῷ
3489 2341 3661 2409 πατρὶ
3714 2339 3910 2403 αὐτοῦ,
3942 2341 4081 2394 ἁπο-

2483 2423 2704 2488 κτείνας
2757 2427 2884 2489 τοὺς
2916 2424 2958 2479 ο¹
2996 2428 3147 2490 υἱοὺς
3195 2428 3290 2480 τοῦ
3344 2430 3552 2500 πατρὸς
3592 2429 3783 2496 αὑτοῦ,
3811 2431 4083 2499 ἀδελφοὺς

2483 2515 2540 2569 δὲ
2573 2516 2791 2580 ἐαυτοῦ,
2827 2519 2926 2572 καὶ⁵
2959 2521 3141 2574 πᾶσαν
3171 2520 3269 2590 τὴν
3297 2521 3564 2590 πονηρίαν
3604 2523 3712 2574 τῶν
3739 2524 3951 2591 ἀνδρῶν
3985 2523 4080 2574 Σι-

797 2612 1032 2681 κιμίῖων
1066 2610 1420 2682 ἐπέτρεψενὸ
1446 2609 1578 2675 Θεὸς
1609 2610 1704 2663 ἐπὶ
1752 2609 1852 2681 τὴν
1903 2604 2149 2680 κεφαλὴν
2194 2605 2377 2660 αὐτῶν
2417 2608 2562 2663 κατὰ
2581 2609 2673 2663 τὸν
2693 2608 2854 2678 λόγον
2896 2611 2994 2665 καὶ
3053 2610 3154 2682 τὴν
3217 2612 3536 2684 παραϐολὴν
3570 2613 3798 2669 Ἰωάθαν
3823 2616 3942 2669 υἱοῦ
3983 2615 4081 2670 Ἰε-

802 2704 1008 2777 ροϐάαλ
1033 2704 1099 2773 ⁵⁸)
1112 2745 1124 2756 .

864 2802 1388 2864 «δοίεηιιυιηιιιιιιρ,
1423 2799 1498 2852 :iit
1537 2799 1696 2854 divus
1730 2799 2174 2869 Chrysostomus.
2217 2813 2380 2868 quam

799 2893 1090 2963 multiplici
1111 2908 1276 2947 sensu
1301 2894 1502 2961 polleat
1523 2893 1637 2946 haec
1663 2907 1766 2946 vox
1802 2893 2079 2961 parabola.
2111 2890 2205 2946 Est
2233 2891 2379 2944 enim

799 2987 1050 3054 parabola
1067 3000 1269 3049 sermo,
1285 2987 1592 3050 exemplum
1615 2993 1668 3037 et
1690 2983 2062 3052 exprobratio,
2081 2983 2223 3038 sicut
2253 2997 2377 3036 cum

2563 2800 2610 2832 ⁵³
2643 2801 2719 2870 (2)
2749 2818 2768 2852 ι
2806 2799 3005 2854 Ἰστέον
3036 2801 3151 2868 οὖν,
3184 2803 3351 2872 φησὶν
3395 2806 3424 2856 ὁ
3469 2804 3714 2874 ἀοίδιμος
3761 2806 4080 2874 Χρυσόστο-

2494 2908 2613 2960 μος,
2654 2892 2730 2954 ὼς
2757 2892 3180 2962 πολυσήμαντόν
3227 2895 3343 2946 ἐστι
3389 2893 3450 2946 τὸ
3474 2895 3646 2964 ὄνομα
3692 2897 3791 2965 τῆς
3822 2899 4079 2966 παραϐο-

2490 2985 2607 3054 λῆς·
2641 2986 2783 3054 (⁸25⁸)
2818 2985 2974 3037 Ἐστι
3004 2988 3110 3057 γὰρ
3141 2986 3426 3056 παραϐολὴ
3460 2985 3702 3056 λάλημα,
3731 2989 3825 3042 καὶ
3855 2990 4079 3043 ὑπόδει-

797 3080 933 3132 dicit
967 3078 1169 3131 David:
1212 3097 1228 3129 ι
1267 3076 1501 3130 Posuisti
1541 3093 1640 3131 nos
1673 3077 1725 3130 in
1767 3076 2082 3145 parabolani
2115 3075 2168 3128 in
2206 3077 2380 3145 genti-
2412 3140 2450 3153 η

2412 3140 2450 3153 η
2489 3091 2630 3144 γμα,
2661 3076 2756 3128 καὶ
2779 3076 3106 3147 ὀνειδισμὸς,
3138 3077 3213 3140 ὡς
3236 3080 3363 3130 ὅταν
3397 3077 3531 3151 λέγῃ
3560 3079 3724 3131 Δανῖδ
3749 3095 3761 3108 '
3801 3082 4003 3134 «Ἐϐου
4032 3083 4079 3113 ⁸⁸

800 3177 924 3236 Lus,
977 3176 1400 3226 commotionem
1455 3167 1648 3239 capitis
1693 3172 1746 3223 in
1790 3170 2025 3240 populis.
2066 3187 2084 3219 ι
2119 3167 2214 3222 Est
2237 3183 2378 3238 quo-
2409 3167 2451 3194 “
2485 3185 2489 3195 ε

2409 3167 2451 3194 “⁴
2485 3169 2631 3237 ἡμᾶς
2655 3170 2730 3229 είς
2764 3168 3082 3238 παραϐολὴν
3109 3170 3170 3220 ἐν
3196 3172 3308 3232 τοῖς
3331 3168 3562 3234 ἔθνεσιν,
3589 3172 3804 3241 κίνησιν
3829 3174 4079 3243 κεφαλῆς

799 3280 905 3334 que
962 3265 1219 3332 parabola
1293 3263 1673 3332 amigmaticos
1735 3275 1956 3324 sermo,
2021 3261 2167 3329 quod
2226 3259 2380 3313 multi

798 3358 1154 3427 quaestionem
1238 3365 1455 3409 vocant.
1528 3357 1765 3423 Apparet
1838 3352 2058 3422 quidem
2137 3350 2378 3419 aliquid,

801 3467 904 3503 non
963 3461 1142 3502 autem
1188 3458 1272 3502 est
1314 3464 1495 3502 sermo
1545 3459 1770 3515 apertus
1817 3459 1884 3498 ex
1923 3445 2074 3497 omni
2127 3453 2280 3510 parte
2324 3443 2378 3496 in

798 3545 999 3606 verbis,
1038 3542 1130 3594 sed
1170 3541 1317 3594 intus
1351 3539 1553 3608 aliquid
1604 3538 1766 3592 habet
1801 3537 2211 3598 absconditum,
2236 3537 2380 3590 sicut

795 3637 1016 3701 quando
1042 3633 1178 3686 dixit
1210 3633 1441 3685 Samson
1483 3648 1498 3683 :
1535 3646 1553 3680 ι
1597 3633 1668 3683 De
1725 3642 1821 3682 ore
1873 3628 1999 3682 forti
2033 3641 2255 3697 egressa
2295 3635 2381 3680 est

795 3726 1046 3787 dulcedo,
1090 3743 1108 3776 ι
1140 3734 1194 3778 et
1224 3724 1484 3777 Salomon
1520 3723 1658 3775 dixit
1686 3737 1700 3772 :
1751 3739 1770 3771 ι
1807 3720 1958 3773 Tunc
1990 3720 2379 3772 animadvertis

796 3818 1109 3886 parabohim
1139 3826 1194 3868 et
1227 3816 1522 3869 obscurum
1555 3827 1886 3866 sermonem.
1920 3829 1938 3862 ι
1974 3811 2182 3864 Dicitur
2211 3811 2376 3864 etiam

797 3910 1054 3978 parabola
1096 3907 1398 3961 similitudo
1433 3923 1446 3959 :
1484 3924 1502 3955 ι
1535 3903 1603 3958 Ει
1633 3904 1797 3958 aliain
1827 3902 2140 3971 parabolam
2179 3916 2380 3971 propo-

794 4006 904 4057 suit
929 4004 1008 4055 eis
1037 4001 1225 4054 dicens
1257 4018 1268 4054 :
1295 3999 1483 4051 Simile
1511 3997 1711 4050 factum
1744 4005 1826 4050 est
1853 4011 2080 4064 regnum
2111 3995 2374 4048 cmloruin

796 4096 998 4149 homini
1019 4097 1108 4162 qui
1129 4092 1417 4146 seminavit
1439 4092 1638 4151 bonum
1668 4103 1850 4143 semen
1869 4088 2063 4157 inagro
2093 4101 2215 4140 suo.
2242 4106 2260 4138 ι
2283 4089 2373 4140 Di-

792 4189 932 4239 citur
948 4201 1164 4256 quoque
1181 4183 1439 4254 parabola
1462 4183 1690 4252 liguiata
1725 4181 1921 4242 oratio,
1945 4181 2086 4233 sicut
2104 4179 2209 4232 ibi:
2236 4197 2254 4229 ι
2277 4177 2376 4231 Fili

796 4280 1055 4341 hominis,
1091 4281 1178 4331 dic
1212 4278 1292 4331 eis
1323 4274 1636 4346 parabolam
1669 4274 1808 4326 hanc
1864 4290 1878 4325 :
1926 4272 2120 4340 Aquila
2158 4273 2376 4341 grandis

796 4385 1116 4438 magnarum
1152 4368 1384 4423 alarum.
1426 4385 1444 4418 ι
1487 4363 1754 4418 Parabola
1787 4363 1989 4416 dicitur
2021 4363 2182 4415 etiam
2217 4371 2375 4430 typus

791 4478 841 4518 et
869 4467 1070 4531 imago,
1098 4470 1155 4514 ut
1185 4461 1402 4529 quando
1427 4458 1627 4512 Paulus
1649 4458 1722 4510 ait
1753 4473 1797 4509 τι
1833 4454 1962 4509 Fide
1984 4455 2183 4508 obtulit
2207 4456 2378 4506 Abra-

793 4562 916 4609 ham
955 4555 1107 4608 Isaac
1127 4595 1140 4616 ,
1166 4568 1288 4606 cum
1319 4559 1640 4614 tentaretur,
1665 4559 1717 4603 et
1749 4547 2084 4618 unigenitum
2116 4544 2378 4600 oﬂ‘crebat

790 4649 882 4715 qui
911 4655 1228 4715 susceperat
1250 4644 1722 4713 repromissiones,
1745 4643 1886 4695 unde
1905 4656 2029 4694 eum
2055 4651 2108 4692 et
2132 4640 2184 4692 in
2216 4653 2375 4707 para-

793 4741 967 4790 liolaui
997 4739 1226 4806 accepit,
1254 4755 1271 4786 ι
1311 4738 1359 4788 id
1391 4735 1546 4788 estin
1575 4745 1700 4805 typo
1732 4744 1786 4787 et
1814 4733 2070 4801 imagine.
2107 4731 2371 4784 Parabola

794 4842 877 4883 cst
913 4846 1094 4884 sermo
1140 4843 1466 4898 comparans
1502 4826 1859 4881 seusibilibus
1911 4824 2291 4876 intellectualis
2321 4832 2375 4874 et

792 4930 1106 4989 monstrans
1169 4937 1232 4974 ex
1316 4919 1672 4973 inlerioribus
1729 4930 1783 4972 et
1842 4916 2151 4970 visihilihus
2213 4915 2376 4967 rebus

791 5015 1146 5086 praesentibus
1225 5014 1510 5083 Superiora
1588 5022 1640 5064 et
1736 5010 2050 5063 invisibilia.
2150 5007 2372 5060 Proble-

792 5125 876 5162 ina
935 5120 1018 5160 est
1090 5121 1269 5160 sermo
1325 5109 1593 5158 obscurus
1663 5113 1714 5157 et
1764 5103 2165 5170 aenigmaticus,
2229 5101 2371 5152 sicut

789 5205 992 5256 dictum
1037 5209 1113 5254 est
1183 5215 1198 5252 :
1277 5216 1293 5247 ι
1353 5196 1627 5250 Inclinabo
1689 5197 1742 5248 in
1803 5195 2116 5263 parabolam
2179 5205 2366 5244 aurem

791 5308 1007 5355 uicani;
1073 5291 1313 5361 aperiam
1358 5290 1410 5343 in
1447 5289 1703 5359 psiilterio
1749 5288 2027 5357 problcma
2096 5299 2300 5340 meum.
2345 5301 2364 5334 ι

2483 3264 2540 3312 ἐν
2568 3265 2678 3322 τοῖς
2709 3261 2880 3322 λαοῖς.
2911 3280 2930 3312 ι
2971 3262 3094 3316 Ἔτι
3125 3262 3172 3292 ⁸⁸
3204 3263 3314 3332 γὰρ
3338 3263 3625 3334 παραϐολὴ
3655 3267 4072 3337 αίνιγματώδης

2482 3354 2660 3420 λόγος,
2691 3353 2720 3406 ὃ
2744 3353 2930 3406 πολλοὶ
2963 3354 3185 3422 λέγουσι
3208 3354 3452 3425 ζήτημα,
3488 3357 3752 3427 ἐμφαῖνον
3775 3377 3826 3413 τι
3859 3361 3927 3424 ⁵⁸,
3973 3363 4079 3414 οὐκ

2481 3443 2708 3496 αὐτόθεν
2752 3443 2810 3494 δὲ
2855 3444 3015 3514 δῆλον
3049 3446 3270 3508 πάντως
3321 3446 3431 3498 ἀπὸ
3481 3448 3589 3501 τῶν
3625 3450 3912 3518 ῥημάτων,
3956 3453 4079 3505 ἀλλ’

2481 3534 2602 3603 ἕχον
2635 3535 2679 3565 ⁸⁷
2716 3534 2872 3596 ἐντὸς
2918 3537 3388 3606 ἐγκεκρυμμένην
3435 3537 3718 3603 διάνοιαν,
3764 3540 3839 3603 ὡς
3885 3543 4016 3594 ὅταν
4050 3547 4078 3596 ὁ

2480 3624 2722 3694 Σαμψὼν
2767 3624 2954 3694 ἔλεγεν
2987 3627 3034 3658 ³⁸
3071 3647 3090 3679 ι
3131 3628 3355 3698 Ἐξῆλθε
3391 3628 3500 3682 ἀπὸ
3532 3632 3801 3700 στόματος
3848 3633 4076 3704 ἰσχυροῦ

2485 3717 2679 3784 γλυκὺ,
2719 3734 2738 3768 ι
2780 3719 2876 3770 καὶ
2905 3717 2935 3769 δ
2959 3717 3213 3788 Σολομὼν
3240 3720 3344 3790 ἔφη
3367 3737 3382 3749 ·
3435 3739 3454 3772 ι
3482 3721 3614 3774 Τότε
3641 3725 3859 3792 νοήσεις
3890 3742 4075 3794 παρα-

2481 3815 2646 3885 ϐολὴν
2671 3813 2767 3867 καὶ
2799 3809 3074 3866 σκοτεινὸν
3107 3809 3265 3877 λόγον
3297 3813 3396 3865 ".i
3429 3811 3669 3878 Λέγεται
3703 3813 3756 3866 δέ
3783 3816 4075 3885 παραϐολὴ

2480 3911 2575 3962 καὶ
2591 3909 2881 3978 ὁμοίωσις·
2915 3924 2935 3957 ι
2969 3905 3079 3959 Καὶ
3114 3904 3284 3976 ἄλλην
3333 3907 3442 3977 γὰρ
3471 3907 3789 3978 παραϐολὴν
3821 3912 4075 3980 παρέϐη-

2479 4016 2574 4051 κεν
2601 3999 2786 4058 αὐτοῖς
2809 3995 3006 4064 λέγων.
3053 3994 3253 4062 Ὀμοία
3280 3997 3428 4046 ἐστὶν
3475 3998 3508 4066 ἡ
3550 3997 3797 4065 βασιλεία
3836 3999 3948 4051 τῶν
3980 4002 4076 4053 οὐ-

2481 4088 2659 4157 ρανῶν
2684 4085 2960 4157 ἀνθρώπῳ
2985 4085 3266 4158 σπείροντι
3304 4087 3468 4139 καλὸν
3501 4088 3703 4159 σπόρον
3738 4090 3804 4143 ⁵⁸.
3842 4107 3861 4141 ι
3901 4093 4071 4159 Λέγε-

2478 4198 2565 4233 ται
2597 4181 2654 4232 δὲ
2700 4177 2986 4248 παραϐολὴ
3037 4179 3131 4230 καὶ
3175 4179 3209 4248 ὴ
3260 4178 3608 4248 τροπολογία,
3668 4174 3782 4234 οἷον
3824 4183 3944 4234 ἐστὶ
3972 4184 4073 4236 τὸο

2484 4292 2500 4323 ι
2542 4273 2637 4325 Υἱὲ
2678 4271 2994 4341 ανθρώπου,
3048 4266 3206 4322 εἷπον
3232 4273 3417 4335 αὐτοῖς
3457 4273 3553 4341 τὴν
3589 4275 3904 4344 παραϐολὴν
3935 4277 4073 4329 ταύ-

2477 4380 2616 4429 την·
2684 4364 2743 4416 '0
2798 4362 2957 4427 ἀετὸς
3014 4362 3041 4413 ὁ
3076 4364 3561 4433 μεγαλοπτέρυγος
3608 4367 3673 4418 ⁸³.
3714 4385 3733 4417 ι
3775 4367 4072 4439 Παραϐολή

2481 4457 2698 4522 λέγεται
2730 4456 2826 4508 καὶ
2849 4459 2876 4508 ὁ
2907 4453 3078 4515 τύπος
3111 4459 3202 4506 καὶ
3233 4456 3265 4523 ἡ
3292 4456 3460 4507 εἰκὼν
3484 4456 3559 4518 ὡς
3587 4460 3612 4509 ὁ
3640 4458 3853 4520 Παῦλος
3878 4461 3983 4529 ἔφη
4002 4462 4069 4514 ⁶¹.

2487 4566 2505 4596 ι
2549 4547 2735 4597 Πίστει
2770 4545 3172 4614 προσενήνοχεν
3215 4545 3469 4614 Ἀϐρααμ
3520 4549 3612 4599 τὸν
3653 4549 3838 4600 Ἰσαὰκ
3873 4567 4068 4619 πειρα-

2479 4637 2730 4706 ζόμενος,
2758 4638 2967 4689 καὶτὸν
2998 4640 3260 4706 μονογενῆ
3288 4639 3631 4711 προσέφερεν
3670 4643 3768 4703 τὰς
3810 4642 3855 4673 ⁸³
3893 4645 4069 4711 ἐπαγ-

2479 4730 2665 4797 γελίας
2700 4727 3132 4796 ἀποδεξαμενος,
3184 4731 3307 4782 ὅθεν
3358 4733 3453 4783 καὶ
3501 4735 3559 4784 ἐν
3590 4733 3878 4803 παραϐολῇ
3907 4736 4069 4788 αὑτὸν

2478 4824 2793 4892 ἐκομίσατο,
2821 4841 2840 4874 ι
2877 4823 3158 4876 τουτέστιν
3195 4826 3252 4874 ἐν
3279 4823 3435 4894 τύπῳ
3475 4827 3568 4878 καὶ
3596 4828 3787 4880 εἰκόνι.
3827 4847 3843 4879 i
3871 4859 3938 4872 —-
3961 4831 4069 4882 Πα-

2485 4915 2684 4984 ραϐολή
2707 4917 2826 4967 ἐστι
2851 4913 3012 4979 λόγος
3043 4913 3412 4983 παραϐάλλων
3436 4918 3506 4967 τα
3539 4917 3705 4985 νοητὰ
3729 4919 3866 4988 πρὸς
3891 4922 3957 4970 τὰ
3989 4923 4064 4971 αἰ-

2483 5009 2656 5071 σθητὰ
2689 5006 2788 5059 καὶ
2813 5005 3097 5074 παριστῶν
3135 5009 3197 5058 ἐκ
3230 5005 3338 5058 τῶν
3378 5009 3691 5075 ἐγκοσμίων
3726 5013 3820 5062 καὶ
3852 5013 4068 5080 ὁρατῶν

2479 5103 2547 5151 τα
2576 5100 2926 5167 ὑπερκὸσμια
2957 5101 3051 5149 καὶ
3080 5100 3380 5167 ἁόρατα.--
3403 5101 3447 5131 ⁶δ
3484 5121 3501 5151 ι
3535 5101 3836 5172 Πρόϐλημα
3864 5106 3920 5156 δέ
3953 5109 4067 5157 ἐστι

2480 5191 2634 5257 λόγος
2661 5192 3119 5261 συνεσκιασμένος
3155 5193 3310 5262 107
3335 5194 3428 5245 καὶ
3458 5196 3888 5267 αἱνιγματώδης,
3925 5200 4071 5250 κατὰ

2480 5284 2540 5336 τὸ
2570 5285 2884 5353 εἰρημένον,
2932 5303 2948 5334 ι
2991 5285 3172 5337 Κλινώ
3221 5289 3301 5347 εἰς
3347 5287 3664 5356 παραϐολὴν
3711 5289 3772 5340 τὺ
3801 5288 3896 5352 οὖς
3940 5307 4068 5359 μου,

1975 5431 2176 5494 Variae
2228 5429 2544 5494 lectiones
2579 5435 2641 5491 et
2682 5438 2868 5492 notae.

857 5598 902 5629 δ’
939 5597 1051 5650 υἱὸν
1083 5594 1375 5663 παιδίσκης
1401 5593 1486 5648 18.
1564 5592 1608 5624 δ’
1645 5593 1865 5648 πόλεσιν
1896 5592 2017 5647 cod.
2097 5591 2142 5622 '°
2177 5590 2388 5663 σπάσον
2440 5591 2540 5659 τὴν

2576 5606 2627 5660 ρ.
2673 5605 2776 5656 μου
2799 5588 2913 5660 58η
2966 5589 3032 5660 ⁵¹Α
3063 5588 3254 5658 ἐπετρ.
3289 5589 3324 5660 1,
3357 5589 3583 5658 ἐπεστρ.
3609 5590 3728 5643 cod.
3807 5589 3854 5621 "
3896 5593 4065 5660 Ἰερο-

783 5670 925 5722 6αα).
953 5674 985 5721 ι.
1027 5657 1472 5732 Ἱεροϐοάμύυιι.
1551 5664 1598 5697 ⁸³
1622 5663 1753 5719 Ced.
1790 5663 2174 5728 96,!5-97J7.
2211 5661 2409 5731 Chrys.
2438 5677 2468 5711 ν

2376 5679 2409 5716 ἱ.
2438 5657 2507 5725 ν,
2531 5657 2639 5714 206
2679 5660 2739 5712 Ι).
2814 5661 2863 5732 ξ’
2988 5657 3111 5711 ἔθου
3143 5657 3274 5713 (2hr.
3313 5659 3404 5712 Ps.
3440 5657 3582 5732 xm},
3619 5661 3700 5714 H.
3781 5662 3826 5693 "
3860 5657 4065 5717 ἐστι’π.

786 5742 916 5799 Chr.
995 5740 1038 5768 "
1073 5725 1408 5804 ἐμφαίνοντα
1451 5736 1581 5788 (led.
1617 5725 1880 5803 ὲμιραίνον
1916 5736 2013 5801 μέν
2038 5750 2090 5784 τι
2114 5734 2244 5786 Chr.
2305 5725 2475 5785 πάντα

2377 5751 2484 5785 εντα
2516 5733 2647 5804 (Leti.
2725 5732 2771 5761 ⁸⁷
2805 5731 2862 5782 ὃν
2889 5730 3019 5783 Chr.
3046 5731 3184 5796 ἔχων
3214 5736 3336 5786 rod.
3411 5731 3457 5762 ⁸⁸
3484 5725 3568 5782 οἷα
3600 5737 3666 5782 τα
3697 5732 3788 5783 τοῦ
3825 5733 3880 5785 Σ.
3904 5733 3940 5785 ἃ.
3985 5737 4066 5792 ελ,

789 5815 916 5865 Chr.
953 5807 1077 5862 Jud.
1112 5825 1216 5871 λιν,
1257 5806 1342 5858 Η.
1421 5808 1466 5837 ⁵⁸
1503 5808 1659 5859 l’rov.
1693 5823 1725 5864 ι,
1763 5806 1815 5858 C.

787 5899 954 5958 φερεν
985 5897 1078 5941 τας
1137 5882 1170 5933 Ι.
1207 5879 1548 5935 ποοσέωεοεν
1572 5880 1597 5929 ὁ
1621 5877 1716 5940 τάς
1744 5877 1866 5932 cod.
1946 5878 1987 5906 "
2023 5877 2149 5928 Chr.
2183 5875 2286 5926 ἰξυῖ
2310 5872 2371 5926 C.

795 5955 801 5963 π
858 5961 860 5964 ν
1395 5945 1402 5956 ¹
1451 5949 1458 5971 ι

1896 5807 1940 5835 ⁶⁰
1975 5804 2164 5856 Matth.
2197 5818 2311 5859 xiii.
2353 5804 2442 5856 il.
2521 5803 2563 5833 ⁶¹
2597 5803 2691 5855 El.
2723 5818 2853 5862 xvii.
2882 5805 2935 5865 ‘2,
2976 5803 3026 5855 5.

3112 5804 3156 5833 “
3191 5802 3351 5855 ilcbr.
3391 5818 3465 5865 xi,
3509 5801 3594 5866 17,
3631 5801 3714 5859 l9.
3789 5804 3834 5834 ⁸³
3868 5812 4056 5858 ιπηοςιεΔ
