4278 6446
795 384 901 444 203

2005 393 2327 451 GEORGII
2375 393 2821 452 llAMAIiTOLl

3938 405 4045 469 204

797 503 880 553 nis
933 501 1200 563 discisso,
1241 502 1457 554 maxilla
1510 503 1642 556 asini
1695 505 1837 556 mille
1875 504 2158 557 Pliitistaeis
2206 506 2371 557 truci-
2407 506 2486 562 Λέ

2357 534 2371 541 -
2407 512 2445 562 Λ
2477 506 2809 572 ἐπαγγελίας
2847 506 3172 574 συλληφθεὶς
3208 507 3300 560 xui
3345 509 3434 561 τὸν
3479 513 3693 584 Ἰσραὴλ
3727 519 3914 585 κρίνας
3947 521 4046 592 ἐτη

800 593 982 657 datis,
1042 609 1180 660 aqua
1249 610 1311 646 ex
1393 596 1492 647 hac
1549 596 1765 647 maxilla
1812 598 2000 649 liausta
2053 597 2365 665 prodigiose

799 686 991 736 robore
1043 693 1223 751 pultas
1273 686 1424 738 urbis
1473 687 1795 748 abstulerat,
1827 687 1939 755 qui,
1971 689 2113 741 sicut
2158 688 2359 741 dictum

780 787 892 847 εει,
961 793 989 829 a
1042 789 1224 831 ventre
1273 778 1466 831 matris
1522 794 1635 832 sua
1683 781 2055 833 salictititatiis
2091 778 2286 844 Fuerat,
2333 796 2361 833 a

792 870 881 921 tili
942 871 1166 924 muliere
1217 871 1515 934 seductus,
1583 887 1689 924 non
1744 871 1908 926 modo
1963 873 2100 925 hanc
2129 872 2359 942 gratiam

785 959 1028 1012 divinam
1066 967 1384 1030 tantamque
1445 961 1548 1013 vim
1606 962 1858 1029 perdidit,
1922 961 2015 1015 sed
2083 972 2133 1015 et
2189 963 2361 1016 oculis

785 1049 996 1103 effossis
1051 1050 1227 1105 factus
1273 1065 1356 1107 est
1402 1053 1695 1105 ludibrium
1749 1055 1928 1122 pueris
1961 1053 2355 1108 l’tiilistzeorum

784 1153 838 1194 et
873 1157 994 1194 cum
1031 1143 1162 1211 ipsis
1191 1143 1591 1213 iguobilissimo
1634 1143 1745 1197 fato
1779 1146 1952 1213 periit,
1987 1160 2107 1199 sese
2140 1147 2359 1199 tradens

786 1237 1038 1291 hostibus
1061 1237 1279 1305 quidem
1317 1253 1540 1292 causam
1580 1239 1781 1307 gaudii,
1811 1237 2002 1291 amicis
2041 1255 2167 1292 vero
2197 1240 2358 1294 tristi-

784 1328 868 1379 tiae
894 1339 943 1380 et
971 1329 1167 1381 luctus.

849 1617 1062 1669 Mortuo
1094 1617 1357 1693 Samsoa,’
1401 1618 1569 1688 viguit
1615 1619 1873 1672 anarcliia
1911 1619 2071 1674 annis
2117 1620 2354 1690 quadra-

777 1714 948 1782 ginta,
973 1723 1024 1764 et
1057 1713 1290 1782 quisque
1325 1697 1588 1780 quidquid
1625 1712 1854 1775 volebat,
1885 1716 1935 1768 id
1967 1718 2178 1784 agebat.
2202 1715 2355 1771 Unde

784 1806 1066 1874 Scriptura
1118 1820 1340 1858 causam
1395 1805 1700 1873 iniquitatis
1760 1807 2042 1862 declarans
2087 1810 2202 1863 ait:
2234 1829 2250 1859 ι
2296 1809 2350 1862 In

777 1898 970 1950 diebus
1009 1898 1241 1950 illisnou
1275 1905 1392 1949 erat
1423 1911 1514 1950 rex
1551 1900 1603 1951 in
1635 1898 1818 1962 Israel,
1849 1900 1942 1953 sed
1972 1903 2350 1970 unusquisque

776 1986 920 2054 quod
959 1987 1060 2055 ipsi
1097 1998 1306 2040 rectum
1343 1988 1644 2048 \idcbatur,
1677 1988 1782 2042 hoc
1833 1989 2089 2045 fat-iebat.
2127 2010 2146 2043 ι
2188 1992 2351 2046 'l‘anti

777 2080 876 2130 fuit
925 2080 1078 2147 origo
1108 2080 1230 2130 mali
1273 2081 1555 2142 anarcliia,
1588 2092 1646 2133 ut
1673 2091 1865 2136 contra
1907 2083 2134 2138 invicem
2175 2086 2354 2139 insur-

775 2179 959 2237 gentes
998 2184 1117 2222 sese
1167 2170 1393 2222 invicem
1443 2171 1774 2224 trucidarent
1812 2211 1826 2234 ,
1879 2175 2174 2240 praesertim
2226 2192 2349 2228 cum

782 2259 970 2311 iiolata
1003 2275 1170 2312 uxore
1205 2260 1428 2313 viatOris
1473 2275 1502 2312 a
1540 2263 1670 2313 \‘il‘iS
1700 2261 1767 2314 de
1799 2262 1944 2314 tribu
1985 2263 2266 2332 Benjamiu
2299 2279 2351 2319 et

775 2349 1164 2404 uefandissimo
1197 2350 1445 2403 facinore
1493 2351 1834 2420 interempta,
1883 2355 2066 2406 decem
2097 2357 2216 2409 aliae
2255 2358 2349 2410 tri—

773 2444 876 2494 bus
932 2456 1094 2493 unam
1160 2442 1359 2493 tribum
1421 2441 1698 2509 Denjamiu
1735 2459 2005 2511 aggressa:
2075 2457 2224 2499 sunt.
2280 2451 2348 2501 At

772 2539 994 2602 quando
1050 2533 1178 2602 ipsa:
1226 2534 1412 2587 decem
1457 2533 1628 2588 tritius
1677 2549 1801 2587 cum
1859 2536 2021 2590 idolis
2070 2536 2349 2593 fornicatze

773 2628 1020 2689 fuerunt,
1066 2627 1220 2680 sieta:
1257 2636 1376 2680 sunt
1420 2626 1490 2680 ab
1525 2641 1630 2680 una
1655 2627 1840 2681 decem
1889 2629 2058 2702 tribus
2098 2635 2262 2684 semel
2298 2646 2348 2685 et

774 2729 992 2773 iterum.
1027 2719 1226 2773 Deinde
1261 2729 1312 2772 et
1364 2721 1462 2788 ipsi
1495 2718 1869 2788 Benjatninitaz
1903 2721 2162 2775 destructi
2198 2735 2343 2786 sunt,

771 2814 1068 2867 secundum
1116 2813 1262 2881 quod
1333 2813 1573 2865 dicitur:
1614 2830 1632 2861 ι
1677 2810 1963 2867 Perdidisti
2012 2829 2202 2869 omnes
2255 2819 2344 2884 qui

771 2907 1106 2958 fornicamur
1162 2906 1260 2958 abs
1328 2915 1401 2957 te.
1443 2923 1460 2955 ι
1501 2902 1656 2957 Justo
1710 2906 1855 2958 enim
1896 2904 2080 2960 furore
2138 2909 2344 2962 incensi

770 2994 1032 3053 adrcrsus
1061 2999 1207 3053 viros
1233 2997 1414 3052 Gabaa
1449 2998 1570 3050 filia:
1603 2997 1912 3059 \iolatorcs,
1946 2998 2344 3070 quadringenta

771 3091 934 3143 millia
997 3090 1282 3143 hominum
1352 3102 1544 3143 contra
1605 3104 1700 3142 eos
1751 3102 2126 3144 armaverunt.
2205 3093 2344 3146 Deus

770 3183 928 3250 igitur
988 3182 1354 3250 castigaturus
1400 3194 1492 3233 eos
1555 3178 1700 3247 quod
1755 3179 1882 3232 dum
1935 3181 2129 3233 similia
2196 3181 2342 3234 domi

772 3279 1074 3336 patrarunt,
1145 3272 1282 3323 alios
1337 3270 1480 3324 idem
1554 3270 1819 3323 facientes
1873 3272 2345 3339 reprehendebant

768 3363 985 3432 sapius.
1028 3363 1079 3414 in
1137 3363 1373 3415 hostium
1427 3376 1622 3413 manus
1679 3360 1826 3414 deilit
1884 3373 1936 3414 et
2000 3365 2183 3418 multis
2222 3365 2344 3417 mil-

770 3455 908 3507 libus
970 3469 1160 3507 corum
1232 3466 1415 3511 necem
1482 3452 1711 3520 paravit.
1777 3450 1910 3505 Cum
1975 3462 2152 3506 autem
2212 3456 2344 3509 vidit

764 3562 878 3610 eos,
911 3545 1201 3613 disciplina
1235 3553 1515 3611 snsccpta,
1543 3544 1594 3595 iu
1625 3545 1774 3612 justo
1809 3545 1992 3598 furore
2025 3562 2341 3612 permanere

767 3639 1071 3706 multasque
1091 3634 1425 3706 profundere
1457 3637 1752 3704 lacrymas,
1783 3647 2107 3704 cooperatus
2137 3647 2220 3692 est
2249 3639 2339 3693 ﬁni

765 3745 925 3797 quem
956 3729 1336 3790 intendebant,
1369 3728 1716 3795 perdiditqne
1742 3737 1908 3780 totam
1950 3727 2217 3781 inﬁdelem
2245 3730 2341 3782 tri-

765 3826 914 3885 bum,
946 3821 1185 3889 exceptis
1221 3824 1428 3888 paucis,
1462 3821 1599 3873 duce
1644 3818 1875 3875 Pbiuees
1911 3819 2180 3873 Eleazaris
2209 3822 2334 3874 tilio.

771 3913 906 3966 Dicit
963 3912 1106 3964 enim
1154 3910 1436 3979 Scriptura
1489 3927 1499 3960 :
1543 3927 1559 3958 ι
1607 3907 1670 3960 lit
1729 3909 2204 3978 interrogaverunt
2245 3911 2336 3965 ﬁlii

762 4007 925 4060 lsrael
962 4005 1276 4058 Dominum.
1326 4001 1399 4054 Eo
1436 4011 1674 4070 tempore
1706 4001 1774 4054 ibi
1822 4013 1933 4055 erat
1967 4017 2092 4054 arca
2121 4001 2337 4057 hederis

761 4097 878 4162 Dei,
908 4105 961 4150 et
987 4104 1138 4152 stans
1184 4105 1308 4148 ante
1343 4109 1523 4147 arcam
1565 4092 1797 4146 Phinees
1849 4095 1990 4146 filius
2047 4093 2336 4158 Eleazar-is,

761 4190 853 4242 lilii
913 4191 1094 4242 Aaron
1148 4187 1322 4241 dixit:
1357 4171 1652 4239 Prtestatue
1713 4186 1862 4238 exire
1924 4187 2062 4238 ultra
2124 4185 2188 4238 ad
2240 4202 2335 4255 pu-

759 4291 915 4345 gnam
973 4286 1163 4330 contra
1231 4275 1370 4330 ﬁlios
1429 4273 1716 4342 Benjamin
1775 4275 1961 4329 fratris
2011 4276 2205 4341 nOstri,
2267 4293 2332 4328 an

757 4367 1081 4437 quiescere?
1148 4365 1211 4419 Et
1266 4367 1405 4420 dixit
1467 4364 1735 4420 Dominus
1799 4385 1812 4420 :
1867 4369 2112 4421 AscenJc
2149 4409 2163 4432 ,
2212 4384 2334 4422 cras

757 4459 900 4512 enim
944 4459 1154 4512 tradam
1214 4473 1311 4513 eos
1351 4459 1404 4512 in
1472 4475 1670 4514 manus
1717 4467 1858 4515 tuas.
1893 4477 1910 4509 ι
1945 4460 2097 4524 Quod
2148 4461 2216 4514 ita
2252 4459 2334 4514 fa-

2471 604 2514 647 x'
2548 599 2640 648 καὶ
2674 601 2792 661 ταῖς
2825 600 3107 668 παλάμαις
3137 603 3437 673 ἀνασχίσας
3469 608 3530 659 τὸ
3565 611 3741 679 στόμα
3769 611 3864 664 τοῦ
3891 612 4046 665 λέον-

2467 704 2577 754 τος,
2603 691 2696 742 καὶ
2718 692 2775 742 ἐν
2805 693 3016 759 σιαγόνι
3044 695 3170 747 δνου
3187 697 3393 765 χιλίους
3417 699 3742 763 ἀποκτείνας
3760 702 4043 773 ⁷⁹ἇνδρας,

2467 787 2558 835 καὶ
2611 783 2755 852 ὕδωρ
2811 785 2877 838 ἐκ
2934 787 3185 855 σιαγόνος
3238 791 3419 857 πιὼν,
3487 795 3581 845 xui
3625 793 3693 846 δι’
3733 796 4046 866 ὑπερϐολῆς

2467 876 2647 945 ίσχύος
2679 878 2777 940 τὰς
2825 876 3000 941 πύλας
3023 881 3121 950 τῆς
3153 881 3361 946 πόλεως
3405 887 3749 950 ἀνασπάσας,
3782 888 3856 951 ὼς
3885 889 4045 958 εῑρηο

2463 983 2572 1029 ται,
2607 969 2703 1020 xui
2735 967 2922 1029 ἁπλῶς
2953 969 2981 1019 ό
3005 969 3070 1023 ἐκ
3103 972 3314 1036 κοιλίας
3349 979 3556 1045 μητρὶς
3605 978 3904 1046 ἀγιασθεὶς,
3933 977 4046 1031 ὑπό

2462 1058 2751 1122 γυναικὸς,
2801 1058 2968 1125 οἶμοι,
3011 1058 3322 1125 δελεασθεὶς
3350 1067 3410 1115 οὑ
3448 1065 3608 1132 μόνον
3645 1067 3739 1136 τὴν
3765 1067 4042 1136 τοσαύτην

2462 1147 2612 1199 θείαν
2642 1149 2800 1218 χάριν
2829 1151 2923 1202 καὶ
2941 1150 3274 1223 τηλικαύτην
3311 1156 3463 1224 ἰσχὺν
3493 1157 3765 1222 ἀπώλεσε,
3802 1158 3942 1212 ἀλλά
3973 1176 4041 1226 γε

2463 1237 2556 1290 καὶ
2576 1239 2642 1290 τὰ
2668 1239 2892 1308 ὄμματα
2924 1241 3262 1313 ἐξορυχθείς,
3294 1249 3543 1314 παίγνιον
3573 1251 3686 1310 τοῖς
3730 1249 4042 1319 παιδαρίοις

2459 1328 2567 1381 τῶν
2591 1328 2904 1399 ἀλλοφύλων
2932 1333 3155 1400 γέγονεν
3191 1338 3284 1387 καὶ
3339 1337 3437 1389 σὺν
3470 1338 3654 1400 αὐτοῖς
3673 1338 3766 1391 τὸν
3800 1339 3916 1408 βίον
3948 1342 4040 1393 αἰ-

2463 1423 2661 1491 σχίστῳ
2708 1423 2859 1493 μόρῳ
2897 1426 3279 1496 κατέστρεψε,
3337 1428 3530 1481 ἑαυτὸν
3585 1430 3870 1500 ἀποφήνας
3923 1434 4042 1493 τοῖς

2459 1513 2673 1584 ἐχθροῖς
2704 1517 3020 1585 κωμῳδίαν,
3049 1522 3163 1582 τοῖς
3191 1519 3246 1570 δὲ
3273 1519 3447 1586 φίλοις
3474 1521 3799 1591 θρηνῳδίαν.

2532 1610 2608 1679 (4)
2643 1611 2800 1663 Μετά
2835 1611 2890 1663 δὲ
2913 1613 3154 1682 Σαμψὼν
3185 1615 3402 1682 ἐγένετο
3432 1618 3666 1686 ἀναρχία
3703 1619 3796 1685 ἔτη
3837 1617 3912 1686 μ’,
3943 1619 4042 1672 καὶ

2457 1700 2684 1763 ἕκαστος
2718 1703 2991 1772 ἔπραττεν
3023 1706 3162 1776 ὅπερ
3211 1705 3495 1774 ⁴ἐβούλετο,
3548 1708 3670 1760 ὅθεν
3697 1708 3743 1740 ⁸⁸
3776 1710 3810 1779 ἡ
3843 1710 4042 1778 Γραφὴ

2456 1795 2554 1864 τὴν
2576 1795 2754 1848 αἰτίαν
2775 1796 3114 1865 ἐμφαίνουσα
3137 1797 3298 1868 ιοθ
3311 1800 3408 1867 τῆς
3432 1801 3776 1869 παρανομίας
3793 1800 3941 1867 λέγει
3956 1802 4001 1832 ⁸⁸
4023 1815 4036 1830 ⁸

2463 1903 2481 1935 ι
2543 1887 2630 1938 Ἐν
2675 1889 2795 1948 ταῖς
2856 1890 3098 1958 ἡμέραις
3154 1891 3392 1954 ἐκείναις
3439 1895 3538 1945 οὐκ
3572 1889 3640 1963 ἦν
3692 1892 3950 1962 βασιλεὺς
3979 1893 4041 1945 ἐν

2470 1978 2704 2047 Ἰσραὴλ,
2723 1980 2834 2030 ἀλλ’
2863 1981 3094 2044 ἕκαστος
3127 1984 3186 2034 τὸ
3207 1985 3436 2053 ἀρεστὸν
3460 1988 3517 2038 ἐν
3544 1987 3842 2056 ὀφθαλμοῖς
3865 1985 4038 2040 αὐτοῦ

2455 2068 2624 2121 ἐποίει
2649 2089 2666 2118 ι
2699 2072 3052 2141 -τοσαύτης
3087 2075 3347 2143 πρόξενος
3396 2077 3605 2146 βλάϐης
3639 2080 3933 2150 ἡάναρχία
3971 2108 4034 2117 -

2456 2161 2550 2212 καὶ
2578 2162 2696 2213 κατ’
2725 2163 2768 2194 ⁸³
2799 2162 3046 2234 ἀλλήλων
3081 2167 3530 2236 συνανιστάμενοι
3552 2170 4034 2239 συνωλοθρεύοντο,

2458 2252 2693 2320 μάλιστα
2718 2253 2774 2306 δὲ
2807 2256 3013 2309 ὁπόταν
3045 2257 3123 2320 είς
3167 2259 3266 2328 τὴν
3291 2258 3594 2314 παλλακίδα
3621 2263 3712 2315 τοῦ
3749 2263 4035 2333 ὁδοιπόρου

2451 2344 2500 2395 οί
2530 2345 2628 2414 τῆς
2664 2346 2837 2415 φυλῆς
2883 2348 3144 2418 Baviuin
3178 2353 3650 2420 ἐκπορνεύσαντες
3703 2355 3796 2408 καὶ
3821 2357 4033 2424 ταύτην

2452 2434 2511 2499 ἐξ
2537 2436 2843 2508 ύπερόολῆς
2883 2441 3180 2504 ἀκολασίας
3212 2443 3517 2508 ἀνελόντες,
3554 2448 3606 2498 ui
3631 2447 3760 2500 δέκα
3793 2447 3838 2478 ⁸³
3862 2449 4033 2516 φυλαὶ

2451 2527 2547 2594 τὴν
2580 2527 2708 2595 μίαν
2740 2528 2913 2598 φυλὴν
2959 2532 3308 2602 ἐπολέμησαν
3331 2551 3342 2563 ·
3381 2535 3496 2587 ἀλλ’
3521 2537 3709 2606 ἐπειδὴ
3739 2540 3832 2590 καὶ
3884 2534 4030 2591 οὗτοι

2451 2619 2530 2678 εἰς
2561 2620 2628 2670 τα
2657 2619 2853 2672 εῖδωλα
2901 2622 3316 2692 ἐξεπόρνευσαν,
3349 2626 3454 2678 ύπδ
3485 2628 3582 2695 τῆς
3611 2630 3739 2697 μιᾶς
3769 2628 3941 2697 φυλῆς
3974 2631 4031 2680 ui

2451 2709 2643 2762 ἕνδεκα
2671 2713 3009 2781 ἐνικήθησαν
3055 2715 3222 2782 φυλαὶ
3255 2716 3350 2768 xui
3381 2717 3527 2781 ἅπαξ
3571 2719 3664 2771 xui
3694 2720 3800 2781 δίςο
3831 2719 4028 2771 ἔπειτα

2450 2803 2693 2854 κάκεῖνοι
2755 2803 3258 2875 ὲξωλοθρεύθησαν,
3319 2809 3460 2862 κατὰ
3520 2811 3578 2862 τὸ
3611 2813 3901 2880 εἰρημένον
3935 2811 3983 2842 ⁸⁵
4011 2829 4023 2840 ·

2455 2911 2472 2942 ι
2518 2892 2955 2965 Ἐξωλόθρευσας
2988 2899 3167 2952 πάντα
3190 2900 3280 2951 τὸν
3315 2901 3650 2969 πορνεύοντα
3691 2904 3797 2955 ἀπὸ
3830 2904 3946 2957 σοῦ.
4005 2924 4023 2956 ι

2449 2986 2649 3054 Δικαίῳ
2672 2988 2779 3056 γάρ
2808 2991 3143 3057 χρησάμενοι
3171 2992 3311 3044 κατὰ
3346 2992 3456 3043 τῶν
3480 2995 3537 3044 ἐν
3563 2994 3750 3064 Γαόαᾷ
3769 2996 3814 3026 ⁸⁸
3846 3012 4016 3064 παραι

2448 3079 2826 3146 νενομηκότων
2875 3082 2953 3143 είς
2985 3082 3086 3151 τὴν
3121 3083 3290 3151 κόρην
3321 3083 3502 3152 θυμῷ,
3545 3088 3906 3154 τετρακοσίας
3940 3106 4026 3157 χι-

2453 3168 2642 3232 λιάδας
2678 3169 3005 3233 ἐξώπλισαν.
3039 3172 3334 3224 Παιδεῦσαι
3359 3174 3413 3226 δὲ
3447 3176 3476 3226 ὀ
3509 3176 3638 3237 Θεὸς
3670 3179 3866 3240 αὐτοὺς
3898 3178 4026 3247 βου-

2451 3260 2632 3330 ληθεὶς
2669 3261 2740 3324 ὡς
2771 3261 2840 3314 τὰ
2872 3263 3036 3332 ὅμοια
3071 3263 3315 3334 δρῶντας
3349 3267 3445 3319 καὶ
3487 3268 3546 3320 ἐν
3587 3269 3768 3332 ἀλλοις
3818 3271 3917 3338 μὲν
3963 3273 4025 3324 τὸ

2450 3349 2619 3402 κακὸν
2649 3349 3012 3420 θεωροῦντας,
3050 3355 3107 3404 ἐν
3157 3353 3368 3415 ἑαυτοῖς
3403 3354 3460 3406 δὲ
3495 3355 3654 3409 τοῦτο
3693 3360 3869 3409 ποιεῖν
3923 3358 4024 3410 οὐκ

2447 3441 2751 3508 ἐθέλοντας,
2789 3447 2881 3496 καὶ
2914 3444 3060 3510 ἅπαξ
3088 3446 3182 3496 καὶ
3200 3446 3282 3508 δὶς
3317 3446 3617 3517 ἡττηθῆναι
3646 3449 4021 3518 συνεχώρησε,

2447 3535 2537 3585 καὶ
2571 3533 2773 3598 πολλὰς
2799 3536 2979 3588 αὐτῶν
3010 3536 3258 3605 χιλιάδας
3298 3539 3674 3608 ἀναιρεθῆναι.
3723 3540 3939 3605 Ἐπειδὴ
3965 3542 4022 3593 δὲ

2447 3621 2550 3679 εἶδε
2583 3629 2676 3681 xui
2696 3628 2794 3698 τὴν
2824 3629 3076 3683 παιδείαν
3096 3629 3423 3698 δεξαμένους
3449 3631 3637 3700 καὶτῷ
3654 3631 3845 3702 δικαίῳ
3863 3632 4023 3703 θυμῷ

2444 3721 2826 3788 ἐπιμένοντας,
2857 3721 3296 3791 ὀλοφυρομένους
3327 3739 3385 3774 τε
3417 3723 3512 3776 καὶ
3546 3725 3716 3778 πολλὰ
3751 3727 4018 3797 προχέον-

2443 3829 2538 3876 τας
2566 3813 2798 3882 δάκρυα,
2835 3817 3148 3884 συνήργησε
3183 3815 3260 3883 τῷ
3314 3816 3502 3884 σκοπῷ
3531 3817 3743 3880 αὐτῶν,
3790 3819 3884 3870 καὶ
3915 3819 4018 3886 τὴν

2445 3905 2759 3975 παράνομον
2799 3907 2968 3974 φυλὴν
2996 3907 3165 3976 ἄρδην
3195 3905 3475 3959 ἀπώλεσεν
3521 3908 3660 3977 πλὴν
3693 3909 3888 3976 ὀλίγων
3921 3911 3984 3961 εὑ

2443 3997 2782 4067 αριθμήτων,
2834 3999 3262 4068 στρατηγοῦντος
3308 4001 3492 4062 Φινεὲς
3553 4001 3666 4052 υἱοῦ
3710 4003 3971 4072 Ἐλεάζαρ
4003 4019 4017 4032 ·

2441 4090 2572 4158 φησὶ
2636 4091 2745 4158 γάρ
2773 4090 2853 4121 ⁸⁸⁸
2919 4109 2937 4141 ι
2988 4093 3098 4144 Καὶ
3148 4092 3501 4163 ἐπερώτησαν
3550 4093 3656 4144 υἱοὶ
3693 4093 3912 4163 Ἰσραὴλ
3958 4099 4017 4147 ἐν

2442 4180 2631 4250 Κυρίῳ
2651 4197 2665 4211 ο
2701 4184 2794 4233 καὶ⁵
2829 4183 2946 4234 ἐκεῖ
2973 4184 3004 4252 ἡ
3037 4182 3267 4246 κιϐωτὸς
3318 4183 3418 4251 τῆς
3449 4182 3710 4252 διαθήκης
3736 4186 3778 4214 ⁸⁷
3807 4189 3866 4236 ἐν
3894 4192 4016 4249 ταῖς

2439 4271 2678 4340 ἡμέραις
2714 4272 2943 4341 Κυρίου,
2986 4273 3082 4324 καὶ
3125 4273 3312 4335 Φινεὲς
3363 4272 3530 4344 (24³),
3577 4274 3691 4337 υίὸς
3723 4275 4016 4346 Ἐλεάζαρ,

2439 4361 2556 4414 υίοῦ
2588 4361 2823 4432 ’Λαρὼν,
2859 4364 3226 4435 παρεστηκὼς
3257 4366 3489 4418 ἐνώπιον
3534 4366 3633 4435 τῆς
3667 4367 3900 4420 κισωτοῦ
3928 4369 4019 4420 λέ-

2437 4471 2552 4522 γει’
2609 4456 2671 4508 Ei
2730 4457 2953 4527 προσθῶ
2990 4457 3034 4488 ⁸⁸
3074 4457 3154 4509 ἑτι
3210 4457 3447 4522 ἐξελθεῖν
3489 4461 3568 4521 είς
3604 4459 3840 4529 πόλεμον
3883 4462 4019 4515 υίὼν

756 4562 905 4604 ctum
942 4561 1046 4604 est.
1097 4550 1406 4620 Pugnantes
1451 4552 1592 4604 enim
1627 4562 1816 4605 contra
1861 4551 2000 4606 ﬁlios
2052 4552 2330 4622 Benjamin
2367 4574 2409 4628 ι)
2442 4550 2445 4597 l

2321 4574 2330 4608 ι
2367 4574 2409 4628 Ι)
2442 4550 2695 4618 Βενιαμὶν
2718 4549 2812 4601 τοῦ
2850 4549 3080 4619 ἀδελφοῦ
3115 4551 3327 4620 ήμῶνῆ
3363 4554 3621 4617 κοπάσω;
3684 4554 3795 4607 Καὶ
3855 4551 4010 4608 εἶπεν

757 4635 1150 4698 interfeCerunt
1193 4659 1260 4697 ex
1306 4644 1385 4697 eis
1422 4644 1607 4713 \igiuti
1649 4645 1892 4714 quinque
1939 4645 2104 4698 millia
2134 4656 2187 4699 et
2214 4661 2331 4700 om-

758 4751 877 4790 nem
912 4737 1098 4789 urbem
1131 4751 1322 4789 eorum
1350 4745 1661 4790 everterunt
1696 4736 1842 4789 ferro
1873 4743 1926 4790 et.
1954 4737 2100 4806 igne,
2141 4739 2336 4792 stanti-

759 4829 859 4881 bus
890 4828 943 4881 in
995 4829 1170 4896 prima
1204 4828 1319 4881 acie
1360 4829 1644 4898 praecipuis
1677 4827 1936 4882 facinoris
1993 4832 2330 4888 auctoribus.

754 4919 1073 4974 Petentibus
1092 4921 1493 4974 eontribulibus
1520 4922 1620 4976 sibi
1641 4923 1780 4975 tradi
1808 4922 2032 4975 sceleris
2050 4930 2330 4987 auctores,

757 5029 862 5067 nou
896 5014 1075 5066 solum
1108 5028 1212 5066 t0]!
1247 5011 1535 5068 obedivcre
1564 5013 1954 5084 Beujamiuitze,
1989 5014 2082 5069 sed
2116 5014 2328 5069 fortiter

754 5105 1023 5169 restitere,
1065 5107 1422 5172 quan-.obrcm
1487 5120 1830 5159 communem
1891 5122 2077 5162 necem
2117 5107 2322 5162 obiere.

757 5195 992 5250 Vocante
1036 5197 1226 5249 divinsc
1278 5197 1501 5264 iustitiae
1564 5208 1807 5266 tempore
1861 5199 2084 5252 meritas
2136 5213 2324 5267 pinnas

749 5291 1035 5354 dederunt,
1079 5290 1216 5341 sicut
1247 5289 1380 5343 dicit
1423 5291 1559 5342 Deus
1594 5307 1606 5341 :
1647 5308 1663 5340 ι
1703 5289 1836 5342 Cum
1875 5303 2088 5358 tempus
2133 5301 2324 5345 nactus

748 5396 862 5443 cro,
892 5391 1036 5435 recte
1080 5380 1224 5434 facta
1255 5379 1532 5447 iudicabo.
1573 5399 1591 5431 ι
1622 5378 1860 5447 Tempus
1912 5381 2040 5434 dicit
2071 5396 2135 5432 ex
2193 5396 2318 5449 pec-

2439 4639 2672 4706 Κύριοςο
2713 4639 2992 4710 Ἀνάόηθι,
3023 4643 3106 4694 ὅτι
3136 4641 3327 4711 αὔριον
3371 4644 3632 4696 ἀποδώσω
3647 4643 3693 4673 ⁸⁸
3732 4644 3932 4707 αὐτοὺς
3957 4649 4017 4697 ἐν

2435 4735 2502 4803 τῇ
2527 4735 2671 4804 χειρί
2700 4751 2795 4786 σου
2822 4750 2839 4766 ·
2875 4752 2897 4787 ι
2933 4734 3072 4804 ὅπερ
3104 4735 3169 4805 δὴ
3198 4737 3288 4788 καὶ
3317 4737 3560 4804 γέγονεν,
3588 4736 4014 4808 Πολεμήσαντες

2438 4826 2542 4895 γαρ
2575 4825 2794 4891 αὐτοὺς,
2828 4825 3037 4878 ἀνεῖλον
3077 4825 3135 4889 ἐξ
3166 4824 3347 4878 αὐτῶν
3377 4825 3622 4894 χιλιάδας
3652 4832 3729 4878 κε’
3763 4826 3860 4880 xui
3902 4829 4014 4880 πά-

2437 4935 2534 4970 σαν
2568 4919 2664 4989 τὴν
2695 4918 2852 4971 πόλιν
2872 4918 3054 4971 αὐτῶν
3079 4917 3428 4988 κατέσφαξαν
3460 4919 3516 4971 ἐν
3554 4920 3779 4989 στόματι
3807 4920 4013 4991 μαχαί-

2439 5028 2568 5080 ρας·
2631 5012 2725 5064 καὶ
2775 5011 2884 5081 γὰρ
2911 5011 3020 5064 τῶν
3064 5011 3381 5065 ἀκολάστων
3416 5011 3633 5082 χείρους
3677 5014 3726 5064 οί
3782 5012 4013 5065 ἐκείνων

2437 5104 2977 5173 προκινδυνεύοντες·
3014 5102 3358 5170 ἐξαιτοῦντες
3413 5105 3522 5174 γὰρ
3556 5103 3664 5156 τῶν
3716 5104 4012 5173 ὁμοφύλων

2434 5200 2560 5261 τοὺς
2588 5197 2684 5267 τὴν
2714 5198 3061 5268 παρανομίαν
3094 5196 3532 5265 τετολμηκότας,
3565 5195 3628 5248 ού
3660 5196 3824 5264 μόνον
3854 5194 4008 5265 [οὐκ]

2433 5285 2722 5351 ἐξέδωκαν,
2755 5287 2891 5339 ἀλλά
2919 5289 3011 5339 xui
3036 5287 3330 5355 προθύμως
3365 5287 3770 5355 ὑπερήσπισαν,
3804 5281 3864 5337 οὗ
3883 5285 3939 5338 δὲ
3962 5290 4011 5317 ’⁸

2431 5379 2590 5448 χάριν
2609 5379 2786 5430 κοινὸν
2812 5379 3128 5448 ὑπέστησαν
3149 5379 3371 5448 ὄλεθρον
3392 5394 3405 5407 ’
3431 5380 3523 5430 καὶ
3547 5379 3636 5430 διὰ
3655 5378 4006 5448 προφάσεως,

1954 5541 2147 5602 Varias
2209 5541 2515 5602 lectiones
2559 5549 2620 5602 et
2659 5548 2846 5602 notae.

815 5671 860 5701 τ’
885 5669 1304 5742 ἀποκτείναντα.
1383 5671 1429 5702 ⁸⁸
1459 5670 1719 5739 ἠδούλετο
1739 5671 1862 5724 ὅθεν
1892 5672 1927 5725 Ι.
1971 5674 2059 5742 ﬁt}.
2088 5671 2289 5739 φαῦλον
2316 5671 2436 5723 ὅθεν
2471 5686 2504 5725 ο

2318 5671 2436 5723 ὅθεν
2471 5673 2591 5725 cod.
2669 5671 2709 5701 "
2743 5669 2871 5723 Jud.
2905 5685 3016 5742 ττι,
3040 5667 3130 5723 ‘25.
3211 5671 3253 5699 ‘“
3278 5669 3523 5742 καὶκατ⁹
3560 5671 3592 5722 Ι.
3630 5668 3724 5720 xui
3747 5668 3856 5739 γὰρ
3882 5671 4007 5722 κατ’

741 5745 861 5796 end.
941 5743 984 5769 ’⁴³
1013 5744 1067 5792 ui
1105 5740 1216 5794 tu"!
1293 5743 1336 5772 “
1369 5743 1454 5794 l’s.
1499 5759 1686 5800 f.\\lll,
1714 5747 1800 5795 ‘25.

1878 5748 1920 5775 "'
1949 5744 2078 5796 Nutu
2117 5742 2312 5811 Γαδαῴ
2349 5753 2396 5794 t‘t
2433 5742 2604 5810 θυμοῦ
2638 5749 2758 5794 rod.

2876 5742 2922 5773 ⁸⁴
2945 5739 3068 5793 Jtttl.
3139 5758 3227 5805 Χῖ,
3271 5741 3463 5793 ‘35-‘28.
3573 5742 3616 5772 ⁸⁷
3647 5742 3875 5802 κιδωιὺς
3904 5743 4006 5810 τὴς

743 5817 884 5865 ὁιαθ.
918 5814 950 5865 I.
981 5814 1088 5862 κιϐ.
1137 5813 1276 5867 διαθ.
1315 5816 1431 5866 rod.
1510 5815 1554 5845 ⁸³
1590 5811 1916 5900 προσθῶμεν
1947 5813 2070 5868 Jud.
2149 5816 2192 5846 "’
2227 5814 2381 5866 απυδ.
2423 5815 2432 5867 l

1421 5856 1431 5865 .
1510 5815 1554 5845 ⁸³
1590 5811 1916 5900 προσθῶμεν
1947 5813 2070 5868 .lud.
2149 5816 2192 5846 "’
2227 5814 2381 5866 απυδ.
2423 5815 2458 5867 Ι.
2503 5812 2698 5887 παραό.
2733 5815 2852 5866 end.
2929 5814 2973 5843 νο
3013 5813 3110 5882 δῂῗ
