4278 6446
811 409 905 470 2H

2002 403 2322 463 GEORGII
2369 403 2816 465 ΠΑΜᾹΒΤΟΙᾸ

3938 400 4042 462 272

808 520 1016 576 nationi
1056 533 1161 572 non
1206 518 1460 578 involvit,
1506 519 1596 570 sed
1649 515 1996 569 nnanirnitas.
2043 515 2158 569 Non
2209 516 2372 584 igitur
2403 523 2497 578 Aa

2357 531 2372 568 r
2403 523 2448 578 Α
2475 512 2860 582 κατεποντώθη
2916 515 3041 555 ³⁸-
3071 513 3130 567 οὑ
3169 514 3276 583 γὰρ
3322 514 3354 582 ἡ
3411 511 3715 582 συνοίκησις
3755 512 4046 566 καταδικά-

807 613 947 663 ali-us
991 623 1088 679 pro
1128 609 1231 662 alio
1267 610 1551 671 morietur,
1583 607 1676 662 sed
1715 624 1732 655 ι
1776 604 1995 660 funibus
2028 616 2368 673 peccatorum

805 715 1028 753 suorum
1060 698 1291 767 quisque
1319 699 1760 766 constringitur.»
1794 695 1860 749 Et
1889 714 1901 750 :
1943 695 2108 750 «Ecce
2137 697 2298 750 homo
2322 705 2376 749 et

807 807 942 864 opus
971 788 1085 856 ejus
1126 799 1249 842 ante
1281 787 1472 842 faciem
1508 788 1677 842 illius»
1713 795 1766 840 et
1798 787 2186 856 «justitiajusti
2209 801 2374 855 super

806 886 982 951 ipsum
1027 882 1184 935 erit.»
1225 881 1334 934 Et:
1375 878 1859 948 «Unumquetnque
1891 879 2042 945 justa
2072 877 2203 943 {vias
2245 892 2374 933 suas

801 975 1084 1043 judicabo,
1118 974 1315 1026 domus
1348 972 1534 1034 Israel,
1563 970 1694 1024 dicit
1728 969 1987 1024 Dominus
2017 968 2215 1023 Deus.»
2260 968 2327 1022 Et
2356 987 2368 1022 :

813 1085 828 1115 ε
877 1064 1012 1128 Quid
1047 1078 1143 1116 vos
1175 1061 1354 1117 dicitis
1383 1061 1692 1129 parabolam
1726 1061 1863 1114 hanc
1893 1075 1905 1110 :
1943 1079 1960 1109 ‹
2007 1060 2196 1115 Patres
2224 1075 2372 1115 com-

804 1160 1035 1209 ederunt
1079 1169 1238 1208 uvam
1286 1151 1536 1206 acerbam
1596 1161 1650 1205 et
1674 1151 1864 1205 dentes
1899 1150 2136 1206 ﬁliorum
2181 1152 2371 1206 obstu-

805 1246 1078 1316 puerunt?
1116 1263 1134 1294 »
1177 1240 1310 1296 Vivo
1339 1257 1462 1311 ego,
1486 1242 1615 1296 dicit
1667 1239 1927 1298 Dominus
1959 1241 2123 1309 Deus,
2175 1244 2220 1298 si
2269 1241 2374 1297 erit

808 1341 950 1393 ultra
983 1338 1135 1392 vobis
1191 1335 1448 1407 parabola
1481 1335 1594 1390 hac
1635 1334 1690 1389 in
1725 1335 2070 1403 proverbium
2101 1335 2155 1388 in
2187 1335 2374 1390 Israel.

807 1432 950 1486 Ecce
981 1445 1173 1485 omnes
1224 1432 1419 1483 animae
1451 1441 1584 1482 mete
1631 1436 1777 1490 sunt,
1811 1434 1870 1480 ut
1900 1428 2078 1480 anima
2106 1427 2274 1496 patris
2299 1427 2375 1481 ita

803 1530 859 1575 et
905 1521 1087 1574 anima
1124 1520 1218 1573 lilii
1252 1533 1371 1571 mea
1411 1525 1514 1583 cst,
1553 1518 1731 1571 anima
1785 1531 1906 1586 quae
1959 1515 2204 1585 peccavit
2259 1517 2374 1586 ipsa

803 1613 1093 1666 morietur.
1139 1628 1156 1662 »

2481 608 2564 668 ζει
2601 606 2672 670 ⁸⁸,
2703 605 2818 658 ἀλλ’
2847 606 2882 674 ἠ
2913 605 3011 674 τῆς
3055 606 3283 675 γνώμης
3309 604 3556 674 ὁμόνοια.
3584 633 3654 646 -—
3686 604 3729 633 “
3761 603 3835 656 Οὑ
3866 605 4047 654 τοίνυν

2481 697 2665 766 ἕτερος
2702 695 2841 767 ὑπὲρ
2886 694 3074 764 ἑτέρου
3118 695 3490 759 ἀποθανεῖται,
3522 692 3658 746 ἀλλά
3693 692 3738 723 ⁸⁸
3775 712 3793 745 ι
3832 694 4045 762 σειραῖς

2479 789 2587 840 τῶν
2618 787 2813 839 ἑαυτοῦ
2838 785 3122 858 ἁμαρτιῶν
3140 787 3184 817 ⁸⁸
3212 787 3440 850 ⁹ἕκαστος
3462 787 3746 855 σφίγγεται
3771 800 3816 835 ⁸)
3855 785 3969 838 καί·
4005 787 4047 814 ⁸⁸

2489 897 2508 930 ε
2555 879 2685 932 Ἰδοὺ
2708 879 2994 948 ἄνθρωπος
3021 878 3116 932 καὶ
3138 879 3198 931 τὸ
3221 879 3380 947 ἔργον
3407 879 3573 934 αὑτοῦ
3607 880 3713 948 πρὸ
3743 877 4044 948 προσώπου

2483 970 2681 1024 αὑτοῦ·
2730 971 2920 1022 ι-καί
2957 971 3000 1003 ⁸⁸
3027 989 3042 1002 ο
3090 990 3107 1022 ι
3148 971 3468 1042 Δικαιοσύνη
3511 971 3717 1024 δικαίου
3755 969 3841 1022 ἐπ’
3889 969 4049 1021 αὑτὸν

2482 1062 2656 1116 ἔσται.
2687 1063 2958 1115 Ἕκαστον
2991 1063 3132 1116 κατά
3184 1062 3281 1133 τὴν
3310 1064 3429 1116 ὁδὸν
3479 1062 3632 1132 ὑμῶν
3681 1060 3850 1131 κρινῶ
3877 1060 4046 1129 ὑμᾶς,

2479 1149 2627 1216 οἶκος
2675 1152 2914 1223 Ἰσραὴλ,
2946 1153 3095 1221 λέγει
3143 1156 3346 1225 Κύριος
3388 1155 3416 1207 ὀ
3441 1153 3571 1216 Θεός
3596 1170 3609 1184 ·
3646 1153 3875 1206 »-καί’
3920 1169 3938 1201 ι
3983 1151 4050 1201 Τί

2480 1246 2638 1315 ὑμεῖς
2668 1247 2854 1314 λέγετε
2893 1245 2940 1278 ⁸⁸
2967 1247 3064 1317 τὴν
3094 1247 3413 1318 παραϐολὴν
3440 1245 3648 1316 ταύτην
3673 1262 3687 1311 ;
3717 1247 3776 1299 Οί
3813 1244 4049 1312 πατέρες

2477 1339 2681 1407 ἔφαγον
2711 1339 2838 1402 τοὺς
2885 1339 3142 1407 ὅμφακας
3171 1340 3215 1371 ⁸⁷
3243 1340 3337 1393 καὶ
3376 1341 3426 1392 oi
3472 1338 3681 1400 ὀδόντες
3707 1338 3816 1390 τῶν
3845 1337 4052 1389 τέκνων

2476 1429 2828 1497 ᾑμωδίασανς
2875 1447 2894 1480 ι
2920 1459 2989 1470 -·
3011 1430 3056 1461 ⁸³
3092 1448 3110 1482 ι
3147 1430 3234 1484 Ζῶ
3270 1430 3404 1498 ἐγὼ,
3436 1431 3584 1498 λέγει
3616 1426 3829 1482 Ἀδοναῖ
3860 1427 3904 1460 ⁵⁸
3936 1425 4051 1480 Κὺ-

2479 1537 2615 1591 ριος,
2646 1519 2700 1571 εί
2735 1522 2885 1573 ἐστιν
2912 1523 2958 1554 ⁸⁸
2987 1524 3046 1576 ἀν
3075 1523 3202 1592 ὑμῖν
3249 1522 3330 1574 έτι
3377 1522 3646 1592 λεγομένη
3690 1523 3724 1591 ἠ
3766 1518 4051 1590 παραϐολὴ

2475 1613 2619 1684 αὓτη
2651 1615 2710 1668 ὲν
2751 1613 2990 1686 Ἰσραὴλ,
3030 1617 3112 1668 ὅτι
3167 1617 3339 1669 πᾶσαι
3385 1617 3441 1668 αἱ
3489 1615 3660 1684 ψυχαὶ
3700 1613 3831 1684 ἐμαί
3879 1614 4050 1664 εἰσινο

802 1706 860 1758 ὅν
890 1708 1089 1775 τρόπον
1117 1708 1148 1776 ὴ
1174 1706 1321 1775 ψυχὴ
1368 1704 1463 1758 τοῦ
1493 1707 1718 1774 πατρὸς,
1750 1705 1921 1768 οὕτως
1949 1706 1981 1775 ἡ
2007 1705 2154 1778 ψυχὴ
2174 1707 2268 1761 τοῦ
2308 1707 2428 1762 υίοὺ
2457 1711 2563 1780 ἐμή
2595 1713 2772 1764 ἐστιν’
2813 1711 2846 1779 η
2870 1709 3018 1780 ψυχὴ
3046 1713 3081 1781 ἡ
3122 1709 3528 1781 ἁμαρτάνουσα,
3560 1709 3698 1778 αὑτὴ
3724 1709 3818 1762 καὶ
3843 1706 4054 1760 ἀποθα-

806 1815 997 1850 νειται.

1263 1912 1512 1968 LIV-LV.
1545 1912 1777 1984 Regnum
1810 1913 1969 1968 Θείαν.

881 2029 1093 2083 Mortuo
1130 2028 1349 2080 Amasia
1374 2066 1387 2088 ,
1425 2025 1670 2094 regnavit
1708 2023 1888 2090 Osias,
1922 2027 2012 2094 qui
2059 2035 2114 2081 et
2149 2029 2374 2083 Azarias

805 2123 1028 2186 dicitur,
1064 2121 1205 2173 ﬁlius
1235 2119 1375 2187 ejus,
1410 2127 1464 2170 et
1510 2115 1638 2170 fecit
1674 2119 1820 2185 quod
1849 2118 2107 2186 placitum
2138 2127 2255 2172 erat
2281 2133 2375 2174 co-

807 2232 920 2268 ram
949 2215 1198 2274 Domino;
1223 2227 1344 2266 cum
1383 2224 1560 2264 autem
1591 2210 1639 2264 ei
1665 2210 1797 2264 bene
1812 2211 2146 2280 contigisset,
2189 2226 2375 2281 super-

807 2309 934 2372 biit,
983 2307 1266 2374 cupiitque
1319 2303 1514 2357 oﬂ‘erre
1560 2304 1843 2358 incensum
1890 2303 2001 2358 Deo
2035 2319 2135 2359 suo
2172 2314 2226 2357 et
2261 2307 2374 2374 ipse

805 2415 1046 2470 quoque.
1077 2399 1221 2468 quod
1264 2397 1396 2452 solis
1433 2387 1809 2451 sacerdotibus
1839 2395 1984 2450 licet.
2027 2394 2162 2450 Cum
2215 2397 2376 2466 igitur

806 2493 856 2545 in
887 2491 1090 2560 templo
1119 2489 1398 2544 incensum
1425 2487 1730 2552 obtulisset,
1759 2487 2003 2555 leprosus
2027 2486 2202 2541 factus
2225 2495 2378 2556 est_et

807 2583 886 2637 sic
925 2591 1171 2636 mortuus
1198 2587 1308 2644 est;
1343 2577 1462 2646 ejus
1495 2592 1720 2646 regnum
1748 2577 2139 2646 quinquaginta
2170 2588 2222 2632 et
2244 2578 2378 2631 duo-

805 2691 926 2728 rum
979 2687 1249 2726 annorum
1299 2669 1418 2723 fuit.
1473 2667 1547 2721 De
1605 2684 1714 2737 quo
1765 2667 2189 2738 Chrysostomus
2242 2669 2317 2721 ait
2360 2683 2373 2720 :

813 2787 829 2818 ε
871 2765 1030 2820 Osias
1057 2775 1237 2818 autem
1267 2777 1390 2816 cum
1428 2760 1677 2823 invaluit,
1704 2776 1809 2813 non
1843 2759 2102 2815 sustinuit
2131 2769 2375 2830 potesta-

806 2858 877 2910 tis
921 2853 1372 2924 magnitudinem,
1419 2849 1509 2905 sed
1547 2850 2009 2918 quemadmodum
2046 2867 2108 2904 ex
2143 2851 2379 2920 ingluvie

809 2947 1055 3002 nascitur
1105 2955 1320 3006 tumor,
1365 2957 1396 2995 e
1439 2951 1652 2995 tumore
1700 2941 1852 2995 calor
1924 2942 2120 2994 ardens
2161 2951 2212 2995 et
2255 2941 2379 2995 inde

812 3053 953 3108 smpe
981 3035 1180 3105 saepius
1210 3049 1396 3097 mors;
1431 3033 1510 3087 sic
1537 3048 1602 3086 ex
1652 3047 1835 3087 rerum
1883 3032 2279 3101 magniﬁcentia
2322 3031 2380 3086 tit

807 3130 1050 3196 insania;
1075 3127 1220 3198 quod
1251 3127 1304 3180 in
1325 3125 1644 3195 corporibus
1673 3134 1872 3189 tumor,
1902 3123 2041 3177 idem
2069 3131 2152 3178 est
2179 3122 2232 3175 in
2259 3122 2378 3174 ani-

811 3237 899 3277 tna
938 3221 1145 3276 insania
1178 3217 1559 3288 superbiaque.
1597 3215 1802 3270 Deinde
1832 3229 1897 3269 ex
1925 3214 2133 3283 insania
2167 3210 2379 3283 cupidi-

2861 1917 3038 1970 NA'-t\'
3048 1917 3120 1969 Εἰ.
3157 1916 3440 1971 Βασιλεία
3485 1917 3682 1978 Ὸζῐου.

2553 2033 2596 2063 ⁸⁸
2636 2030 2792 2084 Μετὰ
2835 2031 2892 2084 δὲ
2935 2032 3195 2102 ’Δμεσίαν
3244 2031 3598 2085 ἐϐασίλευσεν
3657 2033 3840 2097 Ὀζίας
3883 2034 3912 2084 ὀ
3965 2034 4055 2085 καὶ

2494 2125 2772 2194 Ἀζαρίας,
2803 2126 2966 2188 όυίὺς
2993 2125 3182 2193 αὑτοῦ,
3222 2128 3318 2179 καὶ
3348 2128 3571 2198 ἐποίησε
3614 2128 3676 2179 τὸ
3716 2126 3871 2188 εὑθὲς
3919 2121 4051 2178 ένώ-

2485 2233 2608 2269 πιον
2636 2217 2842 2287 Κυρίου
2878 2217 2972 2269 καὶ
3021 2217 3390 2287 εὑωδούμενος
3425 2217 3638 2287 ὲπῄρθη
3675 2215 3770 2270 καὶ
3818 2215 4053 2285 ἠθέλησε

2483 2307 2747 2377 θυμιάσαι
2769 2308 2844 2377 τῷ
2870 2308 2990 2379 Θεῷ
3018 2310 3178 2373 αὑτὸς
3203 2311 3271 2363 δι’
3294 2309 3510 2372 ἑαυτοῦ,
3529 2310 3666 2379 ὅπερ
3687 2309 3866 2378 μόνοις
3894 2307 4052 2377 157

2483 2399 2662 2462 ἔξεστι
2710 2401 2826 2462 τοῖς
2878 2400 3155 2470 ἱερεῦσιν*
3200 2403 3294 2454 καὶ
3337 2402 3401 2470 δὴ
3447 2401 3716 2469 θυμιάσας
3745 2402 3803 2452 ὲν
3834 2399 3912 2467 τῷ
3946 2397 4058 2466 ναῷ

2484 2490 2644 2554 εὐθὺς
2689 2491 2976 2560 ελεπρώθη
3007 2493 3101 2543 καὶ
3143 2491 3317 2555 οὑτως
3360 2491 3696 2562 ἐτελεύτησε,
3727 2490 4060 2560 βασιλεύσας

2485 2582 2581 2649 ἔτη
2635 2580 2714 2649 νβ’
2753 2583 2838 2613 ⁸³⁸
2871 2612 2941 2622 --
2975 2583 3019 2616 ⁸³
3060 2583 3139 2651 (2)
3187 2583 3324 2652 Περὶ
3370 2575 3431 2635 οὗ
3491 2583 3585 2636 καὶ
3616 2584 3644 2635 ὁ
3676 2582 4059 2650 Χρυσόστομός

2486 2690 2651 2742 φησιν
2677 2689 2690 2703 ·
2727 2692 2746 2724 ι
2803 2673 2862 2729 ’0
2894 2673 2988 2727 οὑν
3036 2674 3214 2737 Ὀζίας
3255 2673 3416 2743 ἡνίκα
3450 2674 3692 2742 ἴσχυσεν,
3719 2674 3821 2724 οὑκ
3860 2674 4057 2740 ἦνεγκε

2483 2765 2585 2834 τῆς
2613 2763 2929 2827 δυναστείας
2965 2765 3026 2818 τὸ
3077 2764 3328 2833 μέγεθος,
3360 2765 3474 2818 ἀλλ’
3505 2764 3696 2834 ὥσπερ
3745 2765 3804 2827 ἐξ
3846 2762 4056 2830 ἀδηφα-

2486 2858 2613 2924 γίας
2641 2857 2688 2888 ⁵⁵
2720 2855 2819 2925 μὲν
2855 2856 3068 2925 γίνεται
3115 2835 3421 2926 φλεγμονὴ,
3457 2859 3519 2909 ὲκ
3569 2858 3626 2909 δὲ
3677 2856 3988 2926 φλεγμονῆς
4015 2854 4060 2885 ⁵⁸

2485 2946 2731 2998 τίκτεται
2756 2948 3014 3016 πυρετὸς,
3044 2943 3164 2999 εἶτα
3191 2946 3420 3010 θάνατος
3446 2947 3490 2977 ⁸⁸
3513 2945 3725 2997 ἐκεῖθεν
3753 2946 4015 3005 πολλάκις
4044 2959 4056 2970 ·

2485 3035 2628 3088 οὑτω
2689 3037 2970 3090 κάνταῦθα
3029 3037 3139 3090 ἀπὸ
3195 3040 3294 3107 τῆς
3350 3037 3462 3089 τῶν
3514 3036 3658 3106 (59⁸)
3716 3035 4062 3105 πραγμάτων

2487 3125 2794 3198 ὑπερϐολῆς
2820 3129 2888 3192 ",
2923 3128 3154 3182 ἀπόνοια
3184 3130 3413 3198 γέγονεν
3438 3146 3450 3158 ·
3494 3130 3634 3197 ὅπερ
3675 3130 3786 3198 γὰρ
3825 3130 3920 3179 επὶ
3948 3127 4060 3178 τῶν

2490 3217 2758 3284 σωμάτων
2777 3216 3078 3287 φλεγμονὴ,
3097 3216 3255 3270 τοῦτο
3274 3219 3369 3270 ἐπὶ
3391 3218 3490 3288 τῆς
3529 3215 3711 3287 ψυχῆς
3750 3216 3974 3269 ἀπόνοια
3990 3215 4064 3278 ⁸⁸,

811 3326 894 3369 tas
934 3328 1116 3368 rerum
1150 3326 1272 3380 qua:
1304 3324 1407 3364 non
1461 3308 1652 3362 decent
1698 3307 1853 3376 sequi
1899 3305 2053 3361 solet.
2106 3305 2374 3360 Caeterum
2403 3317 2446 3378 ρ
2481 3324 2500 3359 ε

2363 3321 2374 3358 ι
2403 3317 2446 3378 ρ
2481 3303 2599 3360 εἶτα
2624 3308 2684 3372 ἐξ
2712 3309 2972 3372 ἀπονοίας
3001 3309 3270 3378 ἐπιθυμία
3291 3309 3401 3362 τῶν
3431 3311 3493 3362 οὑ
3525 3309 3915 3379 προσηκόντων
3945 3308 3990 3339 ⁸⁸
4033 3327 4052 3356 »

809 3403 1078 3458 elevatum
1110 3407 1192 3454 est
1226 3413 1320 3452 cor
1343 3396 1462 3465 ejus
1493 3405 1546 3447 et
1590 3409 1696 3448 non
1737 3396 1998 3449 remansit
2035 3396 2268 3450 interius
2301 3396 2383 3448 in-

811 3493 963 3547 sania
1002 3505 1101 3544 nec
1135 3495 1326 3542 sanata
1357 3496 1460 3548 est,
1490 3484 1584 3538 sed
1623 3485 1688 3537 ad
1733 3485 1874 3538 mala
1903 3499 2068 3553 opera
2100 3500 2224 3539 eum
2254 3485 2378 3540 inci.

812 3584 948 3637 tavit
1015 3593 1345 3647 omnemque
1406 3577 1666 3630 virtutem
1719 3575 1998 3645 corrupit;
2054 3577 2188 3631 dicit
2240 3577 2385 3632 enim

814 3675 1094 3742 Scriptura
1123 3687 1136 3722 :
1171 3668 1307 3723 «Sed
1340 3682 1462 3721 cum
1493 3667 1779 3720 roboratus
1808 3675 1969 3732 esset,
2007 3668 2275 3721 elevatum
2307 3679 2390 3722 est

813 3781 907 3821 eor
947 3763 1068 3832 ejus
1105 3762 1158 3815 in
1205 3760 1482 3812 interitum
1529 3772 1709 3824 suum,
1754 3765 1807 3812 et
1837 3758 2072 3828 neglexit
2098 3757 2386 3812 Dominum

818 3857 1012 3916 Deum,
1051 3853 1440 3919 ingressusque
1479 3847 1738 3917 templum
1772 3845 2007 3914 Domini,
2043 3849 2264 3903 adolere
2292 3865 2387 3904 vo—

817 3946 916 3999 luit
944 3944 1226 3997 incensum
1260 3953 1423 4007 super
1452 3937 1626 3991 altare
1657 3938 2054 4006 thymiamatis.
2084 3937 2391 4008 Statimque

817 4041 1098 4108 ingressus
1114 4039 1239 4102 post
1253 4044 1376 4084 eum
1404 4027 1696 4082 Zacharias
1710 4030 1959 4100 princeps
1976 4031 2320 4086 sacerdotum
2339 4040 2390 4084 et

816 4145 942 4186 cum
974 4141 1038 4182 eo
1068 4122 1379 4179 sacerdotes
1406 4118 1620 4197 Domini
1650 4121 1926 4190 octoginta
1960 4121 2204 4176 dicentes
2231 4139 2246 4178 :
2271 4121 2389 4177 Non

814 4231 898 4278 est
933 4221 1010 4274 ιιιί
1056 4215 1240 4279 oﬂicii,
1275 4213 1427 4277 Osia,
1460 4221 1519 4266 ut
1559 4212 1778 4266 adoleas
1817 4210 2103 4268 incensum
2135 4212 2389 4280 Domino,

818 4316 914 4372 sed
941 4311 1310 4372 sacerdotum,
1342 4307 1446 4359 hoc
1479 4313 1561 4359 est
1590 4304 1827 4358 tlliorum
1861 4303 2043 4358 Aaron
2072 4307 2163 4374 qui
2207 4321 2392 4362 conse-

2489 3396 2883 3450 ἐπακολουθεῖν
2913 3398 3126 3454 εἴωθεν.
3155 3429 3222 3439 -
3245 3399 3434 3462 Οὕτως
3461 3398 3556 3452 οὑν
3583 3399 3770 3452 λοιπὸν
3810 3417 3828 3449 ι
3872 3396 4064 3465 ὑψώθη

2491 3489 2523 3557 ἡ
2560 3489 2758 3558 καρδία
2791 3489 2982 3554 αὑτοῦ,
3015 3492 3110 3543 καὶ
3152 3491 3253 3544 οὑκ
3307 3490 3526 3560 ἔμεινεν
3576 3490 3726 3543 ένδον
3757 3491 3789 3560 ὴ
3832 3489 4065 3542 ἀπόνοια

2491 3577 2610 3630 οὑδὲ
2644 3579 2961 3650 ἀπεσϐέσθη
2995 3581 3066 3647 ⁸⁸,
3098 3582 3216 3635 ἀλλ’
3260 3583 3548 3647 ἐξώκειλεν
3593 3585 3687 3635 καὶ
3727 3583 3864 3652 πρὸς
3902 3582 4066 3651 ἔργον

2495 3668 2724 3722 ἐλθοῦσα
2762 3673 3019 3742 πονηρὸν,
3057 3675 3238 3726 πᾶσαν
3294 3674 3461 3726 αὑτοῦ
3508 3676 3607 3744 τὴν
3661 3675 3864 3743 ἀρετὴν
3899 3675 3940 3703 ⁶¹
3985 3672 4067 3724 δι-

2495 3757 2749 3828 έφθειρεν
2772 3775 2787 3788 ·
2821 3778 2841 3810 »
2867 3789 2936 3798 —-
2971 3764 3103 3829 φησὶ
3151 3765 3260 3833 γάρ
3295 3765 3361 3796 ⁶⁸ο
3408 3781 3426 3813 ι
3461 3764 3570 3816 Καὶ
3618 3762 3692 3824 ὡς
3745 3761 4071 3828 κατίσχυσεν

2493 3849 2738 3920 ὑψώθηή
2775 3852 2969 3921 καρδία
3023 3854 3190 3905 αὑτοῦ
3237 3857 3601 3923 καταφθεῖραι
3650 3853 3746 3906 xui.
3799 3852 4066 3920 ἠδίκησεν

2493 3940 2552 3990 ὲν
2611 3939 2801 4010 Κυρίῳ
2859 3941 2978 4012 Θεῷ
3028 3943 3218 4010 αὑτοῦ,
3255 3947 3349 3999 καὶ
3403 3945 3665 3998 είσελθὼν
3696 3945 3778 4009 είς
3807 3943 3898 3996 τὸν
3934 3944 4064 3995 ναὸν

2495 4030 2702 4100 Κυρίου
2755 4031 3017 4102 θυμιάσαι
3056 4037 3149 4087 ἐπὶ
3193 4036 3254 4088 τὸ
3292 4037 3677 4106 θυσιαστήριον
3716 4034 3812 4088 τοῦ
3863 4035 4067 4104 θυμιά-

2498 4137 2664 4189 ματος
2685 4139 2700 4151 ⁸
2731 4122 2983 4191 είσῆλθεν
3009 4125 3186 4179 ὀπίσω
3216 4129 3382 4180 αὑτοῦ
3411 4129 3684 4196 Ζαχαρίας
3714 4130 3743 4181 ὁ
3776 4129 4071 4198 ἀρχιερεὺς

2497 4211 2592 4263 καὶ
2621 4211 2740 4280 μετ’
2767 4214 2934 4268 αὑτοῦ
2985 4216 3149 4285 ίερεῖς
3192 4219 3399 4286 Κυρίου
3451 4217 3506 4271 π’
3533 4220 3818 4286 λέγοντες·
3874 4219 3950 4269 Οὑ
3989 4218 4075 4268 soi

2497 4305 2646 4357 ἐστιν
2665 4344 2681 4370 ,
2701 4305 2859 4370 ὐζία
2887 4307 2956 4371 ⁸⁸,
2991 4308 3255 4377 θυμιᾶσαι
3294 4311 3371 4380 τῷ
3397 4311 3536 4379 Θεῷ,
3566 4311 3703 4364 ἀλλά
3741 4315 3852 4372 τοῖς
3890 4309 4073 4380 ἱερεῦ-

819 4407 953 4461 crati
985 4412 1112 4459 sunt
1159 4399 1226 4455 ad
1269 4395 1537 4467 ejusmodi
1582 4394 1979 4460 ministerium;
2027 4397 2284 4464 egredere
2327 4400 2392 4452 de
2502 4416 2508 4441 <

2382 4411 2392 4452 ι
2502 4411 2556 4446 σι
2610 4399 2723 4459 τοῖς
2777 4401 2916 4458 υίοῖς
2979 4401 3210 4471 Ἀαρὼν,
3260 4407 3374 4466 τοῖς
3435 4404 3828 4473 ἡγιασμένοις’
3886 4401 4071 4464 ἔξελθε

820 4493 1162 4556 sanctuario,
1196 4504 1264 4544 ne
1290 4486 1720 4554 contempseris;
1747 4485 1872 4554 quia
1915 4501 2024 4541 non
2053 4487 2392 4557 reputabitur
2501 4503 2509 4535 ι

2378 4502 2392 4540 r
2501 4481 2596 4538 οὖν
2623 4488 2734 4541 ἀπὸ
2765 4489 2861 4542 τοῦ
2895 4492 3259 4562 άγιάσματος,
3285 4496 3366 4548 ὃτι
3401 4497 3649 4564 ἀπέστης
3688 4496 3795 4548 άπὸ
3839 4492 4067 4562 Κυρίου,

814 4591 909 4645 tibi
972 4594 1025 4641 in
1068 4583 1296 4655 gloriam
1342 4580 1446 4633 hoc
1476 4592 1506 4630 a
1541 4577 1768 4632 Domino
1803 4576 1911 4632 Deo
1944 4576 2130 4633 Israel.
2165 4599 2183 4631 »
2221 4578 2391 4634 Dum-

2386 4607 2391 4619 ι
2503 4579 2600 4633 καὶ
2631 4580 2734 4633 οὐκ
2785 4582 2940 4637 ἔσται
2987 4600 3070 4638 σοι
3118 4586 3278 4640 τοῦτο
3321 4589 3405 4650 είς
3444 4587 3604 4651 δόξαν
3658 4588 3806 4655 παρά
3866 4587 4075 4654 Κυρίου

816 4697 925 4749 que
953 4679 1194 4732 adoleret
1223 4675 1507 4728 incensum
1540 4684 1723 4724 coram
1753 4669 2128 4725 sacerdotibus
2157 4680 2389 4727 teneret-
2420 4660 2472 4720 D
2502 4686 2505 4708 ‹

2388 4660 2472 4720 γι)
2502 4671 2639 4724 Θεοῦ
2679 4672 2918 4744 Ἰσραήλ.
2971 4678 3082 4729 Καὶ
3129 4679 3190 4732 ὲν
3229 4679 3307 4749 τῷ
3361 4679 3677 4749 θυμωθῆναι
3731 4678 3891 4732 αὑτὸν
3941 4678 4077 4747 πρὸς

819 4787 927 4839 que
957 4770 1010 4822 in
1045 4781 1209 4818 manu
1253 4759 1614 4821 thuribulum,
1658 4768 1775 4813 orta
1806 4769 1889 4812 est
1926 4760 2071 4829 lepra
2115 4762 2170 4814 in
2212 4761 2390 4818 fronte
2500 4781 2508 4798 ι

2387 4789 2390 4812 ε
2500 4765 2626 4826 τοὺς
2661 4765 2848 4834 ίερεῖς,
2883 4768 2980 4820 καὶ
3020 4769 3082 4821 τὸ
3122 4770 3479 4842 θυμιατήριον
3522 4774 3579 4823 ἑν
3606 4775 3672 4843 τῇ
3712 4771 3861 4841 χειρὶ
3886 4769 4076 4832 αὑτοῦ,

819 4865 937 4930 ejus
968 4871 1152 4914 coram
1187 4851 1558 4910 sacerdotibus
1591 4851 1646 4903 in
1689 4850 1851 4904 domo
1877 4849 2087 4907 Domini
2121 4863 2175 4907 et
2217 4869 2390 4923 expu-
2504 4874 2508 4903 τ

2386 4885 2390 4896 ι
2504 4857 2600 4908 καὶ
2637 4856 2976 4920 ἐξανέτειλεν
3033 4863 3066 4930 ἡ
3124 4862 3300 4935 λέπρα
3354 4866 3414 4916 ὲν
3469 4865 3546 4933 τῷ
3601 4865 3841 4934 μετώπῳ
3908 4861 4075 4916 αὑτοῦ

824 4955 932 5008 lere
977 4965 1098 5004 cum
1136 4959 1188 5000 et
1223 4948 1337 5014 ipse
1385 4943 1705 5013 perterritus
1748 4943 2065 4998 acceleravit
2107 4947 2289 5014 egredi
2331 4963 2396 5004 eo
2495 4947 2513 4998 ἐ

2388 4967 2396 5000 ι
2495 4947 2740 5000 ἐναντίον
2777 4949 2888 5001 τῶν
2917 4951 3110 5021 ίερέων
3139 4955 3196 5006 ἐν
3222 4955 3356 5025 οῐκῳ
3391 4957 3598 5025 Κυρίου
3621 4971 3636 4985 ο
3667 4975 3763 5006 »-
3802 4956 3896 5008 καὶ
3939 4971 4077 5007 κστ-

822 5046 965 5114 quod
1011 5041 1274 5098 sensisset
1323 5037 1468 5091 illico
1499 5037 1707 5104 plagam
1756 5035 2008 5102 Domini;
2059 5046 2114 5091 et
2145 5038 2394 5107 leprosus
2500 5055 2511 5090 ι

2389 5059 2394 5091 ι
2500 5039 2749 5093 έσπασαν
2799 5042 2968 5094 αὑτὸν
3016 5044 3252 5108 ἐκεῖθεν,
3311 5047 3401 5099 καὶ
3456 5048 3565 5116 γάρ
3596 5047 3758 5111 αὑτὸς
3810 5049 4078 5102 ἔσπευσεν

2055 5198 2256 5260 νει-ιω
2296 5198 2602 5260 lectiones
2626 5205 2689 5258 et
2735 5205 2924 5261 nottn.

907 5380 948 5411 ³³
1006 5392 1130 5429 κατ.
1172 5386 1278 5445 om.
1328 5371 1433 5445 cd._
1466 5369 1580 5424 sed.
1641 5368 1806 5445 habit
1836 5369 2215 5445 An_astasius._
2284 5368 2350 5445 δ’·
2390 5385 2506 5445 συν.
2533 5385 2596 5445 ζα

2390 5385 2506 5445 συν.
2533 5369 3020 5445 ξατακρίνειᾼτοίές
3046 5371 3287 5445 δικαίους
3314 5377 3414 5430 σὺν
3441 5380 3551 5441 τοῖς
3579 5377 3808 5445 ἀδίκοις,
3843 5379 3960 5433 ἀλλ’
3987 5382 4073 5438 ed.

825 5450 869 5480 “
903 5448 1058 5500 Prov.
1089 5461 1138 5507 v,
1172 5443 1260 5495 εξ.
1304 5439 1523 5513 A_“_lsa.
1561 5454 1727 5513 unt,
1750 5439 1832 5513 ii.
1913 5438 1959 5470 “
1982 5437 2258 5513 -ᾲμαρτῶν
2285 5438 2428 5513 εφη
2450 5437 2498 5513 ξι

2388 5437 2498 5513 ηξδ
2539 5437 2634 5513 Ea.
2667 5437 2821 5513 xvtn,
3121 5442 3166 5476 ⁸³
3200 5443 3315 5498 Jer.
3348 5461 3496 5510 xxxi,
3527 5437 3615 5502 29.
3693 5447 3740 5479 δ’
3766 5437 3959 5513 ἀὐτοῖς
3988 5437 4074 5508 εδ,

823 5522 865 5550 δ’
887 5519 1109 5586 ὄμφακα
1138 5516 1263 5586 etl._
1300 5511 1344 5540 “
1377 5509 1464 5565 Ez.
1508 5508 1744 5586 {VIII-t5:
1780 5509 1810 5561 4
1840 5523 1948 5563 om.
1981 5510 2204 5586 Κὺριος.
2231 5579 2272 5586 __
2387 5508 2512 5586 ’Δδω

2388 5508 2614 5586 Ἀδῳατ
2641 5511 2763 5564 cod.
2809 5509 3007 5586 _”t&v
3041 5513 3262 5586 γένηται
3296 5513 3413 5586 ει,
3464 5508 3507 5549 ί·
3545 5517 3650 5571 780
3686 5517 3890 5586 (me).
3941 5508 4077 5576 Cea.

819 5577 1120 5658 “9,649?
1152 5581 1362 5658 ll‘lieg.
1403 5580 1590 5658 xv..2_;
1628 5577 1672 5658 [ι
1708 5577 1834 5658 Par.
1861 5593 2008 5658 n__vr,
2031 5577 2148 5658 l,3_.
2229 5579 2274 5658 '_‘
2306 5578 2444 5658 Nota
2465 5581 2508 5648 ν]

2388 5586 2444 5658 _ta
2465 5577 2544 5648 νβ’
2571 5579 2857 5658 asecunda
2874 5593 3078 5658 manu._
3138 5577 3205 5658 "_
3223 5599 3298 5647 vi,
3322 5585 3525 5653 “8.8,
3555 5577 3734 5644 119D.
3780 5657 3783 5658 ν
3813 5577 3861 5619 ⁸⁸
3887 5591 4075 5658 ἀδιαφ.

820 5647 943 5710 cod.
1017 5656 1061 5689 "
1095 5671 1150 5721 φ.
1192 5651 1246 5703 δέ
1276 5647 1363 5715 ed;
1467 5649 1512 5680 “
1547 5651 1608 5701 ὲκ
1635 5648 1687 5703 θ.
1717 5649 1804 5703 ed.
1908 5649 1952 5679 "
1983 5649 2169 5719 περιδ.
2195 5647 2284 5704 ed.
2314 5647 2509 5718 adjunc

822 5728 1048 5778 ἀπόνοια
1087 5723 1173 5778 cd.
1251 5722 1296 5751 “
1318 5737 1414 5785 πρ.
1453 5717 1602 5785 αὑτῷ
1628 5718 1970 5785 πραγμάτων
1986 5720 2072 5774 ed.
2175 5719 2220 5752 ⁸⁸
2257 5718 2482 5774 κατεσσ.

2390 5647 2570 5718 iuueto
2608 5647 2810 5712 πολλίς
2855 5649 3000 5716 quod
3066 5650 3120 5704 in
3172 5651 3207 5706 ὅ
3246 5669 3348 5710 ms.
3381 5647 3553 5713 deest.
3653 5659 3699 5691 ⁸⁸
3733 5657 3841 5712 τῶν
3891 5647 4079 5730 ψυχῶν

2397 5718 2482 5774 οὗ.
2517 5719 2606 5775 ed.
2631 5749 2703 5760 —
2733 5685 3034 5785 ἐξεπήδησε
3075 5723 3161 5777 ed.
3241 5725 3283 5756 ⁶¹
3310 5727 3356 5780 δ.
3385 5726 3483 5785 τὴν
3511 5729 3604 5785 ἀρ.
3630 5730 3716 5784 ed.
3797 5730 3842 5762 ”
3871 5731 3914 5785 ll
3953 5730 4077 5785 Par.

822 5728 1048 5798 ἀπόνοια
1087 5717 1184 5798 cd_._
1227 5722 1296 5798 n‘f
1318 5737 1414 5798 np.
1443 5717 1602 5798 αὐτῇ)
1628 5718 1970 5798 πραγμάτων
1986 5717 2072 5774 ed.
2175 5719 2220 5752 ⁸⁸
2257 5717 2482 5774 κατέσσ.

2387 5717 2482 5774 rce.
2517 5719 2606 5775 ed.
2631 5749 2703 5760 —
2733 5717 3034 5790 έξεπηδησε
3075 5723 3161 5777 ed.
3241 5725 3283 5756 ιι
3310 5727 3356 5780 δ.
3385 5726 3483 5797 τὴν
3511 5729 3604 5798 ἀρ.
3630 5730 3716 5784 εει.
3797 5730 3842 5762 ι·
3871 5717 3916 5785 ti
3953 5717 4076 5786 Far.

831 5811 940 5864 ιιι,
976 5796 1062 5850 ιδ,
1141 5791 1185 5825 σε
1220 5791 1295 5842 os
1325 5786 1405 5841 abi
1443 5789 1522 5841 Ὀ.
1557 5788 1598 5842 ιι
1635 5786 1758 5841 Par.
