4278 6446
803 411 910 472 2⁴ἔ5

2000 406 2327 466 GEORGII
2365 405 2815 468 HAMAIITOLI

3933 400 4039 460 176

806 537 927 575 cum
948 519 1047 572 sibi
1078 520 1199 586 ruga
1229 516 1612 577 consuluisset,
1644 515 1970 568 obdormivit
1997 517 2151 583 juxta
2191 515 2370 583 parie-
2396 518 2448 576 Δ
2473 514 2495 567 a

2354 543 2370 553 -
2396 518 2448 576 Δ
2473 512 2783 583 διαϐληθεὶς
2808 515 2889 582 τῷ
2916 513 3125 582 βασιλεῖ
3151 516 3246 565 καὶ
3281 512 3472 578 φυγὼν
3503 510 3774 579 ἐκοιμήθη
3811 508 3920 572 ἐξω
3947 505 4043 560 τοῦ

805 622 929 662 tem.
959 606 1025 661 Et
1057 617 1111 659 ut
1150 606 1283 660 solet
1316 607 1551 666 evenire,
1579 604 1779 672 jar-cuti
1827 613 2156 672 apertosque
2184 603 2374 659 oculos

803 699 1021 752 habt-nti
1071 713 1132 751 ex
1189 697 1316 748 nido
1363 695 1713 772 hirundinum
1767 694 1938 749 calida
1983 704 2220 748 stercora
2253 694 2374 762 ejus

805 793 857 843 in
916 789 1106 842 oculos
1162 789 1379 856 delapsa
1429 795 1574 850 sunt;
1607 802 1669 840 ex
1700 803 1806 856 quo
1834 801 2010 840 creetis
2042 786 2218 840 factus
2263 794 2370 840 est.

802 881 932 935 Erat
996 880 1282 936 Ecbatanis
1342 881 1516 949 puella
1560 878 1678 947 ejus
1753 889 2000 946 cognata,
2039 895 2181 946 quae,
2245 893 2368 933 cum

809 973 1107 1040 accepisset
1142 982 1340 1040 septem
1375 971 1519 1024 viros
1545 970 1635 1039 qui
1663 985 1852 1023 omnes
1880 985 1906 1020 a
1930 973 2176 1022 dzemone
2204 969 2372 1022 inter-

801 1063 968 1131 empti
1011 1062 1223 1116 fuerant
1262 1062 1577 1129 priusquam
1634 1076 1751 1115 eam
1802 1060 2209 1126 cognovissent,
2245 1073 2372 1112 ora-

805 1153 940 1205 tioni
991 1152 1254 1213 vacabat;
1288 1152 1336 1203 ei
1367 1151 1506 1205 Deus
1563 1151 1938 1203 auxiliatoreni
1980 1150 2228 1218 angelum
2264 1148 2372 1204 Ra-

807 1239 962 1308 phacl
1020 1240 1270 1295 immisit.
1321 1238 1456 1293 Cum
1507 1240 1671 1310 igitur
1725 1237 1880 1292 Tobit
1912 1237 2021 1292 lilio
2058 1251 2159 1292 suo
2185 1236 2371 1291 Tobiae

804 1330 1182 1384 denuntiasset
1235 1345 1301 1384 ne
1365 1330 1470 1384 sibi
1534 1346 1757 1384 uxorem
1814 1330 2118 1397 acciperet,
2160 1329 2266 1382 nisi
2315 1329 2369 1382 in

804 1418 945 1472 tribu
991 1420 1203 1488 generis
1234 1421 1315 1472 sui
1343 1420 1496 1488 juxta
1531 1420 1720 1488 legem,
1756 1419 1973 1471 tradidit
2005 1418 2052 1470 ei
2086 1419 2372 1487 chirogra-

803 1512 968 1579 phum
1023 1512 1208 1563 decem
1253 1511 1574 1565 talentorum
1623 1525 1910 1563 aureorum
1938 1526 2058 1579 qua:
2087 1511 2139 1562 in
2194 1510 2366 1564 Media

802 1603 1151 1670 deposuerat,
1186 1611 1244 1656 ut
1271 1604 1442 1657 abiret
1465 1613 1516 1656 et
1537 1618 1598 1657 ea
1635 1604 1914 1673 reciperet.
1940 1602 2073 1657 Cum
2102 1610 2371 1671 quaereret

806 1695 947 1747 filius
996 1694 1083 1747 ille
1132 1695 1341 1749 itineris
1396 1694 1646 1748 comitem
1703 1706 1756 1747 et
1803 1695 2019 1757 ducem,
2052 1694 2196 1762 quod
2225 1695 2368 1747 viam

802 1786 1092 1854 ignoraret,
1113 1786 1220 1840 beo
1247 1787 1579 1857 providente,
1606 1789 1655 1840 in
1679 1785 1914 1855 Rapliael
1935 1787 2120 1840 incidit
2141 1788 2244 1841 sub
2270 1787 2367 1841 viri

2477 606 2722 675 τείχους·
2757 605 2873 668 καὶ,
2905 603 2979 666 ὡς
3006 603 3198 656 εἴωθεν
3226 601 3486 662 πολλάκις
3533 599 3804 668 γίνεσθαι,
3838 596 4045 668 κοιμώο

2479 714 2638 767 μενος
2656 695 2751 748 καὶ
2765 695 2891 757 τοὺς
2922 694 3234 762 ὀφθαλμοὺς
3255 692 3636 761 ἀνεωγμένους
3665 691 3827 758 ἔχων,
3843 706 4043 759 στρον·

2476 787 2592 841 θίον
2617 787 2918 857 ἀφοδεῦσαν
2947 788 3028 851 εἰς
3075 786 3201 847 τοὺς
3233 784 3546 853 ὀφθαλμοὺς
3601 782 3763 835 αὐτοῦ
3807 782 4044 848 λευκόμο

2479 899 2649 950 ματον
2699 879 3019 949 πεποίηκεν.
3062 879 3139 947 (2)
3168 872 3276 930 Ἦν
3321 878 3377 929 δὲ
3435 879 3530 929 καὶ
3581 878 3638 928 ἐν
3689 874 4042 936 Ἐκϐατάνοις

2475 974 2611 1042 κόρη
2663 969 2932 1040 συγγενὴς
2969 969 3156 1035 αὑτοῦ,
3193 970 3315 1038 ἥτις
3370 968 3510 1020 ἐτττά
3544 967 3743 1036 ἄνδρας
3799 964 4043 1017 λαϐοῦσα

2475 1064 2570 1118 καὶ
2619 1065 2837 1117 πάντων
2893 1062 2997 1114 ὑπὸ
3031 1063 3283 1131 δαίμονος
3329 1059 3740 1129 ἀναιρουμένων
3793 1059 3899 1124 πρὸ
3947 1057 4043 1109 τοῦ

2472 1155 2676 1221 γνῶναι
2702 1153 2926 1222 ταύτην,
2980 1151 3211 1220 ηὔξατο·
3246 1150 3338 1202 καὶ
3374 1148 3693 1201 ἀπέστειλεν
3742 1148 3879 1215 αὐτῇ
3915 1145 4044 1213 βοη-

2473 1245 2568 1300 θὸν
2603 1250 2632 1301 ό
2679 1245 2811 1308 Θεὸς
2852 1242 2944 1297 τὸν
2995 1241 3228 1309 ἄγγελον
3265 1240 3530 1308 Ῥαφαήλ.
3569 1238 3644 1306 (5)
3703 1238 3760 1290 ὐ
3789 1232 3882 1290 οῦν
3926 1235 4044 1287 Two

2473 1338 2562 1390 ϐὶτ
2628 1335 3004 1407 παραγγείλας
3053 1333 3131 1399 τῷ
3161 1332 3260 1400 υἱῷ
3307 1330 3468 1384 αὑτοῦ
3504 1329 3689 1398 Τωϐία
3737 1330 3812 1398 μὴ
3861 1328 4045 1396 λαχεῖν

2475 1425 2770 1496 ἀλλαχόθεν
2808 1425 3040 1492 γυναῖκα
3089 1422 3138 1473 εί
3170 1420 3244 1489 μὴ
3273 1421 3337 1472 ἐκ
3367 1419 3466 1488 τῆς
3511 1417 3684 1487 φυλῆς
3716 1415 3811 1467 τοῦ
3857 1413 4045 1482 γένους

2473 1519 2664 1583 αὐτοῦ,
2706 1516 2847 1570 κατά
2875 1515 2966 1567 τὸν
2994 1512 3178 1582 νόμον,
3227 1509 3444 1562 δίδωσιν
3497 1506 3645 1575 αὐτῷ
3681 1503 4048 1574 χειρόγραφον

2475 1615 2604 1684 περὶ
2631 1612 2908 1666 ταλάντων
2935 1610 2965 1661 ι’
2987 1610 3230 1679 χρυσίου,
3264 1606 3300 1659 ἀ
3325 1606 3416 1657 καὶ
3445 1603 3716 1672 παρέθετο
3741 1603 3798 1654 ἐν
3826 1602 3890 1668 τῇ
3927 1598 4049 1665 Μη-

2474 1705 2585 1774 δίᾳ,
2621 1703 2755 1772 πρὸς
2808 1703 2870 1754 τὸ
2899 1699 3154 1754 ἀπελθεῖν
3186 1698 3279 1750 καὶ
3310 1696 3493 1748 λαϐεῖν
3539 1695 3678 1747 αὑτά
3705 1693 3793 1745 διὰ
3822 1691 4046 1760 τάχους.

2477 1794 2553 1866 (ι)
2575 1791 2681 1848 Τοῦ
2707 1793 2763 1846 δὲ
2814 1791 3029 1845 παιδίου
3079 1788 3371 1859 ζητοῦντος
3408 1784 3786 1852 συνοδοιπόρον
3843 1781 3919 1842 ὡς
3950 1779 4048 1848 τὴν

805 1881 985 1948 specie
1019 1881 1072 1932 in
1124 1881 1243 1934 foro
1299 1890 1567 1943 stantem;
1612 1880 1768 1948 cujus
1800 1879 2046 1932 Azariain
2101 1895 2158 1933 sc
2191 1880 2369 1931 nomi-
2403 1857 2494 1940 Ba

2360 1908 2369 1918 ·
2403 1857 2449 1912 Β
2476 1887 2593 1940 ὁδὸν
2643 1883 2961 1950 ἀγνοοῦντος
2988 1883 3056 1947 ⁷⁷,
3087 1881 3347 1949 εὑρίσκει,
3375 1877 3510 1930 Θεοῦ
3561 1876 3805 1944 προνοίᾳ,
3834 1874 3924 1924 τδν
3953 1872 4049 1937 ἀγ-

806 1972 984 2024 nantis
1030 1981 1082 2025 et
1110 1973 1210 2025 via:
1239 1987 1296 2026 se
1341 1987 1568 2042 gnarum
1601 1971 1920 2040 prolitentis,
1966 1985 2127 2041 opera
2167 1974 2373 2024 condu-

807 2074 910 2125 cta,
952 2065 1050 2115 iter
1077 2079 1141 2116 co
1174 2065 1463 2117 comitatus
1490 2063 1810 2132 ingreditur.
1848 2064 1981 2117 Cum
2037 2063 2101 2115 ad
2149 2061 2373 2116 fluvium

805 2152 1005 2220 'l'igrim
1027 2157 1414 2220 pervenissent,
1435 2155 1750 2209 adolescens
1771 2155 1981 2207 lavandi
1999 2168 2158 2205 causa
2177 2168 2373 2221 aquam

805 2244 1086 2312 ingressus
1125 2252 1208 2299 est
1237 2255 1398 2313 atque
1436 2246 1625 2316 ingens
1658 2245 1730 2300 ibi
1779 2247 1941 2313 piscis
1985 2260 2106 2298 eum
2154 2245 2371 2298 invasit.

806 2335 940 2387 Eum
967 2335 1158 2402 jussus
1182 2347 1263 2390 est
1293 2338 1360 2391 ab
1384 2338 1575 2405 angelo
1593 2351 1785 2406 capere
1814 2346 1888 2400 et,
1906 2338 2144 2391 dissecto
2167 2345 2373 2400 ventre,

805 2423 976 2490 jecur,
1013 2438 1107 2476 cor
1139 2432 1194 2477 et
1238 2424 1305 2478 fel
1345 2425 1583 2478 eximere
1630 2439 1692 2479 ac
1727 2439 1962 2478 servare.
2016 2423 2374 2492 interrOgauti

804 2511 934 2579 quid
960 2514 1203 2568 utilitatis
1239 2513 1351 2566 haec
1383 2515 1650 2567 habeant:
1675 2512 1859 2577 Jecur,
1894 2514 2174 2583 respondit
2210 2530 2375 2584 ange-

810 2606 915 2665 lus,
953 2611 1005 2656 ct
1034 2617 1128 2657 cor
1176 2603 1396 2658 incensa
1428 2604 1705 2674 expellunt
1733 2605 2028 2664 daemones,
2078 2604 2148 2658 fel
2191 2615 2373 2659 autem

808 2693 1120 2761 albuginem
1150 2703 1322 2748 sanat.
1375 2694 1515 2748 Puer
1547 2696 1709 2764 igitur
1738 2696 1945 2764 accepit
1987 2709 2017 2750 e
2051 2710 2247 2764 genere
2276 2713 2376 2751 suo

810 2785 1120 2848 praedictam
1170 2786 1401 2852 puellam
1453 2786 1505 2838 in
1544 2801 1792 2847 uxorem,
1842 2803 2005 2856 opera
2037 2789 2378 2857 consilioque

813 2875 986 2942 angeli
1017 2876 1263 2930 daemone
1314 2879 1542 2947 expulso
1601 2894 1694 2947 per
1731 2880 1876 2934 hunc
1925 2882 2162 2934 sumtum
2194 2883 2377 2935 cordis

811 2967 1092 3034 etjecoris
1141 2970 1326 3036 piscis.
1372 2970 1608 3037 Angelus
1664 2982 1842 3025 autem
1884 2971 2113 3028 Azarias
2146 2983 2376 3027 vocatus

811 3056 944 3110 abiit
971 3059 1021 3109 in
1048 3056 1274 3110 Mediam
1295 3060 1567 3121 et,decem
1594 3060 1808 3115 talentis
1835 3063 2097 3130 acceptis,
2126 3077 2380 3117 reversus

808 3155 891 3201 est
927 3163 1048 3201 curn
1082 3164 1251 3204 uxore
1284 3160 1337 3204 et
1376 3151 1722 3206 adolescente
1741 3154 1805 3206 ad
1832 3165 2038 3222 patrem
2065 3153 2244 3207 Tobit.
2269 3155 2380 3206 Cu-

2403 3200 2451 3263 C

2480 1979 2634 2048 γελον
2675 1975 2918 2044 Ῥαφαὴλ
2949 1973 3026 2036 ὡς
3076 1972 3362 2041 ἄνθρωπον
3395 1969 3602 2023 ἑστῶτα
3625 2008 3638 2033 ,
3673 1967 3732 2020 ὃν
3778 1965 4053 2035 μισθωσά-

2481 2085 2663 2138 μενος,
2693 2067 2891 2119 εἰδέναι
2922 2063 3022 2134 τὴν
3052 2062 3172 2116 ὁδὸν
3225 2062 3453 2125 λέγοντα
3494 2060 3588 2112 καὶ
3630 2058 3885 2127 ’Δζαρίαν
3928 2056 4048 2108 όνο·

2479 2159 2805 2230 μαζόμενον,
2859 2154 3131 2209 συνοδεύει
3167 2151 3363 2220 τούτῳ.
3412 2151 3487 2216 (5)
3521 2151 3631 2202 Καὶ
3675 2149 3739 2218 δὴ
3787 2147 4049 2199 ἐλθόντων

2475 2248 2660 2301 αὐτῶν
2683 2248 2762 2307 είς
2795 2247 2886 2296 τὸν
2912 2244 3156 2312 ποταμὸν
3190 2241 3383 2310 Τίγριν
3404 2240 3498 2291 καὶ
3522 2237 3615 2290 τοῦ
3657 2237 3843 2298 παιδὸς
3876 2233 4050 2287 εἰσελ-

2477 2339 2660 2401 θόντος
2702 2333 3025 2398 λούσασθαι,
3064 2331 3245 2401 ίχθύος
3272 2329 3421 2398 αὐτῷ
3463 2329 3622 2398 160
3658 2326 3897 2397 μεγάλου
3931 2326 4052 2376 ἐπι-

2480 2434 2844 2503 πηδήσαντος,
2875 2424 3032 2482 εἶπεν
3077 2424 3228 2495 αὑτῷ
3252 2427 3280 2477 ό
3301 2423 3530 2491 ἄγγελος
3562 2419 3916 2474 ἐπιλαϐέσθαι
3955 2415 4049 2469 τοῦ

2483 2525 2685 2595 ἰχθύος,
2710 2524 2802 2574 καὶ
2827 2521 3016 2588 τεμεῖν
3048 2516 3211 2569 αὑτοῦ
3235 2515 3337 2584 τὴν
3375 2513 3617 2584 γαστέρα
3644 2513 3709 2575 ⁷⁸,
3744 2512 3838 2563 καὶ⁵
3863 2510 4050 2563 λαϐεῖν

2477 2618 2540 2669 τό
2561 2634 2620 2668 τε
2643 2611 2820 2685 ἧπαρ,
2846 2611 2942 2665 καὶ
2982 2608 3230 2680 καρδίαν,
3256 2608 3351 2659 καὶ
3383 2606 3481 2676 τὴν
3513 2605 3692 2674 χολὴν,
3721 2605 3814 2656 καὶ
3848 2601 4050 2670 φυλάτ-

2478 2723 2614 2760 τειν.
2666 2704 2774 2756 Τοῦ
2825 2702 2883 2756 δὲ
2929 2699 3336 2767 πυνθανομένου
3395 2699 3456 2749 τὸ
3514 2698 3784 2765 χρήσιμον
3829 2693 4050 2754 αὐτῶν,

2482 2802 2525 2831 ⁷⁹
2578 2818 2597 2850 ε
2628 2797 2702 2852 Τὸ
2751 2796 2849 2866 μὲν
2876 2790 3051 2865 ⁴ἧπαρ,
3095 2794 3250 2862 φησὶ,
3295 2792 3386 2844 καὶ
3435 2793 3468 2859 ἡ
3504 2790 3698 2860 καρδία
3733 2786 4053 2856 θυμιώμενα

2479 2890 2664 2943 διώκει
2691 2888 2950 2957 δαίμονας
2973 2901 2987 2915 ’
3017 2888 3050 2953 ἡ
3082 2885 3139 2937 δέ
3172 2882 3299 2953 χολὴ
3327 2881 3612 2951 καθαρίζει
3649 2878 4053 2948 λευκόμματον.

2481 2980 2557 3050 (6)
2593 2979 2728 3032 Εἶτα
2769 2981 2798 3029 δ
2828 2980 2955 3038 παῖς
2984 2975 3250 3044 λαμϐάνει
3278 2973 3376 3041 τὴν
3409 2974 3472 3024 ἐκ
3499 2971 3593 3024 τοῦ
3647 2970 3834 3038 γένους
3886 2965 4053 3020 αύτοῦ

2481 3067 2876 3138 προλεχθεῖσαν
2926 3065 3093 3133 κόρην
3139 3065 3218 3124 εἰς
3250 3063 3507 3128 γυναῖκα,
3543 3064 3608 3130 τῇ
3644 3057 3923 3129 συμϐουλῇ
3957 3057 4056 3108 καὶ

2485 3162 2780 3233 συνεργεία
2810 3159 2906 3213 τοῦ
2939 3158 3171 3226 ἀγγέλου
3193 3157 3511 3226 διωχθέντος
3541 3155 3636 3208 τοῦ
3668 3152 3906 3223 πονηροῦ
3935 3152 4055 3204 δαί-

802 3239 892 3307 jus
921 3242 1109 3293 oculos
1131 3256 1256 3294 cum
1297 3241 1439 3295 illius
1475 3243 1718 3298 unxisset
1758 3242 1901 3306 felle,
1931 3254 1982 3299 et
2013 3244 2172 3299 Tobit
2200 3246 2377 3298 visunt
2403 3239 2451 3263 ν
2487 3278 2491 3326 ι

2367 3239 2451 3298 lu
2487 3273 2650 3328 μονος
2674 3258 2733 3307 ἐν
2763 3254 2843 3323 τῷ
2871 3252 3174 3321 θυμιάματι
3208 3251 3405 3319 τούτῳ.
3461 3250 3538 3317 (⁸7)
3580 3251 3638 3300 ’0
3678 3249 3733 3300 δὲ
3771 3247 3996 3314 ἄγγελος
4026 3246 4056 3296 ό

811 3341 1210 3398 recuperasset,
1254 3333 1554 3387 declaravit
1587 3335 1813 3403 angelus
1857 3349 1914 3390 se
1959 3351 2065 3388 non
2100 3337 2378 3390 hominem

811 3423 904 3476 sed
951 3424 1202 3491 angelum
1243 3439 1362 3479 esse
1393 3440 1422 3477 a
1458 3426 1567 3478 Deo
1599 3426 1827 3479 missum
1867 3435 1924 3478 ut
1948 3427 2027 3481 eis
2065 3427 2384 3481 subveniret

811 3525 866 3568 et
894 3514 1090 3584 virgini
1144 3514 1290 3568 Serm
1319 3524 1538 3585 propter
1575 3517 1828 3585 pietatem
1864 3530 2077 3579 eorum,
2135 3517 2383 3586 dixitque

811 3607 919 3660 illis
953 3623 968 3660 :
1001 3624 1018 3656 ι
1053 3604 1466 3660 Sacramcntum
1502 3607 1644 3676 regis
1668 3607 2004 3661 abscondere
2034 3608 2239 3662 bonum
2260 3620 2378 3663 est:

812 3712 972 3766 opera
1015 3707 1194 3750 autem
1239 3695 1331 3749 Dei
1365 3683 1603 3751 revelare
1635 3706 1687 3751 et
1726 3697 1971 3752 confiteri
2016 3698 2380 3754 honoriﬁcum

810 3796 912 3842 est.
959 3806 976 3839 ι
1012 3787 1165 3842 Unde
1202 3788 1624 3856 Chrysostomus
1658 3787 1732 3840 ait
1775 3802 1790 3840 :
1832 3785 1973 3858 Ergo
2003 3789 2227 3857 angelos
2260 3790 2377 3843 lau-

811 3882 943 3937 dare
977 3890 1207 3943 oportet,
1237 3889 1290 3933 et
1327 3880 1360 3932 ii
1394 3879 1705 3934 Creatorem
1761 3893 1971 3948 semper
1998 3892 2253 3936 canentes
2282 3883 2383 3936 mi-

813 3972 1144 4025 sericordem
1180 3981 1233 4025 et
1265 3971 1557 4040 benignum
1597 3972 1649 4024 in
1679 3971 1927 4024 homines
1961 3981 2169 4040 parant.
2202 3973 2384 4042 Auge-

812 4068 894 4117 los
926 4071 1107 4117 autem
1149 4064 1273 4116 dico
1306 4072 1514 4117 vestros
1547 4063 1948 4118 commilitones
1997 4065 2088 4133 qui
2119 4065 2382 4120 adversus

814 4169 910 4208 eos
937 4155 1028 4223 qui
1073 4164 1259 4208 contra
1303 4169 1404 4208 nos
1440 4156 1772 4219 consistunt,
1822 4165 2167 4224 propugnant
2196 4173 2210 4210 :
2243 4157 2384 4212 inter

810 4258 949 4311 quos
989 4255 1070 4297 est
1100 4245 1459 4312 archangelus
1491 4243 1717 4298 Michael
1760 4245 1849 4315 qui
1880 4255 2066 4299 contra
2105 4246 2382 4302 diabolmn

812 4337 879 4390 de
931 4351 1159 4403 corpore
1193 4336 1391 4407 Moysis
1427 4338 1718 4392 altercatus
1751 4346 1832 4391 est
1878 4347 1931 4392 et
1967 4347 2154 4392 contra
2189 4338 2386 4393 Persa-

813 4443 931 4479 rum
979 4426 1278 4494 principem
1334 4437 1552 4496 propter
1594 4428 1777 4498 pOpuli
1821 4426 2032 4482 Judaici
2076 4429 2380 4484 libertatem

2483 3349 2577 3400 tul.
2625 3347 2887 3415 Ἀζαρίας
2924 3344 3174 3398 ἀπελθὼν
3211 3345 3288 3405 είς
3311 3343 3412 3410 τὴν
3439 3343 3653 3410 Μηδίαν
3686 3340 3776 3392 καὶ
3810 3340 3877 3391 τὰ
3906 3345 3936 3390 ι’
3963 3339 4064 3390 τά·

2483 3437 2652 3491 λαντα
2682 3437 2864 3490 λαϐὼν
2894 3434 3222 3504 ὑποστρέφει
3256 3432 3397 3501 μετά
3425 3432 3524 3501 τῆς
3551 3431 3807 3498 γυναικὸς
3841 3429 3934 3482 καὶ
3961 3426 4057 3480 τοῦ

2483 3528 2674 3590 παιδὸς
2704 3525 2840 3596 πρὸς
2867 3525 2958 3576 τὸν
3004 3523 3219 3590 πατέρα
3245 3521 3446 3584 Τωϐὶτ,
3479 3516 3541 3573 οὗ
3573 3522 3699 3582 τοὺς
3743 3519 4058 3587 ὀφθαλμοὺς

2483 3619 2512 3671 δ
2540 3619 2670 3679 παῖς
2703 3618 2770 3686 τῇ
2809 3614 2940 3684 χολῇ
2972 3611 3065 3664 τοῦ
3099 3611 3280 3681 ἰχθύος
3306 3610 3615 3679 ἐπιχρίσας,
3647 3610 3742 3662 καὶ
3774 3607 4056 3678 παρευθὺς

2486 3710 2516 3762 δ
2545 3708 2727 3762 Τωϐὶτ
2760 3705 3071 3773 ἀναϐλέψας
3113 3702 3461 3772 ἐφανέρωσεν
3507 3699 3694 3754 ἑαυτὸν
3725 3702 3754 3753 ό
3804 3699 4058 3766 ἅγγελος,

2484 3805 2566 3858 ὅτι
2611 3802 2713 3856 οὐκ
2743 3801 3026 3869 ἄνθρωπός
3073 3801 3243 3860 ἐστιν,
3292 3796 3427 3850 ἀλλά
3459 3797 3610 3866 παρά
3661 3795 3796 3849 Θεοῦ
3830 3794 4061 3862 ἅγγελος

2485 3893 2766 3963 ἀπεστάλη
2791 3893 2927 3961 πρὸς
2959 3891 3214 3960 βοήθειαν
3238 3890 3420 3950 αὐτοῖς
3450 3905 3506 3940 τε
3531 3889 3625 3941 καὶ
3654 3891 3716 3957 τῇ
3753 3889 3890 3959 κόρῃ
3920 3887 4062 3954 Zip-

2487 3989 2578 4058 ρα,
2603 3984 2692 4038 διά
2726 3985 2823 4053 τὴν
2844 3983 3022 4035 αὐτῶν
3050 3981 3352 4042 εὐσέϐειαν,
3382 3978 3556 4046 λέγων
3590 3979 3725 4049 πρὸς
3756 3979 3950 4039 αύτούς
3980 3980 4026 4010 ⁸ο
4045 3996 4060 4010 ·

2490 4093 2510 4126 ε
2549 4073 2865 4143 Μυστὴριον
2906 4070 3168 4141 βασιλέως
3213 4068 3482 4137 κρύπτειν
3513 4068 3697 4131 καλὸν,
3733 4068 3799 4119 τὰ
3827 4068 3882 4119 δὲ
3924 4067 4060 4136 ἔργα

2485 4165 2579 4219 τοῦ
2602 4164 2738 4217 Θεοῦ
2759 4163 3020 4230 ἀνυμνεῖν
3049 4158 3273 4223 ἐνδόξως
3308 4158 3564 4225 ἀγαθόν.»
3587 4158 3629 4188 ⁶¹
3661 4156 3737 4225 (8)
3774 4156 3936 4209 Ὅθεν
3961 4173 4062 4224 φη-

2487 4258 2575 4310 σὶν
2605 4255 3052 4325 όΧρυσόστομος
3073 4267 3088 4280 ·
3117 4280 3188 4290 -
3222 4249 3433 4303 Οὐκοῦν
3484 4268 3504 4301 ‹
3556 4250 3846 4316 ’Δγγέλους
3882 4249 4062 4315 ἐγκω-

2491 4347 2707 4418 μιάζειν
2750 4344 2877 4414 χρὴ,
2915 4344 3009 4396 καὶ
3054 4341 3164 4412 γάρ
3188 4341 3344 4394 αὐτοὶ
3368 4341 3464 4394 τὸν
3493 4340 3837 4411 Δημιουργὸν
3863 4341 4064 4407 ἀσίγηο

2485 4458 2579 4493 τον
2603 4437 2655 4469 ⁸⁸
2697 4434 2992 4501 ὑμνοῦντες
3039 4435 3087 4466 ⁸³
3119 4434 3278 4486 ἵλεων
3327 4433 3492 4485 αὐτὸν
3542 4431 3638 4484 καὶ
3694 4434 3895 4500 εὐμενῆ
3951 4435 4064 4492 τοῖς

811 4519 1090 4586 pugnavit.
1146 4518 1257 4572 Deo
1308 4520 1452 4573 enim
1506 4519 1752 4588 jubente,
1820 4520 2106 4587 regendam
2163 4536 2381 4575 onmem
2415 4542 2500 4596 Dr

2370 4538 2381 4574 ι
2415 4542 2460 4596 υ
2489 4525 2798 4597 ἀνθρώποις
2830 4522 3347 4593 παρασκευάζουσιν
3376 4521 3455 4552 ³⁸·
3488 4519 3754 4588 ἀγγέλους
3787 4520 3846 4572 δέ
3894 4537 4059 4587 φημι,

811 4609 1144 4663 creatioiiem
1205 4610 1382 4676 angeli
1436 4620 1564 4663 sunt
1619 4612 1792 4664 sortiti
1842 4621 1895 4664 et
1940 4613 2179 4681 gentium
2231 4628 2385 4684 reges
2485 4636 2500 4671 1

2372 4629 2385 4667 ι
2485 4620 2608 4680 τοὺς
2635 4613 2936 4686 ὑμετέρους
2970 4613 3310 4682 συμμάχους,
3367 4610 3490 4672 τοὺς
3522 4611 3658 4662 κατά
3687 4608 3795 4660 τῶν
3819 4611 4061 4662 ἀντικει-

808 4701 1144 4756 conducunt.
1168 4699 1471 4754 Gabrielem
1502 4701 1644 4755 Deus
1666 4700 1846 4756 Persis
1876 4703 2162 4770 providere
2193 4706 2382 4765 voluit,
2488 4731 2497 4781 ι

2372 4747 2382 4765 ι
2488 4712 2667 4781 μένων
2729 4710 3020 4778 δυνάμεων
3063 4707 3110 4738 ⁸⁸
3155 4703 3638 4774 ἐκστρατεύοντας,
3671 4695 3746 4754 ὧν
3777 4701 3824 4731 ⁸⁸
3857 4703 4003 4752 ἐστιν
4034 4701 4061 4750 ό

811 4793 1070 4860 populum
1124 4801 1304 4846 autem
1341 4792 1775 4846 circumcisionis
1822 4806 1849 4844 a
1905 4791 2164 4847 Michaelc
2207 4804 2389 4849 casto.
2479 4804 2500 4855 ἀ

2370 4825 2389 4841 ·
2479 4802 2818 4872 ἀρχάγγελος
2845 4797 3084 4869 Μιχαὴλ,
3112 4795 3247 4864 πρὸς
3272 4795 3372 4863 μὲν
3395 4793 3488 4845 τὸν
3515 4792 3763 4846 διάϐολον
3793 4791 3895 4843 ὑπέ
3905 4811 3934 4861 ρ
3965 4790 4059 4842 τοῦ

811 4883 913 4936 diri
965 4883 1150 4950 jussit.
1209 4882 1424 4937 Gabriel
1483 4898 1606 4937 cum
1665 4883 1983 4950 praedicaret
2015 4897 2268 4954 oportere
2325 4897 2383 4941 ιιι
2481 4893 2500 4945 1

2372 4897 2383 4940 ι
2481 4892 2724 4952 Μωσέως
2767 4888 3020 4958 σώματος
3075 4883 3551 4952 ἀντιτασσόμενος,
3591 4882 3725 4952 πρὸς
3757 4879 3816 4931 δέ
3849 4881 3940 4931 τὸν
3965 4880 4061 4948 ἆρ-

809 4969 976 5023 Judazi
1012 4971 1316 5025 secundum
1366 4972 1607 5025 divinam
1668 4971 2105 5043 ineﬂ‘abilemque
2159 4985 2380 5031 senten-

807 5063 935 5115 tiam
960 5061 1140 5117 Persis
1168 5065 1303 5119 inse.
1327 5065 1521 5126 virent,
1556 5062 1800 5126 Michael,
1832 5066 2097 5119 libertatis
2128 5068 2379 5135 pertinax

807 5165 1198 5223 prOpuguator,
1219 5157 1496 5210 continuis
1525 5156 1776 5224 precibus
1793 5155 1960 5210 Deum
1985 5158 2381 5226 deprecabatur

804 5246 1038 5301 dicens:
1089 5266 1107 5297 ι
1158 5247 1385 5302 Domine
1417 5254 1780 5313 exercituum,
1833 5265 2122 5319 usquequo
2157 5260 2211 5304 tu
2263 5267 2375 5305 non

808 5335 1156 5394 misereberis
1189 5339 1488 5397 Jerusalem
1524 5351 1577 5396 et
1606 5342 1822 5398 urbium
1868 5340 2004 5397 Juda
2037 5342 2236 5416 quibus
2269 5345 2383 5397 ira-

2480 4998 2644 5051 χοντα
2659 4982 2705 5014 ⁸⁷
2744 4978 2970 5047 Περσῶν
2997 4978 3138 5047 ὑπὲρ
3172 4976 3270 5044 τῆς
3302 4971 3618 5042 ἐλευθερίας
3649 4969 3741 5023 τοῦ
3771 4971 3902 5023 λαοῦ
3933 4969 4064 5021 ἀνθ-

2494 5071 2781 5138 ιστάμενος
2805 5069 2850 5100 ⁸⁸
2887 5085 2901 5099 ο
2937 5087 2955 5119 a
2994 5065 3378 5134 προστάγματι
3431 5063 3538 5132 γὰρ
3575 5061 3710 5112 Θεοῦ
3753 5061 3852 5130 τὴν
3881 5063 4063 5112 πᾶσαν

2490 5163 2669 5216 κτίσιν
2719 5161 3066 5230 διαλαχόντες
3103 5159 3198 5210 καὶ
3241 5155 3349 5208 τῶν
3388 5154 3558 5206 ἐθνῶν
3602 5157 3713 5215 τοῖς
3747 5153 4062 5222 κρατίστοις

2491 5251 2910 5312 ἐπιστατοῦντες
2937 5251 3104 5319 (40⁸),
3136 5249 3228 5301 τὸν
3286 5249 3384 5317 μὲν
3431 5245 3666 5316 Γαϐριὴλ
3689 5247 3812 5307 τοῦς
3844 5245 4062 5314 Πέρσας

2486 5344 2692 5416 ἐφορᾷν
2733 5343 3070 5404 ἐδικαίωσεν,
3104 5342 3194 5393 τὸν
3225 5340 3280 5393 δὲ
3305 5339 3523 5408 Μιχαὴλ
3552 5339 3640 5390 τὸν
3673 5338 3736 5389 ὲκ
3757 5334 4065 5407 περιτομῆς

1998 5499 2198 5563 Varia
2227 5499 2540 5564 lectiones
2568 5507 2631 5562 et
2660 5507 2854 5561 nota.

2780 5644 2823 5675 “
2857 5641 2991 5696 Toh.
3029 5654 3127 5704 xu,
3160 5640 3247 5694 ll.
3317 5642 3358 5672 ⁸¹
3395 5656 3510 5704 vtu,
3540 5641 3643 5694 285
3666 5642 3799 5694 Α-
3828 5642 3933 5697 286
3995 5641 4056 5696 D.

877 5647 918 5676 "
958 5645 1257 5710 ἀγνοοῦντα
1279 5645 1400 5700 cod.
1478 5646 1525 5678 "
1565 5645 1660 5699 καὶ
1701 5646 1802 5718 τὴν
1833 5647 2060 5716 καρδίαν
2107 5649 2228 5703 cod.
2306 5648 2351 5680 "
2373 5645 2509 5701 Tol).
2539 5662 2566 5700 ν

880 5716 1156 5767 ἀσιγήτωε
1193 5717 1313 5767 cod.
1340 5726 1395 5767 et
1423 5716 1590 5767 Coisl.
1630 5718 1755 5767 305.
1836 5717 1943 5767 ⁸³8.
1970 5719 2023 5767 ὑ.
2048 5718 2178 5767 Chr.
2252 5720 2298 5751 "
2323 5717 2565 5767 παοένου

2331 5648 2351 5680 ⁸
2373 5645 2509 5701 Tol).
2539 5662 2615 5707 γι,
2645 5647 2700 5699 7.
2780 5645 2823 5675 “
2857 5645 2991 5696 Tob.
3029 5654 3127 5704 xu,
3160 5645 3247 5694 ll.
3317 5645 3358 5672 ⁸¹
3395 5656 3510 5704 vm,
3540 5645 3643 5694 285
3666 5645 3799 5694 Α-
3828 5645 3933 5697 ‘286
3995 5645 4020 5696 I

2331 5717 2658 5767 παοένουσιν
2676 5716 2807 5767 Chr.
2887 5713 2931 5738 "‘
2961 5712 3241 5767 δυνάμεως
3263 5710 3384 5766 cod.
3410 5711 3432 5756 7
3505 5711 3548 5742 ³⁸
3576 5708 3654 5767 εἷς
3681 5711 3809 5767 Chr.
3891 5711 3938 5744 ⁸⁷
3952 5713 4020 5766 τᾶ

3025 5727 3241 5778 ναμεως
3263 5727 3384 5766 con.
3418 5727 3431 5756 .'
3505 5727 3548 5742 ον
3576 5727 3654 5774 εις
3681 5727 3809 5767 ωιτ.
3891 5727 3931 5744 ’⁷
3952 5731 4062 5766 των

807 5720 850 5789 '_'
880 5716 1156 5789 ἀσιγῄτως
1193 5717 1313 5789 cod.
1340 5726 1395 5789 et
1423 5716 1590 5771 Coisl.
1630 5716 1765 5789 305:.
1836 5717 1943 5772 "5.
1970 5719 2023 5771 ὑ.
2048 5718 2178 5774 Chr.
2252 5720 2298 5751 “
2323 5717 2496 5789 παρέχ

1117 5735 1156 5778 ις
1193 5717 1313 5789 cod.
1340 5726 1395 5789 et
1423 5716 1590 5771 Coisl.
1836 5717 1943 5772 "5.
1970 5719 2023 5771 ὑ.
2048 5718 2178 5774 Chr.
2252 5720 2298 5751 “
2323 5717 2658 5789 παρέχουσιν
2676 5716 2806 5770 Chr.

803 5785 934 5842 Chr.
1017 5787 1060 5818 ⁸³
1098 5788 1142 5840 λ.
1178 5786 1254 5840 ὲλ.
1285 5788 1400 5842 ἀνθ.
1428 5801 1536 5842 om.
1570 5803 1682 5857 seq.
1708 5787 1837 5842 Chr.
