4278 6446
815 385 920 448 283

2018 396 2340 457 GEORGII
2381 402 2830 464 HAMARTOLI

3953 408 4060 468 εει

813 500 975 551 corda
1014 511 1066 552 et
1095 518 1110 549 ι
1159 507 1400 568 penetral
1438 514 1609 569 usque
1643 504 1706 555 ad
1747 504 2066 559 divisionem
2103 508 2297 563 animm
2332 519 2386 563 et
2418 519 2459 574 Α
2494 531 2502 561 ι

2372 519 2459 574 ιλ
2494 512 2696 580 σφόδρα
2747 514 2838 566 κα1⁵
2884 514 3004 566 λίαν
3061 515 3363 584 ἰλιγγιάσας
3392 557 3405 580 ,
3459 516 3712 584 ἐξεϐοήσε
3773 517 3930 590 185
3963 521 4061 589 τήν

815 590 1062 659 spiritus,
1119 604 1441 661 compagum
1511 608 1730 662 quoque
1788 611 1852 650 ac
1891 599 2266 662 medullarum,
2331 613 2386 654 et

813 683 1081 735 diseretor
1111 690 1196 736 est
1220 684 1608 754 cogitationum
1638 695 1690 740 et
1719 687 2083 743 intentionum
2130 693 2331 756 eordis,
2361 713 2377 745 ι

815 782 978 843 patet,
1027 789 1275 839 sensum,
1313 777 1647 832 voluntatem
1680 785 1734 832 et
1781 781 2112 836 desiderium
2151 787 2384 840 abscon-

813 864 988 918 ditum
1029 867 1286 930 hominis,
1323 877 1509 924 notum
1569 885 1676 924 non
1703 885 1826 926 esse
1859 874 1928 926 ab
1961 875 2174 943 angelo,
2210 893 2384 945 neque

809 958 1040 1025 quodvis
1073 958 1163 1011 Dei
1198 962 1511 1031 mysterium
1544 972 1714 1026 certe,
1745 965 1848 1019 nisi
1881 967 2155 1035 sapienter
2181 977 2234 1023 et
2259 985 2382 1037 pro-

811 1047 932 1101 vide
959 1049 1072 1117 ipse
1107 1049 1250 1106 Deus
1291 1052 1606 1121 patefecerit
1648 1059 1714 1111 ad
1741 1059 2026 1111 utilitatem
2063 1074 2252 1113 eorum
2291 1064 2382 1130 qui

809 1154 1141 1205 cognoscere
1183 1143 1414 1212 debent;
1450 1147 1570 1201 ideo
1615 1149 1900 1204 abscondit
1948 1149 2382 1206 lncarnationem

811 1229 1060 1299 pluribus
1085 1233 1155 1286 ob
1185 1247 1377 1288 eorum
1434 1237 1802 1306 insipientiam
1833 1249 1886 1294 et
1939 1249 1997 1294 ut
2043 1243 2136 1296 diu
2169 1241 2380 1298 lateret.

811 1319 874 1374 Et
920 1323 1057 1390 quid
1085 1325 1207 1379 dico
1261 1326 1546 1399 plerosque
1583 1331 1789 1399 fugisse
1824 1333 1965 1388 hanc
1997 1336 2239 1404 mysterii
2289 1351 2384 1389 co-

807 1414 1140 1483 gnitionem?
1161 1416 1276 1488 lpsa
1302 1421 1446 1476 enim
1470 1439 1756 1492 praegnans
1787 1423 1948 1493 Virgo
1976 1435 2244 1480 secretum
2265 1442 2382 1497 my-

808 1504 957 1556 sterii
1011 1517 1064 1558 et
1114 1509 1230 1573 ejus
1263 1509 1626 1565 inenarrabile
1665 1527 1926 1567 arcanum
1968 1529 2073 1567 non
2127 1518 2383 1586 cognovit

807 1595 1034 1664 ipseque
1089 1599 1337 1654 diabolus
1370 1602 1656 1669 ignoravit.
1688 1604 1844 1670 Quod
1896 1607 1940 1660 si
1974 1608 2288 1676 prophetias
2315 1610 2381 1662 de

805 1702 871 1741 eo
907 1690 1176 1754 audierat,
1212 1694 1434 1746 modum
1479 1693 1875 1751 lncarnationis
1913 1715 2019 1751 non
2050 1709 2301 1762 noverat;
2333 1699 2377 1754 si

804 1779 948 1830 enim
987 1783 1242 1846 novisset,
1279 1780 1472 1838 Jesnm
1510 1794 1658 1838 tanto
1710 1793 1830 1855 post
1866 1797 2106 1856 tempore
2158 1804 2263 1842 non
2297 1791 2378 1841 in-

2489 604 2728 674 ἀοίδιμον
2764 605 2946 675 φωνὴν
2977 607 3191 677 ἐκείνην
3220 607 3389 675 λέγων
3421 608 3465 639 ⁸⁸
3485 627 3499 640 ο
3539 628 3557 660 ι
3595 603 3664 660 Ὦ
3694 607 3856 677 βάθος
3889 609 4060 662 πλοῦ-

2492 712 2604 762 του,
2636 701 2728 750 καὶ
2760 697 2951 766 σοςίας
2981 701 3073 752 καὶ
3095 699 3346 766 γνώσεως
3363 699 3520 764 Θεοῦ,
3549 700 3624 764 ὡς
3649 700 4056 770 ἀνεξερεῦνήτα

2489 785 2554 836 τα
2585 787 2830 857 κρίματα
2857 785 3023 840 αὐτοῦ
3053 788 3146 840 καὶ
3171 788 3562 856 ἀνεξιχνίαστοι
3583 791 3636 841 αἱ
3668 787 3776 842 ὁδοὶ
3811 787 4000 841 αὐτοῦ.
4029 808 4048 839 ι

2500 877 2878 948 ’Λνέκφραστα
2915 879 3094 932 πάντα
3139 878 3246 930 εἰσὶ
3275 877 3368 930 καὶ
3426 879 3768 946 ἁδιάγνωστα
3794 879 3933 931 πᾶσι
3986 880 4057 931 τα

2486 964 2581 1018 τοῦ
2614 966 2751 1019 Θεοῦ
2773 983 2786 996 °
2815 968 2937 1022 οὐδὲ
2975 969 3084 1038 γάρ
3127 969 3196 1021 τά
3223 966 3317 1020 τοῦ
3345 967 3637 1036 ἀνθρώπου
3667 986 3684 1019 ι
3737 963 3846 1022 οἶδέ
3873 983 3958 1028 τις
3979 969 4051 1028 ⁸3,

2486 1059 2534 1110 ei
2567 1058 2640 1126 μὴ
2656 1060 2715 1110 τὸ
2729 1057 2953 1128 Πνεῦμα
2972 1059 3066 1111 τοῦ
3095 1057 3378 1130 ἀνθρώπου
3401 1074 3414 1088 ο
3434 1076 3451 1108 ι
3485 1059 3534 1111 εί
3559 1059 3667 1128 γὰρ
3689 1060 3845 1128 μόνος
3865 1061 3892 1111 6
3916 1057 4053 1119 Θεὸς

2486 1149 2923 1219 καρδιογνώστης
2951 1150 3006 1212 ⁸⁸,
3047 1167 3066 1201 ι
3108 1151 3204 1202 καὶ
3251 1149 3622 1218 διικνούμενος
3674 1149 3838 1218 μέχρι
3888 1164 4055 1216 μερι-

2487 1240 2624 1310 σμοῦ
2651 1241 2830 1310 ψυχῆς
2861 1243 2958 1294 καὶ
2987 1241 3258 1312 σώματος,
3282 1242 3472 1312 ἁρμῶν
3508 1257 3568 1293 τε
3592 1241 3684 1294 καὶ
3715 1239 3930 1310 μυελῶν
3954 1239 4054 1292 καὶ

2485 1333 2732 1400 κριτικὸς
2763 1334 3114 1403 ἐνθυμήσεων
3142 1334 3237 1385 καὶ
3267 1333 3485 1386 ἐννοιῶν
3515 1331 3792 1402 καρδίας,›
3827 1330 4053 1398 εὔδηλον

2483 1425 2558 1488 ώς
2588 1425 2708 1478 οῦδέ
2743 1427 2869 1478 νοῦν
2903 1425 3192 1495 ἀνθρώπου
3238 1427 3333 1479 καὶ
3374 1426 3617 1496 βούλημα
3667 1425 3762 1478 καὶ
3793 1423 4052 1492 ἐνθύμιον

2483 1517 2866 1588 κεκρυμμένον
2894 1518 3126 1586 ἄγγελος
3152 1513 3315 1579 οἶδεν,
3345 1518 3470 1586 μήτι
3495 1534 3556 1582 γε
3584 1515 3718 1568 Θεοῦ
3751 1515 4056 1582 μυστήριον

2482 1611 2690 1680 ἕτερον,
2714 1613 2762 1663 εί
2792 1611 2835 1643 "
2875 1610 2949 1680 μή
2976 1608 3162 1678 σαφῶς
3191 1610 3282 1662 ὑπ’
3312 1608 3478 1662 αὑτοῦ
3511 1608 3654 1676 (Hb)
3689 1609 3780 1659 καὶ
3808 1603 4056 1670 ἐξαὺτοῦ

2482 1701 2854 1770 δεδηλωμένον
2905 1701 3270 1770 οἰκονομικῶς
3323 1701 3460 1768 πρὸς
3489 1700 3549 1752 τὸ
3600 1699 3899 1768 συμφέρον,
3931 1697 4056 1750 ὅθεν

2481 1793 2659 1847 τοίνυν
2681 1793 2872 1860 ἄδηλον
2901 1792 3125 1864 ἐποίησε
3164 1792 3260 1862 τὴν
3285 1793 3549 1862 ενσαρκον
3567 1817 3572 1820 ·
3592 1793 3909 1858 οἰκονομίαν
3956 1789 4057 1842 καὶ

806 1873 1212 1941 terrogavisset,
1252 1875 1438 1930 dicens
1475 1876 1525 1931 ei
1569 1878 1764 1943 semel,
1799 1879 1992 1934 iterum
2022 1891 2074 1934 et
2096 1893 2176 1936 ter
2207 1897 2224 1937 :
2259 1900 2276 1934 ι
2316 1880 2373 1936 Si
2410 1893 2495 1953 ιιι

2369 1886 2373 1936 ι
2410 1893 2454 1953 Β
2480 1885 2606 1947 τοὺς
2637 1884 2865 1947 πολλοὺς
2895 1883 3153 1954 κρύπτων
3183 1883 3271 1936 διὰ
3299 1883 3398 1951 τὴν
3432 1883 3702 1950 ἀσάφειαν
3730 1883 3823 1935 καὶ
3857 1879 4058 1933 λανθά-

805 1959 980 2019 Filius
1011 1965 1101 2018 Dei
1130 1982 1211 2021 es.
1253 1986 1272 2018 ι
2491 1994 2494 2006 ι

2491 1993 2602 2029 νειν
2639 1975 2798 2047 μέχρι
2825 1974 3045 2030 πολλοῦ.
3077 1977 3187 2028 Καὶ
3206 1973 3257 2027 τί
3280 1973 3422 2042 λέγω
3448 1974 3574 2034 τοὺς
3595 1972 3820 2034 πολλοῦς
3842 1989 3856 2034 ;
3877 1971 4057 2022 Ὅπου

805 2072 868 2121 γε
891 2057 1009 2109 οὐδὲ
1035 2059 1222 2130 αῦτὴή
1251 2062 1592 2132 κυοφοροῦσα
1617 2066 1892 2133 Παρθένος
1917 2067 2034 2137 ᾔδει
2097 2069 2191 2121 τοῦ
2252 2071 2554 2138 μυστηρίου
2583 2071 2642 2122 τδ
2675 2071 3011 2140 ἀπόρρητον,
3063 2069 3124 2121 οῦ
3166 2069 3270 2139 μὴν
3309 2069 3366 2121 δέ
3442 2067 3578 2121 ἀλλά
3633 2068 3727 2119 καὶ
3766 2065 3931 2118 αὑτὸν
3960 2064 4059 2114 τὸν

802 2149 1047 2204 διάϐολον
1073 2153 1362 2208 ἐλάνθανεν
1383 2170 1398 2184 ⁸
1423 2161 1471 2211 εί
1518 2161 1623 2230 γὰρ
1657 2161 1751 2213 καὶ
1779 2163 1878 2224 τὰς
1907 2163 2248 2232 προφητείας
2305 2165 2408 2227 τας
2449 2167 2576 2235 περὶ
2607 2165 2800 2218 τούτου
2831 2166 3051 2234 ήκουεν,
3105 2164 3241 2217 ἀλλά
3304 2163 3393 2216 τὸν
3427 2162 3626 2231 τρόπον
3664 2159 3883 2228 ἠγνόει·
3931 2156 4057 2209 οὐδὲ

804 2241 932 2310 γὰρ,
965 2245 1121 2315 εῐπερ
1153 2246 1293 2316 ᾔδει,
1321 2247 1507 2319 ἠρώτα
1538 2251 1702 2304 αὑτὸν
1731 2254 1868 2321 μετὰ
1898 2253 2154 2308 τοσοῦτον
2212 2256 2403 2326 χρόνον
2441 2256 2614 2326 λέγων
2644 2256 2819 2327 αὐτῷ·
2861 2275 2879 2307 ι
2926 2257 2984 2309 '0
3012 2255 3135 2318 Υίδς
3165 2252 3214 2308 εί
3239 2255 3331 2307 τοῦ
3389 2253 3542 2318 Θεοῦ,
3584 2271 3600 2304 ι
3634 2252 3728 2304 καὶ
3764 2250 3932 2315 ἅπαξ,
3959 2253 4056 2304 καὶ

803 2335 905 2399 δὶς,
940 2338 1034 2389 καὶ
1067 2338 1270 2407 τρίτον.

873 2431 1008 2485 Cum
1041 2447 1170 2486 vero
1228 2433 1544 2500 Marodacb,
1598 2453 1894 2492 successor
1958 2438 2376 2505 Sennaeherim,

805 2524 1030 2578 vidisset
1081 2525 1213 2582 solis
1253 2542 1586 2595 regressum,
1620 2529 1688 2583 ob
1736 2531 1984 2586 Ezechize
2014 2532 2380 2587 valetudinem

806 2616 976 2689 (omni
1030 2620 1174 2674 enim
1229 2628 1386 2677 terra
1435 2621 1668 2677 innotuit
1727 2625 1858 2679 solis
1899 2625 1999 2678 iste
2077 2625 2379 2695 regressus)

803 2723 896 2762 rex
934 2710 1050 2778 ipso
1081 2710 1502 2782 Babyloniorum
1529 2731 1650 2768 cum
1678 2714 1872 2769 fuisset
1894 2717 2097 2770 certior
2116 2718 2182 2771 de
2210 2727 2384 2771 morte

805 2800 955 2855 illius
986 2803 1077 2870 qui
1133 2814 1292 2858 antea
1329 2820 1418 2859 rex
1454 2805 1649 2869 fuerat,
1691 2817 1745 2861 et
1775 2809 1842 2862 de
1883 2809 1968 2862 his
2011 2825 2132 2878 quae
2175 2811 2227 2863 in
2268 2811 2382 2864 sole

806 2892 944 2948 facta
979 2894 1192 2950 fuerant
1224 2898 1295 2951 ob
1329 2897 1573 2952 Ezechim
1607 2901 1882 2970 pietatem,
1933 2903 2137 2973 legatos
2166 2905 2255 2971 qui
2283 2920 2382 2972 pa-

804 3001 920 3039 cem
958 2986 1163 3042 icerent
1202 3006 1325 3044 cum
1373 2993 1690 3048 muneribus
1737 2993 1803 3047 ad
1851 3009 1975 3046 eum
2009 2995 2177 3048 misit.
2224 2995 2380 3060 Quod

800 3077 947 3130 enim
990 3089 1209 3148 propter
1244 3081 1377 3135 solis
1416 3083 1722 3149 quindecim
1778 3084 2036 3153 gradibus
2075 3101 2381 3153 regressum

804 3169 871 3222 ad
919 3186 1042 3224 eum
1106 3172 1317 3226 miserit
1370 3188 1463 3228 rex
1505 3171 1925 3246 Babyioniorum
1989 3177 2212 3246 legatos,
2267 3179 2379 3246 ipsa

807 3275 998 3313 rttrsns
1025 3270 1257 3315 testatur
1283 3262 1513 3317 historia
1548 3280 1561 3316 :
1593 3239 1917 3334 (Prospere
1960 3265 2085 3320 fecit
2118 3266 2377 3324 Ezechias
2409 3239 2449 3295 ϐ

803 3350 856 3403 in
893 3347 1144 3406 omnibus
1194 3354 1452 3421 operibus
1502 3355 1638 3408 suis.
1700 3356 1950 3409 Attamen
2003 3356 2056 3410 in
2111 3357 2382 3427 lega'ione

803 3442 1109 3510 principum
1148 3441 1439 3514 Babylonis
1472 3446 1564 3513 qui
1597 3447 1748 3500 missi
1784 3446 1996 3501 fuerant
2037 3447 2100 3500 ad
2133 3463 2278 3510 eum,
2324 3459 2383 3502 ut

814 3532 1220 3601 interrogarent
1272 3536 1338 3586 de
1396 3545 1650 3600 portento
1699 3539 1843 3603 quod
1893 3536 2166 3587 acciderat
2219 3550 2383 3603 super

806 3635 1026 3686 terram,
1060 3625 1347 3695 dereliquit
1375 3641 1497 3680 eum
1534 3626 1696 3690 Deus,
1734 3636 1791 3679 ut
1837 3635 2136 3681 tentaretur
2162 3637 2215 3682 et
2257 3638 2379 3681 nota

805 3718 996 3774 ﬂerent
1053 3721 1236 3774 omnia
1291 3736 1412 3790 quae
1459 3731 1616 3775 erant
1654 3722 1707 3775 in
1751 3722 1916 3776 corde
1977 3724 2119 3792 ejus.
2163 3741 2181 3774 ι
2243 3723 2378 3778 Cum

803 3814 949 3866 enim
983 3813 1313 3867 ostendisset
1369 3813 1564 3882 legatis
1604 3828 1820 3866 omnem
1869 3814 2094 3867 domum
2144 3830 2296 3868 suam
2328 3825 2381 3869 et

805 3904 1097 3957 thesauros
1153 3921 1303 3968 suos,
1340 3904 1480 3957 dixit
1537 3903 1708 3958 Isaias
1759 3903 1825 3956 ad
1862 3919 2010 3967 eum,
2060 3905 2111 3958 in
2162 3906 2381 3957 nomine

808 3995 1016 4046 Domini
1057 4012 1069 4048 :
1111 4013 1129 4045 ι
1167 3993 1244 4047 Εο
1283 3995 1425 4064 quod
1460 3993 1746 4048 ostendisti
1778 3993 1846 4048 iis
1873 3995 2076 4057 omnia,
2115 4009 2240 4048 ecce
2265 3995 2380 4049 dies

805 4083 1023 4136 venient
1071 4093 1124 4136 et
1158 4084 1473 4138 aul'ercntnr
1520 4085 1708 4139 omnia
1766 4100 1886 4152 qua
1938 4093 2064 4139 sunt
2122 4086 2174 4138 in
2223 4084 2382 4139 domo

805 4186 920 4236 tua.
968 4192 1307 4246 quaecunque
1355 4166 1593 4244 majores
1638 4176 1715 4230 tui
1763 4176 1816 4228 in
1850 4176 1991 4229 hanc
2023 4189 2197 4244 usque
2237 4174 2378 4228 diem

803 4275 1221 4331 congesserunt,
1256 4267 1308 4318 in
1345 4264 1707 4336 Babylonem;
1742 4281 1847 4318 non
1881 4265 2183 4318 remanebit
2226 4265 2383 4334 quid-

802 4370 991 4422 quam,
1025 4357 1101 4410 ait
1135 4357 1416 4412 Dominus.
1449 4357 1553 4412 Sed
1584 4367 1636 4412 et
1667 4359 1732 4412 de
1779 4359 1904 4413 ﬁliis
1955 4358 2066 4412 tuis
2100 4358 2190 4428 qui
2231 4373 2383 4428 egre-

2549 2443 2594 2475 ⁸⁸
2623 2443 2734 2512 (Ν)
2777 2444 2834 2496 '0
2868 2443 2924 2495 δέ
2948 2459 3011 2510 γε
3037 2443 3316 2512 Μαροδάχ,
3351 2443 3378 2493 6
3410 2445 3500 2494 καὶ
3526 2443 3766 2512 διάδοχος
3799 2446 4057 2514 Σεναχει-

2483 2535 2601 2603 ρδμ,
2652 2530 2987 2600 θεασάμενος
3016 2531 3115 2600 τὴν
3162 2533 3492 2602 ἐπιστροφὴν
3523 2533 3616 2584 τοῦ
3657 2535 3807 2603 ἡλίου
3843 2537 3936 2589 ἐπὶ
3983 2540 4054 2606 τῇ

2481 2623 2646 2692 ρώσει
2696 2622 2942 2686 Ἐζεκίου
2987 2622 3161 2696 (πάσῃ
3191 2623 3296 2691 γὰρ
3337 2625 3399 2692 τῇ
3447 2625 3739 2694 οἰκουμένῃ
3773 2627 4051 2695 γέγονενή

2480 2715 2796 2787 ἀναστροιρὴ
2827 2715 2920 2768 τοῦ
2946 2715 3098 2783 ήλξου
3125 2715 3443 2786 γνώριμος),
3467 2710 3528 2768 οὗ
3550 2715 3613 2784 δὴ
3649 2716 3808 2786 χάριν
3836 2719 3930 2770 καὶ
3953 2712 4053 2770 οὗ.

2479 2826 2570 2871 τος
2598 2811 2626 2860 6
2653 2809 2762 2859 τῶν
2784 2806 3143 2861 Βαϐυλωνίων
3174 2805 3427 2874 βασιλεὺς
3460 2807 3553 2858 καὶ
3584 2805 3676 2858 τὸν
3708 2805 3930 2876 ὄλεθρον
3953 2807 4055 2860 τοῦ

2483 2903 2588 2971 πρὸ
2614 2901 2776 2954 αὐτοῦ
2808 2902 3072 2970 βασιλέως
3102 2900 3359 2968 ἐγνωκὼς
3398 2901 3490 2952 καὶ
3521 2900 3588 2952 τὰ
3616 2899 3754 2953 κατὰ
3780 2901 3871 2951 τὸν
3901 2899 4056 2969 ήλιον

2482 2992 2801 3061 παραδόξως
2855 2990 3201 3061 γεγενημένα
3261 2988 3597 3058 μεμαθηκὼς
3649 2989 3736 3042 διὰ
3798 2989 3898 3058 τὴν
3955 2989 4056 3040 τοῦ

2494 3083 2734 3146 Ἐζεκίου
2759 3081 3064 3146 εὐσέϐειαν,
3093 3079 3350 3153 πρέσϐεις
3381 3078 3527 3148 αὐτῷ
3548 3081 3768 3149 εἰρήνης
3786 3083 3880 3132 καὶ
3904 3081 4058 3149 δῶρα

2483 3174 2828 3228 ἀπέστειλεν·
2869 3175 2950 3227 ὅτι
2992 3175 3101 3242 γὰρ
3153 3172 3240 3224 διά
3283 3171 3343 3224 τδ
3374 3171 3709 3241 ἀναστρέψαι
3757 3172 3850 3223 τον
3896 3171 4056 3240 ἥλιον

2484 3266 2834 3334 ἀναϐαθμοὺς
2869 3262 2928 3317 ιε’
2972 3264 3108 3333 πρὸς
3166 3263 3327 3316 αὐτον
3368 3261 3687 3315 ἀπέστειλεν
3716 3265 3744 3314 6
3797 3261 4056 3330 βασιλεὺς

2486 3356 2823 3419 Βαϐυλῶνος,
2847 3356 2978 3424 φησὶ
3009 3354 3172 3407 πάλιν
3202 3356 3235 3422 ή
3265 3354 3474 3423 ἱστορία
3495 3355 3540 3387 ⁸⁸
3560 3370 3575 3385 ο
3616 3372 3634 3404 ι
3663 3354 3774 3406 Καὶ
3797 3353 4056 3423 εὐωδώθη

2495 3447 2746 3509 Ἐζεκίας
2780 3447 2838 3498 ἐν
2866 3447 3001 3498 πᾶσι
3030 3447 3140 3506 τοῖς
3167 3443 3350 3514 ἔργοις
3379 3442 3568 3496 αὐτοῦ.
3605 3444 3714 3497 Καὶ
3743 3443 3918 3506 οῦτως
3950 3445 4056 3512 (ἐν)

2483 3543 2595 3600 τοῖς
2630 3538 2995 3608 πρεσϐευταῖς
3039 3566 3102 3578 -—
3138 3534 3482 3597 Βαϐυλῶνος,
3519 3535 3630 3595 τοῖς
3663 3534 4057 3586 ἀποσταλεῖσιν

2483 3629 2617 3698 πρὸς
2643 3628 2802 3680 αὑτὸν
2850 3627 3121 3680 πυθέσθαι
3154 3625 3287 3695 παρ’
3325 3624 3488 3677 αὐτοῦ
3513 3625 3572 3676 τὸ
3603 3623 3796 3692 πέρας,
3845 3624 3874 3676 ὃ
3906 3625 4060 3690 γέγο-

2484 3739 2571 3773 νεν
2603 3722 2647 3751 ⁶⁹
2678 3723 2770 3773 ἐπὶ
2790 3721 2889 3788 τῆς
2919 3719 3043 3787 γῆς,
3078 3736 3096 3769 ι
3137 3719 3233 3770 καὶ
3288 3733 3306 3768 ι
3343 3716 3733 3783 ἐγκατέλειπεν
3755 3717 3918 3767 αὑτὸν
3950 3717 4064 3768 Κύ-

2487 3829 2600 3882 ριος
2633 3810 2725 3864 τοῦ
2781 3812 3038 3878 πειράσαι
3085 3807 3268 3872 αὐτὸν,
3303 3807 3502 3859 εἰδέναι
3536 3807 3606 3859 τὰ
3638 3808 3696 3857 ἐν
3738 3809 3805 3874 τῇ
3858 3807 4061 3875 καρδία

2483 3900 2670 3956 αὑτοῦ.
2708 3919 2727 3951 ι
2758 3899 2948 3964 Δείξας
2967 3900 3074 3970 γὰρ
3101 3901 3216 3961 τοῖς
3241 3896 3604 3966 πρεσϐευταῖς
3627 3896 3745 3948 ὅλον
3783 3896 3947 3966 166
3968 3897 4060 3947 τὸν

2481 3987 2627 4042 οίκον
2656 3988 2820 4041 αὑτοῦ
2852 3989 2943 4041 καὶ
2967 3989 3092 4050 τοὺς
3123 3986 3452 4056 θησαυροὺς.
3478 3981 3631 4037 εἶπεν
3669 3985 3900 4047 Ἡσαΐας
3919 3987 4055 4055 πρὶς

2483 4079 2646 4134 αὑτὸν
2671 4083 2729 4132 ἐν
2757 4079 2902 4150 λόγῳ
2951 4079 3158 4148 Κυρίου
3197 4079 3236 4110 ⁶¹
3278 4097 3297 4129 ι
3341 4077 3481 4130 ‘AvO'
3509 4071 3584 4130 ὧν
3625 4077 3830 4142 ἔδειξας
3875 4079 4060 4140 αὐτοῖς

2484 4172 2683 4230 πάντα.
2719 4172 2828 4224 ίδοῦ
2859 4170 3068 4241 ήμίραι
3097 4170 3348 4241 ἔρχονται
3375 4171 3470 4223 κα1⁵
3499 4169 3873 4239 ληφθήσονται
3904 4171 3972 4222 τα
4003 4173 4061 4222 ἐν

2485 4265 2560 4334 τῷ
2594 4265 2727 4334 οἴκῳ
2751 4281 2844 4316 σου
2874 4265 3075 4327 πάντα,
3101 4265 3196 4316 καὶ
3223 4263 3324 4316 ὅσα
3352 4262 3719 4333 ἐθησαύρισαν
3746 4263 3796 4314 οἱ
3827 4261 4062 4329 πατέρες

2487 4372 2579 4409 σου
2613 4355 3072 4425 ἀπενεχθήσονται
3100 4355 3180 4416 είς
3211 4353 3522 4417 Βαϐυλῶνα,
3556 4354 3649 4406 καὶ
3683 4355 3745 4406 ἐκ
3782 4353 3896 4404 τῶν
3927 4353 4060 4406 υιῶν

803 4447 1020 4499 ιΙίιίΙῑιΙΓ
1070 4463 1134 4500 ex
1179 4457 1251 4511 te,
1303 4464 1443 4517 quos
1465 4450 1788 4519 generabis,
1826 4450 2103 4514 tollentur,
2139 4458 2191 4503 et
2223 4457 2383 4503 erunt
2487 4467 2492 4494 ι

2366 4457 2383 4501 ι
2487 4462 2580 4499 σου
2611 4445 2893 4516 λήψονται,
2947 4444 3040 4498 καὶ
3073 4444 3288 4498 ἔσονται
3336 4444 3626 4513 ἐπᾴδοντες
3667 4443 3912 4514 εὐνοῦχοι
3961 4444 4055 4497 τοῦ

801 4539 1038 4590 eunuchi
1081 4539 1133 4590 in
1188 4541 1386 4608 palatio
1439 4542 1580 4611 regis
1617 4541 1928 4612 Babylonis.
1965 4560 1983 4593 ι
2023 4542 2249 4610 Oportet
2281 4541 2382 4610 igi-
2415 4589 2458 4645 Β

2366 4569 2382 4582 -
2415 4589 2458 4645 D
2492 4539 2751 4610 βασιλέως
2787 4537 3124 4601 Βαϐυλῶνος.
3159 4556 3178 4590 ι
3216 4539 3306 4589 Δεῖ
3338 4537 3516 4589 τοίνυν
3545 4536 3636 4588 τὸν
3662 4535 3928 4605 ἐχέφρονα
3963 4537 4055 4589 καὶ

802 4640 890 4681 tur
945 4629 1228 4683 cordatum
1276 4645 1548 4702 quemque
1585 4633 1783 4703 gaudio
1818 4633 2078 4704 luctuque
2132 4633 2383 4705 superio-
2415 4627 2457 4645 ν
2488 4653 2491 4704 ς

2368 4662 2383 4673 -
2415 4627 2457 4645 ν
2488 4635 2662 4704 χαρᾶς
2685 4632 2778 4686 καὶ
2817 4633 2995 4701 λύπης
3025 4631 3351 4703 ὑψηλότερον
3390 4627 3530 4683 εἶναι
3560 4630 3650 4681 καὶ
3677 4630 3913 4696 μετρίως
3963 4631 4057 4684 καὶ

803 4732 914 4770 rem
978 4735 1098 4774 esse
1148 4729 1201 4773 et
1249 4737 1372 4775 eum
1428 4724 1718 4792 prudentia
1773 4735 1826 4779 et
1893 4727 2151 4795 aequitate
2217 4725 2385 4781 animi
2485 4730 2492 4780 i

2371 4727 2385 4781 i
2485 4727 2866 4796 ἐπιστημόνως
2893 4726 3003 4778 τῶν
3031 4725 3310 4794 ἑκατέρων
3347 4723 3533 4792 φέρειν
3567 4721 3665 4792 τὴν
3704 4722 3912 4790 ἔφοδον.
3948 4723 4057 4775 Καὶ

803 4811 1085 4877 utriusque
1146 4811 1375 4866 sufferre
1441 4814 1802 4870 invasionem.
1856 4817 1992 4870 Cum
2054 4817 2200 4870 enim
2270 4817 2386 4885 ipse
2487 4837 2492 4850 ·

2370 4831 2386 4872 3
2487 4819 2593 4891 γάρ
2625 4819 2786 4882 αὐτὸς
2826 4818 3092 4883 Ἐζεκίας,
3138 4816 3305 4888 ήνίκα
3335 4811 3440 4868 εῐδε
3495 4813 3756 4884 τρόπαιον
3782 4815 3924 4867 κατά
3949 4814 4059 4868 τῶν

802 4899 1088 4965 Ezechias,
1123 4905 1356 4972 cognitis
1387 4904 1678 4962 Persarum
1732 4907 2001 4971 cladibus,
2037 4925 2066 4962 ιι
2117 4909 2382 4964 miraculo
2482 4914 2491 4966 l

2370 4925 2382 4963 ι
2482 4911 2709 4983 Περσῶν
2744 4910 3094 4982 ἐγειρόμενον
3138 4909 3235 4961 καὶ
3277 4905 3558 4975 θαύματος
3591 4906 3838 4973 κρεῖττον
3885 4905 3930 4939 ⁸³
3965 4907 4059 4958 καὶ

803 4992 945 5045 haud
979 4992 1340 5061 absimilibus,
1374 5009 1428 5050 et
1469 5011 1686 5051 omnem
1722 4998 2020 5052 humanam
2068 4998 2175 5051 vim
2214 5010 2381 5068 atque
2481 5025 2492 5058 τ

2365 5012 2381 5052 3
2481 5007 2661 5076 πάσης
2708 5003 3056 5074 ἀνθρωπίνης
3110 4999 3302 5073 ῥώμης
3355 4999 3446 5053 καὶ
3489 4998 3700 5060 ἐλπίδος
3733 4997 4054 5066 ὑπέρτερον,

801 5101 950 5154 spem
1020 5091 1482 5158 exsuperantibus
1537 5093 1882 5146 vehementer
1950 5091 2150 5162 gaudio
2199 5092 2378 5148 elatus
2488 5118 2490 5146 ς

2367 5109 2378 5148 ι
2488 5098 2582 5149 καὶ
2633 5097 2750 5148 λίαν
2782 5095 2886 5147 ὐπδ
2932 5095 3030 5164 τῆς
3060 5094 3237 5163 χαρᾶς
3287 5089 3615 5160 φυσιωθεὶς,
3665 5089 3758 5142 καὶ
3807 5090 4056 5160 μεῖζονῆ

800 5189 966 5242 esset,
995 5192 1047 5234 et
1075 5183 1244 5252 magis
1271 5199 1434 5252 quam
1470 5184 1748 5239 hominem
1780 5185 1934 5239 decet
1964 5185 2177 5239 animos
2201 5194 2384 5240 sustu-
2487 5209 2489 5217 ·

2368 5215 2384 5226 -
2487 5188 2625 5242 κατὰ
2653 5187 2939 5257 ἄνθρωπον
2965 5186 3262 5256 φρονήσας,
3293 5184 3415 5236 τότε
3439 5183 3523 5252 δὴ.
3557 5181 3678 5234 τότε
3703 5180 3842 5249 νόσῳ
3869 5179 4057 5250 βαλλι-

804 5270 979 5336 lissct.
1033 5278 1224 5330 morbo
1264 5277 1498 5333 alllietus
1533 5289 1638 5340 est,
1677 5287 1735 5332 ut
1763 5278 1960 5332 animae
1993 5277 2111 5346 ejus
2153 5277 2388 5346 impetus
2483 5295 2493 5311 ·

2364 5292 2388 5332 s
2483 5294 2594 5341 ται,
2613 5277 2698 5329 ἵνα
2723 5277 2792 5330 τὰ
2810 5277 3159 5348 σκιρτήματα
3183 5275 3281 5344 τῆς
3304 5275 3478 5344 ψυχῆς
3501 5273 3717 5343 χαλινοῦ
3735 5272 4053 5336 ἀξιωθέντα,

806 5363 1175 5433 l'renarcntur,
1215 5385 1280 5424 ne
1307 5381 1496 5425 contra
1542 5371 1800 5426 decorem
1849 5370 1999 5424 illum
2037 5385 2262 5439 peccare
2303 5367 2384 5422 fa-
2489 5388 2495 5439 ι

2364 5398 2384 5409 -
2489 5369 2564 5440 μὴ
2597 5369 2701 5435 ἔξω
2743 5367 2837 5423 τοῦ
2869 5369 3076 5432 δέοντος
3125 5368 3286 5421 αὐτὸν
3336 5368 3682 5433 ἁναγκάσωσι
3735 5367 4053 5436 περιπεσεῖν

1967 5539 2172 5600 Varia:
2207 5535 2511 5598 lectiones
2555 5541 2616 5596 et
2656 5541 2847 5597 noue.

880 5679 922 5703 "
959 5677 1113 5730 Rom.
1151 5677 1232 5736 ΙΙ.
1262 5681 1350 5734 53.
1465 5684 1508 5713 ³⁸
1545 5685 1558 5734 1
1591 5684 1715 5737 (Zur.
1747 5699 1805 5746 tt,
1843 5684 1922 5736 11.

810 5750 927 5801 Ηίὶῖ.
959 5749 1026 5799 νο
1067 5749 1182 5806 l‘Jl),
1223 5749 1322 5802 ΠΤ
1374 5753 1413 5803 11
1451 5753 1576 5824 llr-5.
1648 5771 1733 5810 vv.
1789 5756 1870 5807 12.

808 5820 848 5846 ⁹’
883 5837 901 5866 ›
921 5820 1199 5885 ρῑαίττονῖ

2034 5686 2078 5717 ⁸⁸
2118 5684 2250 5737 lleb.
2312 5701 2380 5740 tv.
2441 5684 2523 5738 12.

1979 5756 2023 5783 δ’
2063 5755 2098 5806 11
2138 5755 2255 5806 l'.tr.
2296 5773 2423 5816 κω,
2455 5758 2633 5816 511,51.

2671 5681 2715 5711 ⁸⁷
2746 5683 3040 5751 μυστήριον
3092 5681 3412 5751 ἀπόκρυςςον
3454 5677 3697 5751 ἐάιζξουιι.
3847 5679 3890 5751 f‘

2733 5746 2776 5785 δ’*
2814 5746 3026 5818 ἐγένετο
3051 5751 3090 5804 ll
3123 5746 3252 5803 Par.
3351 5752 3388 5778 "
3451 5749 3490 5804 11
3547 5746 3672 5817 Reg.
3724 5764 3809 5806 ιι.
3849 5749 3906 5800 l'i
3971 5747 4054 5803 18.
