4278 6446
795 377 900 440 283

1995 388 2317 448 GEORGII
2358 392 2805 453 HAMAR'I‘OLI

3931 395 4039 456 εει

793 492 955 542 corda
994 503 1046 543 et
1075 510 1089 541 ι
1138 499 1380 559 penetrat
1417 506 1588 561 usque
1621 495 1684 547 ad
1725 495 2045 551 divisionem
2081 500 2275 554 animm
2308 510 2362 554 et
2394 509 2435 564 Α
2470 519 2482 553 ι

2350 509 2435 564 ιΑ
2470 502 2671 570 σφόδρα
2721 503 2813 556 καὶ
2859 503 2980 556 λίαν
3037 504 3342 572 ἰλιγγιάσας
3370 544 3384 568 ,
3437 503 3694 571 ἐξεδοήσε
3755 505 3910 576 165
3941 508 4039 576 τὴν

795 582 1042 650 spiritus,
1099 596 1420 652 compagum
1490 599 1707 653 qttuque
1765 602 1830 642 ac
1869 590 2243 654 medullarum,
2308 603 2362 645 et

792 674 1060 726 diseretor
1090 682 1176 727 est
1200 675 1587 745 cogitationum
1616 686 1668 732 et
1697 678 2060 734 intentionum
2107 684 2308 746 cordis,
2337 703 2354 734 ι

794 773 958 834 patet,
1007 781 1254 830 sensum,
1292 767 1625 822 voluntatem
1658 776 1712 823 et
1759 771 2090 827 desiderium
2128 778 2360 831 abscon-

793 855 968 909 ditum
1008 857 1265 921 hominis,
1301 867 1487 914 notum
1547 875 1655 914 non
1682 877 1804 916 esse
1837 864 1906 917 ab
1939 866 2151 934 angelo,
2187 884 2360 935 neque

788 948 1019 1016 quodvis
1051 949 1142 1002 Dei
1176 953 1489 1021 mysterium
1522 963 1692 1017 certe,
1723 955 1826 1010 nisi
1858 957 2133 1025 sapienter
2159 967 2211 1013 et
2236 975 2358 1027 pro-

790 1038 911 1091 vide
937 1039 1051 1107 ipse
1085 1038 1229 1097 Deus
1270 1043 1585 1111 patefecerit
1626 1049 1692 1101 ad
1719 1048 2004 1101 utilitatem
2040 1064 2230 1103 eorum
2268 1053 2359 1120 qui

788 1144 1120 1195 cognoscere
1161 1132 1392 1202 debent;
1429 1136 1548 1192 ideo
1593 1138 1878 1193 abscondit
1926 1138 2358 1196 lncarnationem

788 1219 1038 1288 pluribus
1063 1222 1134 1275 ob
1163 1238 1355 1278 eorum
1412 1227 1780 1296 insipientiam
1811 1240 1864 1284 et
1917 1239 1975 1284 ut
2021 1232 2113 1285 diu
2145 1231 2357 1288 lateret.

789 1309 852 1364 Et
899 1313 1037 1380 quid
1064 1314 1185 1369 dico
1239 1316 1526 1388 plerosque
1561 1320 1766 1388 fugisse
1803 1322 1943 1377 hanc
1975 1325 2216 1393 mysterii
2265 1339 2359 1378 co-

785 1404 1118 1472 gnitionem?
1139 1406 1254 1477 Ipsa
1280 1410 1424 1465 enim
1448 1428 1734 1482 praegnans
1765 1412 1927 1483 Virgo
1954 1424 2221 1469 secretum
2243 1431 2359 1486 my-

787 1495 935 1546 sterii
990 1506 1042 1548 et
1091 1498 1209 1564 ejus
1241 1499 1604 1554 inenarrabile
1643 1517 1904 1556 arcanum
1946 1518 2052 1556 non
2105 1507 2359 1574 cognovit

785 1585 1012 1655 ipseque
1068 1589 1314 1644 diabolus
1347 1591 1634 1659 ignoravit.
1667 1593 1822 1660 Quod
1874 1596 1918 1649 si
1952 1597 2265 1665 prophetias
2291 1598 2358 1650 de

784 1691 849 1730 eo
885 1679 1154 1744 audierat,
1190 1683 1412 1736 modum
1457 1683 1854 1740 lncarnationis
1891 1703 1998 1739 non
2028 1697 2278 1750 noverat;
2310 1687 2353 1741 si

783 1768 926 1819 enim
965 1771 1220 1836 novisset,
1257 1769 1449 1827 Jesnm
1488 1784 1637 1827 tanto
1688 1783 1808 1844 post
1844 1785 2084 1845 tempore
2135 1792 2240 1830 non
2273 1779 2355 1829 in-

2466 595 2703 664 ἁοίδιμον
2739 594 2921 664 φωνὴν
2953 596 3167 666 ἐκείνην
3197 595 3368 663 λέγων
3401 596 3479 627 ’⁸ο
3519 615 3537 648 ι
3575 591 3644 648 Ὦ
3675 595 3837 664 βάθος
3871 596 4039 650 πλού-

2469 702 2580 752 του,
2612 690 2702 739 καὶ
2735 687 2926 756 σοφίας
2957 689 3048 740 καὶ
3071 687 3324 754 γνώσεως
3341 686 3499 752 Θεοῦ,
3529 687 3605 752 ὡς
3631 687 4036 757 ἀνεξερεύνητα

2464 775 2530 826 τὰ
2561 776 2805 846 κρίματα
2832 774 2998 830 αὑτοῦ
3029 777 3122 828 καὶ
3147 776 3541 843 ἀνεξιχνίαστοι
3563 778 3616 828 ai
3649 775 3757 828 ὁδοὶ
3792 775 3981 829 αὑτοῦ.
4009 795 4028 826 ι

2476 866 2853 937 ’Λνέκφραστα
2890 868 3070 920 πάντα
3115 867 3222 918 είσὶ
3252 865 3346 917 καὶ
3405 866 3750 933 ἀδιάγνωστα
3776 867 3913 918 πᾶσι
3966 867 4036 919 τὰ

2463 953 2557 1007 τοῦ
2590 956 2726 1008 Θεοῦ
2749 972 2762 985 ⁸
2790 956 2912 1010 οὐδὲ
2949 958 3060 1026 γὰρ
3103 957 3173 1009 τὰ
3200 954 3295 1008 τοῦ
3323 955 3618 1024 ἀνθρώπου
3648 972 3665 1006 ι
3718 949 3827 1008 οἶδέ
3855 971 3939 1016 τις
3959 957 4031 1016 '.',

2462 1048 2510 1098 εί
2542 1047 2616 1115 μὴ
2632 1049 2690 1099 τὸ
2704 1046 2929 1117 Πνεῦμα
2947 1047 3042 1099 τοῦ
3071 1045 3356 1118 ἀνθρώπου
3379 1062 3393 1076 °
3413 1064 3430 1097 ι
3465 1047 3514 1098 εί
3539 1045 3647 1116 γὰρ
3671 1047 3827 1115 μόνος
3847 1047 3874 1098 6
3896 1044 4032 1106 Θεὸς

2461 1138 2899 1207 καρδιογνώστης
2926 1139 2982 1201 ⁸⁸1
3023 1155 3042 1189 ι
3084 1138 3179 1190 καὶ
3227 1136 3602 1206 διικνούμενος
3655 1137 3819 1206 μέχρι
3870 1151 4034 1204 μερι-

2463 1228 2600 1299 σμοῦ
2627 1229 2805 1299 ψυχῆς
2836 1232 2934 1282 καί⁵
2963 1229 3234 1300 σώματος,
3259 1229 3450 1300 ἁρμῶν
3487 1244 3547 1280 τε
3571 1229 3665 1281 καὶ
3696 1227 3909 1298 μυελῶν
3934 1226 4033 1279 καὶ

2461 1321 2707 1390 κριτικὸς
2739 1323 3090 1391 ἐνθυμήσεων
3118 1322 3213 1374 καὶ
3244 1321 3464 1374 ἐννοιῶν
3495 1318 3775 1390 καρδίας,›
3809 1317 4033 1386 εῦδηλον

2459 1414 2534 1476 ὡς
2563 1414 2683 1467 ούδέ
2718 1415 2844 1467 νοῦν
2879 1414 3168 1483 ἀνθρώπου
3215 1415 3310 1467 καὶ
3352 1413 3598 1483 βούλημα
3648 1412 3744 1465 καὶ
3775 1411 4031 1480 ἐνθύμιον

2459 1505 2841 1576 κεκρυμμένον
2869 1506 3103 1574 ἄγγελος
3128 1501 3292 1566 οἶδεν,
3322 1505 3449 1574 μήτι
3474 1522 3536 1570 γε
3564 1502 3699 1555 Θεοῦ
3733 1503 4034 1570 μυστήριον

2458 1599 2666 1668 ἕτερον,
2689 1600 2737 1651 εί
2768 1598 2811 1630 ³⁷
2850 1598 2924 1668 μὴ
2951 1597 3137 1666 σαφῶς
3168 1598 3259 1650 ὑπ’
3289 1595 3456 1650 αὑτοῦ
3490 1596 3635 1664 (Hb)
3670 1596 3762 1647 καὶ
3789 1591 4035 1658 ἐξαὺτοῦ

2458 1689 2830 1759 δεδηλωμένον
2881 1689 3248 1758 οἰκονομικῶς
3300 1688 3438 1755 πρὸς
3467 1687 3528 1740 τὸ
3580 1686 3880 1756 συμφέρον.
3911 1684 4036 1738 ὅθεν

2457 1780 2635 1834 τοίνυν
2657 1780 2848 1848 ἄδηλον
2876 1780 3100 1851 ἐποίησε
3140 1780 3236 1850 τὴν
3262 1780 3528 1850 ενσαρκον
3546 1805 3554 1808 -
3572 1780 3890 1846 οἰκονομίαν
3937 1777 4036 1830 καὶ

783 1862 1190 1930 teri-Ogavisset,
1230 1864 1416 1920 dicens
1453 1865 1504 1920 ei
1547 1867 1742 1931 semel,
1778 1867 1971 1922 iterum
2000 1880 2052 1923 et
2074 1881 2153 1924 ter
2184 1885 2201 1924 :
2236 1888 2254 1922 ι
2293 1868 2350 1924 Si
2387 1881 2472 1940 ιιι

2348 1915 2350 1922 ι
2387 1881 2430 1940 Β
2456 1873 2582 1935 τοὺς
2612 1871 2840 1934 πολλοὺς
2870 1870 3129 1942 κρύπτων
3159 1871 3248 1924 διὰ
3277 1870 3376 1938 τὴν
3411 1870 3684 1938 ἀσάφειαν
3713 1871 3804 1922 καὶ
3839 1866 4037 1920 λανθάο

783 1948 958 2008 Filius
989 1954 1078 2007 Dei
1108 1972 1189 2010 es.
1230 1975 1250 2008 ι
2467 1981 2472 1996 ¹

2467 1981 2577 2016 νειν
2614 1963 2774 2034 μέχρι
2801 1961 3021 2017 πολλοῦ.
3053 1964 3164 2016 Καὶ
3183 1961 3234 2014 τί
3257 1961 3401 2029 λέγω
3427 1962 3554 2022 τοὺς
3575 1959 3802 2022 πολλούς
3823 1976 3838 2022 ;
3859 1959 4035 2010 Ὅπου

783 2060 846 2110 γε
869 2045 987 2098 οὐδὲ
1013 2049 1199 2119 αύτὴή
1229 2051 1570 2121 κυοφοροῦσα
1595 2054 1869 2122 Παρθένος
1896 2056 2012 2126 ᾔδει
2074 2057 2168 2109 τοῦ
2229 2058 2531 2126 μυστηρίου
2558 2058 2619 2110 τὸ
2651 2058 2987 2126 ἀπόρρητον,
3038 2057 3100 2109 ού
3141 2056 3247 2126 μὴν
3286 2056 3344 2108 δέ
3421 2055 3557 2109 ἀλλᾶ
3614 2055 3708 2106 καὶ
3748 2052 3913 2105 αὑτὸν
3943 2051 4038 2102 τὸν

780 2137 1025 2193 διάὸολον
1050 2141 1340 2197 ἐλάνθανεν
1361 2158 1375 2173 ⁸
1400 2150 1449 2200 εί
1496 2149 1602 2218 γὰρ
1635 2149 1729 2201 καὶ
1757 2150 1856 2212 τὰς
1885 2151 2225 2220 προφητείας
2282 2152 2384 2215 τὰς
2425 2154 2552 2222 περὶ
2584 2153 2775 2205 τούτου
2807 2153 3027 2221 ἤκουεν,
3080 2151 3218 2205 ἀλλὰ
3281 2150 3371 2203 τὸν
3406 2150 3606 2218 τρόπον
3645 2147 3832 2216 ἠγνόει
3853 2160 3865 2174 ·
3913 2143 4036 2196 ούδέ

782 2230 910 2300 γὰρ,
942 2233 1099 2304 εῐπερ
1131 2235 1270 2304 ᾔδει,
1299 2236 1485 2307 ήρώτα
1516 2239 1681 2293 αὑτὸν
1708 2241 1847 2310 μετὰ
1876 2240 2131 2295 τοσοῦτον
2190 2243 2380 2313 χρόνον
2416 2243 2590 2313 λέγων
2619 2243 2794 2315 αὐτῷ·
2837 2262 2854 2294 ι
2901 2244 2959 2296 '0
2987 2243 3111 2306 Υίδς
3141 2239 3191 2295 εί
3216 2242 3308 2295 τοῦ
3367 2240 3522 2306 Θεοῦ,
3563 2257 3581 2292 ι
3614 2240 3709 2292 καὶ
3747 2238 3914 2303 ἆπαξ,
3943 2241 4034 2291 καὶ

781 2323 883 2387 δὶς,
918 2326 1012 2378 καὶ
1044 2327 1247 2396 τρίτον.

850 2421 986 2474 Cum
1019 2436 1147 2475 vero
1206 2422 1522 2487 Marodach,
1577 2440 1873 2480 successor
1937 2425 2353 2492 Sennacherim,

782 2513 1007 2566 vidisset
1058 2513 1190 2570 solis
1231 2530 1564 2583 regressum,
1598 2517 1666 2571 ob
1714 2517 1962 2573 Ezechiae
1991 2519 2356 2574 valetudinem

784 2605 954 2678 (omni
1007 2608 1151 2662 enim
1207 2615 1364 2664 terra:
1413 2610 1646 2665 innotuit
1705 2612 1836 2666 solis
1877 2612 1978 2677 iste
2055 2612 2356 2682 regressus)

781 2711 874 2750 rex
912 2698 1027 2765 ipse
1059 2699 1479 2771 Babyloniorum
1506 2719 1627 2755 cum
1656 2701 1849 2756 fuisset
1872 2704 2074 2756 certior
2093 2705 2159 2758 de
2187 2714 2360 2758 morte

782 2788 932 2842 illius
964 2791 1054 2858 qui
1110 2803 1269 2845 antea
1306 2808 1396 2847 rex
1431 2793 1627 2857 fuerat,
1668 2805 1722 2848 et
1753 2796 1819 2848 de
1861 2795 1946 2850 his
1989 2812 2109 2865 qua:
2152 2797 2204 2850 in
2245 2797 2359 2850 sole

783 2880 922 2936 facta
957 2881 1169 2938 fuerant
1202 2886 1272 2938 ob
1307 2884 1551 2940 Ezechiae
1584 2889 1860 2957 pietatem,
1910 2890 2115 2960 legatos
2143 2892 2232 2958 qui
2261 2906 2358 2959 pa-

781 2989 896 3026 cem
935 2974 1141 3030 icerent
1179 2993 1302 3031 cum
1350 2981 1667 3035 muneribus
1713 2981 1780 3034 ad
1828 2996 1953 3033 eum
1987 2981 2154 3034 misit.
2201 2982 2358 3047 Quod

777 3065 924 3118 enim
967 3077 1186 3135 propter
1221 3069 1354 3122 solis
1393 3070 1700 3137 quindecim
1756 3071 2013 3140 gradibus
2051 3087 2358 3139 regressum

781 3157 848 3210 ad
896 3173 1020 3211 eum
1083 3159 1294 3214 miserit
1347 3175 1440 3215 rex
1481 3159 1903 3234 Babyloniorum
1966 3164 2189 3232 legatos,
2243 3166 2355 3232 ipsa

2525 2430 2569 2462 η
2599 2430 2710 2499 (ιι)
2753 2431 2810 2483 '0
2843 2430 2900 2482 δέ
2924 2447 2986 2497 γε
3012 2430 3293 2500 Μαροδᾶχ,
3328 2430 3356 2482 6
3389 2432 3479 2482 καὶ
3505 2431 3748 2500 διάδοχος
3781 2433 4036 2502 Σεναχει-

2459 2522 2577 2590 ρκμ,
2627 2518 2962 2587 θεασάμενος
2992 2519 3091 2588 τὴν
3138 2521 3470 2590 ἐπιστροφὴν
3502 2520 3596 2573 τοῦ
3637 2523 3789 2591 ἡλίου
3825 2525 3918 2577 ἐπὶ
3964 2528 4034 2594 τῇ

2457 2610 2622 2678 ρὡει
2671 2609 2918 2673 Ἐζεκίου
2963 2609 3136 2683 (πάσῃ
3167 2610 3273 2678 γὰρ
3314 2613 3376 2681 τῇ
3426 2613 3720 2683 οίκουμένῃ
3755 2615 4030 2684 γέγονενή

2456 2703 2771 2773 ἀναστροφὴ
2803 2701 2896 2754 τοῦ
2921 2702 3074 2770 ήλίου
3101 2701 3421 2772 γνώριμος),
3446 2697 3507 2756 οὗ
3530 2703 3593 2773 δὴ
3629 2704 3790 2774 χάριν
3819 2707 3913 2758 καὶ
3936 2700 4034 2758 οὗ-

2456 2813 2546 2857 τος
2574 2798 2602 2847 6
2629 2795 2737 2846 τῶν
2759 2793 3120 2848 Βαϐυλωνίων
3151 2792 3406 2862 βασιλεὺς
3439 2795 3532 2846 καὶ
3565 2793 3657 2846 τὸν
3689 2793 3913 2864 ὄλεθρον
3937 2794 4034 2848 τοῦ

2459 2889 2564 2958 πρὸ
2589 2888 2752 2941 αὑτοῦ
2783 2888 3048 2957 βασιλέως
3078 2887 3337 2955 ἐγνωκὼς
3375 2888 3469 2939 καὶ
3500 2887 3568 2940 τὰ
3595 2886 3735 2940 κατά
3761 2889 3853 2939 τδν
3883 2887 4036 2956 ἣλιον

2458 2978 2776 3047 παραδόξως
2830 2978 3177 3048 γεγενημένα
3238 2976 3577 3044 μεμαθηκὼς
3629 2976 3718 3029 διὰ
3779 2976 3880 3046 τὴν
3939 2976 4036 3028 τοῦ

2470 3070 2710 3132 Ἐζεκίου
2735 3068 3039 3132 εὐσέϐειαν,
3068 3066 3328 3140 πρέσϐεις
3358 3066 3507 3136 αύτῷ
3528 3069 3750 3137 εἰρήνης
3767 3069 3861 3120 καὶ
3885 3068 4038 3136 δῶρα

2459 3160 2803 3213 ἁπέστειὶεν·
2844 3162 2926 3213 δτι
2967 3161 3077 3229 γὰρ
3129 3158 3217 3211 διὰ
3260 3159 3320 3211 τδ
3353 3158 3690 3229 ἀναστρέψαι
3739 3160 3832 3210 τὸν
3878 3159 4036 3228 ἥλιον

783 3262 975 3302 rursus
1002 3257 1234 3303 testatur
1260 3249 1490 3303 historia
1525 3267 1538 3303 :
1570 3270 1588 3302 ι
1626 3250 1894 3321 Prospere
1937 3251 2063 3306 fecit
2096 3251 2354 3311 Ezechias
2385 3225 2426 3281 θ
2461 3269 2472 3304 ι

2346 3272 2354 3311 ι
2385 3225 2426 3281 c
2461 3251 2809 3320 ἁναϐαθμοὺς
2845 3249 2903 3303 ιε’
3142 3249 3304 3303 αὑτὸν
3346 3225 3667 3302 ἀπέστειλεν
3697 3253 3726 3302 6
3777 3225 4035 3318 βασιλεὺς

780 3338 834 3391 in
870 3335 1122 3393 omnibus
1170 3341 1429 3409 operibus
1479 3341 1615 3396 suis.
1677 3343 1927 3396 Attamen
1980 3342 2033 3396 in
2087 3343 2359 3413 lega'ione

781 3430 1086 3498 principum
1124 3429 1416 3502 Babylonis
1448 3433 1542 3500 qui
1575 3433 1725 3487 missi
1761 3433 1974 3487 fuerant
2014 3433 2078 3486 ad
2110 3449 2254 3496 cum,
2301 3445 2360 3488 ut

791 3519 1197 3588 interrogarent
1249 3523 1315 3573 de
1372 3532 1627 3587 portento
1676 3525 1820 3589 quod
1871 3521 2144 3573 acciderat
2196 3536 2360 3588 super

782 3622 1002 3674 terram,
1037 3613 1324 3682 dereliquit
1351 3628 1474 3667 eum
1511 3613 1673 3676 Deus,
1711 3622 1768 3666 ut
1814 3622 2113 3667 tentaretur
2139 3623 2192 3668 et
2233 3623 2356 3667 nota

782 3705 972 3761 flerent
1029 3708 1212 3761 omnia
1267 3723 1389 3777 quae
1435 3717 1593 3762 erant
1630 3709 1684 3762 in
1728 3709 1894 3763 corde
1953 3709 2096 3778 ejus.
2140 3727 2158 3760 ι
2219 3708 2354 3764 Cum

779 3800 926 3853 enim
960 3800 1290 3855 ostendisset
1346 3801 1541 3870 legatis
1580 3815 1797 3853 omnem
1846 3800 2071 3854 domum
2120 3815 2273 3855 suam
2305 3811 2357 3855 et

782 3891 1073 3944 thesauros
1129 3907 1279 3956 suos,
1317 3891 1457 3944 dixit
1513 3890 1684 3945 Isaias
1736 3889 1802 3942 ad
1839 3905 1988 3953 cum,
2036 3891 2087 3944 in
2139 3891 2358 3943 nomine

785 3982 993 4034 Domini
1034 3999 1046 4035 :
1088 4001 1105 4032 ι
1143 3981 1220 4034 Eo
1259 3983 1401 4050 quod
1437 3981 1722 4036 ostendisti
1755 3980 1823 4034 iis
1849 3981 2052 4044 oninia,
2091 3995 2217 4034 ecce
2241 3981 2356 4034 dies

781 4070 1000 4122 venient
1048 4080 1100 4124 et
1134 4071 1450 4125 aul'erentur
1497 4072 1686 4126 omnia
1743 4086 1864 4139 qua:
1914 4080 2041 4125 sunt
2099 4071 2151 4124 in
2199 4070 2358 4125 domo

783 4173 896 4225 tua,
944 4179 1284 4234 qnzecunque
1332 4153 1570 4232 majores
1614 4163 1692 4217 tui
1740 4163 1793 4215 in
1826 4162 1967 4216 hanc
2000 4175 2173 4229 usque
2213 4160 2355 4214 diem

780 4261 1198 4318 congesserunt,
1232 4254 1284 4305 in
1321 4251 1683 4324 Babylonem;
1718 4267 1824 4305 non
1858 4251 2159 4305 remanebit
2202 4251 2359 4320 quid-

779 4357 967 4410 quam,
1002 4344 1077 4397 ait
1111 4344 1393 4399 Dominus.
1425 4345 1529 4398 Sed
1561 4353 1612 4398 et
1643 4345 1708 4400 de
1755 4345 1880 4399 ﬁliis
1932 4345 2042 4398 tuis
2076 4344 2166 4414 qui
2207 4360 2359 4414 egre-

779 4433 996 4486 dii-ntur
1046 4450 1111 4488 ex
1155 4444 1227 4499 te,
1279 4452 1419 4504 quos
1442 4436 1764 4506 generabis,
1802 4436 2079 4500 tollentur,
2115 4443 2167 4489 et
2199 4443 2360 4490 erunt

778 4526 1014 4578 eunuchi
1057 4527 1109 4578 in
1165 4528 1363 4596 palatio
1415 4529 1556 4598 regis
1592 4528 1905 4599 Babylonis.
1941 4546 1960 4579 ι
1999 4528 2226 4596 Oportet
2257 4527 2358 4596 igi-

2462 3342 2799 3405 Βαδυλῶνος,
2823 3343 2955 3410 φησὶ
2985 3340 3148 3393 πάλιν
3179 3343 3212 3409 ἡ
3242 3341 3452 3410 ἱστορία
3475 3342 3519 3374 ⁸⁸
3539 3358 3554 3373 ο
3596 3359 3614 3392 ι
3644 3341 3755 3394 Καὶ
3777 3341 4034 3411 εὺωδὼθη

2471 3433 2722 3495 Ἐζεκίας
2756 3433 2814 3484 ἐν
2841 3433 2977 3484 πᾶσι
3006 3433 3116 3493 τοῖς
3144 3429 3328 3500 ἔργοις
3358 3429 3548 3484 αὑτοῦ.
3585 3431 3694 3484 Καὶ
3724 3431 3897 3493 οὕτως
3931 3432 4035 3500 (ἐν)

2459 3529 2571 3585 τοῖς
2607 3524 2971 3594 πρεσϐευταῖς
3015 3553 3079 3564 -
3114 3521 3461 3585 Βαϐυλῶνος,
3498 3523 3610 3583 τοῖς
3643 3521 4035 3574 ἀποσταλεῖσιν

2460 3615 2593 3684 πρὸς
2619 3614 2778 3667 αὑτὸν
2826 3613 3097 3667 πυθέσθαι
3131 3612 3264 3682 παρ’
3302 3611 3467 3665 αὐτοῦ
3493 3612 3551 3664 τδ
3583 3611 3777 3680 πέρας,
3826 3611 3854 3664 δ
3885 3612 4038 3677 γέγο-

2460 3725 2548 3760 νεν
2580 3708 2623 3737 ⁶⁰
2654 3708 2746 3758 ἐπὶ
2766 3707 2865 3774 τῆς
2894 3705 3019 3773 γῆς,
3055 3722 3073 3756 ι
3114 3705 3209 3757 καὶ
3265 3720 3284 3754 ι
3321 3704 3714 3770 ἐγκατέλειπεν
3736 3704 3896 3755 αὑτὸν
3929 3703 4043 3755 Κύ-

2463 3814 2575 3867 ριος
2609 3795 2701 3850 τοῦ
2757 3798 3014 3864 πειράσαι
3061 3795 3244 3859 αὑτὸν,
3281 3794 3480 3846 εἰδέναι
3515 3794 3586 3847 τὰ
3618 3795 3677 3845 ἐν
3719 3796 3786 3862 τῇ
3838 3794 4039 3862 καρδία

2459 3885 2646 3942 αὑτοῦ.
2684 3905 2703 3937 ι
2733 3885 2924 3950 Δείξας
2943 3885 3050 3956 γὰρ
3077 3887 3192 3948 τοῖς
3217 3883 3584 3953 πρεσϐευταῖς
3608 3884 3726 3936 ὅλον
3764 3884 3926 3953 166
3946 3879 4038 3934 τὸν

2456 3972 2602 4028 οἷκον
2632 3974 2795 4027 αὐτοῦ
2828 3975 3068 4037 καὶτοὺς
3099 3973 3430 4043 θησαυροὺς.
3456 3968 3610 4025 εἶπεν
3649 3972 3879 4035 Ἡσαΐας
3898 3973 4033 4042 πρὶς

2459 4065 2622 4120 αὐτὸν
2648 4068 2704 4117 ἐν
2733 4065 2878 4135 λόγῳ
2928 4065 3135 4134 Κυρίου
3173 4065 3214 4096 ⁶¹
3255 4084 3274 4115 ι
3318 4064 3459 4118 ’Λνθ⁹
3488 4058 3564 4118 ῶν
3605 4064 3812 4129 ἔδειξας
3855 4066 4038 4127 αὐτοῖς

2460 4158 2659 4216 πάντα,
2694 4158 2804 4210 ίδού
2835 4156 3043 4227 ήμίραι
3073 4156 3325 4227 ἔρχονται
3353 4157 3449 4210 καὶ
3477 4156 3853 4226 ληφθήσονται
3883 4158 3949 4209 τὰ
3979 4159 4038 4209 ἐν

2461 4251 2536 4320 τῷ
2569 4250 2702 4320 οίκῳ
2727 4267 2820 4302 σου
2850 4251 3051 4313 πάντα,
3077 4251 3172 4302 καὶ
3200 4249 3301 4302 ὅσα
3329 4249 3700 4320 ἐθησαύρισαν
3727 4251 3777 4302 oi
3808 4248 4039 4317 πατέρες

2463 4358 2556 4394 σου
2588 4341 3048 4411 ἀπενεχθήσονται
3076 4341 3156 4402 είς
3188 4339 3500 4404 Βαϐυλῶνα,
3534 4341 3628 4393 καὶ
3663 4342 3725 4393 ἐκ
3763 4339 3875 4392 τῶν
3906 4339 4037 4392 υίῶν

2463 4448 2556 4485 σου
2586 4432 2868 4502 λήψονται,
2922 4431 3015 4484 καὶ
3049 4431 3265 4484 ἔσονται
3313 4431 3605 4500 ἐπᾴδοντες
3646 4431 3892 4502 εὐνοῦχοι
3939 4430 4032 4484 τοῦ

2468 4525 2727 4595 βασιλέως
2762 4523 3099 4587 Βαϐυλῶνος.
3135 4542 3154 4576 ι
3191 4525 3283 4576 Δεῖ
3315 4523 3494 4576 τοίνυν
3523 4523 3615 4576 τὸν
3641 4523 3908 4592 ἐχέφρονα
3941 4523 4034 4576 καὶ

790 4575 881 4577 θνα
1165 4575 1358 4596 τ---ην
1415 4575 1555 4598 ηοω
1592 4575 1905 4599 -“·”.ι·⁷“·-ν
1941 4575 1954 4579 ~
2006 4575 2225 4596 'r""'
2257 4575 2328 4596 -ο-

779 4628 867 4669 tur
895 4625 897 4628 ‘
922 4617 1204 4671 cor-datum
1253 4633 1524 4689 quemque
1561 4620 1759 4690 gaudio
1794 4620 2055 4690 luctuque
2108 4619 2359 4691 superio-
2391 4575 2435 4631 Β
2464 4638 2468 4691 ς

2344 4648 2359 4659 -
2391 4575 2435 4631 Β
2464 4575 2638 4691 γαρᾶς
2661 4575 2754 4671 καὶ
2792 4618 2970 4687 λύπης
3000 4575 3328 4689 ὐῷηλὸτερον
3367 4613 3507 4669 εἶναι
3539 4617 3629 4668 καὶ
3656 4575 3892 4684 μετρίως
3941 4619 4033 4670 καὶ

779 4719 891 4758 rem
954 4723 1074 4761 csse
1124 4716 1177 4761 et
1225 4725 1348 4763 cum
1404 4711 1695 4780 prudentia
1749 4723 1801 4766 et
1869 4713 2127 4782 aequitate
2193 4711 2361 4768 animi
2460 4715 2468 4766 ί

2347 4714 2361 4768 i
2460 4712 2841 4782 ἐπιστημόνως
2869 4713 2978 4764 τῶν
3007 4711 3286 4780 ἑκατέρων
3324 4709 3512 4780 φέρειν
3545 4709 3644 4780 τὴν
3685 4709 3892 4778 ἔφοδον.
3927 4711 4034 4762 Καὶ

780 4798 1062 4865 utriusque
1122 4798 1351 4854 suﬂ’crre
1417 4801 1778 4858 invasioncm.
1832 4804 1968 4858 Cum
2029 4804 2176 4857 enim
2246 4803 2362 4871 ipse
2463 4823 2469 4836 '

2348 4817 2362 4858 ξ
2463 4805 2569 4876 γὰρ
2601 4805 2762 4867 αὐτὸς
2801 4804 3068 4868 Ἐζεκίας,
3113 4802 3281 4874 ήνίκα
3312 4798 3418 4854 εῑδε
3473 4800 3735 4872 τρόπαιον
3762 4801 3904 4854 κατὰ
3927 4801 4037 4855 τῶν

779 4888 1064 4953 Ezechias,
1099 4892 1333 4960 cognitis
1363 4892 1654 4950 Persarum
1707 4895 1977 4958 cladibus,
2013 4912 2042 4949 a
2093 4895 2358 4950 miraculo
2458 4900 2468 4952 l

2458 4897 2685 4968 Περσῶν
2720 4896 3070 4967 ἐγειρόμενον
3114 4895 3211 4947 καὶ
3253 4892 3535 4962 θαύματος
3569 4893 3818 4961 κρεῖττον
3865 4893 3910 4927 ⁸⁸
3943 4893 4037 4946 καὶ

779 4980 921 5033 haud
955 4980 1316 5049 absimilibus,
1351 4996 1404 5039 et
1445 4999 1662 5039 onmem
1698 4985 1996 5039 humanam
2044 4984 2152 5038 vim
2190 4996 2358 5055 atque
2457 5010 2468 5044 τ

2343 4998 2358 5038 3
2457 4992 2638 5062 πάσης
2685 4988 3032 5060 ἀνθρωπίνης
3086 4986 3278 5059 ῥώμης
3331 4987 3423 5039 καὶ
3467 4985 3679 5048 ἐλπίδος
3712 4985 4032 5054 ὑπέρτερον,

777 5089 927 5142 spem
996 5079 1458 5147 exsuperantibus
1513 5080 1858 5134 vehementer
1926 5077 2126 5149 gaudio
2175 5079 2354 5134 elatus
2464 5103 2466 5133 :

2345 5096 2354 5134 ι
2464 5084 2558 5136 καὶ
2608 5082 2726 5134 λίαν
2758 5080 2861 5132 ὑπὸ
2907 5081 3006 5150 τῆς
3036 5080 3214 5150 χαρᾶς
3264 5076 3594 5146 φυσιωθεὶς,
3644 5077 3737 5130 καὶ
3788 5077 4034 5148 μεῖζονή

776 5177 942 5230 esset,
971 5179 1022 5222 et
1051 5171 1220 5241 magis
1247 5187 1410 5240 quam
1446 5171 1724 5226 hominem
1755 5173 1910 5227 decet
1940 5172 2152 5226 animos
2177 5181 2360 5227 sustu-
2463 5195 2465 5204 ·

2346 5201 2360 5213 -
2463 5175 2601 5228 κατὰ
2628 5173 2915 5244 ἄνθρωπον
2940 5173 3238 5242 φρονήσας,
3269 5170 3391 5222 τὸτε
3417 5169 3500 5239 δὴ,
3534 5168 3658 5221 τότε
3682 5167 3822 5236 νόσῳ
3849 5167 4035 5238 βάλλε-

780 5258 954 5324 lisset,
1009 5265 1199 5318 morbo
1239 5265 1474 5321 afﬂictus
1509 5276 1614 5328 cst,
1653 5274 1711 5319 ut
1739 5266 1936 5320 animae
1969 5263 2087 5334 ejus
2128 5264 2364 5334 impetus
2459 5281 2469 5298 ·

2341 5279 2364 5318 3
2459 5280 2570 5328 ται,
2589 5264 2674 5316 ἵνα
2699 5263 2767 5316 τὰ
2785 5263 3135 5333 σκιρτήματα
3159 5262 3257 5330 τῆς
3280 5261 3455 5331 ψυχῆς
3479 5260 3697 5329 χαλινοῦ
3715 5259 4030 5325 ἀξιωθέντα,

781 5351 1150 5422 frenarentur,
1190 5371 1256 5412 ne
1283 5369 1472 5413 contra
1519 5358 1776 5413 decorem
1824 5357 1974 5412 illum
2013 5371 2238 5426 peccare
2277 5353 2360 5409 fa-
2465 5374 2470 5425 ι

2342 5384 2360 5396 -
2465 5355 2540 5426 μὴ
2573 5355 2677 5421 ἔξω
2719 5353 2812 5409 τοῦ
2844 5354 3051 5418 δέοντος
3101 5354 3262 5408 αὑτὸν
3312 5355 3660 5420 ἀναγκάσωσι
3715 5354 4031 5425 περιπεσεῖν

1943 5526 2148 5587 Varim
2183 5521 2487 5585 lectiones
2531 5528 2592 5582 et
2632 5526 2823 5583 noun.

2647 5667 2691 5697 "
2722 5669 3016 5737 μυστήριον
3067 5666 3388 5737 ἀπόκρυφον
3430 5664 3676 5737 git-7001‘.
3827 5667 3870 5695 ”

2709 5733 2752 5771 δ”
2789 5733 3066 5804 ἐγένετοίί
3099 5736 3218 5789 Par.
3327 5739 3364 5765 "
3428 5735 3466 5789 Il
3525 5733 3651 5804 ηδε.
3703 5752 3790 5794 u.
3829 5737 3905 5795 Π,
3951 5734 4033 5791 18.

855 5668 897 5693 ’⁸³
934 5666 1089 5720 Rom.
1127 5665 1207 5726 ll.
1238 5669 1325 5724 '53.
1440 5672 1484 5702 ³⁸
1521 5674 1534 5724 Ι
1567 5673 1691 5726 (Zur.
1723 5687 1780 5726 It.
1819 5672 1898 5725 ΙΙ.
2010 5673 2054 5704 ⁸⁸
2095 5671 2227 5724 lleh.
2287 5688 2357 5726 Iv.
2414 5670 2499 5724 l2.

1956 5743 1999 5771 "
2039 5742 2074 5794 11
2114 5742 2232 5794 l‘.tr.
2272 5760 2400 5802 ml,
2431 5744 2609 5807 5",3l.

1440 5672 1484 5702 ³⁸
1521 5674 1534 5724 Ι
1567 5673 1691 5726 (Zur.
1723 5687 1780 5735 It,
1819 5672 1898 5725 Il.

785 5739 902 5813 liii‘.
933 5737 1014 5813 ΞΟΔ
1041 5737 1171 5813 191),
1198 5738 1298 5791 l7?
1349 5743 1388 5794 11
1427 5741 1553 5813 Heg.
1624 5759 1709 5799 vv.
1765 5745 1846 5796 12.

782 5809 822 5836 "
858 5809 1175 5875 ηλαίττονῖ
