4278 6446
241 402 350 463 εδει

242 514 560 568 ἐδούλευσεν
590 509 791 571 αὐτοῖς,
829 527 845 557 ι

246 604 473 674 μύθους,
509 600 604 653 καὶ
635 600 881 668 γνὼστας
930 598 1231 667 ἐπλήθυνεν
1265 599 1357 647 καὶ
1385 592 1814 662 ὲκληῑονίζετοη

244 695 509 764 στρατιὰν
577 692 678 760 μὲν
713 691 860 758 λέγει
891 690 987 743 τοῦ
1025 686 1251 758 οὐρανοῦ
1303 685 1393 737 τὸν
1422 684 1569 753 ἥλιον
1601 684 1696 737 και
1724 682 1822 749 τὴν

245 788 476 856 σελήνην
508 787 603 837 καὶ
631 786 760 846 τοὺς
794 781 1052 851 ἀστέρας,
1103 778 1461 849 κληδονισμὸν
1493 777 1551 831 δὲ
1585 777 1683 838 τὰς
1732 774 1821 828 διὰ

242 881 352 932 τῶν
404 878 578 944 λόγων
613 874 1047 947 παρατηρήσεις,
1084 868 1489 940 γαστριμυθίαν
1518 868 1573 920 δὲ
1607 867 1705 928 τὰς
1733 866 1821 918 διὰ

244 976 345 1040 τῆς
398 969 632 1039 γαστρὸς
670 967 1118 1037 ψευδομαντείας,
1166 964 1457 1031 οἰωνισμὸν
1490 963 1546 1014 δὲ
1583 960 1679 1021 τὰς
1733 960 1819 1011 διὰ

243 1060 355 1111 τῶν
384 1058 600 1128 πτηνῶν
622 1058 995 1126 περιεργείας,
1029 1052 1275 1122 γνώστας
1302 1054 1358 1105 δὲ
1380 1053 1503 1112 τοὺς
1524 1051 1589 1102 δι’
1613 1051 1820 1118 ἥπατος

244 1152 276 1218 ἢ
343 1150 514 1211 ἄλλως
558 1150 672 1211 πῶς
729 1144 1166 1218 μαντευομένους
1225 1146 1320 1196 καὶ
1376 1141 1821 1212 προφητεύοντας

244 1243 559 1309 δαιμονίως,
588 1242 717 1312 περὶ
751 1236 824 1294 ὦν
856 1237 1008 1291 εἶπεν
1042 1238 1069 1290 ό
1119 1238 1250 1301 Θεὸς
1286 1237 1424 1308 πρὸς
1451 1236 1722 1305 Ἰερεμίαν
1739 1234 1781 1264 ³³
1802 1249 1816 1264 ⁸

250 1354 267 1384 ι
317 1334 567 1401 Ὀράσεις
594 1332 831 1401 ψευδεῖς,
865 1332 957 1383 καὶ
991 1331 1273 1400 μαντείας,
1333 1328 1427 1381 κα)⁸
1462 1327 1817 1395 οἰωνίσματα,

244 1423 342 1475 καὶ
378 1424 726 1491 προαιρέσεις
773 1421 999 1490 καρδίας
1046 1420 1225 1472 αύτῶν
1255 1419 1386 1489 (45⁸)
1416 1419 1574 1471 αὐτοὶ
1605 1434 1820 1486 προφη-

240 1512 517 1564 τεύουσιν.
552 1531 567 1561 ι
608 1512 651 1541 ’³
685 1510 759 1578 (7)
804 1528 821 1560 ι
864 1511 984 1562 Τῶν
1017 1509 1125 1579 γὰρ
1159 1509 1530 1581 προφητειῶν.
1557 1509 1630 1570 ὥς
1656 1523 1820 1575 φησιν

241 1606 270 1655 ὁ
301 1603 474 1670 μέγας
501 1603 909 1673 Χρυσόστομος,
943 1605 976 1672 ἡ
1023 1606 1124 1670 μέν
1151 1605 1268 1653 ἐστι
1300 1600 1671 1667 πνευματικὴ,
1704 1601 1734 1668 ἡ
1765 1600 1819 1653 δὲ

241 1692 558 1761 διαϐολική·
603 1694 855 1761 λέγονται
910 1693 1017 1762 γὰρ
1053 1693 1181 1761 παρ’
1235 1692 1467 1754 ἐκείνοις
1512 1691 1821 1760 ὁμωνύμως

244 1788 595 1853 προφητεῖαι·
622 1786 654 1851 ὴ
676 1785 733 1836 δὲ
756 1785 899 1851 μέση
928 1783 1159 1847 τούτων,
1182 1784 1385 1852 φυσική
1411 1783 1540 1851 τιςῆ
1570 1782 1815 1851 τεχνικὴ,

241 1878 275 1945 ή
308 1877 362 1928 δὲ
392 1879 544 1946 κοινὴ
593 1877 687 1928 καὶ
716 1874 993 1945 δημώδης.
1041 1878 1153 1945 Τῆς
1186 1877 1285 1946 μὲν
1310 1876 1403 1928 οὖν
1439 1874 1816 1944 πνευματικῆς

244 1961 678 2035 προηγουμένως
716 1968 812 2035 μὲν
861 1969 973 2029 τοῖς
1008 1967 1184 2034 ἁγίοις
1215 1968 1487 2035 μέτεστιν,
1521 1965 1588 2019 δι’
1614 1968 1815 2018 οἰκονο-

247 2058 380 2126 μίας
407 2058 464 2111 δὲ
510 2060 619 2120 τοῖς
660 2060 734 2127 μὴ
768 2058 1029 2122 τοιούτοις
1084 2058 1156 2121 ὡς
1199 2059 1277 2128 τῷ
1312 2056 1531 2127 Φαραὼ,
1578 2060 1671 2111 καὶ
1712 2058 1815 2110 Βα-

244 2148 414 2213 λαὰμ,
471 2150 565 2201 καὶ
604 2148 1116 2221 Ναϐουχοδονόσωρ,
1170 2152 1259 2205 καὶ
1323 2153 1567 2219 Καῖάφα,
1621 2150 1722 2220 τῆς
1761 2152 1817 2204 δὲ

242 2240 556 2309 διαϐολικῆς
584 2244 695 2306 τοῖς
725 2243 918 2295 τούτου
977 2244 1136 2313 μόνον
1197 2243 1561 2314 Οεραπευταίς
1591 2261 1602 2273 ·
1652 2243 1817 2296 αὑτοῦ

243 2333 353 2403 γὰρ
382 2334 428 2385 οἱ
460 2334 885 2403 ἁλευρομὰντεις
919 2336 1012 2387 καὶ
1050 2335 1461 2406 κριοομάντεις,
1497 2337 1589 2388 καὶ
1646 2337 1677 2403 ἡ
1733 2334 1820 2386 διὰ

243 2425 355 2476 τῶν
389 2424 609 2496 μωρίων
651 2427 716 2478 τὰ
753 2426 869 2478 Θεῖα
907 2427 1282 2496 μαντευομένη
1323 2426 1515 2490 Πυθία,
1542 2428 1635 2479 καὶ
1670 2428 1701 2495 ἡ
1735 2426 1820 2478 διὰ

244 2518 430 2585 δρυὸς,
468 2519 559 2569 καὶ
596 2520 627 2586 ἡ
663 2518 908 2587 Δοδώνης
942 2521 1136 2588 ἱέρεια·
1173 2521 1266 2572 καὶ
1318 2520 1501 2588 μέντοι
1530 2520 1624 2572 καὶ
1665 2522 1696 2588 ἠ
1734 2519 1822 2572 διὰ

247 2610 574 2680 σπλάγχνων
604 2614 696 2664 καὶ
730 2615 986 2681 πτήσεων
1016 2613 1222 2680 ὀρνέων
1250 2614 1344 2665 καὶ
1379 2614 1653 2679 κλαγγῶν,
1686 2630 1820 2681 συμ-

246 2703 421 2754 ϐόλων
454 2721 510 2755 τε
537 2704 630 2755 καὶ
668 2705 954 2774 πταρμῶν,
980 2704 1249 2772 κληδόνων
1276 2704 1367 2756 καὶ
1396 2704 1644 2772 βροντῆς,
1673 2704 1823 2771 μυῶν

246 2810 304 2844 τε
348 2795 441 2845 καὶ
474 2795 663 2863 γαλῆς,
701 2797 792 2846 καὶ
827 2795 1070 2864 τρισμῶν
1104 2794 1287 2857 ξύλου,
1332 2796 1425 2846 καὶ
1457 2793 1611 2846 ὢτων
1665 2795 1822 2863 ῆχου,

250 2886 345 2935 καὶ
381 2885 607 2953 παλμῶν
634 2887 908 2954 σώματος,
940 2886 1032 2936 καὶ
1071 2886 1140 2937 δι’
1166 2885 1433 2952 ὀνόματος
1463 2887 1691 2954 νεκρῶν,
1731 2887 1824 2939 καὶ

253 2977 466 3045 μυρίων
503 2982 776 3030 τοιούτων·
836 2981 867 3046 ἡ
907 2979 1015 3047 γὰρ
1046 2978 1112 3031 δι’
1147 2978 1374 3047 ὀνείρων
1403 2978 1497 3029 καὶ
1529 2980 1659 3042 παρ’
1695 2980 1824 3046 ἡμῖν

248 3066 340 3118 διὰ
374 3068 607 3134 κατοχῆς
646 3068 803 3137 170
839 3069 936 3137 μὲν
978 3069 1071 3121 καὶ
1105 3069 1265 3132 αὑτὴ,
1328 3070 1357 3135 ἡ
1407 3070 1463 3121 δὲ
1515 3070 1826 3138 πρόγνωσις

252 3159 459 3221 αὐτοῖς,
492 3160 549 3210 ού
585 3159 652 3210 δι’
675 3161 879 3229 ἀρετῆς
910 3161 984 3222 ὡς
1014 3163 1171 3230 ἡμῖν,
1225 3160 1361 3214 ἀλλὰ
1393 3161 1480 3214 διά
1532 3180 1674 3222 τινος
1724 3180 1821 3213 και
1854 3190 1897 3246 c

252 3249 558 3318 κοτεχνίςις·
601 3252 695 3301 καὶ
726 3253 752 3302 ὁ
787 3253 886 3319 μὲν
938 3252 1067 3312 Θεὸς
1126 3252 1407 3322 προλέγων
1452 3252 1548 3305 καὶ
1601 3252 1752 3305 λύσιν
1780 3254 1824 3286 ⁵⁵

254 3339 591 3402 ὑποτίθεται,
636 3342 727 3391 καὶ
777 3340 837 3392 τὸ
880 3342 1055 3410 πέρας
1109 3342 1252 3412 μετὰ
1310 3342 1493 3410 πάσης
1540 3343 1827 3413 ἀκριϐείας

253 3432 484 3496 γένεται·
523 3432 722 3484 ἐκεῖνοι
759 3431 814 3483 δὲ
848 3433 991 3485 κατὰ
1028 3431 1378 3503 συμϐεϐηκὸς
1419 3434 1477 3486 ἔν
1513 3452 1655 3488 τισιν
1690 3437 1825 3506 ἀλη-

254 3521 571 3585 θεύσανιες,
606 3525 662 3575 ἐν
696 3526 805 3586 τοίς
833 3525 1046 3577 πλείοσι
1070 3526 1393 3596 διήμαρτον.
1453 3527 1563 3579 Καὶ
1602 3528 1827 3597 τοιαύτη

258 3610 359 3678 μὲν
384 3610 419 3679 ἡ
452 3627 507 3663 τε
542 3610 659 3663 θεία
693 3613 791 3664 καὶ
828 3610 1109 3681 διαϐολικη
1158 3615 1485 3681 προφητεία.
1520 3614 1729 3683 Φυσικὴ
1772 3613 1828 3665 δὲ

254 3702 290 3769 ἡ
321 3701 431 3752 τῶν
459 3702 688 3770 ἀλόγων
719 3703 984 3772 χελιδόνες
1030 3704 1136 3774 γὰρ
1174 3706 1266 3757 καὶ
1297 3707 1516 3773 γερανοὶ
1551 3706 1646 3758 καὶ
1690 3708 1829 3777 μύρ-

259 3806 437 3859 μηκες
470 3792 714 3854 ἑπίοντος
742 3792 1007 3861 χειμῶνος
1037 3792 1411 3859 αίσθάνονται,
1443 3794 1611 3863 ἔχινοί
1650 3812 1708 3846 τε
1738 3795 1831 3847 καὶ

257 3881 539 3944 ἁλκύονες,
569 3882 725 3950 φύσει
784 3885 943 3937 τοῦτο
990 3886 1349 3955 κτησάμενοι.
1390 3885 1454 3936 Ἦ
1507 3886 1564 3937 δὲ
1607 3886 1829 3957 τεχνικὴ

257 3974 572 4042 προφητεία
611 3976 764 4044 παρὰ
794 3977 999 4044 ίατροῖς
1027 3978 1119 4029 καὶ
1165 3976 1454 4044 συμϐόλοις
1495 3978 1587 4029 καὶ
1633 3978 1830 4048 κυϐερ-

256 4066 467 4133 νήταις·
499 4068 545 4117 οἱ
585 4066 684 4135 μὲν
715 4068 823 4137 γὰρ
855 4067 1202 4137 ἀῤῥωστείας
1233 4070 1326 4121 καὶ
1365 4069 1466 4133 τὰς
1499 4070 1679 4133 λύσεις
1709 4071 1829 4123 τούο

256 4172 367 4207 των
395 4155 773 4222 προλέγουσιν·
809 4160 858 4209 ol
889 4157 944 4209 δὲ
976 4158 1304 4227 πνευμάτων
1344 4160 1670 4228 μεταϐολὴν,
1694 4162 1742 4211 οἱ
1773 4160 1830 4212 δὲ

258 4245 353 4297 τοῦ
398 4247 684 4315 μέλλοντος
703 4249 953 4301 συνέπειν
976 4251 1020 4281 ⁸⁸
1048 4252 1546 4321 καταστοχάζοντες
1573 4254 1638 4307 ⁸⁷.
1683 4252 1745 4305 Ἡ
1776 4252 1831 4305 δὲ

259 4338 416 4406 κοινὴ
457 4340 550 4391 καὶ
583 4340 835 4410 δημώδης
870 4342 962 4394 τοῦ
1004 4341 1289 4411 μέλλοντος
1343 4345 1563 4411 γνῶσις,
1598 4341 1708 4398 οἷον
1750 4348 1830 4399 ὅτι

264 4433 405 4498 μετὰ
438 4432 609 4499 μῆνας
640 4439 688 4499 γ’
721 4434 747 4485 ό
773 4433 978 4501 χειμὼν
1011 4435 1241 4499 γίνεται’
1274 4438 1475 4499 πάντες
1508 4438 1614 4507 γὰρ
1650 4438 1830 4508 ἔχουσι

1443 384 1901 448 CllllONlt'ION.
1948 409 2010 415 *-
2060 384 2195 441 illi.
2246 382 2323 439 ll.

885 537 947 544 -—
978 507 1021 536 “
1061 522 1077 555 ι
1121 505 1213 557 καί
1240 503 1495 571 ἐποίησεν
1531 504 1817 569 ἐγγαστρι-
1852 502 1892 552 Α
1928 495 2347 562 vestigatinnes;
2389 492 2566 542 iurant

1803 528 1817 536 -
1852 502 1892 552 Α
1928 495 2347 562 vestigatinnes;
2389 492 2787 552 inrautalorcs,
2826 503 2917 539 cos
2956 488 3046 557 qui
3099 502 3191 556 per
3229 488 3492 541 visi-etum

3384 380 3494 440 290

1926 588 2319 655 inspectionem
2352 590 2445 636 aut
2478 582 2582 635 alio
2634 582 2809 635 medio
2857 581 3171 649 prophetaul
3207 589 3262 635 et
3305 582 3492 633 diabo-

1926 679 2023 733 lice
2059 678 2391 731 ominantur.
2423 674 2495 727 De
2522 673 2721 743 quibus
2754 674 2891 727 Deus
2927 672 2991 725 ad
3024 670 3312 727 Jeremiam
3353 674 3428 727 ait
3475 693 3485 726 :

1929 790 1949 822 ε
1991 770 2266 825 Visionem
2309 769 2629 822 mendacem
2667 777 2721 821 et
2756 766 3144 819 divinationem
3177 775 3227 819 et
3264 767 3491 820 fraudu-

1924 864 2143 916 lentiam
2192 870 2245 913 et
2292 860 2657 913 seductionem
2694 860 2874 913 cordis
2919 861 2999 912 sui
3037 860 3361 928 prophetam
3400 877 3491 911 vu-

1924 956 2027 1010 bis.
2064 974 2080 1004 ι
2115 953 2413 1020 Prophelize
2443 953 2623 1017 enim,
2657 963 2717 1005 ut
2766 951 2894 1005 dicit
2951 966 3177 1019 magnus
3211 951 3492 1019 Chrysos-

1927 1058 2106 1102 tomus
2138 1048 2330 1116 duplex
2362 1060 2532 1116 genus
2551 1054 2674 1108 est;
2724 1060 2890 1097 unum
2926 1044 3168 1097 divinum
3199 1084 3213 1106 ,
3266 1044 3491 1097 alterum

1923 1140 2297 1201 diabolicum;
2350 1137 2538 1191 eodem
2587 1146 2766 1189 autem
2806 1137 3021 1188 nomine
3068 1135 3137 1187 ah
3187 1135 3490 1187 hominibus

1924 1241 2207 1284 vocantur.
2238 1230 2331 1283 Est
2358 1240 2537 1283 autem
2568 1238 2618 1282 et
2652 1228 2806 1282 tertia
2848 1228 3123 1296 pl‘OllllClin
3158 1242 3277 1295 qua:
3310 1236 3391 1281 est
3423 1227 3493 1278 in-

1927 1333 2005 1377 ter
2041 1324 2177 1377 duos
2204 1324 2378 1376 media
2407 1333 2459 1375 et
2491 1332 2573 1375 est
2598 1338 2626 1375 a
2655 1332 2848 1374 natura
2890 1321 2972 1372 vel
3009 1322 3075 1371 ab
3106 1330 3220 1373 arte
3254 1330 3305 1374 et
3341 1336 3493 1373 com-

1926 1416 2106 1470 munis
2164 1426 2247 1470 est
2292 1415 2617 1468 hominihus.
2668 1412 2913 1464 Divinum
2962 1412 3255 1481 prophetia:
3327 1429 3494 1477 gemis

1924 1510 2127 1565 sanctis
2162 1508 2460 1577 praesertim
2506 1506 2695 1569 datur,
2733 1512 2787 1557 et
2816 1505 3155 1557 ordinatione
3186 1504 3365 1558 divina
3400 1507 3496 1557 ali-

1923 1602 2140 1671 quando
2177 1600 2307 1653 viris
2355 1615 2461 1653 non
2512 1599 2737 1660 sanctis.
2778 1609 2835 1652 ut
2892 1596 3183 1659 Pharaoni,
3236 1597 3491 1657 Balaam.

1923 1690 2430 1745 Nabuchodonosor
2460 1698 2514 1742 et
2557 1687 2812 1755 Caiphae;
2848 1689 3173 1742 diabolicum
3216 1701 3397 1742 autem
3433 1690 3497 1742 iis

1926 1785 2057 1839 solis
2084 1784 2175 1852 qui
2211 1783 2333 1836 huic
2374 1782 2477 1835 arti
2531 1781 2777 1835 nefandae
2813 1788 2939 1834 sunt
2983 1780 3169 1834 dediti.
3204 1780 3339 1834 lluic
3370 1797 3497 1833 νυνι»

1926 1874 2025 1927 arti
2055 1872 2271 1927 student
2301 1882 2353 1925 et
2388 1880 2558 1933 vates,
2593 1880 2647 1924 et
2671 1886 2926 1939 augures,
2960 1881 3012 1926 et
3038 1886 3134 1941 per
3164 1874 3373 1942 plantas
3410 1874 3496 1927 di-

1925 1966 2049 2018 vina
2100 1963 2427 2033 portendens
2456 1962 2665 2034 Pythia.
2713 1972 2765 2017 et
2804 1979 2899 2033 per
2945 1979 3204 2034 quercum
3254 1964 3496 2020 Dodonia

1926 2057 2195 2112 sacerdos.
2229 2054 2319 2110 llla
2348 2055 2507 2110 etiam
2541 2066 2623 2109 est
2645 2057 2908 2111 diabolica
2951 2059 3231 2129 prophetia
3265 2075 3385 2130 qua:
3422 2060 3500 2112 vi-

1927 2149 2174 2203 sceribus
2204 2148 2485 2216 auspiciis,
2512 2148 2795 2217 symbolis.
2828 2151 3338 2217 sternutationibus,
3368 2169 3503 2222 pra:-

1928 2238 2074 2307 sagis
2112 2237 2458 2299 clamoribus,
2498 2237 2793 2290 tonitruum
2829 2238 3153 2307 fragoribus,
3214 2242 3498 2302 musculi,

1931 2328 2194 2392 mustelis,
2223 2330 2397 2381 acutis
2424 2327 2550 2397 ligni
2585 2329 2757 2392 sonis,
2803 2330 3018 2383 aurium
3054 2332 3273 2393 tinnitu,
3304 2348 3499 2402 corpu-

1930 2421 2003 2474 ris
2032 2419 2270 2482 fremitu,
2303 2430 2643 2473 mortuorum
2672 2422 3007 2483 evocatione,
3037 2425 3330 2491 multisque
3354 2425 3501 2494 ejus-

1931 2512 2075 2565 modi
2116 2513 2325 2565 artibus
2378 2514 2567 2565 utitur.
2615 2511 2871 2580 Ejusdem
2926 2523 3136 2566 natura:
3184 2525 3311 2568 sunt
3348 2516 3502 2569 nobis

1930 2618 2145 2672 quoque
2185 2604 2523 2657 somniorum
2564 2602 3073 2672 interpretationes;
3117 2606 3374 2673 praesagia
3408 2622 3504 2659 au-

1932 2706 2036 2748 tem
2080 2697 2145 2749 ab
2190 2697 2256 2749 iis
2287 2711 2394 2747 non
2438 2697 2582 2749 sicut
2620 2697 2757 2764 apud
2801 2713 2899 2749 nos
2945 2713 3011 2751 ex
3071 2698 3292 2761 virtute,
3348 2701 3439 2753 sed
3476 2718 3504 2749 ιι

1934 2788 2205 2841 maleficio
2262 2788 2447 2856 aliquo
2508 2787 2875 2843 deducuntur.
2947 2789 3085 2844 Deus
3147 2793 3363 2859 quando
3422 2794 3504 2845 fu-

1935 2889 2051 2931 tura
2113 2880 2432 2945 denuntiat,
2475 2881 2798 2934 solutionem
2865 2882 3146 2949 promittit,
3186 2899 3375 2951 resque
3410 2886 3503 2938 de-

1936 2972 2185 3024 nuntiata
2247 2972 2480 3023 maxima
2528 2986 2649 3023 cum
2696 2970 2973 3040 diligentia
3030 2972 3140 3025 fieri
3200 2976 3355 3027 solet.
3409 2973 3501 3028 Isti

1936 3076 2061 3114 vero
2090 3062 2332 3113 homines
2364 3062 2656 3129 aliquando
2690 3062 2912 3115 fortuito
2942 3065 3220 3117 veritatem
3250 3081 3503 3134 praenun-

1936 3155 2090 3215 tiant,
2131 3155 2328 3221 saepius
2359 3164 2537 3207 autem
2573 3154 2934 3208 mendacium.
2974 3154 3049 3207 Ea
3089 3166 3172 3209 est
3202 3158 3384 3211 divina
3418 3169 3502 3211 at-

1933 3262 2038 3315 que
2096 3247 2363 3299 diabolica
2427 3247 2733 3315 prophetia.
2785 3247 3061 3303 Naturalis
3116 3251 3390 3319 prophetia
3436 3253 3501 3303 ad

1934 3338 2189 3392 animalia
2252 3339 2462 3392 ratione
2519 3340 2761 3392 carentia
2828 3342 3076 3409 pertinet.
3133 3340 3502 3400 llirundines.

1933 3446 2093 3501 grues
2123 3441 2177 3486 et
2204 3430 2441 3486 formica:
2476 3433 2861 3501 praesentiunt,
2897 3428 3101 3501 pariter
3141 3443 3195 3487 et
3233 3435 3412 3489 echini
3453 3447 3508 3490 et

1932 3524 2185 3593 alcyones
2219 3524 2451 3592 quadam
2507 3532 2643 3587 arte,
2694 3524 2891 3592 peritia
2935 3524 3003 3578 ab
3052 3524 3166 3594 ipsa
3203 3535 3393 3579 natura
3437 3528 3505 3581 iis

1934 3614 2120 3667 insita.
2155 3614 2446 3681 Prophetia
2480 3628 2609 3667 vero
2635 3629 2757 3682 quae
2785 3614 2854 3667 ab
2880 3623 2995 3668 arte
3025 3615 3081 3667 ﬁt
3132 3616 3195 3669 ad
3240 3618 3502 3679 medicos.

1933 3704 2100 3758 duces
2132 3713 2185 3759 et
2216 3705 2604 3773 gubernatores
2628 3704 2891 3773 pertinet;
2917 3720 3151 3775 quorum
3184 3706 3275 3761 alii
3302 3708 3506 3762 invale-

1936 3794 2155 3849 tudines
2231 3806 2540 3863 mortesque
2619 3798 3019 3865 praenuntiant.
3077 3800 3164 3851 alii
3220 3810 3504 3855 ventorum

1936 3887 2286 3951 mutationes,
2323 3887 2413 3941 alii
2449 3886 2617 3941 futuri
2645 3890 3094 3955 consequentiam
3121 3891 3505 3948 vaticinautur.

1934 3980 2251 4035 Communis
2297 3990 2477 4035 autem
2516 3995 2581 4035 ac
2629 3981 2863 4049 vulgaris
2910 3980 3076 4036 futuri
3133 3972 3507 4038 scicntia'haec

1932 4081 2033 4134 est,
2062 4074 2209 4124 verbi
2233 4072 2424 4140 gratia,
2455 4072 2627 4127 tribus
2646 4072 2925 4127 mensibus
2949 4074 3151 4143 elapsis
3184 4074 3358 4127 hiems
3390 4076 3505 4129 fieri

1936 4164 2098 4228 solet;
2138 4179 2326 4217 omnes
2359 4165 2502 4218 enim
2538 4180 2658 4235 qua:
2698 4173 2901 4219 statuto
2948 4177 3189 4233 tempore
3223 4169 3503 4229 eveniunt,

1937 4255 2305 4323 speculantur,
2358 4255 2486 4323 quid
2535 4257 2733 4309 mirum
2784 4257 2828 4311 si
2888 4258 2990 4326 ipsi
3034 4258 3305 4312 daemones
3360 4275 3503 4329 przr-

1939 4348 2219 4401 scientiam
2278 4350 2508 4401 habeant
2560 4364 2722 4416 quam
2770 4358 2824 4402 et
2888 4348 3129 4403 formica:
3183 4353 3508 4420 possident?

1940 4437 2096 4490 Pcl‘lli
2140 4439 2384 4492 homines
2422 4439 2600 4492 futura
2637 4440 3024 4502 vaticinantur,
3058 4440 3149 4492 sed
3183 4443 3366 4494 omnia
3399 4458 3506 4495 non

260 4525 361 4586 τὰς
398 4523 659 4591 περιόδων
697 4524 1089 4592 προτηρήσεις·
1114 4523 1264 4575 οὐδὲν
1294 4524 1421 4593 γὰρ,
1475 4527 1524 4576 εί
1574 4526 1669 4577 καὶ
1709 4527 1826 4577 δαί-
1862 4520 1905 4573 D
1938 4544 1949 4579 ι

1817 4557 1826 4567 -
1862 4520 1905 4573 Ι)
1938 4527 2163 4580 omnino
2192 4537 2341 4579 certo
2375 4537 2658 4582 noverunt.
2713 4527 2968 4581 Diabolus
3018 4529 3083 4581 de
3127 4530 3343 4583 homine
3382 4546 3506 4599 pro-

266 4633 429 4687 μονες
482 4617 788 4684 πρόγνωσιν
821 4616 993 4685 ἔχοιεν
1024 4616 1071 4648 ’⁸
1099 4617 1231 4669 ὅπου
1282 4634 1343 4685 γε
1398 4618 1490 4668 καὶ
1542 4620 1833 4688 μύρμηκες

264 4708 449 4773 ἔχουσι
484 4725 494 4736 ·
531 4707 625 4758 καὶ
670 4706 834 4758 δεινοὶ
886 4706 1162 4776 ἄνθρωποι
1205 4706 1296 4759 τοῦ
1346 4708 1628 4776 μέλλοντος
1662 4727 1833 4762 κατα-

268 4798 563 4865 στοχασταί
596 4798 750 4862 εἰσιν,
786 4798 901 4850 ἀλλ’
925 4798 1023 4868 οὐχ
1046 4799 1119 4861 ὡς
1150 4799 1369 4861 πάντως
1407 4801 1584 4854 πάντα
1615 4801 1832 4866 είδέναι,

267 4889 392 4941 ἐπεὶ
425 4889 517 4940 καὶ
566 4888 595 4939 δ
641 4887 888 4950 διάϐολος
922 4890 1333 4959 προεφήτευσεν
1380 4888 1549 4941 εἰπών
1575 4891 1638 4923 η’
1681 4910 1697 4941 ι
1729 4891 1835 4944 Τοῦ

268 4979 557 5045 γινώσκειν
612 4979 774 5032 καλὸν
820 4983 915 5033 καὶ
966 4982 1222 5051 πονηρὸν,
1269 5000 1286 5032 ι
1317 4980 1411 5034 καὶ
1462 4979 1699 5049 ἐγένετο.
1730 4983 1837 5035 Καὶ

264 5074 431 5127 πάλιν
457 5077 485 5127 δ
517 5074 746 5144 Βαλαὰμ
770 5076 1051 5146 προεῖπεν,
1078 5076 1161 5127 ὅτι
1192 5075 1208 5105 ⁸
1240 5074 1475 5144 [Ιὸρνους
1497 5075 1714 5143 στῆσον,
1743 5075 1838 5128 καὶ

1937 4621 2175 4690 phelavit
2206 4621 2391 4674 dicens
2434 4638 2447 4672 :
2486 4637 2502 4669 ι
2541 4620 2833 4673 Scientiam
2871 4622 2995 4674 boni
3036 4630 3089 4674 et
3126 4623 3247 4675 mali
3292 4642 3307 4671 ι
3344 4624 3505 4676 habe-

1938 4713 2034 4776 bit,
2068 4723 2114 4764 et
2160 4710 2359 4765 factum
2393 4720 2475 4765 est
2518 4712 2613 4765 ita.
2645 4711 2839 4763 lterum
2892 4711 3108 4766 Balaam
3154 4715 3392 4781 praedixit
3450 4730 3508 4769 se

1938 4806 2108 4860 malos
2138 4806 2535 4859 concitaturum
2568 4820 2597 4858 a
2632 4804 2829 4873 quibus
2850 4803 3147 4859 Jerusalem
3179 4816 3507 4873 vastaretur,

1940 4904 1992 4951 et
2029 4897 2226 4951 factum
2261 4906 2345 4949 est
2385 4896 2480 4949 ita.
2510 4896 2633 4949 Inde
2665 4896 2976 4963 conjectura
3010 4898 3275 4951 naturalis
3318 4899 3509 4951 melior

1943 4995 2026 5041 est
2059 4987 2147 5039 tali
2200 4986 2500 5055 prophetia,
2542 4985 2645 5039 illa:
2696 4996 2871 5041 tamen
2909 4989 3202 5057 prophetia:
3252 4989 3382 5041 nihil
3427 4989 3511 5041 in-

1945 5076 2204 5129 credibile
2244 5076 2459 5129 habent.

266 5172 659 5240 προδοοήσεται
707 5173 772 5226 δι’
803 5172 980 5226 αὐτῶν
1018 5171 1371 5242 Ἰερουσαλὴμ
1395 5174 1437 5234 ³,
1488 5172 1583 5224 καὶ
1634 5173 1847 5240 ἐγένετο
1898 5173 2092 5239 οὕτως,
2137 5175 2273 5243 ὅπερ
2310 5174 2615 5245 στοχασμός
2672 5175 2787 5228 ἐστι
2837 5174 3035 5244 μᾶλλον
3088 5175 3122 5246 ἢ
3172 5174 3511 5246 πρόῤῥησις·

267 5268 362 5317 καὶ
391 5266 544 5319 οὖδέν
572 5266 877 5335 παράδοξον
896 5264 1220 5318 αἱτοιαῦται
1246 5267 1573 5337 προφητεῖαι
1596 5267 1829 5335 ἔχουσιν.

1414 5452 1610 5514 Variae
1654 5454 1962 5517 lectiones
1992 5460 2052 5517 et
2093 5459 2279 5515 notua.

342 5630 391 5661 ⁹¹
417 5627 458 5681 ll
493 5627 613 5682 Par.
644 5642 831 5694 nam,
861 5627 912 5681 6.
991 5628 1035 5659 ’³
1061 5627 1169 5682 Jcr.
1202 5643 1310 5685 xw.
1344 5628 1426 5683 Ν.

273 5701 354 5753 δτι
381 5697 428 5751 α’
457 5699 553 5767 μὲν
580 5694 714 5761 εἶδος
739 5700 1071 5767 προφητείας
1103 5700 1161 5752 τὸ
1192 5701 1385 5760 εἰπεῖν,

272 5771 321 5799 ’⁸
347 5769 556 5821 συνέσει
585 5769 705 5823 eod.

1440 5696 1451 5716 .
1492 5629 1548 5721 ἐξ
1577 5645 1650 5721 1'."
1679 5630 1812 5721 ,ιιι
1845 5630 1887 5684 Α
1922 5628 3510 5721 "961359339563.siit.aestiuis?:‘e‘txsrsrréw

778 5700 1071 5798 ροφητείας
1103 5700 1161 5752 τὸ
1192 5701 1385 5760 εἰπεῖν,
1407 5698 1451 5768 β’
1488 5700 1543 5751 δὲ
1576 5700 1631 5751 τὸ
1674 5700 1743 5751 δι’
1790 5700 1975 5770 ἔργου,
2007 5701 2057 5768 γ’
2095 5698 2155 5753 τὸ
2195 5698 2261 5753 δι’
2288 5699 2447 5770 ἔργον
2478 5701 2569 5752 καὶ
2592 5698 2792 5768 λόγουῖ
2870 5701 2913 5732 ’⁸
2941 5702 3036 5754 καὶ⁵
3058 5698 3174 5826 ’την
3206 5698 3359 5753 λύσιν
3385 5706 3508 5758 cod.

855 5767 1390 5839 xasaszodeovmv?
1464 5769 1508 5800 ⁸⁸
1532 5769 1675 5839 ἔχειν
1711 5775 1904 5825 codex.
1978 5774 2022 5803 θ’
2064 5770 2197 5824 Gen.
2236 5787 2318 5834 tu,
2349 5773 2399 5824 5.
2482 5768 2845 5839 ‘rNumew,
2876 5769 2984 5824 ‘24?
3058 5776 3075 5805 ⁸
3152 5772 3323 5839 σραήλ
3347 5772 3508 5839 (Mar-

1978 5774 2022 5803 θ’
2064 5770 2197 5824 Gen.
2236 5768 2399 5834 tu,‘5.
2482 5772 2496 5800 ‘
2530 5768 2845 5832 Num.xxnv,
2876 5769 2984 5824 ‘24?
3058 5776 3075 5805 ⁸

3190 5772 3323 5842 ραήλ
3347 5772 3511 5841 (Mar-

276 5838 517 5906 ginalis.l
553 5843 590 5891 Α
617 5839 853 5893 secunda
879 5854 1039 5893 manu
1084 5840 1336 5907 leguntur
1363 5853 1517 5894 erasa
1550 5838 1793 5908 quaedam
1816 5842 1873 5895 ἑν
1917 5842 1965 5893 τί

1225 5847 1336 5894 tlur
1363 5853 1517 5894 erasa
1550 5838 1793 5908 quaedam
1816 5842 1873 5895 ἑν
1917 5841 1994 5911 τῷ
2047 5842 2440 5907 ἀναγινώσκειν
2472 5838 2525 5891 τί
2549 5841 2713 5895 αὑτὸν
2750 5841 2914 5893 εἰσϐ..
