4278 6446
219 376 327 438 329

1395 372 1856 432 CHRONICON.
1895 395 1964 411 -
2002 373 2147 436 LIB.
2196 375 2275 435 II.

3358 380 3464 443 330

223 498 302 565 μὴ
335 493 595 563 πολεμεῖν
620 493 678 547 τὸ
723 493 871 556 ἔθνος
918 493 1026 544 τῶν
1068 490 1334 560 Ἐϐραίων
1377 489 1465 542 διὰ
1495 491 1556 542 τὸ
1586 491 1793 559 ὑπερα-
1823 492 1912 555 ΑΙ

1775 519 1793 533 -
1823 494 1874 555 Α
1898 492 2114 547 bantur.
2147 491 2223 547 De
2253 505 2363 561 quo
2395 491 2568 547 iratus
2596 492 2967 563 Holophernes
2996 495 3147 550 illum
3185 496 3239 551 in
3277 497 3464 553 urbem

217 587 444 649 σπίζειν
473 586 651 639 αὐτῶν
685 585 779 638 τὸν
800 584 963 637 Θεόν.
984 583 1101 636 ’Καὶ
1118 581 1393 653 ὀργισθεὶς
1416 583 1443 633 ό
1475 582 1796 649 Ὀλοφέρνης

222 677 551 731 ἀπέστειλεν
580 677 741 729 αὑτὸν
771 678 826 728 ὲν
852 678 916 745 τῇ
941 675 1091 725 πόλει
1120 672 1418 741 ἀπειλήσας
1482 674 1724 739 ἀναιρεῖν
1752 673 1797 703 ⁵⁸

222 769 389 821 αὐτὸν
426 771 473 819 εί
512 768 716 835 ταύτης
749 766 1111 835 περιγένοιτο.
1158 765 1318 815 Κα“ιὸ
1358 763 1456 831 μὲν
1500 761 1700 832 Ἀχιὼρ
1730 760 1798 832 ἦν

218 862 281 911 ὲν
306 864 373 928 τῇ
431 860 578 911 πόλει
634 857 928 926 Βετιλούᾳ’
966 859 993 908 ὁ
1019 857 1075 909 δὲ
1121 854 1443 923 Ὀλοφέρνης
1488 854 1797 923 ἐπολιόρκει

221 951 323 1016 την
373 950 556 1012 πόλιν,
592 946 1024 1016 προκαταλαϐὼν
1075 944 1142 996 τὰ
1184 942 1370 996 ὕδατα.
1429 943 1535 995 Τοῦ
1586 942 1644 994 δὲ
1670 943 1798 995 λαοῦ

225 1037 546 1097 ἐκλυθέντος
582 1035 672 1088 διὰ
703 1035 763 1086 τὸ
790 1034 937 1103 δίψος
961 1037 1053 1086 καὶ
1110 1033 1390 1102 μέλλοντος
1427 1033 1674 1084 ἐκδοῦναι
1705 1033 1801 1102 τὴν

225 1130 408 1187 πόλιν,
449 1127 635 1180 Ἰουδ“ιθ
664 1126 1012 1179 ἀποϐαλοῦσα
1056 1125 1123 1176 τὰ
1167 1127 1262 1193 τῆς
1308 1124 1625 1193 χηρεύσεως
1678 1124 1802 1193 ἰμά-

226 1218 612 1270 τια--ὲπένθει
638 1219 747 1286 γὰρ
798 1217 888 1267 τὸν
921 1216 1089 1283 ἄνδρα
1125 1217 1215 1267 καὶ
1238 1214 1304 1265 δι’
1331 1214 1453 1265 ὅλου
1493 1213 1650 1281 ἔμενε
1710 1232 1805 1283 νη-

228 1306 958 1377 στεύουσα,-ὲκὸσμησεν
1026 1308 1226 1374 ἑαυτὴν
1289 1306 1363 1367 ὡς
1435 1306 1653 1376 νύμφην
1705 1308 1799 1358 καὶ

230 1402 402 1455 πολλὰ
439 1400 564 1462 τοὺς
584 1401 853 1470 ἄρχοντας
885 1399 981 1452 καὶ
1016 1397 1375 1466 ὀλιγοψύχους
1407 1398 1676 1465 ὲλέγξασα
1710 1398 1805 1451 καὶ

229 1492 604 1559 νουθετήσασα
663 1490 756 1541 καὶ
814 1489 1234 1556 παραγγείλασα
1281 1490 1356 1558 μὴ
1418 1490 1664 1541 ἐκδοῦναι
1706 1490 1804 1558 τὴν

230 1584 389 1633 πόλιν
427 1583 588 1651 μέχρι
631 1582 857 1651 ἡμερῶν
911 1589 970 1645 ε’,
1006 1581 1272 1649 ὑπεξῆλθε
1332 1581 1467 1650 πρὸς
1506 1582 1597 1632 τὸν
1654 1581 1802 1633 Ὀλο-

232 1675 467 1741 φέρνην,
492 1676 587 1725 καὶ
617 1678 681 1743 τῇ
712 1674 806 1726 τοῦ
847 1673 980 1725 Θεοῦ
1024 1672 1248 1742 βοηθείᾳ
1276 1674 1370 1724 καὶ
1393 1675 1458 1740 τῇ
1491 1673 1689 1738 ἑαυτῆς
1716 1689 1796 1723 σο-

233 1766 335 1833 φίᾳ
397 1764 583 1815 τοῦτον
650 1766 1003 1832 ἁπατήσασα,
1067 1762 1524 1829 ἀποκεφαλίσασα
1553 1765 1617 1832 τῇ
1643 1764 1801 1832 τρίτη

233 1858 439 1925 ἡμέρα,
473 1857 605 1923 πρὸς
642 1856 740 1923 τὴν
797 1856 951 1905 πόλιν
989 1854 1381 1922 ὑποστρέψασα
1442 1853 1630 1914 νυκτὸς
1653 1892 1666 1915 ,

225 1949 478 2013 ’κεφαλὴν
509 1948 707 2009 ἔδειξεν
751 1948 1100 2018 Ὀλοφέρνου.
1128 1945 1239 1997 Καὶ
1276 1945 1375 2015 μὲν
1412 1945 1655 1997 Ἰουδαῖοι
1683 1948 1806 2013 ὲφο-

234 2037 510 2106 ϐήθησαν,
546 2039 639 2089 καὶ
672 2038 877 2106 σφόδρα
928 2037 1331 2106 θαυμάσαντες,
1368 2036 1463 2088 καὶ
1507 2036 1585 2104 τῷ
1614 2052 1805 2105 συνερο

236 2130 308 2197 γή
322 2145 471 2180 σαντι
507 2131 599 2179 καὶ
625 2130 770 2196 (59.⁸)
808 2130 1091 2194 σοφίσαντι
1114 2126 1232 2196 Θεῷ
1252 2126 1350 2196 τὴν
1376 2125 1533 2190 δόξαν
1558 2125 1807 2194 ἀναπέμ-

235 2224 459 2286 ψαντες,
496 2221 804 2288 προθυμίαν
834 2220 1035 2289 πολλὴν
1066 2219 1279 2269 ἔλαϐον.
1335 2217 1396 2267 '0
1421 2217 1476 2269 δὲ
1505 2217 1808 2284 στρατηγῖς

252 2313 454 2381 Ἀχιὼρ
502 2313 703 2380 μᾶλλον
763 2310 1209 2380 ὑπερεκπλαγεὶς
1273 2309 1373 2378 τὴν
1427 2309 1670 2377 μεγάλην
1716 2309 1807 2359 καὶ

240 2404 479 2471 ἰσχυρῶς
535 2404 805 2471 κραταιάν
864 2402 1116 2470 βοήθειαν
1188 2400 1283 2453 τοῦ
1342 2401 1578 2467 Κυρίου,
1616 2397 1809 2451 αὐτίκα

239 2493 601 2561 περιτμηθεὶς
660 2496 949 2545 ἐπίστευσε
1020 2493 1208 2562 Κυρίῳ
1256 2492 1336 2561 τῷ
1395 2490 1515 2559 Θεῴ
1555 2490 1805 2559 Ἰσραὴλ,

241 2587 337 2637 καὶ
368 2585 510 2637 οἰτω
539 2584 727 2635 λοιπὸν
765 2587 813 2636 οί
865 2587 961 2653 μὲν
1010 2583 1287 2651 Ἀσσύριοι
1323 2584 1541 2651 πρωῖας
1582 2580 1809 2648 γενομέ-

240 2694 363 2743 νης,
397 2677 697 2743 ἑωρακότες
732 2676 826 2743 τὴν
876 2674 1117 2742 κε’ραλην
1142 2674 1465 2742 Ὀλοφέρνου
1509 2670 1811 2724 κοντευθεί-

248 2784 370 2827 σαν,
429 2768 615 2827 δεινῶς
664 2766 1120 2835 κατῃσχύνθησαν
1166 2767 1443 2833 φυγόντες.
1510 2767 1570 2817 Ol
1617 2764 1671 2814 δὲ
1707 2764 1813 2814 υἱοὶ

237 2856 460 2928 Ἰσραὴλ
483 2860 824 2928 πανταχόθεν
846 2858 1243 2926 συνδραμόντες
1265 2858 1358 2909 καὶ
1378 2857 1501 2917 τοὺς
1525 2856 1814 2923 πολεμίους

245 2953 643 3018 συγκόψαντες,
673 2952 766 3002 καὶ
815 2951 1411 3019 >.αι;υραγωγήσαντες,
1448 2948 1692 2999 δέδωκαν
1745 2950 1811 3015 τῇ

243 3041 432 3092 Ἰουδὶθ
462 3043 528 3093 τὰ
556 3042 649 3093 τοῦ
678 3042 1001 3110 Ὀλοφέρνου
1035 3040 1212 3092 πάντα
1233 3056 1247 3069 '
1314 3040 1346 3108 ἡ
1407 3038 1462 3089 δὲ
1505 3037 1814 3089 ἀπελθοῦσα

244 3134 327 3194 εἰς
361 3132 720 3200 Ἰερουσαλὴμ
755 3135 930 3185 πάντα
962 3131 1039 3199 τῷ
1072 3131 1259 3200 Κυρίῳ
1308 3129 1614 3199 ἀναθεμένη
1635 3169 1649 3191 ,
1680 3130 1814 3181 ὑπέ-

1902 584 2069 645 misit,
2094 584 2307 637 minans
2338 582 2413 636 illi
2449 590 2679 637 mortem
2704 584 2751 639 si
2776 584 3076 640 Bethulinm
3109 600 3464 657 expugnaret.

1901 674 2100 727 Achior
2135 684 2315 728 autem
2358 683 2475 729 erat
2517 675 2569 727 in
2607 675 2856 729 Bethulia
2882 717 2896 741 ,
2934 677 3305 747 Holophernes
3336 696 3467 733 vero

1900 766 2246 834 oppugnabat
2277 767 2464 820 urbem
2496 766 2635 821 etab
2664 766 2751 820 illa
2773 782 2967 834 aquam
2996 771 3288 824 avertebat.
3324 772 3461 825 Cum

1902 857 2133 924 populus
2167 858 2253 909 siti
2286 866 2572 910 vexaretur
2609 868 2664 911 et
2688 858 2800 926 jam
2823 860 2950 911 urbs
2988 859 3253 913 reddenda
3276 871 3424 916 esset
3451 902 3463 921 .

1900 945 2083 999 .ludith
2116 946 2391 999 viduitatis
2425 947 2743 1002 vestimenta
2790 962 2997 1002 exuens
3042 950 3205 1017 (nam
3255 951 3469 1018 lugebat

1902 1036 2155 1086 maritum
2184 1072 2199 1097 ,
2242 1042 2525 1102 totumque
2558 1035 2697 1089 diem
2738 1036 2995 1104 jejunans
3044 1036 3323 1103 ducebat),
3351 1053 3469 1089 sese

1902 1125 2185 1179 exornavit
2214 1127 2368 1192 quasi
2403 1140 2657 1194 sponsam
2690 1134 2743 1179 et
2770 1126 2953 1181 multis
2990 1120 3170 1180 verbis
3198 1127 3471 1194 principes

1906 1216 2234 1285 ignavosque
2262 1217 2567 1280 exhortata,
2615 1231 2710 1271 eos
2750 1217 2817 1271 de
2861 1232 2960 1270 suo
3010 1218 3241 1271 consilio
3276 1216 3470 1270 admo-

1904 1306 2044 1369 nuit,
2076 1305 2397 1375 impulitque
2424 1322 2491 1360 ne
2523 1308 2709 1361 urbem
2743 1307 3033 1361 redderent
3057 1315 3179 1361 ant'e
3219 1308 3467 1375 quintum

1904 1398 2081 1464 diem;
2119 1399 2313 1452 deinde
2355 1415 2573 1468 egressa
2607 1400 2673 1452 ad
2728 1398 3151 1468 Holophernem,
3193 1399 3342 1452 illum
3377 1397 3472 1451 Dei

1904 1491 2109 1544 auxilio
2126 1506 2333 1555 suaque
2353 1491 2640 1559 prudentia
2669 1491 2872 1557 fefellit,
2904 1492 3060 1545 tertia
3084 1493 3168 1545 die
3183 1491 3474 1561 iugulavit,

1903 1591 1957 1635 et
1988 1590 2145 1636 nocte
2175 1581 2242 1633 ad
2272 1582 2459 1635 urbem
2496 1596 2709 1635 reversa
2735 1620 2748 1642 ,
2797 1592 2959 1650 caput
3006 1584 3335 1651 llolopherni
3382 1598 3476 1636 os-

1907 1672 2098 1725 tendit.
2148 1671 2505 1740 Summopere
2548 1672 2763 1725 attoniti
2824 1674 3106 1742 territique
3149 1673 3319 1727 Judaei
3362 1673 3473 1727 Deo

1908 1765 2131 1832 gloriam
2180 1765 2414 1818 retulere
2448 1764 2517 1817 ob
2556 1765 2818 1817 auxilium
2865 1765 3319 1834 prudentiamque
3358 1766 3481 1833 qui-

1709 1854 1807 1920 τὴν
1840 1848 1879 1901 Β
1910 1856 2011 1909 bus
2043 1855 2301 1909 feminam
2328 1856 2467 1908 hanc
2509 1856 2847 1921 donaverat,
2900 1858 3241 1925 multumque
3282 1859 3479 1911 exinde

1910 1946 2076 1998 animi
2115 1959 2387 2012 recepere.
2425 1945 2544 1999 Dux
2580 1956 2756 2000 autem
2803 1946 3002 2000 Aehior
3048 1961 3209 2014 quam
3242 1948 3479 2001 maxime

1912 2036 2142 2090 miratus
2190 2036 2294 2089 hoc
2340 2038 2635 2090 maximum
2689 2048 2985 2107 potensque
3027 2038 3122 2091 Dei
3171 2039 3479 2105 auxilium,

1915 2129 2094 2180 statim
2127 2128 2485 2181 circumcisus
2514 2138 2596 2183 est
2624 2129 2961 2197 crediditque
2993 2128 3225 2183 Domino
3258 2130 3365 2184 Deo
3398 2129 3479 2183 ls-

1914 2220 2053 2283 rael;
2080 2227 2132 2271 et
2160 2233 2316 2271 mane
2345 2218 2487 2271 facto
2512 2235 2636 2271 eum
2664 2220 2936 2273 succisum
2964 2228 3127 2286 caput
3152 2217 3481 2287 llolopherni

1914 2310 2156 2362 viderent
2215 2308 2445 2378 Assyrii,
2480 2309 2686 2378 pudore
2738 2310 2943 2378 perfusi
2976 2311 3321 2380 aufugerunt.
3354 2308 3480 2363 Filii

1913 2410 2094 2454 autem
2129 2398 2293 2454 Israel
2316 2401 2556 2470 undique
2585 2401 2907 2466 discurrere,
2963 2402 3148 2455 hostes
3203 2402 3477 2467 jugulare.

1914 2496 2080 2563 spolia
2109 2493 2393 2548 detrahere
2432 2502 2486 2548 et
2509 2494 2692 2547 omnia
2742 2491 3067 2562 Holopherni
3117 2494 3256 2546 bona
3295 2490 3479 2546 Judith

1915 2586 2142 2640 tradere.
2181 2585 2305 2659 Haec
2338 2595 2517 2639 autem
2546 2584 2843 2639 Jerusalem
2874 2586 3117 2654 ingressa
3146 2584 3331 2637 omnia
3371 2583 3480 2637 Do-

1915 2678 2063 2731 mino
2107 2677 2322 2740 obtulit,
2349 2685 2402 2729 et
2430 2690 2643 2731 reversa
2677 2677 2728 2728 in
2761 2675 2982 2729 domum
3022 2691 3176 2729 suam
3209 2682 3478 2729 exornata

1916 2784 2014 2822 sua
2038 2768 2236 2821 virtute
2262 2768 2589 2836 pietateque,
2628 2776 2840 2821 mortua
2866 2778 2949 2821 est
2974 2768 3153 2831 vidua,
3186 2766 3483 2819 centesimo

1916 2859 2104 2926 quinto
2138 2859 2257 2911 vitae
2292 2873 2403 2911 suae
2442 2874 2606 2912 anno.
2639 2856 2898 2911 Nonnulli
2938 2857 3051 2909 hare
3084 2857 3332 2908 evenisse
3381 2854 3484 2906 sub

1919 2949 2412 3003 Nabuchodonosor
2431 2963 2593 3017 regno
2616 2959 2910 3015 putavere;
2936 2955 3253 2999 erraverunt
3276 2953 3482 3006 autem,

1918 3040 2154 3093 nominis
2185 3039 2541 3091 similitudine
2559 3036 2784 3105 decepti,
2821 3037 2985 3090 nescii
3016 3036 3129 3088 haec
3162 3045 3281 3103 post
3304 3046 3485 3086 trans-

1920 3130 2297 3199 migratiooem
2370 3128 2687 3196 contigisse.
2739 3128 2891 3180 l'rior
2930 3141 3072 3178 enim
3122 3124 3487 3177 Nabuchodo-

250 3222 480 3291 στρεψεν
515 3227 573 3272 ἐν
601 3223 676 3291 τῷ
704 3224 837 3290 οἴκῳ
873 3223 1068 3288 αὐτῆς,
1100 3224 1192 3272 καί¹
1221 3222 1320 3290 τὴν
1339 3220 1506 3289 αὐτὴν
1534 3220 1733 3288 ἀρετήν
1757 3235 1816 3269 τε
1846 3193 1890 3252 c
1923 3238 1939 3273 ι

1795 3235 1816 3269 ε
1846 3193 1890 3252 c
1923 3237 2086 3274 nosor
2111 3220 2603 3287 transmigrationis
2633 3227 2873 3285 tempore
2905 3226 3156 3270 mortuus
3184 3225 3285 3267 est.
3319 3213 3484 3267 Fama

242 3317 347 3367 καὶ
386 3319 618 3385 ἄσκησιν
644 3317 859 3383 ἔχουσα,
896 3314 1219 3380 ἐτελεύτησε
1246 3314 1392 3381 χήρα
1437 3312 1573 3363 ἐτῶν
1609 3317 1702 3379 ρε’.
1741 3312 1817 3380 (5)

248 3405 469 3472 Ταύτην
520 3402 612 3457 οὖν
680 3406 775 3475 τὴν
832 3404 1072 3473 ἱστορίαν
1108 3403 1369 3471 ᾠήθησαν
1425 3418 1569 3461 τινες
1610 3403 1699 3451 ἐπὶ
1727 3400 1821 3454 τοῦ

1922 3319 2006 3364 est
2039 3318 2167 3363 tunc
2196 3312 2570 3377 Anaxagoram
2604 3316 2656 3361 et
2694 3307 3057 3377 Pythagoram
3103 3305 3485 3375 philosophum

1930 3400 2171 3454 Samium
2200 3399 2469 3455 ﬂoruisse.

250 3498 743 3567 Na60'.xr.60vdc¢op
778 3498 1077 3565 συμϐῆναι,
1118 3496 1495 3564 πεπλάνηνται
1522 3494 1578 3547 δὲ
1612 3494 1699 3545 διὰ
1761 3494 1859 3558 τὴν
1893 3494 2232 3563 ὁμωνυμίαν,
2266 3492 2589 3557 ἀγνοοῦντες
2654 3494 2729 3555 ὡς
2780 3491 2918 3561 μετὰ
2964 3492 3062 3563 τὴν
3114 3490 3489 3561 αίχμαλωσίαν

247 3590 410 3640 τοῦτο
438 3592 679 3656 γέγονεν.
721 3592 780 3642 Ὀ
842 3591 951 3657 γὰρ
999 3589 1217 3657 πρῶτος
1267 3587 1760 3655 Ναϐουχοδονόσωρ
1799 3588 1855 3636 ὲν
1894 3586 1970 3654 τῷ
2010 3586 2110 3655 τῆς
2153 3585 2530 3653 αἰχμαλωσίας
2587 3584 2762 3654 χρόνῳ
2850 3584 3282 3653 προτετελεύκει.
3332 3583 3376 3612 ³⁷
3411 3582 3488 3652 (ι)

251 3680 393 3729 Καθ’
417 3679 475 3729 ὃν
542 3680 727 3749 καιρὸν
759 3679 918 3746 200
937 3678 1308 3744 Ἀναξαγόραν
1364 3678 1457 3728 καὶ
1488 3676 1811 3745 Πυθαγόραν
1848 3676 1939 3729 τὸν
1972 3676 2178 3743 Σάμιον
2208 3674 2494 3741 φιλόσοζξον
2538 3673 2783 3741 ἀκμάσαι
2812 3672 2987 3739 λόγος.

645 3776 755 3836 ιμ’.
790 3771 1073 3823 Βασιλεία
1110 3769 1423 3836 Σμερδίου.

322 3865 368 3895 ⁵⁸
398 3864 551 3917 Μετᾶ
576 3864 634 3917 δὲ
669 3863 974 3931 Καμϐύσην
1009 3861 1279 3931 βασιλεύει
1306 3860 1564 3930 Σμέρδιος
1589 3862 1614 3912 ὁ
1650 3861 1821 3929 μάγος

254 3956 397 4022 (ἔτος
433 3955 490 4007 ἒν
527 3956 640 4023 καὶ)
676 3955 720 3985 ⁸⁸
754 3958 926 4022 μῆνας
960 3952 1026 4016 ζ’.

658 4044 774 4109 l._E'.
808 4043 1098 4095 Βασιλειά
1150 4042 1415 4109 Δαρείου.

328 4137 374 4167 ⁸⁸
415 4136 568 4188 Μετὰ
590 4134 643 4186 δὲ
670 4133 931 4203 Σμέρδιον
984 4133 1299 4185 ἐϐασίλευσε
1356 4134 1578 4202 Δαρεῖος
1618 4134 1815 4186 ’Υστά-

258 4243 398 4280 σπου
431 4227 523 4296 ἔτη
561 4223 645 4294 μβ⁸
666 4226 731 4288 ⁸³,
764 4226 847 4291 ἐφ’
870 4220 930 4275 οὗ
969 4224 1129 4277 πάλιν
1166 4224 1468 4291 Ζοροϐάϐελ
1493 4226 1585 4278 καὶ
1611 4224 1816 4294 Ἰησοῦς

252 4319 648 4387 ἐπιτραπέντες
672 4316 1100 4383 ὲεελείωσαντὴν
1118 4316 1406 4385 οἰκοδομὴν
1427 4318 1521 4367 τοῦ
1536 4315 1662 4367 ναοῦ
1687 4316 1820 4386 πρόε-

254 4426 413 4476 τερον
467 4408 836 4475 ἀμεληθεῖσαν
889 4408 984 4476 ἔτη
1048 4412 1099 4474 μ’
1134 4422 1146 4435 ·
1195 4405 1318 4457 ὅθεν
1376 4406 1621 4458 Ἰουδαῖοι
1682 4405 1821 4458 κατὰ

253 4502 443 4552 τοῦτον
476 4502 607 4567 πρὸς
641 4499 732 4550 τὸν
784 4498 987 4567 Κύριον
1036 4498 1220 4563 ἔλεγον
1247 4498 1312 4528 ⁶¹ν
1353 4514 1371 4547 ι
1400 4498 1821 4565 Τεσσαράκοντα

258 4593 353 4642 καὶ
378 4588 429 4654 ς’
462 4589 639 4640 ἔτεσιν
676 4591 702 4639 ὁ
750 4590 873 4649 ναὸς
907 4587 1255 4657 ᾠκοδομήθη,
1286 4587 1379 4639 καλ⁵
1414 4588 1478 4638 σὺ
1527 4589 1586 4638 ὲν
1635 4588 1814 4656 τρισὶν

259 4684 498 4749 ἡμέραις
532 4681 743 4747 ἐγερεῖς
773 4679 967 4742 αὑτόν;
1012 4697 1028 4727 ι
1066 4678 1243 4746 Κῦρος
1269 4678 1366 4746 μὲν
1391 4678 1499 4746 γὰρ
1552 4680 1662 4735 τοῖς
1697 4678 1825 4729 Ἰου-

259 4772 429 4830 δαίοις
471 4768 783 4836 ελευῢερίαν
811 4768 1011 4817 ἔδωκεν
1044 4766 1137 4816 καὶ
1194 4768 1503 4834 συγχωρίαν
1534 4765 1582 4795 ⁶³
1608 4766 1705 4833 τῆς
1752 4764 1828 4817 oi-

260 4860 495 4926 κοὸομῆς
528 4860 569 4889 ⁵⁸
602 4858 692 4910 τοῦ
748 4857 878 4909 ναοῦ
930 4857 1024 4908 καὶ
1059 4858 1155 4925 τῆς
1192 4856 1424 4920 πόλεως,
1475 4857 1550 4918 ὡς
1589 4858 1824 4925 εἴρηται.

269 4952 410 5003 ’Υπὸ
457 4952 513 5001 δὲ
558 4950 662 5001 τῶν
711 4949 1032 5017 Σαμαριτῶν
1084 4948 1533 5010 κωλυθέντες,ὠς
1589 4950 1821 5017 εἴρηται,

258 5044 356 5109 ἔτη
414 5048 487 5109 μ’,
526 5041 619 5092 καὶ
677 5042 818 5108 μετὰ
858 5040 1016 5091 τοῦτο
1043 5039 1265 5091 ἄλλοθεν
1300 5040 1375 5101 είς
1407 5040 1465 5091 τὸ
1496 5045 1547 5102 ς’
1578 5039 1695 5101 ἔτος
1724 5038 1823 5107 τῆς

259 5134 489 5202 Δαρείου
521 5130 797 5199 βασιλείας
838 5131 1202 5199 περιιούσης,
1244 5129 1439 5183 οὐκοῦν
1476 5132 1508 5200 ή
1560 5130 1820 5190 ἐπάνοδος

2334 3764 2516 3819 XCIV.
2549 3764 2781 3833 Regnum
2823 3765 3077 3818 Smerdis.

1993 3857 2123 3911 Post
2151 3856 2470 3925 Cambysen)
2510 3857 2753 3923 regnavit
2801 3854 3063 3918 Smerdis,
3100 3854 3306 3926 Magos,
3345 3872 3489 3910 anno

1919 3962 2032 4001 uno
2060 3945 2447 4010 mensibusque
2479 3954 2704 4013 septem.

2378 4034 2535 4091 XCV.
2572 4034 2803 4104 Regnum
2861 4036 3032 4090 Darii.

1993 4128 2122 4183 Post
2161 4126 2426 4181 Smerdim
2490 4126 2841 4196 quadraginta
2872 4129 3191 4197 duobusque
3224 4130 3379 4184 annis
3405 4145 3492 4184 re-

1926 4220 2106 4288 gnavit
2134 4217 2324 4271 Darius
2352 4217 2631 4288 llystaSpis
2664 4219 2828 4282 filius,
2868 4220 2969 4274 sub
3018 4220 3173 4287 cujus
3204 4236 3362 4291 regno
3391 4220 3495 4275 Zo-

1928 4311 2149 4366 rohabel
2179 4320 2233 4365 et
2255 4308 2413 4364 Jesus
2439 4311 2637 4380 quibus
2668 4312 2784 4365 haec
2820 4311 3059 4365 facultas
3086 4314 3277 4365 iterum
3318 4312 3495 4365 fuerat

1926 4417 2210 4464 concessa,
2245 4403 2426 4470 templi
2460 4402 2732 4470 perfecere
2766 4402 3175 4456 aedificationem
3211 4418 3327 4472 qua
3354 4419 3494 4471 qua-

1928 4493 2175 4562 draginta
2226 4509 2321 4562 per
2359 4509 2533 4547 annos
2584 4496 2825 4563 neglecta
2877 4493 3071 4547 fuerat.
3112 4490 3267 4548 Unde
3317 4492 3495 4549 Judwi

1928 4584 2186 4637 adversus
2234 4581 2418 4636 Jesum
2473 4584 2775 4636 dixerunt:
2822 4602 2839 4633 ι
2891 4582 3257 4653 Quadraginta
3301 4595 3354 4638 et
3401 4599 3492 4638 sex

1926 4675 2084 4727 annis
2130 4673 2449 4725 azdilicatum
2480 4681 2563 4727 est
2600 4675 2853 4741 templum
2890 4675 3013 4738 hoc,
3044 4682 3097 4727 et
3132 4684 3187 4727 tu
3233 4676 3285 4729 in
3318 4676 3495 4730 tribus

1926 4764 2390 4817 diebosucitabis
2421 4765 2589 4817 illud?
2620 4782 2639 4815 ι
2678 4763 2756 4833 (in
2790 4765 2883 4817 illo
2910 4774 3149 4834 tempore
3165 4766 3495 4835 Pythagoras

1927 4855 2283 4924 phil050phus
2313 4867 2560 4908 mortuus
2586 4864 2692 4918 est,
2721 4865 2773 4908 et
2797 4855 3153 4910 inclarescere
3181 4859 3345 4925 cmpit
3381 4873 3496 4910 meo

1930 4944 2086 4999 dicus
2111 4944 2510 5015 Hippocrates.)
2538 4946 2713 5015 Cyrus
2745 4945 2947 5001 Judaeis
2996 4947 3298 5001 libertatem
3352 4948 3495 5003 dedit

1931 5036 2310 5103 concessitque
2362 5036 2636 5089 licentiam
2690 5039 2950 5108 templum
2998 5050 3051 5093 et
3093 5042 3280 5094 urbem
3324 5041 3495 5099 aediﬁ-

1929 5128 2110 5190 candi,
2149 5136 2206 5178 ut
2228 5142 2388 5195 supra
2422 5127 2622 5181 dictum
2655 5140 2773 5193 est;
2806 5144 2833 5182 a
2872 5129 3236 5185 Samaritanis
3272 5146 3448 5188 aurem
3474 5172 3492 5197 ,

1451 5267 1651 5328 Variae
1682 5266 1989 5327 lectiones
2024 5273 2087 5325 et
2124 5272 2312 5326 notua.

336 5399 381 5429 "
413 5396 730 5461 ἀναιρήσειν
780 5397 899 5449 cod.

978 5396 1022 5464 ν
1056 5394 1186 5447 Ced.
1227 5394 1388 5454 953,9
1414 5393 1720 5464 ἐφιλοσόφει
1747 5392 1874 5464 παρ’
1902 5392 2158 5463 Ἕλλησιν
2191 5392 2612 5462 Ἀναξίμανδρος
2640 5395 2818 5447 -καὶ
2874 5395 3219 5464 Πυθαγόρας.

3320 5396 3368 5427 ⁸⁸
3392 5397 3490 5449 521

262 5468 467 5529 (4679).
542 5467 585 5497 ⁵⁸
609 5466 722 5517 ἔτος
748 5463 803 5515 ἒν
832 5465 921 5514 καί
958 5463 1105 5516 δερ-δι
1139 5465 1188 5514 in
1223 5463 1399 5516 Leone
1427 5471 1480 5513 nt
1508 5464 1559 5513 in
1597 5462 1826 5514 Eusebio
1857 5471 1909 5513 et

1812 5480 1826 5513 )
1857 5471 1909 5513 et
1951 5462 2159 5514 videtur
2184 5477 2210 5513 a
2259 5464 2493 5531 secunda
2539 5479 2697 5516 manu
2733 5465 2783 5516 in
2840 5464 2934 5518 Ge.
2972 5462 3116 5531 esse,
3146 5463 3218 5519 cf.
3254 5464 3496 5518 Herodo—

260 5548 375 5590 tum
418 5533 509 5604 Ill,
547 5534 633 5585 68.
711 5533 756 5565 ⁶⁰
794 5534 893 5585 5'10
919 5532 1097 5601 (4689)
1121 5532 1249 5587 Ced.
1302 5531 1699 5604 '_2_55.16o254_.9_
1736 5533 1941 5604 κόσμου

1807 5547 1941 5599 σμου
1986 5533 2093 5604 ἔτει
2140 5532 2279 5604 ,σιρὸν
2326 5530 2529 5604 μθξζὶ).
2603 5534 2641 5563 ⁶¹
2672 5548 2700 5585 a
2728 5548 2846 5604 sec.
2883 5552 2979 5596 m.,
3009 5553 3035 5588 a
3070 5530 3238 5602 prima
3290 5534 3396 5600 λς’,
3437 5545 3496 5591 nt

261 5606 404 5673 apud
462 5603 691 5673 Leonem
728 5618 850 5673 cum
923 5598 1151 5673 Eusebio
1213 5610 1264 5652 et
1305 5599 1574 5673 Herodoto
1613 5598 1803 5673 (VL!)
1840 5598 2282 5673 consentientem.

260 5670 484 5745 χρόνους
521 5671 841 5745 Πυθαγόρας
872 5670 1217 5745 όῌφιλόσοφος
1244 5670 1559 5745 ἐτελεύτησε
1593 5670 1683 5722 καὶ
1744 5671 2107 5739 Ἱπποκράτης
2140 5672 2167 5723 ὁ
2217 5670 2397 5741 ἰατρὸς
2448 5672 2773 5741 ἑγνωρίζετο
2804 5673 3085 5743 (Σχόλιον).

260 5740 384 5799 ξω.
436 5740 821 5810 συγχώρησινῖ
898 5740 942 5771 ⁸⁸
975 5740 1273 5809 περεούσης
1309 5740 1425 5794 cod.

584 5839 853 5897 Ριτιιοι..
894 5836 1009 5895 Gn.
1057 5836 1185 5897 CX.

2364 5602 2408 5631 "
2438 5600 2594 5655 loan.
2632 5617 2688 5661 Il,
2718 5602 2808 5656 20.
2887 5606 3041 5656 Κατὰ
3072 5600 3293 5667 τούτους
3369 5606 3493 5668 τοὺς

3166 5674 3209 5704 ⁸³
3236 5678 3493 5748 aurwa

3109 5839 3170 5903 11
