4278 6446
252 396 359 459 333

1425 387 1886 454 CHRONICON.
1925 411 1994 427 -··
2033 391 2182 453 LIB.
2225 393 2308 454 Π.

3399 393 3506 460 331

246 509 346 564 τοῦ
391 509 634 577 ἀργύρου
661 507 1106 578 κεκοσμημένας,
1143 507 1302 578 202
1321 506 1463 560 ὥστε
1511 504 1828 575 καταπράο
1855 508 1902 564 Α
1930 517 1935 554 ι

1811 534 1828 551 .
1855 508 1902 564 Α
1930 502 2101 557 multo
2162 502 2376 559 refertis
2431 506 2502 560 ita
2542 515 2604 559 ut
2654 507 2985 564 eollucerent
3046 504 3340 576 splendore
3383 524 3500 565 mae

238 601 477 654 πτεσθαι
510 601 556 633 ⁸⁸
594 601 663 655 τὰ
721 601 922 656 πάντα.
957 599 1020 653 ὐ
1070 598 1162 652 οῦν
1201 599 1420 670 πρῶτος
1474 593 1622 661 οἶκος
1673 595 1818 666 εἶχεν

233 690 393 752 ὲντδς
418 690 664 759 ὑπερῷα,
692 690 752 743 τὸ
790 691 890 757 μὲν
921 689 1055 757 ὕψος
1087 690 1282 759 ἔχοντα
1317 688 1540 758 πήχεων
1572 688 1642 755 ι,’,
1666 693 1726 741 τὸ
1761 688 1817 740 δὲ

239 781 420 849 μῆκος
445 781 508 833 ν’.
545 782 608 834 Ἠ
631 783 687 835 δὲ
720 782 864 852 πύλη
911 781 1006 834 τοῦ
1051 783 1203 834 οῖκου
1249 781 1647 850 κεχρυσωμένη
1683 775 1816 831 οὖσα

233 871 334 923 καὶ
358 872 564 939 χρυσᾶς
587 871 728 938 ὑπὲρ
749 871 920 939 αὐτῆς
963 872 1246 941 ἀμπέλους
1285 872 1505 940 ἔχουσα,
1546 869 1814 938 κατεκρέ-

239 980 416 1031 μαντο
442 965 671 1033 βότρυες
703 964 1092 1033 ἀνδρομήκεις.
1119 967 1273 1017 Μετὰ
1303 967 1359 1017 δὲ
1380 965 1442 1014 τὸ
1466 962 1728 1015 εἰσελθεῖν
1756 961 1816 1014 τὸ

233 1054 496 1106 ἐπίπεδον
523 1056 567 1085 ⁸⁸
593 1055 687 1106 τοῦ
721 1055 870 1118 ναοῦ,
899 1055 1057 1118 ἀλλος
1096 1051 1164 1125 ἦν
1195 1051 1346 1116 οἶκος
1379 1052 1474 1106 τοῦ
1505 1052 1811 1114 ἐνδοτάτου,

233 1136 410 1206 οὗπερ
432 1143 492 1194 τὺ
516 1143 616 1211 μὲν
655 1143 787 1211 ὕψος
841 1141 907 1212 ἦν
945 1145 1164 1214 πήχεων
1231 1143 1292 1208 ξ’,
1337 1142 1397 1195 τὸ
1429 1143 1483 1194 δὲ
1511 1141 1708 1202 πλάτος
1743 1139 1811 1203 κ’,

235 1245 294 1286 εν
317 1227 361 1300 ᾧ
382 1234 594 1302 λυχνία,
615 1235 862 1304 τράπεζα
884 1238 978 1288 καὶ⁸
995 1234 1356 1303 θυμιατήριον
1378 1233 1604 1286 ἔκειντο.
1637 1232 1814 1300 Διείρ-

235 1340 366 1388 γετο
393 1324 450 1375 δὲ
482 1326 939 1392 καταπετάσματι
972 1325 1108 1393 πρὸς
1155 1325 1214 1375 τὸ
1235 1324 1278 1354 ⁷⁸
1304 1323 1526 1388 ἔξωθεν,
1559 1323 1617 1374 ὲν
1724 1321 1815 1372 ού-

234 1417 324 1466 ὗὲν
369 1416 569 1481 ἔκειτο,
604 1417 716 1468 ἀλλ’
748 1413 815 1485 ἦν
857 1417 1061 1471 ἄϐατόν
1118 1433 1177 1468 τε
1227 1417 1320 1468 καὶ
1361 1417 1652 1484 ἄχραντον,
1692 1413 1813 1465 ὅθεν

235 1508 412 1573 ἁγίων
454 1509 622 1574 Ἀγια
665 1508 884 1576 ἐλέγετο
911 1527 923 1540 ·
979 1508 1036 1560 τὸ
1093 1507 1150 1560 δὲ
1191 1507 1304 1560 ἄνω
1342 1509 1434 1560 καὶ
1480 1504 1680 1568 ἔξωθεν
1716 1503 1810 1555 τοῦ

234 1598 509 1667 ἀχράντου
530 1599 656 1652 ναοῦ
687 1601 877 1652 τούτου
909 1600 1176 1668 μεγίστην
1218 1601 1448 1670 παρεῖχε
1479 1599 1589 1658 τοῖς
1613 1595 1810 1664 ὁρῶσιν

235 1688 521 1755 ἔκπληξιν,
545 1690 705 1754 πλαξὶ
741 1693 851 1760 γὰρ
881 1693 1106 1760 χρυσαῖς
1145 1688 1579 1757 στιϐαρωτάταις
1616 1685 1808 1738 κεκαλ-

233 1781 562 1850 λωπισμένα
603 1784 708 1834 ὑπὸ
735 1784 834 1845 τὰς
867 1783 1089 1854 πρώτας
1125 1781 1388 1842 ἀνατολὰς
1415 1778 1508 1832 τοῦ
1533 1779 1684 1848 ἡλίου
1703 1795 1807 1829 πυ-

235 1873 566 1941 ροδεστὰτην
606 1872 782 1938 αὐγὴν
833 1873 1146 1942 ἀνέπεμψεν
1207 1873 1302 1924 καὶ
1360 1869 1455 1930 τὰς
1495 1867 1646 1937 θέλεις
1696 1868 1804 1919 τῶν

229 1962 489 2033 ὁρώντων
535 1964 879 2032 ἀπέστρεφεν
922 1965 994 2028 ⁷¹,
1024 1965 1212 2033 ὥσπερ
1277 1979 1363 2024 τις
1416 1960 1612 2030 ἡλιακὴ
1665 1959 1807 2028 αὐγὴ

229 2058 347 2117 τοῖς
377 2055 677 2124 ὀφθαλμοῖς
711 2056 1159 2123 προσπίπτουσα.
1186 2053 1276 2106 Διὸ
1320 2055 1432 2115 τοῖς
1472 2049 1808 2120 ἀφικνουμέ-

231 2163 348 2206 νοις
379 2145 550 2209 ξένοις
577 2145 860 2215 πόρρωθεν
886 2148 912 2198 ὁ
941 2147 1064 2206 ναδς
1087 2143 1385 2214 ὁρώμενος,
1409 2142 1614 2211 ὄμϐρος
1633 2140 1809 2208 χιόνος

231 2237 324 2288 ἀπ’
374 2237 534 2304 ὅρους
583 2235 788 2303 ὑψηλοῦ
849 2236 1080 2303 κειμένη
1144 2235 1459 2302 ἐξεφαίνετο
1511 2232 1600 2283 διὰ
1647 2228 1709 2280 τὸ
1745 2232 1808 2280 ὲκ

229 2327 561 2378 λευκοτάτου
593 2326 637 2356 ⁷³
662 2329 958 2395 μαρμάρου
989 2325 1381 2394 συνεστηκέναι
1414 2321 1509 2375 καὶ
1531 2318 1804 2386 ὲπίλόφον

229 2416 601 2484 δεδομεῖσθαι.
631 2416 756 2468 Ἐπὶ
815 2417 871 2469 δὲ
929 2418 1025 2486 τῆς
1071 2417 1319 2486 κορυφῆς
1370 2409 1517 2482 εἶχεν
1564 2411 1806 2472 ἑστῶτας

231 2510 468 2577 χρυσοῖς
507 2510 603 2560 καὶ
638 2508 986 2576 τεθηγμένας
1017 2508 1258 2569 ὀϐελοὺς,
1285 2507 1387 2558 ἀνὰ
1413 2507 1626 2573 πήχεων
1667 2509 1717 2571 μ’
1745 2503 1805 2554 τὸ

231 2598 366 2668 ῦψος
403 2601 496 2651 καὶ
537 2600 638 2652 ἐινὰ
683 2599 742 2664 ἒξ
779 2600 839 2652 τὸ
866 2600 1089 2663 πλάτος,
1113 2599 1250 2668 πρὸς
1277 2600 1334 2650 τὸ
1361 2596 1590 2650 κωλύειν
1618 2593 1804 2663 ὲφιζὰ-

232 2711 348 2746 νειν
379 2693 447 2746 τὰ
477 2694 700 2745 πετεινά
729 2694 822 2744 καὶ
841 2691 1095 2762 έκρεύσει
1119 2691 1210 2742 τὸν
1232 2689 1358 2742 ναὸν
1385 2686 1656 2757 μολύνειν.
1684 2684 1804 2736 Τῶν

230 2783 290 2836 δὲ
339 2782 686 2835 κυκλούντων
729 2780 1034 2850 περιϐόλων
1082 2780 1363 2849 τεσσάρων
1400 2779 1461 2829 τὸ
1489 2775 1632 2845 ἱερὸν
1669 2775 1804 2835 ἰδίας

231 2875 468 2925 ἶκαστον
505 2873 946 2940 παρατηρήσεως
969 2870 1113 2924 κατὰ
1138 2870 1228 2922 τὸν
1271 2870 1433 2938 νόμον
1463 2867 1679 2934 ἠξίωτο,
1711 2862 1804 2924 Εἰς

232 2964 333 3030 μὲν
369 2965 476 3033 γὰρ
512 2965 570 3015 τὸ
602 2963 822 3030 πρῶτον
856 2964 986 3032 (55⁸)
1015 2963 1109 3014 καὶ
1142 2961 1414 3026 ἐξώτατον
1444 2959 1609 3010 πᾶσιν
1633 2958 1804 3024 ἐγχω-

230 3055 372 3124 ρίοις
404 3071 461 3104 τε
494 3053 588 3105 καὶ
615 3053 932 3120 ἀλλοφύλοις
986 3051 1249 3103 εἰσελθεῖν
1296 3048 1692 3116 ἐπετέτραπτο,
1723 3045 1802 3105 εἰς

226 3144 286 3196 δὲ
310 3144 371 3195 τὸ
393 3143 646 3212 δεύτερον
672 3143 954 3205 Ἰουδαίοις
991 3143 1036 3174 ⁷³
1071 3141 1266 3209 ὴςςίετο
1321 3139 1572 3196 εἰσιέναι,
1627 3137 1704 3195 είς
1748 3132 1804 3184 δὲ

228 3236 290 3288 τὸ
326 3237 508 3303 τρίτον
534 3236 714 3303 μόνοις
744 3238 856 3298 τοῖς
887 3234 1206 3305 ἀρχιερεῦσι
1235 3233 1346 3284 τῶν
1396 3229 1671 3281 Ἰουδαίων
1704 3242 1804 3277 κα-

230 3325 423 3394 θαροῖς
456 3325 552 3378 καὶ
603 3327 787 3392 ἁγνοῖς
835 3327 1198 3395 ὑπάρχουσιν,
1231 3325 1310 3387 εἰς
1347 3323 1404 3375 δὲ
1435 3321 1493 3373 τὸ
1531 3318 1571 3371 δ’
1602 3317 1805 3386 ἱερεῦσι

231 3419 397 3487 μόνον
421 3417 770 3483 ἁγνεύουσιν,
802 3418 882 3479 είς
923 3419 978 3468 δὲ
1016 3416 1153 3485 μετὰ
1181 3415 1270 3467 τὸν
1318 3413 1464 3478 ναὸν,
1497 3415 1606 3474 τοῖς
1655 3408 1808 3479 ἀμώ-

231 3524 356 3574 μοις
394 3507 651 3576 ἱερεῦσιν,
703 3509 896 3569 στολὰς
947 3507 1229 3577 ίερατικάς
1274 3505 1690 3574 ἡμφιεσμένοις,
1723 3505 1804 3564 είς

227 3596 285 3648 δὲ
333 3598 403 3648 τὰ
447 3596 635 3659 ἄδυτα,
683 3596 812 3649 ἔνθα
849 3593 916 3667 ἦν
950 3599 978 3649 ὁ
1008 3597 1210 3666 βωμὸς,
1243 3598 1275 3665 ή
1330 3596 1578 3664 τράπεζα
1623 3592 1803 3645 καὶτὸ

231 3684 628 3754 θυμιαστήριον
681 3687 771 3739 καὶ
850 3687 882 3754 ἠ
933 3685 1196 3748 ἄσϐεστος
1262 3687 1482 3754 λυχνία,
1538 3683 1683 3750 μόνῳ
1724 3680 1802 3750 τῷ

223 3779 478 3846 ἀρχιερεῖ
504 3780 925 3847 συγκεχώρηται
962 3777 1111 3840 ἅπαξ
1147 3775 1240 3830 τοῦ
1271 3773 1541 3828 ἐνιαυτοῦ.
1563 3772 1801 3834 Εἰκότως

226 3868 415 3934 ἔλεγεν
447 3871 475 3918 ὁ
515 3870 802 3938 προφήτης
835 3869 913 3944 ’δῇ
942 3888 960 3920 ι
999 3869 1108 3922 Καὶ
1136 3868 1343 3936 ἔσταιή
1377 3868 1504 3931 δόξα
1534 3864 1627 3918 τοῦ
1651 3863 1799 3916 οἴκου

1929 609 2057 664 gno.
2091 595 2271 650 Prima
2304 596 2500 651 domus
2531 597 2830 652 tabulatum
2868 599 3098 653 habebat
3131 599 3498 666 intrinsecus,

1919 685 2074 752 cujus
2123 685 2353 740 altitudo
2401 687 2568 740 cubiti
2615 687 2934 756 nonaginta,
2997 689 3274 758 longitudo
3319 700 3500 743 autem

1917 776 2328 844 quinquaginta.
2363 777 2536 847 Supra
2567 790 2780 847 portam
2811 778 3008 833 domus
3061 790 3310 833 auratam
3345 788 3503 834 erant

1923 867 2058 921 vites
2114 883 2314 933 aureae,
2367 870 2780 940 pendebantque
2825 887 2940 925 uvae
2980 871 3234 925 humana:
3287 870 3500 940 magni-

1923 960 2149 1013 tudinis.
2187 959 2446 1030 ingressis
2477 961 2532 1014 in
2569 964 2933 1030 pavimentum
2956 963 3146 1032 templi
3184 963 3342 1016 obvia
3377 972 3498 1016 erat

1923 1050 2068 1104 mdes
2121 1051 2348 1104 interior
2395 1053 2677 1121 sexaginta
2725 1056 2943 1110 cubitos
2983 1056 3113 1120 alta,
3169 1055 3277 1108 lata
3310 1065 3492 1108 autem

1921 1139 2128 1208 viginti,
2185 1142 2239 1194 in
2284 1158 2390 1212 qua
2450 1144 2795 1209 candelabra,
2846 1161 3087 1199 mensam
3134 1158 3190 1200 et
3243 1146 3496 1200 tburibu-

1919 1229 2028 1282 lum
2083 1230 2265 1286 videre
2311 1241 2466 1298 erat;
2512 1233 2870 1301 separabatur
2915 1233 3034 1287 velo
3100 1249 3128 1284 a
3183 1236 3497 1288 sanctuaria

1916 1320 2062 1390 quod
2121 1322 2254 1376 nihil
2300 1324 2634 1388 continebat,
2684 1333 2960 1378 sacratum
3012 1335 3194 1378 autem
3255 1334 3375 1379 erat
3433 1334 3489 1380 et

1916 1415 2181 1468 mundum
2231 1424 2287 1469 et
2356 1413 2487 1470 inde
2551 1414 2752 1469 Sancta
2810 1425 3120 1471 sanctorum
3191 1417 3493 1471 dicebatur.

1915 1505 2048 1560 Pars
2111 1507 2357 1574 superior
2410 1516 2464 1559 et
2533 1509 2771 1560 exterior
2836 1508 3000 1574 hujus
3051 1509 3249 1560 sacrati
3309 1509 3496 1576 templi

1912 1595 2222 1650 videntibus
2260 1597 2556 1650 maximum
2609 1607 2890 1667 stuporem
2923 1597 3238 1666 injiciebat;
3281 1600 3497 1652 lamime

1911 1687 2056 1740 enim
2085 1701 2264 1742 aureae
2294 1688 2635 1743 densissimas
2675 1689 2840 1742 radiis
2878 1689 3010 1743 solis
3038 1690 3264 1744 orientis
3292 1689 3494 1744 illumi-

1913 1787 2053 1832 natre
2083 1779 2587 1848 splendidissimum
2617 1780 2797 1834 lumen
2821 1781 3158 1844 emittebant,
3187 1783 3496 1834 oculorum-

1915 1883 2022 1938 que
2060 1871 2232 1924 aciem
2266 1871 2705 1939 perstringehant
2754 1886 2861 1923 non
2899 1886 3061 1925 secus
3099 1886 3162 1925 ac
3218 1873 3350 1926 solis
3405 1889 3494 1926 ra-

1915 1959 2038 2012 dius
2074 1961 2167 2028 qui
2207 1961 2398 2015 oculos
2455 1963 2714 2015 obcaecat.
2754 1962 3151 2016 Accedentibus
3201 1965 3495 2028 extraneis,

1919 2051 2175 2118 templum
2223 2065 2252 2102 a
2281 2052 2472 2119 procul
2510 2051 2683 2105 visum
2706 2089 2722 2115 ,
2755 2053 2914 2120 quasi
2945 2053 3033 2105 nix
3073 2053 3184 2107 alto
3228 2054 3280 2109 in
3313 2067 3496 2110 monte

1915 2151 2065 2194 stans
2131 2141 2455 2205 collucebat,
2526 2143 2654 2210 quia
2707 2152 3046 2196 exstructum
3099 2153 3218 2197 erat
3264 2159 3491 2214 prorsus

1917 2233 2039 2286 albo
2075 2249 2348 2286 marmore
2377 2243 2432 2287 ct
2467 2235 2520 2287 in
2556 2236 2694 2288 colle
2722 2236 2909 2289 situm.
2939 2235 2997 2288 ln
3027 2236 3268 2291 culmine
3306 2251 3490 2291 autem

1915 2323 2099 2392 templi
2148 2333 2304 2378 erant
2337 2324 2563 2379 obelisci
2595 2326 2745 2379 aurei
2804 2336 2858 2380 et
2912 2329 3052 2380 acuti
3115 2343 3347 2396 quorum
3414 2332 3494 2382 al-

1914 2418 2089 2470 titudo
2122 2417 2479 2487 quadraginta
2506 2418 2748 2481 cubitos,
2785 2418 2937 2473 basis
2969 2427 3148 2472 autem
3191 2435 3285 2472 sex
3325 2421 3494 2475 babe-

1916 2507 2025 2571 bat,
2069 2525 2137 2562 ne
2171 2523 2298 2562 aves
2331 2509 2750 2578 supersederent
2779 2509 2833 2563 in
2859 2510 3062 2578 templo
3096 2509 3342 2580 illudque
3365 2527 3489 2566 sor-

1911 2602 2073 2654 dibus
2104 2600 2386 2656 findat-ent.
2426 2600 2683 2666 Quaedam
2708 2611 2865 2655 erant
2909 2603 2963 2655 in
3007 2602 3120 2672 lege
3158 2603 3227 2657 de
3257 2613 3492 2673 quatuor

1913 2693 2119 2747 aedibus
2170 2693 2428 2761 templum
2481 2693 2952 2748 circumdantibus
3018 2696 3369 2765 prwscripta;
3434 2697 3487 2750 in

1914 2783 2144 2851 primam
2189 2783 2356 2845 enim,
2391 2791 2668 2837 externam
2714 2785 2941 2846 scilicet,
2970 2782 3173 2839 Judaeis
3217 2796 3269 2838 ct
3311 2795 3491 2839 extra-

1913 2874 2030 2927 neis
2082 2873 2288 2942 ingredi
2322 2873 2551 2938 licebat;
2588 2874 2641 2926 in
2679 2875 2977 2927 secundam
3005 2872 3209 2927 Judzeis
3244 2892 3258 2940 ;
3291 2875 3342 2927 in
3382 2886 3492 2927 ter-

1915 2961 2046 3012 tiam
2076 2961 2419 3014 sacerdotum
2455 2961 2795 3028 principibus
2827 2962 3126 3029 puriﬁcatis
3161 2963 3483 3032 nitidisque;

1914 3048 1967 3100 in
2000 3058 2248 3115 quartam
2302 3050 2676 3104 sacerdotibus
2720 3052 2974 3114 mundis;
3017 3053 3070 3104 in
3115 3055 3376 3122 templum
3407 3055 3491 3124 ip-

1913 3154 2033 3192 sum
2069 3142 2413 3196 solummodo
2462 3144 2837 3197 sacerdotibus
2870 3144 3234 3199 immaculatis
3283 3147 3488 3201 sacris-

1912 3247 2016 3299 que
2049 3235 2289 3287 vestibus
2348 3234 2592 3301 indutis;
2627 3247 2680 3289 et
2739 3237 2792 3288 in
2842 3238 3140 3305 penetralia
3187 3239 3277 3290 ubi
3333 3248 3491 3294 erant

1908 3323 2102 3385 altare,
2135 3339 2340 3384 mensa,
2378 3325 2735 3389 tlturibulum,
2768 3326 3084 3395 lampasque
3115 3327 3487 3397 inexstiugui-

1905 3412 2058 3477 bilis,
2091 3414 2192 3467 soli
2225 3430 2438 3469 summo
2497 3416 2739 3484 pontiﬁci
2773 3416 2938 3470 semel
2992 3417 3045 3470 in
3093 3432 3259 3471 anno.
3319 3417 3490 3473 Recte

1909 3501 2073 3571 igitur
2139 3506 2214 3556 ait
2271 3506 2535 3574 prepheta
2572 3523 2586 3560 :
2630 3524 2649 3556 ι
2688 3506 2879 3574 Magna
2914 3507 3016 3561 erit
3061 3508 3231 3577 gloria
3291 3509 3488 3564 domus

1905 3593 2399 3650 istiusnovissimte
2428 3597 2547 3665 plus
2569 3611 2735 3665 quam
2770 3598 2980 3665 primae,
3007 3597 3138 3652 dicit
3164 3599 3479 3653 Dominus.»

1909 3682 2046 3736 Nam
2105 3685 2343 3740 secunda
2410 3688 2698 3741 mdilicatio
2739 3689 2929 3757 templi
2987 3690 3178 3758 prima:
3235 3693 3488 3758 praestitit

1911 3783 1966 3826 et
2007 3777 2415 3843 pulchritudine
2467 3787 2520 3835 et
2553 3780 2932 3851 magnitudine
2971 3793 3025 3835 et
3058 3782 3269 3837 ceteris
3300 3783 3486 3838 omni-

1913 3863 2036 3918 bus.
2081 3867 2208 3919 Haec
2255 3868 2546 3926 hactenus.

227 3965 420 4020 τούτου
455 3966 488 4033 ἡ
524 3966 727 4032 ἐσχάτη
765 3965 903 4034 ὑπὲρ
935 3965 1032 4035 τὴν
1071 3963 1316 4034 πρώτην,
1341 3963 1489 4030 λέγει
1517 3961 1719 4030 Κύριος
1751 3976 1794 4010 ι.
1839 3959 1950 4011 Καὶ
1984 3960 2094 4031 γὰρ
2129 3964 2160 4029 ἡ
2198 3960 2244 4031 β’
2287 3965 2547 4035 οίκοδομὴ
2603 3965 2743 4035 αῦτη
2808 3964 2901 4018 τοῦ
2955 3965 3082 4018 ναοῦ
3128 3965 3484 4040 λαμπροτέρα

227 4059 420 4122 γέγονε
450 4055 548 4123 τῆς
617 4053 839 4125 πρώτη-
866 4055 945 4117 εἷς
970 4072 1028 4107 τε
1095 4056 1287 4117 κάλλος
1309 4057 1402 4108 καὶ
1430 4053 1657 4124 μέγεθος
1682 4052 1777 4103 καὶ
1795 4048 1863 4100 τὰ
1892 4049 2054 4106 λοιπά
2085 4057 2286 4109 πάντα.
2329 4058 2440 4109 Καὶ
2487 4057 2660 4111 ταῦτα
2704 4057 2805 4128 μὲν
2837 4058 3035 4121 οὕτως.

309 4128 470 4201 263
507 4147 585 4201 (6i
619 4148 772 4200 Μετὰ
801 4092 861 4201 6)
888 4149 1106 4201 ταῦταὸ
1140 4148 1390 4201 Βασιλεὺς
1423 4149 1644 4201 Δαρεῖος
1689 4147 1809 4195 ὲπι-
1981 4143 2190 4201 Deinde
2239 4163 2333 4201 rex
2384 4149 2581 4201 Darius
2640 4149 2805 4201 variis
2853 4163 2977 4201 cum
3031 4170 3035 4201 ι

306 4128 470 4216 2ό3
507 4147 585 4217 (6)
619 4148 772 4200 Μετὰ
801 4128 861 4201 δῖ
888 4149 1106 4201 ταῦταὸ
1139 4148 1390 4217 βασιλεὺς
1423 4149 1644 4216 Δαρεῖος
1689 4147 1809 4195 ὲπι-

234 4240 575 4310 στρατεύσας
621 4239 761 4308 μετὰ
811 4239 1085 4310 διαφόρων
1119 4240 1536 4308 έθνῶν,Συρίαν
1575 4237 1672 4306 μὲν
1713 4235 1809 4287 καὶ

225 4332 484 4400 Φοινίκην
520 4331 617 4382 καὶ
657 4331 756 4400 τὴν
776 4332 1049 4401 παραλίαν
1071 4335 1251 4386 πᾶσαν
1284 4331 1601 4384 ἑσκύλευσε.
1632 4329 1712 4398 Τῇ
1751 4325 1808 4379 δὲ

241 4421 605 4490 Ἰερουσαλὴμ
633 4420 941 4472 ἐπανελθὼν
967 4420 1279 4489 κατεϐλήθη
1298 4421 1389 4472 καὶ
1407 4417 1623 4471 διόλωλε
1658 4433 1807 4484 παμ-

1981 4143 2190 4201 Deinde
2239 4163 2333 4201 rex
2384 4149 2581 4201 Darius
2640 4149 2805 4203 variis
2853 4163 2977 4202 cum
3030 4150 3283 4217 gentibus
3345 4151 3483 4208 bella

1908 4237 2096 4305 gessit,
2125 4247 2179 4290 ct
2211 4237 2448 4308 Syriam,
2491 4239 2826 4292 thniciam
2854 4254 3152 4309 omnesque
3180 4243 3482 4299 maritimas

1909 4330 2161 4394 regiones
2210 4330 2315 4384 sub
2344 4331 2548 4384 ditione
2577 4346 2675 4384 sua
2718 4331 2946 4400 redegit.
2978 4332 3255 4387 Adversus
3298 4345 3481 4389 autem

1906 4416 2206 4474 Jerusalem
2250 4436 2502 4476 reversus
2537 4421 2781 4490 dejectus
2811 4434 2894 4476 est
2941 4435 2995 4476 et
3027 4426 3207 4492 periit,
3263 4427 3480 4481 ealitns

227 4485 447 4578 πληθεὶ,
477 4485 575 4562 τοῦ
602 4510 736 4563 Θεοῦ
757 4510 1040 4578 θεηλάτοις
1069 4485 1231 4563 αύτδν
1269 4485 1512 4579 ⁷πληγαῖς
1531 4511 1625 4562 καὶ
1657 4525 1794 4575 σκηο
1822 4485 1876 4543 D
1900 4527 1916 4563 (

1786 4485 2118 4567 ’Ποηιὶδείε
2167 4513 2340 4584 plagis
2391 4524 2444 4568 et
2485 4513 2806 4569 fulminibus
2855 4532 3145 4584 percussus
3195 4534 3318 4572 cum
3377 4520 3475 4574 mi-

227 4603 385 4663 πτοῖς
404 4602 740 4664 πατάξαντος
762 4603 972 4664 καὶτὰς
991 4604 1086 4655 σὺν
1102 4602 1246 4671 αύτῷ
1269 4602 1552 4671 μυριάδας.
1571 4599 1802 4652 Κάντεῦο

231 4694 324 4745 θεν
350 4694 449 4762 μὲν
470 4693 628 4763 νίκην
651 4695 954 4763 παράδοξον
977 4695 1176 4748 Ξδωκεν
1199 4698 1225 4746 ὁ
1241 4694 1375 4758 Θεὸς
1391 4696 1490 4764 τὴν
1512 4697 1568 4746 ἐν
1603 4693 1799 4762 Ἰερου-

227 4785 434 4854 σαλὴμ,
462 4785 646 4838 ὅπλων
677 4786 771 4838 καὶ
805 4787 985 4855 μάχης
1023 4788 1200 4849 ἐκτὸς,
1235 4786 1465 4839 πλούτου
1504 4786 1560 4838 δὲ
1589 4785 1683 4837 καὶ
1711 4784 1800 4835 λα-

227 4875 419 4945 φύρων
473 4877 717 4945 ἀπείρων
758 4876 1015 4945 ἔπλησεν,
1063 4878 1323 4947 ἄρχοντος
1366 4878 1461 4930 τοῦ
1496 4876 1796 4945 Ζοροϐάϐελ

224 4965 374 5027 τότε,
415 4965 537 5034 μεθ’
561 4961 636 5018 ὧν
670 4969 717 4998 ’³
753 4967 936 5020 οὐκέτι
969 4969 1151 5036 ἕτερος
1179 4971 1240 5021 ἐκ
1281 4968 1373 5021 τοῦ
1406 4969 1578 5022 Ἰούδα
1604 4964 1793 5038 ἧρξεν,

225 5058 344 5109 ἀλλ’
374 5060 422 5110 ei
481 5059 758 5128 ἀρχιερεῖς
796 5062 1149 5130 ἡγεμόνευον.
1183 5062 1336 5115 Μετὰ
1379 5063 1489 5131 γὰρ
1536 5063 1636 5129 τὴν
1689 5061 1795 5112 ἀπ’)

229 5150 546 5212 Βαϐυλῶνος
579 5151 837 5203 ἐπάνοδον
865 5151 1051 5204 οὐκέτι
1087 5151 1345 5221 βασιλεῖς,
1378 5152 1492 5204 ἀλλ’
1520 5154 1791 5222 ἀρχιερεῖς

227 5241 410 5293 αὐτῶν
444 5236 634 5310 ἦρχον.
668 5242 746 5309 (7)
798 5243 889 5296 Διό
920 5260 1084 5314 φησιν
1122 5247 1149 5296 ὁ
1201 5245 1370 5313 μέγας
1407 5244 1682 5308 Βασίλειος
1708 5247 1753 5279 ⁷⁸
1779 5263 1791 5273 ·

229 5331 712 5400 «Καθαιρεθείσης
775 5335 884 5404 γὰρ
951 5334 1048 5403 τῆς
1119 5335 1473 5406 Ἰερουσαλὴμ
1543 5337 1647 5388 ὑπὸ
1700 5341 1792 5391 τοῦ

228 5422 743 5496 Νιΰονχοδονὸσωρ,
783 5425 971 5480 λέλυτο
1031 5429 1128 5496 μὲν
1175 5429 1239 5480 τὰ
1289 5431 1554 5495 βασίλεια,
1611 5434 1793 5486 οὐκέτι

1900 4604 2055 4656 litum
2104 4605 2450 4660 multitudine
2503 4606 2729 4675 ingenti.
2764 4604 2918 4659 Tunc
2959 4609 3100 4662 Deus
3135 4611 3281 4663 dedit
3335 4610 3477 4665 hanc

1900 4695 2201 4749 mirabilem
2245 4697 2527 4750 victoriam
2567 4696 2863 4752 Jerusalem
2905 4699 3023 4753 sine
3061 4701 3226 4754 armis
3264 4712 3316 4754 et
3355 4703 3479 4756 abs-

1896 4804 2003 4856 que
2031 4803 2228 4858 pugna,
2259 4797 2312 4841 et
2352 4789 2497 4842 illam
2543 4790 2748 4844 divitiis
2800 4790 3217 4860 ingentibusque
3282 4795 3471 4863 spoliis

1899 4879 2161 4945 implevit,
2193 4879 2330 4932 duce
2360 4877 2682 4945 Zorobabel,
2720 4892 2842 4951 post
2870 4898 3033 4952 quem
3065 4886 3298 4938 nulluse
3329 4884 3468 4942 Juda

1906 4971 2210 5039 imperavit,
2269 4973 2433 5026 duces
2481 4981 2665 5026 autem
2707 4971 2857 5028 fuere
2901 4975 3174 5043 principes
3226 4979 3475 5032 sacerdoo

1905 5075 2039 5119 tum.
2074 5062 2205 5118 Post
2233 5064 2376 5116 enim
2407 5065 2635 5117 reditum
2669 5080 2698 5118 a
2735 5064 3004 5136 Babylone
3035 5083 3138 5119 ιιοιι
3168 5083 3196 5120 a
3233 5070 3467 5135 regibus,

1907 5157 2054 5210 seda
2090 5157 2423 5225 principibus
2476 5156 2826 5210 sacerdotum
2890 5154 3059 5209 Jttdwi
3121 5160 3464 5225 regebantur.

1906 5244 2058 5301 Unde
2110 5247 2185 5300 ait
2239 5261 2467 5314 magnus
2529 5245 2858 5300 Basiliuszt
2912 5245 3112 5299 Eversa
3172 5246 3468 5302 Jerusalem

1903 5355 1930 5390 a
1962 5337 2488 5400 Nabuchodonosor,
2521 5337 2680 5406 periit
2722 5338 2865 5404 regia
2898 5345 3159 5405 potestas,
3215 5354 3314 5392 nec
3356 5340 3466 5403 jam

1904 5429 2191 5500 imperium
2223 5429 2543 5484 translatum
2580 5429 2910 5490 haereditate.
2943 5439 3000 5483 ut
3040 5439 3219 5492 antea,
3268 5430 3388 5483 fuit.
3425 5432 3464 5483 Α

1433 5545 1628 5606 Varire
1677 5548 1984 5610 lectiones
2019 5555 2077 5606 et
2122 5552 2310 5606 notae.

301 5658 348 5742 ’ξ
375 5676 498 5742 κατ.
529 5661 596 5742 τὲε
620 5665 914 5742 πρωὶ-τῷ
943 5666 1138 5742 ὁρῶντι
1175 5669 1488 5738 νομίζεσθαι
1512 5674 1891 5740 κεχρυσῶσθαι
1925 5672 1990 5724 τὰ
2026 5672 2224 5723 πάντα.
2350 5668 2474 5742 cod.
2506 5741 2514 5742 ί
2553 5671 2601 5742 ⁶ᾔ
2627 5668 3012 5742 έπίποδλεοιξζ
3033 5738 3050 5742 _
3071 5669 3126 5742 "_
3145 5667 3320 5742 τοῦ-ἐξ
3343 5668 3462 5742 cod.

227 5727 290 5800 "_
323 5730 710 5800 djriatpstptv?
815 5736 857 5764 ’⁸
887 5719 1370 5800 λευκοτάτοιςιιξοῆ.

226 5797 312 5851 ed.
348 5797 470 5852 Par.
513 5797 672 5856 nso.
711 5803 793 5860 ιιι.
819 5804 920 5858 δοῖ
953 5805 1036 5858 Εη
1066 5809 1166 5861 διεδ
1208 5797 1247 5862 ιλ

1476 5744 1518 5771 ⁷³
1552 5744 1818 5810 ἀνδρὲοιῗδ

1922 5745 1961 5769 ’⁵
1990 5743 2122 5809 Agg.
2195 5755 2248 5802 ιι,
2313 5739 2394 5790 10.
2502 5741 2543 5768 ⁷⁸
2576 5740 2672 5790 ὄνῖ
2749 5741 2790 5770 ’⁸
2823 5739 2915 5807 Ep.
2948 5738 3074 5791 256.
3108 5739 3209 5789 ῦπὸ
3237 5737 3465 5793 Basilius
