4278 6446
797 400 903 464 313

1994 403 2309 467 GEORGII
2349 409 2794 474 HAMARTOIJ

3918 404 4026 470 3M

795 531 1056 571 coronam
1091 528 1217 572 sunt
1248 517 1507 571 assecuti.
1545 515 1616 572 De
1638 517 1840 588 quibus
1872 519 2110 589 loquitur
2131 529 2353 574 sanctus
2389 527 2430 582 Α
2463 543 2484 592 μ

2342 536 2353 574 ι
2389 527 2430 582 Α
2463 527 2767 595 μαρτυρίου
2807 525 3069 596 στέφανον
3099 525 3356 589 ὡσαύτως
3403 524 3727 596 ἀνιδήσαντο
3762 522 3858 592 (ι).
3895 524 4031 592 Περὶ

795 607 1107 675 Gregorius.
1159 609 1248 663 Sic
1290 610 1561 665 conclusit
1599 612 1963 666 sacerdotium
2002 627 2158 665 suum
2197 611 2355 666 divus

798 697 1085 756 Eleazarus
1123 702 1212 770 qui
1241 701 1432 758 doctus
1458 713 1574 757 erat
1598 713 1651 759 et
1672 705 1931 759 docuerat
1961 707 2222 767 cmlcstia,
2260 720 2359 759 nec

791 799 1017 846 externa
1048 791 1221 847 aliena
1269 797 1602 863 aspersione,
1634 798 1727 850 sed
1760 813 1862 852 suo
1895 799 2160 867 sanguine
2188 798 2356 852 Israel

792 879 1173 942 sanctificavit,
1219 894 1273 937 et
1304 893 1474 937 morte
1518 883 1769 938 ultimum
1815 887 2129 954 mysterium
2165 885 2352 939 confe-

792 971 886 1025 cit.
920 971 998 1026 lta
1032 974 1182 1041 pueri
1219 973 1418 1027 nedum
1447 975 1817 1045 voluptatibus
1852 977 2143 1042 servirent,
2176 977 2358 1031 libidi-

794 1065 954 1118 nibus
1009 1065 1250 1128 domitis,
1306 1082 1505 1137 corpus
1541 1068 1899 1137 puriﬁcavere
1960 1077 2014 1124 et
2069 1070 2134 1123 ad
2190 1071 2353 1124 vitam

791 1153 940 1207 nullo
960 1153 1132 1209 dolori
1159 1157 1446 1210 obnoxiam
1472 1159 1757 1213 transiere.
1781 1159 1871 1212 Sic
1900 1167 2189 1228 pereuntes
2216 1159 2356 1213 ﬁlios

791 1245 992 1299 multos
1037 1247 1173 1300 vidit
1225 1257 1416 1311 mater,
1464 1264 1607 1318 quae,
1659 1258 1718 1303 ut
1778 1248 1914 1303 dixit
1956 1249 2198 1318 quidam,
2249 1248 2356 1303 illis

789 1330 1096 1390 viventibus
1126 1337 1483 1406 gloriabatur,
1523 1341 1761 1395 moriens
1809 1355 1990 1394 secum
2023 1340 2077 1393 in
2129 1351 2353 1394 mortem

788 1427 908 1481 illos
945 1429 1156 1482 induxit
1187 1439 1262 1495 et,
1288 1446 1426 1499 quos
1453 1434 1655 1486 mundo
1683 1441 1964 1501 genuerat,
1993 1431 2100 1485 Deo
2134 1431 2351 1485 obtulit.

787 1519 1064 1574 Attonitus
1103 1520 1219 1588 ipse
1263 1522 1562 1576 Antiochus
1613 1524 1664 1575 in
1721 1523 2139 1576 admirationem
2177 1523 2353 1576 minas

789 1612 1159 1665 commutavit.
1180 1611 1355 1668 Probe
1392 1616 1574 1670 sciunt
1622 1617 1765 1671 enim
1804 1617 1988 1670 mirari
2025 1617 2274 1671 virtutem
2302 1626 2355 1672 et

786 1699 1072 1757 bellatores
1101 1705 1320 1772 quando
1347 1708 1629 1761 recedente
1658 1708 1735 1761 ira
1776 1717 1978 1762 statum
2009 1723 2190 1762 rerum
2223 1722 2351 1762 exa-

787 1791 998 1846 minant
1047 1810 1111 1849 ac
1155 1795 1351 1850 deinde
1404 1799 1472 1850 ab
1522 1799 1728 1864 agendo
1771 1798 2060 1854 desistunt.
2099 1798 2192 1852 His
2235 1814 2353 1853 om—

2466 611 2539 669 ὧν
2560 619 2588 668 ὁ
2621 617 2792 686 μέγας
2817 619 3113 688 Γρηγόριοες
3141 636 3305 687 φησιν
3323 637 3337 651 ο
3371 637 3389 668 t
3420 617 3605 681 οὕτως
3639 619 3911 672 ἀτέλαυσι
3930 617 4032 683 τῆς

2469 707 2762 778 ἱερωσύνης
2798 708 2828 758 δ
2852 711 2993 771 θεῖος
3029 704 3291 776 Ἐλεάζαρ
3324 708 3548 778 μυηθεὶς
3593 707 3687 759 καὶ
3718 708 3932 773 μυήσας
3961 706 4028 756 τὰ

2465 799 2760 866 ἐπουράνια
2789 800 2884 851 καὶ
2903 800 2965 851 οὐ
2995 803 3105 862 τοῖς
3126 797 3322 862 ἔξωθεν
3345 798 3658 868 ραντισμοῖς
3680 797 3770 848 τὸν
3809 793 4030 862 Ἰσραὴλ

2465 889 2719 954 ἁγιάσας,
2769 889 2884 941 ἀλλ’
2912 890 3134 952 οἰκείοις
3159 889 3373 957 αἵμασι,
3398 889 3491 941 καὶ
3543 889 3775 956 ποιήσας
3807 886 3909 955 τὴν
3937 903 4030 938 τε·

2463 981 2658 1048 λευτὴν
2684 981 2990 1033 τελευταῖον
3023 983 3338 1049 μυστήριον.
3375 979 3530 1032 Οὕτω
3553 981 3647 1034 καὶ
3679 981 3727 1032 oi
3757 979 3865 1031 νέοι
3898 979 4028 1031 παττ-

2460 1071 2549 1131 δες
2585 1071 2684 1139 οὐχ
2712 1071 2927 1140 ήδοναῐς
2963 1069 3367 1136 δουλεύσαντες,
3406 1071 3539 1124 ἀλλὰ
3567 1072 3675 1124 τῶν
3715 1072 3903 1124 παθῶν
3929 1087 4030 1123 aruo

2465 1159 2780 1228 ριεύσαντες
2806 1160 2900 1212 καὶ
2929 1161 2991 1214 τὸ
3031 1159 3352 1228 σιῖιμαβὸι)
3393 1161 3843 1228 καθαγνίσαντες,
3888 1158 4030 1226 πρὸς

2460 1253 2560 1322 τήν
2590 1253 2775 1323 ἀπαθῆ
2801 1253 2946 1323 ζωήν
2972 1253 3329 1322 μετέστησαν.
3367 1271 3385 1303 ι
3414 1283 3480 1293 -
3513 1253 3726 1315 (Οὕτως
3749 1253 4027 1306 ἀπέλαυσε

2459 1342 2560 1406 τῆς
2581 1343 2940 1406 πολυτεκνίας
2967 1344 3001 1414 ή
3045 1347 3248 1414 μήτηρ,
3301 1341 3376 1404 ῶς
3409 1343 3542 1410 φησί
3571 1361 3676 1407 τις,
3732 1342 3905 1405 οὕτως
3933 1344 4030 1395 καὶ

2461 1432 2626 1496 ζῶσιν
2657 1431 3088 1494 ὲκαλλωπίσατο,
3115 1435 3208 1484 καὶ
3237 1431 3550 1484 ἀπελθοῦσα
3576 1431 4024 1484 συνανεπαύσατο

2460 1524 2556 1577 καὶ
2594 1522 2686 1586 οὓς
2712 1524 2970 1592 ἐγέννησε
3008 1517 3216 1592 κόσμῳ,
3243 1522 3361 1592 Θεῷ
3392 1521 3812 1590 παραστήσασα.
3858 1521 4029 1584 Ἦγά-

2461 1615 2564 1682 σθη
2599 1615 2656 1666 δὲ
2710 1616 2806 1668 καὶ
2844 1614 3114 1684 ’Λντίοχος
3170 1613 3313 1666 οὕτω
3367 1612 3684 1684 μεταϐαλὼν
3725 1616 3802 1676 είς
3841 1613 4028 1682 θαῦμα

2458 1704 2556 1776 τήν
2591 1705 2846 1773 ἀπειλήν.
2873 1706 3052 1757 Ἰσασι
3091 1703 3200 1773 γὰρ
3243 1704 3546 1772 θαυμάζειν
3584 1705 3785 1776 ἀρετὴν
3815 1705 4027 1774 ἀνδρῶν

2460 1796 2554 1849 καὶ
2586 1796 2854 1865 πολέμιοι,
2887 1795 3038 1858 ὅταν,
3062 1793 3158 1847 τοῦ
3182 1795 3352 1865 θυμοῦ
3375 1795 3660 1864 λήξαντος,
3709 1796 3792 1862 ἐφ’
3826 1795 4027 1863 ἑαυτῆς

788 1883 948 1936 nibus
1009 1898 1104 1939 rex
1163 1889 1370 1954 pudore
1436 1888 1658 1944 all‘cctus
1721 1901 1775 1944 et
1835 1891 2038 1960 majore
2097 1892 2352 1945 incensus
2388 1874 2477 1956 δή

2336 1906 2352 1945 5
2388 1874 2425 1926 Β
2453 1889 2484 1956 ἠ
2520 1887 2719 1954 πρᾶξις
2746 1887 3132 1959 δοκιμάζηται,
3172 1887 3312 1941 ῶστε
3339 1887 3430 1939 καὶ
3470 1887 3712 1957 ἀπῆλθεν
3741 1889 4025 1958 ἄπρακτος

786 1972 865 2024 ira
914 1987 1068 2027 sacra
1125 1990 1254 2030 vasa
1306 1977 1469 2046 cepit,
1534 1979 1651 2032 auri
1708 1979 2022 2048 argentique
2073 1979 2181 2032 vim
2247 1978 2348 2031 im-

786 2077 1032 2117 mensam
1090 2068 1385 2134 congessit,
1421 2080 1474 2122 et
1521 2070 1656 2124 urbe
1687 2079 1897 2124 vastata
1945 2070 2353 2139 pecudibusque

784 2153 1003 2216 occisis,
1057 2157 1234 2210 omnia
1270 2157 1416 2212 cardo
1464 2159 1752 2227 complevit
1797 2169 1852 2213 et
1901 2160 2067 2212 multa
2112 2160 2351 2214 minatus

784 2244 1129 2299 Antiochiam
1164 2263 1416 2304 reversus
1467 2261 1594 2312 est,
1644 2265 1840 2319 magno
1896 2251 2081 2306 dolore
2132 2248 2350 2306 atl'ectos

785 2336 924 2389 ﬁlios
955 2335 1118 2392 Israel
1159 2340 1491 2407 relinquens.
1529 2339 1761 2394 Duobus.
1783 2340 1943 2395 anuis
1976 2341 2196 2410 elapsis,
2227 2355 2350 2394 cum

783 2425 967 2483 Persis
1009 2429 1146 2483 bella
1197 2430 1380 2499 gessit,
1421 2431 1844 2500 prefectumque
1889 2433 2037 2486 misit
2077 2431 2130 2486 in
2187 2435 2352 2487 urbes

781 2515 1005 2586 Judzeae,
1031 2522 1123 2590 qui
1153 2523 1434 2593 vectigalia
1465 2525 1724 2594 exigeret.
1744 2523 1843 2579 Hic
1876 2540 2068 2593 magna
2100 2540 2222 2579 cum
2251 2524 2351 2579 ho-

785 2611 992 2664 minum
1022 2612 1174 2681 copia
1203 2614 1424 2668 advenit
1455 2631 1754 2686 pacemque
1779 2616 2046 2671 simulans
2074 2615 2348 2670 civitatem

782 2697 1085 2756 Jerusalem
1117 2703 1242 2758 dolo
1272 2705 1550 2775 ingressus
1588 2718 1704 2773 est;
1740 2718 1794 2762 et
1834 2690 2027 2776 magna
2062 2707 2216 2761 clade
2247 2703 2346 2760 Ju-

781 2791 928 2844 dzeos
1001 2791 1202 2859 aﬂ‘ecit,
1265 2798 1466 2851 muenia
1527 2797 1752 2862 evertit,
1819 2797 2119 2866 urbemque
2183 2805 2347 2850 totam

782 2882 998 2950 deiecit,
1034 2883 1349 2954 diruitque;
1409 2887 1668 2956 templum
1714 2888 1946 2957 impuris
1992 2886 2351 2956 nefandisque

781 2975 1066 3029 sacriﬁciis
1097 2977 1360 3044 hnplevit,
1390 2987 1446 3034 et
1480 2989 1741 3048 negantes
1781 2980 2073 3034 simulacra
2104 2977 2348 3049 gentium

779 3065 928 3118 adire
959 3066 1371 3137 prohibitasque
1427 3085 1620 3125 carnes
1658 3072 1817 3125 edere
1849 3069 2064 3125 Juda‘os
2099 3069 2351 3124 indiscri-

781 3155 1028 3208 minatim
1092 3157 1312 3213 occidit.
1379 3157 1701 3216 Innumeros
1772 3162 1938 3230 igitur
1987 3163 2170 3223 viros,
2229 3175 2351 3214 mu-

2454 1977 2550 2031 καὶ
2583 1977 3056 2048 ἀπληροφόρητος.
3094 1997 3113 2030 ι
3155 1979 3202 2010 ⁷⁸
3233 1980 3309 2051 (5)
3349 1978 3470 2045 Ὑφ’
3502 1971 3576 2033 ὧν
3608 1979 3828 2048 (τοίνυν)
3861 1981 3889 2031 ὁ
3932 1979 4027 2030 τύ-

2459 2087 2648 2137 ραννος
2677 2070 3101 2141 καταισχυνθεὶς
3126 2074 3220 2123 καὶ
3252 2071 3452 2138 μᾶλλον
3490 2071 3748 2140 ἐκμανεὶς
3788 2070 3927 2139 (καὶ)
3957 2069 4027 2124 τὰ

2458 2159 2577 2228 [cpi
2629 2160 2798 2230 σκεύη
2823 2161 3001 2214 πάντα
3029 2162 3075 2192 ⁷⁷
3113 2161 3312 2225 λαϐὼν,
3345 2162 3544 2231 χρυσόν
3573 2178 3633 2212 τε
3657 2161 3751 2214 καὶ
3784 2160 4028 2230 ἄργυρον

2452 2249 2680 2320 ἄπειρον
2709 2250 2805 2303 καὶ
2835 2253 3015 2305 πᾶσαν
3061 2252 3162 2322 τήν
3191 2252 3348 2304 πόλιν
3397 2251 3874 2320 λαφυραγωγήσας
3932 2252 4028 2304 καὶ

2451 2338 2519 2391 τὰ
2544 2340 2716 2409 κτήνη
2747 2342 3124 2410 κρεουργήσας
3154 2343 3250 2396 καὶ
3271 2343 3471 2412 πολλὴν
3495 2343 3839 2410 φονοκτονίαν
3866 2343 4027 2409 ποιή-

2457 2447 2554 2492 σας
2588 2433 2684 2483 καὶ
2716 2432 3299 2502 μεγαλορῤημονήσας.
3327 2433 3676 2502 ἀνεχώρησεν
3705 2435 3784 2495 είς
3823 2431 4030 2483 Ἀντιδ-

2454 2539 2606 2591 χειαν
2635 2522 2805 2591 (μέγα
2844 2522 3039 2585 πένθος
3092 2523 3426 2591 καταλείψας
3456 2527 3572 2585 τοῖς
3597 2525 3731 2586 υἱοῖς
3767 2522 4028 2592 Ἰσραήλ).

2413 2643 2418 2648 .
2452 2643 2519 2652 _
2557 2613 2671 2666 Καὶ
2700 2612 2839 2681 μετὰ
2884 2611 2931 2682 β’
2977 2615 3072 2681 ἔτη
3123 2614 3265 2666 κατὰ
3295 2613 3521 2683 Περσῶν
3570 2615 4028 2682 ἐπιστρατεύσας.

2453 2703 2773 2759 ἀπέστειλεν
2804 2703 3044 2774 ἄρχοντα
3068 2705 3117 2735 ⁷⁸
3151 2704 3522 2774 φορολογῆσαι
3564 2705 3662 2766 τάς
3706 2704 3891 2764 πόλεις
3929 2704 4032 2755 Ἰεο

2456 2795 2762 2865 ρονσαλὴμ,
2792 2796 2852 2859 ὃς
2885 2797 3330 2866 παραγενόμενος
3351 2797 3490 2864 μετά
3517 2795 3717 2863 πολλῆς
3744 2795 4033 2861 δυνάμεως

2454 2887 2548 2936 καὶ
2582 2883 2822 2952 λαλήσας
2845 2885 3156 2953 εἰρηνικοὺς
3179 2885 3392 2952 λόγους,
3418 2885 3558 2952 μετά
3587 2884 3740 2936 δόλου
3771 2883 3909 2951 πρὸς
3934 2883 4033 2949 τὴν

2454 2975 2610 3029 πόλιν
2678 2976 3038 3046 Ἰερουσαλὴμ
3067 2978 3110 3008 ⁷⁸
3138 2975 3396 3032 εἰσελθὼν
3445 2973 3714 3040 ἐπάταξεν
3745 2974 3945 3034 αὐτοὺς
3979 2969 4034 3002 ⁸⁸

2454 3066 2637 3135 πληγῇ
2668 3067 2902 3138 μεγάλῃ,
2930 3067 3026 3118 καὶ
3047 3066 3291 3118 καθελὼν
3322 3065 3393 3118 τὰ
3412 3066 3590 3134 τείχῃ,
3613 3066 3792 3118 πᾶσαν
3815 3061 4032 3132 (αὐτὴν)

2455 3157 2724 3225 ἐνέπρησε
2762 3158 2927 3226 210
2953 3155 3069 3224 (καὶ
3095 3158 3481 3226 κατέστρεψε),
3531 3155 3710 3207 καὶτὸ
3747 3154 3848 3222 μὲν
3881 3153 4030 3222 ἱερὸν

780 3246 938 3301 lieres
968 3263 1276 3318 puerosque
1306 3251 1516 3320 magnis
1545 3252 1815 3322 saevisque
1851 3251 2183 3307 cruciatibus
2218 3250 2349 3304 all‘e-
2374 3213 2420 3275 Ο
2463 3257 2469 3304 4

2343 3281 2349 3289 -
2374 3213 2420 3275 Ο
2463 3213 2626 3316 (ἀσωτ
2638 3213 2744 3310 ίαις
2762 3213 3144 3317 ἷάἶῑμιαραῖς
3173 3213 3394 3310 θυσίαις
3409 3213 3790 3316 ἀνεπλήρωσεν
3813 3245 3880 3308 ⁸⁸,
3900 3213 4032 3307 τοὺς

780 3347 898 3392 ctos
930 3339 1219 3405 interfecit,
1256 3349 1309 3397 et
1347 3344 1548 3398 multos
1579 3344 1824 3411 captivos
1866 3359 2051 3399 secum
2097 3341 2345 3407 abduxit,

779 3431 972 3485 relicto
998 3432 1240 3501 principe
1271 3433 1363 3502 qui
1392 3445 1617 3490 caeteros
1645 3434 1864 3489 Judaios
1888 3442 2125 3488 vexaret.

2458 3339 2514 3390 δὲ
2552 3339 2625 3407 μὴ
2660 3339 3162 3408 προσαιρονμένους
3217 3339 3324 3390 τῶν
3368 3338 3636 3392 Ἰουδαίων
3686 3334 4033 3402 μεταϐαίνειν

2454 3432 2532 3492 εἰς
2565 3430 2630 3482 τὰ
2673 3430 2961 3498 Ἑλληνικά
2987 3431 3034 3463 ⁸³
3075 3432 3168 3483 καὶ
3197 3430 3306 3481 τῶν
3335 3430 3608 3499 ἀθεμίτων
3634 3425 4030 3494 ἀπογεύεσθαι,

779 3523 1012 3590 ἀφειδῶς
1051 3527 1413 3581 κατέκτεινεν.
1451 3528 1684 3593 Πολλοὺς
1755 3523 1848 3581 οὖν
1885 3529 2108 3598 (ἄνδρας
2153 3527 2249 3580 καὶ
2315 3527 2578 3593 γυναῖκας
2615 3526 2710 3577 καὶ
2776 3527 2975 3587 παῖδας
3036 3525 3175 3592 μετὰ
3208 3525 3419 3577 πολλῶν
3453 3525 3548 3577 καὶ
3571 3524 3826 3593 χαλεπῶν
3865 3521 4030 3575 κολά-

782 3625 942 3687 σεων)
973 3623 1177 3675 ἀνελὼν
1212 3623 1326 3692 (καὶ
1390 3623 1582 3688 ἄλλους
1632 3623 2104 3694 αίχμαλωτεύσας)
2149 3621 2381 3689 ἀπῆλθε,
2461 3619 2698 3690 ἄρχοντα
2758 3619 3080 3674 καταλιπὼν
3129 3621 3209 3684 είς
3261 3620 3323 3673 τὸ
3373 3620 3686 3689 βασανίζειν
3721 3622 3847 3683 τοὺς
3897 3621 4032 3672 ἰου-

778 3711 979 3776 δαίους.

1152 3857 1237 3911 Cl.
1279 3857 1353 3911 De
1381 3857 1650 3912 sacerdote
1680 3857 2006 3912 H‘athalhia.

849 3970 1186 4025 'Mathathias
1231 3971 1452 4042 quidam
1504 3971 1761 4027 sacerdos
1791 3972 1878 4026 cui
1925 3971 2168 4040 quinque
2202 3978 2357 4023 erant

780 4064 900 4127 ﬁlii,
932 4065 1075 4118 inter
1103 4079 1241 4134 quos
1273 4064 1442 4119 Judas
1467 4064 1822 4128 Maccabeus,
1855 4065 1970 4117 zelo
2011 4072 2196 4132 raptus
2225 4061 2356 4115 ado-

779 4160 922 4211 ritur
975 4155 1323 4225 pmfectutn;
1373 4171 1481 4227 quo
1516 4156 1843 4221 ‘interl‘ecto,
1898 4162 2186 4223 congregat
2236 4168 2355 4208 om-

779 4264 874 4304 nes
918 4264 1047 4304 suos
1102 4259 1155 4303 et
1203 4249 1389 4319 dejicit
1431 4251 1612 4304 omnia
1659 4249 1872 4318 impura
1921 4249 2162 4318 gentium
2212 4247 2348 4299 alta-

776 4341 894 4401 ria,
968 4339 1278 4409 occiditque
1335 4339 1511 4409 legum
1582 4348 1928 4410 paternarum
2018 4339 2343 4392 desertores.

2652 3855 2772 3906 PA’.
2807 3853 2947 3920 Περὶ
2977 3852 3084 3905 τοῦ
3121 3851 3494 3905 Ματθία-ϐίου
3519 3849 3717 3918 ιερέως
3751 3849 3818 3904 ⁸³.

2523 3965 2568 3996 “³
2595 3966 2843 4027 Ματθίας
2871 3967 2928 4019 δέ
2958 3983 3042 4028 τις
3088 3966 3292 4035 ἱερεὺς,
3339 3963 3482 4034 ἔχων
3529 3965 3678 4025 υίοῦς
3712 3961 3773 4024 ε’,
3826 3962 3921 4030 ἀφ’
3953 3956 4028 4014 ῶν

2464 4055 2667 4118 Ἰούδας
2702 4059 2731 4108 ὁ
2781 4056 3137 4116 Μακκαὸαἶος
3173 4054 3490 4123 ἐτύγχανεν.
3543 4053 3707 4123 ζήλου
3765 4053 4028 4123 πλησθεὶς

2455 4145 2548 4196 καὶ
2574 4147 2822 4214 ὁρμήσας
2851 4146 2995 4199 κατὰ
3034 4143 3132 4197 τοῦ
3162 4144 3444 4214 ἄρχοντος,
3493 4143 3703 4195 ἀνεῖλεν
3739 4143 3901 4195 αυτὸν
3936 4145 4031 4196 καὶ

2454 4237 2780 4306 συναγαγὼν
2802 4240 3049 4301 ἅπαντας
3075 4239 3201 4300 τοὺς
3241 4237 3369 4307 περὶ
3407 4236 3590 4299 αὐτὸν,
3623 4237 3912 4305 ἐπέρχεται
3935 4237 4031 4287 καὶ

2451 4332 2833 4384 κατασκάπτει
2879 4333 3007 4393 τοὺς
3032 4330 3381 4399 ἀκαθάρτους
3425 4327 3644 4396 βωμοὺς
3671 4328 3779 4380 τῶν
3835 4327 4029 4398 Ἐλλή-

772 4430 911 4483 Cum
968 4429 1338 4484 tumultuatim
1387 4446 1417 4484 e
1464 4428 1752 4485 Persarum
1797 4444 1965 4498 regno
1997 4428 2171 4481 victus
2203 4428 2343 4480 redi-
2380 4413 2461 4477 Dx

2338 4456 2343 4466 ι
2380 4413 2574 4487 1)νων,
2627 4424 2721 4475 καὶ
2770 4424 2895 4486 τοὺς
2937 4422 3379 4482 ἀποστατοῦντας
3433 4421 3481 4452 ⁸⁸
3513 4420 3606 4473 τοῦ
3662 4420 3827 4487 νόμου
3872 4421 4027 4473 ἀναι-

773 4531 856 4576 ret
925 4522 1224 4577 Antiochus
1258 4560 1272 4584 ,
1325 4521 1521 4577 defecit
1579 4523 1761 4576 animo
1818 4530 1978 4589 atque
2033 4519 2350 4589 proceribus

774 4613 913 4666 dixit
946 4627 960 4663 :
1011 4631 1029 4664 ι
1068 4611 1313 4667 Recessit
1361 4627 1588 4667 somnus
1621 4613 1690 4666 ab
1736 4612 1909 4666 oculis
1940 4611 2096 4672 meis,
2133 4619 2186 4663 et
2212 4623 2349 4662 con-

771 4703 902 4769 cidi,
933 4710 984 4757 et
1019 4712 1224 4772 aegroto
1253 4717 1364 4771 pm
1403 4701 1787 4756 sollicitudine.
1829 4697 1987 4753 Nunc
2022 4713 2149 4754 vero
2184 4698 2348 4752 remi-

770 4795 957 4849 niscor
992 4794 1256 4847 malorum
1305 4809 1426 4861 quae
1473 4793 1575 4847 feci
1618 4793 1674 4846 in
1716 4790 2088 4846 Jerusalem...
2147 4804 2350 4859 cogno-

770 4885 821 4936 vi
871 4883 998 4952 quia
1056 4891 1339 4952 propterea
1395 4882 1718 4937 invenerunt
1762 4896 1848 4935 me
1894 4880 2036 4934 mala
2089 4879 2192 4934 ista
2235 4896 2250 4932 :
2295 4887 2351 4934 et

769 4991 899 5029 ecce
962 4991 1126 5043 pereo
1157 4975 1212 5029 in
1243 4985 1387 5029 terra
1421 4975 1617 5030 aliena.
1654 4992 1672 5026 ι
1708 4973 1773 5027 Et
1807 4973 1976 5044 jussit
2006 4987 2164 5027 suum
2197 4971 2346 5025 auri-

771 5079 894 5129 gam
951 5065 1097 5118 nulla
1153 5065 1475 5135 interposita
1523 5081 1673 5120 mora
1724 5079 1951 5120 cursum
2008 5064 2350 5126 accelerare;

773 5170 898 5208 nam
966 5157 1312 5212 vehementer
1374 5158 1563 5227 iudicii
1643 5156 1884 5212 cmlestis
1939 5169 2156 5224 pmnam
2221 5169 2346 5208 sen-

2452 4518 2537 4587 ρεϊ
2564 4516 2632 4568 ⁸⁸.
2653 4514 2732 4588 (2)
2764 4515 2824 4569 ’0
2849 4517 2906 4568 δέ
2938 4533 3002 4584 γε
3025 4515 3302 4584 Ἀντίοχος
3339 4513 3600 4584 ἀκόσμως
3629 4531 3687 4566 τε
3719 4514 3814 4566 καὶ
3863 4515 4029 4584 ήττη-

2453 4610 2612 4680 μένος
2636 4611 2701 4663 ἑκ
2720 4609 2829 4662 τῶν
2853 4609 2899 4641 ⁸⁷
2929 4609 3071 4662 κατά
3103 4607 3364 4676 Περσίδος
3395 4606 3578 4659 τόπων
3603 4605 3703 4676 τήν
3740 4604 4029 4668 ἀνάζευξιν

2449 4701 2792 4770 ποιούμενος,
2825 4700 2962 4770 (καὶ)
2995 4700 3059 4752 ὲκ
3101 4699 3307 4767 πολλῆς
3363 4697 3604 4765 ἀθυμίας
3662 4697 4030 4768 ἀρρωστήσας

2449 4793 2551 4865 ἔφη
2576 4794 2714 4865 πρὸς
2725 4795 2852 4857 τοὺς
2875 4792 3070 4846 ἑαυτοῦ
3089 4792 3135 4824 ⁸⁸
3161 4792 3495 4860 μεγιστᾶνας
3517 4805 3530 4819 ·
3563 4809 3582 4840 ι
3607 4789 3926 4856 Ἀφίσταται
3956 4785 4026 4857 [ὁ]

2459 4887 2626 4948 ὕπνος
2674 4885 2786 4938 ἀπδ
2815 4884 2926 4938 τῶν
2942 4883 3238 4952 ὀφθαλμῶν
3270 4899 3396 4952 μου,
3449 4881 3544 4934 καὶ
3579 4880 3962 4950 συμπέπτωκα
3983 4879 4028 4909 ⁶⁹

2447 4977 2556 5030 ἀπὸ
2586 4977 2686 5045 τῆς
2709 4977 3005 5046 μερίμνης.
3023 5006 3093 5016 -
3121 4974 3218 5026 νῦν
3248 4970 3345 5028 οὖν
3374 4973 3687 5043 μνήσκομαι
3717 4971 3764 5003 ’⁸
3787 4968 3898 5021 τῶν
3927 4985 4027 5020 κα-

2447 5065 2560 5118 κῶν
2605 5061 2683 5118 ῶν
2725 5066 2959 5135 ἐποίησα
2999 5068 3060 5118 ὲν
3107 5065 3464 5133 Ἰερουσαλήμ
3499 5079 3514 5094 ·
3547 5091 3615 5102 —
3655 5061 3826 5128 ἔγνων
3851 5059 3920 5123 ’⁸,
3944 5061 4027 5111 ὅτι

2448 5157 2611 5226 χάριν
2641 5158 2854 5210 τούτων
2892 5151 3052 5226 εὗρον
3086 5157 3133 5189 θ’
3159 5156 3232 5208 τα
3273 5155 3419 5209 κακά
3450 5153 3643 5207 ταῦτα.
3675 5151 3810 5206 Ἰδοὺ
3858 5150 4027 5203 ἀπόλ-

1964 5298 2162 5359 Variae
2204 5295 2509 5357 lectiones
2541 5304 2603 5358 et
2648 5305 2833 5359 natm.

841 5467 886 5499 "
917 5465 1046 5518 Ced.
1079 5463 1182 5518 286
1207 5462 1492 5525 20-2818.
1569 5465 1609 5494 '"
1649 5482 1706 5518 π.
1745 5481 1830 5515 σκ.
1860 5461 1989 5517 Ced.
2067 5461 2110 5492 "
2137 5461 2402 5531 ἄρχοντας
2445 5478 2530 5513 cor

2340 5479 2402 5525 ας
2445 5463 2567 5514 cod.
2613 5477 2642 5514 α
2679 5463 2850 5529 prima
2876 5477 2972 5520 m..
3011 5464 3107 5516 sed
3144 5463 3215 5516 cf.
3261 5462 3278 5515 I
3318 5462 3485 5517 Macc.
3528 5461 3683 5522 1.29.
3718 5460 3818 5531 τὰς
3847 5459 4029 5522 πόλεις

768 5539 892 5592 cod.
990 5535 1032 5565 ”
1071 5537 1160 5586 καί
1225 5534 1347 5587 add.
1392 5533 1523 5587 Ced.
1623 5535 1670 5565 ⁸⁸
1716 5535 1900 5596 αὐτοῖς
1935 5534 2101 5599 πληγ.

767 5605 966 5660 θυσεῶν
1021 5602 1285 5670 ἐνέπλησε
1355 5604 1483 5658 Ced.
1561 5605 1605 5636 ⁸’
1636 5604 1671 5656 Ὶ
1737 5603 2044 5673 Ἐλληνίσαι
2088 5603 2203 5667 ἀφ’.
2237 5602 2367 5656 Ced.
2444 5603 2491 5634 ⁸³
2541 5603 2780 5657 [lubrica
2812 5606 2864 5655 in
2891 5603 3078 5656 codice
3107 5605 3282 5658 deest.
3383 5603 3429 5633 “
3474 5602 4002 5670 i62(5035)—Ceil

767 5676 1074 5727 387.943:
1130 5675 1148 5726 I
1183 5674 1349 5727 Macc.
1406 5691 1464 5727 ll.
1508 5675 1566 5727 V.
1676 5674 1720 5708 ⁸³
1757 5673 2093 5727 ἀποστάντες
2116 5671 2247 5727 Ced.
2340 5673 2384 5703 ⁸⁸
2425 5674 2444 5724 1
2489 5673 2658 5727 Macc.
2699 5688 2769 5727 τι.
2819 5671 3184 5727 ιοοιδεοειι.
3215 5673 3338 5727 287.
3381 5671 3578 5726 15-19.
3661 5672 3706 5703 ⁸⁷
3737 5673 3801 5725 ἐκ
3834 5671 3932 5727 τῆς
3959 5670 4003 5722 Π

2543 5688 2658 5727 acc.
2699 5688 2769 5733 τι.
2819 5688 2983 5726 ιυοιο
3008 5689 3024 5738 ;
3053 5688 3184 5726 bed.
3215 5688 3338 5734 ιω.
3381 5688 3578 5726 Io-w.
3661 5688 3700 5703 ··
3737 5688 3801 5725 εκ
3834 5689 3932 5738 της
3960 5688 4023 5738 tt.

767 5676 1074 5737 387.943;
1130 5674 1349 5728 IMacc.
1406 5691 1464 5735 ll,
1508 5675 1566 5727 V.
1676 5674 1720 5708 ⁸⁸
1757 5671 2093 5735 ἀποστάντες
2116 5671 2247 5727 Ced.

771 5750 868 5814 τὴν
894 5747 1261 5813 ὑποστροφήν,
1350 5745 1394 5775 ⁸⁸
1431 5747 1663 5808 οέκείους
1705 5743 1896 5798 ἑαυτοῦ
1926 5743 2050 5800 Ccd.

767 5833 792 5868 a
823 5820 889 5870 bl.
922 5816 1086 5869 Haec.
1207 5819 1250 5844 ’“’
1284 5834 1344 5883 με
1385 5818 1504 5869 add.
1545 5817 1558 5869 1
1595 5816 1797 5870 Mucclt.

2155 5530 2348 5602 μεγαλ.
2378 5533 2498 5586 cml.
2529 5533 2702 5602 αὐτὴν
2730 5533 2846 5586 .πλ.
2883 5551 2943 5600 μ.
2982 5531 3114 5586 Ccd.
3146 5547 3206 5587 ut
3234 5533 3442 5586 Illaec.
3463 5532 3698 5602 “50.7”
3727 5530 3776 5602 fl

2150 5744 2194 5772 ”
2215 5744 2278 5811 τῇ
2311 5743 2500 5812 καρδίᾳ
2542 5743 2556 5795 1
2597 5742 2766 5797 Mucc.

3815 5531 4030 5599 μιαρῶν

3383 5603 3429 5633 ιδ
3474 5601 3572 5655 ιθε
3595 5600 3776 5670 (5035)
3801 5628 3868 5641 —
3893 5601 4026 5656 Ceil.

2847 5745 2892 5774 "
2916 5736 3017 5795 νῦν
3038 5743 3092 5794 δὲ
3129 5745 3506 5812 μιμνήσκομαι
3538 5742 3556 5794 Ι
3595 5741 3759 5796 Macc.
3855 5736 3901 5771 ’ί
3933 5736 4027 5791 οὖν
