4244 6444
763 382 868 443 379

1960 386 2003 443 G
2020 384 2275 442 EOllGll
2323 385 2417 443 ΠΛ
2432 385 2761 445 MARTULI

3903 396 4011 458 380

760 497 838 547 ris
873 509 1063 559 causa,
1107 510 1205 548 nec
1242 495 1659 558 ltt'ttet'ttlettli:e,
1694 510 1867 562 neque
1902 496 2010 547 Deo
2045 494 2146 548 soli
2182 508 2332 547 com-
2371 500 2414 556 Α

2371 500 2414 556 Α
2444 494 2641 561 λέγειν,
2677 495 2813 563 μήτε
2858 495 2997 549 κατὰ
3024 496 3209 565 τιμὴν,
3270 497 3407 565 μήτε
3440 500 3627 568 (κατὰ)
3685 503 4015 572 φιλοφροσύο

762 595 1030 651 petentem
1096 588 1356 639 honorem
1400 596 1451 640 et
1499 588 1728 654 gloriam
1786 586 2100 639 hominihns
2150 585 2333 640 tribui.

762 675 949 745 Itaque
969 678 1118 730 multi
1145 692 1358 739 eorum,
1381 678 1505 748 quia
1530 694 1633 732 non
1658 678 1902 731 dicerent
1930 677 2197 731 Ca'sarem
2230 676 2334 729 Do-

762 769 989 828 minum,
1012 767 1142 820 dura
1168 770 1541 822 sustinuerunt
1562 768 1784 821 verbera
1804 785 1819 832 ;
1837 769 1928 836 qui
1964 768 2123 821 iidem
2143 776 2329 837 postea

760 858 1026 910 docebant
1060 859 1195 911 nihil
1239 859 1385 914 aliud
1416 870 1606 930 praeter
1633 859 1821 929 jussas
1864 860 1917 913 in
1969 859 2165 929 Moysis
2214 861 2329 925 lege

760 948 1009 1001 victimas
1041 949 1233 1005 oﬂerre
1260 952 1390 1017 Deo,
1427 953 1655 1021 ideoque
1685 953 2045 1019 prohibebant
2077 968 2144 1006 ne
2166 953 2325 1007 victi-

761 1050 863 1088 mze
888 1052 916 1088 a
937 1047 1126 1091 senatu
1148 1042 1328 1107 pepuli
1350 1055 1623 1095 concessa:
1644 1041 1967 1096 oiIerrentur
1987 1056 2083 1110 pro
2102 1043 2333 1110 impera-

760 1131 895 1183 toris
927 1139 979 1182 et
999 1130 1224 1183 Romani
1250 1134 1432 1201 populi
1465 1135 1661 1188 salute.
1687 1133 1816 1187 .lurc
1838 1148 2002 1202 super
2039 1133 2125 1187 his
2158 1135 2332 1189 iratus

759 1219 814 1272 in
836 1218 1086 1277 Galiheos
1108 1221 1340 1285 Pilatus.
1360 1224 1521 1294 jussit
1549 1225 1671 1278 illos
1691 1225 1863 1279 occidi
1890 1240 2058 1295 prope
2081 1225 2332 1281 victimas

758 1324 896 1378 quas
930 1313 1291 1381 opinabantur
1314 1316 1467 1383 juxta
1499 1316 1665 1384 legem
1700 1315 1915 1380 oﬂ'erre,
1946 1317 2019 1371 ita
2048 1327 2106 1370 ut
2136 1316 2333 1372 misce-

757 1408 910 1454 retur
943 1401 1136 1455 oblatis
1164 1403 1398 1457 victimis
1425 1418 1590 1458 cruor
1621 1404 1986 1459 aﬂ‘ereutium.

2447 603 2563 654 νην,
2595 587 2688 638 καὶ
2716 584 2815 656 τὴν
2846 585 2965 655 θεῷ
2994 588 3142 657 μόνῳ
3177 587 3498 657 πρέπουσαν
3525 593 3692 661 τιμὴν
3722 594 3772 633 ⁸⁸
3802 597 3896 650 καὶ
3930 596 4018 649 δό-

2445 676 2541 743 ξαν
2575 677 2882 748 ἀνθρώποις
2918 680 3238 749 ἀπονέμειν,
3286 681 3408 735 ὅθεν
3445 683 3540 737 καὶ
3601 686 3788 739 πολλοὶ
3830 689 4017 741 αὐτῶν

2439 767 2569 837 περὶ
2600 767 2692 820 τοῦ
2722 768 2796 840 μὴ
2822 771 2999 823 εἰπεῖν
3030 770 3163 841 (τὸν)
3198 773 3452 845 Καίσαρα
3478 774 3667 845 κύριον
3694 778 3790 831 καὶ
3814 778 4014 833 δεσπό-

2435 875 2556 927 την,
2586 859 2826 928 χαλεπὰς
2859 862 3044 925 αἰκίας
3071 861 3409 933 ὑπέστησαν,
3447 868 3646 931 οἵτινες
3670 868 3860 923 λοιπὸν
3893 871 4006 924 ἐδί-

2435 950 2634 1003 δασκον
2662 953 2830 1021 μηδὲν
2862 953 3012 1023 παρά
3036 954 3133 1018 τὰς
3168 955 3602 1026 διατεταγμένας
3637 962 3695 1013 ὲν
3728 961 3807 1031 τῷ
3846 963 4015 1013 Mm?)-

2432 1039 2571 1102 σέως
2606 1040 2756 1109 νόμῳ
2791 1040 2983 1105 θυσίας
3011 1043 3383 1113 ἀναφέρεσθαι
3426 1045 3503 1115 τῷ
3529 1048 3648 1117 Θεῷ
3670 1090 3685 1110 ,
3713 1050 4011 1103 κάντεῦθεν

2430 1130 2614 1185 τοίνυν
2647 1132 2949 1195 κωλύοντες
2977 1133 3078 1196 τὰς
3132 1135 3237 1188 ὑπὸ
3262 1137 3361 1205 τῆς
3415 1140 3710 1208 γερουσίας
3738 1142 3833 1194 τοῦ
3862 1143 4005 1208 ,λαοί⁹

2431 1224 2871 1295 παραδιδομένας
2903 1224 3150 1293 γίνεσθαι
3188 1229 3316 1298 περὶ
3359 1229 3460 1298 τῆς
3492 1232 3769 1303 σωτηρίας
3793 1233 3888 1286 τοῦ
3917 1233 4011 1303 βα-

2432 1315 2624 1378 σιλέως
2654 1320 2698 1351 ⁸⁷
2729 1318 2820 1370 καὶ
2857 1318 2952 1371 τοῦ
2989 1318 3277 1388 Ῥωμαίων
3298 1320 3483 1384 ἔθνους
3519 1323 3712 1386 θυσίας
3732 1342 3747 1356 ι
3776 1326 4005 1386 εἰκότως

2428 1407 2524 1459 ἐπὶ
2580 1406 2793 1470 τούτοις
2834 1408 3253 1475 ἀγανακτοῦντα
3296 1412 3343 1444 ⁵⁸
3397 1412 3534 1480 πρὸς
3594 1414 3912 1477 Γαλιλαίους
3944 1415 3992 1446 ⁸⁹

756 1493 989 1547 Πιλάτον
1020 1496 1064 1526 ⁸ο
1104 1495 1361 1550 κελεῦσαι
1389 1500 1540 1567 παρὰ
1562 1502 1681 1563 ταῖς
1715 1500 1951 1565 θυσίαις,
1988 1499 2054 1564 ἃς
2090 1500 2312 1554 ἐδόκουν
2348 1501 2492 1554 κατά
2523 1502 2615 1554 τὸν
2645 1503 2809 1572 νόμον
2865 1505 3222 1574 προσφέρειν,
3284 1505 3669 1576 ἀναιρεθῆναι,
3691 1507 3832 1561 ὥστε
3862 1509 3997 1562 ἀνα-

761 1588 1020 1657 μιχθῆναι
1047 1591 1167 1652 ταῖς
1199 1592 1672 1661 προσφερομέναις
1713 1592 1930 1656 θυσίαις
1962 1592 2024 1645 τὸ
2049 1587 2188 1662 αἷμα
2213 1590 2324 1643 τῶν
2362 1593 2807 1661 προσφερόντων.

828 1679 898 1732 At
943 1679 1216 1745 Tiberius,
1262 1684 1743 1751 prmterfczeteros
1791 1684 1961 1752 ipsius
2009 1697 2326 1741 successus.

2506 1684 2549 1715 ιι
2579 1682 2655 1752 (ρ)
2699 1683 2759 1735 ὐ
2792 1683 2848 1736 δέ
2888 1699 2952 1751 γε
2981 1683 3239 1754 Τιϐέριος
3294 1684 3433 1754 πρὸς
3462 1686 3575 1747 τοῖς
3603 1684 3811 1748 λοιποῖς
3843 1688 4009 1741 αὑτοῦ

760 1769 909 1823 illum
959 1770 1124 1823 etiam
1172 1770 1459 1825 obtinuit:
1504 1771 1624 1826 illos
1672 1773 1767 1842 qui
1816 1772 1870 1827 in
1925 1772 2043 1841 ejus
2081 1772 2323 1826 favorem
2360 1788 2436 1846 Bt

2360 1788 2405 1846 Β
2434 1773 2875 1843 πλεονεκτήμασι
2903 1774 2998 1826 καὶ
3024 1773 3184 1827 τοῦτο
3206 1774 3507 1844 ἐκέκτητοο
3550 1775 3678 1838 τοὺς
3724 1778 3803 1837 εἰς
3850 1776 4010 1840 ἀξίαν

756 1858 973 1915 addueti
1021 1863 1448 1917 erant'celerius
1503 1878 1613 1917 non
1664 1865 1932 1930 mutabat,
1974 1866 2067 1919 sed
2106 1879 2326 1933 operam

755 1952 922 2006 dabat
954 1962 1012 2006 ut
1041 1954 1123 2007 vel
1155 1954 1246 2008 diu
1271 1994 1287 2018 ,
1319 1956 1401 2009 vel
1437 1971 1610 2025 usque
1641 1958 1706 2011 ad
1738 1958 1862 2012 vita:
1906 1958 2196 2014 terminum
2229 1960 2331 2013 im-

756 2044 966 2111 perium
1025 2054 1325 2100 servarent.
1372 2046 1680 2112 Quondam.
1744 2064 1868 2103 cum
1918 2065 2139 2106 causam
2169 2052 2329 2106 amici

755 2136 874 2203 eius
890 2136 956 2189 ab
979 2151 1044 2190 eo
1066 2137 1500 2203 sciscitarentur,
1527 2139 1702 2195 dixit:
1732 2159 1749 2191 ι
1773 2140 1874 2206 Qui
1896 2142 2111 2211 aliqum]
2132 2159 2330 2198 munus

756 2238 968 2296 gerunt,
990 2229 1090 2285 hos
1125 2244 1337 2299 semper
1364 2231 1568 2300 majora
1596 2241 1849 2302 appetere
1880 2243 2070 2287 natura
2101 2234 2326 2289 insitum

755 2330 864 2383 est,
904 2329 957 2374 ct
988 2321 1032 2375 si
1069 2323 1241 2391 magis
1266 2338 1329 2377 ac
1366 2326 1539 2393 magis
1575 2325 1682 2377 illis
1708 2324 1977 2394 imperare
2008 2326 2193 2380 datum
2225 2341 2327 2393 esr,

756 2413 1040 2468 remissius
1077 2414 1283 2467 meliori
1328 2415 1638 2469 conditione
1684 2426 1955 2482 utuntur;
1996 2421 2039 2471 si
2097 2432 2228 2471 vero
2264 2418 2329 2472 ad

755 2500 921 2555 hrcve
952 2512 1186 2571 tempus,
1208 2502 1273 2556 ad
1301 2503 1440 2557 l'urta
1474 2505 1647 2573 magis
1676 2505 2005 2568 excitantur,
2033 2506 2085 2559 in
2119 2507 2329 2562 incerto

756 2593 1203 2661 gubernationem
1266 2595 1568 2661 habentes;
1615 2596 1905 2665 dicamque
1936 2597 2089 2652 vobis
2118 2597 2327 2651 clarum

755 2685 1062 2754 exemplum
1103 2685 1313 2741 hocce:
1357 2686 1683 2743 Vulneratus
1738 2689 1957 2759 quidam
2011 2689 2248 2758 jacebat,
2279 2698 2333 2743 et

757 2791 1069 2831 muscarum
1101 2778 1390 2833 multitudo
1424 2780 1605 2835 ulcera
1639 2781 1759 2850 ejus
1797 2782 2102 2845 velleliant;
2135 2797 2329 2850 super-

756 2869 981 2923 veniens
1018 2884 1145 2923 vero
1201 2870 1422 2939 aliquis,
1467 2887 1591 2925 cum
1646 2881 1861 2940 putaret
1911 2873 2062 2927 illum
2117 2888 2333 2927 muscas

757 2960 974 3030 abigere
999 2975 1104 3015 non
1131 2975 1311 3029 posse,
1358 2962 1618 3017 accedens
1649 2962 1906 3030 lugabat;
1965 2963 2100 3017 dixit
2151 2974 2329 3017 autem

758 3052 848 3118 ψιί
889 3054 1110 3107 saucius
1143 3062 1260 3107 erat
1305 3072 1318 3105 :
1367 3054 1627 3119 Obsecro,
1662 3056 1880 3124 abigere
1907 3056 2119 3120 desine,
2156 3056 2332 3125 magis

2437 1864 2602 1917 αὑτοῦ
2655 1864 3105 1933 προσαγομὲνους
3158 1865 3354 1918 θᾶττον
3407 1866 3507 1918 οὐκ
3548 1866 3707 1936 235
3756 1868 4009 1936 ἤμειϐεν,

2436 1956 2551 2011 ἀλλ’
2579 1957 2611 2027 ἦ
2640 1955 2808 2009 πολὺν
2846 1957 3036 2026 χρόνον
3061 1956 3094 2028 ἢ
3126 1956 3230 2019 ἕως
3251 1957 3441 2019 τέλους
3462 1957 3557 2009 τοῦ
3593 1958 3708 2027 βίου
3756 1960 4012 2029 κατέχειν

2436 2049 2633 2113 αὐτοὺς
2685 2049 2786 2121 τὴν
2837 2050 3011 2120 ἀρχὴν
3064 2048 3497 2119 παρεσκεύαζεν.
3548 2050 3874 2122 Ἐρωτηθεὶς
3921 2047 4013 2104 οῦν

2437 2158 2569 2195 ποτε
2604 2142 2705 2210 τὴν
2735 2142 2919 2195 αἰτίαν
2944 2140 3050 2194 ὑπὸ
3076 2141 3186 2193 τῶν
3228 2140 3400 2210 φίλων
3430 2140 3595 2194 αὐτοῦ
3632 2141 3736 2212 ἔφη
3765 2158 3779 2171 ·
3822 2162 3839 2195 ι
3889 2145 4008 2196 Ἀεὶ

2436 2232 2586 2284 πᾶσα
2612 2230 2881 2301 ἡγεμονία
2905 2229 2997 2282 τοῦ
3031 2230 3375 2282 πλεονεκτεῖν
3408 2230 3628 2297 ἐφίεται
3681 2230 3865 2297 φύσει,
3914 2232 4011 2283 καὶ

2439 2326 2489 2375 εί
2536 2322 2630 2375 ἐπὶ
2680 2322 2843 2377 πλέον
2897 2323 3172 2392 κρατοῖεν,
3218 2322 3577 2391 ἀμϐλυτέρως
3608 2324 3673 2392 τῇ
3726 2322 4011 2394 πλεονεξίᾳ

2436 2415 2764 2485 κέχρηνται·
2805 2413 2951 2484 (621³)
2986 2415 3033 2467 εί
3063 2414 3120 2467 δὲ
3151 2413 3236 2465 ἐπ’
3264 2413 3452 2483 ὀλίγῳ,
3492 2412 3759 2481 μειζόνως
3788 2416 4007 2468 ἐπικλο-

2438 2507 2541 2560 παὶ
2565 2505 2984 2575 παροξύνονται,
3018 2507 3076 2559 ὲν
3099 2506 3278 2576 ἀδήλῳ
3303 2505 3401 2576 τὴν
3445 2505 3702 2575 διαδοχὴν
3747 2507 3968 2575 ἔχοντες
3991 2525 4008 2541 -

2437 2596 2576 2660 λέξω
2610 2597 2654 2626 ⁶¹
2683 2595 2739 2648 δὲ
2774 2596 2904 2665 ὑμῖν
2932 2595 3027 2647 καὶ
3050 2596 3280 2664 ἐναργὲς
3315 2595 3360 2627 ⁸³
3418 2595 3774 2666 παράδειγμα
3807 2598 3969 2650 τοῦτο
3994 2612 4007 2627 ’

2437 2687 2791 2758 Τραυματίας
2817 2703 2900 2749 τις
2925 2685 3122 2751 ἔκειτο,
3158 2687 3254 2739 καὶ
3284 2686 3491 2754 πλῆθος
3521 2687 3697 2755 μυιῶν
3726 2687 3919 2749 ὄντων,
3944 2688 4011 2740 τά

2437 2779 2568 2849 ἕλκη
2596 2779 2760 2832 αὑτοῦ
2796 2780 3049 2850 ἐνέμοντο
3073 2794 3086 2808 ο
3117 2775 3333 2847 παριὼν
3367 2776 3426 2829 δέ
3448 2794 3553 2840 τις,
3581 2777 3811 2845 νομίσας
3842 2778 4011 2830 αὐτὸν

2440 2871 2517 2939 μὴ
2546 2868 2806 2923 δύνασθαι
2836 2869 2935 2932 τὰς
2960 2872 3125 2938 μυίας
3157 2866 3473 2929 ἀποσοϐεῖν,
3505 2866 3819 2935 προσελθὼν
3867 2868 4007 2919 ἀπε-

2436 2961 2632 3014 δίωκεν
2656 2976 2671 2992 ’
2698 2962 2726 3013 ό
2746 2961 2802 3012 δὲ
2832 2959 3185 3029 τραυματίας
3218 2958 3382 3027 φησίν
3407 2973 3421 2988 ’
3479 2977 3496 3009 ι
3542 2957 3770 3025 Δέομαι,
3794 2957 4009 3011 παῦσον

2438 3049 2534 3103 καὶ
2576 3049 2652 3119 μὴ
2708 3047 3008 3101 ἀποσόϐει·
3062 3047 3327 3116 μειζόνως
3364 3047 3472 3116 γάρ
3518 3062 3587 3115 με
3623 3047 3917 3115 βλάπτεις·
3951 3049 4008 3101 αἱ

756 3141 903 3193 enim
938 3141 1067 3193 mihi
1121 3156 1323 3205 noces,
1379 3142 1497 3196 ista:
1546 3144 1690 3196 enim
1749 3160 1939 3198 cruore
1975 3153 2173 3199 Satura:
2214 3161 2320 3198 non
2358 3139 2402 3199 C

2358 3139 2402 3199 C
2435 3140 2545 3210 γὰρ
2572 3139 2922 3209 κορεσθεῖσαι
2950 3136 3045 3190 τοῦ
3080 3136 3314 3205 αἵματος
3339 3136 3400 3189 οὐ
3436 3136 3580 3189 πάνυ
3613 3154 3704 3205 μοι
3726 3137 3825 3207 τὴν
3850 3136 4008 3207 δῆξιν

760 3230 1151 3285 inzolerabilem
1182 3233 1312 3285 mihi
1349 3249 1527 3288 morsu
1559 3236 1802 3288 dolorem
1833 3236 2099 3299 afferunt;
2129 3238 2173 3289 si
2208 3252 2335 3290 vero

761 3322 1057 3390 expuleris,
1089 3325 1534 3390 supervenientes
1569 3326 1708 3387 alite,
1749 3327 1818 3379 ob
1854 3326 2050 3380 iatnent
2095 3327 2334 3394 majores

761 3413 895 3467 mihi
921 3414 1135 3468 dolores
1166 3414 1416 3480 all'erent,
1449 3418 1521 3469 ita
1546 3426 1605 3470 ut
1630 3418 1793 3471 vitam
1818 3418 1980 3471 etiam
2012 3418 2220 3471 tollant.
2248 3418 2332 3472 ld-

762 3506 910 3558 eirco
936 3521 1036 3573 ego
1057 3522 1272 3575 quoque
1296 3508 1480 3561 multis
1508 3507 1667 3562 furtis
1694 3509 1859 3562 duces
1879 3509 2005 3562 licet
2047 3521 2333 3577 corruptus

763 3593 991 3656 videant,
1014 3592 1322 3661 fthttenlcr
1349 3612 1452 3648 non
1473 3606 1677 3651 mulo.»
1706 3597 2005 3649 Admodum
2027 3596 2243 3665 quidem
2269 3598 2334 3651 de

758 3683 968 3752 justilia
988 3684 1597 3747 sollicitus,civitatibus
1611 3688 1711 3741 sihi
1726 3688 1928 3742 subditi
1954 3703 2170 3757 semper
2199 3690 2335 3743 scri-

763 3777 908 3845 psit:
938 3796 956 3827 ι
981 3776 1034 3829 Si
1054 3779 1257 3845 aliquid
1271 3791 1458 3832 contra
1480 3781 1622 3847 leges
1639 3780 1751 3833 lieri
1770 3782 2172 3850 praescripsero.
2197 3782 2331 3834 nihil

762 3878 971 3931 curate,
1004 3871 1318 3938 ignorantia:
1344 3886 1427 3923 me
1446 3881 1815 3925 accusantes.)
1839 3872 1952 3937 Qua
1971 3873 2036 3926 de
2054 3887 2216 3926 causa
2246 3872 2332 3925 Pi-

765 3965 907 4016 lalzzs
932 3964 1079 4014 illum
1126 3980 1169 4015 St
1190 3963 1304 4017 iens
1344 3964 1583 4017 veritatis
1611 3974 1665 4017 et
1688 3965 1911 4031 justitia:
1940 3974 2235 4026 amantem,
2267 3966 2333 4019 de

763 4053 1015 4107 mnuibus
1037 4052 1237 4106 Christi
1265 4053 1539 4106 miraculis
1572 4053 1914 4123 eljreligionis
1932 4054 2331 4123 ejusdogmati-

766 4145 867 4197 lius
894 4145 1043 4197 illum
1065 4147 1346 4198 certiorem
1376 4145 1521 4209 fecit,
1554 4145 1696 4200 sicut
1723 4157 1907 4199 narrat
1934 4145 2327 4208 Tcrtullianus,

764 4235 858 4303 qui
892 4235 944 4287 iu
994 4251 1091 4289 sua
1146 4234 1569 4289 Christianorum
1629 4236 1883 4305 Apologia
1949 4236 2015 4289 de
2073 4235 2332 4290 Romanis

768 4326 976 4392 legibus
1040 4326 1207 4393 perite
1253 4326 1533 4379 disseruit.
1602 4324 1818 4378 Dicebat
1876 4325 2152 4379 Christum
2212 4334 2331 4393 post

767 4427 993 4469 titurlem
1047 4416 1437 4477 resurrcxisse,
1484 4425 1538 4468 et
1572 4414 1683 4484 jam
1735 4416 1801 4468 ab
1855 4415 2111 4468 omnibus
2159 4415 2325 4467 Deum

2435 3230 2701 3299 ὀδυνηρὰν
2731 3227 3061 3299 παρέχουσιν
3090 3244 3103 3258 ι
3141 3229 3189 3280 εἰ
3226 3226 3284 3278 δὲ
3341 3225 3763 3290 ἀποδιώκονται,
3822 3228 4009 3295 ἕτεραι

2438 3319 2858 3391 προσελθοῦσαι,
2902 3319 3048 3389 λιμῷ
3078 3318 3176 3381 τὰς
3202 3318 3393 3379 ὀδύνας
3434 3334 3523 3386 μοι
3569 3317 3853 3386 παρέξωσι
3890 3335 4010 3388 μει-

2434 3408 2658 3482 ζοτέρας
2681 3408 2822 3461 ὥστε
2865 3408 2961 3461 καὶ
3005 3406 3099 3459 τοῦ
3146 3408 3245 3477 ζῇν
3301 3408 3695 3477 ἀποστερῆσαι.
3738 3427 3756 3459 ι
3807 3408 3908 3459 Διά
3940 3409 4007 3478 δὴ

2433 3499 2590 3553 τοῦτο
2623 3500 2714 3553 καὶ
2738 3498 2901 3561 αὐτὸς
2929 3498 3033 3550 ὑπὸ
3064 3498 3274 3550 πολλῶν
3312 3498 3530 3551 κλοπῶν
3556 3500 3684 3560 τοὺς
3726 3499 4007 3566 ἡγεμόνας

2432 3589 2861 3659 διεφθαρμένους
2911 3585 3058 3651 ίδὼν,
3098 3587 3340 3655 συνεχῶς
3366 3587 3465 3638 οὐκ
3512 3585 3746 3654 ἀμείϐω.
3789 3604 3807 3637 ι
3842 3588 3890 3617 ⁸⁵
3926 3588 4003 3653 (5)

2432 3678 2738 3747 Φροντίζων
2776 3677 2840 3744 γέ
2870 3694 2949 3729 τοι
2986 3677 3107 3729 λίαν
3140 3676 3230 3729 τοῦ
3280 3676 3492 3729 δικαίου
3547 3675 3790 3745 ἔγραψεν
3838 3677 3884 3707 ⁸³
3917 3677 4008 3729 ἀεὶ

2433 3776 2553 3836 ταῖς
2600 3772 2690 3824 ὑπ’
2736 3771 2899 3823 αὐτὸν
2959 3770 3148 3823 πόλεσι
3206 3769 3421 3837 λέγων’
3464 3787 3482 3820 ι
3540 3768 3669 3820 Ἐάν
3698 3786 3751 3821 τι
3807 3769 4007 3838 γράψω

2434 3863 2585 3934 παρά
2613 3864 2737 3925 τοὺς
2763 3865 2961 3933 νόμους
2989 3862 3346 3931 προστάσσων
3395 3859 3664 3928 γίνεσθαι,
3708 3860 3784 3930 μὴ
3837 3878 3999 3931 προσ·

2433 3954 2579 4024 ἐχειν
2610 3954 2684 4016 ὼς
2705 3953 3015 4023 ἠγνοηκότι.
3068 3972 3086 4004 ι
3120 3954 3163 3984 ⁶⁶
3187 3952 3265 4021 (4)
3293 3954 3385 4004 Διὸ
3436 3952 3533 4006 καὶ
3563 3953 3795 4016 Πιλάτος
3844 3952 4004 4016 εἰδὼς

2433 4046 2597 4100 αὐτοῦ
2619 4047 2679 4099 τὸ
2708 4046 3001 4116 φιλάληθες
3031 4046 3124 4098 καὶ
3154 4044 3507 4113 φιλοδίκαιοι),
3540 4044 3609 4097 τὰ
3638 4049 3932 4115 τεραστεία
3957 4047 4003 4077 ⁸⁷

2432 4136 2668 4207 Χριστοῦ
2687 4137 2866 4189 πάντα
2894 4137 3073 4188 καὶτὰ
3096 4138 3194 4205 τῆς
3216 4136 3501 4199 εὐσεϐείας
3515 4136 3727 4202 (αὐτοῦ)
3752 4138 4006 4207 δόγματα

2430 4231 2495 4282 δι’
2524 4231 2784 4300 ἐπιτομῆς
2811 4228 3190 4283 διεκοινώσατο
3220 4228 3265 4260 ⁸⁸
3322 4229 3494 4298 αὐτῷ,
3547 4228 3731 4293 καθὼς
3787 4231 3998 4297 ἱστορεῖ

2431 4321 2793 4389 Τερτυλιανὺς
2827 4322 2873 4391 (ό
2917 4320 3027 4375 τῶν
3069 4320 3397 4389 Ῥωμαϊκῶν
3437 4321 3617 4391 νόμων
3657 4321 4005 4390 ἐπιστήμων)

2431 4413 2487 4464 ὲν
2506 4416 2570 4481 τῇ
2597 4413 2733 4481 ὑπὲρ
2764 4413 2807 4445 ⁸³
2837 4412 3180 4483 Χριστιανῶν
3203 4412 3499 4482 Ἀπολογία
3524 4411 3777 4481 (διεξιὼν)
3800 4412 3893 4464 καὶ
3922 4412 4006 4463 ὅτι

767 4509 1027 4575 reputari.
1063 4505 1104 4559 T
1132 4506 1311 4560 berius
1346 4507 1609 4559 attonitus
1642 4518 1833 4559 cuncta
1868 4506 2136 4559 nuntiavit
2173 4521 2331 4559 sena-
2363 4485 2405 4539 θ
2438 4523 2443 4574 ι

2327 4535 2331 4544 ι
2363 4485 2405 4539 D
2438 4504 2574 4574 μετά
2601 4505 2828 4557 θάνατον
2854 4503 3119 4557 ἀνεϐίωσε
3149 4505 3245 4557 καὶ
3276 4504 3378 4574 ιἤδη
3418 4506 3568 4572 παρά
3596 4505 3730 4556 πᾶσι
3761 4503 3896 4564 Θεὸς
3927 4498 4003 4554 εἷ-

766 4602 882 4661 tui;
927 4599 1014 4651 hie
1047 4615 1173 4649 vero
1221 4614 1327 4650 non
1374 4598 1662 4666 acqttietit,
1695 4597 1884 4650 dieens
1920 4611 1976 4649 se
2017 4597 2183 4650 veteri
2226 4597 2329 4665 legi

769 4704 981 4756 parere,
1032 4688 1241 4756 jubenti
1283 4688 1553 4741 neminem
1586 4687 1736 4755 prius
1779 4686 1921 4740 inter
1960 4686 2093 4740 deos
2128 4684 2324 4740 referri

765 4794 928 4848 quant
978 4779 1220 4849 ipsorum
1287 4776 1563 4849 sull'ragiis
1618 4787 1672 4835 et
1738 4780 1956 4834 decreto
2009 4777 2332 4847 judicatum.

2428 4613 2516 4648 vat
2552 4595 2870 4649 πιστεύεται
2901 4613 2913 4627 ’
2958 4597 3055 4651 καὶ
3078 4597 3160 4650 ὃτι
3203 4597 3455 4664 Τιϐέριος
3499 4594 3881 4662 καταπλαγεὶς
3908 4597 4005 4647 ἀν·-

2430 4686 2653 4755 ήγγειλε
2679 4687 2857 4740 πάντα
2891 4688 2981 4741 ἐπὶ
3015 4689 3113 4756 τῆς
3140 4688 3449 4757 συγκλήτου
3479 4688 3524 4718 ⁷⁸
3558 4702 3570 4715 '
3602 4687 3635 4755 ἡ
3658 4686 3715 4738 δὲ
3736 4686 3796 4738 οὐ
3833 4702 4003 4754 προσ-

2430 4778 2625 4847 ήκατο,
2691 4778 3014 4849 πειθαρχεῖν
3056 4780 3205 4850 νόμῳ
3256 4778 3479 4849 παλαιῷ
3530 4778 3767 4846 λέγουσα
3803 4776 3872 4839 ⁷⁸,
3924 4773 4002 4844 μὴ

1946 4937 2144 4999 Varia:
2180 4937 2491 4999 lectiones
2521 4944 2583 4998 et
2616 4947 2801 4998 noue.

837 5106 883 5134 "‘
914 5122 973 5157 τε
1008 5103 1131 5156 add.
1160 5103 1290 5157 (led.
1367 5103 1410 5134 ⁵⁷
1442 5102 1534 5155 τοῦ
1559 5102 1606 5170 β.
1646 5120 1695 5157 σ.
1737 5102 1867 5157 Ced.

765 5192 855 5236 τος
884 5179 976 5226 καὶ
1008 5174 1218 5225 κελεύει
1258 5174 1386 5226 Ced.
1420 5203 1487 5213 —
1510 5170 1593 5235 αἶς
1618 5176 1739 5227 cuti.

770 5246 882 5297 lucc
907 5244 1033 5311 quia
1061 5244 1285 5306 iustitia:
1321 5245 1373 5295 iu
1410 5258 1557 5309 seqq.
1617 5244 1845 5295 laudata!
1897 5250 2219 5309 repugnant,
2272 5242 2436 5294 alium
2481 5240 2535 5294 in
2597 5242 2773 5311 locum
2821 5241 3230 5311 transferentes.

1980 5313 2024 5343 “
2055 5314 2135 5378 εγ.
2166 5312 2289 5391 τοῖς
2309 5309 2914 5391 ἀρχουσιωτῶνπὸλεων
2951 5309 3080 5389 C_ed.
3103 5338 3172 5350 —-
3202 5309 3391 5391 γρᾲφῃ
3421 5309 3656 5391 ἐξεφ-ξ

2321 5309 2914 5391 Ξτρχουσιητῶνιπόλεων
2951 5309 3080 5391 ρειί.
3103 5338 3172 5350 —-
3202 5309 3391 5391 γρᾲφῃ
3421 5309 3680 5391 ραις-
3711 5309 3997 5391 ξῖιιεέ-ρις.

768 5314 814 5343 ⁸³
844 5315 1101 5380 ὲναργαῖξ
1136 5315 1254 5365 rod.
1317 5313 1363 5343 “
1392 5312 1521 5366 Ced.
1554 5313 1871 5375 336,1I-H.

1943 5102 1987 5133 "
2022 5101 2322 5166 ἀγανακτεῖ
2348 5100 2476 5155 Ced.
2517 5101 2950 5167 ἀγανακτοῦντες
2981 5102 3102 5155 cod.

1814 5173 1855 5204 ⁸⁸
1896 5170 2026 5230 Ced.
2064 5172 2323 5231 344.945
2378 5170 2649 5241 epitotnen
2704 5172 2943 5231 exhibet,
2975 5182 3032 5223 ut
3076 5180 3130 5224 et
3164 5170 3269 5225 Leo
3302 5171 3490 5231 59,5-8

2378 5170 2649 5241 epitotnen
2704 5172 2943 5231 exhibet,
2975 5182 3032 5223 ut
3076 5180 3130 5224 et
3164 5170 3269 5225 Leo
3302 5171 3512 5232 59,5-8,
3546 5172 4000 5241 πλεονεκτήματα

3183 5102 3229 5134 ⁸⁸
3256 5101 3544 5164 Γαλιλαίας
3561 5102 3685 5155 co:l.
3762 5102 3808 5134 ⁸⁸
3835 5101 3997 5154 Πιλά-

3323 5242 3367 5272 ⁵’
3426 5241 3627 5310 δείξῳῖ
3662 5241 3841 5307 λέγξω
3870 5242 3995 5293 cod.

767 5382 825 5435 η.
879 5366 1021 5442 eth“;
1080 5366 1200 5435 Tm.
1240 5383 1328 5443 es,
1360 5382 1568 5435 Pilatus
1620 5366 1685 5436 δέ
1709 5366 2140 5435 Christianorum
2198 5366 2459 5444 religione
2516 5378 2794 5433 Tiberium
2858 5380 3147 5434 certiorem
3203 5366 3994 5442 facit'."Ced.556,t4—3557.2,

767 5452 836 5505 t'l.
870 5452 1187 5517 545,1043,
1219 5451 1325 5503 Leo
1356 5452 1637 5516 5830-25.

769 5522 934 5574 Cuisl.
1044 5523 1086 5553 ⁷⁸
1115 5524 1197 5574 ὅτι
1231 5522 1258 5572 ὸ
1282 5520 1403 5574 Τέϐ.
1430 5523 1550 5574 cod.
1579 5522 1637 5573 τί*

814 5539 934 5576 0181.

1714 5454 1756 5483 ⁸⁷
1794 5449 2052 5520 τεράστια
2082 5451 2212 5505 Ced.

2290 5450 2335 5481 "
2382 5448 2781 5503 ἀνεκοινώσατο
2814 5449 2982 5503 Coisl.

1044 5523 1086 5553 ⁷⁸
1115 5524 1197 5574 ὅτι
1231 5522 1258 5572 ὸ
1282 5520 1403 5574 Τίϐ.
1430 5523 1550 5575 cod.
1579 5522 1675 5591 τὴν
1699 5518 2005 5591 σύγκλητον,
2056 5521 2222 5575 Coisl.
2248 5551 2315 5560 —
2356 5522 2422 5590 τῇ
2462 5519 2751 5589 συγκλήτῳ
2782 5518 2920 5591 Ced.

3074 5450 3118 5481 ⁶⁹
3146 5450 3289 5502 κατά
3341 5450 3461 5502 cod.
3485 5450 3717 5517 —t'mép
3756 5448 3876 5517 τῶν
3903 5465 3993 5516 χρ.

2995 5519 3035 5549 ⁷⁸
3069 5518 3295 5585 λέγοντι.
3341 5520 3464 5571 cud.
3495 5547 3564 5558 —
3591 5515 3696 5586 Ap.‘
3720 5519 3754 5571 5
3789 5534 3802 5571 :
3835 5515 3997 5571 Tibe-

770 5593 884 5666 rius
935 5607 1064 5666 ergo
1102 5592 1483 5644 auunutiatum
1538 5587 1643 5646 sibi
1673 5587 2263 5666 e.\'_Syria_Pal;_r_:s-tina
2317 5587 2437 5666 qua:
2492 5592 2600 5643 illic
2674 5587 2961 5666 veritatem
3005 5588 3191 5666 ipsius
3230 5588 3528 5642 divinitatis
3560 5587 3847 5666 revelat-at,
3897 5588 3998 5666 de-

771 5661 895 5712 tulit
934 5658 1021 5715 ad'
1040 5673 1286 5714 senatqu
1313 5675 1440 5713 cum
1490 5658 1839 5728 praerogativa)
1872 5660 2112 5728 sull't'agii
2176 5661 2280 5713 sui.
2325 5659 2560 5732 Senatus
2595 5660 2720 5732 quia
2757 5673 2861 5712 non
2898 5661 2949 5710 in
2985 5673 3043 5732 se
3080 5659 3417 5732 probaverat,
3452 5658 3994 5732 respuitarcmsarhin

770 5732 1035 5782 sententia
1072 5736 1290 5790 mansit,
1324 5726 1685 5783 conmiinatus
1726 5731 2021 5796 periculum
2047 5726 2456 5783 accusatoribus
2500 5726 2936 5782 Christianorum
2975 5728 3038 5780 ’7.’.1
3080 5726 3091 5781 i
3133 5726 3203 5779 Ea
3234 5729 3415 5780 omnia
3449 5742 3611 5796 super
3661 5727 3878 5781 Christo
3910 5727 3995 5779 Pt-

783 5800 1020 5865 latus,ct
1051 5802 1157 5873 ipse
1186 5802 1294 5871 jam
1329 5817 1424 5871 pro
1446 5816 1545 5857 sua
1587 5794 1913 5856 conseicnttu
1939 5801 2302 5865 tjln‘tstianm,
2340 5800 2538 5854 (ἐδιεειιὶ
2596 5809 2721 5853 tunc
2772 5797 2985 5853 'l‘tbettu
3030 5799 3296 5852 nuntiavit
3351 5796 3503 5862 (Cod.
3547 5794 3785 5859 Petroni
