4244 6444
208 386 313 448 405

1385 393 1852 454 CHRONICON.
1891 419 1959 430 ·-
1998 396 2143 456 LIB.
2188 397 2306 459 Ill.

3369 406 3470 469 4C6

208 513 321 555 σεις
360 496 456 565 την
488 496 621 564 πρὸς
673 494 764 547 τὸν
812 497 1129 569 ἀποστάτην
1156 500 1501 571 παλαίστραν
1537 504 1655 555 οὐδὲ
1691 504 1789 571 τῆς

1895 508 2080 562 multis
2125 523 2247 576 qua:
2302 509 2735 578 evangelieorum
2779 521 3170 579 prreeeptm'nm
3208 513 3472 567 ἰηιιιοτοιιι

202 584 400 638 τούτου
449 587 608 656 νίκης
664 587 884 659 mesen
920 590 1049 643 ἄνευ
1111 594 1287 645 πόνων
1323 595 1535 647 πολλῶν
1561 595 1669 648 τῶν
1695 596 1790 647 ἐπὶ

202 678 424 749 φυλακῇ
455 679 566 731 τῶν
597 683 971 749 εὐαγγελικῶν
1005 684 1351 755 διδαγμάτων
1380 690 1445 743 ⁸³.
1482 708 1501 741 ι

276 770 356 840 (8)
393 772 502 825 Καὶ
559 773 734 826 ταῦτα
770 775 869 844 μὲν
927 776 986 829 ὲν
1028 780 1369 851 παραδρόμῳ
1411 782 1544 851 πρὸς
1580 786 1706 845 τοὺς
1731 788 1789 839 ὲν

202 858 447 933 συζυγίᾳ.
494 864 798 930 ἀκινδύνως
859 868 956 938 τὴν
984 871 1092 921 τῶν
1123 871 1353 924 ἐντολῶν
1398 874 1489 926 τοῦ
1547 876 1786 945 Χριστοῦ

200 953 461 1023 φυλακὴν
486 958 938 1026 καταμελοῦντας
973 962 1236 1033 εἰρήσθω.
1265 964 1335 1016 Σὺ
1359 964 1412 1017 δὲ
1442 966 1589 1035 (67b)
1624 968 1651 1019 6
1678 968 1787 1021 τῶν

197 1043 479 1111 οὐρανίων
517 1048 937 1117 πολιτευμάτων
976 1054 1232 1122 ἐραστὴς,
1258 1056 1350 1107 καὶ
1371 1058 1468 1124 τῆς
1488 1056 1785 1129 άγγελίκῆς

197 1134 483 1204 διαγωγῆς
531 1144 991 1212 πραγματευτὴς,
1037 1146 1277 1199 καὶτῶν
1315 1149 1487 1215 ἁγίων
1524 1150 1786 1221 μαθητῶν

199 1226 301 1278 τοῦ
321 1228 565 1297 Χριστοῦ
609 1233 1023 1305 συστρατιώτης
1067 1238 1321 1302 γενέσθαι
1366 1242 1786 1310 ὲπιθυμῶν,τὸ-

199 1334 377 1371 νωσον
402 1329 629 1375 σεαυτὸν
659 1326 797 1393 πρὸς
822 1327 1098 1399 ὑπομονὴν
1117 1330 1373 1398 θλίψεων,
1402 1335 1501 1387 κᾶν
1522 1336 1785 1405 ἀνδρείως

199 1411 509 1482 προσέλθῃς
574 1418 639 1485 τῇ
682 1420 968 1489 συγκλήτῳ
992 1422 1101 1475 τῶν
1136 1427 1405 1495 μοναχῶν.
1444 1428 1551 1483 ίδοὺ
1582 1431 1779 1497 τοίνυν,

198 1503 296 1553 καὶ
325 1503 354 1554 ό
380 1502 519 1568 θεῖος
535 1506 855 1569 διδάσκαλος
887 1512 967 1571 είς
995 1511 1089 1565 δύο
1112 1512 1257 1583 βίους
1289 1517 1380 1569 τὸν
1404 1520 1638 1588 Χριστὸν
1668 1521 1782 1574 διε·

196 1592 391 1646 λέσθαι
424 1596 492 1648 τά
522 1597 632 1649 τῶν
669 1599 978 1669 ἀνθρώπων
1014 1604 1214 1673 φάσκει
1242 1623 1255 1636 °
1285 1609 1381 1661 καὶ
1423 1611 1514 1661 τὸν
1550 1610 1651 1680 μὲν
1697 1614 1785 1667 κό-

198 1700 366 1751 σμιον
397 1686 489 1738 καὶ
510 1686 714 1757 γεώδη.
746 1689 837 1743 τὸν
871 1691 925 1744 δὲ
956 1693 1229 1761 οὐράνιον,
1263 1698 1554 1764 ἀγγελικὸν
1594 1717 1653 1753 τε
1688 1702 1781 1754 καὶ

194 1776 563 1830 ἀποστολικόν
590 1795 604 1811 ’
645 1780 719 1843 ὡς
744 1783 840 1835 καὶ
893 1784 1141 1854 ἑτερόθεν
1196 1788 1359 1842 πάλιν
1388 1790 1521 1859 φησί
1555 1809 1565 1821 ·
1600 1792 1778 1859 Μάθε,

195 1869 873 1944 διδάχθητιάποστολικὴν
916 1877 1215 1947 πολιτείαν,
1265 1884 1546 1938 τουτέστιν
1575 1884 1779 1954 ὀφθαλ-

199 1962 324 2029 μῶν
355 1955 665 2031 άκρίῦειαν,
699 1966 952 2038 γλώσσης
978 1970 1326 2041 ἐγκράτειαν,
1368 1973 1621 2045 σώματος
1665 1978 1785 2031 δου-

196 2054 527 2127 λαγωγίαν,
578 2058 836 2129 φρόνημα
900 2065 1197 2129 ταπεινὸν,
1248 2067 1455 2131 ἐννοίας
1535 2070 1781 2139 καθαρόο

196 2164 383 2215 τητα,
446 2149 618 2219 ὀργῆς
700 2152 1046 2222 ἀφανισμόν·
1103 2158 1546 2228 ἀγγαρευόμενος
1618 2165 1785 2233 πρόσ-

203 2238 392 2308 στηθι,
449 2241 925 2312 ἀποστερούμενος
1008 2247 1081 2318 μὴ
1135 2248 1392 2314 δικάζου,
1454 2254 1783 2324 μισούμενος

199 2330 538 2397 ἁγάπησον,
601 2332 934 2400 διωκόμενος
984 2338 1219 2406 ἀνέχου,
1289 2340 1783 2413 βλασφημούμενος

204 2425 542 2493 παρακάλει,
581 2424 878 2497 νεκρὼθητι
928 2434 993 2499 τῇ
1040 2433 1312 2504 ἁμαρτὶᾳ,
1367 2438 1785 2508 συσταυρώθητι

200 2514 280 2583 τῷ
322 2516 564 2587 Χριστῷ,
590 2518 719 2585 ὃλην
750 2521 848 2589 τὴν
872 2525 1093 2593 ἀγάπην
1135 2526 1367 2593 μετάθες
1407 2528 1501 2579 ἐπὶ
1535 2530 1626 2582 τὸν
1660 2532 1786 2584 Κύ-

207 2622 345 2673 ριον.
396 2607 558 2660 ’Δλλά
592 2610 805 2679 χαλεπὰ
835 2614 1011 2667 ταῦτα
1036 2630 1047 2642 ·
1081 2615 1263 2669 τίτῶν
1286 2619 1510 2686 ἀγαθῶν
1544 2623 1785 2676 εὐκολώ-

203 2714 399 2766 τερον;
433 2698 513 2760 τίς
541 2702 820 2754 καθεύδων
845 2706 1106 2773 τρόπαιον
1148 2708 1379 2779 ἕστηκεν
1405 2729 1418 2777 ;
1446 2712 1524 2775 τίς
1563 2715 1785 2783 τρυφῶν

202 2788 299 2840 καὶ
332 2789 774 2857 καταυλούμενος
802 2799 913 2856 τοῖς
940 2798 1036 2861 τῆς
1060 2800 1357 2870 καρτερίας
1394 2806 1784 2875 κατεκοσμήθη

206 2880 536 2945 στεφάνοιςς
569 2884 759 2947 Οὐδεὶς
789 2886 951 2957 254
985 2889 1057 2958 μὴ
1082 2890 1306 2959 δραμὼν
1346 2893 1523 2945 άνείλε
1564 2894 1625 2946 τὸ
1654 2896 1786 2965 βρα-

205 2972 351 3024 ϐεῖον
376 2989 390 3002 θ
429 2977 475 3007 ⁸⁸
500 2974 653 3028 πόνοι
686 2978 919 3043 γεννῶσι
964 2980 1121 3045 δόξαν
1144 3000 1155 3012 ·
1188 2982 1427 3051 κάματοι
1465 2985 1786 3054 προξενοῦσι

206 3067 495 3134 στέφανον.
534 3068 579 3098 ⁸⁵
640 3087 658 3119 ι
712 3071 813 3122 Διά
873 3073 1083 3126 πολλῶν
1140 3074 1375 3144 θλίψεων
1431 3078 1513 3131 δεῖ
1564 3080 1711 3149 ὑμᾶς
1736 3083 1783 3112 ⁸⁸

202 3159 474 3214 εἰσελθεῖν
525 3160 603 3226 εἰς
651 3161 749 3232 τὴν
805 3163 1086 3232 βασιλείαν
1133 3168 1241 3222 τῶν
1282 3169 1549 3239 οὐρανῶν.
1584 3189 1601 3222 ι
1639 3174 1784 3242 φημὶ

202 3252 387 3317 κάγὼ,
425 3253 563 3306 ἀλλὰ
607 3255 704 3317 τὰς
738 3256 836 3323 μὲν
866 3256 1074 3325 θλίψεις
1103 3261 1309 3325 ταύτας
1335 3264 1366 3331 ἡ
1395 3262 1644 3331 βασιλεία
1677 3266 1785 3317 τῶν

200 3342 453 3412 οὐρανῶν
497 3346 592 3397 καὶ
644 3349 983 3420 μακαριότης
1020 3352 1334 3421 ἐκδέχεται,
1393 3358 1519 3417 τοὺς
1572 3356 1629 3408 δὲ
1684 3357 1788 3426 τῆς

203 3432 482 3503 ἁμαρτίας
512 3438 792 3506 καμάτους
850 3443 911 3492 τὸ
969 3443 1066 3511 τῆς
1113 3445 1339 3515 γεέννης
1396 3446 1654 3500 ἐπίπονον
1694 3449 1787 3502 καί¹

204 3528 536 3596 σκυθρωπὸν
562 3531 675 3601 πῦρ
701 3533 966 3587 ἄσϐεστον
1000 3537 1286 3606 ἀναμένει.

277 3619 463 3690 Ταύτῃ
494 3638 577 3673 τοι
601 3625 691 3674 καὶ
724 3624 752 3675 ὁ
782 3625 1044 3696 θεηγόρος
1075 3629 1266 3689 Νεῖλος
1290 3631 1393 3701 ἔφη
1415 3633 1487 3662 ⁵⁷·
1519 3651 1535 3683 ι
1566 3634 1781 3688 Φιλοσο-

204 3713 327 3779 φεῖν
352 3713 723 3783 ἐπετήδευσαν
748 3717 847 3786 μὲν
876 3719 1144 3790 Ἑλλήνων
1164 3724 1256 3775 καὶ
1277 3724 1546 3778 Ἰουδαίων
1571 3728 1669 3779 οὐκ
1693 3730 1793 3782 ὀλί·

202 3819 314 3869 γοι,
355 3803 508 3871 μόνοι
537 3805 591 3857 δὲ
626 3808 723 3877 τὴν
750 3809 1019 3881 ἀληθινὴν
1046 3813 1241 3881 σοφίαν
1271 3814 1555 3885 ἐζήλωσαν
1579 3820 1627 3870 οἱ
1657 3822 1791 3890 Χρι-

202 3896 335 3947 στοῦ
361 3896 627 3968 μαθηταὶ,
648 3901 770 3953 ἐπεὶ
795 3903 888 3955 καὶ
909 3904 1061 3973 μόνοι
1080 3907 1178 3974 τὴν
1209 3907 1380 3972 ὅντως
1412 3912 1608 3979 σοφίαν
1636 3912 1791 3983 ἔσχον

200 3988 544 4043 διδάσκαλον.
572 3993 633 4042 Οἱ
669 3994 767 4059 μὲν
802 3996 911 4062 γὰρ
944 3998 1201 4065 πρότεροι
1240 4001 1493 4073 καθάπερ
1525 4006 1581 4055 ὲν
1618 4010 1791 4077 σκηνῆ

197 4077 387 4146 δρᾶμα
416 4080 855 4149 ὑποκρινόμενοι,
878 4084 1147 4156 ἀλλοτρίῳ
1180 4088 1409 4151 ἑαυτοὺς
1447 4096 1793 4162 κατεκόσμη-

202 4186 305 4222 σαν
362 4173 715 4243 προσωπείῖρ,
770 4175 943 4244 ὄνομα
995 4179 1151 4232 κενὸν
1188 4180 1506 4246 ὑποδύντες,
1560 4186 1794 4255 ἀληθοῦς

204 4264 528 4333 φιλοσοφίας
577 4268 931 4336 ἐστερημένοι
958 4287 969 4299 ο
1008 4272 1063 4321 ὲν
1095 4271 1191 4340 μὲν
1225 4272 1299 4342 τῷ
1321 4274 1569 4343 τρίϐωνι,
1605 4281 1698 4330 καὶ
1728 4284 1791 4350 τῇ

203 4354 413 4426 ὑπήνῃ,
438 4357 530 4410 καὶ
550 4360 616 4427 τῆ
644 4358 921 4430 βακτηρίᾳ
948 4361 1039 4413 τὸν
1060 4364 1347 4432 φιλόσοφον
1369 4366 1791 4439 ἐνδεικνύμενοι,

202 4448 567 4516 περιέποντες
599 4450 694 4501 καὶ
751 4451 810 4501 τὸ
842 4452 1021 4521 σῶμα,
1074 4459 1166 4506 καὶ
1204 4460 1324 4518 ταῖς
1375 4460 1699 4529 ἐπιθυμίαις
1719 4462 1792 4526 ὡς

1896 598 2174 652 custodiae.

1962 782 2026 840 Et
2058 783 2173 839 haec
2193 785 2408 853 quidem
2434 783 2859 842 transcurrettdo
2882 782 2986 838 illis
3016 787 3105 853 qui
3130 785 3181 838 in
3209 787 3464 855 canjugio

1890 890 2081 930 secure
2127 888 2516 945 praeceptorum
2569 876 2774 930 Christi
2831 877 3236 931 observantiam
3294 880 3468 947 negli-

1890 977 2023 1037 gunt
2061 969 2208 1022 dicta
2259 970 2385 1023 sint.
2448 969 2527 1020 Tu
2574 984 2703 1022 vero
2727 970 2967 1023 cmlestis
3000 970 3233 1025 civitatis
3261 981 3469 1024 amator

1889 1071 1942 1116 et
1975 1061 2233 1132 angelica:
2290 1062 2593 1129 negotiator
2648 1063 3084 1116 conversationis
3135 1072 3187 1115 et
3247 1073 3465 1117 sancto-

1888 1168 2008 1206 rum
2058 1152 2449 1221 discipulorum
2509 1151 2709 1205 Christi
2742 1154 3041 1206 commilito
3074 1153 3187 1205 tleri
3217 1154 3465 1221 cupiens.

1888 1247 2046 1300 tirma
2104 1245 2332 1314 teipsum
2393 1244 2459 1298 ad
2519 1244 2863 1297 tolerantiam
2924 1245 3358 1304 tribulationum.
3416 1253 3469 1298 et

1892 1339 1939 1395 si
1996 1353 2254 1407 generose
2281 1339 2562 1406 ingressus
2598 1352 2656 1391 es
2708 1338 2759 1389 in
2813 1346 3016 1389 coetum
3052 1338 3466 1397 monachorum,

1890 1448 1955 1486 en
1989 1432 2151 1502 igitur
2181 1440 2404 1486 sanctus
2447 1432 2561 1499 ipse
2592 1438 2889 1497 preceptor
2920 1430 2973 1482 in
3003 1429 3271 1496 duplicem
3304 1430 3465 1480 vitam

1888 1523 2165 1578 Christum
2229 1524 2473 1577 lmmana
2548 1521 2800 1575 divisisse
2877 1523 3098 1581 asserit.
3143 1528 3226 1574 'et
3305 1535 3466 1573 unam

1885 1616 2105 1686 quidem
2136 1614 2462 1669 mundanam
2491 1624 2544 1670 et
2584 1623 2915 1677 terrestrem,
2948 1616 3175 1667 alteram
3211 1627 3338 1666 vero
3359 1626 3469 1665 coa-

1886 1709 2098 1773 lestem,
2155 1707 2453 1777 angelicam
2496 1715 2552 1760 et
2617 1706 3017 1775 apostolicam;
3065 1721 3188 1758 nam
3219 1714 3271 1758 et
3342 1703 3469 1758 alil‘i

1887 1816 2081 1856 rursus
2104 1800 2236 1854 dicit
2286 1818 2299 1855 :
2335 1799 2512 1863 Disce,
2559 1809 2618 1854 ut
2653 1799 2903 1854 docearis
2960 1800 3314 1867 apostolicam
3347 1799 3473 1851 vita:

1894 1908 2167 1958 normam,
2196 1893 2248 1947 id
2271 1902 2352 1947 est
2372 1892 2656 1946 oculorum
2683 1892 3253 1959 circumspectionem,
3277 1891 3476 1957 lingua:

1884 1994 2392 2056 temperamentum,
2416 1998 2615 2053 corpus
2646 1984 2697 2037 in
2736 1983 3123 2037 servitudinem
3160 1987 3466 2049 redactum,

1885 2078 2052 2132 animi
2121 2077 2511 2140 humilitatem,
2579 2076 2929 2145 cogitationis
2992 2078 3308 2145 puritatem,
3380 2076 3477 2129 ira:

1884 2170 2335 2233 exstinctionem;
2415 2170 2732 2238 angariatus
2806 2170 3097 2231 assentire,
3180 2168 3342 2223 laesus
3367 2182 3475 2221 non

1884 2264 2056 2335 litiga,
2098 2263 2224 2317 odio
2261 2262 2479 2316 habitus
2515 2277 2661 2326 ama,
2730 2264 3087 2317 insectatores
3138 2263 3370 2322 sustine,
3428 2260 3475 2315 si

1886 2357 2027 2409 male
2061 2355 2154 2408 tibi
2186 2354 2423 2406 dixerint
2454 2367 2551 2406 ora
2580 2370 2593 2417 ;
2622 2360 2869 2407 mortuus
2904 2361 3146 2421 peccato,
3181 2351 3478 2405 cruciﬁxus

1886 2461 2009 2500 eum
2042 2444 2285 2508 Christo,
2330 2458 2549 2497 onmem
2580 2443 2901 2495 charitatem
2954 2456 3152 2510 repone
3203 2442 3254 2494 in
3298 2441 3479 2494 Domi.

1889 2552 2043 2592 num.
2089 2536 2194 2590 Sed
2239 2540 2373 2589 dura
2406 2545 2533 2589 sunt
2582 2538 2695 2589 haec
2736 2555 2745 2589 :
2790 2533 3077 2599 Quodnam
3141 2532 3363 2586 facilius
3390 2533 3480 2584 bo-

1890 2643 2019 2682 num
2059 2627 2188 2682 eSt?
2228 2624 2361 2690 Quis
2433 2624 2712 2677 dormiens
2767 2630 3029 2690 trapzeum
3063 2618 3281 2674 erexit?
3341 2617 3476 2682 Quis

1885 2721 1940 2773 in
1969 2719 2179 2772 deliciis
2208 2719 2393 2771 vivens
2420 2726 2471 2769 et
2494 2716 2622 2767 tibia
2650 2728 2849 2767 sonora
2878 2714 3181 2766 delectatus
3204 2710 3479 2778 patientia:

1889 2812 2106 2865 coronis
2162 2810 2446 2863 redimitus
2496 2807 2625 2861 est?
2675 2804 2846 2859 Nemo
2902 2804 3006 2858 nisi
3034 2818 3261 2857 currens
3291 2816 3479 2869 repor-

1891 2902 2023 2953 tavit
2079 2899 2326 2953 bravium
2359 2914 2374 2964 ;
2408 2898 2617 2951 labores
2648 2896 2871 2961 gloriam
2905 2894 3134 2963 gignunt
3163 2910 3177 2954 ;
3214 2891 3478 2943 molestiae

1889 3005 2148 3046 coronant
2230 2990 2524 3044 conciliant
2562 3006 2574 3042 :
2610 3006 2626 3039 ι
2658 2986 2760 3040 Per
2827 2986 3028 3039 multas
3101 2982 3477 3036 tribulationes

1890 3092 2104 3153 oportet
2163 3098 2259 3135 vos
2322 3082 2525 3134 intrare
2578 3081 2631 3131 in
2685 3092 2909 3148 regnum
2961 3075 3244 3129 caelorum.
3288 3091 3305 3123 ι
3348 3071 3477 3125 Dico

1894 3190 1992 3244 ego
2023 3188 2259 3242 quoque,
2289 3179 2343 3225 et
2366 3170 2740 3224 tribulationes
2777 3170 2913 3222 istas
2946 3181 3173 3236 regnum
3212 3164 3480 3219 caelorum

1891 3279 1944 3321 el.
1989 3266 2265 3321 beatitudo
2312 3264 2533 3331 excipit,
2571 3261 2871 3331 iniquitatis
2903 3269 3081 3313 autem
3140 3258 3353 3310 labores
3387 3270 3483 3324 ge-

1894 3357 2083 3411 hennie
2123 3354 2276 3408 labor
2336 3365 2388 3407 et
2454 3355 2648 3406 horror
2721 3359 2774 3405 et
2810 3350 2947 3418 ignis
3018 3346 3479 3417 inexstinguibilis

1894 3458 2090 3501 manet.

1966 3625 2228 3681 Similiter
2260 3636 2311 3681 et
2346 3626 2625 3693 theologus
2679 3623 2831 3677 Nilus
2884 3622 3123 3691 loquitur
3161 3639 3173 3675 :
3237 3640 3253 3671 ι
3290 3619 3481 3673 Philo-

1895 3720 2101 3787 sophia:
2169 3719 2385 3788 quidem
2443 3733 2663 3786 operam
2719 3716 2984 3770 dederunt
3060 3715 3371 3771 Graecorum
3426 3725 3480 3769 et

1894 3810 2201 3864 Judmorum
2226 3826 2328 3863 non
2353 3812 2529 3879 pauci,
2550 3826 2731 3863 veram
2758 3821 2937 3864 autem
2962 3810 3284 3878 sapientiam
3309 3825 3479 3863 annu-

1895 3902 1987 3955 lati
2018 3912 2143 3956 sunt
2174 3902 2268 3955 soli
2306 3903 2503 3957 ΩΙιισίμιί
2553 3903 2823 3966 discipuli,
2877 3904 3131 3969 quoniam
3168 3902 3269 3955 soli
3302 3916 3481 3954 veram

1894 3996 2215 4063 sapientiam
2237 3996 2543 4050 habuerunt
2567 3996 2901 4062 magistram.
2920 3994 3138 4049 Priores
3159 3996 3301 4049 enim
3325 3995 3478 4065 quasi

1896 4087 1948 4141 in
1978 4103 2139 4142 scena
2182 4087 2413 4142 fabrilem
2466 4099 2718 4155 agentes,
2746 4089 2919 4141 aliena
2981 4089 3190 4157 seipsos
3247 4104 3485 4142 exorna-

1895 4192 2022 4235 rttnt
2058 4182 2227 4244 larva,
2266 4182 2484 4235 nomine
2534 4182 2679 4233 inani
2723 4181 2932 4243 induti,
2973 4196 3096 4234 vera
3143 4181 3483 4249 phiIOSOphia

1896 4284 2185 4336 carentes;
2238 4275 2368 4329 trito
2418 4274 2634 4342 quidem
2680 4274 2843 4343 pallio
2889 4284 2944 4326 et
2998 4274 3163 4326 barba
3198 4284 3250 4327 et
3293 4272 3486 4326 baculo

1898 4365 2278 4434 philosophum
2314 4374 2673 4427 ostentantes,
2721 4372 2774 4416 et
2803 4378 3002 4432 corpus
3042 4365 3283 4418 colentes
3304 4374 3357 4416 et
3386 4380 3487 4416 ru-

1897 4456 2209 4524 piditatibns
2229 4465 2285 4507 ut
2302 4455 2629 4508 dominabus
2652 4454 2996 4514 famulantes,
3015 4455 3216 4506 ventris
3236 4455 3487 4507 exstitere

199 4540 515 4605 δεσποίναις
543 4544 1000 4614 ὑπηρετούμενοι,
1028 4549 1267 4618 γαστρὸς
1296 4550 1445 4613 ὄντες
1469 4553 1667 4613 δοῦλοι,
1697 4556 1788 4606 καὶ

1898 4548 2139 4611 servi,et
2164 4546 2389 4601 comites
2420 4547 2626 4600 ventris
2671 4546 2976 4613 voluptates
3024 4546 3169 4597 velut
3208 4560 3345 4607 Opus
3392 4560 3487 4598 na-

198 4635 305 4697 τάς
334 4636 737 4707 ὑπογαστρίους
780 4641 973 4709 ἡδονὰς
1026 4642 1101 4705 ὡς
1139 4644 1353 4711 φύσεως
1392 4646 1552 4715 ἔργον
1593 4648 1787 4700 ἀποδε-

202 4728 451 4795 χόμενοι,
477 4732 595 4791 ταῖς
628 4730 673 4760 ⁸⁸
700 4730 993 4802 λαμπραῖς,
1013 4736 1318 4803 τραπέζαις
1344 4738 1596 4790 κυνιδίων
1628 4739 1784 4809 δίκην

202 4822 404 4890 λίχνων
458 4822 838 4892 ἔφαλλόμενοι,
880 4826 980 4878 οὐκ
1035 4827 1235 4890 εὶδὲτες
1285 4830 1368 4881 ὃτι
1411 4830 1515 4899 πρὸ
1568 4831 1785 4883 πάντων

202 4911 499 4982 ἐλεύθερον
522 4914 602 4967 δεῖ
632 4910 888 4970 εἷναιτὸν
931 4918 1221 4987 φιλόσοφον
1266 4924 1358 4973 καὶ
1412 4922 1612 4991 μᾶλλον
1657 4922 1788 4991 φεύ-

201 5020 329 5069 γειν
359 5004 419 5054 τὸ
450 5004 638 5057 δοῦλον
668 5001 810 5059 εἶναι
836 5009 1024 5061 παθῶν
1052 5010 1084 5080 ἢ
1115 5011 1492 5080 ἁργυρόνητον
1520 5015 1610 5065 καὶ
1644 5015 1789 5066 οἰκό-

201 5092 370 5161 τριϐα
402 5094 448 5124 ⁵⁸
475 5111 486 5125 ο
516 5096 578 5146 τὸ
611 5095 719 5165 γάρ
750 5098 1054 5168 ἀνθρώπων
1086 5098 1223 5152 εἶναι
1250 5102 1435 5155 δοῦλον
1474 5102 1625 5155 οὐδὲν
1660 5102 1789 5165 ἴσως

205 5186 413 5255 ἔϐλαψε
446 5187 537 5240 τὸν
570 5187 749 5256 ὀρθῶς
789 5188 1099 5260 βεϐιωκότα
1126 5192 1192 5255 ⁸ο,
1223 5196 1282 5244 τὸ
1330 5193 1385 5245 δὲ
1436 5194 1667 5245 πάθεσιν
1716 5194 1789 5256 ὡς

205 5278 501 5341 δεσπόταις
531 5278 815 5349 χρώμενον
845 5284 1137 5355 ὑπηρετεῖν
1171 5288 1293 5347 ταῖς
1328 5286 1563 5355 ἡδοναῖς,
1602 5286 1793 5356 αἰσχύ-

206 5388 310 5437 νην
338 5370 575 5441 ἢνεγκεν
604 5373 699 5425 καὶ
720 5373 933 5441 γέλωτα
973 5374 1163 5429 πολύν.
1198 5376 1318 5430 Εἰσὶ
1360 5376 1459 5446 μὲν
1509 5377 1601 5431 οὖν
1662 5378 1792 5449 παρ’

206 5464 394 5525 αὐτοῖς
440 5464 669 5518 καθόλου
702 5467 800 5537 τῆς
863 5470 1115 5540 πράξεως
1161 5471 1523 5541 ἦμεληκότες,
1568 5471 1793 5541 λογικὴν

1896 4649 2030 4692 tura:
2056 4637 2416 4698 admiserunt,
2443 4636 2752 4705 splendidas
2785 4649 3003 4690 mensas
3039 4639 3354 4701 gulosorum
3392 4651 3486 4689 ca-

1890 4746 2020 4785 num
2055 4732 2224 4784 instar
2254 4730 2587 4792 invadentes,
2624 4730 2923 4784 nescientes
2966 4729 3235 4797 imprimis
3260 4729 3488 4782 liberum

1891 4839 2012 4879 esse
2028 4822 2223 4877 debere
2242 4822 2647 4891 philosophum,
2676 4823 2951 4889 multoque
2982 4822 3155 4891 magis
3178 4822 3252 4874 illi
3280 4820 3490 4889 fugien.

1893 4915 2019 4970 dum
2043 4931 2113 4969 ne
2139 4914 2337 4969 serviat
2368 4914 2731 4983 passionihus,
2755 4929 2918 4982 quam
2943 4928 3009 4967 ne
3037 4915 3105 4967 sit
3136 4923 3363 4981 argento
3393 4930 3515 4970 ve—t

1893 5008 2016 5061 nale
2048 5007 2375 5076 mancipium
2403 5017 2453 5061 et
2476 5022 2764 5060 vernarum
2798 5021 2992 5071 verna;
3019 5006 3299 5061 hominum
3349 5009 3491 5060 enim

1896 5115 2112 5155 servum
2144 5116 2264 5155 esse
2297 5100 2428 5154 nihil
2480 5098 2618 5152 forte
2676 5099 2860 5153 nocuit
2908 5100 2955 5152 ei
3010 5099 3100 5167 qui
3160 5108 3305 5152 recte
3337 5101 3487 5160 vixit.

1896 5192 2282 5261 cupiditatibus
2302 5204 2481 5245 autem
2508 5198 2565 5243 ut
2587 5190 2823 5245 dominis
2846 5191 2922 5243 uti
2945 5198 2995 5243 et
3015 5189 3218 5244 servire
3240 5192 3487 5260 volupta-

1902 5284 2043 5338 tibus
2080 5282 2341 5353 pudorem
2372 5282 2554 5335 attulit
2593 5288 2645 5335 et
2680 5280 2849 5334 risum
2884 5281 3139 5334 multum.
3186 5281 3326 5334 Sunt
3367 5297 3493 5349 ετὸο

1901 5376 2044 5447 apud
2089 5391 2182 5431 eos
2218 5390 2443 5445 prorsus
2492 5376 2544 5429 in
2595 5375 2803 5445 agendo
2836 5375 3187 5444 negligentes,
3219 5384 3273 5428 at
3321 5378 3496 5429 ratio-

1902 5468 2077 5523 nalem
2113 5466 2533 5537 philosophiam,
2590 5474 2647 5519 ut
2680 5465 2952 5531 videntur,
2994 5466 3354 5535 suscipientes
3382 5510 3395 5531 ,
3432 5470 3495 5521 de

1407 5590 1607 5651 Variis
1639 5588 1945 5651 lectiones
1974 5594 2032 5651 et
2060 5595 2247 5647 notua.

277 5715 603 5783 "ala-{3.5.
680 5718 1165 5783 υιιτίιιι.ιι,δπ
1247 5723 1289 5753 ευ
1323 5722 1693 5783 Λει.κ1ι·,⁶ίῖ·2.

211 5785 511 5848 \'ll,1156.

204 5860 247 5887 "
277 5856 386 5910 τῶν
422 5858 698 5923 ﬁdit-mor.
730 5862 846 5919 cod.
904 5856 912 5863 ’
1080 5856 1085 5857 ν
1160 5856 1212 5861 ﬂ
1250 5856 1259 5862 ’
1448 5856 1456 5861 ’
1541 5872 1560 5899 '

1771 5722 1814 5752 ”
1841 5721 1869 5779 ἠ
1880 5721 1984 5779 μᾶς
2014 5721 2134 5773 cod.

595 5758 603 5765 .
680 5721 723 5749 "
756 5721 793 5771 ll
820 5721 961 5771 Tim.
1003 5738 1058 5783 ll,
1095 5723 1165 5776 δέ)
1247 5723 1289 5753 ⁸⁸
1323 5725 1439 5776 Act,
1470 5738 1574 5783 xiv,
1603 5722 1693 5775 2‘2.
1771 5722 1814 5752 "
1841 5721 1984 5789 ἡμᾶς
2014 5721 2134 5773 cod.
2214 5721 2258 5743 "
2294 5721 2485 5770 Νείλου
2510 5756 2521 5779 ,
2551 5721 2684 5771 liber
2726 5733 2830 5771 asa

589 5789 1091 5864 ³έάποδιχόμενοι,
1124 5793 1289 5862 ὀργῆς
1350 5795 1577 5861 (Inﬁxae:
1630 5795 1721 5845 καὶ
1770 5792 1893 5864 πρδς
1957 5790 2112 5853 δόξαν
2158 5789 2483 5857 ἐπτοημένοι
2549 5790 2662 5850 ταῖς
2712 5790 2830 5842 θοά-

2214 5719 2258 5743 ’τ
2294 5718 2684 5779 Na!.\3u,liber
2726 5727 2993 5771 asecttcus
3049 5716 3204 5781 (Bibl.
3273 5715 3498 5769 Maxima

2938 5788 2977 5813 "
3012 5788 3313 5855 οὲκοτριόον
3380 5792 3499 5842 ('oil.
