  <div class='ocr_page' id='page_1' title='image "/cluster/home/n/w/nwhite01/storage/ocr_20150623/110/nnc1.0046979808/213.png"; bbox 0 0 4244 6444; ppageno 0'>
   <div class='ocr_carea' id='block_1_1' title="bbox 801 373 905 437">
    <p class='ocr_par' dir='ltr' id='par_1_1' title="bbox 801 373 905 437">
     <span class='ocr_line' id='line_1_1' title="bbox 801 373 905 437; baseline 0.038 -3"><span class='ocrx_word' id='word_1_1' title='bbox 801 373 905 437; x_wconf 71' lang='grc'><strong>407</strong></span> 
     </span>
    </p>
   </div>
   <div class='ocr_carea' id='block_1_2' title="bbox 2005 384 2819 452">
    <p class='ocr_par' dir='ltr' id='par_1_2' title="bbox 2005 384 2819 452">
     <span class='ocr_line' id='line_1_2' title="bbox 2005 384 2819 452; baseline 0.011 -8"><span class='ocrx_word' id='word_1_2' title='bbox 2005 384 2329 446; x_wconf 78' lang='lat' dir='ltr'><strong>GEORGII</strong></span> <span class='ocrx_word' id='word_1_3' title='bbox 2369 384 2819 452; x_wconf 79' lang='lat' dir='ltr'><strong>HAMARTOLI</strong></span> 
     </span>
    </p>
   </div>
   <div class='ocr_carea' id='block_1_3' title="bbox 3957 389 4064 451">
    <p class='ocr_par' dir='ltr' id='par_1_3' title="bbox 3957 389 4064 451">
     <span class='ocr_line' id='line_1_3' title="bbox 3957 389 4064 451; baseline -0.009 0"><span class='ocrx_word' id='word_1_4' title='bbox 3957 389 4064 451; x_wconf 68' lang='lat'><strong>408</strong></span> 
     </span>
    </p>
   </div>
   <div class='ocr_carea' id='block_1_4' title="bbox 800 493 2476 574">
    <p class='ocr_par' dir='ltr' id='par_1_4' title="bbox 800 493 2452 571">
     <span class='ocr_line' id='line_1_4' title="bbox 800 493 2452 571; baseline 0.008 -26"><span class='ocrx_word' id='word_1_5' title='bbox 800 493 1124 547; x_wconf 78' lang='lat' dir='ltr'><strong>sublimibus</strong></span> <span class='ocrx_word' id='word_1_6' title='bbox 1146 509 1452 550; x_wconf 88' lang='lat' dir='ltr'><strong>sermonem</strong></span> <span class='ocrx_word' id='word_1_7' title='bbox 1486 497 1745 556; x_wconf 72' lang='lat' dir='ltr'><strong>habentes</strong></span> <span class='ocrx_word' id='word_1_8' title='bbox 1791 511 1843 555; x_wconf 93' lang='lat' dir='ltr'><strong>et</strong></span> <span class='ocrx_word' id='word_1_9' title='bbox 1888 515 2081 557; x_wconf 88' lang='lat' dir='ltr'><strong>eorum</strong></span> <span class='ocrx_word' id='word_1_10' title='bbox 2109 517 2233 571; x_wconf 77' lang='lat' dir='ltr'><strong>qua-</strong></span> <span class='ocrx_word' id='word_1_11' title='bbox 2277 502 2375 558; x_wconf 88' lang='lat' dir='ltr'><strong>de-</strong></span> <span class='ocrx_word' id='word_1_12' title='bbox 2405 503 2452 559; x_wconf 81' lang='grc' dir='ltr'><strong>Α</strong></span> 
     </span>
    </p>
   </div>
   <div class='ocr_carea' id='block_1_5' title="bbox 2381 493 4057 574">
    <p class='ocr_par' dir='ltr' id='par_1_5' title="bbox 2405 496 4057 574">
     <span class='ocr_line' id='line_1_5' title="bbox 2405 496 4057 574; baseline -0.005 -15"><span class='ocrx_word' id='word_1_13' title='bbox 2405 503 2452 559; x_wconf 78' lang='grc' dir='ltr'><strong>Α</strong></span> <span class='ocrx_word' id='word_1_14' title='bbox 2478 502 2535 557; x_wconf 78' lang='grc' dir='ltr'><strong>δέ</strong></span> <span class='ocrx_word' id='word_1_15' title='bbox 2563 503 2904 573; x_wconf 75' lang='grc' dir='ltr'>φιλοσοφίαν,</span> <span class='ocrx_word' id='word_1_16' title='bbox 2935 504 3012 569; x_wconf 86' lang='grc' dir='ltr'><strong>ὡς</strong></span> <span class='ocrx_word' id='word_1_17' title='bbox 3037 503 3310 568; x_wconf 76' lang='grc' dir='ltr'>δοκοῦσιν,</span> <span class='ocrx_word' id='word_1_18' title='bbox 3349 496 3757 574; x_wconf 70' lang='grc' dir='ltr'><strong>ἐπανῃρημένοι</strong></span> <span class='ocrx_word' id='word_1_19' title='bbox 3780 537 3796 563; x_wconf 87' lang='grc'><strong>,</strong></span> <span class='ocrx_word' id='word_1_20' title='bbox 3837 514 4057 569; x_wconf 78' lang='grc' dir='ltr'>μετεω-</span> 
     </span>
    </p>
   </div>
   <div class='ocr_carea' id='block_1_6' title="bbox 799 587 2377 665">
    <p class='ocr_par' dir='ltr' id='par_1_6' title="bbox 799 587 2377 665">
     <span class='ocr_line' id='line_1_6' title="bbox 799 587 2377 665; baseline 0.008 -28"><span class='ocrx_word' id='word_1_21' title='bbox 799 595 1038 640; x_wconf 72' lang='lat' dir='ltr'><strong>monstra</strong></span> <span class='ocrx_word' id='word_1_22' title='bbox 1049 587 1090 640; x_wconf 91' lang='lat' dir='ltr'><strong>ri</strong></span> <span class='ocrx_word' id='word_1_23' title='bbox 1112 601 1219 640; x_wconf 89' lang='lat' dir='ltr'><strong>non</strong></span> <span class='ocrx_word' id='word_1_24' title='bbox 1239 599 1469 657; x_wconf 90' lang='lat' dir='ltr'><strong>possunt</strong></span> <span class='ocrx_word' id='word_1_25' title='bbox 1485 591 1829 662; x_wconf 91' lang='lat' dir='ltr'><strong>interpretes,</strong></span> <span class='ocrx_word' id='word_1_26' title='bbox 1845 594 2235 665; x_wconf 80' lang='lat' dir='ltr'><strong>magnitudinis</strong></span> <span class='ocrx_word' id='word_1_27' title='bbox 2249 595 2377 650; x_wconf 67' lang='lat' dir='ltr'><strong>caeli</strong></span> 
     </span>
    </p>
   </div>
   <div class='ocr_carea' id='block_1_7' title="bbox 798 675 2376 756">
    <p class='ocr_par' dir='ltr' id='par_1_7' title="bbox 798 675 2376 756">
     <span class='ocr_line' id='line_1_7' title="bbox 798 675 2376 756; baseline 0.008 -28"><span class='ocrx_word' id='word_1_28' title='bbox 798 685 850 729; x_wconf 89' lang='lat' dir='ltr'><strong>ct</strong></span> <span class='ocrx_word' id='word_1_29' title='bbox 878 675 1008 730; x_wconf 87' lang='lat' dir='ltr'><strong>solis</strong></span> <span class='ocrx_word' id='word_1_30' title='bbox 1028 693 1313 734; x_wconf 84' lang='lat' dir='ltr'><strong>mensuras</strong></span> <span class='ocrx_word' id='word_1_31' title='bbox 1334 688 1386 734; x_wconf 91' lang='lat' dir='ltr'><strong>et</strong></span> <span class='ocrx_word' id='word_1_32' title='bbox 1404 688 1678 736; x_wconf 89' lang='lat' dir='ltr'><strong>astrorum</strong></span> <span class='ocrx_word' id='word_1_33' title='bbox 1702 683 1810 736; x_wconf 90' lang='lat' dir='ltr'><strong>vim</strong></span> <span class='ocrx_word' id='word_1_34' title='bbox 1837 685 1978 739; x_wconf 91' lang='lat' dir='ltr'><strong>scire</strong></span> <span class='ocrx_word' id='word_1_35' title='bbox 1995 700 2054 740; x_wconf 89' lang='lat' dir='ltr'><strong>se</strong></span> <span class='ocrx_word' id='word_1_36' title='bbox 2078 686 2376 756; x_wconf 80' lang='lat' dir='ltr'><strong>jactantes,</strong></span> 
     </span>
    </p>
   </div>
   <div class='ocr_carea' id='block_1_8' title="bbox 2483 593 4056 664">
    <p class='ocr_par' dir='ltr' id='par_1_8' title="bbox 2483 593 4056 664">
     <span class='ocr_line' id='line_1_8' title="bbox 2483 593 4056 664; baseline 0.002 -18"><span class='ocrx_word' id='word_1_37' title='bbox 2483 594 2736 664; x_wconf 85' lang='grc' dir='ltr'>ρολέσχαι</span> <span class='ocrx_word' id='word_1_38' title='bbox 2768 598 2914 660; x_wconf 82' lang='grc' dir='ltr'>τινὲς</span> <span class='ocrx_word' id='word_1_39' title='bbox 2940 597 3094 661; x_wconf 73' lang='grc' dir='ltr'>ὄντες</span> <span class='ocrx_word' id='word_1_40' title='bbox 3129 599 3224 651; x_wconf 79' lang='grc' dir='ltr'>καὶ</span> <span class='ocrx_word' id='word_1_41' title='bbox 3253 596 3362 650; x_wconf 88' lang='grc' dir='ltr'><strong>τῶν</strong></span> <span class='ocrx_word' id='word_1_42' title='bbox 3408 595 3816 650; x_wconf 79' lang='grc' dir='ltr'>ἀναποδείκτων</span> <span class='ocrx_word' id='word_1_43' title='bbox 3845 593 4056 662; x_wconf 80' lang='grc' dir='ltr'>ἐξηγηο</span> 
     </span>
    </p>
   </div>
   <div class='ocr_carea' id='block_1_9' title="bbox 2478 685 4058 771">
    <p class='ocr_par' dir='ltr' id='par_1_9' title="bbox 2478 685 4058 771">
     <span class='ocr_line' id='line_1_9' title="bbox 2478 685 4058 771; baseline -0.001 -33"><span class='ocrx_word' id='word_1_44' title='bbox 2478 685 2593 751; x_wconf 81' lang='grc' dir='ltr'>ταὶ,</span> <span class='ocrx_word' id='word_1_45' title='bbox 2616 686 2848 756; x_wconf 84' lang='grc' dir='ltr'>μέγεθος</span> <span class='ocrx_word' id='word_1_46' title='bbox 2879 688 3114 771; x_wconf 82' lang='grc' dir='ltr'>οὐρανοῦ</span> <span class='ocrx_word' id='word_1_47' title='bbox 3142 689 3238 743; x_wconf 77' lang='grc' dir='ltr'>καὶ</span> <span class='ocrx_word' id='word_1_48' title='bbox 3269 688 3424 760; x_wconf 76' lang='grc' dir='ltr'>ἡλίου</span> <span class='ocrx_word' id='word_1_49' title='bbox 3468 689 3643 760; x_wconf 79' lang='grc' dir='ltr'>μέτρα</span> <span class='ocrx_word' id='word_1_50' title='bbox 3681 688 3776 740; x_wconf 74' lang='grc' dir='ltr'>καὶ</span> <span class='ocrx_word' id='word_1_51' title='bbox 3803 685 4058 757; x_wconf 79' lang='grc' dir='ltr'><strong>ἀστέρων</strong></span> 
     </span>
    </p>
   </div>
   <div class='ocr_carea' id='block_1_10' title="bbox 799 767 2475 852">
    <p class='ocr_par' dir='ltr' id='par_1_10' title="bbox 799 767 2378 847">
     <span class='ocr_line' id='line_1_10' title="bbox 799 767 2378 847; baseline 0.007 -24"><span class='ocrx_word' id='word_1_52' title='bbox 799 767 1200 838; x_wconf 76' lang='lat' dir='ltr'><strong>aliquandoque</strong></span> <span class='ocrx_word' id='word_1_53' title='bbox 1220 769 1382 824; x_wconf 90' lang='lat' dir='ltr'><strong>etiam</strong></span> <span class='ocrx_word' id='word_1_54' title='bbox 1417 772 1480 826; x_wconf 92' lang='lat' dir='ltr'><strong>de</strong></span> <span class='ocrx_word' id='word_1_55' title='bbox 1511 775 1683 828; x_wconf 89' lang='lat' dir='ltr'><strong>sacris</strong></span> <span class='ocrx_word' id='word_1_56' title='bbox 1703 775 1973 831; x_wconf 84' lang='lat' dir='ltr'><strong>disserere</strong></span> <span class='ocrx_word' id='word_1_57' title='bbox 2002 777 2378 847; x_wconf 84' lang='lat' dir='ltr'><strong>aggredientes</strong></span> 
     </span>
    </p>
   </div>
   <div class='ocr_carea' id='block_1_11' title="bbox 2376 767 4052 852">
    <p class='ocr_par' dir='ltr' id='par_1_11' title="bbox 2376 767 4052 852">
     <span class='ocr_line' id='line_1_11' title="bbox 2376 767 4052 852; baseline 0.002 -24"><span class='ocrx_word' id='word_1_58' title='bbox 2376 817 2378 827; x_wconf 89' lang='lat'>.</span> <span class='ocrx_word' id='word_1_59' title='bbox 2477 779 2764 847; x_wconf 74' lang='grc' dir='ltr'><strong>ἐνέργειαν</strong></span> <span class='ocrx_word' id='word_1_60' title='bbox 2817 767 3016 833; x_wconf 80' lang='grc' dir='ltr'>είδέναι</span> <span class='ocrx_word' id='word_1_61' title='bbox 3061 781 3636 852; x_wconf 84' lang='grc' dir='ltr'>κατεπαγγελλόμενοι</span> <span class='ocrx_word' id='word_1_62' title='bbox 3662 820 3679 844; x_wconf 83' lang='grc'><strong>,</strong></span> <span class='ocrx_word' id='word_1_63' title='bbox 3738 779 3858 833; x_wconf 77' lang='grc' dir='ltr'>ἐστι</span> <span class='ocrx_word' id='word_1_64' title='bbox 3885 779 3930 833; x_wconf 84' lang='grc' dir='ltr'>δ’</span> <span class='ocrx_word' id='word_1_65' title='bbox 3960 781 4052 832; x_wconf 78' lang='grc' dir='ltr'>ὅτε</span> 
     </span>
    </p>
   </div>
   <div class='ocr_carea' id='block_1_12' title="bbox 796 859 2374 938">
    <p class='ocr_par' dir='ltr' id='par_1_12' title="bbox 796 859 2374 938">
     <span class='ocr_line' id='line_1_12' title="bbox 796 859 2374 938; baseline 0.008 -27"><span class='ocrx_word' id='word_1_66' title='bbox 796 859 884 912; x_wconf 90' lang='lat' dir='ltr'><strong>ubi</strong></span> <span class='ocrx_word' id='word_1_67' title='bbox 918 868 971 914; x_wconf 87' lang='lat' dir='ltr'><strong>et</strong></span> <span class='ocrx_word' id='word_1_68' title='bbox 1000 861 1201 914; x_wconf 86' lang='lat' dir='ltr'><strong>veritas</strong></span> <span class='ocrx_word' id='word_1_69' title='bbox 1257 861 1534 918; x_wconf 88' lang='lat' dir='ltr'><strong>inaccessa</strong></span> <span class='ocrx_word' id='word_1_70' title='bbox 1587 874 1640 918; x_wconf 90' lang='lat' dir='ltr'><strong>et</strong></span> <span class='ocrx_word' id='word_1_71' title='bbox 1688 867 1998 934; x_wconf 76' lang='lat' dir='ltr'><strong>conjectura</strong></span> <span class='ocrx_word' id='word_1_72' title='bbox 2046 869 2374 938; x_wconf 86' lang='lat' dir='ltr'><strong>periculosa,</strong></span> 
     </span>
    </p>
   </div>
   <div class='ocr_carea' id='block_1_13' title="bbox 792 952 2375 1030">
    <p class='ocr_par' dir='ltr' id='par_1_13' title="bbox 792 952 2375 1030">
     <span class='ocr_line' id='line_1_13' title="bbox 792 952 2375 1030; baseline 0.008 -30"><span class='ocrx_word' id='word_1_73' title='bbox 792 952 902 1004; x_wconf 89' lang='lat' dir='ltr'><strong>vita</strong></span> <span class='ocrx_word' id='word_1_74' title='bbox 937 959 1116 1004; x_wconf 79' lang='lat' dir='ltr'><strong>autem</strong></span> <span class='ocrx_word' id='word_1_75' title='bbox 1173 952 1226 1006; x_wconf 88' lang='lat' dir='ltr'><strong>in</strong></span> <span class='ocrx_word' id='word_1_76' title='bbox 1261 967 1420 1007; x_wconf 76' lang='lat' dir='ltr'><strong>emno</strong></span> <span class='ocrx_word' id='word_1_77' title='bbox 1473 957 1841 1013; x_wconf 90' lang='lat' dir='ltr'><strong>volutantibus</strong></span> <span class='ocrx_word' id='word_1_78' title='bbox 1894 974 1951 1013; x_wconf 90' lang='lat' dir='ltr'><strong>se</strong></span> <span class='ocrx_word' id='word_1_79' title='bbox 2010 960 2192 1028; x_wconf 91' lang='lat' dir='ltr'><strong>porcis</strong></span> <span class='ocrx_word' id='word_1_80' title='bbox 2222 961 2375 1030; x_wconf 87' lang='lat' dir='ltr'><strong>igno-</strong></span> 
     </span>
    </p>
   </div>
   <div class='ocr_carea' id='block_1_14' title="bbox 793 1042 2374 1121">
    <p class='ocr_par' dir='ltr' id='par_1_14' title="bbox 793 1042 2374 1121">
     <span class='ocr_line' id='line_1_14' title="bbox 793 1042 2374 1121; baseline 0.007 -26"><span class='ocrx_word' id='word_1_81' title='bbox 793 1042 1159 1101; x_wconf 87' lang='lat' dir='ltr'><strong>miniosiores.</strong></span> <span class='ocrx_word' id='word_1_82' title='bbox 1228 1043 1284 1097; x_wconf 85' lang='lat' dir='ltr'><strong>Si</strong></span> <span class='ocrx_word' id='word_1_83' title='bbox 1319 1046 1539 1113; x_wconf 81' lang='lat' dir='ltr'><strong>quando</strong></span> <span class='ocrx_word' id='word_1_84' title='bbox 1587 1048 1807 1118; x_wconf 79' lang='lat' dir='ltr'><strong>quidam</strong></span> <span class='ocrx_word' id='word_1_85' title='bbox 1872 1052 1936 1104; x_wconf 88' lang='lat' dir='ltr'><strong>ad</strong></span> <span class='ocrx_word' id='word_1_86' title='bbox 1985 1051 2252 1121; x_wconf 85' lang='lat' dir='ltr'><strong>agendum</strong></span> <span class='ocrx_word' id='word_1_87' title='bbox 2314 1065 2374 1107; x_wconf 76' lang='lat' dir='ltr'><strong>se</strong></span> 
     </span>
    </p>
   </div>
   <div class='ocr_carea' id='block_1_15' title="bbox 791 1135 2376 1211">
    <p class='ocr_par' dir='ltr' id='par_1_15' title="bbox 791 1135 2376 1211">
     <span class='ocr_line' id='line_1_15' title="bbox 791 1135 2376 1211; baseline 0.007 -25"><span class='ocrx_word' id='word_1_88' title='bbox 791 1135 1200 1195; x_wconf 74' lang='lat' dir='ltr'><strong>convertebant.</strong></span> <span class='ocrx_word' id='word_1_89' title='bbox 1238 1135 1356 1192; x_wconf 88' lang='lat' dir='ltr'><strong>istis</strong></span> <span class='ocrx_word' id='word_1_90' title='bbox 1413 1139 1623 1206; x_wconf 80' lang='lat' dir='ltr'><strong>pejores</strong></span> <span class='ocrx_word' id='word_1_91' title='bbox 1682 1140 1904 1206; x_wconf 87' lang='lat' dir='ltr'><strong>liebaut,</strong></span> <span class='ocrx_word' id='word_1_92' title='bbox 1962 1157 2059 1211; x_wconf 92' lang='lat' dir='ltr'><strong>pro</strong></span> <span class='ocrx_word' id='word_1_93' title='bbox 2121 1141 2261 1197; x_wconf 77' lang='lat' dir='ltr'><strong>fama</strong></span> <span class='ocrx_word' id='word_1_94' title='bbox 2319 1150 2376 1197; x_wconf 84' lang='lat' dir='ltr'><strong>et</strong></span> 
     </span>
    </p>
   </div>
   <div class='ocr_carea' id='block_1_16' title="bbox 796 1228 2372 1297">
    <p class='ocr_par' dir='ltr' id='par_1_16' title="bbox 796 1228 2372 1297">
     <span class='ocr_line' id='line_1_16' title="bbox 796 1228 2372 1297; baseline 0.007 -17"><span class='ocrx_word' id='word_1_95' title='bbox 796 1228 1052 1281; x_wconf 80' lang='lat' dir='ltr'><strong>laudibus</strong></span> <span class='ocrx_word' id='word_1_96' title='bbox 1101 1229 1380 1284; x_wconf 75' lang='lat' dir='ltr'><strong>molestias</strong></span> <span class='ocrx_word' id='word_1_97' title='bbox 1431 1232 1763 1297; x_wconf 82' lang='lat' dir='ltr'><strong>tolerantes;</strong></span> <span class='ocrx_word' id='word_1_98' title='bbox 1829 1235 2032 1289; x_wconf 92' lang='lat' dir='ltr'><strong>nullius</strong></span> <span class='ocrx_word' id='word_1_99' title='bbox 2091 1236 2236 1290; x_wconf 90' lang='lat' dir='ltr'><strong>enim</strong></span> <span class='ocrx_word' id='word_1_100' title='bbox 2293 1236 2372 1293; x_wconf 85' lang='lat' dir='ltr'><strong>rei</strong></span> 
     </span>
    </p>
   </div>
   <div class='ocr_carea' id='block_1_17' title="bbox 795 1319 2373 1400">
    <p class='ocr_par' dir='ltr' id='par_1_17' title="bbox 795 1319 2373 1400">
     <span class='ocr_line' id='line_1_17' title="bbox 795 1319 2373 1400; baseline 0.009 -30"><span class='ocrx_word' id='word_1_101' title='bbox 795 1319 965 1387; x_wconf 80' lang='lat' dir='ltr'><strong>gratia</strong></span> <span class='ocrx_word' id='word_1_102' title='bbox 1008 1319 1113 1375; x_wconf 89' lang='lat' dir='ltr'><strong>nisi</strong></span> <span class='ocrx_word' id='word_1_103' title='bbox 1157 1323 1539 1378; x_wconf 87' lang='lat' dir='ltr'><strong>ostentationis</strong></span> <span class='ocrx_word' id='word_1_104' title='bbox 1586 1334 1639 1379; x_wconf 90' lang='lat' dir='ltr'><strong>et</strong></span> <span class='ocrx_word' id='word_1_105' title='bbox 1689 1326 2007 1396; x_wconf 83' lang='lat' dir='ltr'><strong>cupiditatis</strong></span> <span class='ocrx_word' id='word_1_106' title='bbox 2040 1328 2226 1398; x_wconf 65' lang='lat' dir='ltr'><strong>gloriae</strong></span> <span class='ocrx_word' id='word_1_107' title='bbox 2253 1331 2373 1400; x_wconf 89' lang='lat' dir='ltr'><strong>ple-</strong></span> 
     </span>
    </p>
   </div>
   <div class='ocr_carea' id='block_1_18' title="bbox 787 1413 2370 1491">
    <p class='ocr_par' dir='ltr' id='par_1_18' title="bbox 787 1413 2370 1491">
     <span class='ocr_line' id='line_1_18' title="bbox 787 1413 2370 1491; baseline 0.009 -29"><span class='ocrx_word' id='word_1_108' title='bbox 787 1413 948 1480; x_wconf 90' lang='lat' dir='ltr'><strong>rique</strong></span> <span class='ocrx_word' id='word_1_109' title='bbox 989 1427 1207 1480; x_wconf 83' lang='lat' dir='ltr'><strong>operam</strong></span> <span class='ocrx_word' id='word_1_110' title='bbox 1268 1413 1470 1468; x_wconf 87' lang='lat' dir='ltr'><strong>dabant</strong></span> <span class='ocrx_word' id='word_1_111' title='bbox 1519 1418 1742 1481; x_wconf 88' lang='lat' dir='ltr'><strong>miseri;</strong></span> <span class='ocrx_word' id='word_1_112' title='bbox 1776 1421 2080 1473; x_wconf 87' lang='lat' dir='ltr'><strong>mercedem</strong></span> <span class='ocrx_word' id='word_1_113' title='bbox 2147 1435 2370 1491; x_wconf 87' lang='lat' dir='ltr'><strong>parvam</strong></span> 
     </span>
    </p>
   </div>
   <div class='ocr_carea' id='block_1_19' title="bbox 787 1504 2369 1579">
    <p class='ocr_par' dir='ltr' id='par_1_19' title="bbox 787 1504 2369 1579">
     <span class='ocr_line' id='line_1_19' title="bbox 787 1504 2369 1579; baseline 0.01 -26"><span class='ocrx_word' id='word_1_114' title='bbox 787 1513 840 1556; x_wconf 69' lang='lat' dir='ltr'><strong>et</strong></span> <span class='ocrx_word' id='word_1_115' title='bbox 879 1504 1037 1556; x_wconf 81' lang='lat' dir='ltr'><strong>vilem</strong></span> <span class='ocrx_word' id='word_1_116' title='bbox 1070 1519 1167 1573; x_wconf 91' lang='lat' dir='ltr'><strong>pro</strong></span> <span class='ocrx_word' id='word_1_117' title='bbox 1202 1505 1294 1558; x_wconf 92' lang='lat' dir='ltr'><strong>tali</strong></span> <span class='ocrx_word' id='word_1_118' title='bbox 1359 1507 1460 1561; x_wconf 87' lang='lat' dir='ltr'><strong>sibi</strong></span> <span class='ocrx_word' id='word_1_119' title='bbox 1501 1508 1854 1564; x_wconf 90' lang='lat' dir='ltr'><strong>conciliantes</strong></span> <span class='ocrx_word' id='word_1_120' title='bbox 1879 1511 2134 1579; x_wconf 85' lang='lat' dir='ltr'><strong>miseria;</strong></span> <span class='ocrx_word' id='word_1_121' title='bbox 2168 1515 2369 1569; x_wconf 90' lang='lat' dir='ltr'><strong>etenim</strong></span> 
     </span>
    </p>
   </div>
   <div class='ocr_carea' id='block_1_20' title="bbox 789 1597 2369 1675">
    <p class='ocr_par' dir='ltr' id='par_1_20' title="bbox 789 1597 2369 1675">
     <span class='ocr_line' id='line_1_20' title="bbox 789 1597 2369 1675; baseline 0.009 -27"><span class='ocrx_word' id='word_1_122' title='bbox 789 1610 1020 1663; x_wconf 80' lang='lat' dir='ltr'><strong>prorsus</strong></span> <span class='ocrx_word' id='word_1_123' title='bbox 1067 1597 1319 1664; x_wconf 79' lang='lat' dir='ltr'><strong>siluisse,</strong></span> <span class='ocrx_word' id='word_1_124' title='bbox 1367 1601 1520 1669; x_wconf 78' lang='lat' dir='ltr'><strong>juxta</strong></span> <span class='ocrx_word' id='word_1_125' title='bbox 1557 1601 1973 1673; x_wconf 82' lang='lat' dir='ltr'><strong>Pythagoricum</strong></span> <span class='ocrx_word' id='word_1_126' title='bbox 2035 1605 2369 1675; x_wconf 87' lang='lat' dir='ltr'><strong>institutum,</strong></span> 
     </span>
    </p>
   </div>
   <div class='ocr_carea' id='block_1_21' title="bbox 787 1688 2372 1765">
    <p class='ocr_par' dir='ltr' id='par_1_21' title="bbox 787 1688 2372 1765">
     <span class='ocr_line' id='line_1_21' title="bbox 787 1688 2372 1765; baseline 0.01 -26"><span class='ocrx_word' id='word_1_127' title='bbox 787 1694 840 1739; x_wconf 89' lang='lat' dir='ltr'><strong>ct</strong></span> <span class='ocrx_word' id='word_1_128' title='bbox 872 1688 1115 1755; x_wconf 75' lang='lat' dir='ltr'><strong>gramine</strong></span> <span class='ocrx_word' id='word_1_129' title='bbox 1167 1690 1346 1752; x_wconf 69' lang='lat' dir='ltr'><strong>VCSCi,’</strong></span> <span class='ocrx_word' id='word_1_130' title='bbox 1394 1691 1623 1746; x_wconf 91' lang='lat' dir='ltr'><strong>cilicinis</strong></span> <span class='ocrx_word' id='word_1_131' title='bbox 1683 1695 1990 1765; x_wconf 85' lang='lat' dir='ltr'><strong>vilibusque</strong></span> <span class='ocrx_word' id='word_1_132' title='bbox 2046 1706 2101 1750; x_wconf 90' lang='lat' dir='ltr'><strong>et</strong></span> <span class='ocrx_word' id='word_1_133' title='bbox 2156 1698 2372 1755; x_wconf 84' lang='lat' dir='ltr'><strong>detritis</strong></span> 
     </span>
    </p>
   </div>
   <div class='ocr_carea' id='block_1_22' title="bbox 787 1776 2368 1856">
    <p class='ocr_par' dir='ltr' id='par_1_22' title="bbox 787 1776 2368 1856">
     <span class='ocr_line' id='line_1_22' title="bbox 787 1776 2368 1856; baseline 0.011 -29"><span class='ocrx_word' id='word_1_134' title='bbox 787 1776 1095 1844; x_wconf 84' lang='lat' dir='ltr'><strong>panniculis</strong></span> <span class='ocrx_word' id='word_1_135' title='bbox 1131 1779 1235 1846; x_wconf 81' lang='lat' dir='ltr'><strong>tegi</strong></span> <span class='ocrx_word' id='word_1_136' title='bbox 1293 1790 1344 1834; x_wconf 89' lang='lat' dir='ltr'><strong>ct</strong></span> <span class='ocrx_word' id='word_1_137' title='bbox 1380 1781 1433 1834; x_wconf 91' lang='lat' dir='ltr'><strong>in</strong></span> <span class='ocrx_word' id='word_1_138' title='bbox 1510 1782 1658 1838; x_wconf 89' lang='lat' dir='ltr'><strong>dolio</strong></span> <span class='ocrx_word' id='word_1_139' title='bbox 1726 1785 2001 1842; x_wconf 91' lang='lat' dir='ltr'><strong>inclusum</strong></span> <span class='ocrx_word' id='word_1_140' title='bbox 2067 1788 2368 1856; x_wconf 81' lang='lat' dir='ltr'><strong>habitasse,</strong></span> 
     </span>
    </p>
   </div>
   <div class='ocr_carea' id='block_1_23' title="bbox 787 1870 2372 1951">
    <p class='ocr_par' dir='ltr' id='par_1_23' title="bbox 787 1870 2372 1951">
     <span class='ocr_line' id='line_1_23' title="bbox 787 1870 2372 1951; baseline 0.012 -32"><span class='ocrx_word' id='word_1_141' title='bbox 787 1876 837 1920; x_wconf 89' lang='lat' dir='ltr'><strong>et</strong></span> <span class='ocrx_word' id='word_1_142' title='bbox 873 1883 972 1935; x_wconf 93' lang='lat' dir='ltr'><strong>pro</strong></span> <span class='ocrx_word' id='word_1_143' title='bbox 1006 1870 1230 1922; x_wconf 82' lang='lat' dir='ltr'><strong>tolerata</strong></span> <span class='ocrx_word' id='word_1_144' title='bbox 1264 1871 1368 1924; x_wconf 80' lang='lat' dir='ltr'><strong>vita</strong></span> <span class='ocrx_word' id='word_1_145' title='bbox 1397 1873 1601 1927; x_wconf 90' lang='lat' dir='ltr'><strong>nullam</strong></span> <span class='ocrx_word' id='word_1_146' title='bbox 1639 1885 1760 1944; x_wconf 87' lang='lat' dir='ltr'><strong>post</strong></span> <span class='ocrx_word' id='word_1_147' title='bbox 1792 1888 2019 1934; x_wconf 90' lang='lat' dir='ltr'><strong>mortem</strong></span> <span class='ocrx_word' id='word_1_148' title='bbox 2052 1891 2372 1951; x_wconf 80' lang='lat' dir='ltr'><strong>exspectare</strong></span> 
     </span>
    </p>
   </div>
   <div class='ocr_carea' id='block_1_24' title="bbox 787 1955 2370 2043">
    <p class='ocr_par' dir='ltr' id='par_1_24' title="bbox 787 1955 2370 2043">
     <span class='ocr_line' id='line_1_24' title="bbox 787 1955 2370 2043; baseline 0.012 -31"><span class='ocrx_word' id='word_1_149' title='bbox 787 1955 1117 2028; x_wconf 74' lang='lat' dir='ltr'><strong>mercedem,</strong></span> <span class='ocrx_word' id='word_1_150' title='bbox 1166 1970 1220 2017; x_wconf 91' lang='lat' dir='ltr'><strong>et</strong></span> <span class='ocrx_word' id='word_1_151' title='bbox 1261 1965 1370 2018; x_wconf 84' lang='lat' dir='ltr'><strong>vita</strong></span> <span class='ocrx_word' id='word_1_152' title='bbox 1430 1966 1532 2020; x_wconf 90' lang='lat' dir='ltr'><strong>ista</strong></span> <span class='ocrx_word' id='word_1_153' title='bbox 1567 1966 1795 2024; x_wconf 88' lang='lat' dir='ltr'><strong>delinire</strong></span> <span class='ocrx_word' id='word_1_154' title='bbox 1852 1972 2070 2029; x_wconf 91' lang='lat' dir='ltr'><strong>virtutis</strong></span> <span class='ocrx_word' id='word_1_155' title='bbox 2125 1975 2370 2043; x_wconf 70' lang='lat' dir='ltr'><strong>pramia,</strong></span> 
     </span>
    </p>
   </div>
   <div class='ocr_carea' id='block_1_25' title="bbox 784 2050 2374 2137">
    <p class='ocr_par' dir='ltr' id='par_1_25' title="bbox 784 2050 2374 2137">
     <span class='ocr_line' id='line_1_25' title="bbox 784 2050 2374 2137; baseline 0.011 -35"><span class='ocrx_word' id='word_1_156' title='bbox 784 2050 926 2104; x_wconf 85' lang='lat' dir='ltr'><strong>ultra</strong></span> <span class='ocrx_word' id='word_1_157' title='bbox 963 2067 1180 2107; x_wconf 89' lang='lat' dir='ltr'><strong>omnem</strong></span> <span class='ocrx_word' id='word_1_158' title='bbox 1210 2057 1499 2110; x_wconf 86' lang='lat' dir='ltr'><strong>amentiam</strong></span> <span class='ocrx_word' id='word_1_159' title='bbox 1533 2070 1634 2111; x_wconf 84' lang='lat' dir='ltr'><strong>est.</strong></span> <span class='ocrx_word' id='word_1_160' title='bbox 1689 2061 2002 2117; x_wconf 63' lang='lat' dir='ltr'><strong>Judaeorum</strong></span> <span class='ocrx_word' id='word_1_161' title='bbox 2036 2076 2220 2120; x_wconf 88' lang='lat' dir='ltr'><strong>autem</strong></span> <span class='ocrx_word' id='word_1_162' title='bbox 2247 2070 2374 2137; x_wconf 82' lang='lat' dir='ltr'><strong>qui-</strong></span> 
     </span>
    </p>
   </div>
   <div class='ocr_carea' id='block_1_26' title="bbox 784 2145 2367 2226">
    <p class='ocr_par' dir='ltr' id='par_1_26' title="bbox 784 2145 2367 2226">
     <span class='ocr_line' id='line_1_26' title="bbox 784 2145 2367 2226; baseline 0.012 -31"><span class='ocrx_word' id='word_1_163' title='bbox 784 2159 1004 2213; x_wconf 77' lang='lat' dir='ltr'><strong>cunque</strong></span> <span class='ocrx_word' id='word_1_164' title='bbox 1045 2145 1204 2199; x_wconf 88' lang='lat' dir='ltr'><strong>istam</strong></span> <span class='ocrx_word' id='word_1_165' title='bbox 1256 2148 1488 2218; x_wconf 77' lang='lat' dir='ltr'><strong>amplexi</strong></span> <span class='ocrx_word' id='word_1_166' title='bbox 1550 2161 1678 2205; x_wconf 90' lang='lat' dir='ltr'><strong>sunt</strong></span> <span class='ocrx_word' id='word_1_167' title='bbox 1727 2154 1915 2219; x_wconf 90' lang='lat' dir='ltr'><strong>vitam,</strong></span> <span class='ocrx_word' id='word_1_168' title='bbox 1984 2165 2116 2212; x_wconf 86' lang='lat' dir='ltr'><strong>sunt</strong></span> <span class='ocrx_word' id='word_1_169' title='bbox 2147 2160 2367 2226; x_wconf 84' lang='lat' dir='ltr'><strong>quidam</strong></span> 
     </span>
    </p>
   </div>
   <div class='ocr_carea' id='block_1_27' title="bbox 783 2235 2368 2314">
    <p class='ocr_par' dir='ltr' id='par_1_27' title="bbox 783 2235 2368 2314">
     <span class='ocr_line' id='line_1_27' title="bbox 783 2235 2368 2314; baseline 0.011 -25"><span class='ocrx_word' id='word_1_170' title='bbox 783 2235 1032 2292; x_wconf 85' lang='lat' dir='ltr'><strong>Jonadab</strong></span> <span class='ocrx_word' id='word_1_171' title='bbox 1068 2240 1320 2308; x_wconf 83' lang='lat' dir='ltr'><strong>posteri;</strong></span> <span class='ocrx_word' id='word_1_172' title='bbox 1377 2256 1674 2314; x_wconf 88' lang='lat' dir='ltr'><strong>omnesque</strong></span> <span class='ocrx_word' id='word_1_173' title='bbox 1742 2245 1993 2302; x_wconf 90' lang='lat' dir='ltr'><strong>similiter</strong></span> <span class='ocrx_word' id='word_1_174' title='bbox 2056 2250 2242 2307; x_wconf 79' lang='lat' dir='ltr'><strong>vivere</strong></span> <span class='ocrx_word' id='word_1_175' title='bbox 2271 2266 2368 2305; x_wconf 88' lang='lat' dir='ltr'><strong>vo-</strong></span> 
     </span>
    </p>
   </div>
   <div class='ocr_carea' id='block_1_28' title="bbox 784 2331 2366 2412">
    <p class='ocr_par' dir='ltr' id='par_1_28' title="bbox 784 2331 2366 2412">
     <span class='ocr_line' id='line_1_28' title="bbox 784 2331 2366 2412; baseline 0.01 -29"><span class='ocrx_word' id='word_1_176' title='bbox 784 2331 956 2386; x_wconf 82' lang='lat' dir='ltr'><strong>lentes</strong></span> <span class='ocrx_word' id='word_1_177' title='bbox 983 2332 1306 2402; x_wconf 80' lang='lat' dir='ltr'><strong>excipiendo</strong></span> <span class='ocrx_word' id='word_1_178' title='bbox 1338 2333 1402 2388; x_wconf 89' lang='lat' dir='ltr'><strong>ad</strong></span> <span class='ocrx_word' id='word_1_179' title='bbox 1449 2349 1611 2390; x_wconf 86' lang='lat' dir='ltr'><strong>suum</strong></span> <span class='ocrx_word' id='word_1_180' title='bbox 1671 2339 1964 2396; x_wconf 89' lang='lat' dir='ltr'><strong>traducunt</strong></span> <span class='ocrx_word' id='word_1_181' title='bbox 2011 2341 2366 2412; x_wconf 91' lang='lat' dir='ltr'><strong>institutum;</strong></span> 
     </span>
    </p>
   </div>
   <div class='ocr_carea' id='block_1_29' title="bbox 781 2423 2371 2506">
    <p class='ocr_par' dir='ltr' id='par_1_29' title="bbox 781 2423 2371 2506">
     <span class='ocr_line' id='line_1_29' title="bbox 781 2423 2371 2506; baseline 0.01 -31"><span class='ocrx_word' id='word_1_182' title='bbox 781 2423 876 2491; x_wconf 88' lang='lat' dir='ltr'><strong>qui</strong></span> <span class='ocrx_word' id='word_1_183' title='bbox 910 2423 962 2477; x_wconf 90' lang='lat' dir='ltr'><strong>in</strong></span> <span class='ocrx_word' id='word_1_184' title='bbox 997 2424 1362 2481; x_wconf 88' lang='lat' dir='ltr'><strong>tabernaculis</strong></span> <span class='ocrx_word' id='word_1_185' title='bbox 1437 2440 1652 2497; x_wconf 86' lang='lat' dir='ltr'><strong>semper</strong></span> <span class='ocrx_word' id='word_1_186' title='bbox 1707 2430 1975 2498; x_wconf 89' lang='lat' dir='ltr'><strong>habitant,</strong></span> <span class='ocrx_word' id='word_1_187' title='bbox 2033 2435 2270 2506; x_wconf 91' lang='lat' dir='ltr'><strong>vinoque</strong></span> <span class='ocrx_word' id='word_1_188' title='bbox 2316 2445 2371 2491; x_wconf 91' lang='lat' dir='ltr'><strong>et</strong></span> 
     </span>
    </p>
   </div>
   <div class='ocr_carea' id='block_1_30' title="bbox 781 2516 2368 2592">
    <p class='ocr_par' dir='ltr' id='par_1_30' title="bbox 781 2516 2368 2592">
     <span class='ocr_line' id='line_1_30' title="bbox 781 2516 2368 2592; baseline 0.009 -23"><span class='ocrx_word' id='word_1_189' title='bbox 781 2516 1035 2571; x_wconf 88' lang='lat' dir='ltr'><strong>omnibus</strong></span> <span class='ocrx_word' id='word_1_190' title='bbox 1053 2517 1215 2573; x_wconf 80' lang='lat' dir='ltr'><strong>rebus</strong></span> <span class='ocrx_word' id='word_1_191' title='bbox 1233 2532 1352 2588; x_wconf 64' lang='lat' dir='ltr'><strong>quae</strong></span> <span class='ocrx_word' id='word_1_192' title='bbox 1369 2518 1434 2572; x_wconf 89' lang='lat' dir='ltr'><strong>ad</strong></span> <span class='ocrx_word' id='word_1_193' title='bbox 1466 2520 1742 2575; x_wconf 84' lang='lat' dir='ltr'><strong>mollitiem</strong></span> <span class='ocrx_word' id='word_1_194' title='bbox 1764 2533 2011 2592; x_wconf 90' lang='lat' dir='ltr'><strong>spectant</strong></span> <span class='ocrx_word' id='word_1_195' title='bbox 2032 2518 2368 2584; x_wconf 64' lang='lat' dir='ltr'><strong>abstinente&#39;s</strong></span> 
     </span>
    </p>
   </div>
   <div class='ocr_carea' id='block_1_31' title="bbox 780 2598 2367 2681">
    <p class='ocr_par' dir='ltr' id='par_1_31' title="bbox 780 2598 2367 2681">
     <span class='ocr_line' id='line_1_31' title="bbox 780 2598 2367 2681; baseline 0.008 -19"><span class='ocrx_word' id='word_1_196' title='bbox 780 2619 835 2663; x_wconf 86' lang='lat' dir='ltr'><strong>et</strong></span> <span class='ocrx_word' id='word_1_197' title='bbox 867 2610 1044 2665; x_wconf 89' lang='lat' dir='ltr'><strong>victus</strong></span> <span class='ocrx_word' id='word_1_198' title='bbox 1073 2598 1292 2681; x_wconf 86' lang='lat' dir='ltr'><strong>parcam</strong></span> <span class='ocrx_word' id='word_1_199' title='bbox 1336 2615 1601 2668; x_wconf 85' lang='lat' dir='ltr'><strong>rationem</strong></span> <span class='ocrx_word' id='word_1_200' title='bbox 1660 2616 1918 2672; x_wconf 85' lang='lat' dir='ltr'><strong>habentes</strong></span> <span class='ocrx_word' id='word_1_201' title='bbox 1970 2627 2025 2671; x_wconf 90' lang='lat' dir='ltr'><strong>et</strong></span> <span class='ocrx_word' id='word_1_202' title='bbox 2059 2618 2367 2675; x_wconf 88' lang='lat' dir='ltr'><strong>moderatas</strong></span> 
     </span>
    </p>
   </div>
   <div class='ocr_carea' id='block_1_32' title="bbox 780 2704 2366 2774">
    <p class='ocr_par' dir='ltr' id='par_1_32' title="bbox 780 2704 2366 2774">
     <span class='ocr_line' id='line_1_32' title="bbox 780 2704 2366 2774; baseline 0.006 -17"><span class='ocrx_word' id='word_1_203' title='bbox 780 2704 1026 2773; x_wconf 86' lang='lat' dir='ltr'><strong>corporis</strong></span> <span class='ocrx_word' id='word_1_204' title='bbox 1098 2707 1498 2774; x_wconf 86' lang='lat' dir='ltr'><strong>necessitates;</strong></span> <span class='ocrx_word' id='word_1_205' title='bbox 1557 2717 1612 2763; x_wconf 91' lang='lat' dir='ltr'><strong>et</strong></span> <span class='ocrx_word' id='word_1_206' title='bbox 1672 2710 1826 2763; x_wconf 81' lang='lat' dir='ltr'><strong>valde</strong></span> <span class='ocrx_word' id='word_1_207' title='bbox 1905 2725 2036 2765; x_wconf 90' lang='lat' dir='ltr'><strong>sane</strong></span> <span class='ocrx_word' id='word_1_208' title='bbox 2112 2727 2366 2768; x_wconf 89' lang='lat' dir='ltr'><strong>curantes</strong></span> 
     </span>
    </p>
   </div>
   <div class='ocr_carea' id='block_1_33' title="bbox 783 2799 2366 2877">
    <p class='ocr_par' dir='ltr' id='par_1_33' title="bbox 783 2799 2366 2877">
     <span class='ocr_line' id='line_1_33' title="bbox 783 2799 2366 2877; baseline 0.007 -27"><span class='ocrx_word' id='word_1_209' title='bbox 783 2799 1044 2852; x_wconf 88' lang='lat' dir='ltr'><strong>moralem</strong></span> <span class='ocrx_word' id='word_1_210' title='bbox 1098 2799 1368 2863; x_wconf 83' lang='lat' dir='ltr'><strong>habitum,</strong></span> <span class='ocrx_word' id='word_1_211' title='bbox 1418 2802 1472 2856; x_wconf 91' lang='lat' dir='ltr'><strong>in</strong></span> <span class='ocrx_word' id='word_1_212' title='bbox 1528 2805 1986 2873; x_wconf 89' lang='lat' dir='ltr'><strong>contemplatione</strong></span> <span class='ocrx_word' id='word_1_213' title='bbox 2041 2809 2366 2877; x_wconf 85' lang='lat' dir='ltr'><strong>plerumque</strong></span> 
     </span>
    </p>
   </div>
   <div class='ocr_carea' id='block_1_34' title="bbox 781 2892 2364 2962">
    <p class='ocr_par' dir='ltr' id='par_1_34' title="bbox 781 2892 2364 2962">
     <span class='ocr_line' id='line_1_34' title="bbox 781 2892 2364 2962; baseline 0.008 -22"><span class='ocrx_word' id='word_1_214' title='bbox 781 2902 1168 2956; x_wconf 85' lang='lat' dir='ltr'><strong>perseverant;</strong></span> <span class='ocrx_word' id='word_1_215' title='bbox 1203 2892 1330 2949; x_wconf 89' lang='lat' dir='ltr'><strong>hinc</strong></span> <span class='ocrx_word' id='word_1_216' title='bbox 1392 2894 1667 2950; x_wconf 81' lang='lat' dir='ltr'><strong>enimvero</strong></span> <span class='ocrx_word' id='word_1_217' title='bbox 1693 2895 1858 2951; x_wconf 63' lang='lat' dir='ltr'><strong>Essmi</strong></span> <span class='ocrx_word' id='word_1_218' title='bbox 1913 2908 2194 2962; x_wconf 84' lang='lat' dir='ltr'><strong>vocantur,</strong></span> <span class='ocrx_word' id='word_1_219' title='bbox 2221 2901 2364 2954; x_wconf 87' lang='lat' dir='ltr'><strong>istud</strong></span> 
     </span>
    </p>
   </div>
   <div class='ocr_carea' id='block_1_35' title="bbox 779 2985 2364 3061">
    <p class='ocr_par' dir='ltr' id='par_1_35' title="bbox 779 2985 2364 3061">
     <span class='ocr_line' id='line_1_35' title="bbox 779 2985 2364 3061; baseline 0.004 -23"><span class='ocrx_word' id='word_1_220' title='bbox 779 2985 1099 3041; x_wconf 71' lang='lat' dir='ltr'><strong>ostendente</strong></span> <span class='ocrx_word' id='word_1_221' title='bbox 1138 2988 1358 3040; x_wconf 89' lang='lat' dir='ltr'><strong>nomine</strong></span> <span class='ocrx_word' id='word_1_222' title='bbox 1390 3004 1405 3052; x_wconf 91' lang='lat'><strong>;</strong></span> <span class='ocrx_word' id='word_1_223' title='bbox 1439 2998 1492 3041; x_wconf 92' lang='lat' dir='ltr'><strong>et</strong></span> <span class='ocrx_word' id='word_1_224' title='bbox 1533 3003 1753 3057; x_wconf 87' lang='lat' dir='ltr'><strong>prorsus</strong></span> <span class='ocrx_word' id='word_1_225' title='bbox 1809 2999 1891 3044; x_wconf 90' lang='lat' dir='ltr'><strong>est</strong></span> <span class='ocrx_word' id='word_1_226' title='bbox 1940 2991 2045 3045; x_wconf 90' lang='lat' dir='ltr'><strong>illis</strong></span> <span class='ocrx_word' id='word_1_227' title='bbox 2077 2993 2364 3061; x_wconf 89' lang='lat' dir='ltr'><strong>undequa-</strong></span> 
     </span>
    </p>
   </div>
   <div class='ocr_carea' id='block_1_36' title="bbox 779 3079 2360 3153">
    <p class='ocr_par' dir='ltr' id='par_1_36' title="bbox 779 3079 2360 3153">
     <span class='ocr_line' id='line_1_36' title="bbox 779 3079 2360 3153; baseline 0.007 -26"><span class='ocrx_word' id='word_1_228' title='bbox 779 3092 889 3144; x_wconf 88' lang='lat' dir='ltr'><strong>que</strong></span> <span class='ocrx_word' id='word_1_229' title='bbox 947 3086 1128 3133; x_wconf 82' lang='lat' dir='ltr'><strong>rectus</strong></span> <span class='ocrx_word' id='word_1_230' title='bbox 1173 3079 1529 3148; x_wconf 70' lang='lat' dir='ltr'><strong>philosOpbiae</strong></span> <span class='ocrx_word' id='word_1_231' title='bbox 1589 3080 1736 3146; x_wconf 83' lang='lat' dir='ltr'><strong>ﬁnis,</strong></span> <span class='ocrx_word' id='word_1_232' title='bbox 1796 3081 1954 3138; x_wconf 82' lang='lat' dir='ltr'><strong>factis</strong></span> <span class='ocrx_word' id='word_1_233' title='bbox 2015 3099 2360 3153; x_wconf 85' lang='lat' dir='ltr'><strong>nequaquam</strong></span> 
     </span>
    </p>
   </div>
   <div class='ocr_carea' id='block_1_37' title="bbox 2477 870 4057 943">
    <p class='ocr_par' dir='ltr' id='par_1_37' title="bbox 2477 870 4057 943">
     <span class='ocr_line' id='line_1_37' title="bbox 2477 870 4057 943; baseline 0.001 -21"><span class='ocrx_word' id='word_1_234' title='bbox 2477 870 2574 923; x_wconf 75' lang='grc' dir='ltr'>καὶ</span> <span class='ocrx_word' id='word_1_235' title='bbox 2601 870 2875 940; x_wconf 84' lang='grc' dir='ltr'>θεολογεῖν</span> <span class='ocrx_word' id='word_1_236' title='bbox 2914 873 3014 942; x_wconf 81' lang='grc' dir='ltr'>μὲν</span> <span class='ocrx_word' id='word_1_237' title='bbox 3055 872 3485 943; x_wconf 80' lang='grc' dir='ltr'>ἐπιχειροῦντες,</span> <span class='ocrx_word' id='word_1_238' title='bbox 3529 872 3664 926; x_wconf 84' lang='grc' dir='ltr'>ὃπου</span> <span class='ocrx_word' id='word_1_239' title='bbox 3714 871 3812 925; x_wconf 83' lang='grc' dir='ltr'>καὶ</span> <span class='ocrx_word' id='word_1_240' title='bbox 3845 873 3879 943; x_wconf 81' lang='grc' dir='ltr'>ἠ</span> <span class='ocrx_word' id='word_1_241' title='bbox 3922 872 4057 941; x_wconf 74' lang='grc' dir='ltr'><strong>ἀλήο</strong></span> 
     </span>
    </p>
   </div>
   <div class='ocr_carea' id='block_1_38' title="bbox 2477 961 4053 1034">
    <p class='ocr_par' dir='ltr' id='par_1_38' title="bbox 2477 961 4053 1034">
     <span class='ocr_line' id='line_1_38' title="bbox 2477 961 4053 1034; baseline 0.001 -21"><span class='ocrx_word' id='word_1_242' title='bbox 2477 961 2597 1016; x_wconf 89' lang='grc' dir='ltr'>θεια</span> <span class='ocrx_word' id='word_1_243' title='bbox 2632 961 2925 1030; x_wconf 82' lang='grc' dir='ltr'>ἀνέφικτος</span> <span class='ocrx_word' id='word_1_244' title='bbox 2957 964 3050 1017; x_wconf 80' lang='grc' dir='ltr'>καὶ</span> <span class='ocrx_word' id='word_1_245' title='bbox 3074 966 3103 1017; x_wconf 91' lang='grc' dir='ltr'><strong>ό</strong></span> <span class='ocrx_word' id='word_1_246' title='bbox 3132 963 3436 1034; x_wconf 74' lang='grc' dir='ltr'><strong>στοχασμὸς</strong></span> <span class='ocrx_word' id='word_1_247' title='bbox 3460 962 3824 1027; x_wconf 84' lang='grc' dir='ltr'>ἐπικίνδυνος,</span> <span class='ocrx_word' id='word_1_248' title='bbox 3845 962 4053 1027; x_wconf 76' lang='grc' dir='ltr'>ζῶντες</span> 
     </span>
    </p>
   </div>
   <div class='ocr_carea' id='block_1_39' title="bbox 2473 1034 4053 1126">
    <p class='ocr_par' dir='ltr' id='par_1_39' title="bbox 2473 1034 4053 1126">
     <span class='ocr_line' id='line_1_39' title="bbox 2473 1034 4053 1126; baseline 0.001 -21"><span class='ocrx_word' id='word_1_249' title='bbox 2473 1052 2531 1105; x_wconf 81' lang='grc' dir='ltr'>δὲ</span> <span class='ocrx_word' id='word_1_250' title='bbox 2558 1034 2670 1106; x_wconf 84' lang='grc' dir='ltr'><strong>τῶν</strong></span> <span class='ocrx_word' id='word_1_251' title='bbox 2708 1057 2768 1106; x_wconf 74' lang='grc' dir='ltr'><strong>ἐν</strong></span> <span class='ocrx_word' id='word_1_252' title='bbox 2823 1054 3073 1125; x_wconf 84' lang='grc' dir='ltr'>βορὸόρῳ</span> <span class='ocrx_word' id='word_1_253' title='bbox 3130 1054 3563 1126; x_wconf 80' lang='grc' dir='ltr'><strong>κυλινδουμένων</strong></span> <span class='ocrx_word' id='word_1_254' title='bbox 3612 1055 3812 1125; x_wconf 91' lang='grc' dir='ltr'>χοίρων</span> <span class='ocrx_word' id='word_1_255' title='bbox 3854 1051 4053 1124; x_wconf 75' lang='grc' dir='ltr'>ἀτιμόο</span> 
     </span>
    </p>
   </div>
   <div class='ocr_carea' id='block_1_40' title="bbox 2473 1144 4053 1218">
    <p class='ocr_par' dir='ltr' id='par_1_40' title="bbox 2473 1144 4053 1218">
     <span class='ocr_line' id='line_1_40' title="bbox 2473 1144 4053 1218; baseline 0.001 -21"><span class='ocrx_word' id='word_1_256' title='bbox 2473 1160 2641 1213; x_wconf 89' lang='grc' dir='ltr'>τεροι.</span> <span class='ocrx_word' id='word_1_257' title='bbox 2669 1146 2730 1198; x_wconf 82' lang='lat' dir='ltr'><strong>Ei</strong></span> <span class='ocrx_word' id='word_1_258' title='bbox 2758 1145 2815 1198; x_wconf 86' lang='grc' dir='ltr'>δὲ</span> <span class='ocrx_word' id='word_1_259' title='bbox 2858 1147 2953 1199; x_wconf 85' lang='grc' dir='ltr'><strong>καί</strong></span> <span class='ocrx_word' id='word_1_260' title='bbox 2985 1163 3131 1210; x_wconf 88' lang='grc' dir='ltr'>τινες</span> <span class='ocrx_word' id='word_1_261' title='bbox 3170 1147 3422 1216; x_wconf 76' lang='grc' dir='ltr'>ἐγένοντο</span> <span class='ocrx_word' id='word_1_262' title='bbox 3474 1146 3794 1218; x_wconf 77' lang='grc' dir='ltr'>πρακτικοὶ,</span> <span class='ocrx_word' id='word_1_263' title='bbox 3839 1144 4053 1200; x_wconf 87' lang='grc' dir='ltr'>τούτων</span> 
     </span>
    </p>
   </div>
   <div class='ocr_carea' id='block_1_41' title="bbox 2475 1237 4051 1308">
    <p class='ocr_par' dir='ltr' id='par_1_41' title="bbox 2475 1237 4051 1308">
     <span class='ocr_line' id='line_1_41' title="bbox 2475 1237 4051 1308; baseline 0.001 -16"><span class='ocrx_word' id='word_1_264' title='bbox 2475 1237 2727 1304; x_wconf 83' lang='grc' dir='ltr'>ἐγένοντο</span> <span class='ocrx_word' id='word_1_265' title='bbox 2749 1237 2988 1308; x_wconf 83' lang='grc' dir='ltr'>χείρους,</span> <span class='ocrx_word' id='word_1_266' title='bbox 3020 1238 3202 1304; x_wconf 83' lang='grc' dir='ltr'>δόξαις</span> <span class='ocrx_word' id='word_1_267' title='bbox 3233 1257 3294 1293; x_wconf 88' lang='grc' dir='ltr'><strong>τε</strong></span> <span class='ocrx_word' id='word_1_268' title='bbox 3345 1241 3440 1294; x_wconf 84' lang='grc' dir='ltr'>καὶ</span> <span class='ocrx_word' id='word_1_269' title='bbox 3471 1241 3722 1302; x_wconf 73' lang='grc' dir='ltr'>ἐπαίνοις</span> <span class='ocrx_word' id='word_1_270' title='bbox 3747 1240 3874 1302; x_wconf 83' lang='grc' dir='ltr'>τοὺς</span> <span class='ocrx_word' id='word_1_271' title='bbox 3903 1238 4051 1307; x_wconf 71' lang='lat'><strong>(68°)</strong></span> 
     </span>
    </p>
   </div>
   <div class='ocr_carea' id='block_1_42' title="bbox 2475 1327 4052 1404">
    <p class='ocr_par' dir='ltr' id='par_1_42' title="bbox 2475 1327 4052 1404">
     <span class='ocr_line' id='line_1_42' title="bbox 2475 1327 4052 1404; baseline 0.006 -22"><span class='ocrx_word' id='word_1_272' title='bbox 2475 1327 2670 1394; x_wconf 78' lang='grc' dir='ltr'>πόνους</span> <span class='ocrx_word' id='word_1_273' title='bbox 2715 1333 3102 1404; x_wconf 83' lang='grc' dir='ltr'>πεπραχότες⁶</span> <span class='ocrx_word' id='word_1_274' title='bbox 3130 1333 3346 1396; x_wconf 76' lang='grc' dir='ltr'>οὐδενός</span> <span class='ocrx_word' id='word_1_275' title='bbox 3401 1334 3513 1403; x_wconf 84' lang='grc' dir='ltr'>γὰρ</span> <span class='ocrx_word' id='word_1_276' title='bbox 3566 1333 3756 1402; x_wconf 81' lang='grc' dir='ltr'>ἐτέρου</span> <span class='ocrx_word' id='word_1_277' title='bbox 3813 1332 3976 1402; x_wconf 81' lang='grc' dir='ltr'>χάριν</span> <span class='ocrx_word' id='word_1_278' title='bbox 4017 1332 4052 1401; x_wconf 74' lang='grc' dir='ltr'>ἢ</span> 
     </span>
    </p>
   </div>
   <div class='ocr_carea' id='block_1_43' title="bbox 2473 1421 4053 1496">
    <p class='ocr_par' dir='ltr' id='par_1_43' title="bbox 2473 1421 4053 1496">
     <span class='ocr_line' id='line_1_43' title="bbox 2473 1421 4053 1496; baseline 0.001 -22"><span class='ocrx_word' id='word_1_279' title='bbox 2473 1421 2790 1486; x_wconf 73' lang='grc' dir='ltr'>ἐπιδείξεως</span> <span class='ocrx_word' id='word_1_280' title='bbox 2841 1426 2938 1478; x_wconf 80' lang='grc' dir='ltr'>καὶ</span> <span class='ocrx_word' id='word_1_281' title='bbox 2972 1425 3278 1493; x_wconf 73' lang='grc' dir='ltr'>φιλοδοξίας</span> <span class='ocrx_word' id='word_1_282' title='bbox 3333 1426 3668 1496; x_wconf 81' lang='grc' dir='ltr'>ἐπετήδευον</span> <span class='ocrx_word' id='word_1_283' title='bbox 3727 1426 3777 1477; x_wconf 86' lang='grc' dir='ltr'><strong>οί</strong></span> <span class='ocrx_word' id='word_1_284' title='bbox 3824 1424 4053 1477; x_wconf 79' lang='grc' dir='ltr'>δείλαιοι</span> 
     </span>
    </p>
   </div>
   <div class='ocr_carea' id='block_1_44' title="bbox 2450 1514 4052 1590">
    <p class='ocr_par' dir='ltr' id='par_1_44' title="bbox 2450 1514 4052 1590">
     <span class='ocr_line' id='line_1_44' title="bbox 2450 1514 4052 1590; baseline 0.002 -24"><span class='ocrx_word' id='word_1_285' title='bbox 2450 1515 2544 1567; x_wconf 76' lang='grc' dir='ltr'><strong>ιτά</strong></span> <span class='ocrx_word' id='word_1_286' title='bbox 2598 1514 2810 1570; x_wconf 69' lang='grc' dir='ltr'>πολλάσ</span> <span class='ocrx_word' id='word_1_287' title='bbox 2838 1517 3031 1586; x_wconf 80' lang='grc' dir='ltr'>μισθὸν</span> <span class='ocrx_word' id='word_1_288' title='bbox 3074 1518 3267 1590; x_wconf 77' lang='grc' dir='ltr'>εὖτελῆ</span> <span class='ocrx_word' id='word_1_289' title='bbox 3330 1520 3426 1573; x_wconf 73' lang='grc' dir='ltr'>καὶ</span> <span class='ocrx_word' id='word_1_290' title='bbox 3479 1518 3638 1590; x_wconf 70' lang='grc'><strong>255</strong></span> <span class='ocrx_word' id='word_1_291' title='bbox 3687 1516 3893 1570; x_wconf 75' lang='grc' dir='ltr'>εὔωνον</span> <span class='ocrx_word' id='word_1_292' title='bbox 3947 1517 4052 1584; x_wconf 75' lang='grc' dir='ltr'>τῆς</span> 
     </span>
    </p>
   </div>
   <div class='ocr_carea' id='block_1_45' title="bbox 2472 1603 4054 1678">
    <p class='ocr_par' dir='ltr' id='par_1_45' title="bbox 2472 1603 4054 1678">
     <span class='ocr_line' id='line_1_45' title="bbox 2472 1603 4054 1678; baseline 0.002 -23"><span class='ocrx_word' id='word_1_293' title='bbox 2472 1603 2730 1672; x_wconf 82' lang='grc' dir='ltr'>τοιαύτης</span> <span class='ocrx_word' id='word_1_294' title='bbox 2798 1605 3296 1677; x_wconf 86' lang='grc' dir='ltr'>καταλλαττόμενοι</span> <span class='ocrx_word' id='word_1_295' title='bbox 3361 1608 3781 1678; x_wconf 78' lang='grc' dir='ltr'>ταλαιπωρίαςο</span> <span class='ocrx_word' id='word_1_296' title='bbox 3822 1608 3884 1660; x_wconf 84' lang='grc' dir='ltr'><strong>τὺ</strong></span> <span class='ocrx_word' id='word_1_297' title='bbox 3939 1607 4054 1676; x_wconf 82' lang='grc' dir='ltr'><strong>γὰρ</strong></span> 
     </span>
    </p>
   </div>
   <div class='ocr_carea' id='block_1_46' title="bbox 2475 1696 4053 1771">
    <p class='ocr_par' dir='ltr' id='par_1_46' title="bbox 2475 1696 4053 1771">
     <span class='ocr_line' id='line_1_46' title="bbox 2475 1696 4053 1771; baseline 0.001 -23"><span class='ocrx_word' id='word_1_298' title='bbox 2475 1696 2752 1766; x_wconf 83' lang='grc' dir='ltr'>σιωπῆσαι</span> <span class='ocrx_word' id='word_1_299' title='bbox 2778 1698 2867 1751; x_wconf 79' lang='grc' dir='ltr'><strong>διὰ</strong></span> <span class='ocrx_word' id='word_1_300' title='bbox 2900 1699 3103 1763; x_wconf 76' lang='grc' dir='ltr'>παντὸς</span> <span class='ocrx_word' id='word_1_301' title='bbox 3156 1699 3299 1752; x_wconf 82' lang='grc' dir='ltr'><strong>κατά</strong></span> <span class='ocrx_word' id='word_1_302' title='bbox 3326 1700 3426 1771; x_wconf 79' lang='grc' dir='ltr'>τὴν</span> <span class='ocrx_word' id='word_1_303' title='bbox 3467 1700 3858 1770; x_wconf 80' lang='grc' dir='ltr'>Πυθαγορικὴν</span> <span class='ocrx_word' id='word_1_304' title='bbox 3889 1716 4053 1767; x_wconf 81' lang='grc' dir='ltr'>νομο-</span> 
     </span>
    </p>
   </div>
   <div class='ocr_carea' id='block_1_47' title="bbox 2473 1787 4054 1864">
    <p class='ocr_par' dir='ltr' id='par_1_47' title="bbox 2473 1787 4054 1864">
     <span class='ocr_line' id='line_1_47' title="bbox 2473 1787 4054 1864; baseline 0.004 -26"><span class='ocrx_word' id='word_1_305' title='bbox 2473 1787 2663 1842; x_wconf 79' lang='grc' dir='ltr'>θεσίαν</span> <span class='ocrx_word' id='word_1_306' title='bbox 2682 1791 2775 1842; x_wconf 77' lang='grc' dir='ltr'>καὶ</span> <span class='ocrx_word' id='word_1_307' title='bbox 2804 1789 2984 1860; x_wconf 80' lang='grc' dir='ltr'><strong>χόρτῳ</strong></span> <span class='ocrx_word' id='word_1_308' title='bbox 3009 1791 3335 1861; x_wconf 85' lang='grc' dir='ltr'>τρέφεσθαι,</span> <span class='ocrx_word' id='word_1_309' title='bbox 3369 1792 3634 1862; x_wconf 87' lang='grc' dir='ltr'>τριχίνοις</span> <span class='ocrx_word' id='word_1_310' title='bbox 3672 1792 3882 1864; x_wconf 76' lang='grc' dir='ltr'>ῥακίοις</span> <span class='ocrx_word' id='word_1_311' title='bbox 3923 1807 4054 1844; x_wconf 80' lang='grc' dir='ltr'>σκε-</span> 
     </span>
    </p>
   </div>
   <div class='ocr_carea' id='block_1_48' title="bbox 2472 1880 4054 1951">
    <p class='ocr_par' dir='ltr' id='par_1_48' title="bbox 2472 1880 4054 1951">
     <span class='ocr_line' id='line_1_48' title="bbox 2472 1880 4054 1951; baseline 0.001 -19"><span class='ocrx_word' id='word_1_312' title='bbox 2472 1880 2744 1943; x_wconf 79' lang='grc' dir='ltr'>πάζεσθαι</span> <span class='ocrx_word' id='word_1_313' title='bbox 2772 1883 2868 1934; x_wconf 82' lang='grc' dir='ltr'>καὶ</span> <span class='ocrx_word' id='word_1_314' title='bbox 2895 1883 2955 1933; x_wconf 84' lang='grc' dir='ltr'><strong>ἐν</strong></span> <span class='ocrx_word' id='word_1_315' title='bbox 2977 1883 3123 1951; x_wconf 83' lang='grc' dir='ltr'>πίθῳ</span> <span class='ocrx_word' id='word_1_316' title='bbox 3154 1883 3613 1937; x_wconf 77' lang='grc' dir='ltr'>κατακεκλεῖσθαι</span> <span class='ocrx_word' id='word_1_317' title='bbox 3650 1884 3743 1936; x_wconf 68' lang='grc' dir='ltr'>καὶ</span> <span class='ocrx_word' id='word_1_318' title='bbox 3768 1882 4054 1935; x_wconf 70' lang='grc' dir='ltr'>διαϐιῶναι</span> 
     </span>
    </p>
   </div>
   <div class='ocr_carea' id='block_1_49' title="bbox 2475 1974 4054 2047">
    <p class='ocr_par' dir='ltr' id='par_1_49' title="bbox 2475 1974 4054 2047">
     <span class='ocr_line' id='line_1_49' title="bbox 2475 1974 4054 2047; baseline 0.01 -27"><span class='ocrx_word' id='word_1_319' title='bbox 2475 1974 2749 2042; x_wconf 74' lang='grc' dir='ltr'>μηδεμίαν</span> <span class='ocrx_word' id='word_1_320' title='bbox 2780 1974 3196 2047; x_wconf 73' lang='grc' dir='ltr'>ἀμοιόἡνιμετά</span> <span class='ocrx_word' id='word_1_321' title='bbox 3243 1976 3476 2029; x_wconf 86' lang='grc' dir='ltr'>θάνατον</span> <span class='ocrx_word' id='word_1_322' title='bbox 3502 1975 3829 2045; x_wconf 75' lang='grc' dir='ltr'>προσδοκᾷ-ι.</span> <span class='ocrx_word' id='word_1_323' title='bbox 3865 1975 4054 2040; x_wconf 72' lang='grc' dir='ltr'>πάσης</span> 
     </span>
    </p>
   </div>
   <div class='ocr_carea' id='block_1_50' title="bbox 2472 2065 4054 2138">
    <p class='ocr_par' dir='ltr' id='par_1_50' title="bbox 2472 2065 4054 2138">
     <span class='ocr_line' id='line_1_50' title="bbox 2472 2065 4054 2138; baseline -0.002 -19"><span class='ocrx_word' id='word_1_324' title='bbox 2472 2066 2655 2130; x_wconf 81' lang='grc' dir='ltr'>ἀνοίας</span> <span class='ocrx_word' id='word_1_325' title='bbox 2685 2069 2831 2120; x_wconf 55' lang='grc' dir='ltr'>ἐστίν</span> <span class='ocrx_word' id='word_1_326' title='bbox 2856 2068 3138 2130; x_wconf 78' lang='grc' dir='ltr'>ἐπέκεινα,</span> <span class='ocrx_word' id='word_1_327' title='bbox 3166 2067 3246 2138; x_wconf 81' lang='grc' dir='ltr'>τῷ</span> <span class='ocrx_word' id='word_1_328' title='bbox 3272 2067 3374 2138; x_wconf 83' lang='grc' dir='ltr'>βίῳ</span> <span class='ocrx_word' id='word_1_329' title='bbox 3395 2066 3572 2137; x_wconf 86' lang='grc' dir='ltr'>τούτῳ</span> <span class='ocrx_word' id='word_1_330' title='bbox 3645 2065 4054 2134; x_wconf 80' lang='grc' dir='ltr'>συγκαταλύειν</span> 
     </span>
    </p>
   </div>
   <div class='ocr_carea' id='block_1_51' title="bbox 2471 2157 4054 2228">
    <p class='ocr_par' dir='ltr' id='par_1_51' title="bbox 2471 2157 4054 2228">
     <span class='ocr_line' id='line_1_51' title="bbox 2471 2157 4054 2228; baseline 0.001 -19"><span class='ocrx_word' id='word_1_331' title='bbox 2471 2157 2571 2224; x_wconf 83' lang='grc' dir='ltr'>τῆς</span> <span class='ocrx_word' id='word_1_332' title='bbox 2617 2159 2820 2228; x_wconf 81' lang='grc' dir='ltr'>ἀρετῆς</span> <span class='ocrx_word' id='word_1_333' title='bbox 2865 2160 2937 2212; x_wconf 87' lang='grc' dir='ltr'><strong>τά</strong></span> <span class='ocrx_word' id='word_1_334' title='bbox 2994 2159 3224 2213; x_wconf 72' lang='grc' dir='ltr'>ἔπαθλα.</span> <span class='ocrx_word' id='word_1_335' title='bbox 3258 2190 3328 2201; x_wconf 92' lang='grc'><strong>-</strong></span> <span class='ocrx_word' id='word_1_336' title='bbox 3358 2159 3470 2228; x_wconf 74' lang='grc'><strong>(10)</strong></span> <span class='ocrx_word' id='word_1_337' title='bbox 3518 2157 3766 2211; x_wconf 87' lang='grc' dir='ltr'>Ἰουδαῖοι</span> <span class='ocrx_word' id='word_1_338' title='bbox 3820 2157 3880 2209; x_wconf 82' lang='grc' dir='ltr'><strong>δέ</strong></span> <span class='ocrx_word' id='word_1_339' title='bbox 3936 2158 4054 2211; x_wconf 80' lang='grc' dir='ltr'>ὅσοι</span> 
     </span>
    </p>
   </div>
   <div class='ocr_carea' id='block_1_52' title="bbox 2469 2249 4051 2323">
    <p class='ocr_par' dir='ltr' id='par_1_52' title="bbox 2469 2249 4051 2323">
     <span class='ocr_line' id='line_1_52' title="bbox 2469 2249 4051 2323; baseline 0 -21"><span class='ocrx_word' id='word_1_340' title='bbox 2469 2251 2661 2302; x_wconf 79' lang='grc' dir='ltr'>τοῦτον</span> <span class='ocrx_word' id='word_1_341' title='bbox 2690 2251 2957 2321; x_wconf 83' lang='grc' dir='ltr'>ἐτίμησαν</span> <span class='ocrx_word' id='word_1_342' title='bbox 3007 2253 3101 2305; x_wconf 82' lang='grc' dir='ltr'>τὸν</span> <span class='ocrx_word' id='word_1_343' title='bbox 3151 2252 3285 2323; x_wconf 84' lang='grc' dir='ltr'>βίον,</span> <span class='ocrx_word' id='word_1_344' title='bbox 3332 2252 3446 2305; x_wconf 82' lang='grc' dir='ltr'>είσὶ</span> <span class='ocrx_word' id='word_1_345' title='bbox 3489 2250 3592 2320; x_wconf 80' lang='grc' dir='ltr'>μὲν</span> <span class='ocrx_word' id='word_1_346' title='bbox 3646 2249 3742 2303; x_wconf 79' lang='grc' dir='ltr'>τοῦ</span> <span class='ocrx_word' id='word_1_347' title='bbox 3789 2249 4051 2303; x_wconf 76' lang='grc' dir='ltr'>Ίωναδάσ</span> 
     </span>
    </p>
   </div>
   <div class='ocr_carea' id='block_1_53' title="bbox 2468 2340 4053 2413">
    <p class='ocr_par' dir='ltr' id='par_1_53' title="bbox 2468 2340 4053 2413">
     <span class='ocr_line' id='line_1_53' title="bbox 2468 2340 4053 2413; baseline 0 -18"><span class='ocrx_word' id='word_1_348' title='bbox 2468 2343 2732 2410; x_wconf 83' lang='grc' dir='ltr'>ἀπόγονοι</span> <span class='ocrx_word' id='word_1_349' title='bbox 2755 2359 2770 2374; x_wconf 74' lang='grc' dir='ltr'><strong>ο</strong></span> <span class='ocrx_word' id='word_1_350' title='bbox 2807 2343 3018 2407; x_wconf 79' lang='grc' dir='ltr'>πάντας</span> <span class='ocrx_word' id='word_1_351' title='bbox 3042 2344 3100 2396; x_wconf 83' lang='grc' dir='ltr'><strong>δέ</strong></span> <span class='ocrx_word' id='word_1_352' title='bbox 3126 2347 3255 2408; x_wconf 81' lang='grc' dir='ltr'>τοὺς</span> <span class='ocrx_word' id='word_1_353' title='bbox 3285 2344 3551 2406; x_wconf 83' lang='grc' dir='ltr'>ὡσαύτως</span> <span class='ocrx_word' id='word_1_354' title='bbox 3586 2341 3738 2413; x_wconf 79' lang='grc' dir='ltr'>βιοῦν</span> <span class='ocrx_word' id='word_1_355' title='bbox 3763 2340 4053 2404; x_wconf 83' lang='grc' dir='ltr'>ἐθέλοντας</span> 
     </span>
    </p>
   </div>
   <div class='ocr_carea' id='block_1_54' title="bbox 2472 2435 4056 2508">
    <p class='ocr_par' dir='ltr' id='par_1_54' title="bbox 2472 2435 4056 2508">
     <span class='ocr_line' id='line_1_54' title="bbox 2472 2435 4056 2508; baseline 0 -21"><span class='ocrx_word' id='word_1_356' title='bbox 2472 2435 2744 2506; x_wconf 86' lang='grc' dir='ltr'>προίεμεν</span> <span class='ocrx_word' id='word_1_357' title='bbox 2796 2438 2878 2500; x_wconf 87' lang='grc' dir='ltr'><strong>είς</strong></span> <span class='ocrx_word' id='word_1_358' title='bbox 2908 2437 3008 2508; x_wconf 83' lang='grc' dir='ltr'><strong>τὴν</strong></span> <span class='ocrx_word' id='word_1_359' title='bbox 3069 2437 3242 2507; x_wconf 77' lang='grc' dir='ltr'>αὐτὴν</span> <span class='ocrx_word' id='word_1_360' title='bbox 3281 2437 3585 2506; x_wconf 87' lang='grc' dir='ltr'>ἐνάγουσαν</span> <span class='ocrx_word' id='word_1_361' title='bbox 3631 2435 3949 2502; x_wconf 85' lang='grc' dir='ltr'>πολιτείαν,</span> <span class='ocrx_word' id='word_1_362' title='bbox 3975 2435 4056 2488; x_wconf 71' lang='lat' dir='ltr'><strong>ol-</strong></span> 
     </span>
    </p>
   </div>
   <div class='ocr_carea' id='block_1_55' title="bbox 2467 2528 4052 2599">
    <p class='ocr_par' dir='ltr' id='par_1_55' title="bbox 2467 2528 4052 2599">
     <span class='ocr_line' id='line_1_55' title="bbox 2467 2528 4052 2599; baseline 0 -18"><span class='ocrx_word' id='word_1_363' title='bbox 2467 2545 2613 2591; x_wconf 87' lang='grc' dir='ltr'>τινες</span> <span class='ocrx_word' id='word_1_364' title='bbox 2644 2531 2703 2580; x_wconf 80' lang='grc' dir='ltr'><strong>ἐν</strong></span> <span class='ocrx_word' id='word_1_365' title='bbox 2735 2531 2963 2599; x_wconf 81' lang='grc' dir='ltr'>σκηναῖς</span> <span class='ocrx_word' id='word_1_366' title='bbox 2991 2529 3307 2584; x_wconf 83' lang='grc' dir='ltr'>κατοικοῦσι</span> <span class='ocrx_word' id='word_1_367' title='bbox 3331 2528 3648 2596; x_wconf 81' lang='grc' dir='ltr'>διαπαντὸς,</span> <span class='ocrx_word' id='word_1_368' title='bbox 3677 2528 3823 2583; x_wconf 83' lang='grc' dir='ltr'>οίνου</span> <span class='ocrx_word' id='word_1_369' title='bbox 3863 2545 3925 2582; x_wconf 88' lang='grc' dir='ltr'><strong>τε</strong></span> <span class='ocrx_word' id='word_1_370' title='bbox 3956 2528 4052 2582; x_wconf 78' lang='grc' dir='ltr'>καὶ</span> 
     </span>
    </p>
   </div>
   <div class='ocr_carea' id='block_1_56' title="bbox 2465 2620 4050 2692">
    <p class='ocr_par' dir='ltr' id='par_1_56' title="bbox 2465 2620 4050 2692">
     <span class='ocr_line' id='line_1_56' title="bbox 2465 2620 4050 2692; baseline -0.002 -18"><span class='ocrx_word' id='word_1_371' title='bbox 2465 2621 2576 2674; x_wconf 87' lang='grc' dir='ltr'><strong>τῶν</strong></span> <span class='ocrx_word' id='word_1_372' title='bbox 2606 2620 2743 2692; x_wconf 69' lang='grc' dir='ltr'>πρὸς</span> <span class='ocrx_word' id='word_1_373' title='bbox 2767 2621 2812 2652; x_wconf 78' lang='grc'>⁸⁸</span> <span class='ocrx_word' id='word_1_374' title='bbox 2836 2621 2896 2674; x_wconf 77' lang='grc' dir='ltr'>τὸ</span> <span class='ocrx_word' id='word_1_375' title='bbox 2924 2621 3270 2690; x_wconf 79' lang='grc' dir='ltr'>ἁϐροδίαιτον</span> <span class='ocrx_word' id='word_1_376' title='bbox 3316 2624 3538 2676; x_wconf 84' lang='grc' dir='ltr'>πάντων</span> <span class='ocrx_word' id='word_1_377' title='bbox 3586 2622 3921 2692; x_wconf 79' lang='grc' dir='ltr'>ἀπεχόμενοι</span> <span class='ocrx_word' id='word_1_378' title='bbox 3957 2621 4050 2672; x_wconf 75' lang='grc' dir='ltr'>καὶ</span> 
     </span>
    </p>
   </div>
   <div class='ocr_carea' id='block_1_57' title="bbox 2466 2713 4049 2785">
    <p class='ocr_par' dir='ltr' id='par_1_57' title="bbox 2466 2713 4049 2785">
     <span class='ocr_line' id='line_1_57' title="bbox 2466 2713 4049 2785; baseline 0 -20"><span class='ocrx_word' id='word_1_379' title='bbox 2466 2714 2683 2766; x_wconf 88' lang='grc' dir='ltr'>δίαιταν</span> <span class='ocrx_word' id='word_1_380' title='bbox 2705 2713 2922 2782; x_wconf 75' lang='grc' dir='ltr'>ἔχοντες</span> <span class='ocrx_word' id='word_1_381' title='bbox 2944 2713 3138 2785; x_wconf 82' lang='grc' dir='ltr'>εὐτελῆ</span> <span class='ocrx_word' id='word_1_382' title='bbox 3167 2715 3264 2767; x_wconf 73' lang='grc' dir='ltr'>καὶ</span> <span class='ocrx_word' id='word_1_383' title='bbox 3293 2713 3394 2785; x_wconf 76' lang='grc' dir='ltr'>τὴν</span> <span class='ocrx_word' id='word_1_384' title='bbox 3416 2713 3617 2784; x_wconf 86' lang='grc' dir='ltr'>χρείαν</span> <span class='ocrx_word' id='word_1_385' title='bbox 3649 2727 4049 2783; x_wconf 83' lang='grc' dir='ltr'>συμμεμετρη-</span> 
     </span>
    </p>
   </div>
   <div class='ocr_carea' id='block_1_58' title="bbox 2470 2803 4048 2877">
    <p class='ocr_par' dir='ltr' id='par_1_58' title="bbox 2470 2803 4048 2877">
     <span class='ocr_line' id='line_1_58' title="bbox 2470 2803 4048 2877; baseline -0.003 -18"><span class='ocrx_word' id='word_1_386' title='bbox 2470 2805 2640 2876; x_wconf 85' lang='grc' dir='ltr'>μένην</span> <span class='ocrx_word' id='word_1_387' title='bbox 2665 2806 2761 2858; x_wconf 83' lang='grc' dir='ltr'>τοῦ</span> <span class='ocrx_word' id='word_1_388' title='bbox 2791 2806 3046 2875; x_wconf 80' lang='grc' dir='ltr'>σώματος</span> <span class='ocrx_word' id='word_1_389' title='bbox 3064 2821 3081 2836; x_wconf 79' lang='grc'><strong>⁸</strong></span> <span class='ocrx_word' id='word_1_390' title='bbox 3111 2807 3203 2860; x_wconf 72' lang='grc' dir='ltr'>καὶ</span> <span class='ocrx_word' id='word_1_391' title='bbox 3229 2807 3434 2877; x_wconf 89' lang='grc' dir='ltr'>σφόδρα</span> <span class='ocrx_word' id='word_1_392' title='bbox 3465 2806 3566 2872; x_wconf 86' lang='grc' dir='ltr'>μὲν</span> <span class='ocrx_word' id='word_1_393' title='bbox 3591 2804 3684 2858; x_wconf 77' lang='grc' dir='ltr'>οὖν</span> <span class='ocrx_word' id='word_1_394' title='bbox 3718 2803 4048 2873; x_wconf 82' lang='grc' dir='ltr'>ἐπιμελοῦν-</span> 
     </span>
    </p>
   </div>
   <div class='ocr_carea' id='block_1_59' title="bbox 2465 2891 4045 2966">
    <p class='ocr_par' dir='ltr' id='par_1_59' title="bbox 2465 2891 4045 2966">
     <span class='ocr_line' id='line_1_59' title="bbox 2465 2891 4045 2966; baseline -0.003 -17"><span class='ocrx_word' id='word_1_395' title='bbox 2465 2914 2560 2960; x_wconf 85' lang='grc' dir='ltr'><strong>τες</strong></span> <span class='ocrx_word' id='word_1_396' title='bbox 2585 2895 2690 2965; x_wconf 84' lang='grc' dir='ltr'>τῆς</span> <span class='ocrx_word' id='word_1_397' title='bbox 2719 2895 2918 2965; x_wconf 75' lang='grc' dir='ltr'>ἠθικῆς</span> <span class='ocrx_word' id='word_1_398' title='bbox 2948 2895 3137 2960; x_wconf 74' lang='grc' dir='ltr'>ἕξεως,</span> <span class='ocrx_word' id='word_1_399' title='bbox 3179 2896 3388 2966; x_wconf 82' lang='grc' dir='ltr'>θεωρίᾳ</span> <span class='ocrx_word' id='word_1_400' title='bbox 3411 2896 3470 2948; x_wconf 90' lang='grc' dir='ltr'><strong>δέ</strong></span> <span class='ocrx_word' id='word_1_401' title='bbox 3493 2895 3564 2948; x_wconf 87' lang='grc' dir='ltr'><strong>τά</strong></span> <span class='ocrx_word' id='word_1_402' title='bbox 3585 2893 3759 2947; x_wconf 85' lang='grc' dir='ltr'>πολλά</span> <span class='ocrx_word' id='word_1_403' title='bbox 3795 2891 4045 2962; x_wconf 79' lang='grc' dir='ltr'>προσμέο</span> 
     </span>
    </p>
   </div>
   <div class='ocr_carea' id='block_1_60' title="bbox 2466 2980 4044 3055">
    <p class='ocr_par' dir='ltr' id='par_1_60' title="bbox 2466 2980 4044 3055">
     <span class='ocr_line' id='line_1_60' title="bbox 2466 2980 4044 3055; baseline -0.004 -16"><span class='ocrx_word' id='word_1_404' title='bbox 2466 3003 2648 3039; x_wconf 85' lang='grc' dir='ltr'>νουσιν</span> <span class='ocrx_word' id='word_1_405' title='bbox 2669 3003 2684 3016; x_wconf 88' lang='grc'><strong>·</strong></span> <span class='ocrx_word' id='word_1_406' title='bbox 2715 2985 2870 3038; x_wconf 84' lang='grc' dir='ltr'>ἐνθεν</span> <span class='ocrx_word' id='word_1_407' title='bbox 2891 2985 3003 3055; x_wconf 83' lang='grc' dir='ltr'><strong>γὰρ</strong></span> <span class='ocrx_word' id='word_1_408' title='bbox 3020 2988 3118 3039; x_wconf 75' lang='grc' dir='ltr'>καὶ</span> <span class='ocrx_word' id='word_1_409' title='bbox 3139 2985 3380 3038; x_wconf 79' lang='grc' dir='ltr'>Ἐσσαῖοι</span> <span class='ocrx_word' id='word_1_410' title='bbox 3411 2981 3728 3047; x_wconf 81' lang='grc' dir='ltr'>καλοῦνται,</span> <span class='ocrx_word' id='word_1_411' title='bbox 3756 2981 3917 3035; x_wconf 85' lang='grc' dir='ltr'>τοῦτο</span> <span class='ocrx_word' id='word_1_412' title='bbox 3947 2980 4044 3050; x_wconf 82' lang='grc' dir='ltr'>δη·</span> 
     </span>
    </p>
   </div>
   <div class='ocr_carea' id='block_1_61' title="bbox 2465 3073 4044 3148">
    <p class='ocr_par' dir='ltr' id='par_1_61' title="bbox 2465 3073 4044 3148">
     <span class='ocr_line' id='line_1_61' title="bbox 2465 3073 4044 3148; baseline -0.003 -18"><span class='ocrx_word' id='word_1_413' title='bbox 2465 3079 2688 3140; x_wconf 80' lang='grc' dir='ltr'>λοῦντος</span> <span class='ocrx_word' id='word_1_414' title='bbox 2717 3076 2814 3130; x_wconf 82' lang='grc' dir='ltr'><strong>τοῦ</strong></span> <span class='ocrx_word' id='word_1_415' title='bbox 2834 3077 3122 3148; x_wconf 84' lang='grc' dir='ltr'>ὀνόματος,</span> <span class='ocrx_word' id='word_1_416' title='bbox 3148 3077 3244 3130; x_wconf 77' lang='grc' dir='ltr'>καὶ</span> <span class='ocrx_word' id='word_1_417' title='bbox 3276 3077 3467 3135; x_wconf 83' lang='grc' dir='ltr'>ἁπλῶς</span> <span class='ocrx_word' id='word_1_418' title='bbox 3487 3077 3637 3129; x_wconf 84' lang='grc' dir='ltr'>ἐστιν</span> <span class='ocrx_word' id='word_1_419' title='bbox 3673 3075 3862 3136; x_wconf 82' lang='grc' dir='ltr'>αὐτοῖς</span> <span class='ocrx_word' id='word_1_420' title='bbox 3900 3073 4044 3126; x_wconf 80' lang='grc' dir='ltr'>πάν-</span> 
     </span>
    </p>
   </div>
   <div class='ocr_carea' id='block_1_62' title="bbox 780 3161 2456 3250">
    <p class='ocr_par' dir='ltr' id='par_1_62' title="bbox 780 3168 2431 3250">
     <span class='ocr_line' id='line_1_62' title="bbox 780 3168 2431 3250; baseline 0.008 -31"><span class='ocrx_word' id='word_1_421' title='bbox 780 3168 1110 3236; x_wconf 86' lang='lat' dir='ltr'><strong>prol&#39;cssioni</strong></span> <span class='ocrx_word' id='word_1_422' title='bbox 1161 3173 1613 3240; x_wconf 81' lang='lat' dir='ltr'><strong>repugnantibus.</strong></span> <span class='ocrx_word' id='word_1_423' title='bbox 1674 3173 1744 3226; x_wconf 84' lang='lat' dir='ltr'><strong>At</strong></span> <span class='ocrx_word' id='word_1_424' title='bbox 1798 3189 1921 3244; x_wconf 72' lang='lat' dir='ltr'><strong>quae</strong></span> <span class='ocrx_word' id='word_1_425' title='bbox 1968 3174 2054 3230; x_wconf 89' lang='lat' dir='ltr'><strong>bis</strong></span> <span class='ocrx_word' id='word_1_426' title='bbox 2085 3176 2431 3250; x_wconf 62' lang='lat' dir='ltr'><strong>molestiacc</strong></span> 
     </span>
    </p>
   </div>
   <div class='ocr_carea' id='block_1_63' title="bbox 2367 3161 4043 3250">
    <p class='ocr_par' dir='ltr' id='par_1_63' title="bbox 2385 3161 4043 3250">
     <span class='ocr_line' id='line_1_63' title="bbox 2385 3161 4043 3250; baseline -0.005 -29"><span class='ocrx_word' id='word_1_427' title='bbox 2385 3188 2431 3250; x_wconf 65' lang='grc' dir='ltr'><em>ς</em></span> <span class='ocrx_word' id='word_1_428' title='bbox 2465 3168 2622 3221; x_wconf 90' lang='grc' dir='ltr'>τοθεν</span> <span class='ocrx_word' id='word_1_429' title='bbox 2648 3165 3092 3237; x_wconf 87' lang='grc' dir='ltr'>κατορθούμενος</span> <span class='ocrx_word' id='word_1_430' title='bbox 3125 3170 3154 3219; x_wconf 88' lang='grc' dir='ltr'><strong>ό</strong></span> <span class='ocrx_word' id='word_1_431' title='bbox 3174 3167 3277 3236; x_wconf 80' lang='grc' dir='ltr'>τῆς</span> <span class='ocrx_word' id='word_1_432' title='bbox 3322 3164 3646 3235; x_wconf 78' lang='grc' dir='ltr'>φιλοσοφίας</span> <span class='ocrx_word' id='word_1_433' title='bbox 3696 3162 3922 3226; x_wconf 67' lang='grc' dir='ltr'>σκοπὸς,</span> <span class='ocrx_word' id='word_1_434' title='bbox 3953 3161 4043 3212; x_wconf 74' lang='grc' dir='ltr'>ού-</span> 
     </span>
    </p>
   </div>
   <div class='ocr_carea' id='block_1_64' title="bbox 782 3255 2458 3335">
    <p class='ocr_par' dir='ltr' id='par_1_64' title="bbox 782 3261 2363 3335">
     <span class='ocr_line' id='line_1_64' title="bbox 782 3261 2363 3335; baseline 0.005 -23"><span class='ocrx_word' id='word_1_435' title='bbox 782 3276 904 3314; x_wconf 80' lang='grc' dir='ltr'>ιυηι</span> <span class='ocrx_word' id='word_1_436' title='bbox 945 3261 1152 3317; x_wconf 86' lang='lat' dir='ltr'><strong>utilitas</strong></span> <span class='ocrx_word' id='word_1_437' title='bbox 1188 3271 1242 3317; x_wconf 91' lang='lat' dir='ltr'><strong>et</strong></span> <span class='ocrx_word' id='word_1_438' title='bbox 1263 3261 1519 3317; x_wconf 88' lang='lat' dir='ltr'><strong>laboriosi</strong></span> <span class='ocrx_word' id='word_1_439' title='bbox 1557 3264 1892 3332; x_wconf 88' lang='lat' dir='ltr'><strong>certaminis,</strong></span> <span class='ocrx_word' id='word_1_440' title='bbox 1919 3265 2010 3335; x_wconf 91' lang='lat' dir='ltr'><strong>qui</strong></span> <span class='ocrx_word' id='word_1_441' title='bbox 2048 3266 2363 3320; x_wconf 85' lang='lat' dir='ltr'><strong>certaminis</strong></span> 
     </span>
    </p>
   </div>
   <div class='ocr_carea' id='block_1_65' title="bbox 2370 3255 4046 3335">
    <p class='ocr_par' dir='ltr' id='par_1_65' title="bbox 2466 3255 4046 3329">
     <span class='ocr_line' id='line_1_65' title="bbox 2466 3255 4046 3329; baseline -0.004 -16"><span class='ocrx_word' id='word_1_442' title='bbox 2466 3259 2643 3329; x_wconf 77' lang='grc' dir='ltr'>δαμοῦ</span> <span class='ocrx_word' id='word_1_443' title='bbox 2665 3259 2777 3311; x_wconf 89' lang='grc' dir='ltr'><strong>τῶν</strong></span> <span class='ocrx_word' id='word_1_444' title='bbox 2804 3260 3150 3328; x_wconf 80' lang='grc' dir='ltr'>πραγμάτων</span> <span class='ocrx_word' id='word_1_445' title='bbox 3195 3258 3616 3328; x_wconf 78' lang='grc' dir='ltr'>διαμαχομένων</span> <span class='ocrx_word' id='word_1_446' title='bbox 3657 3255 3736 3326; x_wconf 82' lang='grc' dir='ltr'><strong>τῷ</strong></span> <span class='ocrx_word' id='word_1_447' title='bbox 3779 3255 4046 3322; x_wconf 81' lang='grc' dir='ltr'>ἐπαγγέλ-</span> 
     </span>
    </p>
   </div>
   <div class='ocr_carea' id='block_1_66' title="bbox 780 3340 2456 3422">
    <p class='ocr_par' dir='ltr' id='par_1_66' title="bbox 780 3340 2366 3422">
     <span class='ocr_line' id='line_1_66' title="bbox 780 3340 2366 3422; baseline 0.007 -19"><span class='ocrx_word' id='word_1_448' title='bbox 780 3355 1181 3422; x_wconf 78' lang='lat' dir='ltr'><strong>designatorem</strong></span> <span class='ocrx_word' id='word_1_449' title='bbox 1208 3365 1261 3410; x_wconf 90' lang='lat' dir='ltr'><strong>et</strong></span> <span class='ocrx_word' id='word_1_450' title='bbox 1294 3340 1679 3411; x_wconf 85' lang='lat' dir='ltr'><strong>instructorem</strong></span> <span class='ocrx_word' id='word_1_451' title='bbox 1699 3356 1978 3413; x_wconf 86' lang='lat' dir='ltr'><strong>Christum</strong></span> <span class='ocrx_word' id='word_1_452' title='bbox 2007 3359 2366 3415; x_wconf 68' lang='lat' dir='ltr'><strong>occiderunt?</strong></span> 
     </span>
    </p>
   </div>
   <div class='ocr_carea' id='block_1_67' title="bbox 2368 3340 4044 3422">
    <p class='ocr_par' dir='ltr' id='par_1_67' title="bbox 2471 3348 4044 3422">
     <span class='ocr_line' id='line_1_67' title="bbox 2471 3348 4044 3422; baseline -0.003 -18"><span class='ocrx_word' id='word_1_453' title='bbox 2471 3369 2622 3422; x_wconf 87' lang='grc' dir='ltr'>ματι.</span> <span class='ocrx_word' id='word_1_454' title='bbox 2671 3351 2832 3402; x_wconf 83' lang='grc' dir='ltr'>’Δλλά</span> <span class='ocrx_word' id='word_1_455' title='bbox 2859 3351 2913 3402; x_wconf 86' lang='grc' dir='ltr'><strong>τί</strong></span> <span class='ocrx_word' id='word_1_456' title='bbox 2938 3350 3046 3403; x_wconf 86' lang='grc' dir='ltr'><strong>τῶν</strong></span> <span class='ocrx_word' id='word_1_457' title='bbox 3075 3349 3301 3418; x_wconf 83' lang='grc' dir='ltr'>ἀγώνων</span> <span class='ocrx_word' id='word_1_458' title='bbox 3335 3350 3530 3420; x_wconf 72' lang='grc' dir='ltr'>ὄφελος</span> <span class='ocrx_word' id='word_1_459' title='bbox 3567 3349 3753 3412; x_wconf 80' lang='grc' dir='ltr'>αὐτοῖς</span> <span class='ocrx_word' id='word_1_460' title='bbox 3794 3350 3891 3401; x_wconf 80' lang='grc' dir='ltr'>καὶ</span> <span class='ocrx_word' id='word_1_461' title='bbox 3943 3348 4044 3418; x_wconf 81' lang='grc' dir='ltr'>τῆς</span> 
     </span>
    </p>
   </div>
   <div class='ocr_carea' id='block_1_68' title="bbox 785 3440 2461 3520">
    <p class='ocr_par' dir='ltr' id='par_1_68' title="bbox 785 3444 2360 3520">
     <span class='ocr_line' id='line_1_68' title="bbox 785 3444 2360 3520; baseline 0.005 -25"><span class='ocrx_word' id='word_1_462' title='bbox 785 3444 1001 3498; x_wconf 67' lang='lat' dir='ltr'><strong>Etenim</strong></span> <span class='ocrx_word' id='word_1_463' title='bbox 1038 3446 1158 3500; x_wconf 89' lang='lat' dir='ltr'><strong>istis</strong></span> <span class='ocrx_word' id='word_1_464' title='bbox 1195 3445 1450 3501; x_wconf 87' lang='lat' dir='ltr'><strong>similiter</strong></span> <span class='ocrx_word' id='word_1_465' title='bbox 1521 3446 1769 3502; x_wconf 87' lang='lat' dir='ltr'><strong>laborum</strong></span> <span class='ocrx_word' id='word_1_466' title='bbox 1807 3464 2013 3504; x_wconf 85' lang='lat' dir='ltr'><strong>merces</strong></span> <span class='ocrx_word' id='word_1_467' title='bbox 2055 3450 2235 3519; x_wconf 91' lang='lat' dir='ltr'><strong>periit,</strong></span> <span class='ocrx_word' id='word_1_468' title='bbox 2266 3449 2360 3520; x_wconf 84' lang='lat' dir='ltr'><strong>qui</strong></span> 
     </span>
    </p>
   </div>
   <div class='ocr_carea' id='block_1_69' title="bbox 2368 3440 4044 3520">
    <p class='ocr_par' dir='ltr' id='par_1_69' title="bbox 2467 3440 4044 3513">
     <span class='ocr_line' id='line_1_69' title="bbox 2467 3440 4044 3513; baseline -0.003 -17"><span class='ocrx_word' id='word_1_469' title='bbox 2467 3443 2730 3496; x_wconf 85' lang='grc' dir='ltr'>ἐπιπόνου</span> <span class='ocrx_word' id='word_1_470' title='bbox 2762 3441 3046 3511; x_wconf 82' lang='grc' dir='ltr'>ἀθλήσεως</span> <span class='ocrx_word' id='word_1_471' title='bbox 3069 3441 3163 3494; x_wconf 81' lang='grc' dir='ltr'><strong>τὸν</strong></span> <span class='ocrx_word' id='word_1_472' title='bbox 3190 3441 3536 3513; x_wconf 81' lang='grc' dir='ltr'>ἀγωνοθέτην</span> <span class='ocrx_word' id='word_1_473' title='bbox 3565 3440 3804 3511; x_wconf 79' lang='grc' dir='ltr'>Χριστὸν</span> <span class='ocrx_word' id='word_1_474' title='bbox 3830 3441 4044 3511; x_wconf 81' lang='grc' dir='ltr'>ἀνῃρη-</span> 
     </span>
    </p>
   </div>
   <div class='ocr_carea' id='block_1_70' title="bbox 784 3527 2460 3611">
    <p class='ocr_par' dir='ltr' id='par_1_70' title="bbox 784 3527 2360 3611">
     <span class='ocr_line' id='line_1_70' title="bbox 784 3527 2360 3611; baseline 0.005 -24"><span class='ocrx_word' id='word_1_475' title='bbox 784 3535 1131 3602; x_wconf 67' lang='grc' dir='ltr'>ρτιεηιὶοτυηι</span> <span class='ocrx_word' id='word_1_476' title='bbox 1185 3527 1500 3593; x_wconf 84' lang='lat' dir='ltr'><strong>certaminis</strong></span> <span class='ocrx_word' id='word_1_477' title='bbox 1555 3539 1964 3610; x_wconf 81' lang='lat' dir='ltr'><strong>abnegaverunt</strong></span> <span class='ocrx_word' id='word_1_478' title='bbox 2011 3541 2360 3611; x_wconf 84' lang='lat' dir='ltr'><strong>dispensato-</strong></span> 
     </span>
    </p>
   </div>
   <div class='ocr_carea' id='block_1_71' title="bbox 2368 3527 4044 3611">
    <p class='ocr_par' dir='ltr' id='par_1_71' title="bbox 2466 3533 4044 3606">
     <span class='ocr_line' id='line_1_71' title="bbox 2466 3533 4044 3606; baseline -0.003 -17"><span class='ocrx_word' id='word_1_479' title='bbox 2466 3537 2588 3590; x_wconf 86' lang='grc' dir='ltr'>κόσι</span> <span class='ocrx_word' id='word_1_480' title='bbox 2612 3538 2658 3568; x_wconf 83' lang='grc'>⁶⁹</span> <span class='ocrx_word' id='word_1_481' title='bbox 2685 3553 2700 3602; x_wconf 90' lang='grc'><strong>;</strong></span> <span class='ocrx_word' id='word_1_482' title='bbox 2727 3535 2822 3588; x_wconf 69' lang='grc' dir='ltr'>καὶ</span> <span class='ocrx_word' id='word_1_483' title='bbox 2853 3535 3062 3588; x_wconf 89' lang='grc' dir='ltr'>τούτων</span> <span class='ocrx_word' id='word_1_484' title='bbox 3094 3535 3201 3606; x_wconf 86' lang='grc' dir='ltr'><strong>γὰρ</strong></span> <span class='ocrx_word' id='word_1_485' title='bbox 3223 3534 3427 3605; x_wconf 81' lang='grc' dir='ltr'>ὁμοίως</span> <span class='ocrx_word' id='word_1_486' title='bbox 3474 3535 3504 3586; x_wconf 89' lang='grc' dir='ltr'><strong>ό</strong></span> <span class='ocrx_word' id='word_1_487' title='bbox 3528 3533 3639 3586; x_wconf 88' lang='grc' dir='ltr'><strong>τῶν</strong></span> <span class='ocrx_word' id='word_1_488' title='bbox 3671 3533 3855 3585; x_wconf 87' lang='grc' dir='ltr'>πόνων</span> <span class='ocrx_word' id='word_1_489' title='bbox 3897 3534 4044 3602; x_wconf 83' lang='grc' dir='ltr'>οίχε-</span> 
     </span>
    </p>
   </div>
   <div class='ocr_carea' id='block_1_72' title="bbox 781 3622 2457 3699">
    <p class='ocr_par' dir='ltr' id='par_1_72' title="bbox 781 3627 2356 3699">
     <span class='ocr_line' id='line_1_72' title="bbox 781 3627 2356 3699; baseline 0.003 -20"><span class='ocrx_word' id='word_1_490' title='bbox 781 3641 898 3679; x_wconf 76' lang='lat' dir='ltr'><strong>:‘cm</strong></span> <span class='ocrx_word' id='word_1_491' title='bbox 925 3641 939 3691; x_wconf 88' lang='lat'><strong>;</strong></span> <span class='ocrx_word' id='word_1_492' title='bbox 967 3635 1020 3679; x_wconf 90' lang='lat' dir='ltr'><strong>et</strong></span> <span class='ocrx_word' id='word_1_493' title='bbox 1040 3641 1070 3680; x_wconf 90' lang='lat' dir='ltr'><strong>a</strong></span> <span class='ocrx_word' id='word_1_494' title='bbox 1089 3642 1214 3681; x_wconf 87' lang='lat' dir='ltr'><strong>vera</strong></span> <span class='ocrx_word' id='word_1_495' title='bbox 1247 3627 1355 3682; x_wconf 86' lang='lat' dir='ltr'><strong>vita</strong></span> <span class='ocrx_word' id='word_1_496' title='bbox 1385 3628 1620 3697; x_wconf 86' lang='lat' dir='ltr'><strong>ideoque</strong></span> <span class='ocrx_word' id='word_1_497' title='bbox 1647 3644 1677 3682; x_wconf 87' lang='lat' dir='ltr'><strong>a</strong></span> <span class='ocrx_word' id='word_1_498' title='bbox 1703 3629 2044 3699; x_wconf 89' lang='lat' dir='ltr'><strong>philosophia</strong></span> <span class='ocrx_word' id='word_1_499' title='bbox 2076 3637 2356 3684; x_wconf 76' lang='lat' dir='ltr'><strong>exerraut.</strong></span> 
     </span>
    </p>
   </div>
   <div class='ocr_carea' id='block_1_73' title="bbox 2368 3622 4044 3699">
    <p class='ocr_par' dir='ltr' id='par_1_73' title="bbox 2463 3622 4044 3697">
     <span class='ocr_line' id='line_1_73' title="bbox 2463 3622 4044 3697; baseline -0.005 -16"><span class='ocrx_word' id='word_1_500' title='bbox 2463 3646 2552 3681; x_wconf 87' lang='grc' dir='ltr'><strong>ται</strong></span> <span class='ocrx_word' id='word_1_501' title='bbox 2602 3627 2817 3697; x_wconf 80' lang='grc' dir='ltr'>μισθὸς,</span> <span class='ocrx_word' id='word_1_502' title='bbox 2848 3626 3246 3695; x_wconf 81' lang='grc' dir='ltr'>ἀρνησαμένων</span> <span class='ocrx_word' id='word_1_503' title='bbox 3296 3624 3392 3677; x_wconf 75' lang='grc' dir='ltr'>τὸν</span> <span class='ocrx_word' id='word_1_504' title='bbox 3423 3624 3534 3676; x_wconf 88' lang='grc' dir='ltr'><strong>τῶν</strong></span> <span class='ocrx_word' id='word_1_505' title='bbox 3581 3622 3835 3677; x_wconf 80' lang='grc' dir='ltr'>ἐπάθλων</span> <span class='ocrx_word' id='word_1_506' title='bbox 3865 3622 4044 3675; x_wconf 80' lang='grc' dir='ltr'>διανο-</span> 
     </span>
    </p>
   </div>
   <div class='ocr_carea' id='block_1_74' title="bbox 779 3715 2455 3792">
    <p class='ocr_par' dir='ltr' id='par_1_74' title="bbox 779 3717 2361 3791">
     <span class='ocr_line' id='line_1_74' title="bbox 779 3717 2361 3791; baseline 0.001 -18"><span class='ocrx_word' id='word_1_507' title='bbox 779 3717 1132 3787; x_wconf 81' lang='lat' dir='ltr'><strong>Philosophia</strong></span> <span class='ocrx_word' id='word_1_508' title='bbox 1183 3718 1326 3772; x_wconf 89' lang='lat' dir='ltr'><strong>enim</strong></span> <span class='ocrx_word' id='word_1_509' title='bbox 1375 3728 1459 3774; x_wconf 92' lang='lat' dir='ltr'><strong>est</strong></span> <span class='ocrx_word' id='word_1_510' title='bbox 1510 3734 1722 3774; x_wconf 90' lang='lat' dir='ltr'><strong>morum</strong></span> <span class='ocrx_word' id='word_1_511' title='bbox 1787 3720 2054 3776; x_wconf 89' lang='lat' dir='ltr'><strong>correctio</strong></span> <span class='ocrx_word' id='word_1_512' title='bbox 2083 3736 2207 3774; x_wconf 90' lang='lat' dir='ltr'><strong>cum</strong></span> <span class='ocrx_word' id='word_1_513' title='bbox 2238 3721 2361 3791; x_wconf 83' lang='lat' dir='ltr'><strong>opi-</strong></span> 
     </span>
    </p>
   </div>
   <div class='ocr_carea' id='block_1_75' title="bbox 2369 3715 4045 3792">
    <p class='ocr_par' dir='ltr' id='par_1_75' title="bbox 2470 3715 4045 3792">
     <span class='ocr_line' id='line_1_75' title="bbox 2470 3715 4045 3792; baseline -0.004 -18"><span class='ocrx_word' id='word_1_514' title='bbox 2470 3721 2576 3792; x_wconf 84' lang='grc' dir='ltr'><strong>μέα</strong></span> <span class='ocrx_word' id='word_1_515' title='bbox 2597 3738 2613 3753; x_wconf 80' lang='grc' dir='ltr'><strong>ο</strong></span> <span class='ocrx_word' id='word_1_516' title='bbox 2638 3721 2734 3772; x_wconf 77' lang='grc' dir='ltr'>καὶ</span> <span class='ocrx_word' id='word_1_517' title='bbox 2756 3719 2855 3788; x_wconf 82' lang='grc' dir='ltr'>τῆς</span> <span class='ocrx_word' id='word_1_518' title='bbox 2883 3717 3119 3788; x_wconf 77' lang='grc' dir='ltr'>ἀληθοῦς</span> <span class='ocrx_word' id='word_1_519' title='bbox 3140 3717 3289 3786; x_wconf 74' lang='grc' dir='ltr'>ζωῆς</span> <span class='ocrx_word' id='word_1_520' title='bbox 3319 3716 3416 3771; x_wconf 77' lang='grc' dir='ltr'>καὶ</span> <span class='ocrx_word' id='word_1_521' title='bbox 3440 3715 3761 3784; x_wconf 75' lang='grc' dir='ltr'>φιλοσοφίας</span> <span class='ocrx_word' id='word_1_522' title='bbox 3787 3717 4045 3784; x_wconf 71' lang='grc' dir='ltr'>ἀπεσφά-</span> 
     </span>
    </p>
   </div>
   <div class='ocr_carea' id='block_1_76' title="bbox 783 3810 2363 3882">
    <p class='ocr_par' dir='ltr' id='par_1_76' title="bbox 783 3810 2363 3882">
     <span class='ocr_line' id='line_1_76' title="bbox 783 3810 2363 3882; baseline 0.002 -18"><span class='ocrx_word' id='word_1_523' title='bbox 783 3811 947 3864; x_wconf 89' lang='lat' dir='ltr'><strong>nione</strong></span> <span class='ocrx_word' id='word_1_524' title='bbox 969 3825 1110 3864; x_wconf 65' lang='lat' dir='ltr'><strong>verae</strong></span> <span class='ocrx_word' id='word_1_525' title='bbox 1135 3810 1201 3864; x_wconf 90' lang='lat' dir='ltr'><strong>de</strong></span> <span class='ocrx_word' id='word_1_526' title='bbox 1231 3811 1322 3864; x_wconf 93' lang='lat' dir='ltr'><strong>illo</strong></span> <span class='ocrx_word' id='word_1_527' title='bbox 1346 3811 1439 3882; x_wconf 89' lang='lat' dir='ltr'><strong>qui</strong></span> <span class='ocrx_word' id='word_1_528' title='bbox 1504 3822 1588 3866; x_wconf 88' lang='lat' dir='ltr'><strong>est</strong></span> <span class='ocrx_word' id='word_1_529' title='bbox 1643 3815 2011 3882; x_wconf 79' lang='lat' dir='ltr'><strong>cognitionis;</strong></span> <span class='ocrx_word' id='word_1_530' title='bbox 2072 3813 2174 3869; x_wconf 90' lang='lat' dir='ltr'><strong>hac</strong></span> <span class='ocrx_word' id='word_1_531' title='bbox 2229 3828 2363 3868; x_wconf 90' lang='lat' dir='ltr'><strong>vero</strong></span> 
     </span>
    </p>
   </div>
   <div class='ocr_carea' id='block_1_77' title="bbox 781 3905 2363 3980">
    <p class='ocr_par' dir='ltr' id='par_1_77' title="bbox 781 3905 2363 3980">
     <span class='ocr_line' id='line_1_77' title="bbox 781 3905 2363 3980; baseline 0.004 -22"><span class='ocrx_word' id='word_1_532' title='bbox 781 3907 1025 3960; x_wconf 87' lang='lat' dir='ltr'><strong>destituti</strong></span> <span class='ocrx_word' id='word_1_533' title='bbox 1059 3915 1187 3961; x_wconf 86' lang='lat' dir='ltr'><strong>sunt</strong></span> <span class='ocrx_word' id='word_1_534' title='bbox 1213 3906 1374 3961; x_wconf 90' lang='lat' dir='ltr'><strong>simul</strong></span> <span class='ocrx_word' id='word_1_535' title='bbox 1413 3917 1466 3960; x_wconf 91' lang='lat' dir='ltr'><strong>et</strong></span> <span class='ocrx_word' id='word_1_536' title='bbox 1495 3905 1665 3962; x_wconf 62' lang='lat' dir='ltr'><strong>Judaei</strong></span> <span class='ocrx_word' id='word_1_537' title='bbox 1691 3917 1746 3963; x_wconf 89' lang='lat' dir='ltr'><strong>et</strong></span> <span class='ocrx_word' id='word_1_538' title='bbox 1782 3907 1976 3972; x_wconf 61' lang='lat' dir='ltr'><strong>Graeci,</strong></span> <span class='ocrx_word' id='word_1_539' title='bbox 2026 3910 2118 3979; x_wconf 89' lang='lat' dir='ltr'><strong>qui</strong></span> <span class='ocrx_word' id='word_1_540' title='bbox 2145 3910 2363 3980; x_wconf 66' lang='lat' dir='ltr'><strong>sapieno</strong></span> 
     </span>
    </p>
   </div>
   <div class='ocr_carea' id='block_1_78' title="bbox 782 3997 2360 4067">
    <p class='ocr_par' dir='ltr' id='par_1_78' title="bbox 782 3997 2360 4067">
     <span class='ocr_line' id='line_1_78' title="bbox 782 3997 2360 4067; baseline 0.004 -17"><span class='ocrx_word' id='word_1_541' title='bbox 782 3998 912 4050; x_wconf 87' lang='lat' dir='ltr'><strong>tiam</strong></span> <span class='ocrx_word' id='word_1_542' title='bbox 941 4012 1063 4067; x_wconf 71' lang='lat' dir='ltr'><strong>quae</strong></span> <span class='ocrx_word' id='word_1_543' title='bbox 1097 4011 1128 4050; x_wconf 87' lang='grc' dir='ltr'><strong>ο</strong></span> <span class='ocrx_word' id='word_1_544' title='bbox 1150 3997 1289 4050; x_wconf 74' lang='lat' dir='ltr'><strong>coelo</strong></span> <span class='ocrx_word' id='word_1_545' title='bbox 1315 3997 1672 4053; x_wconf 83' lang='lat' dir='ltr'><strong>descenderat</strong></span> <span class='ocrx_word' id='word_1_546' title='bbox 1704 4000 1938 4055; x_wconf 83' lang='lat' dir='ltr'><strong>aversati</strong></span> <span class='ocrx_word' id='word_1_547' title='bbox 1971 4011 2117 4065; x_wconf 89' lang='lat' dir='ltr'><strong>sunt,</strong></span> <span class='ocrx_word' id='word_1_548' title='bbox 2159 4013 2212 4055; x_wconf 93' lang='lat' dir='ltr'><strong>et</strong></span> <span class='ocrx_word' id='word_1_549' title='bbox 2241 4002 2360 4056; x_wconf 89' lang='lat' dir='ltr'><strong>sine</strong></span> 
     </span>
    </p>
   </div>
   <div class='ocr_carea' id='block_1_79' title="bbox 783 4091 2362 4164">
    <p class='ocr_par' dir='ltr' id='par_1_79' title="bbox 783 4091 2362 4164">
     <span class='ocr_line' id='line_1_79' title="bbox 783 4091 2362 4164; baseline 0.002 -18"><span class='ocrx_word' id='word_1_550' title='bbox 783 4093 1003 4147; x_wconf 73' lang='lat' dir='ltr'><strong>Christo</strong></span> <span class='ocrx_word' id='word_1_551' title='bbox 1033 4091 1310 4160; x_wconf 87' lang='lat' dir='ltr'><strong>sapientes</strong></span> <span class='ocrx_word' id='word_1_552' title='bbox 1368 4107 1490 4146; x_wconf 89' lang='lat' dir='ltr'><strong>esse</strong></span> <span class='ocrx_word' id='word_1_553' title='bbox 1521 4102 1882 4153; x_wconf 81' lang='lat' dir='ltr'><strong>tentaverunt,</strong></span> <span class='ocrx_word' id='word_1_554' title='bbox 1904 4094 1993 4162; x_wconf 93' lang='lat' dir='ltr'><strong>qui</strong></span> <span class='ocrx_word' id='word_1_555' title='bbox 2025 4095 2175 4149; x_wconf 92' lang='lat' dir='ltr'><strong>solus</strong></span> <span class='ocrx_word' id='word_1_556' title='bbox 2197 4109 2362 4164; x_wconf 90' lang='lat' dir='ltr'><strong>opere</strong></span> 
     </span>
    </p>
   </div>
   <div class='ocr_carea' id='block_1_80' title="bbox 779 4185 2358 4254">
    <p class='ocr_par' dir='ltr' id='par_1_80' title="bbox 779 4185 2358 4254">
     <span class='ocr_line' id='line_1_80' title="bbox 779 4185 2358 4254; baseline 0.003 -17"><span class='ocrx_word' id='word_1_557' title='bbox 779 4194 835 4238; x_wconf 84' lang='lat' dir='ltr'><strong>ct</strong></span> <span class='ocrx_word' id='word_1_558' title='bbox 867 4186 1033 4240; x_wconf 89' lang='lat' dir='ltr'><strong>verbo</strong></span> <span class='ocrx_word' id='word_1_559' title='bbox 1088 4185 1476 4239; x_wconf 88' lang='lat' dir='ltr'><strong>demonstravit</strong></span> <span class='ocrx_word' id='word_1_560' title='bbox 1549 4186 1968 4254; x_wconf 88' lang='lat' dir='ltr'><strong>philosophiam.</strong></span> <span class='ocrx_word' id='word_1_561' title='bbox 2039 4186 2138 4241; x_wconf 91' lang='lat' dir='ltr'><strong>llic</strong></span> <span class='ocrx_word' id='word_1_562' title='bbox 2210 4188 2358 4241; x_wconf 86' lang='lat' dir='ltr'><strong>enim</strong></span> 
     </span>
    </p>
   </div>
   <div class='ocr_carea' id='block_1_81' title="bbox 781 4277 2358 4348">
    <p class='ocr_par' dir='ltr' id='par_1_81' title="bbox 781 4277 2358 4348">
     <span class='ocr_line' id='line_1_81' title="bbox 781 4277 2358 4348; baseline 0 -16"><span class='ocrx_word' id='word_1_563' title='bbox 781 4297 814 4348; x_wconf 87' lang='lat' dir='ltr'><strong>p</strong></span> <span class='ocrx_word' id='word_1_564' title='bbox 849 4279 994 4332; x_wconf 89' lang='lat' dir='ltr'><strong>itnus</strong></span> <span class='ocrx_word' id='word_1_565' title='bbox 1022 4287 1074 4331; x_wconf 92' lang='lat' dir='ltr'><strong>ct</strong></span> <span class='ocrx_word' id='word_1_566' title='bbox 1099 4277 1251 4331; x_wconf 87' lang='lat' dir='ltr'><strong>solus</strong></span> <span class='ocrx_word' id='word_1_567' title='bbox 1289 4279 1409 4332; x_wconf 70' lang='lat' dir='ltr'><strong>vitae</strong></span> <span class='ocrx_word' id='word_1_568' title='bbox 1438 4279 1577 4332; x_wconf 90' lang='lat' dir='ltr'><strong>viam</strong></span> <span class='ocrx_word' id='word_1_569' title='bbox 1635 4279 1846 4348; x_wconf 87' lang='lat' dir='ltr'><strong>aperuit</strong></span> <span class='ocrx_word' id='word_1_570' title='bbox 1882 4295 1896 4344; x_wconf 93' lang='lat'><strong>;</strong></span> <span class='ocrx_word' id='word_1_571' title='bbox 1932 4279 2094 4348; x_wconf 87' lang='lat' dir='ltr'><strong>hujus</strong></span> <span class='ocrx_word' id='word_1_572' title='bbox 2116 4279 2358 4348; x_wconf 88' lang='lat' dir='ltr'><strong>regimen</strong></span> 
     </span>
    </p>
   </div>
   <div class='ocr_carea' id='block_1_82' title="bbox 779 4371 2361 4441">
    <p class='ocr_par' dir='ltr' id='par_1_82' title="bbox 779 4371 2361 4441">
     <span class='ocr_line' id='line_1_82' title="bbox 779 4371 2361 4441; baseline 0.001 -17"><span class='ocrx_word' id='word_1_573' title='bbox 779 4374 1166 4426; x_wconf 85' lang='lat' dir='ltr'><strong>demonstrans</strong></span> <span class='ocrx_word' id='word_1_574' title='bbox 1197 4387 1419 4440; x_wconf 88' lang='lat' dir='ltr'><strong>purum,</strong></span> <span class='ocrx_word' id='word_1_575' title='bbox 1470 4379 1524 4424; x_wconf 87' lang='lat' dir='ltr'><strong>et</strong></span> <span class='ocrx_word' id='word_1_576' title='bbox 1576 4371 1947 4425; x_wconf 88' lang='lat' dir='ltr'><strong>sublimiorem</strong></span> <span class='ocrx_word' id='word_1_577' title='bbox 1999 4385 2214 4441; x_wconf 87' lang='lat' dir='ltr'><strong>semper</strong></span> <span class='ocrx_word' id='word_1_578' title='bbox 2243 4387 2361 4425; x_wconf 84' lang='lat' dir='ltr'><strong>cor-</strong></span> 
     </span>
    </p>
   </div>
   <div class='ocr_carea' id='block_1_83' title="bbox 779 4464 2359 4535">
    <p class='ocr_par' dir='ltr' id='par_1_83' title="bbox 779 4464 2359 4535">
     <span class='ocr_line' id='line_1_83' title="bbox 779 4464 2359 4535; baseline 0 -17"><span class='ocrx_word' id='word_1_579' title='bbox 779 4465 929 4535; x_wconf 87' lang='lat' dir='ltr'><strong>poris</strong></span> <span class='ocrx_word' id='word_1_580' title='bbox 1008 4464 1398 4533; x_wconf 84' lang='lat' dir='ltr'><strong>cupidttatibus</strong></span> <span class='ocrx_word' id='word_1_581' title='bbox 1483 4464 1732 4517; x_wconf 85' lang='lat' dir='ltr'><strong>attollens</strong></span> <span class='ocrx_word' id='word_1_582' title='bbox 1815 4465 2075 4526; x_wconf 88' lang='lat' dir='ltr'><strong>animam,</strong></span> <span class='ocrx_word' id='word_1_583' title='bbox 2166 4465 2359 4518; x_wconf 90' lang='lat' dir='ltr'><strong>ultimo</strong></span> 
     </span>
    </p>
   </div>
   <div class='ocr_carea' id='block_1_84' title="bbox 2466 3807 4045 3884">
    <p class='ocr_par' dir='ltr' id='par_1_84' title="bbox 2466 3807 4045 3884">
     <span class='ocr_line' id='line_1_84' title="bbox 2466 3807 4045 3884; baseline -0.004 -18"><span class='ocrx_word' id='word_1_584' title='bbox 2466 3814 2639 3884; x_wconf 74' lang='grc' dir='ltr'>λησαν</span> <span class='ocrx_word' id='word_1_585' title='bbox 2657 3812 2724 3864; x_wconf 82' lang='grc'><strong>⁸³.</strong></span> <span class='ocrx_word' id='word_1_586' title='bbox 2751 3811 2862 3882; x_wconf 76' lang='grc'><strong>(11)</strong></span> <span class='ocrx_word' id='word_1_587' title='bbox 2887 3809 3182 3878; x_wconf 72' lang='grc' dir='ltr'>Φιλοσοφία</span> <span class='ocrx_word' id='word_1_588' title='bbox 3200 3809 3309 3878; x_wconf 67' lang='grc' dir='ltr'>γάρ</span> <span class='ocrx_word' id='word_1_589' title='bbox 3357 3809 3506 3862; x_wconf 83' lang='grc' dir='ltr'>ἐστιν</span> <span class='ocrx_word' id='word_1_590' title='bbox 3525 3807 3673 3879; x_wconf 76' lang='grc' dir='ltr'>ἠθῶν</span> <span class='ocrx_word' id='word_1_591' title='bbox 3700 3807 4045 3876; x_wconf 82' lang='grc' dir='ltr'>κατόρθωσις</span> 
     </span>
    </p>
   </div>
   <div class='ocr_carea' id='block_1_85' title="bbox 2468 3899 4040 3977">
    <p class='ocr_par' dir='ltr' id='par_1_85' title="bbox 2468 3899 4040 3977">
     <span class='ocr_line' id='line_1_85' title="bbox 2468 3899 4040 3977; baseline -0.003 -19"><span class='ocrx_word' id='word_1_592' title='bbox 2468 3907 2608 3977; x_wconf 86' lang='grc' dir='ltr'><strong>μετά</strong></span> <span class='ocrx_word' id='word_1_593' title='bbox 2638 3905 2797 3975; x_wconf 83' lang='grc' dir='ltr'>δόξης</span> <span class='ocrx_word' id='word_1_594' title='bbox 2829 3903 2929 3972; x_wconf 81' lang='grc' dir='ltr'>τῆς</span> <span class='ocrx_word' id='word_1_595' title='bbox 2963 3903 3095 3972; x_wconf 79' lang='grc' dir='ltr'>περὶ</span> <span class='ocrx_word' id='word_1_596' title='bbox 3136 3901 3230 3955; x_wconf 81' lang='grc' dir='ltr'><strong>τοῦ</strong></span> <span class='ocrx_word' id='word_1_597' title='bbox 3253 3901 3406 3963; x_wconf 75' lang='grc' dir='ltr'>ὄντος</span> <span class='ocrx_word' id='word_1_598' title='bbox 3450 3901 3707 3969; x_wconf 82' lang='grc' dir='ltr'>γνώσεως</span> <span class='ocrx_word' id='word_1_599' title='bbox 3763 3899 4002 3970; x_wconf 80' lang='grc' dir='ltr'>ἀληθοῦς</span> <span class='ocrx_word' id='word_1_600' title='bbox 4024 3915 4040 3930; x_wconf 80' lang='grc'><strong><em>⁸</em></strong></span> 
     </span>
    </p>
   </div>
   <div class='ocr_carea' id='block_1_86' title="bbox 2464 3991 4046 4067">
    <p class='ocr_par' dir='ltr' id='par_1_86' title="bbox 2464 3991 4046 4067">
     <span class='ocr_line' id='line_1_86' title="bbox 2464 3991 4046 4067; baseline -0.006 -15"><span class='ocrx_word' id='word_1_601' title='bbox 2464 3997 2667 4067; x_wconf 82' lang='grc' dir='ltr'>ταύτης</span> <span class='ocrx_word' id='word_1_602' title='bbox 2726 3997 2784 4049; x_wconf 87' lang='grc' dir='ltr'>δὲ</span> <span class='ocrx_word' id='word_1_603' title='bbox 2848 3993 3242 4064; x_wconf 79' lang='grc' dir='ltr'>ἀπεσφάλησαν</span> <span class='ocrx_word' id='word_1_604' title='bbox 3283 3993 3455 4063; x_wconf 78' lang='grc' dir='ltr'>ἄμφω</span> <span class='ocrx_word' id='word_1_605' title='bbox 3507 3993 3603 4047; x_wconf 73' lang='grc' dir='ltr'>καὶ</span> <span class='ocrx_word' id='word_1_606' title='bbox 3655 3991 3905 4046; x_wconf 83' lang='grc' dir='ltr'>Ἰουδαῖοι</span> <span class='ocrx_word' id='word_1_607' title='bbox 3951 3991 4046 4044; x_wconf 79' lang='grc' dir='ltr'>καὶ</span> 
     </span>
    </p>
   </div>
   <div class='ocr_carea' id='block_1_87' title="bbox 2464 4085 4040 4162">
    <p class='ocr_par' dir='ltr' id='par_1_87' title="bbox 2464 4085 4040 4162">
     <span class='ocr_line' id='line_1_87' title="bbox 2464 4085 4040 4162; baseline -0.005 -17"><span class='ocrx_word' id='word_1_608' title='bbox 2464 4091 2746 4162; x_wconf 83' lang='grc' dir='ltr'>Ἕλληνες,</span> <span class='ocrx_word' id='word_1_609' title='bbox 2777 4089 2878 4160; x_wconf 77' lang='grc' dir='ltr'>τὴν</span> <span class='ocrx_word' id='word_1_610' title='bbox 2921 4089 3019 4142; x_wconf 84' lang='grc' dir='ltr'><strong>ἀπ’</strong></span> <span class='ocrx_word' id='word_1_611' title='bbox 3052 4087 3288 4158; x_wconf 79' lang='grc' dir='ltr'>ούρανοῦ</span> <span class='ocrx_word' id='word_1_612' title='bbox 3331 4087 3792 4158; x_wconf 81' lang='grc' dir='ltr'>παραγενομένην</span> <span class='ocrx_word' id='word_1_613' title='bbox 3844 4085 4040 4152; x_wconf 87' lang='grc' dir='ltr'>σοφίαν</span> 
     </span>
    </p>
   </div>
   <div class='ocr_carea' id='block_1_88' title="bbox 2462 4178 4046 4255">
    <p class='ocr_par' dir='ltr' id='par_1_88' title="bbox 2462 4178 4046 4255">
     <span class='ocr_line' id='line_1_88' title="bbox 2462 4178 4046 4255; baseline -0.004 -16"><span class='ocrx_word' id='word_1_614' title='bbox 2462 4181 2938 4255; x_wconf 74' lang='grc' dir='ltr'>παραιτησάμενοι</span> <span class='ocrx_word' id='word_1_615' title='bbox 2968 4180 3059 4234; x_wconf 80' lang='grc' dir='ltr'>καὶ</span> <span class='ocrx_word' id='word_1_616' title='bbox 3071 4178 3481 4251; x_wconf 71' lang='grc' dir='ltr'>χωρὶςΧριστοῦ</span> <span class='ocrx_word' id='word_1_617' title='bbox 3501 4179 3812 4248; x_wconf 84' lang='grc' dir='ltr'>φιλοσοφεῖν</span> <span class='ocrx_word' id='word_1_618' title='bbox 3833 4181 4046 4249; x_wconf 80' lang='grc' dir='ltr'>ἐπιχει-</span> 
     </span>
    </p>
   </div>
   <div class='ocr_carea' id='block_1_89' title="bbox 2466 4274 4046 4351">
    <p class='ocr_par' dir='ltr' id='par_1_89' title="bbox 2466 4274 4046 4351">
     <span class='ocr_line' id='line_1_89' title="bbox 2466 4274 4046 4351; baseline -0.003 -18"><span class='ocrx_word' id='word_1_619' title='bbox 2466 4282 2750 4351; x_wconf 80' lang='grc' dir='ltr'>ρήσαντες,</span> <span class='ocrx_word' id='word_1_620' title='bbox 2796 4277 2890 4330; x_wconf 78' lang='grc' dir='ltr'>τοῦ</span> <span class='ocrx_word' id='word_1_621' title='bbox 2923 4277 3087 4347; x_wconf 87' lang='grc' dir='ltr'>μόνου</span> <span class='ocrx_word' id='word_1_622' title='bbox 3139 4276 3566 4345; x_wconf 78' lang='grc' dir='ltr'>παραδείξαντος</span> <span class='ocrx_word' id='word_1_623' title='bbox 3590 4274 3739 4346; x_wconf 75' lang='grc' dir='ltr'>ἔργῳ</span> <span class='ocrx_word' id='word_1_624' title='bbox 3758 4277 3856 4330; x_wconf 79' lang='grc' dir='ltr'>καὶ</span> <span class='ocrx_word' id='word_1_625' title='bbox 3899 4276 4046 4346; x_wconf 83' lang='grc' dir='ltr'>λόγῳ</span> 
     </span>
    </p>
   </div>
   <div class='ocr_carea' id='block_1_90' title="bbox 2461 4361 4044 4443">
    <p class='ocr_par' dir='ltr' id='par_1_90' title="bbox 2461 4361 4044 4443">
     <span class='ocr_line' id='line_1_90' title="bbox 2461 4361 4044 4443; baseline -0.004 -18"><span class='ocrx_word' id='word_1_626' title='bbox 2461 4373 2561 4443; x_wconf 77' lang='grc' dir='ltr'>τὴν</span> <span class='ocrx_word' id='word_1_627' title='bbox 2595 4369 2772 4442; x_wconf 83' lang='grc' dir='ltr'>ἀληθῆ</span> <span class='ocrx_word' id='word_1_628' title='bbox 2827 4369 3167 4439; x_wconf 76' lang='grc' dir='ltr'>φιλοσοφίαν.</span> <span class='ocrx_word' id='word_1_629' title='bbox 3193 4361 3362 4430; x_wconf 77' lang='grc' dir='ltr'>Οὗτος</span> <span class='ocrx_word' id='word_1_630' title='bbox 3411 4367 3522 4438; x_wconf 75' lang='grc' dir='ltr'><strong>γὰρ</strong></span> <span class='ocrx_word' id='word_1_631' title='bbox 3562 4368 3779 4438; x_wconf 86' lang='grc' dir='ltr'>πρῶτος</span> <span class='ocrx_word' id='word_1_632' title='bbox 3810 4369 3907 4420; x_wconf 76' lang='grc' dir='ltr'>καὶ</span> <span class='ocrx_word' id='word_1_633' title='bbox 3941 4369 4044 4435; x_wconf 88' lang='grc' dir='ltr'>μό-</span> 
     </span>
    </p>
   </div>
   <div class='ocr_carea' id='block_1_91' title="bbox 2461 4457 4044 4530">
    <p class='ocr_par' dir='ltr' id='par_1_91' title="bbox 2461 4457 4044 4530">
     <span class='ocr_line' id='line_1_91' title="bbox 2461 4457 4044 4530; baseline -0.004 -14"><span class='ocrx_word' id='word_1_634' title='bbox 2461 4480 2553 4526; x_wconf 88' lang='grc' dir='ltr'><strong>νος</strong></span> <span class='ocrx_word' id='word_1_635' title='bbox 2580 4461 2627 4495; x_wconf 73' lang='grc'><strong>⁶⁸</strong></span> <span class='ocrx_word' id='word_1_636' title='bbox 2655 4461 2818 4530; x_wconf 73' lang='grc' dir='ltr'>ἔτεμε</span> <span class='ocrx_word' id='word_1_637' title='bbox 2861 4459 2941 4529; x_wconf 78' lang='grc' dir='ltr'>τῷ</span> <span class='ocrx_word' id='word_1_638' title='bbox 2972 4459 3096 4530; x_wconf 76' lang='grc' dir='ltr'>βίῳ,</span> <span class='ocrx_word' id='word_1_639' title='bbox 3133 4459 3233 4528; x_wconf 80' lang='grc' dir='ltr'>τὴν</span> <span class='ocrx_word' id='word_1_640' title='bbox 3255 4457 3464 4528; x_wconf 87' lang='grc' dir='ltr'>ταύτης</span> <span class='ocrx_word' id='word_1_641' title='bbox 3507 4457 3791 4511; x_wconf 88' lang='grc' dir='ltr'>πολιτείαν</span> <span class='ocrx_word' id='word_1_642' title='bbox 3846 4459 4044 4510; x_wconf 80' lang='grc' dir='ltr'>ἐπιδειο</span> 
     </span>
    </p>
   </div>
   <div class='ocr_carea' id='block_1_92' title="bbox 778 4522 2454 4626">
    <p class='ocr_par' dir='ltr' id='par_1_92' title="bbox 778 4522 2439 4626">
     <span class='ocr_line' id='line_1_92' title="bbox 778 4522 2439 4626; baseline 0 -15"><span class='ocrx_word' id='word_1_643' title='bbox 778 4522 958 4612; x_wconf 71' lang='lat' dir='ltr'><strong>autem</strong></span> <span class='ocrx_word' id='word_1_644' title='bbox 986 4567 1039 4611; x_wconf 93' lang='lat' dir='ltr'><strong>et</strong></span> <span class='ocrx_word' id='word_1_645' title='bbox 1061 4558 1231 4626; x_wconf 90' lang='lat' dir='ltr'><strong>ipsam</strong></span> <span class='ocrx_word' id='word_1_646' title='bbox 1251 4556 1576 4625; x_wconf 89' lang='lat' dir='ltr'><strong>despiciens,</strong></span> <span class='ocrx_word' id='word_1_647' title='bbox 1608 4557 1825 4625; x_wconf 90' lang='lat' dir='ltr'><strong>quando</strong></span> <span class='ocrx_word' id='word_1_648' title='bbox 1849 4572 1877 4608; x_wconf 91' lang='lat' dir='ltr'><strong>a</strong></span> <span class='ocrx_word' id='word_1_649' title='bbox 1911 4571 1968 4609; x_wconf 90' lang='lat' dir='ltr'><strong>se</strong></span> <span class='ocrx_word' id='word_1_650' title='bbox 1996 4556 2359 4624; x_wconf 82' lang='lat' dir='ltr'><strong>dispensanda</strong></span> <span class='ocrx_word' id='word_1_651' title='bbox 2392 4522 2439 4583; x_wconf 71' lang='grc' dir='ltr'><strong>θ</strong></span> 
     </span>
    </p>
   </div>
   <div class='ocr_carea' id='block_1_93' title="bbox 2367 4522 4043 4626">
    <p class='ocr_par' dir='ltr' id='par_1_93' title="bbox 2392 4522 4043 4621">
     <span class='ocr_line' id='line_1_93' title="bbox 2392 4522 4043 4621; baseline -0.003 -16"><span class='ocrx_word' id='word_1_652' title='bbox 2392 4522 2439 4583; x_wconf 79' lang='lat' dir='ltr'><strong>D</strong></span> <span class='ocrx_word' id='word_1_653' title='bbox 2466 4522 2699 4621; x_wconf 76' lang='grc' dir='ltr'>ξάμενος</span> <span class='ocrx_word' id='word_1_654' title='bbox 2725 4522 2998 4620; x_wconf 36' lang='grc' dir='ltr'>καθαράνυ,</span> <span class='ocrx_word' id='word_1_655' title='bbox 3023 4522 3307 4619; x_wconf 70' lang='grc' dir='ltr'>ἀνωτέραν</span> <span class='ocrx_word' id='word_1_656' title='bbox 3351 4522 3439 4601; x_wconf 61' lang='grc' dir='ltr'><strong>ἀεί</strong></span> <span class='ocrx_word' id='word_1_657' title='bbox 3473 4549 3657 4618; x_wconf 84' lang='grc' dir='ltr'>φέρων</span> <span class='ocrx_word' id='word_1_658' title='bbox 3712 4550 3812 4618; x_wconf 79' lang='grc' dir='ltr'>τὴν</span> <span class='ocrx_word' id='word_1_659' title='bbox 3861 4549 4043 4618; x_wconf 74' lang='grc' dir='ltr'>ψυχὴν</span> 
     </span>
    </p>
   </div>
   <div class='ocr_carea' id='block_1_94' title="bbox 779 4647 2359 4715">
    <p class='ocr_par' dir='ltr' id='par_1_94' title="bbox 779 4647 2359 4715">
     <span class='ocr_line' id='line_1_94' title="bbox 779 4647 2359 4715; baseline -0.001 -12"><span class='ocrx_word' id='word_1_660' title='bbox 779 4650 929 4707; x_wconf 85' lang='lat' dir='ltr'><strong>salus</strong></span> <span class='ocrx_word' id='word_1_661' title='bbox 989 4649 1271 4703; x_wconf 90' lang='lat' dir='ltr'><strong>hominum</strong></span> <span class='ocrx_word' id='word_1_662' title='bbox 1328 4655 1556 4701; x_wconf 90' lang='lat' dir='ltr'><strong>mortem</strong></span> <span class='ocrx_word' id='word_1_663' title='bbox 1616 4647 1948 4715; x_wconf 84' lang='lat' dir='ltr'><strong>postulabat,</strong></span> <span class='ocrx_word' id='word_1_664' title='bbox 1999 4647 2128 4700; x_wconf 91' lang='lat' dir='ltr'><strong>hinc</strong></span> <span class='ocrx_word' id='word_1_665' title='bbox 2157 4647 2359 4703; x_wconf 87' lang='lat' dir='ltr'><strong>docens</strong></span> 
     </span>
    </p>
   </div>
   <div class='ocr_carea' id='block_1_95' title="bbox 777 4737 2360 4812">
    <p class='ocr_par' dir='ltr' id='par_1_95' title="bbox 777 4737 2360 4812">
     <span class='ocr_line' id='line_1_95' title="bbox 777 4737 2360 4812; baseline -0.001 -19"><span class='ocrx_word' id='word_1_666' title='bbox 777 4750 1032 4812; x_wconf 90' lang='lat' dir='ltr'><strong>oportere</strong></span> <span class='ocrx_word' id='word_1_667' title='bbox 1077 4738 1458 4809; x_wconf 87' lang='lat' dir='ltr'><strong>philosophum</strong></span> <span class='ocrx_word' id='word_1_668' title='bbox 1528 4745 1672 4789; x_wconf 85' lang='lat' dir='ltr'><strong>recte</strong></span> <span class='ocrx_word' id='word_1_669' title='bbox 1730 4737 2016 4804; x_wconf 85' lang='lat' dir='ltr'><strong>eligentem</strong></span> <span class='ocrx_word' id='word_1_670' title='bbox 2072 4738 2360 4805; x_wconf 88' lang='lat' dir='ltr'><strong>repudiare</strong></span> 
     </span>
    </p>
   </div>
   <div class='ocr_carea' id='block_1_96' title="bbox 778 4828 2364 4902">
    <p class='ocr_par' dir='ltr' id='par_1_96' title="bbox 778 4828 2364 4902">
     <span class='ocr_line' id='line_1_96' title="bbox 778 4828 2364 4902; baseline 0.001 -18"><span class='ocrx_word' id='word_1_671' title='bbox 778 4833 1000 4902; x_wconf 83' lang='lat' dir='ltr'><strong>quidem</strong></span> <span class='ocrx_word' id='word_1_672' title='bbox 1042 4846 1378 4900; x_wconf 67' lang='lat' dir='ltr'><strong>quaecunque</strong></span> <span class='ocrx_word' id='word_1_673' title='bbox 1409 4830 1462 4884; x_wconf 88' lang='lat' dir='ltr'><strong>in</strong></span> <span class='ocrx_word' id='word_1_674' title='bbox 1511 4829 1616 4882; x_wconf 89' lang='lat' dir='ltr'><strong>vita</strong></span> <span class='ocrx_word' id='word_1_675' title='bbox 1643 4828 1882 4898; x_wconf 88' lang='lat' dir='ltr'><strong>jucunda</strong></span> <span class='ocrx_word' id='word_1_676' title='bbox 1908 4838 2056 4894; x_wconf 87' lang='lat' dir='ltr'><strong>sunt,</strong></span> <span class='ocrx_word' id='word_1_677' title='bbox 2087 4831 2364 4886; x_wconf 85' lang='lat' dir='ltr'><strong>laboribus</strong></span> 
     </span>
    </p>
   </div>
   <div class='ocr_carea' id='block_1_97' title="bbox 777 4921 2360 4993">
    <p class='ocr_par' dir='ltr' id='par_1_97' title="bbox 777 4921 2360 4993">
     <span class='ocr_line' id='line_1_97' title="bbox 777 4921 2360 4993; baseline -0.001 -14"><span class='ocrx_word' id='word_1_678' title='bbox 777 4935 959 4981; x_wconf 89' lang='lat' dir='ltr'><strong>autem</strong></span> <span class='ocrx_word' id='word_1_679' title='bbox 988 4933 1042 4980; x_wconf 90' lang='lat' dir='ltr'><strong>et</strong></span> <span class='ocrx_word' id='word_1_680' title='bbox 1060 4925 1344 4978; x_wconf 82' lang='lat' dir='ltr'><strong>aﬂectibus</strong></span> <span class='ocrx_word' id='word_1_681' title='bbox 1368 4923 1659 4993; x_wconf 69' lang='lat' dir='ltr'><strong>prmvalere</strong></span> <span class='ocrx_word' id='word_1_682' title='bbox 1689 4921 1922 4986; x_wconf 77' lang='lat' dir='ltr'><strong>fortiter,</strong></span> <span class='ocrx_word' id='word_1_683' title='bbox 1943 4938 2141 4992; x_wconf 88' lang='lat' dir='ltr'><strong>corpus</strong></span> <span class='ocrx_word' id='word_1_684' title='bbox 2175 4923 2360 4992; x_wconf 86' lang='lat' dir='ltr'><strong>despi-</strong></span> 
     </span>
    </p>
   </div>
   <div class='ocr_carea' id='block_1_98' title="bbox 777 5014 2359 5084">
    <p class='ocr_par' dir='ltr' id='par_1_98' title="bbox 777 5014 2359 5084">
     <span class='ocr_line' id='line_1_98' title="bbox 777 5014 2359 5084; baseline -0.004 -13"><span class='ocrx_word' id='word_1_685' title='bbox 777 5021 1036 5080; x_wconf 70' lang='lat' dir='ltr'><strong>cientem,</strong></span> <span class='ocrx_word' id='word_1_686' title='bbox 1097 5024 1151 5071; x_wconf 91' lang='lat' dir='ltr'><strong>et</strong></span> <span class='ocrx_word' id='word_1_687' title='bbox 1181 5031 1248 5070; x_wconf 91' lang='lat' dir='ltr'><strong>ne</strong></span> <span class='ocrx_word' id='word_1_688' title='bbox 1291 5016 1526 5069; x_wconf 90' lang='lat' dir='ltr'><strong>animam</strong></span> <span class='ocrx_word' id='word_1_689' title='bbox 1566 5015 1785 5084; x_wconf 89' lang='lat' dir='ltr'><strong>quidem</strong></span> <span class='ocrx_word' id='word_1_690' title='bbox 1837 5014 2038 5068; x_wconf 88' lang='lat' dir='ltr'><strong>habere</strong></span> <span class='ocrx_word' id='word_1_691' title='bbox 2077 5015 2128 5067; x_wconf 91' lang='lat' dir='ltr'><strong>in</strong></span> <span class='ocrx_word' id='word_1_692' title='bbox 2160 5015 2359 5083; x_wconf 83' lang='lat' dir='ltr'><strong>pretio,</strong></span> 
     </span>
    </p>
   </div>
   <div class='ocr_carea' id='block_1_99' title="bbox 779 5104 2360 5175">
    <p class='ocr_par' dir='ltr' id='par_1_99' title="bbox 779 5104 2360 5175">
     <span class='ocr_line' id='line_1_99' title="bbox 779 5104 2360 5175; baseline -0.002 -14"><span class='ocrx_word' id='word_1_693' title='bbox 779 5109 958 5162; x_wconf 88' lang='lat' dir='ltr'><strong>sedet</strong></span> <span class='ocrx_word' id='word_1_694' title='bbox 993 5109 1162 5175; x_wconf 87' lang='lat' dir='ltr'><strong>ipsam</strong></span> <span class='ocrx_word' id='word_1_695' title='bbox 1224 5105 1390 5159; x_wconf 87' lang='lat' dir='ltr'><strong>alacri</strong></span> <span class='ocrx_word' id='word_1_696' title='bbox 1454 5104 1638 5158; x_wconf 82' lang='lat' dir='ltr'><strong>animo</strong></span> <span class='ocrx_word' id='word_1_697' title='bbox 1698 5104 2047 5172; x_wconf 80' lang='lat' dir='ltr'><strong>profundere,</strong></span> <span class='ocrx_word' id='word_1_698' title='bbox 2113 5121 2239 5158; x_wconf 90' lang='lat' dir='ltr'><strong>cum</strong></span> <span class='ocrx_word' id='word_1_699' title='bbox 2291 5106 2360 5158; x_wconf 81' lang='lat' dir='ltr'><strong>ad</strong></span> 
     </span>
    </p>
   </div>
   <div class='ocr_carea' id='block_1_100' title="bbox 772 5195 2363 5266">
    <p class='ocr_par' dir='ltr' id='par_1_100' title="bbox 772 5195 2363 5266">
     <span class='ocr_line' id='line_1_100' title="bbox 772 5195 2363 5266; baseline -0.002 -12"><span class='ocrx_word' id='word_1_700' title='bbox 772 5199 1167 5254; x_wconf 86' lang='lat' dir='ltr'><strong>ostendendam</strong></span> <span class='ocrx_word' id='word_1_701' title='bbox 1195 5197 1447 5251; x_wconf 88' lang='lat' dir='ltr'><strong>virtutem</strong></span> <span class='ocrx_word' id='word_1_702' title='bbox 1495 5197 1640 5249; x_wconf 87' lang='lat' dir='ltr'><strong>illam</strong></span> <span class='ocrx_word' id='word_1_703' title='bbox 1671 5197 1938 5266; x_wconf 88' lang='lat' dir='ltr'><strong>deponere</strong></span> <span class='ocrx_word' id='word_1_704' title='bbox 1997 5206 2230 5264; x_wconf 88' lang='lat' dir='ltr'><strong>oportet.</strong></span> <span class='ocrx_word' id='word_1_705' title='bbox 2298 5195 2363 5251; x_wconf 84' lang='lat' dir='ltr'><strong>Et</strong></span> 
     </span>
    </p>
   </div>
   <div class='ocr_carea' id='block_1_101' title="bbox 775 5285 2358 5358">
    <p class='ocr_par' dir='ltr' id='par_1_101' title="bbox 775 5285 2358 5358">
     <span class='ocr_line' id='line_1_101' title="bbox 775 5285 2358 5358; baseline -0.001 -14"><span class='ocrx_word' id='word_1_706' title='bbox 775 5292 916 5345; x_wconf 88' lang='lat' dir='ltr'><strong>hanc</strong></span> <span class='ocrx_word' id='word_1_707' title='bbox 946 5297 1221 5358; x_wconf 86' lang='lat' dir='ltr'><strong>acceptam</strong></span> <span class='ocrx_word' id='word_1_708' title='bbox 1255 5288 1481 5358; x_wconf 90' lang='lat' dir='ltr'><strong>apostoli</strong></span> <span class='ocrx_word' id='word_1_709' title='bbox 1537 5287 1656 5355; x_wconf 91' lang='lat' dir='ltr'><strong>ejus</strong></span> <span class='ocrx_word' id='word_1_710' title='bbox 1706 5295 1753 5339; x_wconf 88' lang='lat' dir='ltr'><strong>et</strong></span> <span class='ocrx_word' id='word_1_711' title='bbox 1790 5285 2038 5356; x_wconf 82' lang='lat' dir='ltr'><strong>discipuli</strong></span> <span class='ocrx_word' id='word_1_712' title='bbox 2090 5301 2213 5341; x_wconf 91' lang='lat' dir='ltr'><strong>vere</strong></span> <span class='ocrx_word' id='word_1_713' title='bbox 2236 5286 2358 5342; x_wconf 67' lang='lat' dir='ltr'><strong>vita:</strong></span> 
     </span>
    </p>
   </div>
   <div class='ocr_carea' id='block_1_102' title="bbox 777 5377 2352 5446">
    <p class='ocr_par' dir='ltr' id='par_1_102' title="bbox 777 5377 2352 5446">
     <span class='ocr_line' id='line_1_102' title="bbox 777 5377 2352 5446; baseline -0.001 -10"><span class='ocrx_word' id='word_1_714' title='bbox 777 5397 1027 5436; x_wconf 87' lang='lat' dir='ltr'><strong>normam</strong></span> <span class='ocrx_word' id='word_1_715' title='bbox 1062 5381 1257 5435; x_wconf 82' lang='lat' dir='ltr'><strong>imitati</strong></span> <span class='ocrx_word' id='word_1_716' title='bbox 1292 5388 1435 5434; x_wconf 92' lang='lat' dir='ltr'><strong>sunt.</strong></span> <span class='ocrx_word' id='word_1_717' title='bbox 1474 5377 1650 5433; x_wconf 89' lang='lat' dir='ltr'><strong>Simul</strong></span> <span class='ocrx_word' id='word_1_718' title='bbox 1691 5395 1754 5432; x_wconf 85' lang='lat' dir='ltr'><strong>ac</strong></span> <span class='ocrx_word' id='word_1_719' title='bbox 1781 5380 1924 5432; x_wconf 87' lang='lat' dir='ltr'><strong>enim</strong></span> <span class='ocrx_word' id='word_1_720' title='bbox 1966 5380 2143 5433; x_wconf 86' lang='lat' dir='ltr'><strong>vocati</strong></span> <span class='ocrx_word' id='word_1_721' title='bbox 2200 5389 2352 5446; x_wconf 87' lang='lat' dir='ltr'><strong>sunt,</strong></span> 
     </span>
    </p>
   </div>
   <div class='ocr_carea' id='block_1_103' title="bbox 777 5471 2354 5542">
    <p class='ocr_par' dir='ltr' id='par_1_103' title="bbox 777 5471 2354 5542">
     <span class='ocr_line' id='line_1_103' title="bbox 777 5471 2354 5542; baseline -0.001 -14"><span class='ocrx_word' id='word_1_722' title='bbox 777 5475 1152 5529; x_wconf 83' lang='lat' dir='ltr'><strong>renuntiantes</strong></span> <span class='ocrx_word' id='word_1_723' title='bbox 1209 5473 1424 5542; x_wconf 90' lang='lat' dir='ltr'><strong>quidem</strong></span> <span class='ocrx_word' id='word_1_724' title='bbox 1459 5471 1601 5538; x_wconf 66' lang='lat' dir='ltr'><strong>vitae,</strong></span> <span class='ocrx_word' id='word_1_725' title='bbox 1638 5481 1692 5525; x_wconf 88' lang='lat' dir='ltr'><strong>et</strong></span> <span class='ocrx_word' id='word_1_726' title='bbox 1726 5472 2059 5542; x_wconf 77' lang='lat' dir='ltr'><strong>negligentes</strong></span> <span class='ocrx_word' id='word_1_727' title='bbox 2095 5475 2354 5542; x_wconf 85' lang='lat' dir='ltr'><strong>patriam,</strong></span> 
     </span>
    </p>
   </div>
   <div class='ocr_carea' id='block_1_104' title="bbox 777 5565 2352 5636">
    <p class='ocr_par' dir='ltr' id='par_1_104' title="bbox 777 5565 2352 5636">
     <span class='ocr_line' id='line_1_104' title="bbox 777 5565 2352 5636; baseline 0 -15"><span class='ocrx_word' id='word_1_728' title='bbox 777 5578 832 5621; x_wconf 83' lang='lat' dir='ltr'><strong>ct</strong></span> <span class='ocrx_word' id='word_1_729' title='bbox 883 5583 1080 5636; x_wconf 77' lang='lat' dir='ltr'><strong>genus,</strong></span> <span class='ocrx_word' id='word_1_730' title='bbox 1134 5578 1185 5621; x_wconf 91' lang='lat' dir='ltr'><strong>ct</strong></span> <span class='ocrx_word' id='word_1_731' title='bbox 1232 5565 1535 5627; x_wconf 77' lang='lat' dir='ltr'><strong>facultates,</strong></span> <span class='ocrx_word' id='word_1_732' title='bbox 1596 5565 1662 5618; x_wconf 90' lang='lat' dir='ltr'><strong>ad</strong></span> <span class='ocrx_word' id='word_1_733' title='bbox 1695 5565 1887 5618; x_wconf 89' lang='lat' dir='ltr'><strong>duram</strong></span> <span class='ocrx_word' id='word_1_734' title='bbox 1940 5575 1994 5620; x_wconf 91' lang='lat' dir='ltr'><strong>et</strong></span> <span class='ocrx_word' id='word_1_735' title='bbox 2023 5565 2352 5621; x_wconf 82' lang='lat' dir='ltr'><strong>laboriosam</strong></span> 
     </span>
    </p>
   </div>
   <div class='ocr_carea' id='block_1_105' title="bbox 780 5657 2352 5728">
    <p class='ocr_par' dir='ltr' id='par_1_105' title="bbox 780 5657 2352 5728">
     <span class='ocr_line' id='line_1_105' title="bbox 780 5657 2352 5728; baseline 0.004 -20"><span class='ocrx_word' id='word_1_736' title='bbox 780 5673 940 5712; x_wconf 70' lang='lat' dir='ltr'><strong>vitam</strong></span> <span class='ocrx_word' id='word_1_737' title='bbox 975 5660 1330 5724; x_wconf 87' lang='lat' dir='ltr'><strong>transierunt,</strong></span> <span class='ocrx_word' id='word_1_738' title='bbox 1385 5673 1478 5728; x_wconf 79' lang='lat' dir='ltr'><strong>per</strong></span> <span class='ocrx_word' id='word_1_739' title='bbox 1513 5673 1703 5712; x_wconf 83' lang='lat' dir='ltr'><strong>omnes</strong></span> <span class='ocrx_word' id='word_1_740' title='bbox 1731 5657 2046 5713; x_wconf 87' lang='lat' dir='ltr'><strong>incedentes</strong></span> <span class='ocrx_word' id='word_1_741' title='bbox 2074 5659 2352 5716; x_wconf 85' lang='lat' dir='ltr'><strong>molestias</strong></span> 
     </span>
    </p>
   </div>
   <div class='ocr_carea' id='block_1_106' title="bbox 2460 4641 4042 4712">
    <p class='ocr_par' dir='ltr' id='par_1_106' title="bbox 2460 4641 4042 4712">
     <span class='ocr_line' id='line_1_106' title="bbox 2460 4641 4042 4712; baseline -0.008 -11"><span class='ocrx_word' id='word_1_742' title='bbox 2460 4648 2571 4701; x_wconf 82' lang='grc' dir='ltr'><strong>τῶν</strong></span> <span class='ocrx_word' id='word_1_743' title='bbox 2604 4643 2796 4699; x_wconf 86' lang='grc' dir='ltr'>παθῶν</span> <span class='ocrx_word' id='word_1_744' title='bbox 2816 4643 2910 4698; x_wconf 86' lang='grc' dir='ltr'>τοῦ</span> <span class='ocrx_word' id='word_1_745' title='bbox 2948 4642 3200 4712; x_wconf 85' lang='grc' dir='ltr'>σώματος</span> <span class='ocrx_word' id='word_1_746' title='bbox 3225 4658 3240 4672; x_wconf 78' lang='grc'><strong><em>⁸</em></strong></span> <span class='ocrx_word' id='word_1_747' title='bbox 3271 4641 3502 4711; x_wconf 81' lang='grc' dir='ltr'>ἔσχατον</span> <span class='ocrx_word' id='word_1_748' title='bbox 3522 4641 3580 4694; x_wconf 76' lang='grc' dir='ltr'>δὲ</span> <span class='ocrx_word' id='word_1_749' title='bbox 3609 4643 3706 4694; x_wconf 75' lang='grc' dir='ltr'>καὶ</span> <span class='ocrx_word' id='word_1_750' title='bbox 3739 4643 3910 4712; x_wconf 81' lang='grc' dir='ltr'>αὐτῆς</span> <span class='ocrx_word' id='word_1_751' title='bbox 3942 4660 4042 4696; x_wconf 81' lang='grc' dir='ltr'>κα-</span> 
     </span>
    </p>
   </div>
   <div class='ocr_carea' id='block_1_107' title="bbox 2463 4733 4040 4808">
    <p class='ocr_par' dir='ltr' id='par_1_107' title="bbox 2463 4733 4040 4808">
     <span class='ocr_line' id='line_1_107' title="bbox 2463 4733 4040 4808; baseline -0.003 -17"><span class='ocrx_word' id='word_1_752' title='bbox 2463 4739 2816 4808; x_wconf 79' lang='grc' dir='ltr'>ταφρονήσας</span> <span class='ocrx_word' id='word_1_753' title='bbox 2847 4735 2915 4801; x_wconf 82' lang='grc'><strong>⁸⁵,</strong></span> <span class='ocrx_word' id='word_1_754' title='bbox 2941 4737 3030 4788; x_wconf 84' lang='grc' dir='ltr'>ὅτε</span> <span class='ocrx_word' id='word_1_755' title='bbox 3051 4737 3084 4805; x_wconf 72' lang='grc' dir='ltr'><strong>ἡ</strong></span> <span class='ocrx_word' id='word_1_756' title='bbox 3113 4735 3247 4804; x_wconf 86' lang='grc' dir='ltr'>παρ’</span> <span class='ocrx_word' id='word_1_757' title='bbox 3276 4733 3443 4786; x_wconf 80' lang='grc' dir='ltr'>αὐτοῦ</span> <span class='ocrx_word' id='word_1_758' title='bbox 3465 4733 3899 4804; x_wconf 80' lang='grc' dir='ltr'>οίκονομουμένη</span> <span class='ocrx_word' id='word_1_759' title='bbox 3935 4750 4040 4786; x_wconf 86' lang='grc' dir='ltr'>σω-</span> 
     </span>
    </p>
   </div>
   <div class='ocr_carea' id='block_1_108' title="bbox 2464 4826 4042 4901">
    <p class='ocr_par' dir='ltr' id='par_1_108' title="bbox 2464 4826 4042 4901">
     <span class='ocr_line' id='line_1_108' title="bbox 2464 4826 4042 4901; baseline -0.001 -20"><span class='ocrx_word' id='word_1_760' title='bbox 2464 4831 2634 4901; x_wconf 85' lang='grc' dir='ltr'>τηρία</span> <span class='ocrx_word' id='word_1_761' title='bbox 2659 4829 2772 4882; x_wconf 87' lang='grc' dir='ltr'><strong>τῶν</strong></span> <span class='ocrx_word' id='word_1_762' title='bbox 2797 4826 3103 4899; x_wconf 87' lang='grc' dir='ltr'>ἀνθρώπων</span> <span class='ocrx_word' id='word_1_763' title='bbox 3121 4827 3319 4898; x_wconf 87' lang='grc' dir='ltr'>ἀπῄτει</span> <span class='ocrx_word' id='word_1_764' title='bbox 3347 4826 3602 4889; x_wconf 86' lang='grc' dir='ltr'>θάνατον,</span> <span class='ocrx_word' id='word_1_765' title='bbox 3655 4826 3924 4880; x_wconf 80' lang='grc' dir='ltr'>διδάσκων</span> <span class='ocrx_word' id='word_1_766' title='bbox 3952 4826 4042 4879; x_wconf 71' lang='grc' dir='ltr'>διὰ</span> 
     </span>
    </p>
   </div>
   <div class='ocr_carea' id='block_1_109' title="bbox 2461 4916 4041 4988">
    <p class='ocr_par' dir='ltr' id='par_1_109' title="bbox 2461 4916 4041 4988">
     <span class='ocr_line' id='line_1_109' title="bbox 2461 4916 4041 4988; baseline -0.004 -13"><span class='ocrx_word' id='word_1_767' title='bbox 2461 4922 2678 4985; x_wconf 86' lang='grc' dir='ltr'>τούτου,</span> <span class='ocrx_word' id='word_1_768' title='bbox 2710 4920 2793 4973; x_wconf 83' lang='grc' dir='ltr'>ὅτι</span> <span class='ocrx_word' id='word_1_769' title='bbox 2823 4919 2905 4973; x_wconf 88' lang='grc' dir='ltr'><strong>δεῖ</strong></span> <span class='ocrx_word' id='word_1_770' title='bbox 2924 4921 3017 4972; x_wconf 76' lang='grc' dir='ltr'>τὸν</span> <span class='ocrx_word' id='word_1_771' title='bbox 3049 4918 3342 4988; x_wconf 72' lang='grc' dir='ltr'>φιλόσοφον</span> <span class='ocrx_word' id='word_1_772' title='bbox 3377 4917 3554 4988; x_wconf 81' lang='grc' dir='ltr'>ὀρθῶς</span> <span class='ocrx_word' id='word_1_773' title='bbox 3602 4916 4041 4987; x_wconf 84' lang='grc' dir='ltr'>προαιρούμενον</span> 
     </span>
    </p>
   </div>
   <div class='ocr_carea' id='block_1_110' title="bbox 2461 5009 4040 5086">
    <p class='ocr_par' dir='ltr' id='par_1_110' title="bbox 2461 5009 4040 5086">
     <span class='ocr_line' id='line_1_110' title="bbox 2461 5009 4040 5086; baseline -0.004 -17"><span class='ocrx_word' id='word_1_774' title='bbox 2461 5011 2812 5086; x_wconf 75' lang='grc' dir='ltr'>ἀρνήσασθαι</span> <span class='ocrx_word' id='word_1_775' title='bbox 2861 5011 2965 5082; x_wconf 80' lang='grc' dir='ltr'>μὲν</span> <span class='ocrx_word' id='word_1_776' title='bbox 2991 5012 3060 5065; x_wconf 88' lang='grc' dir='ltr'><strong>τά</strong></span> <span class='ocrx_word' id='word_1_777' title='bbox 3088 5011 3226 5080; x_wconf 73' lang='grc' dir='ltr'>ἡδέα</span> <span class='ocrx_word' id='word_1_778' title='bbox 3249 5011 3432 5063; x_wconf 86' lang='grc' dir='ltr'>πάντα</span> <span class='ocrx_word' id='word_1_779' title='bbox 3479 5009 3575 5062; x_wconf 81' lang='grc' dir='ltr'><strong>τοῦ</strong></span> <span class='ocrx_word' id='word_1_780' title='bbox 3605 5009 3747 5079; x_wconf 82' lang='grc' dir='ltr'>βίου,</span> <span class='ocrx_word' id='word_1_781' title='bbox 3779 5009 3960 5062; x_wconf 86' lang='grc' dir='ltr'>πόνων</span> <span class='ocrx_word' id='word_1_782' title='bbox 3985 5010 4040 5063; x_wconf 79' lang='grc' dir='ltr'>δὲ</span> 
     </span>
    </p>
   </div>
   <div class='ocr_carea' id='block_1_111' title="bbox 2462 5104 4040 5176">
    <p class='ocr_par' dir='ltr' id='par_1_111' title="bbox 2462 5104 4040 5176">
     <span class='ocr_line' id='line_1_111' title="bbox 2462 5104 4040 5176; baseline -0.003 -16"><span class='ocrx_word' id='word_1_783' title='bbox 2462 5107 2556 5160; x_wconf 77' lang='grc' dir='ltr'>καὶ</span> <span class='ocrx_word' id='word_1_784' title='bbox 2586 5105 2779 5160; x_wconf 86' lang='grc' dir='ltr'>παθῶν</span> <span class='ocrx_word' id='word_1_785' title='bbox 2803 5104 2865 5158; x_wconf 77' lang='grc' dir='ltr'>εὖ</span> <span class='ocrx_word' id='word_1_786' title='bbox 2905 5105 3051 5176; x_wconf 79' lang='grc' dir='ltr'>μάλα</span> <span class='ocrx_word' id='word_1_787' title='bbox 3077 5106 3419 5174; x_wconf 82' lang='grc' dir='ltr'>ἐπικρατεῖν,</span> <span class='ocrx_word' id='word_1_788' title='bbox 3459 5104 3915 5173; x_wconf 81' lang='grc' dir='ltr'>καταφρονοῦντα</span> <span class='ocrx_word' id='word_1_789' title='bbox 3946 5104 4040 5156; x_wconf 81' lang='grc' dir='ltr'><strong>τοῦ</strong></span> 
     </span>
    </p>
   </div>
   <div class='ocr_carea' id='block_1_112' title="bbox 2462 5196 4041 5272">
    <p class='ocr_par' dir='ltr' id='par_1_112' title="bbox 2462 5196 4041 5272">
     <span class='ocr_line' id='line_1_112' title="bbox 2462 5196 4041 5272; baseline -0.002 -18"><span class='ocrx_word' id='word_1_790' title='bbox 2462 5201 2736 5272; x_wconf 82' lang='grc' dir='ltr'>σώματος,</span> <span class='ocrx_word' id='word_1_791' title='bbox 2795 5199 2943 5269; x_wconf 79' lang='grc' dir='ltr'>ἔχειν</span> <span class='ocrx_word' id='word_1_792' title='bbox 2973 5199 3032 5252; x_wconf 76' lang='grc' dir='ltr'>δὲ</span> <span class='ocrx_word' id='word_1_793' title='bbox 3091 5198 3234 5269; x_wconf 84' lang='grc' dir='ltr'>μηδὲ</span> <span class='ocrx_word' id='word_1_794' title='bbox 3290 5199 3393 5268; x_wconf 80' lang='grc' dir='ltr'>τὴν</span> <span class='ocrx_word' id='word_1_795' title='bbox 3437 5197 3617 5267; x_wconf 76' lang='grc' dir='ltr'>ψυχὴν</span> <span class='ocrx_word' id='word_1_796' title='bbox 3665 5198 3879 5265; x_wconf 85' lang='grc' dir='ltr'>τιμίαν,</span> <span class='ocrx_word' id='word_1_797' title='bbox 3904 5196 4041 5251; x_wconf 74' lang='grc' dir='ltr'>ἀλλὰ</span> 
     </span>
    </p>
   </div>
   <div class='ocr_carea' id='block_1_113' title="bbox 2463 5288 4040 5362">
    <p class='ocr_par' dir='ltr' id='par_1_113' title="bbox 2463 5288 4040 5362">
     <span class='ocr_line' id='line_1_113' title="bbox 2463 5288 4040 5362; baseline -0.003 -17"><span class='ocrx_word' id='word_1_798' title='bbox 2463 5293 2558 5345; x_wconf 80' lang='grc' dir='ltr'>καὶ</span> <span class='ocrx_word' id='word_1_799' title='bbox 2581 5291 2788 5362; x_wconf 87' lang='grc' dir='ltr'>ταύτην</span> <span class='ocrx_word' id='word_1_800' title='bbox 2810 5290 3107 5360; x_wconf 84' lang='grc' dir='ltr'>προθύμως</span> <span class='ocrx_word' id='word_1_801' title='bbox 3128 5290 3417 5357; x_wconf 87' lang='grc' dir='ltr'>προέσθαι,</span> <span class='ocrx_word' id='word_1_802' title='bbox 3443 5289 3572 5342; x_wconf 85' lang='grc' dir='ltr'>ὅταν</span> <span class='ocrx_word' id='word_1_803' title='bbox 3594 5288 3661 5340; x_wconf 79' lang='grc' dir='ltr'>δι’</span> <span class='ocrx_word' id='word_1_804' title='bbox 3680 5289 3879 5358; x_wconf 76' lang='grc' dir='ltr'>ἀρετῆς</span> <span class='ocrx_word' id='word_1_805' title='bbox 3904 5289 4040 5341; x_wconf 70' lang='grc' dir='ltr'>ἀπόο</span> 
     </span>
    </p>
   </div>
   <div class='ocr_carea' id='block_1_114' title="bbox 2459 5379 4039 5452">
    <p class='ocr_par' dir='ltr' id='par_1_114' title="bbox 2459 5379 4039 5452">
     <span class='ocr_line' id='line_1_114' title="bbox 2459 5379 4039 5452; baseline -0.003 -15"><span class='ocrx_word' id='word_1_806' title='bbox 2459 5383 2629 5448; x_wconf 88' lang='grc' dir='ltr'>δειξιν</span> <span class='ocrx_word' id='word_1_807' title='bbox 2659 5383 2962 5437; x_wconf 81' lang='grc' dir='ltr'>ἀποθέσθαι</span> <span class='ocrx_word' id='word_1_808' title='bbox 2989 5381 3155 5452; x_wconf 77' lang='lat'><strong>256</strong></span> <span class='ocrx_word' id='word_1_809' title='bbox 3178 5382 3310 5437; x_wconf 81' lang='grc' dir='ltr'>δέοι.</span> <span class='ocrx_word' id='word_1_810' title='bbox 3362 5381 3472 5436; x_wconf 70' lang='grc' dir='ltr'><strong>Καὶ</strong></span> <span class='ocrx_word' id='word_1_811' title='bbox 3521 5379 3729 5449; x_wconf 83' lang='grc' dir='ltr'>ταύτην</span> <span class='ocrx_word' id='word_1_812' title='bbox 3787 5381 4039 5450; x_wconf 83' lang='grc' dir='ltr'>παραλα-</span> 
     </span>
    </p>
   </div>
   <div class='ocr_carea' id='block_1_115' title="bbox 2463 5473 4041 5546">
    <p class='ocr_par' dir='ltr' id='par_1_115' title="bbox 2463 5473 4041 5546">
     <span class='ocr_line' id='line_1_115' title="bbox 2463 5473 4041 5546; baseline -0.004 -16"><span class='ocrx_word' id='word_1_813' title='bbox 2463 5477 2652 5540; x_wconf 78' lang='grc' dir='ltr'>ϐόντες</span> <span class='ocrx_word' id='word_1_814' title='bbox 2677 5479 2728 5529; x_wconf 80' lang='grc' dir='ltr'>οἱ</span> <span class='ocrx_word' id='word_1_815' title='bbox 2750 5476 3039 5530; x_wconf 84' lang='grc' dir='ltr'>ἀπόστολοι</span> <span class='ocrx_word' id='word_1_816' title='bbox 3065 5476 3231 5529; x_wconf 79' lang='grc' dir='ltr'>αὑτοῦ</span> <span class='ocrx_word' id='word_1_817' title='bbox 3258 5477 3352 5529; x_wconf 78' lang='grc' dir='ltr'>καὶ</span> <span class='ocrx_word' id='word_1_818' title='bbox 3388 5476 3629 5546; x_wconf 82' lang='grc' dir='ltr'>μαθηταὶ</span> <span class='ocrx_word' id='word_1_819' title='bbox 3654 5473 3893 5544; x_wconf 83' lang='grc' dir='ltr'>γνησίως</span> <span class='ocrx_word' id='word_1_820' title='bbox 3941 5474 4041 5543; x_wconf 82' lang='grc' dir='ltr'>τὴν</span> 
     </span>
    </p>
   </div>
   <div class='ocr_carea' id='block_1_116' title="bbox 2458 5566 4039 5640">
    <p class='ocr_par' dir='ltr' id='par_1_116' title="bbox 2458 5566 4039 5640">
     <span class='ocr_line' id='line_1_116' title="bbox 2458 5566 4039 5640; baseline -0.004 -18"><span class='ocrx_word' id='word_1_821' title='bbox 2458 5570 2738 5639; x_wconf 78' lang='grc' dir='ltr'>διαγωγὴν</span> <span class='ocrx_word' id='word_1_822' title='bbox 2777 5570 3120 5640; x_wconf 79' lang='grc' dir='ltr'>ἐμιμήσαντο</span> <span class='ocrx_word' id='word_1_823' title='bbox 3145 5585 3159 5599; x_wconf 90' lang='grc'><strong>·</strong></span> <span class='ocrx_word' id='word_1_824' title='bbox 3203 5569 3320 5637; x_wconf 75' lang='grc' dir='ltr'>ἅμα</span> <span class='ocrx_word' id='word_1_825' title='bbox 3353 5568 3462 5637; x_wconf 85' lang='grc' dir='ltr'><strong>γάρ</strong></span> <span class='ocrx_word' id='word_1_826' title='bbox 3499 5568 3578 5635; x_wconf 82' lang='grc' dir='ltr'>τῷ</span> <span class='ocrx_word' id='word_1_827' title='bbox 3605 5566 3872 5637; x_wconf 73' lang='grc' dir='ltr'>κληθῆναι</span> <span class='ocrx_word' id='word_1_828' title='bbox 3901 5566 4039 5617; x_wconf 76' lang='grc' dir='ltr'>ἀποο</span> 
     </span>
    </p>
   </div>
   <div class='ocr_carea' id='block_1_117' title="bbox 2459 5663 4038 5735">
    <p class='ocr_par' dir='ltr' id='par_1_117' title="bbox 2459 5663 4038 5735">
     <span class='ocr_line' id='line_1_117' title="bbox 2459 5663 4038 5735; baseline -0.003 -19"><span class='ocrx_word' id='word_1_829' title='bbox 2459 5665 2757 5735; x_wconf 76' lang='grc' dir='ltr'>ταξάμενοι</span> <span class='ocrx_word' id='word_1_830' title='bbox 2793 5666 2894 5734; x_wconf 82' lang='grc' dir='ltr'>μὲν</span> <span class='ocrx_word' id='word_1_831' title='bbox 2922 5663 3001 5733; x_wconf 82' lang='grc' dir='ltr'><strong>τῷ</strong></span> <span class='ocrx_word' id='word_1_832' title='bbox 3033 5664 3134 5734; x_wconf 81' lang='grc' dir='ltr'>βίῳ</span> <span class='ocrx_word' id='word_1_833' title='bbox 3187 5665 3280 5716; x_wconf 67' lang='grc' dir='ltr'>καὶ</span> <span class='ocrx_word' id='word_1_834' title='bbox 3325 5663 3674 5732; x_wconf 79' lang='grc' dir='ltr'>ὑπεριδόντες</span> <span class='ocrx_word' id='word_1_835' title='bbox 3708 5664 3966 5734; x_wconf 74' lang='grc' dir='ltr'>πατρίδος</span> <span class='ocrx_word' id='word_1_836' title='bbox 3995 5665 4038 5692; x_wconf 71' lang='grc'><strong><em>⁸⁸</em></strong></span> 
     </span>
    </p>
   </div>
   <div class='ocr_carea' id='block_1_118' title="bbox 1958 5753 2774 5823">
    <p class='ocr_par' dir='ltr' id='par_1_118' title="bbox 1958 5753 2774 5823">
     <span class='ocr_line' id='line_1_118' title="bbox 1958 5753 2774 5823; baseline 0.013 -11"><span class='ocrx_word' id='word_1_837' title='bbox 1958 5753 2152 5814; x_wconf 64' lang='lat' dir='ltr'><strong>Variae</strong></span> <span class='ocrx_word' id='word_1_838' title='bbox 2177 5755 2483 5820; x_wconf 85' lang='lat' dir='ltr'><strong>lectiones</strong></span> <span class='ocrx_word' id='word_1_839' title='bbox 2518 5770 2578 5822; x_wconf 88' lang='lat' dir='ltr'><strong>et</strong></span> <span class='ocrx_word' id='word_1_840' title='bbox 2610 5770 2774 5823; x_wconf 66' lang='lat' dir='ltr'><strong>notae</strong></span> 
     </span>
    </p>
   </div>
   <div class='ocr_carea' id='block_1_119' title="bbox 845 5855 1298 5926">
    <p class='ocr_par' dir='ltr' id='par_1_119' title="bbox 845 5855 1298 5926">
     <span class='ocr_line' id='line_1_119' title="bbox 845 5855 1298 5926; baseline -0.002 -18"><span class='ocrx_word' id='word_1_841' title='bbox 845 5855 886 5889; x_wconf 76' lang='lat'>“</span> <span class='ocrx_word' id='word_1_842' title='bbox 916 5856 1004 5925; x_wconf 62' lang='grc' dir='ltr'>ιὴν</span> <span class='ocrx_word' id='word_1_843' title='bbox 1033 5857 1158 5926; x_wconf 62' lang='grc' dir='ltr'>πρός</span> <span class='ocrx_word' id='word_1_844' title='bbox 1182 5855 1298 5910; x_wconf 78' lang='lat' dir='ltr'><strong>cod.</strong></span> 
     </span>
    </p>
   </div>
   <div class='ocr_carea' id='block_1_120' title="bbox 1376 5856 2537 5926">
    <p class='ocr_par' dir='ltr' id='par_1_120' title="bbox 1376 5856 2537 5926">
     <span class='ocr_line' id='line_1_120' title="bbox 1376 5856 2537 5926; baseline 0.032 -20"><span class='ocrx_word' id='word_1_845' title='bbox 1376 5856 1882 5926; x_wconf 61' lang='grc' dir='ltr'><strong>⁸⁷σ.πηρνηίι.ἑν·οῑς⁰</strong></span> <span class='ocrx_word' id='word_1_846' title='bbox 1942 5858 2398 5925; x_wconf 70' lang='grc' dir='ltr'>·”’ἀποσφα)ίοειν</span> <span class='ocrx_word' id='word_1_847' title='bbox 2418 5863 2537 5918; x_wconf 71' lang='grc' dir='ltr'><strong>υυ¹¹·</strong></span> 
     </span>
    </p>
   </div>
   <div class='ocr_carea' id='block_1_121' title="bbox 2604 5860 4040 5933">
    <p class='ocr_par' dir='ltr' id='par_1_121' title="bbox 2604 5860 4040 5933">
     <span class='ocr_line' id='line_1_121' title="bbox 2604 5860 4040 5933; baseline 0.003 -18"><span class='ocrx_word' id='word_1_848' title='bbox 2604 5862 2774 5916; x_wconf 69' lang='grc' dir='ltr'><strong>⁶¹⁴ὀδόν</strong></span> <span class='ocrx_word' id='word_1_849' title='bbox 2796 5866 2816 5914; x_wconf 68' lang='grc'><strong>’3</strong></span> <span class='ocrx_word' id='word_1_850' title='bbox 2871 5865 2912 5894; x_wconf 66' lang='grc'><strong>’³⁸</strong></span> <span class='ocrx_word' id='word_1_851' title='bbox 2936 5864 3028 5933; x_wconf 76' lang='grc' dir='ltr'>τῆς</span> <span class='ocrx_word' id='word_1_852' title='bbox 3055 5862 3193 5933; x_wconf 66' lang='grc' dir='ltr'>ζωῆς</span> <span class='ocrx_word' id='word_1_853' title='bbox 3219 5860 3530 5931; x_wconf 47' lang='lat' dir='ltr'><strong>temtari“?</strong></span> <span class='ocrx_word' id='word_1_854' title='bbox 3586 5861 3878 5931; x_wconf 51' lang='grc' dir='ltr'>*ἥπατρίόα</span> <span class='ocrx_word' id='word_1_855' title='bbox 3914 5863 4040 5919; x_wconf 79' lang='lat' dir='ltr'><strong>(td.</strong></span> 
     </span>
    </p>
   </div>
  </div>
