4244 6444
243 402 350 466 453

1412 394 1870 456 (illiWNlCON.
1913 419 1981 432 —-
2024 396 2166 452 LIB.
2216 395 2325 452 Ill.

3399 393 3502 456 454

243 518 579 584 ἐμπνέοντας
615 516 706 568 καὶ
739 513 1108 584 ἐρριμμένους
1141 511 1228 563 διά
1259 511 1443 577 ξίφους
1475 511 1818 561 ἀπέκτεινον.
1853 515 1896 569 Α

1853 515 1896 569 Α
1929 507 2146 575 quidem
2205 520 2370 575 prope
2414 522 2627 558 murum
2685 508 2945 574 suspendi
2976 508 3163 576 jussit,
3203 509 3336 560 alios
3371 523 3497 559 vero

255 608 315 660 '0
365 607 419 660 δέ
465 608 622 668 Τίτος
676 607 802 674 περὶ
854 604 956 666 τάς
1009 604 1306 670 φάραγγας
1352 600 1490 662 τοὺς,
1531 599 1818 660 Ἰουδαίους

242 697 443 768 ἀγρίαν
483 698 623 751 πόαν
656 699 734 758 είς
765 697 972 767 τροφὴν
1011 693 1370 759 συλλέγοντας
1399 688 1817 759 συλλαϐόμενος,

241 790 369 850 τοὺς
421 790 519 858 μὲν
557 789 783 858 πλησίον
831 787 927 839 τοῦ
967 786 1181 854 τείχους
1239 783 1563 854 ἐκρέμασεν,
1593 782 1718 844 τοὺς
1765 781 1818 832 δὲ

240 883 648 953 χειροκοπήσας
681 884 759 943 είς
789 881 888 950 τὴν
929 880 1087 932 πόλιν
1130 877 1440 938 ἀπέστειλε,
1471 874 1818 945 καταπλῆξαι

237 978 367 1039 τοὺς
407 977 739 1036 στασιαστὰς
793 974 1136 1045 βουλόμενος.
1174 973 1219 1005 ⁸⁸
1249 974 1325 1040 (4)
1364 973 1518 1025 Πᾶσα
1564 972 1619 1025 δὲ
1675 974 1818 1026 οἰκία

239 1071 328 1136 (ἐκ
355 1069 452 1137 τῆς
485 1067 718 1137 ἐνδείας)
751 1066 960 1138 νεκρῶν
1000 1065 1303 1137 ἐπληροῦτο
1326 1065 1369 1096 ⁸⁸
1393 1065 1692 1130 ἁπόζουσα,
1728 1067 1819 1117 καὶ

239 1158 427 1228 λοιμὸς
462 1159 505 1190 "
557 1162 624 1229 τῇ
663 1161 815 1211 πόλει
875 1157 1106 1227 χαλεπὸς
1160 1159 1507 1228 ἐπεκράτησε
1569 1157 1714 1225 (ὅθεν
1770 1159 1818 1208 oi

240 1248 568 1302 στασιασταί⁵
615 1248 715 1318 τὴν
768 1247 1031 1300 δυσωδίαν
1078 1245 1151 1316 μὴ
1198 1247 1477 1317 φέροντες,
1561 1247 1818 1317 ἔρριπτον

237 1341 348 1393 ἀπὸ
371 1340 465 1394 τοῦ
493 1343 708 1412 τείχους
740 1341 938 1400 αὐτοὺς
971 1341 1065 1393 ἐπὶ
1093 1341 1191 1402 τὰς
1232 1339 1544 1408 φάραγγας,
1586 1339 1663 1390 ἔτι
1695 1342 1820 1390 πολ-

237 1433 367 1495 λοὺς
401 1433 582 1486 αὐτῶν
635 1431 996 1502 ἐμπνέοντας)
1035 1431 1191 1499 (77').
1237 1430 1312 1498 (5)
1369 1432 1429 1482 Οί
1460 1432 1638 1484 τοίνυν
1685 1449 1815 1483 στα-

243 1527 464 1577 σιασταὶ
499 1525 603 1576 ὑπὸ
652 1524 812 1593 λιμοῦ
845 1523 1161 1592 πιεζόμενοι
1214 1521 1387 1594 λάθρα
1426 1524 1564 1593 πρὸς
1605 1525 1666 1576 τὸ
1694 1525 1819 1594 ὅρος

238 1616 351 1669 τῶν
391 1615 619 1668 Ἐλαιῶν
656 1615 1005 1686 ἐξώρμησαν,
1036 1614 1128 1678 οὓς
1159 1616 1207 1668 oi
1248 1615 1507 1684 Ῥωμαῖοι
1554 1616 1820 1669 καταδιώ-

240 1707 431 1772 ξαντες
467 1709 546 1770 είς
578 1707 757 1777 φυγὴν
787 1707 1036 1778 ἔτρεψαν.
1089 1708 1356 1777 Ῥωμαῖος
1393 1708 1449 1760 δέ
1485 1725 1566 1770 τις
1591 1708 1700 1759 τῶν
1733 1710 1821 1760 ἱπ-

240 1800 389 1850 πέων
414 1799 440 1850 ό
463 1797 832 1867 δοκιμώτατος
851 1801 978 1860 τοὺς
999 1797 1289 1860 Ἰουδαίους
1313 1795 1655 1865 ὠθουμένους
1679 1797 1818 1849 κατά

238 1890 340 1959 τῆς
369 1890 654 1964 φάραγγος
688 1890 1050 1960 θεασάμενος,
1086 1892 1164 1947 ἐκ,
1188 1890 1421 1959 πλαγίου
1460 1891 1815 1960 παρελαύνων
1851 1869 1890 1924 Β

238 1983 334 2034 τὸν
369 1983 557 2049 ῖττπον,
605 1983 840 2053 ἁρπάζει
894 1983 1018 2036 τινὰ
1051 1983 1290 2048 νεανίαν,
1326 1983 1436 2036 τῶν
1476 1983 1816 2036 στασιαστῶν

241 2077 578 2145 φευγόντων,
625 2077 882 2147 στιϐαρὸν
917 2076 1060 2129 κατὰ
1103 2076 1165 2128 τὸ
1208 2076 1366 2146 σῶμα
1401 2080 1496 2129 καὶ
1535 2077 1818 2145 ὠπλισμέ-

241 2186 354 2233 νον,
389 2169 454 2222 ἐκ
499 2167 593 2221 τοῦ
643 2169 851 2239 σφυροῦ
897 2168 1257 2240 δραξάμενος,
1295 2170 1484 2222 ἐαυτὸν
1530 2169 1818 2234 ἐπικλίνει,

238 2257 336 2311 τοῦ
401 2260 568 2313 ἵππου
636 2261 924 2330 τρέχοντος
982 2259 1079 2313 καὶ
1160 2259 1252 2312 τὸν
1313 2260 1558 2313 Ἰουδαῖον
1587 2261 1821 2328 ἔφιππον

240 2351 404 2422 287
455 2353 884 2416 καταδιώκοντος
910 2371 924 2385 ο
967 2355 1062 2406 καὶ
1097 2352 1351 2406 τοσοῦτον
1390 2354 1486 2422 τῆς
1531 2355 1710 2421 δεξιᾶς
1738 2356 1823 2407 τό·

241 2462 334 2497 νον
375 2447 469 2498 καὶ
499 2446 590 2499 τοῦ
631 2446 820 2499 λοιποῦ
857 2445 1108 2514 σώματος
1149 2447 1576 2516 ἐπιδειξάμενος,
1609 2449 1701 2500 καὶ
1723 2449 1822 2520 τῆς

243 2538 476 2605 ἱππικῆς
518 2538 714 2607 τέχνης
775 2537 874 2607 τὴν
935 2538 1160 2607 ἀρετὴν,
1203 2537 1392 2610 ὥσπερ
1435 2557 1486 2591 τι
1540 2540 1822 2608 κειμήλιον

239 2623 343 2698 ἦκε
394 2628 472 2696 τῷ
519 2629 762 2696 Καίσαρι
811 2628 1054 2697 κομίζων
1097 2628 1189 2680 τὸν
1236 2629 1601 2697 αἰχμάλωτον.
1660 2628 1717 2681 Ὀ
1765 2627 1821 2680 δὲ

239 2720 402 2782 Τίτος
467 2718 903 2790 ὑπερθαυμάσας
947 2719 1137 2772 τούτου
1186 2721 1284 2791 τὴν
1343 2721 1497 2789 ίσχὺν
1566 2722 1660 2772 καὶ
1723 2720 1824 2788 τῆς

237 2812 524 2883 δυνάμεως
568 2814 627 2866 τδ
671 2814 961 2884 ἀήττητον,
993 2812 1186 2884 δώροις
1235 2815 1396 2867 αὑτὸν
1443 2814 1683 2882 άμείόει,
1734 2815 1823 2866 τον

241 2907 301 2958 δέ
353 2905 629 2976 ληφθέντα
677 2907 1007 2977 προσέταξεν
1063 2905 1438 2975 ἀναιρεθῆναι.
1475 2904 1550 2972 (6)
1600 2903 1711 2972 Τῆς
1769 2903 1823 2954 δέ

244 3015 310 3064 γε
345 2999 553 3061 πόλεως
585 2998 689 3051 ὑπὸ
737 2999 1027 3068 Ῥωμαίων
1072 2997 1316 3066 σφοδρῶς
1365 2995 1765 3065 πορθουμένης,
1798 2997 1825 3048 ό

241 3095 402 3164 λιμὸς
445 3097 573 3158 τοὺς
619 3094 760 3149 κατά
812 3095 909 3164 τὴν
967 3093 1123 3146 πόλιν
1179 3091 1401 3153 πλείους
1458 3091 1550 3142 τοῦ
1585 3090 1821 3157 πολέμου

1925 597 2176 651 manibus
2191 597 2421 652 abscisis
2443 598 2495 650 in
2519 597 2704 650 urbem
2725 597 2950 662 dimisit,
2973 611 3027 650 ut
3054 612 3196 652 metu
3217 598 3503 652 SCdiliOSm‘

1925 699 2261 745 concuteret.
2315 688 2503 745 Omnis
2535 704 2696 759 porro
2727 691 2924 743 domus
2958 689 3028 743 ob
3070 692 3304 744 inediam
3337 692 3501 744 cada-

1923 783 2138 836 veribus
2195 781 2390 834 referta
2458 782 2693 850 pessime
2753 780 2970 845 olebat,
3027 793 3079 835 ct
3152 783 3285 836 dura
3336 785 3504 852 pestis

1924 874 2109 928 urbem
2136 874 2364 937 invasit;
2388 874 2648 939 seditiosi,
2669 872 2914 927 fwtorem
2939 890 3045 929 non
3064 875 3454 936 ferentes,illos
3471 893 3501 931 e

1924 981 2082 1019 muro
2111 967 2165 1019 in
2188 965 2386 1026 fossas,
2424 966 2614 1033 spiritu
2651 966 2836 1020 multis
2860 969 3170 1036 superstite,
3195 968 3501 1036 ejiciebant.

1922 1056 2030 1125 Ipsi
2078 1065 2281 1122 autem,
2345 1056 2488 1112 fame
2522 1060 2662 1113 male
2700 1061 2898 1124 vexati,
2954 1061 3091 1114 clam
3151 1063 3215 1115 ad
3263 1074 3499 1116 montem

1922 1147 2196 1203 Olivarum
2231 1163 2633 1216 cucurrerunt,
2682 1163 2735 1206 et
2789 1167 2815 1204 a
2851 1154 3112 1208 Romanis
3173 1170 3503 1224 persequen-

1924 1243 2066 1296 tibus
2091 1241 2142 1295 in
2190 1242 2374 1314 fugam
2401 1245 2540 1298 versi
2565 1256 2712 1298 sunt.
2743 1246 3017 1300 Romanus
3047 1257 3227 1301 autem
3257 1249 3500 1316 quidam,

1923 1335 2061 1388 inter
2107 1338 2314 1404 equites
2357 1339 2797 1407 probatissimus,
2842 1348 2899 1392 ut
2952 1339 3170 1396 .Iudaeos
3234 1341 3284 1394 in
3323 1341 3500 1396 fossas

1925 1429 2224 1498 praecipites
2275 1442 2427 1486 actos
2471 1433 2623 1496 vidit,
2656 1447 2718 1486 ex
2768 1435 2988 1502 obliquo
3034 1437 3244 1504 agitans
3275 1452 3498 1505 equum,

1924 1521 2321 1577 adolescentem
2363 1526 2676 1594 quemdam,
2719 1527 2946 1581 robusto
2980 1543 3208 1596 corpore
3234 1537 3286 1580 et
3317 1543 3494 1580 arma-

1927 1625 2058 1677 tmn,
2097 1616 2373 1669 seditiosis
2436 1617 2787 1686 fugientibus,
2831 1621 3219 1688 apprehendit;
3266 1635 3502 1687 cumth

1925 1707 2175 1759 malleolo
2205 1709 2354 1773 pedis
2388 1722 2508 1760 cum
2543 1717 2769 1772 teneret,
2809 1711 3048 1779 seipsum
3090 1712 3333 1774 inclinat,
3362 1727 3502 1779 equo

1923 1807 2171 1852 Currente
2224 1807 2278 1851 et
2312 1797 2555 1852 Juda'um
2596 1801 2835 1868 equitem
2873 1810 3265 1870 persequente;
3299 1809 3351 1854 et
3381 1817 3499 1853 cum

1924 1897 2128 1940 tantam
2162 1889 2395 1942 dexterte
2429 1891 2739 1944 firmitatem
2772 1903 2824 1946 et
2857 1896 3023 1947 totius
3053 1894 3302 1963 corporis
3331 1893 3495 1946 robur

1924 1981 2251 2035 ostendisset
2277 1989 2329 2034 et
2362 1983 2494 2034 artis
2524 1982 2795 2051 equestris
2825 1984 3102 2048 virtutem,
3137 1986 3200 2037 ad
3228 1983 3497 2039 Caesarem

1924 2074 2188 2138 perrexit,
2231 2074 2504 2142 captivum
2541 2091 2725 2139 suum,
2780 2085 2836 2129 ut
2883 2077 3176 2146 pretiosmu
3219 2077 3500 2147 quiddam,

1925 2163 2173 2218 afferens.
2226 2164 2394 2230 Quem
2447 2168 2599 2221 valde
2645 2168 2714 2221 oh
2765 2169 2930 2221 robur
2960 2177 3011 2222 et
3069 2170 3328 2223 invictum
3373 2171 3498 2223 ani-

1927 2269 2074 2307 mum
2133 2255 2432 2310 demiratus
2478 2255 2633 2310 Titus
2682 2259 2977 2310 cumulavit
3014 2259 3192 2324 donis,
3227 2261 3499 2329 captivum

1927 2362 2054 2400 vero
2084 2347 2246 2412 jussit
2279 2349 2482 2401 necari.
2514 2347 2877 2404 Vehementer
2912 2362 3088 2404 autem
3120 2353 3378 2409 Romanis
3414 2371 3504 2408 va-

1927 2440 2199 2494 stantibus
2231 2443 2527 2505 civitatem,
2567 2442 2735 2499 fames
2773 2446 2823 2498 in
2857 2446 2990 2500 urbe
3022 2447 3281 2517 degentes
3318 2450 3500 2518 plures

1925 2546 2088 2600 quam
2128 2531 2326 2586 bellum
2360 2535 2734 2602 consumpsit:
2779 2535 2982 2588 idcirco
3015 2536 3211 2591 fratres
3240 2540 3501 2594 adversus

1927 2627 2145 2695 fratres,
2165 2639 2219 2682 et
2245 2629 2462 2697 cognati
2489 2627 2756 2682 adversus
2793 2638 3075 2698 cognatos,
3119 2632 3249 2687 sicis
3281 2638 3500 2693 armati,

1926 2723 2079 2778 cibos
2103 2725 2152 2776 vi
2189 2722 2393 2791 rapturi
2417 2724 2610 2775 domos
2638 2722 2911 2790 petebant.
2941 2721 3082 2788 Quin
3112 2725 3218 2777 imo
3244 2729 3502 2797 conjugcs

1927 2817 2191 2877 virorum,
2231 2813 2342 2868 nati
2371 2823 2603 2882 patrum,
2635 2823 2687 2867 et
2719 2815 2862 2883 quod
2903 2816 3205 2871 mirabilius
3239 2829 3343 2882 est,
3388 2837 3505 2874 rna-

1929 2917 2039 2962 tres
2085 2907 2368 2961 infantium
2414 2922 2478 2958 ex
2504 2920 2597 2959 ore
2631 2905 2781 2959 cibos
2803 2909 3218 2975 extorquebaut,
3257 2926 3357 2964 nec
3394 2913 3504 2965 ullo

1931 2999 2089 3052 modo
2139 2998 2437 3067 parcebant
2487 2997 2851 3053 cbarissimis.
2906 2998 2969 3052 Et
3017 3001 3107 3053 alii
3156 3002 3372 3071 quidem
3425 3004 3505 3057 in-

1933 3091 2146 3144 hiantes
2180 3100 2234 3142 ut
2262 3104 2425 3143 canes
2454 3089 2628 3142 rabidi
2677 3089 3009 3154 insiliebant,
3056 3102 3108 3145 et
3144 3095 3506 3150 circumibant

241 3185 572 3256 διέφθειρεν,
610 3187 690 3240 διὸ
735 3187 798 3256 δὴ
837 3187 932 3239 καὶ
969 3186 1191 3254 ἀδελφοὶ
1227 3185 1369 3238 κατὰ
1417 3182 1681 3249 ἀδελφῶν,
1730 3183 1826 3234 καὶ
1853 3223 1894 3279 C

1853 3223 1894 3279 Ο
1929 3180 2203 3234 ebriorum
2259 3179 2454 3242 instar,
2521 3179 2676 3249 quasi
2735 3196 2832 3249 per
2875 3183 3084 3236 viscera
3130 3196 3182 3240 et
3241 3190 3503 3243 medullas

245 3281 533 3346 συγγενεῖς
574 3279 718 3331 κατὰ
748 3278 1050 3345 συγγενῶν,
1088 3277 1334 3347 ξιφήρεις
1369 3277 1448 3338 είς
1490 3276 1614 3336 τοὺς
1642 3276 1824 3337 οἴκους

241 3371 510 3441 ἐχώρουν,
541 3371 638 3433 τὰς
673 3371 922 3441 ἀλλήλων
952 3370 1158 3440 τροφὰς
1183 3368 1524 3438 ἁρπάζοντες
1547 3384 1559 3396 ·
1593 3370 1687 3419 καί
1723 3366 1823 3431 μέν

239 3481 304 3532 γε
350 3466 606 3530 γυναῖκες
635 3463 844 3532 ἀνδρῶν
876 3463 969 3514 καὶ
999 3463 1188 3523 παῖδες
1214 3461 1466 3530 πατέρων
1489 3475 1502 3489 ’
1538 3461 1631 3511 καὶ
1667 3491 1733 3499 --
1763 3459 1822 3509 τὸ

241 3555 606 3623 ἐλεεινότερον
635 3583 705 3592 -
735 3552 970 3623 μητέρες
1016 3550 1223 3619 νηπίων
1263 3550 1512 3620 ἥρπαζον
1544 3549 1601 3611 ἐξ
1639 3548 1819 3601 αὐτῶν

239 3648 352 3699 τῶν
421 3648 704 3713 στομάτων
753 3647 852 3706 τὰς
925 3646 1152 3712 τροφάς.
1191 3644 1299 3693 Kal.
1363 3641 1640 3703 παντελῶς
1710 3641 1818 3690 τῶν

239 3738 513 3805 φιλτάτων
563 3739 660 3789 οὐκ
719 3735 1011 3803 ἐφείδοντο.
1063 3735 1170 3786 Καὶ
1215 3735 1363 3786 ἄλλοι
1402 3734 1496 3800 μὲν
1533 3732 1622 3782 ὑπ’
1657 3730 1862 3791 ἐνδείας
1912 3730 2203 3799 κεχηνότες

1929 3269 2073 3326 fame
2119 3280 2432 3340 penetrante
2474 3272 2615 3324 etad
2649 3282 2882 3328 mortem
2906 3276 3201 3331 violentam
3237 3281 3502 3350 rapiente.

1926 3365 2028 3416 Alii
2064 3379 2191 3417 vero
2222 3365 2286 3417 ad
2320 3364 2580 3418 inusitata
2599 3365 2671 3420 ita
2699 3367 2948 3431 ruebant,
2975 3379 3033 3422 ut
3055 3385 3120 3422 ne
3142 3387 3169 3423 a
3189 3387 3508 3428 excremen—

1925 3458 1990 3510 tis
2025 3457 2241 3525 quidem
2266 3456 2548 3511 brutorum
2581 3457 2936 3513 abstinerent.
2981 3462 3260 3518 P05trenio
3289 3467 3505 3536 cingula

1922 3551 2342 3614 mandurabant,
2369 3551 2800 3604 etcalceamenta
2822 3561 2875 3606 et
2897 3555 3041 3608 coria
3068 3569 3344 3611 scutorum
3375 3562 3506 3615 ede-

1921 3641 2048 3692 bant
2085 3640 2347 3694 detracta.

2252 3730 2440 3802 ὥσπερ
2497 3732 2658 3796 κύνες
2707 3733 3008 3801 λυττῶντες
3067 3740 3358 3808 ἐφὰλλοντο
3412 3741 3504 3796 καὶ

241 3831 630 3900 περιεφέροντο
694 3829 1003 3898 μεθυόντων
1032 3827 1205 3896 δίκην,
1236 3825 1308 3885 ὡς
1339 3825 1384 3854 ⁸⁸
1411 3825 1496 3876 διά
1529 3824 1850 3892 σπλάγχνων
1887 3825 1982 3875 καὶ
2026 3825 2238 3894 μυελῶν
2271 3827 2363 3877 τοῦ
2402 3827 2560 3894 λιμοῦ
2593 3830 2898 3897 χωροῦντος
2962 3833 3054 3886 καὶ
3097 3837 3231 3904 πρὸς
3274 3839 3504 3894 θάνατςν

243 3926 417 3994 βίαιον
450 3924 548 3992 τὴν
599 3920 778 3989 ψυχὴν
817 3916 1137 3979 ἐλαύνοντος
1178 3930 1192 3945 ⁸

1261 3915 1410 3969 ἄλλοι
1458 3915 1511 3967 δέ
1560 3917 1668 3967 τῶν
1735 3914 2014 3984 ἀθεμίτων
2068 3917 2396 3983 ἐφήπτοντο,
2452 3919 2525 3980 ώς
2559 3921 2676 3971 ούδέ
2742 3922 2807 3972 τά
2864 3926 3085 3994 ῥυπαρὰ
3129 3929 3237 3980 τῶν
3295 3934 3504 3998 ἀλόγων

242 4021 552 4090 ἐφείδοντοο
607 4016 919 4070 τελευταῖον
965 4014 1021 4068 δὲ
1072 4013 1359 4084 ζωστῆρας
1424 4013 1819 4082 διεμασσῶντο,
1896 4015 1991 4066 καὶ
2037 4015 2383 4085 ὑποδήματα,
2444 4017 2536 4067 καὶ
2592 4018 2837 4088 δέρματα
2902 4021 3009 4074 τῶν
3058 4023 3269 4095 θυρεῶν
3319 4030 3505 4097 ἢσθιον

243 4116 664 4186 άπεκδέροντες.

315 4214 360 4245 δ’
393 4213 470 4285 (7)
523 4213 664 4284 Γυνὴ
701 4213 756 4265 δέ
780 4213 826 4244 ⁸⁸
875 4229 958 4275 τις
997 4209 1190 4280 Μαρία
1217 4207 1455 4276 τοῦνομα
1482 4249 1496 4271 ,
1530 4212 1677 4275 γένει
1726 4209 1821 4262 καὶ

246 4308 463 4378 πλούτῳ
490 4309 795 4378 περιφανὴς
828 4307 923 4361 καὶ
966 4308 1356 4374 περίῦλεπτος,
1389 4309 1452 4360 ὲκ
1502 4308 1599 4376 τῆς
1637 4308 1821 4376 χώρας

245 4401 384 4470 πρὸς
433 4399 531 4469 τὴν
584 4399 741 4452 πόλιν
794 4399 1215 4468 καταφυγοῦσα,
1269 4401 1449 4452 πᾶσαν
1505 4400 1675 4468 αὐτῆς
1722 4401 1821 4469 τὴν

246 4491 484 4561 ὓπαρξιν
514 4491 609 4543 καὶ
641 4490 739 4554 τὰς
775 4490 1072 4562 διατροφάς
1098 4492 1147 4541 οί
1182 4490 1504 4542 στασιασταὶ
1535 4490 1658 4542 καθ’
1687 4490 1820 4558 ὴμέ-

245 4603 347 4653 ραν
378 4585 747 4655 εἰσπηδῶντες
776 4584 1080 4652 διήρπαζον
1105 4584 1198 4635 καὶ
1233 4582 1416 4635 λοιπὸν
1446 4581 1652 4650 τροφῆς
1685 4584 1822 4632 ἁπο-

247 4679 419 4750 ροῦσα
443 4680 537 4730 καὶ
560 4679 774 4730 παιδίον
802 4677 1106 4746 ὑπομάςιον
1135 4676 1357 4746 ἔχουσα,
1377 4673 1536 4728 τοῦτο
1561 4673 1822 4725 καταθύει

247 4773 345 4824 καὶ
387 4771 674 4839 ὀπτήσασα
717 4768 778 4821 τὸ
815 4769 914 4837 μὲν
945 4769 1179 4838 ἧμισύ⁸¹
1213 4768 1510 4837 βέϐρωκεν,
1542 4767 1601 4818 τὸ
1629 4767 1684 4819 δέ
1714 4765 1825 4817 λοι-

245 4865 350 4916 πον
399 4860 691 4932 καλύψασα
731 4861 992 4931 διετήρει.
1036 4862 1097 4912 Οἱ
1129 4859 1184 4911 δέ
1229 4858 1603 4928 (στασιασταὶ,
1641 4856 1824 4919 καθὼς

242 4956 526 5019 είώθασιν,
556 4955 891 5017 εἰσελθόντες
924 4955 1038 5016 καὶ)
1065 4953 1164 5022 τῆς
1190 4952 1415 5021 κνίσσης
1446 4951 1824 5019 αἰσθόμενοι⁵³

242 5047 508 5118 ³γπείλουν
537 5043 920 5113 ἀναιρήσειν⁵³
951 5043 1144 5114 αὐτὴν,
1181 5044 1230 5094 εί
1265 5045 1340 5112 μὴ
1383 5043 1518 5111 ὅπερ
1563 5041 1819 5109 ἔκρυψεν,

243 5140 536 5204 ἐπιδείξειε
556 5138 623 5169 ’⁵ο
649 5137 752 5210 ὴδέ
783 5137 847 5190 τά
876 5136 1103 5205 λείψανα
1141 5135 1236 5189 τοῦ
1261 5134 1548 5202 παιδαρίου
1581 5148 1823 5202 προαγα·

2003 4210 2192 4264 Mulier
2227 4224 2408 4267 autent
2436 4213 2712 4282 quaedam,
2744 4214 2910 4270 Maria
2947 4219 3186 4283 nomine,
3221 4235 3418 4289 genere
3449 4234 3503 4276 et

1931 4303 2137 4358 divitiis
2172 4305 2402 4375 insignis
2449 4315 2502 4358 et
2557 4308 2877 4374 conspicua,
2918 4310 2988 4362 ab
3040 4313 3185 4378 agris
3229 4313 3282 4366 in
3311 4315 3500 4368 urbem

1931 4397 2276 4464 confugerat;
2310 4412 2451 4466 qum,
2476 4398 2565 4451 ubi
2598 4399 2960 4452 substantiam
2991 4401 3166 4470 ipsius
3199 4419 3503 4472 rapuerunt

1933 4487 2205 4542 irruentes
2239 4489 2506 4551 seditiosi,
2555 4505 2943 4559 annonamque
2982 4495 3174 4547 eadem
3227 4497 3314 4550 die
3356 4499 3507 4551 ciba-

1933 4578 2089 4641 riam,
2149 4577 2297 4633 omni
2357 4578 2616 4632 alimento
2664 4580 2944 4646 destituta,
2993 4582 3277 4639 lactentem
3331 4587 3502 4642 ﬁlium

1925 4670 2216 4738 jugulat/il,
2249 4670 2643 4738 dimidiantque
2679 4682 2888 4740 partem
2923 4674 3032 4728 assi
3067 4678 3381 4746 corpusculi
3412 4695 3505 4733 co-

1925 4763 2112 4826 medit,
2147 4762 2519 4830 reliquamque
2551 4764 2821 4817 servabat.
2871 4767 2939 4818 At
2981 4768 3225 4823 seditiosi
3255 4769 3321 4824 de
3356 4787 3506 4825 more

1927 4855 2252 4926 introgressi
2290 4864 2343 4909 et
2384 4857 2598 4925 adipem
2628 4856 2947 4922 odorantes,
2984 4861 3030 4912 ei
3070 4870 3302 4915 mortem
3329 4863 3506 4916 mina-

1923 4947 2164 5008 bantur,
2217 4946 2322 5000 nisi
2379 4948 2526 5017 quod
2595 4947 2962 5004 absconderat
3023 4961 3324 5022 retegeret;
3389 4957 3502 5010 bmc

1923 5049 2104 5092 autem
2160 5039 2421 5108 reliquias
2475 5041 2743 5096 exhibens
2803 5043 3056 5097 infantuli
3109 5061 3122 5097 :
3189 5063 3206 5096 ι
3247 5045 3320 5100 Ex
3379 5047 3501 5113 hoc,

1926 5131 2120 5200 inquit,
2165 5147 2287 5186 vere
2317 5134 2446 5186 olim
2474 5133 2583 5187 filio
2625 5149 2762 5196 meo,
2802 5150 2946 5188 nunc
2983 5150 3110 5190 vero
3143 5138 3365 5192 omnino
3396 5142 3501 5193 mi-

1461 5298 1655 5359 l'aritn
1703 5297 2008 5359 lectiones
2049 5305 2107 5356 et
2155 5301 2344 5356 nota).

319 5483 364 5511 ⁸⁵
398 5477 528 5532 Ced.
568 5472 889 5538 375,18-Ξο.

970 5472 1014 5504 ⁸⁸
1039 5471 1389 5541 πληρουμένη

1440 5468 1531 5518 καὶ
1583 5464 1855 5526 ἐπόζουςα
1889 5460 2156 5532 ἀργαλέον
2186 5458 2863 5533 -ἐνέσκηψε-λοιμόνηΚαί
2899 5461 3172 5533 πλείουςό
3206 5461 3361 5530 λιμος
3405 5476 3434 5533 η
3475 5467 3503 5516 ὁ

246 5522 888 5619 πόλεμῖςνάκῖάλῶσελιί
907 5544 1019 5619 γὰρ
1043 5522 1488 5619 έαρὶλεέςρθηίμὴ
1518 5522 1759 5619 spinea};
1796 5535 1922 5619 (Sed.

1824 5522 1940 5619 Ms.-
1974 5522 2430 5619 -.'1~,_,,.s;.cou."
2462 5528 2505 5558 σε
2540 5522 2613 5580 ὧν
2644 5531 2764 5611 eod.
2846 5532 2889 5619 ις
2923 5531 3052 5617 (seu.
3083 5522 3500 5619 adii-517619.

243 5602 485 5674 έδτίδτέ
527 5622 619 5670 καὶ
663 5618 800 5685 γυνή
851 5602 934 5676 τιξ
969 5602 1196 5682 εὐγενὴς
1229 5602 1320 5662 καὶ
1360 5602 1590 5685 ἀυεοφάίέπι
1629 5604 1866 5685 τ’),θνομα
1888 5602 2076 5685 “39‘?
2099 5603 2160 5685 ἐκ
2187 5602 2282 5682 τῇί
2315 5617 2368 5685 ξ’
2407 5617 2461 5651 κ’
2495 5616 2590 5685 πρέ
2628 5602 2725 5685 ’ξῆν
2763 5602 3068 5685 π’..ἒπειδὴ-
3092 5605 3230 5685 ’ἵκω
3264 5604 3368 5685 ὑπὸ
3390 5606 3504 5685 Τῶν

249 5669 881 5758 στα-σιαστῶνίάφῃρέθη
904 5669 1002 5752 τὴν
1038 5669 1379 5758 περίουτίαν,
1417 5679 1526 5758 ὑπ..
1556 5678 1601 5758 ἐ..
1643 5669 1852 5758 τέκνον.
1931 5673 2059 5758 ³¹⁹τὸ
2084 5674 2162 5758 εὴ..
2186 5672 2510 5758 μένξφαγε,
2531 5669 2800 5758 τὸρῆμισυ
2825 5672 2880 5723 δέ
2906 5672 3290 5758 καταλείψασα
3315 5676 3504 5758 ἐτήρει

244 5767 379 5820 (led.
461 5761 507 5791 "
543 5761 635 5812 καί
664 5752 1090 5828 ueneﬁcam;
1121 5753 1244 5808 add.
1276 5752 1404 5804 Ced.

244 5833 488 5900 ἐπέδειξε
522 5831 644 5885 cud.

1481 5748 1526 5778 ⁵³
1568 5747 1776 5800 ἀνελεῖν
1801 5745 1900 5815 ὴπ.
1951 5744 1998 5796 εί
2036 5741 2109 5810 μὴ
2147 5743 2238 5793 ἐπ.
2287 5741 2346 5792 τὸ
2380 5741 2544 5810 μέρος

2587 5738 2724 5794 Ced.
2771 5771 2814 5781 -
2837 5746 2929 5794 τοῦ
2965 5759 3020 5795 π.
3052 5745 3120 5796 τά
3146 5738 3194 5797 λ.
3224 5744 3353 5798 Cod.
3398 5738 3429 5744 "
3459 5749 3507 5778 “
