4244 6444
272 404 377 466 457

1433 408 1894 471 CILlONICON.
1933 434 1999 444 -
2045 411 2189 473 Lm.
2238 413 2349 474 Ill.

3397 420 3502 485 458

269 519 540 571 ἐπιτελεῖν
560 518 843 590 δυνάμενοι
869 534 884 550 ο
923 519 1228 592 ὑποφόρους
1252 521 1358 592 γάρ
1394 522 1609 593 ἔχοντες
1635 525 1831 586 αὐτοὺς
1860 527 1908 586 Α
1937 532 1945 575 1

1825 541 1831 585 ;
1860 527 1908 586 Α
1937 522 2142 578 tributo
2177 525 2440 582 habentes
2476 525 2703 582 Romani
2737 545 2842 585 non
2882 531 3068 586 sinunt
3103 533 3219 587 suis
3249 547 3501 592 caeremo-

272 611 346 679 (οί
386 608 646 679 Ῥωμαῖοι
686 612 783 662 οὐκ
811 613 939 664 ἐῶσι
977 616 1088 675 τοῖς
1120 615 1269 675 ἰδίοις
1293 615 1582 684 χρᾶσθαι⁸⁶
1615 615 1837 669 δικαιὼ-

271 717 459 769 μασιν,
507 702 807 773 ἐπειδήπερ
856 705 1116 766 ἑκουσίως
1153 707 1534 760 ἐπεσπάσαντο
1583 707 1680 777 τὴν
1718 709 1836 760 δου-

268 794 419 846 λείαν
449 796 752 858 είπόντες⁸¹
775 813 790 827 ο
831 815 847 847 ι
882 798 994 849 Οὐκ
1027 796 1222 866 ἔχομεν
1265 798 1486 868 βασιλέα
1516 801 1562 852 εί
1595 799 1670 869 μὴ
1699 799 1836 852 Καί-

269 901 416 954 σαρα
440 903 454 918 ·
496 904 514 937 ι
552 886 646 938 καί
673 903 686 916 ·
723 907 741 938 ι
786 889 908 940 Ἐάν
937 889 1009 957 μὴ
1040 889 1447 960 ἀποκτείνωμεν
1464 891 1554 943 τὸν
1582 890 1833 960 Χριστὸν,

267 981 470 1039 πάντες
515 982 594 1042 είς
646 980 810 1032 αὑτὸν
864 981 1217 1034 πιστεύσουσι
1249 982 1386 1058 ,καὶ
1431 981 1740 1034 ἐλεύσονται
1785 983 1834 1034 οί

277 1069 564 1138 Ῥωμαῖοι,
586 1072 678 1124 καὶ
697 1070 991 1140 άροῦσιτὸν
1014 1073 1177 1126 τόπον
1195 1076 1350 1143 ἡμῶν
1367 1075 1411 1105 ⁸¹
1426 1075 1517 1128 καὶ
1537 1076 1597 1127 τὸ
1617 1075 1789 1139 ἔθνος,
1813 1093 1830 1125 ι

262 1159 318 1210 οἵ
345 1175 407 1226 γε
451 1166 546 1214 καὶ
573 1161 796 1225 ἄκοντες
828 1165 1244 1234 προεφήτευσαν
1267 1182 1282 1195 ·
1319 1169 1412 1218 καὶ
1443 1167 1549 1238 γὰρ
1580 1166 1831 1219 ἐπίστευ-

263 1265 368 1300 σαν
421 1251 500 1312 είς
549 1251 710 1304 αὑτὸν
733 1252 800 1306 τά
838 1252 987 1324 ἔθνη,
1035 1256 1128 1307 καὶ
1159 1256 1315 1308 αὐτοὶ
1353 1257 1452 1328 τὴν
1497 1257 1751 1320 ἐξουσίαν
1787 1257 1834 1289 ⁸³

261 1340 372 1392 ὑπὸ
418 1341 706 1411 Ῥωμαίων
750 1345 1122 1418 ἀφῃρέθησαν,
1178 1349 1271 1399 καὶ
1321 1348 1420 1418 τῆς
1469 1349 1701 1417 νομικῆς
1743 1349 1836 1400 λα-

259 1429 450 1498 τρείας
468 1433 514 1463 ⁸⁸
546 1433 915 1502 κεκωλυμένοι
945 1436 1051 1488 sici.
1083 1439 1176 1489 καὶ
1215 1440 1462 1509 ἀναιρεῖν
1512 1441 1572 1492 ού
1621 1456 1835 1508 συγχω-

261 1521 484 1590 ροῦνται
527 1525 622 1576 καὶ
661 1525 810 1577 θύειν
835 1526 921 1578 ὅτε
962 1527 1240 1596 βούλονται
1266 1545 1278 1560 °
1310 1531 1392 1583 διὸ
1423 1531 1516 1582 καὶ
1568 1531 1833 1583 ἐπικατά-

258 1614 414 1679 ρατοί
443 1615 569 1677 εισι,
607 1614 682 1684 μὴ
714 1615 1000 1686 δυνάμενοι
1033 1622 1206 1670 ποιεῖν
1240 1620 1308 1672 τά
1337 1620 1739 1688 διατεταγμένα
1757 1620 1830 1651 ⁸⁸·

265 1721 282 1751 ι
310 1703 734 1776 Ἐπικατάρατος
757 1709 884 1778 γάρ,
912 1710 1094 1779 φησὶν,
1120 1713 1227 1773 πᾶς
1245 1711 1300 1772 ὃς
1317 1712 1418 1764 οὐκ
1454 1712 1680 1780 ἐμμένει
1703 1711 1834 1764 πᾶσι

251 1797 371 1857 τοῖς
393 1799 810 1867 γεγραμμένοις
844 1804 899 1852 ἐν
936 1801 1011 1870 τῷ
1053 1801 1243 1871 βιϐλίῳ
1275 1801 1370 1855 τοῦ
1390 1802 1558 1872 νόμου
1587 1800 1683 1856 τοῦ
1707 1821 1828 1856 ποι-

256 1887 395 1956 ⁴ἧσαι
425 1889 619 1943 αὐτά.»
657 1891 940 1944 ’Λδύνατον
970 1894 1026 1946 δέ
1056 1895 1223 1956 ἐστιν,
1251 1895 1308 1947 ἐν
1337 1895 1604 1965 διασπορᾷ
1633 1896 1833 1965 μεταξὺ

257 1980 371 2031 τῶν
406 1981 576 2032 ἐθνῶν
599 1982 779 2045 ὄντας,
805 1985 982 2039 πάντα
995 1987 1040 2018 ⁸⁸
1092 1987 1290 2048 αὐτοὺς
1311 1987 1577 2040 ἐπιτελεῖν
1589 1990 1634 2021 ⁸⁷
1657 1988 1722 2041 τὰ
1742 1989 1834 2042 τοῦ

250 2071 422 2140 νόμου
475 2075 568 2128 καὶ
603 2077 700 2145 τὴν
750 2076 1009 2148 λατρείαν
1045 2081 1101 2132 ἐν
1137 2080 1218 2133 ἐνὶ
1264 2082 1415 2151 τόπῳ
1460 2098 1834 2152 περιγεγραμ-

254 2166 446 2233 μένην,
474 2165 547 2228 ὡς
578 2168 634 2218 ἐν
655 2167 798 2237 λόγῳ
830 2170 1036 2238 Κυρίου
1064 2171 1305 2242 Μωῦσῆς
1331 2173 1692 2237 διετάξατο.⁸’
1720 2173 1832 2243 (10)

249 2255 316 2306 Τί
362 2256 456 2309 οὖν
505 2259 639 2326 πρὸς
697 2260 869 2312 ταῦτά
913 2278 1072 2328 φατε,
1121 2257 1166 2315 ὧ
1232 2263 1515 2329 Ἰουδαίοις
1556 2263 1651 2317 καὶ
1692 2264 1743 2316 τί
1773 2266 1832 2317 τὸ

249 2344 426 2398 αἴτιον
464 2347 570 2399 τῶν
612 2349 883 2402 τοσούτων
911 2353 1004 2403 καί
1030 2351 1365 2420 τηλικούτων
1407 2352 1550 2422 ὑμᾶς
1580 2353 1830 2423 κατειληο

250 2437 434 2504 ιρότων
484 2441 706 2505 κακῶν;
745 2437 901 2512 *Αρά
929 2458 991 2508 γε
1026 2443 1419 2512 συνήκατε,ὃτι
1461 2445 1559 2496 οὐκ
1593 2445 1672 2508 είς
1697 2445 1828 2514 ὁμό-

245 2528 470 2593 δουλον,
527 2530 643 2582 ἀλλ’
695 2532 774 2594 εἰς
832 2532 962 2585 Θεὸν
1019 2536 1526 2604 προσκεκρουκότες
1580 2533 1829 2607 [εἰκότως

247 2620 422 2673 ταῦτα
446 2623 746 2676 πεπόνθατε
779 2625 874 2677 καὶ
902 2625 1222 2692 ἀσύγνωστα
1251 2627 1523 2696 πάσχετε;
1555 2630 1634 2691 είς
1664 2629 1825 2680 αὐτὸν

249 2713 364 2781 γάρ
394 2714 562 2776 ὅντως
603 2715 828 2787 ἐκεῖνον]
851 2717 1011 2786 290
1041 2719 1132 2769 τὸν
1167 2719 1393 2788 ποιητὴν
1421 2721 1513 2772 καὶ
1532 2720 1826 2788 εὐεργέτην

249 2805 613 2876 ἐξημάρτετε,
642 2799 686 2858 ὦ
719 2807 1078 2877 ἐμϐρόντητοι
1097 2809 1144 2840 ⁶⁹
1171 2810 1264 2860 καὶ
1292 2810 1624 2877 παράνομοι,
1645 2809 1824 2870 καθὼς

247 2897 414 2959 αὐτὸς
443 2898 532 2950 διά
575 2899 804 2950 Ἠσαίου
821 2899 866 2929 ’θ
903 2899 1202 2966 ἀναιρωνῶν
1225 2899 1375 2967 λέγει
1396 2918 1408 2931 ·
1446 2919 1462 2949 ‹
1491 2901 1652 2962 Υίοὺς
1676 2901 1826 2966 ἐγέν-

246 3005 390 3051 νησα
423 2991 515 3041 καί⁵
561 2988 773 3057 ὖψωσα,
828 2989 982 3042 αὐτοὶ⁵
1025 2989 1080 3040 δέ
1113 3006 1178 3060 με
1224 2990 1523 3059 ἠθέτησαν,
1568 3009 1586 3042 ι
1626 2991 1815 3042 καί⁶¹·

253 3097 273 3130 ι
314 3080 378 3131 ΤΞ
409 3081 514 3133 ἔδει
546 3082 766 3149 ποιῆσαι
801 3081 873 3150 τῷ
899 3080 1182 3150 ἀμπελῶνί
1211 3099 1311 3150 μου
1345 3084 1438 3134 καὶ
1460 3083 1561 3135 οὐκ
1591 3082 1822 3152 ἐποίησα

247 3170 429 3238 nam};
459 3171 591 3223 διότι
639 3171 850 3241 ἔμεινα,
884 3173 975 3225 ἵνα
1022 3174 1222 3244 ποιήσῃ
1255 3174 1552 3244 σταφυλὴν.
1593 3174 1815 3244 ἐποίησε
1845 3211 1888 3268 C

248 3260 306 3312 δέ
365 3263 640 3320 ἀκάνθαςο
684 3281 702 3314 ι
759 3264 853 3316 καί
894 3266 976 3297 η’
1022 3283 1039 3316 ι
1101 3265 1334 3333 Ἐμεινα
1358 3265 1452 3317 τοῦ
1510 3266 1733 3335 ποιῆσαι
1773 3267 1820 3298 ’³

248 3351 455 3422 κρίσιν,
484 3353 705 3421 ἐποίησε
734 3353 790 3406 δὲ
814 3355 1066 3422 ἀνομίαν,
1091 3357 1182 3408 καὶ
1205 3357 1267 3407 ού
1287 3356 1653 3426 δικαιοσύνην,
1683 3357 1822 3411 ἀλλά

249 3447 521 3513 κραυγήν.
555 3463 572 3495 ι
605 3446 770 3506 Ποίας
811 3445 868 3496 δὲ
898 3445 1143 3508 ἀκάνθας
1187 3445 1336 3513 λέγει
1371 3447 1464 3499 καὶ
1500 3448 1660 3500 ποίαν
1693 3449 1818 3500 ἀνο-

252 3536 385 3604 μίαν
410 3537 503 3588 καὶ
530 3538 814 3606 κραυγήν;
841 3533 878 3607 ἦ
917 3537 1097 3606 δῆλον,
1125 3539 1208 3589 ὅτι
1232 3531 1493 3607 αἴσπερθδ
1512 3539 1819 3605 ἐστεφανώ-

250 3645 382 3680 σατε
411 3627 571 3679 αὑτὸν
605 3628 694 3678 ἐπὶ⁵
744 3629 840 3679 τοῦ
887 3627 1094 3688 πάθους
1135 3627 1181 3658 ’⁵
1222 3629 1439 3696 ἀνόμως
1487 3630 1814 3698 κράζοντες·

250 3718 397 3787 (78⁸)
429 3719 474 3751 ⁸⁸
512 3738 529 3770 ι
579 3718 769 3786 Ἆρον,
809 3715 962 3789 ἆρον,
997 3717 1311 3788 σταύρωσον
1341 3719 1523 3783 αὑτὸν,
1562 3737 1580 3770 ι
1614 3722 1689 3783 ὡς
1723 3721 1817 3773 καὶ

247 3812 339 3862 διὰ
379 3811 644 3881 Ἰερεμίου
681 3811 834 3879 (περὶ
861 3811 956 3879 τῆς
987 3809 1285 3880 θεομαχίας
1314 3813 1410 3864 καὶ
1437 3814 1640 3881 μιαρᾶς
1664 3814 1817 3881 ὑμῶν

249 3901 578 3969 συναγωγῆς
618 3900 780 3952 πάλιν
821 3901 1007 3968 φησίν)
1042 3914 1056 3928 ⁸
1093 3902 1136 3932 ³⁷
1178 3919 1196 3951 ι
1221 3901 1528 3971 Ἐγένετοή
1565 3901 1818 3970 κληρονο-

250 3992 354 4061 μία
410 4009 510 4060 μου
567 3992 689 4060 ἐμοὶ
728 3991 804 4052 ὠς
851 3990 989 4043 λέων
1024 3992 1081 4042 ὲν
1127 3990 1352 4062 δρυμῷ·
1381 3991 1582 4044 ἔδωκεν
1611 3994 1817 4061 ἐπ’ἐμὲ

246 4083 348 4149 τὴν
383 4081 567 4151 φωνὴν
613 4083 805 4150 αὐτῆς,
839 4083 932 4134 καὶ⁸
963 4082 1050 4135 διὰ
1081 4081 1237 4134 τοῦτο
1288 4083 1528 4152 ἐμίσησα
1570 4084 1759 4152 αὐτήν.
1791 4101 1808 4134 ι

249 4172 383 4236 ("Hv
411 4172 477 4242 δὴ
514 4172 740 4241 βέϐηλον
773 4172 1095 4239 συναγωγὴν
1121 4173 1215 4223 καὶ
1242 4173 1500 4241 θεήλατον
1545 4172 1619 4234 ὡς
1661 4171 1817 4226 τοῦτο

245 4262 547 4332 δράσασαν)
610 4262 704 4313 καὶ
764 4259 1016 4330 Σολομὼν
1065 4259 1462 4330 (θριαμϐεύων)
1514 4261 1812 4327 φάσκειη·

253 4371 272 4402 ι
297 4352 594 4416 Ἐξέλθετε,
647 4349 945 4419 θυγατέρες
978 4352 1138 4413 Σιὼν,
1177 4351 1272 4403 καὶ
1321 4350 1457 4402 ίδετε
1491 4351 1548 4401 ἐν
1578 4349 1654 4417 τῷ
1694 4365 1818 4401 στε·

249 4444 425 4512 φάνῳ,
442 4437 485 4509 ᾧ
508 4445 883 4510 ἐστεφάνωσεν
901 4443 1062 4496 αὑτὸν
1089 4443 1123 4510 ἠ
1148 4443 1331 4512 μήτηρ
1361 4441 1524 4494 αὑτοῦ
1551 4444 1608 4494 ἐν
1632 4441 1817 4511 ἡμέρα

1941 614 2045 669 niis
2071 617 2171 680 uti,
2208 616 2649 687 quandoquidem
2697 622 2999 676 voluntarie
3053 624 3365 679 asciverunt
3398 628 3498 680 sibi

1941 705 2278 772 servitutem,
2310 707 2552 765 dicentes
2587 730 2599 764 :
2643 730 2659 762 ι
2701 709 2816 764 Non
2865 713 3128 769 habemus
3172 732 3353 785 regem
3396 719 3502 772 nisi

1937 793 2252 864 Caesarem;
2287 815 2306 849 ι
2345 808 2399 852 et
2457 816 2471 852 :
2531 819 2549 851 ι
2588 801 2641 855 Si
2694 819 2800 855 non
2858 805 3158 861 occidimus
3200 807 3499 874 Christum,

1939 899 2126 942 omnes
2156 889 2380 944 credent
2408 890 2462 944 in
2495 905 2637 956 eum,
2683 903 2736 947 et
2762 897 2979 949 venient
3012 895 3264 962 Romani,
3295 911 3346 954 et
3394 902 3500 954 tol-

1939 976 2050 1032 lent
2081 990 2324 1035 nostrum
2374 982 2554 1036 locum
2601 994 2654 1038 et
2699 995 2930 1052 gentem,
2971 1006 2989 1038 ι
3024 990 3115 1057 qui
3162 1002 3354 1060 sponte
3392 1009 3498 1047 non

1938 1081 2036 1122 sua
2065 1073 2550 1139 prephetaverunt,
2601 1076 2643 1128 si
2678 1076 2894 1143 quidem
2922 1080 3264 1136 crediderunt
3291 1083 3344 1137 in
3375 1099 3500 1137 eum

1941 1171 2155 1229 gentes,
2211 1171 2266 1215 ct
2306 1162 2406 1230 ipsi
2452 1180 2482 1217 a
2530 1163 2789 1220 Romanis
2825 1166 3070 1221 libertate
3111 1172 3348 1238 spoliati,
3379 1183 3431 1227 ct
3469 1188 3499 1226 a

1939 1252 2087 1304 cultu
2139 1253 2297 1321 legali
2348 1256 2625 1323 prohibiti,
2681 1273 2779 1313 nec
2823 1259 3166 1315 sacriﬁcandi
3216 1271 3272 1317 et
3307 1264 3502 1318 immo-

1940 1342 2082 1395 landi
2115 1343 2389 1398 licentiam
2429 1345 2629 1400 habent
2655 1362 2778 1401 cum
2815 1351 3044 1415 volunt;
3092 1361 3144 1406 et
3187 1353 3308 1408 ideo
3335 1357 3504 1410 male-

1936 1432 2066 1486 dicti
2102 1443 2250 1500 sunt,
2285 1451 2409 1490 cum
2460 1448 2724 1508 praecepta
2766 1439 2900 1510 legis
2928 1441 3152 1508 implere
3182 1457 3450 1513 nequeant
3483 1467 3501 1504 :

1943 1544 1960 1575 ι
2001 1525 2318 1582 Maledictus
2364 1531 2529 1593 enim,
2569 1530 2768 1601 inquit,
2819 1534 2998 1587 omnis
3029 1536 3121 1603 qui
3150 1551 3254 1589 non
3289 1553 3504 1607 perma-

1939 1627 2029 1672 net
2087 1621 2139 1671 in
2199 1621 2455 1676 omnibus
2508 1639 2628 1690 qua:
2670 1625 2866 1692 scripta
2914 1637 3042 1679 sunt
3081 1628 3132 1680 in
3181 1629 3320 1684 libro
3370 1630 3504 1698 legis

1938 1707 2118 1762 facere
2145 1723 2229 1762 ea.
2257 1727 2274 1759 ι
2311 1708 2419 1764 Nec
2452 1712 2596 1764 enim
2630 1713 2827 1776 valent,
2866 1716 3004 1768 inter
3035 1727 3222 1783 gentes
3245 1720 3498 1788 dispersi,

1937 1800 2119 1853 omnia
2150 1800 2341 1871 legalia
2367 1802 2680 1872 adimplere,
2703 1820 2799 1859 nec
2818 1805 3016 1860 cultum
3052 1808 3233 1864 inuno
3258 1811 3372 1866 loco
3394 1814 3502 1867 cir-

1940 1892 2351 1960 cumscriptutn,
2378 1902 2436 1947 ut
2461 1895 2512 1948 in
2542 1895 2655 1963 lege
2681 1897 2888 1950 Domini
2915 1897 3124 1968 Moyses
3148 1903 3498 1972 praescripsit.

1937 1980 2075 2044 Quid
2135 1983 2200 2034 ad
2269 1982 2420 2046 haec,
2489 1999 2522 2034 ο
2572 1983 2786 2038 Judaei”!
2843 1984 2994 2040 Unde
3047 1990 3172 2043 talia
3226 2000 3280 2044 et
3350 2001 3498 2047 tanta

1937 2085 2032 2123 vos
2064 2072 2598 2140 comprehenderunt
2639 2076 2824 2129 mala?
2867 2077 2982 2132 Non
3012 2077 3318 2150 intelligitis
3349 2085 3498 2152 quod

1936 2159 1992 2212 in
2025 2159 2218 2224 Deum,
2263 2176 2367 2215 non
2419 2162 2472 2217 in
2531 2167 2872 2220 consimilem
2922 2169 3095 2235 vobis,
3139 2172 3494 2237 olfendcritis.

1936 2267 2028 2306 vos
2057 2251 2176 2305 ideo
2204 2253 2328 2322 jure
2357 2269 2421 2310 ac
2469 2256 2666 2310 merito
2696 2257 2783 2310 illa
2818 2271 3006 2325 passos
3054 2259 3226 2315 fuisse
3251 2272 3308 2316 et
3340 2265 3496 2318 inau-

1931 2343 2040 2395 dita
2076 2344 2311 2411 pati?ln
2355 2344 2504 2399 illum
2537 2346 2705 2412 enim,
2734 2361 2766 2400 o
2798 2348 2983 2402 vesani
3015 2357 3068 2403 et
3107 2350 3279 2419 impii,
3311 2353 3403 2421 qui
3440 2364 3496 2407 ct

1933 2447 2057 2486 vere
2102 2434 2329 2489 Creator
2383 2443 2440 2489 et
2498 2435 2811 2492 benefactor
2852 2447 2953 2503 est,
3012 2443 3299 2509 peccastis,
3351 2443 3494 2498 sicut

1931 2525 2044 2594 ipse
2069 2540 2165 2594 per
2182 2525 2372 2581 Isaiam
2393 2528 2655 2584 extollens
2686 2545 2870 2584 vocem
2905 2531 3033 2585 dicit
3061 2548 3075 2586 :
3105 2550 3123 2584 ι
3146 2532 3308 2588 Filios
3333 2538 3491 2604 genui

1928 2626 1982 2670 et
2039 2618 2310 2683 exaltari,
2369 2620 2470 2688 ipsi
2528 2631 2707 2674 autem
2763 2633 3082 2690 spreverunt
3139 2639 3243 2678 me.
3276 2646 3295 2676 ι
3363 2626 3427 2680 Ει
3473 2647 3488 2681 :

1935 2730 1951 2762 ι
1991 2710 2130 2776 Quid
2170 2713 2332 2767 debui
2387 2713 2568 2769 facere
2601 2715 2771 2769 vinea:
2829 2731 2960 2770 mea:
3011 2727 3064 2771 et
3113 2733 3218 2772 non
3253 2719 3351 2774 l‘cci
3393 2721 3492 2775 ei?

1926 2804 2055 2872 quia
2095 2807 2409 2873 exspectavi
2444 2814 2501 2859 ut
2535 2804 2738 2861 faceret
2785 2823 2965 2872 uvam,
3003 2809 3129 2864 fecit
3167 2821 3345 2865 autem
3376 2814 3490 2881 spi-

1928 2907 2169 2947 nasa—
2191 2893 2256 2947 Et
2295 2913 2354 2948 ιι
2386 2894 2702 2964 Exspectavi
2737 2906 2791 2950 ut
2818 2895 3018 2951 faceret
3051 2899 3340 2968 judicium,
3366 2901 3494 2957 fecit

1925 2992 2106 3038 autem
2165 2985 2744 3055 iniquitatem,etuon
2791 2987 3084 3055 justitiam,
3130 2992 3224 3044 sed
3283 2992 3483 3046 clamo-

1924 3089 2059 3127 rem.
2092 3093 2110 3125 ι
2147 3077 2222 3130 De
2268 3076 2466 3145 quibus
2503 3086 2681 3131 autem
2705 3077 2875 3146 spinis
2897 3086 2980 3132 est
3006 3081 3229 3133 sermo?
3276 3081 3344 3135 de
3380 3098 3486 3150 qua

1923 3165 2230 3235 iniquitate,
2279 3168 2347 3222 de
2398 3183 2508 3238 quo
2560 3169 2840 3223 clamore?
2899 3171 3055 3224 Patet
3108 3189 3122 3225 :
3179 3171 3254 3227 De
3288 3175 3487 3242 quibus

1928 3259 2101 3325 spinis
2158 3275 2282 3313 eum
2332 3262 2693 3316 coronavistis
2739 3262 2792 3314 in
2839 3260 3124 3328 Passione,
3165 3263 3349 3333 inique
3375 3267 3488 3322 cla-

1925 3357 2136 3403 mantes
2189 3366 2203 3403 :
2256 3367 2274 3400 ι
2312 3349 2480 3412 Tolle.
2518 3352 2666 3416 tolle,
2709 3352 2966 3421 cruciﬁge
3007 3368 3154 3407 cum.
3192 3372 3210 3404 ι
3249 3353 3401 3409 Sicut
3432 3363 3486 3412 et

1923 3452 2017 3504 per
2059 3435 2350 3492 Jeremiam
2382 3441 2448 3494 de
2481 3441 2622 3494 lucta
2679 3441 2841 3507 impia
2882 3451 3058 3496 vestra
3112 3452 3165 3497 et
3203 3445 3267 3498 de
3300 3445 3483 3513 iniqua

1923 3527 2203 3598 Synagoga
2252 3529 2496 3599 loquitur
2553 3548 2566 3584 :
2631 3548 2650 3582 ι
2690 3531 2852 3585 Pacta
2883 3541 2966 3586 est
3017 3534 3302 3589 Ita'reditas
3365 3552 3483 3590 mea

1921 3619 2076 3685 mibi,
2105 3621 2262 3689 quasi
2294 3623 2379 3675 leo
2412 3623 2464 3675 in
2493 3621 2626 3676 silva
2655 3640 2668 3676 :
2707 3623 2854 3677 dedit
2884 3638 3048 3692 super
3086 3641 3169 3680 me
3202 3642 3406 3689 vocem,
3431 3639 3486 3681 et

1921 3719 2139 3776 propter
2165 3709 2270 3765 hoc
2308 3711 2453 3766 odivl
2483 3726 2626 3767 eam.
2660 3730 2679 3764 ι
2709 3711 2880 3778 Quam
2914 3713 3272 3784 Synagogam.
3303 3717 3484 3786 inqui-

1922 3807 2101 3852 natam
2136 3810 2190 3854 et
2214 3816 2450 3868 sacram,
2489 3812 2677 3872 utpote
2711 3819 2831 3873 qua:
2859 3805 2971 3857 haec
3005 3804 3210 3869 fecerit,
3245 3817 3297 3860 et
3329 3805 3484 3862 Salo-

1923 3906 2050 3944 mon
2097 3893 2444 3962 triumphans
2492 3896 2622 3950 dicit
2657 3912 2671 3950 :
2714 3915 2732 3947 ι
2767 3895 3121 3966 Egredimini,
3159 3897 3283 3952 lilia:
3331 3899 3482 3964 Sion,

1921 3991 1974 4037 et
2006 3983 2180 4038 videte
2235 3986 2288 4038 in
2343 3985 2647 4040 diademate
2693 4001 2801 4055 quo
2835 3988 3118 4041 coronavit
3150 4004 3272 4042 eum
3313 4000 3485 4044 mater

1920 4089 2017 4128 sua
2063 4075 2116 4128 in
2154 4077 2241 4130 die
2293 4075 2734 4146 desponsationis
2781 4078 2948 4133 illius.
2986 4097 3002 4128 ι
3042 4077 3268 4132 Matrem
3319 4081 3485 4149 igitur

1917 4168 2046 4221 dicit
2092 4169 2393 4222 secundum
2446 4185 2664 4224 carnem
2719 4168 3032 4224 Judzeorum
3094 4169 3480 4241 Synagogam:

1924 4278 1941 4310 ι
1978 4259 2119 4312 Caro
2169 4276 2309 4325 mea,
2355 4260 2531 4329 inquit
2561 4261 2747 4327 _enim,
2780 4276 2846 4315 ex
2883 4261 3010 4316 illis.
3055 4280 3072 4312 ι
3119 4262 3266 4316 Diem
3299 4275 3480 4317 autem

1917 4349 2356 4420 desponsationis
2410 4351 2669 4416 ostendit,
2708 4353 2760 4405 in
2798 4367 2906 4421 qua
2940 4353 3056 4420 ipse
3106 4352 3322 4420 quidem
3376 4354 3482 4409 sibi

1923 4440 2177 4509 gentium
2215 4439 2514 4494 Ecclesiain
2550 4441 2919 4508 desponsam,
2949 4442 3040 4495 illa
3085 4456 3214 4496 vero
3249 4442 3479 4511 decepta

246 4538 607 4604 νυμφεύσεως
655 4535 840 4587 αὑτοῦ.
875 4552 892 4585 ι
930 4534 1155 4606 Μητέρα
1205 4534 1304 4603 μὲν
1351 4533 1443 4586 οὖν
1487 4533 1634 4599 λέγει
1675 4533 1815 4584 κατὰ
1847 4552 1922 4606 θη

1805 4537 1973 4606 [Bel
2005 4529 2194 4583 insana
2244 4529 2523 4598 SynagOga
2575 4545 2833 4584 coronam
2894 4546 2925 4584 e
2986 4531 3156 4599 spinis
3213 4531 3264 4584 in
3318 4543 3481 4600 caput

251 4628 432 4696 σάρκα
448 4627 494 4660 θ’
529 4626 627 4695 τὴν
678 4624 788 4678 τῶν
843 4624 1112 4677 Ἰουδαίων
1166 4624 1521 4693 συναγωγήν·
1555 4623 1570 4652 ¹
1613 4641 1630 4673 ι
1670 4623 1811 4692 Σάρξ

252 4735 357 4786 μου
390 4717 519 4784 γὰρ,
550 4719 738 4786 φησὶν,
758 4717 815 4780 ἐξ
838 4717 1018 4769 αὐτῶν
1039 4733 1053 4747 ·
1082 4735 1099 4768 ι
1129 4717 1342 4787 ἡμέραν
1373 4716 1428 4768 δέ
1458 4715 1810 4784 νυμφεύσεως

245 4806 417 4860 αὑτοῦ
462 4807 654 4876 (δηλοῖ)
685 4806 805 4858 καθ’
832 4808 900 4876 ἢν
935 4808 984 4874 (ὀ
1013 4808 1134 4875 μὲν)
1165 4805 1261 4876 τὴν
1288 4805 1344 4871 ἐξ
1380 4806 1547 4858 ἐθνῶν
1584 4806 1811 4872 Ἐκκλη-

246 4898 370 4949 σίαν
422 4895 829 4967 ἐνυμφεύσατο¹
865 4913 879 4926 ·
927 4898 960 4964 ἡ
1011 4897 1066 4948 δὲ
1117 4896 1604 4968 (πεφενακισμένη
1659 4896 1751 4948 καὶ
1791 4896 1808 4965 )

249 4989 605 5056 ματαιόφρων
637 4988 819 5057 ἐκείνη
857 4987 1147 5055 συναγωγὴ
1178 4988 1442 5054 στέφανον
1481 4988 1537 5052 ἐξ
1564 4985 1812 5039 ἀκανθῶν

248 5079 346 5130 ὲπὶ
529 5078 772 5148 κεφαλὴν
801 5077 965 5130 αὑτοῦ
997 5079 1156 5130 θεῖσα
1199 5079 1314 5148 (καὶ
1349 5079 1423 5142 ὡς
1455 5081 1814 5148 ἐπευφραινο-

1917 4619 2032 4687 ejus
2068 4621 2268 4688 posuit,
2300 4627 2353 4673 et
2383 4623 2535 4688 quasi
2571 4620 2870 4674 laetabunda
2901 4629 2951 4673 et
2986 4621 3215 4674 illudens
3246 4622 3295 4674 ci
3333 4623 3481 4677 dice-

1921 4713 2010 4763 bat
2053 4728 2068 4763 :
2130 4728 2148 4761 ι
2182 4714 2330 4775 Ave,
2381 4726 2472 4764 rex
2516 4709 2847 4765 Judawrum.
2915 4730 2931 4762 ι
2976 4711 3124 4777 Quos
3171 4715 3477 4779 intendens,

1925 4799 2095 4854 Isaias
2127 4797 2323 4854 fortius
2356 4801 2606 4854 verberat
2631 4801 2817 4854 dicens
2869 4818 2883 4854 :
2931 4819 2948 4852 ι
2985 4802 3060 4855 De
3086 4817 3193 4867 quo
3239 4801 3483 4857 lusistis?

1919 4905 2082 4959 super
2123 4905 2285 4959 quem
2333 4889 2569 4957 ejecistis
2603 4891 2836 4959 linguam
2873 4901 3127 4953 vestram,
3174 4892 3264 4945 lilii
3299 4895 3480 4961 perdi.

1923 4982 2106 5045 tionis,
2140 4995 2325 5036 semen
2374 4980 2652 5035 mendax?
2685 4999 2702 5031 ι
2759 4979 2908 5034 Unde
2945 4981 3207 5037 Dominus
3235 4983 3349 5052 ipse
3382 4999 3476 5052 pcr

1919 5074 2054 5128 Osee
2085 5073 2500 5129 lamentabiliter
2529 5074 2665 5128 dixit
2694 5093 2705 5128 :
2769 5091 2786 5124 ι
2828 5073 2915 5128 ναι
2944 5073 3049 5128 illis
3085 5076 3208 5142 quia
3249 5091 3481 5129 recessc-

1431 5243 1626 5303 Varize
1671 5240 1975 5304 lectiones
2017 5245 2076 5298 et
2120 5246 2308 5299 notae.

319 5369 846 5441 “xexpﬁaOatCed.
930 5368 1154 5441 ",Joan.
1218 5389 1291 5434 XI,
1341 5372 1427 5426 48.
1533 5373 1579 5402 ⁸¹

1611 5375 1666 5441 ἡ.
1691 5372 1780 5424 τὸν
1809 5389 1860 5424 τ.
1882 5367 2074 5441 (Σεᾶ.ὴ

3309 5370 3329 5400 ⁸
3339 5369 3354 5398 ⁸
3382 5373 3471 5424 καὶ

2105 5368 2197 5418 καὶ
2225 5367 2317 5419 τὸν
2348 5385 2398 5421 τ.
2431 5367 2514 5422 Jo.
2613 5369 2658 5399 ⁸³
2690 5373 2787 5436 τῆς
2818 5369 3060 5434 ἐξουσίας
3099 5369 3220 5423 cod.

243 5443 354 5522 τὴν.
385 5436 664 5522 λατρείαν,
695 5459 761 5522 ἰκ.
794 5441 851 5522 δὲ
962 5440 1195 5522 Cﬁdz-T
1239 5444 1325 5496 ἀν.
1361 5442 1452 5519 οὓς
1502 5436 1724 5522 θέλουσι,
1761 5443 1854 5493 καί

1800 5443 1854 5493 αί
1907 5439 2035 5522 (Led:
2066 5436 2085 5522 ⁷,
2109 5437 2156 5468 ⁸⁵
2186 5436 2347 5522 υιξιιιἶ
2401 5438 2732 5522 {ﬂung-tiu
2859 5440 3018 5522 πάντἒ
3071 5438 3223 5522 cod..
3260 5440 3471 5522 πάντως

246 5507 381 5565 ceu.
456 5510 498 5539 ‘"
538 5513 630 5564 ἐπ.
684 5512 738 5563 ά.
791 5510 922 5565 Ced.
997 5510 1044 5540 ⁸⁸
1079 5511 1334 5578 Ἔλεγχος
1380 5513 1488 5562 τῶν
1521 5511 1848 5578 παρανόμων
1897 5511 1922 5560 ’1

1795 5529 1848 5561 υν
1897 5507 2163 5578 Ἰουδαίων
2184 5546 2198 5570 ,
2223 5508 2370 5578 _Ced.
2406 5507 2848 5578 585ΛΞέῦδ620.
2881 5537 2946 5548 ——
2975 5510 3079 5561 είκ.
3112 5537 3179 5578 5-:-
3206 5507 3412 5578 ἐκεῖνον
3440 5525 3471 5559 α

247 5583 422 5652 prima
457 5594 617 5632 manu
671 5578 941 5640 omiSsa,a
984 5575 1320 5632 secunda-"tn
1358 5584 1596 5646 margine
1642 5575 1812 5646 posita
1839 5595 1918 5632 SUl

247 5654 378 5694 περὶ
413 5650 567 5694 ὑμῶν
608 5650 671 5694 ἐκ
715 5651 1004 5694 προσώπου
1041 5649 1174 5694 Θεοῦ
1204 5665 1367 5694 coram
1399 5652 1527 5694 Call.
1577 5650 1674 5694 l\2-
1711 5667 1747 5694 ι-
1776 5650 1829 5694 τι..

1788 5596 1812 5630 a
1839 5587 1980 5632 sunt.
2061 5575 2103 5605 "
2136 5576 2506 5644 ὲμὸρόντιστοι
2535 5577 2654 5630 cod.
2733 5578 2776 5608 ’°
2805 5580 3062 5646 πάσχετε.
3111 5576 3335 5636 Ἡσαΐας
3365 5578 3464 5694 717,;

1788 5650 1829 5694 Ξ.
1977 5645 2020 5678 ⁹¹
2059 5661 2111 5694 γ.
2141 5647 2173 5694 4
2216 5661 2229 5694 :
2261 5648 2310 5694 τί
2343 5648 2548 5694 ποιήσω
2586 5650 2665 5694 ἔτι
2690 5665 2700 5694 :
2729 5647 2779 5694 τί
2807 5667 2864 5694 π-
2894 5647 2969 5694 τῶ
2988 5647 3114 5694 Ced.
3263 5645 3306 5676 ⁵³
3344 5660 3392 5694 v.
3454 5680 3464 5694 .

247 5649 378 5716 περὶ
413 5650 567 5716 ὑμῶν
608 5650 671 5699 ἐκ
715 5651 1004 5714 προσώπου
1041 5649 1174 5700 Θεοῦ
1204 5665 1367 5716 φησιν
1399 5652 1527 5701 (led.
1577 5650 1674 5701 lsa.
1711 5667 1748 5711 ι,
1776 5650 1829 5699 2.

1437 5721 1481 5750 ¹³⁸
1513 5722 1596 5773 ἀν.
1631 5721 1722 5768 ἐπὶ
1748 5717 1840 5768 τοῦ
1875 5734 1930 5769 π.
1967 5715 2095 5768 (led.

1808 5789 1820 5818 '
1856 5786 1989 5841 Gen.
2025 5799 2224 5850 xtrvu,
2275 5786 2386 5839 20?
2458 5789 2476 5817 '
2504 5789 2578 5840 ἐν.
2611 5787 2693 5842 ἐκ.
2720 5787 2851 5841 Ced.

246 5723 294 5753 ’³
326 5717 422 5772 ἳνα
469 5719 670 5785 ποιήσῃ
724 5717 852 5769 (Sed.
932 5720 972 5747 ”
1002 5718 1180 5782 ἇσπερ
1215 5719 1333 5771 cod.

249 5791 384 5843 ted.
416 5786 661 5841 --Cant.
701 5801 782 5847 ιιι,
816 5788 897 5837 ll.
975 5790 1018 5817 ”
1051 5793 1147 5855 μέν
1176 5789 1338 5840 αὑτοῦ
1366 5806 1418 5844 κ.
1453 5806 1501 5841 σ.
1527 5789 1576 5840 λ.
1601 5790 1729 5843 (lcd.

509 5879 774 5940 ΡΑτιιρι..
805 5881 918 5938 Gn.
950 5881 1082 5942 CX.

3263 5645 3306 5676 δ¹
3344 5660 3392 5706 v,
3420 5645 3470 5697 7.

1977 5645 2020 5678 ⁹¹
2059 5661 2111 5709 v,
2141 5647 2173 5696 4
2216 5661 2229 5698 :
2261 5648 2310 5696 τί
2343 5648 2548 5714 ποιήσω
2586 5650 2665 5698 ἔτι
2689 5665 2701 5711 ;
2729 5647 2779 5698 τί
2807 5667 2864 5700 π.
2894 5645 2969 5715 τῷ
2988 5647 3114 5699 Ced.
3263 5645 3306 5676 δ’
3344 5660 3383 5705 ν,

1977 5715 2095 5764 lled.
2201 5716 2247 5745 "
2279 5714 2434 5764 Joan.
2478 5733 2586 5764 xu.
2622 5721 2673 5764 li.
2751 5717 2796 5748 '7
2823 5717 2928 5764 Jnr.
2961 5732 3055 5764 xu-
3092 5715 3141 5764 8.
3248 5712 3291 5746 ³⁸
3327 5713 3383 5764 λέ

3329 5729 3475 5779 ιεγει

2201 5716 2247 5745 ’⁸
2279 5714 2434 5770 J0an.
2478 5733 2586 5777 xix.
2622 5721 2673 5769 ti.
2751 5714 3056 5781 ⁹⁷1ει·.⁷)ιιι,
3092 5715 3141 5768 8.

3053 5875 3116 5936 15
