4244 6444
767 387 873 444 459

771 591 825 642 In
861 600 967 647 me,
996 593 1052 638 et
1083 580 1222 635 mala
1268 580 1322 633 in
1366 594 1453 633 me
1483 577 1873 648 cogitaverunt.
1920 593 1938 624 ι
1982 599 2052 612 -
2097 591 2113 622 ι
2156 569 2337 635 Quare

769 682 1060 734 devoratus
1121 682 1206 729 est
1255 669 1458 736 Israel,
1511 680 1564 724 et
1619 667 1686 722 ad
1742 667 1974 721 nihilum
2030 665 2333 728 redactus,

753 780 821 825 .et
877 781 1136 837 tanquam
1194 779 1291 819 vas
1340 762 1532 818 inutile
1586 760 1640 814 in
1692 759 2028 814 nationibus.
2081 776 2100 807 ι
2169 755 2336 809 Simi-

766 865 894 918 litcr
934 874 988 916 et
1047 875 1139 930 per
1184 857 1473 912 Jeremiam
1522 855 1599 908 ait
1657 872 1673 908 :
1744 871 1762 903 ι
1803 851 2040 905 lnstruet
2080 859 2132 903 te
2176 861 2337 901 aver-

766 957 850 1010 sio
901 965 1034 1018 tua,
1087 962 1140 1004 et
1205 949 1411 1002 malitia
1464 955 1556 1001 tua
1606 944 1908 1014 increpabit
1948 951 2000 996 te
2029 980 2044 1006 ,
2094 950 2148 994 et
2195 940 2335 995 scies

766 1048 894 1115 quia
946 1055 1192 1098 amarum
1249 1038 1344 1093 tibi
1407 1037 1762 1106 dereliquisse
1819 1043 1870 1087 te
1928 1047 2059 1097 me,
2112 1040 2166 1086 ct
2227 1044 2336 1084 non

772 1137 982 1208 placuit
1017 1135 1148 1189 mihi
1192 1133 1244 1186 iu
1293 1141 1363 1186 te.
1405 1149 1422 1181 ι
1481 1128 1649 1181 Divus
1689 1133 1743 1179 et
1773 1124 1940 1179 David
1990 1123 2146 1192 quasi
2195 1121 2338 1174 Iren-

767 1231 902 1284 dens
949 1240 1113 1296 super
1157 1238 1272 1284 vos,
1306 1235 1404 1290 pro
1451 1217 1681 1272 Domino
1711 1215 1966 1271 ludibriis
2010 1213 2206 1268 aﬂeCto
2251 1212 2334 1266 sic

769 1297 1097 1389 imprecatur
1137 1314 1362 1367 dicens:
1403 1329 1420 1363 ι
1455 1307 1831 1366 Obscurentur
1859 1308 2002 1363 oculi
2039 1322 2226 1361 eorum
2269 1318 2336 1357 ne

750 1411 1006 1474 .videant,
1029 1417 1080 1461 et
1107 1406 1326 1460 dorsum
1350 1417 1538 1457 eorum
1570 1415 1784 1468 semper
1813 1399 2037 1452 incurva
2071 1414 2084 1449 :
2124 1393 2338 1449 effunde

764 1518 930 1573 super
975 1514 1070 1554 eos
1109 1500 1242 1551 iram
1292 1505 1464 1557 tuam,
1511 1503 1567 1546 et
1612 1492 1761 1545 zelus
1809 1491 1905 1544 irai
1941 1499 2043 1543 tua:
2083 1501 2336 1556 compre-

770 1594 967 1649 hendat
989 1604 1084 1644 eos
1112 1604 1126 1639 :
1158 1594 1212 1641 et
1253 1599 1390 1655 pone
1417 1581 1754 1651 iniquitatem
1800 1594 1962 1650 super
1996 1578 2336 1648 iniquitatem

767 1698 977 1746 eorum,
997 1690 1166 1735 etnon
1187 1678 1388 1730 intrent
1407 1676 1462 1728 in
1483 1673 1748 1742 justitiam
1769 1681 1916 1727 tuam
1938 1687 1952 1726 :
1972 1670 2253 1724 deleantur
2273 1668 2339 1722 de

1983 368 2302 428 GEORGII
2350 370 2792 431 IIAMARTOLI

773 507 900 551 runt
945 511 974 547 a
1013 507 1135 556 me;
1191 485 1533 542 miserabiles
1565 493 1692 538 sunt
1745 484 1871 552 quia
1913 481 2075 550 impie
2117 488 2343 550 egerunt
2372 489 2449 549 Α,

1975 481 2075 550 ιρίο
2117 488 2343 550 egerunt
2372 489 2414 545 Α
2446 481 2581 552 μένη
2635 485 2753 552 καὶ)
2786 483 3129 553 ἐμπαίζουσα
3166 486 3314 554 αὐτῷ
3337 489 3356 516 ³
3394 486 3610 552 ἔλεγενδ
3639 501 3651 516 ·

3905 376 4015 438 460

3697 506 3716 537 ι
3753 486 3948 556 Χαῖρε,
3987 483 4014 533 ὀ

2441 572 2695 641 βασιλεὺς
2739 575 2848 628 τῶν
2879 576 3191 639 Ἰουδαίων,
3224 595 3241 627 ι
3279 577 3413 644 πρὸς
3459 577 3553 640 οὓς
3590 577 4014 646 ἀποτεινόμενος

2450 664 2676 728 Ἡσαΐας
2703 665 3146 736 πληκτικώτερον
3164 669 3184 700 ⁸
3213 667 3316 738 ἔφη
3331 668 3350 696 ⁸
3377 684 3390 697 ·
3405 668 3524 720 «Ἐν
3540 667 3644 721 τίνι
3665 670 4013 738 ὲτρυφήσατε

2439 757 2534 809 καὶ
2582 758 2678 809 ἐπὶ
2721 760 2842 811 τίνα
2876 759 3178 828 ἑχαλάσατε
3218 760 3315 829 τὴν
3349 759 3604 828 γλῶσσαν
3635 759 3812 829 ὑμῶν,
3841 759 4013 812 τέκνα

2438 849 2715 912 ἀπωλείας
2766 851 2860 904 καὶ
2911 850 3134 920 σπέρμα
3184 851 3423 922 ἀνομονς
3477 870 3494 903 ι
3551 852 3715 906 Ὅθεν
3769 851 3932 911 αὐτὸς
3984 853 4013 902 ό

2438 941 2643 1011 Κύριος
2663 943 2730 996 δι’
2763 943 2919 1012 Ὠσηὲ
2941 943 3031 996 τοῦ
3051 944 3334 1014 προφήτου
3361 938 4007 1015 σχετλιαστικῶςεῐπεντο

2443 1051 2460 1082 ι
2499 1034 2636 1085 Οὐαὶ
2686 1033 2892 1098 αὐτοῖς,
2938 1036 3022 1087 ὃτι
3064 1034 3424 1104 ἀπεπήδησαν
3457 1035 3552 1088 ἀπ’
3593 1034 3750 1103 ἐμοῦ,
3783 1031 4009 1086 δείλαιοι

2437 1122 2596 1185 είσιν,
2634 1122 2717 1175 ὅτι
2755 1122 3036 1194 ἠσέϐησαν
3064 1125 3146 1187 εἰς
3175 1123 3276 1193 ἐμὲ
3301 1151 3370 1162 ——
3393 1126 3486 1178 καὶ
3510 1122 3724 1195 πονηρά
3769 1124 3849 1186 είς
3904 1121 4007 1190 ἐμὲ

2436 1212 2770 1282 ἑλογίσαντο.
2796 1232 2814 1265 ι
2854 1215 2877 1247 ⁸
2917 1217 3042 1270 «Διά
3076 1215 3233 1269 τοῦτο
3278 1217 3554 1287 κατεπόθη
3587 1213 3825 1286 Ἰσραὴλ,
3857 1215 3878 1246 ⁹
3909 1215 4010 1268 καὶ

2436 1306 2514 1367 είς
2543 1306 2693 1359 οὐδὲν
2733 1307 2975 1375 ἐγένετο,
3007 1309 3101 1362 καὶ
3149 1309 3295 1362 ἐστιν
3327 1307 3576 1378 ὥσπερίο
3609 1308 3800 1369 σκεῦος
3839 1308 4012 1376 ἄχρη-

2438 1411 2562 1448 στον
2608 1396 2665 1447 ὲν
2910 1398 3025 1459 τοῖς
3065 1398 3294 1452 ἔθνεσιν.
3335 1417 3353 1449 ι
3389 1396 3655 1466 (Ὁμοίως
3685 1396 3762 1465 δὲ)
3799 1395 3893 1448 καὶ
3918 1395 4011 1447 διὰ

2449 1487 2712 1558 Ἱερεμίου
2739 1487 2777 1518 ¹¹
2836 1489 3001 1557 φησίν
3027 1488 3069 1519 ¹¹
3097 1503 3111 1518 ·
3148 1507 3166 1539 ι
3209 1488 3492 1542 Παιδεύσει
3520 1503 3576 1539 σε
3623 1488 3655 1555 ἡ
3699 1487 4011 1538 ἀποστασία

2440 1593 2553 1642 σου,
2600 1578 2695 1629 καὶ
2748 1578 2781 1648 ἡ
2834 1576 3005 1630 κακία
3055 1595 3152 1630 σου
3203 1578 3414 1646 ἐλέγξει
3450 1595 3531 1642 σε,
3569 1578 3661 1630 καὶ
3692 1575 3898 1645 γνώσῃ,
3926 1575 4012 1626 ὅτι

2439 1670 2636 1739 πικρόν
2667 1686 2747 1722 σοι
2777 1669 2862 1742 [τὸ
2884 1669 2966 1740 ἐγ]
3006 1669 3324 1722 καταλιπεῖν
3384 1687 3443 1720 σε
3497 1669 3597 1736 ἐμὲ
3628 1667 3742 1738 (καὶ
3765 1668 3865 1720 οὐκ
3907 1666 4013 1735 ηὑ-

769 1778 909 1832 libro
954 1770 1273 1832 viventium,
1322 1777 1376 1822 et
1426 1781 1548 1820 cum
1576 1766 1740 1834 justis
1786 1779 1894 1818 non
1937 1762 2267 1817 scribantur.
2313 1779 2332 1813 ι
2369 1763 2445 1834 _l

2369 1826 2404 1834 _
2437 1761 2642 1829 δόκησα
2692 1762 2750 1813 ὲν
2795 1760 2930 1829 σοί).
2964 1779 2982 1812 ι
3032 1759 3092 1813 '0
3125 1761 3182 1814 δέ
3213 1777 3273 1828 γε
3305 1759 3443 1820 θεῖος
3473 1757 3657 1823 Δαυῒδ,
3682 1757 3870 1825 ὥσπερ
3894 1756 4012 1808 δια-

945 1865 1203 1934 Disperge
1244 1826 1340 1914 eos
1381 1858 1435 1911 in
1473 1826 1684 1926 iustitia
1736 1866 1848 1919 tua,
1885 1862 1940 1908 et
1979 1854 2188 1922 depone
2217 1865 2334 1915 eos,
2369 1826 2409 1880 Β
2441 1870 2447 1887 ι

2369 1826 2409 1880 Β
2441 1826 2733 1921 πριόμενος
2770 1826 2894 1904 καθί
2940 1851 3115 1920 ὑμῶν,
3143 1826 3418 1920 ἐπαρᾶται
3451 1849 3588 1919 πρὸς
3629 1848 3718 1902 τὸν
3743 1864 4010 1919 παροινη-

771 1964 1046 2029 protector
1084 1968 1260 2018 meus,
1290 1950 1536 2004 Domine.
1581 1965 1600 1998 ι
1631 1948 1699 2002 Ει
1728 1945 2257 2014 comprehendantur
2283 1943 2336 1996 in

771 2048 1024 2120 superbia
1041 2060 1161 2108 sua,
1203 2044 1256 2097 in
1289 2042 1370 2095 ira
1399 2036 1910 2097 consummationis,
1942 2044 1996 2089 et
2027 2049 2133 2088 non
2159 2040 2337 2097 erunt,

771 2152 826 2198 et
870 2139 1048 2196 scient
1089 2137 1216 2206 quia
1273 2133 1412 2186 Deus
1461 2131 1774 2185 dominator
1820 2126 1990 2180 Iacob
2039 2137 2094 2181 et
2147 2127 2337 2180 linium

770 2244 954 2289 terra.
987 2248 1006 2281 ›
1045 2228 1102 2283 In
1149 2225 1350 2296 quibus
1392 2222 1600 2278 scilicet
1648 2219 1844 2274 merito
1889 2217 2122 2287 dispersi
2181 2217 2340 2286 plane

774 2328 1108 2394 cognoscent
1150 2317 1280 2386 quia
1333 2315 1473 2368 Deus
1520 2323 1603 2366 est
1653 2309 1907 2365 Christus
1944 2307 2114 2378 patris
2147 2321 2335 2361 eorum

767 2408 935 2463 Iacob
976 2415 1030 2460 et
1059 2404 1368 2459 dominatur
1399 2401 1452 2454 in
1480 2413 1673 2453 omnes
1703 2407 1758 2453 et
1790 2397 1882 2452 dat
1919 2397 2216 2465 unicuique
2249 2411 2338 2450 se-

773 2500 1008 2556 cundum
1039 2508 1202 2564 opera
1251 2506 1370 2547 sua.
1426 2489 1516 2544 Sic
1555 2488 1647 2541 Dei
1685 2488 2060 2543 manifestator
2101 2486 2334 2556 Moyses,

771 2601 898 2648 ante
927 2587 1296 2660 perstringens
1325 2591 1379 2638 et
1405 2590 1601 2636 notans
1636 2595 1732 2634 vos
1755 2589 1811 2632 ut
1837 2579 2232 2633 abominabiles
2285 2587 2336 2632 et

770 2683 1089 2750 insipientes
1135 2685 1189 2731 et
1240 2676 1485 2743 ingratos
1518 2712 1541 2737 ,,
1591 2670 1729 2726 dixit
1769 2688 1783 2724 :
1844 2687 1863 2721 ι
1913 2670 2036 2724 Filii
2079 2681 2333 2739 nequam,

773 2771 1054 2842 generatio
1094 2780 1256 2836 prava
1283 2773 1336 2819 et
1374 2778 1648 2834 perversa,
1678 2761 1920 2816 haeccine
1954 2760 2182 2815 Domino
2213 2761 2336 2814 red-

766 2862 944 2917 dunt?
982 2859 1089 2914 Iste
1142 2858 1375 2927 populus
1417 2855 1614 2908 stultus
1646 2862 1699 2906 et
1729 2852 2032 2920 insipiens;
2074 2865 2182 2903 non
2222 2849 2338 2918 ipse

767 2953 859 3006 hic
874 2949 1033 3004 Pater
1053 2956 1180 3002 tuus
1205 2942 1445 3014 possedit
1476 2953 1525 2996 te
1555 2952 1608 2996 et
1638 2940 1766 2994 iecit
1789 2950 1842 2995 et
1866 2939 2159 3008 plasmavit
2191 2938 2282 2993 te?
2313 2956 2329 2988 ι

769 3037 921 3093 Unde
951 3037 1095 3105 juste
1129 3033 1367 3102 loquitur
1395 3028 1538 3083 Deus
1572 3045 1587 3084 ;
1628 3047 1646 3080 ι
1686 3028 1826 3091 Dixi,
1870 3025 2180 3095 Dispergam
2215 3040 2332 3090 eos,

2440 1943 2602 1996 θέντα
2633 1943 2836 2012 Κύριον
2869 1942 3105 2010 λέγωνη
3136 1960 3150 1974 ο
3196 1961 3213 1994 ι
3247 1943 3695 2013 Σκοτισθήτωσαν
3723 1941 3773 1992 οἱ
3815 1940 4014 2009 690:}-

2443 2035 2534 2104 μοὶ
2585 2033 2766 2086 αὐτῶν
2815 2033 2909 2086 τοῦ
2957 2033 3031 2105 μὴ
3081 2033 3324 2102 βλέπειν,
3355 2036 3445 2087 καὶ
3472 2034 3576 2087 ’τὸν
3623 2033 3790 2087 νῶτον
3829 2031 4012 2085 αὐτῶν

2439 2127 2527 2179 διὰ
2557 2127 2758 2188 παντὸς
2788 2125 3144 2195 σύγκαμψον·
3178 2127 3368 2195 ἔκχεον
3397 2125 3696 2188 ὲπάὖτοὺς
3720 2125 3818 2194 τὴν
3837 2127 4013 2195 ὀργήν

2440 2233 2558 2281 σου,
2590 2217 2685 2268 καὶ
2705 2215 2732 2266 6
2753 2217 2923 2286 Θυμὸς
2950 2217 3048 2285 τῆς
3071 2216 3240 2287 ὀργῆς
3274 2232 3368 2268 σου
3395 2215 3754 2268 καταλάϐοιιδ
3776 2215 3978 2275 αὐτούς
3995 2230 4010 2245 ο

2439 2309 2577 2379 (καὶ)
2605 2308 2842 2378 πρόσθες
2864 2309 3093 2379 ἀνομίαν
3117 2311 3208 2360 ἐπὶ
3236 2308 3334 2377 τὴν
3357 2307 3586 2377 ἀνομίαν
3611 2308 3652 2339 ⁸⁵
3687 2305 3894 2370 αὐτῶν,
3918 2307 4012 2358 καὶ

2441 2400 2518 2471 μὴ
2565 2400 2957 2453 είσελθέτωσαν
2992 2401 3050 2452 ιν
3080 2400 3396 2470 δικαιοσύνῃ
3445 2412 3573 2452 σου⁶
3609 2398 4014 2466 ἐξαλειφθήτωο

2441 2509 2541 2544 σαν
2567 2492 2632 2544 ἐκ
2658 2490 2841 2561 βίϐλου
2876 2489 3114 2555 ζώντων,
3141 2493 3232 2544 καὶ
3268 2491 3409 2561 μετὰ
3437 2490 3664 2544 δικαίων
3695 2490 3770 2561 μὴ
3794 2492 4008 2559 γραφή-

2438 2598 2657 2635 τωσαν·
2712 2601 2730 2633 ι
2799 2583 2892 2634 καί
2916 2583 2992 2615 ¹⁶ο
3056 2599 3074 2632 ι
3130 2583 3531 2654 Διασκόρπισον
3583 2583 3780 2645 αὐτοὺς
3832 2585 3890 2634 ἐν
3944 2585 4009 2650 τῇ

2437 2673 2754 2744 δικαιοσύνῃ
2772 2689 2866 2726 σου
2888 2674 2981 2726 καὶ
3005 2674 3280 2726 κατάἦαλε
3310 2675 3571 2738 αὑτοὺς,ὀ
3595 2676 4012 2744 ὑπερασπιστὴς

2440 2784 2562 2837 μου,
2594 2765 2786 2836 Κύριε.
2818 2783 2837 2816 ι
2871 2795 2940 2807 -
2976 2783 2994 2815 ι
3018 2766 3126 2818 Καὶ
3156 2765 3613 2836 συλληφθήτωσαν
3635 2769 3693 2819 tv
3713 2769 3775 2836 τῇ
3805 2768 4010 2836 ὑπερη-

2439 2857 2606 2927 φανίᾳ
2636 2855 2817 2910 αὐτῶν
2841 2886 2910 2896 -
2927 2857 2983 2908 ὲν
3012 2857 3151 2926 ὀργῇ
3185 2856 3518 2920 συντελείας,
3536 2857 3629 2909 καὶ
3649 2857 3706 2908 οὐ
3734 2856 3810 2926 μὴ
3835 2857 4011 2925 ὐπάρο

2438 2947 2614 3013 ξουσι,
2646 2948 2739 3000 καὶ
2774 2945 3102 3016 γνώσονται,
3137 2946 3221 2998 ὅτι
3270 2946 3297 2997 6
3334 2945 3464 3008 Θεὸς
3488 2945 3736 3009 δεσπόζει
3763 2944 3858 2998 τοῦ
3899 2945 4006 2997 Ἰα-

2446 3037 2561 3090 κὼσ
2597 3040 2691 3091 καὶ
2721 3037 2832 3089 τῶν
2864 3037 3116 3106 περάτων
3172 3037 3269 3105 τῆς
3318 3037 3450 3105 γῆς·
3485 3054 3504 3086 ι
3540 3036 3624 3104 ἐφ’
3739 3036 4009 3106 δήπουθεν

766 3141 982 3185 cessare
1017 3124 1211 3178 faciam
1246 3122 1314 3174 ab
1349 3119 1664 3172 hominibus
1692 3117 2010 3169 memoriam
2052 3131 2267 3170 eorum.
2309 3134 2328 3165 ι
2362 3147 2404 3206 c
2439 3148 2442 3181 η

2327 3148 2328 3151 η
2362 3147 2404 3206 ο
2439 3128 2574 3198 (καὶ)
2622 3127 3015 3198 διασπαρέντες
3045 3127 3269 3189 ἐνδίκως
3297 3124 3696 3192 ὲπιγνώσονται
3751 3127 3970 3188 πάντως
3989 3167 4003 3190 ε

770 3218 1154 3275 Verumtamen
1213 3210 1448 3278 inclytus
1494 3206 1760 3262 Ieremias
1828 3205 2029 3260 clarius
2088 3205 2336 3260 indicans
2439 3223 2446 3270 ε

2331 3226 2336 3258 θ
2439 3222 2609 3291 ὄτι(ό)
2631 3219 2763 3281 Θεός
2791 3221 2905 3272 ἐστι
2935 3218 3170 3288 Χριστὸς
3209 3216 3305 3269 τοῦ
3345 3218 3550 3289 πατρὸς
3597 3217 3778 3271 αὐτῶν
3816 3217 4007 3270 Ἰακὼὸ

766 3309 891 3379 quis
944 3322 970 3358 a
1017 3302 1168 3357 vobis
1219 3300 1332 3353 haec
1393 3311 1588 3367 passus
1610 3297 1712 3362 sit,
1772 3296 2038 3350 exclamat
2085 3296 2275 3351 dicens
2321 3313 2334 3348 :

773 3421 792 3453 ι
834 3396 1072 3468 Spiritus
1099 3401 1224 3447 ante
1253 3389 1449 3443 faciem
1485 3397 1745 3451 vestram,
1778 3387 2030 3443 Christus
2072 3387 2337 3444 Dominus

768 3500 962 3558 captus
987 3495 1069 3538 est
1100 3483 1155 3536 in
1188 3479 1431 3550 peccatis
1463 3476 1682 3539 vestris,
1727 3477 1794 3531 de
1822 3491 1930 3545 quo
1956 3477 2191 3531 diximus
2220 3495 2234 3532 ε
2276 3480 2334 3530 ιη

767 3583 962 3638 umbra
1023 3577 1139 3646 ejus
1189 3575 1457 3626 vivemus.
1493 3587 1513 3622 ι
1584 3567 1738 3623 Talia
1800 3568 2018 3636 quidem
2079 3568 2333 3624 Salomon

769 3685 962 3726 rursus
1005 3678 1290 3737 personam
1333 3668 1589 3723 vestram,
1621 3660 1713 3727 qui
1748 3674 1802 3710 in
1834 3658 1997 3712 Deum
2026 3659 2333 3727 luctamini,

766 3773 1055 3816 assumens
1094 3754 1349 3809 distincte
1380 3749 1733 3812 vaticinatur,
1778 3749 1969 3804 dicens
2000 3765 2014 3804 ι
2056 3769 2073 3801 ι
2107 3748 2337 3806 lnsidie-

767 3869 891 3908 mur
921 3852 1089 3920 justo,
1125 3847 1381 3916 quoniam
1426 3843 1689 3896 molestus
1711 3849 1795 3896 est
1823 3843 2002 3907 nobis,
2032 3851 2084 3896 et
2117 3856 2334 3899 contra-

767 3945 898 4000 dicit
927 3943 1182 4012 operibus
1216 3935 1438 3997 nostris,
1479 3943 1532 3988 et
1575 3935 1906 4002 improperat
1931 3937 2089 3989 nobis
2116 3948 2333 4004 peccata

765 4033 898 4101 legis
937 4048 952 4084 :
983 4026 1251 4098 promittit
1280 4038 1338 4078 se
1367 4023 1650 4077 scientiam
1680 4022 1773 4078 Dei
1813 4024 2034 4090 habere,
2081 4035 2136 4079 et
2165 4027 2332 4081 filium

764 4122 860 4176 Dei
888 4135 946 4174 se
977 4118 1221 4174 nominat
1253 4133 1266 4168 :
1294 4115 1468 4169 iactus
1488 4123 1573 4168 est
1605 4113 1760 4168 nobis
1797 4114 1850 4167 in
1883 4115 2332 4184 vituperationem

765 4213 1159 4283 cogitationum
1193 4215 1502 4262 nostrarum
1531 4223 1545 4259 ι
1578 4206 1760 4275 gravis
1787 4215 1869 4261 est
1901 4207 2058 4263 nobis
2076 4210 2238 4263 etiam
2267 4214 2334 4266 ad

765 4306 1088 4364 videndum,
1123 4299 1384 4368 quoniam
1414 4295 1696 4349 dissimilis
1730 4305 1814 4348 est
1849 4295 1971 4350 aliis
2007 4297 2116 4349 vita
2149 4297 2331 4351 illius:

763 4404 820 4450 ct
838 4395 1144 4447 immutatae
1165 4389 1268 4440 via:
1290 4384 1441 4454 ejus;
1470 4382 1526 4436 in
1555 4381 1829 4438 fallaciam
1865 4384 2117 4438 aestimati
2143 4400 2333 4442 sumus

2441 3314 2557 3381 (καὶ
2588 3311 2834 3382 κυριεύει
2867 3311 2935 3364 τὰ
2964 3309 3273 3377 σύμπαντα,
3310 3310 3402 3362 καὶ
3433 3312 3754 3363 ἀποδίδωσιν
3791 3312 4009 3380 ἑκάστῳ

2441 3402 2582 3454 κατὰ
2614 3402 2682 3453 τὰ
2713 3400 2851 3469 ἔργα
2880 3399 3091 3468 αὑτοῦ).
3134 3399 3290 3451 υῦτω
3321 3417 3385 3467 γε
3428 3399 3535 3470 μὴν
3574 3403 3669 3454 καὶ
3711 3403 3739 3453 6
3780 3400 4009 3470 θεοφὰν-

2437 3509 2551 3562 τωρ
2571 3493 2610 3524 ⁸⁷
2654 3493 2898 3561 Μωῦσῆς
2932 3491 3476 3562 (προκαθαπτόμενος
3523 3494 3638 3562 καὶ)
3675 3493 4009 3564 στηλιτεύων

2440 3583 2580 3652 ὑμᾶς
2602 3583 2675 3645 ὡς
2695 3582 2982 3654 βδελυροὺς
3001 3583 3090 3634 καὶ
3110 3583 3350 3649 ἄφρονας
3369 3585 3458 3636 καὶ
3478 3584 3798 3654 ἀγνώμονας
3818 3585 3922 3657 εφη
3941 3587 4004 3616 ¹¹⁶

2447 3691 2462 3724 ι
2501 3675 2677 3726 Τέκνα
2714 3674 2978 3743 μωμητά,
3009 3674 3174 3740 γενεά
3204 3674 3395 3726 σκολιὰ
3445 3676 3537 3728 καὶ
3571 3676 4006 3748 διεστραμμένη,

2437 3765 2610 3817 ταῦτα
2661 3765 2849 3835 Κυρίῳ
2902 3766 3323 3818 ἀνταποδίδωσιν
3349 3767 3428 3831 ¹⁹;
3459 3760 3612 3830 οὗτος
3647 3767 3771 3831 λαὸς
3817 3771 4003 3839 μωρὸς

2439 3857 2530 3908 καὶ
2567 3857 2688 3926 οὐχὶ
2738 3857 2936 3925 σοφός’
2970 3857 3071 3909 οὐκ
3116 3853 3464 3927 αὑτὸςρῦτὸς
3499 3876 3590 3910 σου
3624 3859 3813 3930 Πατὴρ
3840 3862 4008 3932 ἐκτή-

2439 3952 2565 4004 σατό
2612 3968 2672 4004 σε
2727 3953 2821 4004 καὶ
2849 3949 3076 4019 ἐποίησε
3121 3953 3215 4002 καὶ
3246 3951 3448 4003 ἔπλασε
3493 3968 3588 4015 σε;
3633 3970 3650 4002 ι
3693 3953 4006 4006 Κάντεῦθεν

2437 4042 2660 4102 εἰκότως
2677 4040 2840 4109 φησὶν
2860 4041 2887 4091 6
2920 4040 3051 4102 Θεός
3074 4041 3120 4070 ⁸⁸
3144 4057 3158 4071 ο
3183 4062 3201 4092 ι
3247 4036 3432 4104 Εῐπον,
3463 4043 3753 4111 Διασπερῶ
3783 4044 4004 4108 αὐτοὺς,

2439 4131 2630 4183 παύσω
2651 4131 2714 4200 δὴ
2744 4130 2802 4196 ἐξ
2826 4130 3133 4201 ἀνθρώπων
3159 4133 3220 4183 τὸ
3245 4133 3592 4202 μνημόσυνον
3615 4135 3818 4188 αὐτῶν.
3845 4153 3863 4186 ι
3897 4137 4007 4189 Καὶ

2441 4220 2622 4290 μέντοι
2657 4223 2751 4274 καὶ
2781 4224 2808 4274 ό
2842 4221 3051 4281 κλεινὸς
3089 4222 3362 4293 Ἱερεμίας
3402 4226 3658 4294 μᾶλλον¹¹
3695 4227 4006 4296 σαφηνίξών

2436 4310 2518 4372 τίς
2545 4303 2700 4373 οὗτός
2734 4313 2879 4364 ἐστιν
2905 4313 2932 4364 6
2960 4312 3132 4365 ταῦτα
3171 4313 3457 4378 πεπονθὼς
3497 4317 3591 4384 ἀφ’
3627 4317 3802 4388 ὑμῶν,
3836 4317 4006 4387 ἐκδοᾷ

2437 4401 2609 4467 λέγων
2627 4403 2670 4431 ²²
2694 4417 2706 4431 ·
2741 4420 2758 4451 ι
2785 4403 3006 4472 Πνεῦμα
3032 4406 3136 4473 πρὸ
3169 4406 3455 4474 προσώπου
3480 4409 3654 4478 ὑμῶν,
3671 4411 3904 4480 Χριστὸς
3931 4410 4003 4477 (ό)

762 4488 832 4542 ab
866 4486 982 4549 illo,
1026 4493 1079 4538 et
1112 4481 1349 4536 abstinet
1395 4493 1453 4532 se
1488 4492 1516 4530 a
1560 4475 1660 4528 viis
1699 4476 1902 4531 nostris
1954 4486 2209 4548 tanquam
2264 4481 2332 4533 ab
2366 4465 2410 4520 ι)

2325 4499 2332 4530 ⁵
2366 4465 2410 4520 D
2442 4465 2663 4560 Κύριος,
2689 4465 2996 4563 συνελήφδη
3023 4465 3221 4558 ιᾴτατέ
3241 4465 3556 4568 διαφθοραίς
3585 4465 3758 4568 ὑμῶν,
3788 4465 3918 4569 περὶ

762 4574 1178 4633 immunditiis:
1232 4569 1505 4624 beatiﬁcat
1571 4575 1753 4620 autem
1806 4567 2105 4622 novissima
2154 4570 2332 4638 justo-

763 4682 908 4730 rum,
942 4676 996 4719 et
1029 4662 1294 4733 gloriatur
1328 4658 1537 4714 Patrem
1578 4670 1636 4709 se
1664 4655 1864 4709 habere
1887 4653 2055 4711 Deum
2095 4675 2108 4711 :
2149 4660 2331 4714 videa-

759 4773 881 4814 mus
908 4757 954 4810 si
992 4766 1278 4808 sermones
1324 4750 1470 4803 illius
1501 4745 1615 4801 veri
1646 4746 1794 4808 sint,
1832 4756 1886 4799 et
1912 4756 2181 4804 tentemus
2207 4766 2327 4820 qua:

756 4859 984 4904 ventura
1013 4855 1139 4900 sunt
1165 4844 1264 4896 illi.
1310 4841 1368 4895 Si
1413 4842 1556 4895 enim
1594 4848 1674 4892 est
1712 4838 1898 4906 justus
1922 4849 1976 4895 et
2014 4840 2183 4897 Filius
2212 4845 2327 4908 Dei,

756 4938 1021 5006 suscipiet
1044 4933 1291 5001 illum,:et
1313 4932 1559 4986 liberabit
1580 4947 1704 4987 eum
1726 4932 1792 4988 de
1811 4948 1974 4987 manu
1993 4935 2329 4990 adversario-

757 5046 902 5084 rum.
925 5026 1269 5082 Contumelia
1297 5033 1352 5077 et
1372 5034 1645 5078 tormento
1668 5025 2069 5095 interrogemus
2091 5042 2238 5094 eum,
2270 5041 2328 5083 ut

758 5125 996 5177 sciamus
1031 5119 1388 5174 reverentiam
1411 5117 1553 5185 ejus,
1595 5125 1648 5169 et
1681 5117 1976 5185 probemus
2006 5120 2323 5186 patientiam

2437 4583 2729 4651 εἴπαμενη
2757 4600 2770 4613 ·
2817 4584 2904 4636 Ἐν
2931 4588 2996 4656 τῇ
3025 4587 3154 4656 σκιᾷ
3178 4587 3341 4639 αὑτοῦ
3368 4588 3668 4658 ζησόμεθα.
3699 4609 3717 4641 ι
3762 4590 4002 4644 Τοιαῦτα

2431 4675 2561 4741 γοῦν
2587 4676 2682 4727 καὶ
2701 4677 2747 4706 ³⁸
2773 4675 3024 4746 Σολομὼν
3053 4673 3210 4740 αὖθις
3239 4680 3303 4730 ὲκ
3340 4679 3429 4750 (78
3453 4679 3500 4750 δ)
3520 4681 3813 4751 προσώπου
3843 4682 4002 4751 ὑμῶν

2433 4765 2541 4818 τῶν
2591 4765 2876 4838 Θεομάχων
2906 4769 3207 4840 διαρρήδην
3256 4772 3617 4843 προαγορεύει
3643 4813 3657 4839 ,
3688 4775 3910 4842 φάσκων
3927 4777 3993 4807 ’⁸-

2441 4875 2457 4907 ι
2509 4857 2944 4929 Ἐνεδρεύσωμεν
2975 4860 3135 4930 292
3163 4861 3256 4914 τὸν
3299 4862 3506 4917 δίκαιον
3553 4865 3634 4917 ὅτι
3660 4865 4001 4935 δύσχρηστος

2434 4949 2567 5016 ἡμῖν
2621 4950 2737 5001 ἐστι
2787 4951 2878 5002 καὶ
2927 4951 3270 5005 ἰναντιοῦται
3319 4957 3430 5017 τοῖς
3490 4954 3670 5025 ἔργοις
3702 4957 3861 5028 ἡμῶν
3903 4960 4000 5012 καὶ

2431 5039 2679 5102 ὀνειδίζει
2712 5041 2843 5109 ἡμῖν
2866 5042 2911 5071 ’⁸
2939 5042 3315 5112 ἁμαρτήματα
3343 5046 3510 5114 νόμου
3541 5051 3634 5102 καὶ
3659 5050 3996 5116 ιπαγγίλλε-

2432 5147 2519 5181 ται
2555 5129 2757 5197 γνῶσιν
2810 5130 2954 5201 ἔχειν
3004 5133 3138 5186 Θεοῦ
3186 5136 3278 5186 καὶ
3313 5138 3523 5190 παιδίον
3554 5141 3760 5210 Κυρίου
3799 5141 3998 5194 ἑαυτὸν

1910 5254 2109 5317 Variis
2153 5258 2458 5325 lectiones
2502 5272 2564 5325 et
2608 5273 2796 5328 notae.

828 5359 1033 5414 ἀὐτόν
1055 5359 1177 5453 cod.
1255 5355 1458 5410 ‘Joan.
1491 5370 1599 5420 ιιι,
1634 5358 1687 5411 5.
1765 5357 1785 5388 '
1838 5358 2024 5410 ἔπιπλα
2075 5363 2202 5418 Cod.
2284 5369 2303 5398 '
2337 5368 2441 5423 Isa.
2485 5387 2504 5424 ι

2337 5368 2441 5423 Isa.
2485 5387 2613 5436 Lvii,
2669 5377 2713 5426 ι.
2791 5375 2808 5404 ⁷
2849 5373 2944 5428 Os.
2984 5389 3078 5438 vn,
3115 5375 3273 5436 £5.15
3346 5377 3367 5407 ⁸
3392 5377 3484 5430 καί
3515 5378 3640 5434 add.
3673 5379 3801 5435 Ced.
3836 5383 3992 5453 Ἰλήμ

753 5459 898 5508 Slav.
937 5452 1029 5507 sed
1061 5436 1268 5509 εει-ιη’.
1375 5452 1396 5481 ⁹
1431 5450 1523 5502 Os.
1555 5466 1668 5515 vm,
1697 5452 1751 5506 8.

750 5521 1124 5589 23.243738.

1860 5455 1900 5485 "
1927 5456 2020 5508 καὶ
2044 5457 2123 5510 ὅτι
2153 5459 2217 5513 ώ.
2249 5460 2383 5516 Ced.

1205 5520 1554 5598 “‘sgraldﬁn
1582 5520 1711 5598 θεᾷ..
1755 5593 1766 5598 _
1793 5523 1834 5554 ⁸⁸
1865 5527 1927 5598 τῇ
1949 5528 2174 5598 *ἀνομίᾳ
2221 5534 2342 5585 cod.
2421 5535 2462 5564 ¹⁶
2488 5534 2578 5588 Ps.
2615 5553 2720 5598 ιιι,
2750 5520 2881 5591 ίῖίίῖ

1534 5535 1554 5590 .I
1582 5520 1711 5598 C39:
1755 5593 1766 5598 _
1793 5523 1834 5554 ⁸⁸
1949 5528 2174 5598 *ἀνομίᾳ
2221 5534 2342 5585 cod.
2421 5535 2462 5564 ¹⁶
2488 5534 2578 5588 Ps.
2615 5553 2720 5598 Lni',
2750 5520 3052 5592 ίίίίδίἹ-’θ
3077 5538 3210 5591 Θεόπ

753 5599 806 5658 5,
836 5593 890 5666 6_.
969 5595 1010 5623 "
1035 5590 1443 5666 dvranoaéaon_
1473 5590 1626 5666 Deut.
1661 5590 1848 5666 Ced.__
1869 5590 1924 5666 f‘
1947 5590 2097 5649 Deut.
2147 5590 2318 5666 kxxu,
2346 5601 2434 5656 26.
2512 5606 2553 5635 "

750 5663 976 5732 Πνεῦμα
1003 5659 1484 5732 προσώπου-ήμῶν
1525 5660 1756 5732 Χριστὸς
1807 5662 2010 5731 Κύριος
2048 5695 2114 5705 -
2154 5659 2350 5723 αὐτῶν.

751 5729 933 5792 ιε-ιξο.
1012 5731 1056 5760 ’⁸
1081 5732 1226 5800 ἡμᾶς
1283 5729 1410 5785 Ced.
1445 5758 1514 5770 -—
1545 5731 1748 5802 ἅμαρτε
1795 5729 1916 5787 cod.
1961 5735 2233 5805 ἁμαρτίας
2267 5740 2427 5797 (ζων

1148 5732 1226 5792 id;
1283 5729 1410 5785 Ced.
1445 5758 1514 5770 -—
1545 5731 1748 5802 ἀμαρτί
1795 5729 1916 5787 cod.
1961 5735 2233 5805 ἁμαρτίας
2267 5740 2393 5797 Ced.
2420 5774 2486 5783 —
2520 5745 2669 5817 νόμῳ
2695 5729 2824 5800 (led:

2490 5467 2532 5543 ξ
2560 5467 2721 5520 πάλιν
2751 5469 3052 5543 addLCed.
3081 5538 3098 5543 _
3146 5471 3189 5543 ξ’
3224 5473 3336 5526 Jer.
3383 5487 3442 5537 ll,
3482 5473 3561 5528 l9.
3640 5476 3683 5508 ¹³
3717 5475 3806 5530 Ps.
3839 5492 3991 5543 uti,

2615 5553 2720 5598 Lit,
2750 5543 2930 5592 H-l5.
3013 5543 3052 5569 ”
3077 5543 3309 5610 Θεόπτης
3347 5543 3479 5596 Ced.
3559 5545 3600 5576 “
3626 5544 3784 5602 Deut.
3811 5564 3989 5614 xuii,

2615 5608 2756 5681 μάλα
2797 5625 2924 5676 σαφ.
2961 5608 3089 5662 Ced.
3169 5612 3212 5640 "
3244 5612 3294 5666 ὑ.
3321 5612 3462 5679 λέγει
3490 5612 3619 5670 Ced.
3653 5615 3779 5670 Thr.
3814 5633 3886 5681 tv,
3920 5616 3994 5670 ευ

2455 5675 2498 5706 ’³
2526 5676 2625 5757 οῦκ
2675 5675 2917 5757 εξπωμεν
2945 5682 3063 5736 cod.
3158 5681 3199 5710 "
3239 5684 3265 5734 ὁ
3306 5675 3429 5737 add.
3482 5683 3613 5740 Ced.
3693 5687 3736 5717 ”
3764 5675 3891 5757 Sap'.
3927 5705 3989 5749 ll,
