4244 6444
230 392 342 456 Δδι

239 599 338 652 καὶ
376 596 545 666 βαρύς
590 599 737 650 ἔστιν
770 599 901 667 ἡμῖν
935 598 1030 651 καὶ
1070 597 1422 668 βλεπόμενος,
1455 600 1537 652 ὅτι
1566 598 1820 666 ἀνόμοιος

240 691 354 750 τοῖς
390 687 572 750 ἄλλοις
622 689 773 740 ἔστιν
795 689 838 720 ⁸⁷
876 689 903 739 ὁ
927 687 1040 756 βίος
1080 686 1247 739 αὐτοῦ
1294 690 1389 741 καὶ
1424 688 1820 758 ἐξηλλαγμέναι

242 784 300 834 at
332 782 513 850 τρίδοι
540 781 709 835 αὑτοῦ
735 797 748 811 ⁸
784 782 864 842 είς
898 779 1217 849 κίϐδηλον¹⁸
1252 781 1616 849 ἐλογίσθημεν
1649 780 1818 850 αὐτῷ,

240 871 335 923 καὶ
376 872 642 939 ἀπέχεται
675 872 785 922 τῶν
815 870 951 922 όδῶν
996 868 1154 940 ήμῶν
1183 870 1258 933 ὡς
1289 872 1394 924 άπὸ
1425 871 1777 941 ἀκαθαρσιῶν
1805 888 1819 901 ·

243 963 540 1031 μακαρίζει
569 962 623 1016 δὲ
658 962 863 1031 ἔσχατα
902 961 1129 1014 δικαίων
1159 963 1253 1015 καὶ
1286 961 1673 1025 ἁλαζονεύεται
1713 964 1821 1015 Πα-

241 1055 378 1124 τέρα
417 1056 570 1110 Θεόν.
613 1055 843 1123 Ἰδωμεν
872 1057 920 1105 εἰ
952 1056 1000 1106 oi
1032 1054 1182 1122 λόγοι
1214 1056 1383 1107 αὑτοῦ
1436 1058 1573 1109 εἰσιν
1602 1056 1822 1126 ἀληθεῖς

246 1149 345 1198 καὶ
394 1147 747 1216 πειράσωμεν
776 1147 844 1199 τά
897 1147 1129 1201 ἔκδάσια
1154 1152 1198 1182 ²⁹
1230 1146 1422 1201 αὑτοῦ.
1452 1149 1515 1201 Εἰ
1547 1149 1655 1217 γάρ
1706 1150 1823 1199 ἔστι

246 1236 456 1301 δίκαιος
490 1240 585 1291 καὶ
607 1237 734 1299 Υἱὸς
767 1236 927 1300 Θεοῦ,
960 1239 1320 1307 ἀντιλήψεται
1346 1239 1512 1290 αὑτοῦ
1546 1241 1641 1291 καὶ
1660 1239 1823 1308 ῥύσις

248 1348 341 1382 ται
382 1331 545 1383 αὑτὸν
598 1333 663 1384 ὲκ
702 1332 885 1401 χειρὸς
914 1332 1350 1400 ἀνθεστηκότων.
1387 1332 1696 1401 Ὗόρεικαὶ
1732 1331 1826 1399 βα-

251 1422 402 1489 σάνῳ
428 1422 713 1491 ὲτάσωμεν
738 1422 781 1452 ”
813 1424 1000 1486 αὑτὸν,
1034 1423 1121 1475 ἵνα
1149 1422 1366 1492 γνῶμεν
1395 1423 1493 1494 τὴν
1526 1424 1826 1475 ἐπιείκειαν

246 1511 413 1564 αὑτοῦ
494 1513 588 1564 καὶ
649 1512 1031 1583 δοκιμάσωμεν
1082 1514 1179 1581 τὴν
1231 1514 1584 1579 ἀνεξικακίαν
1619 1513 1823 1565 αὑτοῦ·

248 1603 467 1673 θανάτῳ
503 1606 773 1676 ἀσχήμονι
806 1605 1259 1676 καταδικάσωμεν
1305 1607 1468 1658 αὑτὸν
1501 1607 1594 1659 καὶ
1627 1606 1826 1675 ῐδωμεν

248 1701 301 1751 εί
333 1699 487 1752 ἔσται
522 1700 672 1768 αὑτῷ
730 1701 1002 1772 ὲπισκοπὴ
1051 1703 1113 1752 ἔκ
1149 1702 1322 1766 λόγων
1355 1699 1543 1754 αὑτοῦ.
1582 1718 1600 1751 ι
1630 1730 1698 1739 —
1725 1694 1827 1752 ’Ὧν

250 1792 352 1862 τὴν
382 1793 684 1863 παράνοιαν
708 1794 749 1823 ³¹
791 1795 885 1845 καὶ
916 1793 1241 1863 δυσμένειαν
1282 1792 1341 1846 εῦ
1372 1793 1519 1863 μάλα
1552 1810 1825 1863 κατακερ-

249 1883 433 1953 τομῶν
488 1886 738 1953 ἔπήγαγε
767 1886 808 1915 ³⁸
838 1901 851 1913 ·
892 1904 909 1934 ι
948 1884 1134 1936 Ταῦτα
1178 1884 1499 1954 ὲλογίσαντοη
1536 1884 1631 1937 καὶ
1658 1884 1827 1937 ἐπλα-

250 1976 518 2043 νήθησαν,
566 1975 926 2042 ἁπετύφλωσε
959 1975 1064 2043 γάρ
1101 1975 1299 2038 αὐτοὺς
1346 1977 1379 2045 ή
1411 1978 1577 2028 κακία
1608 1976 1790 2028 αὐτῶν
1812 1992 1825 2004 ·

254 2067 350 2119 καὶ
401 2067 501 2119 οὐκ
532 2066 776 2133 ἔγνωσαν
816 2068 1097 2137 μυστήρια
1142 2067 1298 2121 Θεοῦ.
1340 2086 1358 2119 ι
1396 2068 1504 2131 Οὓς
1554 2068 1619 2139 δὴ
1670 2070 1765 2121 καὶ
1803 2068 1829 2119 ὁ

253 2158 542 2222 θεσπέσιος
603 2158 833 2218 Ἡσαΐας
891 2157 1107 2227 θρηνῶν
1164 2158 1500 2227 συνᾳδόντως
1555 2156 1701 2223 λέγει
1745 2156 1827 2185 "-

258 2269 279 2301 ι
324 2252 460 2302 Οὐαὶ
498 2253 564 2320 τῇ
597 2251 746 2320 ψυχῇ
778 2249 978 2313 αὐτῶν,
1022 2250 1155 2303 διότι
1206 2250 1596 2304 ἐϐουλεύσαντο
1636 2248 1833 2319 βουλὴν

256 2342 499 2409 πονηράν
530 2340 654 2393 καθ’
700 2342 932 2405 ἑαυτῶν,
978 2342 1259 2404 εἰπόντες·
1312 2342 1578 2412 Δήσωμεν
1619 2342 1710 2394 τὸν
1753 2342 1833 2394 δί-

256 2444 431 2491 καιον,
462 2430 542 2481 ὃτι
569 2429 908 2499 δύσχρηστος
934 2432 1069 2499 ἡμῖν
1096 2433 1263 2484 ἔστιν.
1299 2450 1316 2482 ι
1347 2431 1626 2485 Δέδεικται
1656 2432 1835 2485 τοίνυν

257 2521 636 2589 ἐναργέστατα
690 2513 770 2593 (ῶῗ
804 2520 1112 2591 θεομάχοι),
1149 2523 1181 2590 ὴ
1220 2524 1367 2576 αἰτία
1411 2523 1512 2591 τῆς
1545 2522 1698 2593 ὑμῶν
1728 2521 1835 2574 ἀπὸ

254 2608 396 2659 θεοῦ
428 2592 837 2679 ἀλλοτριώσεως
877 2613 969 2665 καὶ
1002 2612 1444 2681 ἐγκαταλείψεως
1484 2592 1712 2683 καὶτῆς
1754 2614 1834 2664 δι-

256 2700 489 2765 ηνεκοῦς
547 2700 642 2753 καὶ
692 2703 1001 2772 ἀπεράντου
1049 2704 1458 2775 ταλαιπωρίας,
1506 2707 1665 2772 εἰπερ
1713 2703 1837 2773 βού-

260 2793 421 2844 λεσθε
458 2793 499 2824 ³⁸
530 2794 818 2856 ἀκούοντες
862 2797 1183 2862 ἐπιγνῶναι.
1210 2796 1254 2828 ³⁸
1284 2798 1395 2866 (ll)
1430 2798 1538 2850 Καὶ
1584 2797 1714 2865 περὶ
1740 2798 1837 2867 μὲν

259 2885 364 2953 τῆς
394 2887 451 2935 ὲν
474 2886 752 2939 Βαϐυλῶνι
773 2887 1144 2956 αἰχμαλωσίας
1167 2889 1322 2957 ὑμῶν
1349 2890 1689 2959 ὡρισμένους
1710 2894 1836 2959 χρό-

262 2992 389 3037 νους
420 2974 572 3029 εἷπον
602 2978 651 3028 οἱ
676 2979 974 3046 προφῆται,
996 2980 1087 3032 καὶ
1126 2981 1226 3048 μέν
1274 2981 1398 3044 Te"
1427 2982 1526 3049 τὴν
1579 2982 1837 3035 ἐπάνοδον

265 3072 358 3119 καὶ
387 3070 484 3139 τὴν
512 3071 801 3140 οἰκοδομὴν
829 3072 927 3141 τῆς
970 3072 1177 3135 πόλεως
1216 3075 1608 3141 κατήγγειλαν.
1648 3074 1837 3126 Ἀκού-

1422 391 1888 454 CHRONICON.
1932 416 1995 426 -
2038 392 2190 453 LIB.
2236 391 2351 453 Ill.

239 506 535 575 ὀνομάζει·
568 505 787 573 ἐγένετο
817 506 948 576 ήμῖν
981 506 1059 568 είς
1100 504 1319 574 ἔλεγχον
1363 506 1583 559 ἐννοιῶν
1612 503 1817 578 [ἡμῶν]
1853 510 1893 564 Α
1929 503 2072 559 illius
2112 520 2124 557 :

3389 387 3494 452 462

2172 512 2345 557 morte
2383 503 2526 573 turpi
2574 504 3002 559 condemnemus
3049 515 3197 566 cum,
3236 510 3288 555 et
3321 501 3500 556 vider

1932 611 2054 650 mus
2103 596 2147 649 si
2189 596 2292 648 erit
2340 594 2390 647 ei
2434 604 2717 664 respectus
2753 611 2819 648 cx
2870 594 3219 649 sermonibus
3266 592 3435 646 illius.
3474 612 3493 643 ι

1929 687 2171 754 Quorum
2218 686 2501 744 stultitiam
2542 698 2599 741 et
2640 688 2825 741 odium
2887 687 3039 741 valde
3094 685 3351 740 deridens
3400 683 3501 737 ad-

1923 778 2143 848 jungit:
2187 797 2204 829 ι
2238 777 2363 831 llaec
2392 778 2770 849 cogitaverunt
2796 784 2850 831 et
2892 786 3216 831 erraverunt
3267 794 3280 829 :
3323 790 3501 830 excar-

1925 873 2068 924 cavit
2132 872 2276 925 enim
2318 871 2442 925 illos
2507 872 2712 926 malitia
2787 884 3012 929 eorum,
3076 878 3130 921 et
3190 868 3504 922 nescierunt

1929 962 2192 1030 mysteria
2238 962 2351 1015 Dei.
2392 980 2409 1013 ι
2465 962 2615 1028 Quos
2644 972 2697 1016 et
2730 973 2955 1015 sanctus
2999 960 3166 1015 Isaias
3199 960 3503 1014 lamentans

1930 1054 2183 1107 similiter
2209 1055 2339 1107 ὠνὴ
2372 1073 2384 1108 :
2430 1075 2446 1106 ι
2497 1055 2585 1108 Vae
2618 1056 2813 1108 animae
2847 1069 3060 1117 eorum,
3097 1052 3353 1122 quoniam
3378 1066 3508 1106 con-

1927 1151 2198 1212 ceperuut
2257 1145 2548 1198 consilium
2597 1160 2822 1213 pravum
2880 1146 2933 1197 in
3008 1144 3367 1213 semeptisos,
3422 1142 3508 1195 di-

1928 1244 2113 1288 ceutes
2148 1250 2162 1287 :
2204 1234 2490 1304 «Ligenius
2512 1234 2743 1302 justum,
2776 1236 2903 1304 quia
2938 1233 3146 1288 inutilis
3178 1235 3337 1288 nobis
3365 1242 3502 1287 est»

1930 1323 2213 1377 Manifesta
2260 1335 2338 1379 est
2375 1340 2526 1392 ergo,
2579 1341 2610 1380 ο
2660 1327 2752 1394 qui
2810 1325 2918 1380 Deo
2973 1325 3279 1389 resististis,
3341 1339 3504 1378 causa

1929 1415 2339 1469 abalienatiouis
2380 1426 2570 1470 vestra:
2601 1433 2628 1469 a
2667 1416 2776 1470 Deo
2824 1426 2878 1471 et
2904 1418 3254 1482 desertionis,
3298 1433 3507 1471 necnon

1930 1516 1983 1560 et
2013 1508 2219 1574 absque
2252 1507 2359 1560 fine
2389 1518 2444 1560 et
2468 1508 2874 1562 intermissione
2902 1508 3157 1571 miseriae,
3209 1507 3254 1561 si
3325 1509 3512 1562 voluc-

1932 1599 2052 1652 ritis
2114 1598 2395 1651 audientes
2471 1600 2787 1667 intelligere.
2848 1599 2914 1651 Et
2968 1600 3036 1653 de
3099 1610 3277 1654 vestra
3335 1600 3511 1671 Baby-

1933 1689 2112 1741 lonica
2139 1687 2451 1755 captivitate
2476 1688 2800 1756 prmfmitum
2851 1699 3058 1758 tempus
3099 1689 3357 1744 dixerunt
3387 1707 3513 1760 pro-

1933 1779 2129 1846 phetae,
2176 1786 2230 1830 et
2294 1792 2602 1846 regressum
2656 1788 2711 1832 et
2768 1778 3199 1833 reaedificaudam
3239 1781 3511 1835 civitatem

1932 1868 2412 1922 annuntiaveruut.
2454 1870 2651 1923 Audite
2698 1873 2842 1924 enim
2900 1870 3191 1928 Jeremiam
3243 1877 3395 1931 vobis
3427 1877 3514 1929 di-

1934 1968 2145 2012 centem
2190 1977 2204 2012 :
2265 1977 2283 2011 ι
2318 1958 2548 2029 PrOpter
2583 1973 2801 2031 peccata
2855 1978 2978 2032 qua:
3014 1967 3278 2033 peccastis
3327 1983 3511 2023 coram

1936 2048 2064 2111 Deo,
2103 2047 2376 2104 dueemini
2430 2050 2756 2121 Babylonem
2812 2056 3007 2123 captivi
3067 2072 3097 2111 a
3148 2056 3512 2115 Nabuchodo—

1935 2157 2120 2205 nosor,
2167 2158 2289 2214 rege
2321 2142 2649 2213 Babylonis;
2706 2146 2932 2216 ingressi
2980 2164 3111 2217 ergo
3162 2149 3512 2220 Babylonem,

1935 2235 2085 2289 eritis
2116 2236 2188 2289 ibi
2216 2238 2560 2305 septuaginta
2593 2236 2770 2290 annis.
2797 2236 2925 2290 Post
2993 2239 3093 2292 hoc
3127 2242 3382 2294 reduuun
3418 2258 3512 2297 vos

1938 2327 2062 2381 inde
2098 2328 2152 2381 in
2193 2343 2343 2396 pace,
2388 2328 2525 2381 dicit
2558 2326 2847 2384 Dominus.
2880 2348 2899 2381 ι
2936 2329 3001 2383 Et
3029 2335 3224 2386 iterum
3258 2351 3271 2386 :
3320 2352 3339 2386 ι
3381 2334 3513 2389 Ser-

1939 2420 2085 2473 vient
2120 2420 2171 2471 in
2202 2420 2455 2488 gentibus
2482 2421 2822 2491 septuaginta
2858 2423 3039 2485 annis.
3077 2434 3130 2478 et
3153 2440 3276 2480 cum
3306 2428 3515 2497 impleti

1940 2510 2142 2565 fuerint
2180 2513 2519 2580 septuaginta
2550 2514 2700 2577 anni,
2740 2529 2999 2583 reponam
3063 2514 3231 2571 Israel
3287 2518 3341 2571 iu
3393 2519 3514 2574 loco

1940 2617 2061 2665 Suo,
2125 2604 2257 2657 dicit
2304 2604 2583 2657 Dominus.
2618 2623 2635 2655 ι
2692 2604 2757 2657 Et
2805 2606 2872 2659 de
2940 2609 3135 2661 iterum
3194 2608 3515 2665 aedificanda

1942 2696 2073 2747 urbe
2112 2693 2280 2749 Isaias
2308 2697 2485 2748 dixit:
2538 2714 2556 2746 ι
2594 2695 2685 2750 Sic
2710 2697 3123 2753 dicitDominus
3151 2701 3358 2756 citristo
3395 2718 3516 2755 meo

1940 2787 2101 2855 Cyro,
2137 2786 2293 2854 cujus
2318 2789 2649 2855 apprehendi
2675 2789 2951 2843 dexteram
2985 2800 3044 2844 ut
3073 2793 3359 2860 subjiciam
3393 2804 3519 2848 ante

1943 2877 2132 2929 faciem
2168 2876 2287 2943 ejus
2322 2887 2508 2945 gentes
2549 2893 2564 2932 :
2607 2879 2724 2948 ipse
2753 2870 3040 2935 aedilicabit
3088 2884 3275 2937 urbem
3317 2902 3517 2953 meam,

1941 2978 2009 3032 et_
2035 2969 2403 3038 captivitatem
2459 2971 2641 3039 populi
2691 2972 2946 3027 dimittet.
2978 2991 2996 3024 ›
3033 2972 3108 3027 De
3140 2991 3243 3043 qua
3281 2978 3517 3034 a‘diﬁca-

1944 3060 2086 3112 tione
2124 3060 2356 3129 Aggaaus
2378 3076 2593 3131 quoque
2625 3062 2905 3131 loquitur:
2952 3083 2969 3115 ι
3007 3066 3063 3119 1η
3097 3082 3241 3121 anno
3272 3071 3516 3127 secundo

270 3175 400 3210 σατε
443 3161 552 3230 γὰρ
595 3161 860 3231 Ἱερεμίου
906 3163 1041 3232 πρὸς
1093 3165 1237 3230 ὑμᾶς
1286 3165 1534 3232 λέγοντος
1565 3166 1649 3196 ³⁷ο
1688 3183 1706 3215 ι
1745 3166 1842 3218 Διά
1871 3176 1913 3236 C

1837 3176 1913 3236 ιε
1947 3150 2048 3201 sub
2110 3148 2292 3214 Dario,
2343 3150 2556 3205 locutus
2591 3162 2675 3205 est
2727 3153 2987 3208 Dominus
3035 3156 3101 3209 ad
3143 3173 3229 3211 me
3276 3160 3513 3217 dicens:

266 3252 367 3314 τάς
404 3253 697 3322 ἁμαρτίας,
735 3252 800 3315 ἃς
830 3255 1184 3325 ἡμαρτήκατε
1213 3256 1456 3308 ἐναντίον
1485 3255 1530 3288 ³³
1565 3256 1657 3308 τοῦ
1684 3256 1840 3320 Θεοῦ,

268 3342 571 3410 ἀχθήσεσθε
600 3345 679 3405 είς
714 3344 1008 3397 Βαδυλῶνα
1042 3345 1377 3415 αἰχμάλωτοι
1428 3348 1531 3399 ὑπὸ
1564 3348 1843 3417 Ναϐουχο-

270 3436 491 3504 δονόσορ
543 3435 809 3504 βασιλέως
857 3437 1197 3499 Βαϐυλῶνος.
1233 3440 1580 3504 Είσελθόντες
1629 3437 1720 3494 οὖν
1763 3442 1843 3504 είς

273 3524 590 3590 uacuam,
625 3526 812 3580 ἔσεσθε
846 3529 963 3580 ἐκεῖ
993 3528 1086 3599 ἔτη
1117 3527 1181 3582 ο’.
1216 3532 1371 3584 Μετά
1400 3531 1455 3584 δὲ
1489 3532 1646 3585 τοῦτο
1672 3533 1842 3598 ἐξάξω

272 3617 416 3684 ὑμᾶς
470 3618 678 3670 ἐκεῖθεν
739 3618 855 3687 μετ’
902 3620 1147 3689 εἰρήνης,
1188 3620 1334 3687 λέγει
1396 3623 1621 3693 Κύριος.
1658 3641 1678 3677 ι
1734 3626 1842 3678 Καὶ

271 3709 432 3759 πάλιν
460 3710 503 3739 ³⁹
525 3726 537 3738 ·
575 3727 591 3759 ι
625 3711 1011 3763 Δουλεύσουσιν
1036 3714 1092 3763 ὲν
1122 3716 1232 3775 τοῖς
1256 3713 1415 3783 293
1443 3715 1653 3767 ἔθνεσιν
1680 3716 1776 3785 ἔτη
1799 3724 1840 3769 o'

271 3804 367 3853 καὶ
405 3804 462 3853 ὲν
495 3802 573 3870 τῷ
604 3802 955 3871 πληρωθῆναι
986 3804 1056 3855 τὰ
1092 3809 1133 3856 o'
1167 3804 1262 3873 ἔτη
1290 3807 1358 3871 ⁸ο,
1402 3808 1845 3879 άποκαταστήσω

269 3892 363 3944 τὸν
401 3892 617 3963 Ἰσραὴλ
669 3894 750 3955 εἰς
799 3893 889 3946 τὸν
919 3895 1083 3946 τόπον
1122 3894 1306 3961 αὐτοῦ,
1358 3896 1506 3964 λέγει
1552 3899 1777 3967 Κύριος.
1820 3919 1837 3950 ι

272 3982 383 4034 Καὶ
414 3984 543 4049 περὶ
569 3983 670 4049 τῆς
695 3982 983 4051 οἰκοδομῆς
1010 3984 1110 4051 τῆς
1140 3985 1346 4047 πόλεως
1380 3986 1603 4049 Ἡσαΐας
1630 3988 1734 4057 ἔφη
1758 3990 1800 4020 δι
1827 4008 1840 4021 ο

277 4091 295 4122 ι
332 4071 489 4147 Οὕτω
520 4070 667 4138 λέγει
693 4072 891 4141 Κύριος
912 4072 991 4140 τῷ
1020 4073 1226 4141 χριστῷ
1254 4092 1359 4144 μου
1385 4076 1572 4146 Κύρῳ,
1597 4074 1657 4131 οὗ
1686 4078 1844 4145 ἐκρά-

272 4178 415 4229 τησα
446 4163 542 4230 τῆς
574 4161 753 4225 δεξιᾶς
781 4161 1086 4214 ἐπακοῦσαι
1126 4162 1435 4233 ἔμπροσθεν
1472 4167 1635 4219 αὑτοῦ
1679 4168 1838 4236 ἔθνη⁹

273 4256 319 4285 ⁵⁸
372 4253 541 4315 Αὐτὸς
626 4253 968 4323 οἰκοδομήσει
1042 4254 1141 4324 τὴν
1205 4256 1363 4310 πόλιν
1442 4274 1546 4326 μου
1605 4260 1697 4310 καὶ
1744 4261 1842 4327 τὴν

272 4347 651 4419 αἰχμαλωσίαν
681 4347 775 4400 τοῦ
810 4347 940 4400 λαοῦ
984 4348 1322 4418 ἐπιστρέψει.
1364 4369 1383 4402 ι
1422 4350 1558 4422 Περὶ
1598 4348 1664 4423 ἧς
1695 4354 1841 4405 οἰκο·

1954 3256 1971 3288 ε
2004 3238 2253 3308 Loquere
2298 3240 2363 3293 ad
2405 3243 2709 3298 Zorobabel
2755 3253 2809 3298 et
2854 3246 2918 3299 ad
2956 3244 3141 3301 Jesum
3178 3253 3517 3309 sacerdotem

1946 3342 1998 3383 et
2048 3330 2115 3383 ad
2166 3346 2355 3386 omnes
2390 3333 2631 3404 reliquos
2682 3337 2863 3405 populi
2915 3338 3153 3393 dicens:
3194 3359 3213 3391 ι
3274 3341 3406 3407 Quis
3453 3360 3517 3401 ex

1948 3422 2103 3476 vobis
2132 3424 2224 3492 qui
2261 3425 2393 3477 vidit
2430 3424 2653 3480 domum
2705 3429 2863 3481 istam
2897 3429 2951 3483 in
2984 3430 3154 3497 gloria
3186 3447 3283 3487 sua
3318 3436 3516 3504 prima,

1943 3526 1997 3570 et
2034 3517 2311 3584 quomodo
2361 3532 2507 3572 nunc
2559 3519 2757 3574 videtis
2798 3536 2916 3573 eam
2965 3525 3127 3590 quasi
3180 3542 3289 3580 non
3336 3530 3409 3584 sit
3461 3532 3517 3586 in

1947 3610 2119 3663 oculis
2176 3610 2414 3664 vestris?
2461 3609 2526 3663 Et
2568 3626 2714 3665 nunc
2745 3613 3072 3682 confortare,
3120 3616 3416 3675 Zorobabel
3463 3634 3519 3685 et

1946 3699 2095 3764 Jesu,
2156 3709 2210 3755 et
2250 3705 2430 3756 omnis
2480 3704 2740 3773 pepulus,
2773 3715 2830 3760 et
2877 3707 3144 3763 aedificate
3186 3711 3434 3777 domum,
3465 3723 3520 3767 et

1947 3790 2180 3858 placebit
2214 3791 2348 3844 mihi
2380 3792 2434 3844 in
2486 3793 2575 3845 illa
2621 3811 2634 3846 :
2691 3804 2744 3848 et
2778 3795 2882 3849 erit
2915 3798 3083 3865 gloria
3125 3799 3323 3855 domus
3358 3802 3519 3857 istius

1950 3883 2249 3937 novissima
2297 3899 2463 3953 super
2513 3886 2767 3953 primam,
2803 3887 2933 3941 dicit
2973 3888 3259 3946 Dominus.
3297 3911 3316 3944 ι
3370 3894 3523 3949 Sicut

1948 3973 2113 4041 igitur
2164 3973 2422 4029 Salomon
2495 3977 2692 4046 prioris
2746 3981 2929 4048 templi
2987 3982 3361 4039 aedificationis
3416 3987 3523 4039 fuit

1947 4080 2155 4135 auctor,
2190 4070 2263 4121 ita
2289 4080 2343 4123 et
2376 4088 2393 4120 ι
2426 4062 2728 4127 Zorobabel
2776 4072 3024 4127 fundavit
3063 4076 3286 4130 domum
3331 4078 3517 4143 istam,

1944 4172 1998 4215 et
2084 4177 2279 4216 manus
2349 4162 2494 4217 illius
2571 4165 2851 4231 perficient
2931 4166 3101 4222 illam.
3156 4186 3175 4219 ι
3249 4170 3305 4223 Si
3385 4185 3517 4240 ergo

1946 4254 2222 4309 destructa
2253 4257 2446 4310 domus
2472 4257 2669 4311 iterum
2702 4257 3019 4311 aedificanda
3073 4269 3238 4327 esset,
3291 4262 3521 4317 dixisset

1948 4348 2249 4417 propheta:
2296 4367 2314 4400 ι
2356 4351 2470 4404 Erit
2524 4352 2694 4419 gloria
2743 4352 2939 4407 domus
2997 4353 3157 4408 istius
3218 4357 3514 4411 novissima

270 4440 445 4508 δομῆς
472 4439 565 4491 καὶ
616 4438 871 4503 Ἀγγαῖος
917 4438 1114 4505 φάσκει
1144 4438 1190 4470 ⁸³
1217 4455 1233 4471 ο
1278 4458 1297 4491 ι
1326 4441 1417 4510 Τῷ
1461 4442 1698 4512 δευτέρῳ
1735 4443 1843 4497 ἔτει
1879 4515 1903 4517 Α

1879 4515 1903 4517 Α
1947 4456 2114 4509 super
2170 4441 2391 4495 domum
2431 4458 2551 4511 qua:
2602 4450 2728 4497 ante
2770 4442 2889 4498 fuit.
2923 4463 2941 4497 ι
2984 4444 3122 4510 Quia
3172 4447 3311 4501 dixit
3358 4462 3520 4517 super

274 4532 366 4582 ἔπί
389 4528 918 4598 Δαρείου-ὲλάλησε
942 4527 1353 4599 Κύριος-πρός
1378 4548 1445 4600 με
1465 4533 1657 4599 λέγων·
1680 4534 1842 4588 Εἰπὸν
1878 4515 1919 4567 D

1878 4515 1919 4567 ο
1951 4531 2203 4599 primam,
2238 4540 2292 4585 et
2332 4547 2440 4585 non
2482 4548 2645 4601 super
2682 4535 2905 4589 domum
2949 4551 3071 4604 quas
3107 4546 3233 4591 ante
3269 4538 3393 4602 fuit,
3425 4515 3518 4595 se-

271 4620 339 4691 δὴ
370 4620 497 4689 πρὸς
514 4619 901 4688 209061651“,
928 4621 1017 4673 καὶ
1041 4624 1177 4690 πρὸς
1194 4621 1400 4690 Ἰησοῦν
1430 4624 1519 4676 τὸν
1540 4626 1583 4657 ⁸³
1602 4626 1749 4693 ἱερέα
1773 4627 1839 4691 ⁸⁸,

275 4711 371 4762 καὶ
401 4710 534 4777 πρὸς
566 4709 769 4770 πάντας
798 4711 923 4770 τοὺς
952 4712 1310 4775 καταλοίπους
1342 4713 1431 4766 τοῦ
1467 4714 1595 4766 λαοῦ
1630 4716 1802 4783 λέγων
1822 4733 1835 4747 ⁸

275 4800 374 4861 Τίς
423 4798 483 4861 ἐξ
512 4798 689 4865 ὑμῶν,
721 4797 779 4859 ὃς
825 4793 933 4850 εἶδε
980 4798 1069 4850 τὸν
1099 4796 1247 4853 οἷκον
1296 4802 1485 4855 τοῦτον
1514 4806 1572 4857 ἔν
1618 4807 1683 4874 τῇ
1715 4805 1842 4876 δόξῃ

275 4888 445 4941 αὑτοῦ
476 4890 542 4956 τῇ
582 4888 893 4957 ἔμπροσθεν
918 4906 933 4954 ;
962 4891 1056 4941 καὶ
1083 4891 1198 4953 πῶς
1229 4892 1324 4944 νῦν
1351 4892 1575 4962 βλέπετε
1602 4895 1646 4927 ⁵⁷
1684 4896 1843 4951 αὐτὸν

275 4980 353 5042 ὡς
382 4981 481 5049 οὐχ
528 4982 842 5052 ὑπάρχοντα
869 4982 913 5013 ⁵³
940 4980 1168 5035 ἐνώπιον
1200 4984 1352 5052 ὑμῶν
1379 5002 1393 5049 ;
1424 4987 1533 5040 Καὶ
1571 4987 1665 5043 νῦν
1696 4990 1846 5041 κατι·

278 5089 436 5139 σχυε,
487 5072 813 5143 Ζοροϐάϐελ,
859 5074 953 5127 καὶ
988 5072 1183 5143 Ἰησοῦ,
1218 5076 1312 5128 καὶ
1342 5078 1449 5140 πᾶς
1492 5080 1521 5130 ό
1556 5078 1704 5145 λαὸς,
1750 5082 1844 5134 καὶ

1951 4622 2185 4676 cuudam
2252 4624 2607 4677 novissimam
2664 4640 2789 4678 esse
2844 4627 3083 4680 ostendit
3133 4636 3188 4681 et
3244 4630 3515 4685 ultimam.

1952 4716 2268 4782 Sicutenim
2298 4730 2405 4769 non
2430 4726 2514 4770 est
2544 4718 2716 4786 magis
2745 4718 2921 4787 prima
2952 4735 3115 4787 quam
3148 4721 3345 4788 prima,
3367 4724 3449 4778 sic
3466 4734 3518 4779 et

1952 4820 2061 4859 non
2106 4806 2279 4875 magis
2333 4820 2471 4860 nova
2521 4823 2682 4875 quam
2745 4810 3065 4863 novissima.
3127 4809 3278 4864 Unde
3325 4812 3514 4879 Igitur,

1952 4897 1998 4951 si
2044 4896 2273 4952 dixisset
2318 4912 2333 4949 :
2386 4897 2624 4951 secunda
2670 4913 2831 4966 super
2890 4900 3143 4967 primam,
3195 4902 3516 4958 rationabile

1955 4997 2102 5042 esset
2134 4990 2346 5042 tertiam
2378 4988 2794 5044 aediﬁcationem
2827 5004 3167 5059 exspectare.
3212 4992 3348 5047 Cum
3386 5010 3515 5049 vero

1952 5081 2247 5136 secundam
2282 5081 2676 5149 nuncupaverit
2704 5084 3074 5149 novissimam,
3106 5084 3244 5139 hanc
3274 5086 3515 5141 ultimam

1473 5266 1671 5327 Variae
1716 5266 2024 5329 lectiones
2067 5275 2127 5328 et
2170 5274 2356 5328 noue.

354 5444 397 5474 "
432 5441 581 5494 ἐστὶν
610 5448 732 5495 ante
789 5443 898 5501 τοῖς
926 5442 980 5494 ἀ.
1010 5439 1141 5493 Ced.
1165 5455 1275 5494 om.
1311 5439 1436 5505 Sap.

280 5516 326 5546 “
357 5530 415 5565 τε
438 5514 565 5565 add.
591 5510 721 5564 Ced.
802 5511 843 5540 ”
875 5510 912 5563 S

1514 5439 1559 5470 "
1589 5438 1820 5499 ὼςκιδδ.
1852 5440 1981 5494 Ced.
2058 5443 2103 5475 ”
2132 5441 2199 5492 τά
2221 5438 2656 5494 ἔνὲκϐάσειϐοᾶ.
2696 5439 2817 5505 Sap.

949 5525 1079 5577 p.tt,
1104 5509 1287 5569 21.9.2.
1365 5510 1523 5564 “Isa.
1558 5525 1637 5570 In,
1664 5510 1717 5571 8,
1756 5510 1810 5563 9.
1889 5510 1934 5540 “
1953 5511 2228 5579 βούλονται
2257 5508 2378 5579 cod.
2457 5511 2499 5540 ³⁸
2518 5510 2648 5564 Ced.
2677 5508 3109 5572 586.9C-388,6.'
3163 5514 3205 5543 "

2914 5440 3355 5529 ἰὶὲτξιμάεωμιν
3390 5448 3517 5502 crd-

3252 5533 3433 5581 μεντοι
3457 5534 3520 5583 γε

280 5587 377 5636 καὶ
394 5583 495 5649 τήν
529 5580 655 5633 Ced.
738 5581 782 5612 ⁸⁷
808 5578 917 5650 Jer.
955 5594 1100 5650 xxix,
1136 5579 1315 5641 10,“,
1343 5581 1407 5633 ad
1444 5594 1684 5638 sensum,
1716 5582 1956 5650 nonveri

1845 5578 2182 5650 verbotenus.
2258 5578 2302 5609 ⁸⁸
2330 5594 2512 5650 κατεν.
2534 5579 2665 5633 Ced.
2744 5579 2787 5609 ³⁹
2807 5594 2939 5650 xxv,
2978 5581 3059 5643 ll.
3089 5581 3152 5633 12
3180 5578 3445 5650 ἐκδικήσω
3460 5578 3521 5637 τὸ

282 5648 669 5713 ἔθνοςέκεῖνο.
746 5650 790 5680 ⁵⁸
814 5649 890 5717 τῷ
924 5655 963 5700 o'
996 5648 1089 5717 ἔτη
1118 5650 1243 5703 cod.

283 5720 558 5786 Σαλαθιήλ
588 5720 652 5769 ὲκ
679 5717 851 5787 φυλῆς
887 5718 1052 5771 Ἰούδα
1084 5719 1214 5787 Agg.

284 5793 331 5822 “
360 5791 527 5842 αὐτόν
561 5789 682 5841 cod.

1314 5652 1356 5681 ”
1394 5650 1495 5702 lsa.
1534 5663 1653 5708 ην.
1693 5650 1739 5698 1.

1816 5648 1859 5678 ⁸³
1908 5644 2060 5711 οὗτος
2116 5651 2218 5703 lsa.
2277 5662 2398 5710 ην,
2429 5649 2478 5701 1.

1293 5719 1336 5748 ⁸⁵
1367 5718 1608 5772 Ἰωσεδὲκ
1665 5718 1755 5769 τόν
1780 5719 1911 5785 Αιζε.

2554 5650 2598 5679 ⁸³
2628 5649 2762 5717 Agg.
2807 5649 2981 5712 ι,15;
3016 5666 3075 5711 ιι,
3110 5652 3161 5705 ι.
3239 5655 3281 5683 ⁵⁵
3304 5649 3392 5704 τὸν
3424 5654 3519 5706 τοῦ

1989 5721 2034 5750 η
2070 5721 2263 5788 μέγαν,
2384 5718 2429 5747 ⁸⁷
2460 5718 2573 5781 πῶς
2612 5718 2844 5786 ὑμεῖς
2901 5721 2955 5776 ἀ.
2986 5720 3080 5774 νῦν
3145 5722 3327 5783 καθώς
3384 5726 3521 5793 Αεε.
