4244 6444
222 402 329 464 Δῦῖ)

1397 404 1863 467 CllRONICON.
1900 433 1968 444 -
2012 412 2159 474 LIB.
2205 412 2321 475 Ill.

3361 413 3465 475 466

222 522 453 579 νώσκεις
487 517 678 580 ὅντως,
718 518 846 587 περὶ
892 520 990 588 τῆς
1038 519 1449 589 ἀπροσδοκήτου
1502 538 1594 572 σου
1627 520 1786 590 295
1819 528 1861 583 Α
1892 546 1898 573 ι

1819 528 1861 583 Α
1892 522 1958 578 de
1986 526 2353 595 inexspectata
2388 526 2465 580 tui
2504 529 2865 593 revocatioue,
2899 538 2950 583 et
2988 536 3206 597 propter
3235 528 3336 583 hoc
3364 530 3462 582 ad-

220 607 574 676 ἀνακλήσεως
605 607 697 659 καὶ
742 608 827 659 διὰ
862 615 1020 660 τοῦτο
1056 608 1190 677 πρὸς
1218 610 1316 677 τὴν
1350 609 1607 678 ἀλήθειαν
1647 611 1785 661 ἀπο-

220 699 551 767 μαχόμενος,
584 700 643 750 οὑ
667 700 808 759 νοεῖς
832 713 847 726 ·
873 727 941 736 -
969 699 1202 752 ἄκουσον
1237 696 1372 768 (οὖν)
1419 700 1477 751 ἐν
1508 698 1790 767 παρεκϐά-

1896 632 2083 673 versus
2133 620 2411 674 veritatem
2461 635 2768 689 repugnans
2824 638 2930 675 non
2981 637 3150 676 sanus
3192 637 3286 685 es;
3341 620 3465 673 audi

1896 724 2024 778 ergo
2063 726 2126 765 ex
2153 712 2487 780 digressione
2516 727 2675 765 voces
2695 715 3098 781 pr0phetarum,
3122 713 3301 781 etiam
3334 726 3469 767 con-

220 809 305 844 σει
328 792 423 861 τᾲς
450 792 632 858 φωνὰς
655 790 763 841 τῶν
794 790 1110 860 προφητῶν,
1145 794 1235 842 καὶ
1256 790 1462 842 παῦσαι
1484 790 1577 842 τοῦ
1600 791 1787 843 λοιποῦ

1898 805 2113 859 tendere
2142 815 2195 859 et
2230 806 2469 859 insanire
2512 806 2753 859 desinas.
2790 804 3055 873 Propheta
3106 805 3244 859 Osee
3274 805 3352 859 sic
3384 803 3470 856 lo-

220 883 547 951 φιλονεικῶν
607 883 699 933 καὶ
753 883 1109 953 ἀνοηταίνων.
1165 884 1225 934 'O
1289 884 1573 951 προφήτης
1633 884 1790 951 Ὠσηέ

1898 897 2125 962 quitur:
2165 914 2182 947 ι
2216 896 2280 950 Et
2322 900 2609 965 quiescere
2644 897 2836 951 faciam
2898 912 3120 965 regnum
3164 898 3358 950 domus
3391 894 3468 948 ls-

219 976 396 1036 οῦτως
422 974 670 1041 λέγειη·
705 993 724 1026 ‹
764 976 872 1028 Καὶ
902 974 1238 1028 καταπαύσω
1269 974 1545 1044 βασιλείαν
1577 974 1725 1027 οἴκου
1746 977 1789 1007 ’τ

1899 986 2045 1047 rael;
2075 1006 2091 1037 ι
2114 996 2197 1039 et:
2224 1004 2241 1036 ι
2268 987 2557 1041 Conteram
2581 1002 2765 1040 arcum
2796 986 2956 1040 Israel
2981 1002 2993 1049 ;
3021 1005 3037 1037 ι
3066 994 3118 1039 et
3143 1005 3155 1039 :
3186 1004 3203 1034 ‹
3228 984 3342 1037 Non
3371 984 3469 1036 ad-

234 1066 487 1134 Ἰσραὴλο
517 1068 613 1118 καὶ
670 1066 947 1134 συντρίψω
982 1065 1133 1131 τόξον
1176 1066 1421 1137 Ἰσραήλ·
1460 1085 1477 1117 ι
1508 1068 1625 1119 καί·
1665 1088 1683 1119 ι
1718 1069 1791 1121 Οὐ
1900 1095 1910 1129 ι

1900 1077 2024 1130 dam
2055 1077 2191 1129 ultra
2233 1078 2477 1131 misereri
2504 1078 2687 1130 domui
2721 1077 2908 1139 Israel.
2933 1080 3025 1132 sed
3059 1078 3270 1131 luctans
3296 1075 3469 1129 lucta-

228 1158 304 1225 μὴ
340 1156 560 1226 προσθῶ
591 1157 670 1209 ἔτι
702 1158 748 1189 ⁷⁸
784 1155 1007 1223 ἐλεῆσαι
1040 1157 1129 1209 τὸν
1156 1153 1303 1210 οἶκον
1348 1158 1578 1228 Ἰσραὴλ,
1618 1158 1731 1212 ἀλλ’
1758 1161 1789 1229 ἢ

226 1249 682 1317 ἀντιτασσόμενος
717 1250 1073 1318 ἀντιτάξομαι
1103 1252 1149 1283 ⁷⁸
1181 1251 1362 1313 αὐτοῖς
1403 1250 1469 1315 ⁸ο,
1496 1250 1640 1317 λέγει
1686 1251 1795 1303 Κύο

228 1357 373 1409 ριος·
406 1361 424 1392 ι
466 1342 557 1393 καί
580 1342 623 1373 ⁸⁸
652 1358 665 1371 ·
715 1361 732 1392 ι
780 1342 1048 1410 Ἐμίσησα
1101 1344 1298 1405 αὐτοὺς
1332 1343 1419 1395 διὰ
1467 1344 1564 1404 τὰς
1596 1345 1795 1407 κακίας

222 1434 332 1485 τῶν
382 1434 832 1503 ἐπιτηδευμάτων
890 1436 1071 1488 αὐτῶν
1119 1437 1214 1489 καὶ
1261 1438 1325 1489 ὲκ
1380 1436 1473 1488 τοῦ
1502 1437 1653 1489 οἴκου
1695 1455 1795 1505 μου

225 1523 441 1575 ἐκϐαλῶ
474 1525 691 1587 αὐτοὺς,
737 1528 829 1579 καὶ
853 1529 912 1579 οὐ
946 1529 1239 1597 προσθήσω
1262 1529 1356 1581 τοῦ
1389 1530 1673 1597 ἀγαπῆσαι
1704 1531 1801 1584 αὑ-

227 1611 377 1671 τοὺς,
415 1610 562 1679 λέγει
594 1613 827 1683 Κύριοςο
864 1616 1123 1671 ἐπόνεσεν
1170 1618 1409 1688 Ἐφραῖμ
1440 1618 1537 1681 τὰς
1568 1619 1615 1649 ⁸²
1646 1618 1801 1687 ῥίζας

225 1705 395 1757 αὐτοῦ
421 1709 512 1759 καὶ
542 1709 814 1779 ἐξηράνθη
841 1713 934 1763 καὶ
958 1713 1168 1781 καρπὸν
1192 1712 1373 1767 οὐκέτι
1392 1715 1452 1766 οὐ
1479 1713 1552 1785 μὴ
1580 1715 1797 1785 ἐνέγκῃ·

227 1799 321 1851 καὶ
366 1799 646 1853 ἀπώσεται
674 1803 873 1864 αὐτοὺς
904 1806 930 1855 ὁ
960 1804 1111 1867 Θεὸς,
1134 1806 1215 1857 ὅτι
1246 1806 1343 1859 οὐκ
1376 1807 1520 1875 (791))
1551 1809 1802 1877 εἰσήκου-

1905 1168 2003 1221 bor
2037 1166 2298 1221 adversus
2316 1182 2440 1231 eos;
2479 1184 2497 1217 ι
2530 1165 2661 1219 dicit
2678 1165 2970 1230 Dominus;
3010 1185 3027 1215 ι
3060 1177 3111 1219 et
3139 1182 3151 1217 :
3186 1183 3202 1215 ι
3239 1164 3473 1218 Odiosos

1905 1258 2064 1311 habui
2096 1273 2189 1312 cos
2226 1267 2443 1327 propter
2479 1258 2739 1311 malitiam
2777 1256 3218 1310 adinventionum
3260 1268 3485 1315 eorum,.

1904 1361 1959 1404 et
1995 1352 2059 1404 de
2091 1349 2253 1404 domo
2297 1365 2414 1403 mea
2446 1350 2653 1416 ejiciam
2686 1364 2799 1412 eos,
2838 1360 2891 1402 et
2922 1364 3027 1401 non
3063 1348 3257 1402 addam
3294 1356 3349 1401 ut
3392 1346 3477 1399 di-

1907 1443 2067 1511 ligam
2100 1457 2216 1505 eos,
2252 1441 2381 1495 dicit
2413 1440 2691 1493 Dominus.
2735 1439 3039 1492 Percussus
3072 1439 3353 1506 Ephraim,
3386 1453 3475 1490 ra-

1906 1534 1994 1585 dix
2018 1545 2228 1593 eorum,
2252 1540 2305 1583 et
2330 1529 2563 1582 fructum
2598 1541 2937 1596 nequaquam
2964 1526 3163 1581 facient
3200 1546 3212 1582 :
3247 1537 3301 1581 et
3332 1526 3474 1594 abji-

1908 1625 2013 1678 ciet
2045 1639 2137 1678 eos
2169 1622 2328 1687 Deus,
2366 1624 2492 1690 quia
2524 1636 2629 1675 non
2680 1622 2969 1674 audierunt
3013 1636 3133 1674 cum
3157 1658 3172 1681 .
3218 1629 3270 1672 et
3309 1628 3475 1673 erunt

1908 1716 2026 1786 vagi
2069 1714 2121 1767 in
2153 1715 2485 1770 nationibus.
2532 1733 2549 1765 ι
2595 1712 2737 1767 Dixit
2775 1712 2993 1782 quidem
3032 1720 3086 1765 et
3128 1711 3419 1765 Malachias
3459 1728 3473 1762 :

1917 1830 1935 1862 ‹
1976 1811 2090 1865 Non
2121 1819 2203 1865 est
2235 1810 2484 1864 voluntas
2532 1824 2651 1861 mea
2702 1808 2753 1861 in
2802 1806 2978 1868 vobis,
3026 1805 3159 1859 dicit
3214 1804 3477 1858 Dominus

229 1909 330 1941 σαν
364 1893 553 1956 αὐτοῦ,
590 1895 683 1944 καὶ
716 1893 928 1948 ἔσονται
963 1896 1231 1965 πλανῆται
1269 1900 1327 1950 ἐν
1370 1900 1484 1961 τοῖς
1510 1898 1738 1952 ἔθνεσιν.
1782 1919 1800 1952 ι
1836 1870 1881 1928 Β

1836 1870 1881 1928 Β
1910 1904 2277 1972 omnipotens,
2304 1911 2356 1956 et
2384 1900 2710 1955 sacrificium
2748 1914 2856 1952 non
2890 1898 3181 1965 suscipiam
3205 1896 3271 1950 de
3298 1895 3476 1949 mani-

232 1983 379 2052 Ἤρη
404 1983 535 2050 γοῦν
563 1986 658 2037 καὶ
686 1986 974 2055 Μαλαχίας
996 1986 1072 2019 ⁸³’
1117 2007 1133 2039 ι
1172 1990 1284 2042 Οὐκ
1316 1989 1432 2043 ἔστι
1474 2008 1564 2059 μοι
1592 1990 1806 2060 θέλημα

1801 2011 1806 2042 ι
1909 1997 2011 2050 bus
2040 1996 2256 2059 vestris,
2292 1994 2547 2063 quoniam
2584 1992 2651 2046 ab
2684 2003 2805 2044 ortu
2847 1990 2979 2045 solis
3010 2002 3182 2057 usque
3216 1988 3283 2041 ad
3315 2000 3477 2040 occa-

228 2075 288 2125 ἐν
320 2075 448 2142 ὑμῖν
478 2074 547 2140 ⁸⁸,
582 2076 729 2143 λέγει
782 2079 989 2149 Κύριος
1029 2081 1445 2151 παντοκράτωρ,
1491 2084 1585 2135 καὶ
1618 2084 1809 2136 θυσίαν

1802 2100 1809 2129 ν
1909 2103 2026 2143 sum
2072 2102 2269 2141 nomen
2320 2100 2499 2138 meum
2532 2082 2865 2153 glorificatur
2908 2082 2959 2135 in
3008 2079 3278 2150 gentibus,
3326 2087 3379 2131 et
3425 2076 3478 2131 in

228 2167 289 2217 οὐ
349 2168 722 2236 προσδέξομαι
766 2172 829 2222 ἐκ
886 2171 995 2224 τῶν
1050 2172 1251 2241 χειρῶν
1303 2173 1479 2241 ὑμῶν,
1532 2172 1665 2225 διότι
1701 2172 1808 2226 ἀπὸ

229 2259 509 2312 ἀνατολῶν
557 2262 709 2330 ἡλίου
752 2262 856 2324 ἕως
910 2264 1132 2334 δυσμῶν
1161 2266 1222 2317 τὸ
1270 2265 1442 2332 ὄνομά
1468 2264 1618 2337 [μου]
1666 2266 1808 2320 δεδόο

232 2353 423 2415 ξ›.σται
458 2355 515 2405 ἐν
548 2357 661 2417 τοῖς
690 2355 900 2409 ἔθνεσιν
921 2373 933 2386 ·
966 2358 1061 2410 καὶ
1092 2359 1149 2411 ἐν
1181 2359 1345 2412 παντὶ¹
1372 2358 1522 2428 τόπῳ
1559 2361 1806 2429 θυμίαμα

232 2446 576 2514 προσάγεται
607 2449 685 2515 τῷ
714 2448 941 2515 ὀνόματί
967 2466 1069 2517 μου
1100 2448 1195 2501 καὶ
1222 2449 1382 2504 θυσία
1411 2450 1646 2520 καθαρὰ,
1671 2451 1805 2504 διότι

232 2540 378 2606 μέγα
412 2540 471 2591 τὸ
507 2540 677 2607 δνομά
719 2539 871 2611 [μου]
903 2542 960 2593 ἐν
990 2543 1103 2604 τοῖς
1148 2542 1379 2607 ἔθνεσιν,
1421 2543 1568 2611 λέγει
1605 2542 1807 2613 Κύριος

231 2630 662 2699 παντοκράτωρ·
694 2632 850 2701 ὑμεῖς
872 2632 929 2684 δὲ
959 2632 1253 2701 βεδηλοῦτε
1280 2634 1433 2689 αὑτό.
1457 2653 1476 2686 ι
1507 2664 1571 2674 -
1598 2634 1644 2666 ⁸³
1671 2654 1687 2685 ι
1708 2635 1807 2688 Διὰ

228 2721 394 2773 τοῦτο
443 2720 597 2773 δώσω
634 2723 774 2792 ὑμᾶς
829 2724 1289 2792 ἐξουθενημένους
1318 2724 1366 2756 ⁸⁸
1399 2726 1480 2785 είς
1519 2724 1695 2777 πάντα
1740 2724 1807 2777 τὰ

230 2812 387 2879 ἔθνη.
426 2810 541 2863 ἀνθ’
575 2804 649 2865 ὧν
702 2814 802 2866 οὐκ
853 2813 1161 2881 ἐφυλάξατε
1217 2815 1317 2876 τὰς
1346 2814 1564 2876 ἐντολάς
1615 2832 1740 2884 μου.
1786 2834 1803 2867 ι

232 2904 325 2955 Διό
360 2921 492 2971 φησι
537 2904 680 2973 (καὶ)
725 2905 998 2974 Ἱερεμίας
1031 2906 1075 2936 ⁸⁷
1111 2921 1125 2934 ·
1165 2924 1183 2956 ι
1234 2905 1374 2958 Τάδε
1420 2906 1569 2973 λέγει
1602 2906 1810 2976 Κύριος

234 2998 668 3067 παντοκράτωρ·
720 2998 846 3051 Ἰδοὺ
874 2997 1066 3068 ὤμοσα
1092 2999 1170 3068 τῷ
1200 2999 1426 3067 ὀνόματί
1466 3016 1567 3067 μου
1606 2998 1683 3066 τῷ
1713 3015 1810 3069 με-

232 3084 415 3153 γάλῳ·
452 3087 501 3137 εί
537 3086 690 3140 ἔσται
738 3088 831 3141 τοῦ
861 3089 1050 3142 λοιποῦ
1085 3091 1487 3159 ὀνομαζόμενον
1531 3090 1616 3163 [τὸ
1636 3090 1809 3160 δνομά

1909 2179 2056 2234 οηιηί
2084 2180 2207 2233 loco
2243 2178 2523 2231 incensum
2550 2176 2775 2229 oﬂertur
2801 2173 3013 2227 nomini
3050 2186 3195 2234 meo,
3217 2178 3268 2224 et
3300 2168 3477 2223 hostia

1909 2273 2131 2335 munda,
2157 2271 2282 2340 quia
2307 2284 2561 2338 magnum
2586 2276 2670 2322 est
2699 2280 2895 2319 nomen
2924 2278 3099 2317 meum
3127 2262 3180 2316 in
3207 2261 3478 2331 gentibus,

1908 2365 2041 2421 dicit
2074 2362 2335 2417 Dominus
2368 2360 2736 2431 omnipotens.
2771 2355 2834 2412 Et
2864 2372 2958 2410 vos
2994 2353 3266 2424 polluistis
3302 2352 3433 2407 illud
3462 2371 3474 2405 :

1907 2465 2127 2527 propter
2174 2454 2317 2523 quod
2360 2452 2500 2508 dabo
2557 2466 2650 2507 vos
2700 2448 3135 2519 contemptibiles
3182 2448 3235 2500 in
3285 2460 3478 2501 omnes

1908 2549 2177 2612 nationes,
2214 2547 2339 2617 quia
2374 2561 2481 2599 non
2524 2543 2780 2598 servastis
2808 2542 2954 2611 leges
2986 2555 3156 2596 meas.
3189 2556 3207 2591 ι
3239 2538 3362 2593 Ideo
3391 2537 3477 2591 di-

1908 2641 1983 2695 cit
2018 2649 2071 2693 et
2098 2638 2363 2692 Jeremias
2392 2653 2407 2690 :
2441 2634 2596 2688 «Haec
2625 2633 2758 2687 dicit
2790 2632 3048 2685 Dominus
3079 2626 3423 2697 omnlpmens
3453 2640 3470 2679 :

1911 2728 2049 2782 Ecce
2085 2727 2263 2797 juravi
2299 2726 2351 2779 in
2388 2725 2609 2779 nomine
2636 2738 2757 2777 meo
2791 2737 2986 2790 magno
3016 2738 3029 2773 :
3066 2721 3110 2776 si
3140 2720 3279 2774 ultra
3315 2730 3478 2771 voca,

1909 2822 2057 2876 bitur
2096 2836 2292 2874 nomen
2319 2833 2494 2872 meum
2523 2834 2587 2873 ex
2624 2831 2718 2871 ore
2749 2815 2928 2869 omnis
2953 2813 3113 2868 Juda.
3154 2830 3174 2864 ι
3209 2811 3477 2877 Quoniam

1910 2915 2043 2969 dixit
2070 2928 2127 2969 se
2158 2926 2354 2966 nomen
2383 2925 2541 2965 suum
2576 2908 2884 2962 ablaturum
2918 2920 3040 2960 esse
3068 2904 3133 2957 de
3166 2902 3327 2966 Juda,
3360 2917 3479 2956 ma-

1910 3005 2107 3060 nifeste
2146 3013 2201 3060 et
2237 3003 2406 3072 legem
2452 3014 2672 3070 quoque
2716 3008 2769 3053 et
2816 2997 3103 3052 sacrificia.
3154 2995 3270 3049 Non
3317 2994 3484 3063 igitur

1912 3096 2177 3166 praecipue
2233 3092 2531 3148 secundum
2581 3089 2675 3144 Dei
2720 3098 2956 3143 mentem
2992 3086 3057 3140 de
3084 3083 3478 3140 saeriflciislex

237 3174 453 3275 pou]_§v
496 3178 657 3230 παντὶ
700 3181 926 3248 στόματι
963 3181 1130 3234 Ἰούδα
1158 3182 1223 3236 ⁸⁸.
1252 3201 1268 3231 i
1320 3183 1381 3233 Εί
1422 3183 1478 3235 δὲ
1536 3183 1595 3234 τὸ
1636 3182 1807 3251 ὄνομα
1837 3218 1879 3275 C
1912 3222 1913 3229 η

1805 3226 1807 3233 .
1837 3218 1879 3275 ε
1912 3188 2035 3241 data
2062 3194 2179 3250 cst;
2205 3186 2351 3238 unde
2380 3192 2503 3252 post
2525 3183 2639 3237 hate
2663 3195 2756 3250 per
2786 3180 3078 3250 prophetas
3109 3176 3246 3231 dixit
3275 3195 3286 3229 :
3320 3172 3481 3239 tQuis

233 3268 404 3321 αὐτοῦ
465 3268 569 3337 ἔφη
628 3272 1007 3341 περιαιρήσειν
1054 3274 1162 3324 ἀπὸ
1229 3272 1519 3335 Ἰουδαίων,
1562 3271 1807 3339 εὔδηλον,

234 3359 319 3410 ὅτι
379 3360 471 3411 καὶ
500 3361 593 3411 τὸν
646 3362 810 3428 νόμον
857 3362 949 3414 καλ¹
997 3364 1096 3423 τὰς
1152 3362 1363 3423 θυσίας.
1395 3393 1465 3403 -
1494 3364 1540 3396 ⁸⁹
1566 3362 1680 3434 (l5)
1735 3364 1810 3417 Οὐ

236 3450 419 3502 τοίνυν
473 3452 899 3521 προηγουμένως
944 3453 1085 3504 κατά
1117 3451 1260 3522 (τὴν)
1295 3453 1447 3505 θείαν
1496 3454 1723 3523 γνώμην
1778 3456 1810 3523 ἡ

239 3538 373 3605 περὶ
400 3538 508 3590 τῶν
532 3539 732 3592 θυσιῶν
751 3540 906 3609 ἐδόθη
930 3541 1222 3609 νομοθεσία
1243 3560 1255 3606 ;
1279 3542 1589 3596 Κάντεῦθεν
1609 3545 1746 3613 μετὰ
1765 3545 1811 3575 ⁹⁶

238 3628 415 3680 ταῦτα
454 3630 541 3682 διὰ
572 3631 678 3682 τῶν
723 3632 1018 3701 προφητῶν
1043 3632 1144 3701 ἔφη
1177 3636 1249 3666 ⁹¹ο
1287 3652 1304 3684 ι
1350 3636 1445 3698 Τίς
1474 3636 1583 3705 γὰρ
1622 3634 1813 3705 ἐξεζή-

238 3737 373 3788 τησε
402 3721 573 3775 ταῦτα
603 3724 665 3775 ἐκ
691 3723 797 3776 τῶν
825 3724 1025 3793 χειρῶν
1060 3724 1215 3792 ὑμῶν
1244 3726 1323 3790 ”;
1367 3744 1383 3776 ι
1418 3727 1511 3779 καί
1548 3727 1625 3760 ⁸³·
1666 3745 1684 3778 ι
1722 3728 1815 3797 Μὴ

240 3814 402 3881 εὐχαὶ
454 3815 547 3866 καὶ
579 3816 717 3883 κρέα
743 3816 790 3846 ⁸⁸
816 3817 1112 3884 ἀφαιροῦσι
1159 3818 1259 3877 τὰς
1306 3819 1588 3889 ἁμαρτίας
1630 3835 1753 3883 σου;
1791 3838 1807 3871 ι

242 3906 336 3957 καί
368 3906 450 3937 ’δ’
490 3923 507 3955 ι
560 3906 649 3975 Μὴ
700 3908 904 3973 σφάγια
941 3910 987 3938 ⁹⁶
1013 3909 1106 3959 καὶ
1163 3908 1354 3971 θυσίας
1400 3911 1815 3979 προσηνέγκατέ

245 4016 337 4065 μοι
367 4000 425 4050 ἐν
455 3999 519 4065 τῇ
570 3999 762 4067 ἐρήμῳ
796 3998 888 4067 ἔτη
921 4006 1002 4068 μ’;
1036 4019 1054 4049 ι
1095 3997 1188 4051 καί
1212 4001 1257 4031 ’⁷
1280 4018 1291 4031 ·
1331 4020 1349 4052 ι
1381 4002 1496 4054 ’Ὶνα
1536 4004 1590 4053 τί
1619 4020 1708 4071 μοι
1732 4003 1813 4055 λί-

242 4088 405 4139 ϐανον
444 4087 607 4155 296
639 4089 702 4140 ἐκ
736 4088 883 4140 Σαϐὰ
937 4090 1133 4159 φέρετε
1164 4089 1211 4122 ³⁸
1243 4090 1337 4142 καὶ
1391 4090 1711 4161 κινάμωμον
1754 4094 1816 4145 ἐκ

244 4182 347 4247 γῆς
400 4178 702 4247 μακρόθενς
745 4199 763 4231 ι
801 4181 889 4233 Διό
923 4198 1089 4248 φησιν
1120 4182 1200 4213 ⁸⁸·
1244 4201 1262 4233 ι
1299 4183 1499 4235 Θυσίαν
1527 4184 1620 4237 καὶ
1650 4202 1819 4254 προσ-ι

244 4273 419 4340 φορὰν
464 4272 564 4322 οὑκ
604 4270 896 4342 ἐθέλησας·
928 4290 946 4324 ι
986 4274 1078 4327 καί
1104 4275 1149 4306 ⁸·
1207 4294 1226 4326 ι
1255 4275 1344 4344 Μὴ
1392 4275 1819 4343 ὁλοκαυτώματα

247 4366 343 4417 καὶ
369 4362 559 4425 θυσίας
589 4362 730 4416 θέλει
767 4366 795 4416 ὁ
828 4365 958 4425 Θεὸς
988 4366 1029 4430 ¹,
1061 4366 1093 4436 ἢ
1125 4365 1185 4418 τὸ
1218 4366 1514 4419 ὑπακούειν
1554 4365 1756 4433 αὐτοῦς
1795 4387 1813 4420 ι

246 4454 371 4507 καί·
415 4473 433 4504 ι
502 4455 663 4523 Ἀκοὴ
706 4455 885 4525 ἀγαθὴ
934 4456 1072 4527 ὑπὲρ
1129 4456 1354 4510 θυσίαν·
1394 4476 1411 4509 ι
1462 4458 1554 4511 καί
1588 4460 1641 4490 ³·
1678 4477 1696 4509 ι
1757 4459 1818 4510 Ei

1912 3278 2056 3331 enim
2081 3277 2183 3331 hoc
2200 3275 2493 3345 exquisivit
2518 3274 2585 3329 de
2609 3274 2859 3327 manibus
2882 3270 3130 3325 vestris?»
3158 3277 3244 3323 et:
3281 3266 3482 3321 «Num-

1914 3370 2044 3439 quid
2079 3383 2266 3438 preces
2300 3376 2353 3421 et
2389 3382 2579 3421 carnes
2608 3364 2854 3419 auferent
2886 3362 3118 3415 malitias
3152 3357 3338 3413 tuas?»
3377 3364 3431 3412 et
3465 3373 3479 3409 :

1920 3480 1937 3513 ι
1973 3459 2245 3530 Numquid
2278 3460 2523 3513 victimas
2556 3468 2607 3511 et
2637 3456 2905 3511 sacrificia
2937 3453 3215 3508 obtulistis
3248 3448 3383 3505 mihi
3426 3450 3481 3501 in

1915 3554 2135 3607 deserto
2184 3550 2544 3620 quadraginta
2580 3547 2777 3603 annis?
2811 3565 2829 3598 ›
2873 3554 2926 3600 et
2954 3565 2967 3599 :
3000 3563 3018 3596 ι
3060 3542 3129 3599 Ut
3180 3543 3309 3613 quid
3346 3538 3482 3595 mihi

1918 3646 2045 3698 thus
2074 3643 2140 3696 de
2170 3642 2309 3696 Saba
2336 3640 2537 3695 all‘ertis
2571 3648 2625 3693 et
2665 3640 3068 3694 cinnamomum
3100 3635 3166 3690 de
3197 3643 3337 3688 terra
3364 3633 3484 3686 lon-

1917 3733 2160 3805 ginqua?
2196 3752 2213 3785 ι
2267 3732 2390 3786 Ideo
2446 3730 2580 3785 dicit
2623 3744 2637 3784 :
2693 3750 2710 3782 ι
2754 3728 3043 3783 Victimam
3086 3736 3140 3781 et
3186 3726 3491 3781 oblationes

1921 3824 2195 3880 noluisti»
2228 3824 2293 3877 Et
2328 3838 2341 3874 :
2385 3841 2402 3874 ι
2437 3819 2710 3889 Numquid
2743 3820 3184 3873 holocautomata
3216 3825 3269 3868 et
3326 3813 3487 3866 victi-

1922 3931 2038 3970 mas
2068 3915 2183 3968 vult
2208 3914 2380 3974 Deus,
2406 3912 2585 3981 potius
2611 3923 2772 3978 quam
2802 3918 2859 3961 ut
2894 3907 3176 3961 obediatur
3202 3904 3290 3958 ci?
3322 3921 3340 3954 ι
3381 3900 3447 3955 Et
3475 3918 3491 3954 :

1925 4026 1943 4058 ι
1978 4005 2295 4060 Obedientia
2331 4004 2526 4058 melior
2553 4009 2635 4056 est
2665 4014 2830 4069 super
2862 3998 3159 4052 victimam.
3192 4015 3209 4048 ι
3240 3994 3345 4049 Et:
3376 4013 3394 4045 ι
3435 3994 3493 4049 Si

1922 4094 2561 4160 voluisses,sacrilicium
2605 4092 2877 4146 dedissem
2922 4089 3129 4158 utique.
3169 4107 3187 4140 ι
3261 4086 3325 4140 Et
3372 4086 3495 4140 dies

1922 4188 2089 4245 festos
2115 4189 2364 4258 rejiciens
2394 4185 2541 4240 addit
2570 4184 2758 4239 dicens
2793 4200 2805 4236 :
2842 4202 2859 4233 ‹
2886 4182 3065 4247 0divi,
3102 4180 3303 4251 proieci
3335 4178 3495 4234 festi-

1922 4281 2117 4335 vitales
2164 4289 2418 4344 vestras;
2456 4276 2763 4331 carminum
2804 4282 2859 4327 et
2908 4275 3231 4343 hymnorum
3269 4279 3495 4325 tuorum

1924 4385 2093 4426 sonus
2129 4371 2197 4424 ab
2226 4370 2451 4424 auribus
2471 4369 2607 4422 meis
2632 4368 2773 4419 absit
2795 4384 2811 4417 ι
2853 4363 2919 4417 Ει
2949 4380 2963 4417 :
3008 4383 3025 4415 ι
3058 4363 3206 4417 Diem
3238 4376 3489 4430 magnam

1925 4475 2030 4513 non
2091 4460 2356 4519 sustineo.
2435 4457 2639 4528 jejunia
2705 4465 2759 4511 et
2815 4454 3048 4509 Sabbata
3120 4454 3237 4507 odit
3313 4454 3495 4506 anima

247 4547 520 4617 ἠθέλησας
547 4547 758 4611 θυσίαν,
780 4547 953 4600 ἔδωκα
980 4547 1064 4601 ἄν.
1106 4567 1124 4600 ι
1153 4549 1260 4601 Καὶ
1285 4549 1350 4617 δὴ
1377 4550 1470 4601 καὶ
1500 4550 1597 4611 τὰς
1628 4548 1820 4619 ἑορτάς
1853 4555 1896 4609 D

1816 4566 1820 4603 Γ
1853 4555 1896 4609 Ι)
1928 4567 2065 4606 mea.
2114 4569 2132 4602 ι
2171 4549 2277 4604 Et:
2318 4568 2336 4601 ι
2368 4547 2486 4603 Non
2522 4549 2624 4602 tale
2655 4548 2920 4616 jejunium
2961 4546 3153 4615 elegi.»
3196 4545 3299 4599 Et:
3330 4562 3348 4595 ι
3385 4543 3492 4597 Da-

248 4639 530 4692 ἐκϐάλλων
562 4640 581 4669 ⁵
606 4640 802 4707 ἐπάγει
827 4640 999 4705 λέγων
1029 4642 1050 4672 ⁵
1069 4656 1081 4669 ·
1114 4658 1132 4691 ι
1160 4641 1459 4711 Μεμίσηκα
1481 4643 1523 4705 ⁸,
1554 4640 1817 4708 άπῶσμαι

248 4732 349 4794 τὰς
382 4731 575 4801 ἑορτὰς
622 4730 797 4798 ὑμῶν,
842 4731 1151 4801 άπόστησον
1180 4734 1275 4787 ἀπ’
1308 4733 1441 4802 ἐμοῦ
1492 4727 1625 4802 ἦχον
1671 4731 1821 4801 ᾠδῶν

253 4839 375 4886 σου,
398 4824 491 4874 καὶ
522 4822 738 4891 ψαλμὸν
757 4824 1004 4891 ὀργάνων
1034 4824 1174 4893 (σου)
1215 4826 1314 4877 οὐκ
1349 4824 1769 4892 είσακούσομαι·
1800 4842 1818 4873 ι

1929 4645 1999 4697 bo
2021 4642 2177 4697 vobis
2201 4650 2465 4711 prmcepta
2501 4654 2610 4693 non
2640 4638 2803 4701 bona,
2839 4638 2892 4689 in
2945 4636 3146 4704 quibus
3189 4650 3297 4689 non
3346 4635 3493 4688 vive-

1934 4732 2003 4785 tis
2058 4746 2152 4800 per
2195 4746 2277 4784 ea.
2330 4749 2347 4781 ι
2402 4728 2555 4784 Unde
2602 4742 2731 4796 ergo
2785 4734 3001 4794 propter
3054 4724 3313 4779 duritiam
3368 4740 3496 4780 cor-

1933 4824 2019 4879 dis
2066 4824 2269 4885 vestri,
2311 4837 2417 4875 non
2450 4828 2666 4889 propter
2700 4818 2994 4871 bonitatem
3037 4831 3189 4871 suam
3221 4816 3370 4871 dedit
3396 4833 3497 4871 vo-

254 4913 350 4966 καί
383 4913 430 4943 τ’
474 4932 492 4963 ι
546 4912 791 4983 Ἦμέραν
816 4914 1059 4984 μεγάλην
1089 4916 1188 4967 οὐκ
1211 4916 1475 4986 ἀνέχομαι
1497 4916 1537 4978 ⁸,
1569 4916 1823 4984 νηστείαν

1621 4916 1823 4984 ιστείαν
1931 4915 2015 4971 bis
2043 4922 2306 4985 praecepta
2353 4912 2535 4967 omnia
2566 4911 2700 4974 haec,
2728 4922 2829 4963 nec
2868 4910 3173 4965 immutatio
3195 4919 3297 4965 est.

256 5006 353 5058 καὶ
384 5004 580 5075 ἀργίαν
609 5034 677 5045 —-
710 5008 913 5074 μισεῖὴ
975 5007 1121 5077 ψυχή
1160 5024 1292 5077 μου⁹
1333 5027 1351 5059 ι
1381 5009 1471 5060 καί
1494 5010 1545 5039 θ’
1590 5027 1607 5058 ι
1647 5010 1721 5061 Οὐ
1752 5025 1833 5060 τοι
1871 5007 2040 5078 αὐτην
2072 5007 2325 5077 νηστείαν
2369 5003 2526 5075 (ἐγὼ)
2564 5002 2895 5075 ἐξελεξάμην
2918 5022 2931 5036 ο

258 5101 393 5168 ὑμῖν
440 5098 837 5167 προστάγματα
905 5098 967 5151 οὐ
1012 5098 1173 5163 καλὰ,
1216 5100 1273 5151 ἐν
1318 5095 1400 5162 οἷς
1438 5101 1496 5152 οὺ
1529 5099 1760 5169 ζήσεσθε
1790 5099 1858 5155 δι’

3020 5004 3134 5058 καί·
3166 5006 3221 5073 ,³⁸
3269 5023 3287 5055 ι
3326 5003 3493 5056 Δώσω

1454 5218 1654 5281 Varim
1679 5218 1987 5281 lectiones
2028 5224 2087 5279 et
2128 5225 2310 5278 nota}.

335 5370 380 5400 ⁷⁸
412 5370 501 5421 Os.
537 5383 575 5429 I,
606 5369 659 5430 ι,
683 5366 735 5425 6.
813 5369 856 5400 ⁷⁷
891 5370 1071 5430 οἴκους
1097 5366 1273 5435 βασιλ.
1308 5367 1467 5438 cod.”
1509 5367 1551 5438 7⁸
1575 5365 1669 5420 τοῦ
1858 5365 1988 5421 Ccd.

1823 5406 1825 5415 .
1858 5365 1988 5421 Cod.
2065 5368 2109 5438 "’_
2137 5363 2481 5438 dvvtto'tﬁecqt
2514 5362 2638 5438 cod.
2717 5361 2952 5438 ⁸⁶Ααθτῷ
2990 5360 3139 5438 βαρ..Δ
3203 5360 3245 5391 ⁸¹
3276 5357 3369 5438 Qs.
3413 5373 3499 5438 ts,

266 5439 448 5493 εδδ-ι.
527 5440 573 5469 ι’
609 5440 851 5505 Ἐφ.τας
890 5442 939 5501 ῤ,
976 5440 1030 5491 ἀ.
1068 5438 1145 5502 εξ.
1176 5438 1270 5490 os.
1345 5437 1391 5467 ιι
1423 5436 1543 5490 Mal.
1580 5454 1616 5492 ι.
1652 5436 1839 5489 ιο-η.

1916 5438 1962 5468 ⁸⁸
1996 5438 2054 5489 ὲν
2093 5435 2214 5503 ἐμοί
2241 5434 2361 5488 cod.
2438 5435 2483 5466 ”
2514 5433 2729 5503 Mal._tt,
2762 5432 2814 5485 9.
2849 5429 3022 5503 Κάγὼ
3054 5431 3264 5503 δέδωκα
3289 5431 3340 5483 ὑ.

263 5511 359 5561 καὶ
392 5498 797 5580 άπερριμένονς
832 5498 978 5561 ⁷ΜοΙ.
1034 5498 1129 5580 καί
1153 5508 1539 5580 παρειμένους
1578 5507 1721 5580 βοά.
1766 5506 1841 5580 ,⁸⁷
1870 5505 1998 5580 Jer._
2040 5498 2181 5580 μιν,
2379 5504 2425 5536 ⁸⁸
2458 5520 2585 5580 μεγ.
2629 5498 2749 5554 εἷπε
2778 5502 2982 5580 Κυριοις
3014 5502 3109 5580 ἐὰν
3133 5500 3505 5580 γένηται-ἔτι

262 5578 437 5644 δ.ομά
471 5577 571 5646 μου
604 5580 664 5629 ἐν
685 5578 761 5644 τῷ
793 5595 875 5630 στ.
908 5577 1209 5646 παντὸςΊε
1236 5577 1346 5629 Jer.
1385 5594 1489 5643 μεγ

264 5649 552 5709 12-39l,8.
626 5646 673 5679 ”

1498 5617 1509 5629 .
1544 5576 1592 5627 εί
1618 5578 1663 5628 ὲ.
1696 5575 1874 5628 τοίνυν
1907 5575 2000 5629 τοῦ
2041 5574 2089 5627 λ.
2135 5575 2183 5627 ό.
2215 5574 2277 5626 τὸ
2310 5576 2356 5627 ό.

703 5640 801 5714 μ’ὲν
830 5664 879 5700 τ.
908 5648 1037 5701 Ced.
1112 5649 1154 5684 "
1182 5644 1291 5700 Jcr.
1326 5662 1362 5702 t.
1387 5640 1483 5699 12.
1557 5647 1603 5677 "
1635 5663 1727 5697 σου
1758 5645 1887 5699 Ccd.
1963 5646 2010 5678 ⁸³
2041 5644 2150 5699 Jcr.
2181 5659 2264 5714 ﬁt,
2306 5645 2371 5697 15

1833 5645 1887 5698 d.
1963 5646 2010 5678 ⁸³
2041 5644 2150 5699 Jcr.
2181 5659 2264 5714 ﬁt,
2306 5640 2432 5714 15.:
2466 5641 2511 5676 ”
2531 5642 2737 5714 κρέατα
2762 5642 2916 5714 _Ced.
2996 5641 3042 5672 "
3071 5640 3265 5714 Amos.
3304 5655 3381 5714 ν,Δ
3412 5640 3504 5714 25.

265 5719 312 5749 "
388 5720 614 5785 σφάγιον
662 5711 793 5770 Ced.
868 5718 910 5749 "
946 5715 1056 5771 Jer.
1087 5734 1160 5780 Vl,
1191 5714 1280 5769 20.
1314 5783 1323 5786 Α
1358 5715 1401 5747 ⁸⁸
1435 5717 1622 5786 φέρεις
1648 5714 1781 5786 Ced.
1853 5718 1896 5748 ⁹⁹
1930 5714 1941 5767 1

1314 5783 1323 5786 Α
1358 5715 1401 5747 ’⁸
1435 5717 1622 5786 φέρεις
1648 5714 1781 5786 (led.
1853 5718 1896 5748 ’9
1930 5714 2138 5786 Ρεηχι.ὲ
2166 5713 2218 5786 6_.
2298 5714 2367 5786 [ί
2402 5713 2673 5786 ὃςιιηηξν,
2695 5711 2829 5786 22.-
2883 5714 2900 5745 ⁸
2930 5717 2957 5786 ό

2397 5570 2501 5644 μου
2533 5577 2587 5625 ἐν
2616 5590 2676 5644 π.
2710 5574 2892 5644 στ.-’1ἶ
2921 5573 3054 5644 (led.
3086 5640 3095 5644 _
3132 5572 3180 5602 θ’
3218 5571 3348 5624 Ced.
3376 5570 3504 5644 599.

3000 5712 3135 5779 μετὰ
3176 5710 3233 5761 θ.
3286 5710 3405 5763 cod.
3489 5710 3509 5741 ³

267 5788 355 5838 IN.
426 5780 520 5849 υ(
551 5788 637 5841 16.
714 5788 733 5817 ⁸
767 5786 1010 5839 ἐκϐαλών
1039 5788 1165 5839 (led.
1246 5787 1265 5815 ⁵
1301 5780 1482 5837 Amos.
1509 5780 1563 5844 ν.
1600 5785 1687 5837 ⁵21.
1767 5785 1785 5815 ⁸
1827 5786 1918 5838 καί

1828 5786 1918 5838 καί
1948 5784 2068 5840 add.
2101 5783 2230 5839 Ccd.
2308 5784 2325 5815 ⁷
2352 5782 2455 5840 lsu.
2485 5798 2521 5847 I,
2557 5782 2735 5845 13,”.
2811 5780 2831 5811 ⁸
2864 5781 3101 5837 xaiadd.
3135 5781 3265 5836 Ccd.
3342 5781 3363 5810 ’
3400 5780 3504 5834 lsa.

272 5872 423 5923 |\‘il|,
462 5858 513 5914 5.
545 5858 617 5913 Οὐ
652 5857 853 5926 ταύτην
888 5860 981 5931 την
1014 5876 1055 5911 ν.
1086 5860 1138 5923 ἐξ
1244 5856 1284 5886 ’⁸)
1315 5856 1405 5910 Ει.
1452 5872 1541 5921 xx,
1584 5855 1671 5908 25.
