4244 6444
805 384 907 445 467

1995 396 2312 457 omnem
2358 379 2803 461 mmmam
2870 426 2875 427 ί

3918 398 4025 461 468

804 495 1003 548 αὐτῶν.
1046 515 1063 546 ι
1103 497 1263 549 Ὥστε
1291 493 1384 550 οὖν
1424 502 1563 554 κατᾶ
1602 503 1698 573 τὴν
1736 506 2165 579 σκληροκαρδίαν
2195 510 2368 578 ὑμῶν,
2411 514 2504 565 καὶ
2554 514 2615 566 οὐ
2651 514 2792 567 κατὰ
2832 514 2933 585 τήν
2997 514 3310 586 ἀγαθότητα
3340 511 3569 584 (αὑτοῦ),
3604 512 3802 567 ἔδωκεν
3838 513 3879 544 ¹¹
3913 512 4045 584 ὑμῖν

802 588 869 640 τά
898 592 1293 658 προστάγματα
1316 592 1479 647 αὐτοῦ
1502 597 1684 650 ἐκεῖνα
1710 600 1945 663 πάντως,
1968 603 2063 657 καὶ
2081 603 2363 669 ἀλλοίωσις
2398 608 2499 660 οὐκ
2537 608 2705 661 ἐστιν.

872 678 1165 750 Postquam
1194 685 1512 753 jamdudum
1543 690 1818 760 insipienti
1849 696 2001 752 valde
2030 710 2082 753 et
2108 700 2366 768 ingratis-
2395 703 2445 760 Α
2545 707 2548 731 τ

2395 703 2445 760 Α
2545 703 2586 734 ³³
2637 702 2750 768 (16)
2794 703 2948 756 Ἐπεὶ
3000 698 3093 756 οὖν
3141 701 3411 772 ἀγνώμων
3464 698 3714 770 (σφόδρα)
3764 698 3860 753 καὶ
3923 698 4045 751 λίαν

802 774 945 827 simo
986 777 1153 829 corde
1211 775 1391 833 faetus
1435 789 1579 834 esset
1658 781 1846 847 Israel,
1900 797 1953 841 et
1994 788 2367 860 dereliquisset

801 861 954 915 illum
990 865 1082 932 qui
1109 881 1234 921 vere
1262 877 1345 922 est
1371 877 1424 921 et
1452 869 1554 923 fuit
1587 884 1775 927 eorum
1806 874 1969 940 Deus,
1997 881 2090 948 qui
2127 882 2367 949 plasma-

801 950 879 1003 vit
907 966 1022 1017 eos,
1047 962 1098 1008 et
1133 974 1151 1005 ι
1185 957 1475 1013 multifarie
1518 962 1814 1032 nudtisque
1846 968 2022 1021 modis
2051 987 2069 1018 ι
2105 970 2368 1028 benefecit

802 1040 905 1104 eis,
940 1052 993 1094 et
1024 1044 1249 1098 omnino
1282 1062 1312 1100 a
1348 1046 1456 1101 Deo
1486 1048 1766 1107 Salvatore
1798 1071 1897 1109 suo
1923 1056 2198 1123 deficiens,
2236 1061 2365 1116 cim-

803 1130 1061 1186 molasset
1096 1134 1238 1191 ﬁlios
1275 1152 1405 1192 suos
1443 1149 1497 1195 et
1544 1141 1680 1198 ﬁlias
1727 1160 1857 1202 suas
1906 1148 2218 1217 daemoniis,
2262 1172 2279 1205 ι
2312 1164 2367 1209 et

803 1232 1070 1280 creatura:
1118 1230 1394 1286 serviisset
1420 1246 1542 1287 eum
1575 1236 1810 1293 adorans
1835 1250 2027 1308 praeter
2053 1241 2367 1300 Creatorem

809 1333 827 1364 ι
860 1316 1048 1371 dicens
1082 1319 1231 1387 Iigno
1265 1332 1317 1373 et
1346 1324 1508 1391 lapidi
1536 1344 1548 1378 :
1582 1327 1721 1382 Deus
1750 1344 1903 1385 meus
1949 1346 2029 1393 es,
2076 1341 2130 1386 et
2173 1343 2229 1387 tu
2280 1350 2367 1388 me

784 1408 1093 1481 generasti,
1132 1428 1148 1461 ι
1187 1425 1293 1465 non
1328 1412 1539 1469 horruit
1569 1418 1733 1473 miser
1763 1422 2367 1494 etstupidusabuegare

801 1499 893 1564 qui
927 1514 1050 1553 eum
1084 1514 1338 1569 genuerat
1372 1507 1537 1561 Deum
1594 1511 1773 1564 vivum
1810 1522 1865 1568 et
1902 1530 2113 1581 verum,
2149 1526 2203 1572 et
2231 1518 2366 1572 obli-

802 1589 935 1640 visci
978 1592 1303 1647 nutrientem
1335 1611 1391 1650 se
1420 1598 1612 1651 Deum.
1643 1600 1849 1655 Idcirco
1890 1605 1943 1657 in
1978 1617 2258 1673 posterum
2312 1618 2367 1662 ut

803 1676 979 1732 inutili
1027 1690 1076 1735 et
1122 1683 1406 1741 insanabili
1441 1688 1609 1744 iratus
1636 1700 1719 1745 est
1747 1693 1820 1745 illi
1862 1692 2003 1748 Deus
2040 1707 2095 1750 et
2135 1711 2363 1753 aversus

801 1779 884 1822 est
922 1773 1145 1827 omnino
1179 1776 1247 1830 ab
1277 1793 1363 1843 eo,
1408 1794 1503 1848 per
1549 1797 1805 1854 magnum
1839 1784 2089 1841 Davidem
2120 1788 2310 1846 dicens
2348 1808 2362 1845 :

808 1877 826 1908 ι
868 1860 933 1912 Ει
966 1877 1071 1916 non
1118 1865 1327 1921 audivit
1367 1870 1601 1938 populus
1642 1890 1796 1930 meus
1830 1892 2019 1932 vocem
2058 1895 2273 1948 meam,
2311 1893 2366 1938 et

804 1950 968 2005 Israel
1015 1969 1120 2009 non
1159 1957 1389 2014 intendit
1425 1963 1580 2030 mihi,
1609 1974 1664 2019 et
1709 1968 1890 2025 dimisi
1936 1986 2035 2027 eos
2064 1978 2362 2030 secundum

802 2044 1213 2105 adiuventiones
1258 2054 1439 2107 cordis
1482 2071 1669 2110 eorum
1717 2061 2016 2117 ambulare.
2050 2083 2069 2115 ι
2110 2066 2370 2123 Similiter

800 2146 853 2188 et
873 2135 1165 2195 Zacharias
1191 2143 1264 2195 ait
1292 2159 1305 2195 :
1339 2164 1357 2196 ι
1389 2145 1533 2214 Dixi,
1558 2146 1674 2203 Non
1707 2167 1922 2220 pascam
1951 2170 2074 2221 eos;
2106 2158 2195 2212 sed
2223 2160 2369 2229 quod

801 2232 1054 2295 moritur,
1080 2234 1367 2303 moriatur,
1395 2248 1449 2292 et
1471 2241 1614 2308 quod
1640 2229 1819 2311 perit,
1854 2255 2072 2314 pereat,
2096 2259 2147 2303 et
2175 2251 2369 2321 reliqui

802 2322 1064 2379 devorent
1097 2331 1473 2400 unusquisque
1496 2347 1692 2389 carnes
1727 2337 1957 2406 proximi
1990 2340 2126 2394 sui.»
2155 2340 2367 2397 Etcum

800 2415 875 2468 ita
903 2430 963 2469 se
1002 2417 1237 2472 invisum
1278 2429 1333 2474 et
1379 2436 1693 2493 corruptum
1738 2437 1792 2482 et
1830 2446 2056 2498 prorsus
2096 2434 2366 2503 pollutum

802 2522 898 2573 per
922 2509 1266 2576 turpissimas
1287 2523 1341 2566 et
1366 2514 1560 2582 impias
1585 2517 1996 2578 adiuventiones
2017 2525 2368 2599 prmbuisset,

798 2601 920 2665 jure
953 2615 1179 2669 prorsus
1214 2620 1277 2659 ac
1311 2606 1504 2661 merito
1534 2608 1830 2666 derelictus
1865 2621 1950 2668 est
1997 2624 2051 2669 et
2103 2616 2370 2685 abiectus,

804 2691 945 2745 sicut
982 2702 1035 2746 et
1061 2694 1219 2750 divus
1256 2697 1368 2765 ipse
1391 2697 1684 2755 Malacbias
1707 2703 1784 2755 ait
1815 2720 1829 2769 ;
1869 2724 1886 2756 ι
1926 2706 2133 2761 Cecidit
2158 2708 2325 2763 Israel
2354 2750 2368 2772 ,

802 2792 855 2836 et
887 2784 991 2835 ubn
1021 2786 1233 2851 adiiciet
1272 2797 1330 2842 ut
1369 2801 1634 2860 resurgat.
1676 2811 1695 2843 ι
1734 2793 1825 2847 Sic
1860 2806 1914 2849 et
1943 2795 2111 2852 Isaias
2140 2813 2155 2850 :
2187 2818 2203 2849 ι
2237 2800 2371 2865 Quis

804 2885 989 2941 parcet
1013 2876 1145 2929 tibi?
1174 2878 1496 2947 Jerusalem,
1531 2891 1622 2935 aut
1650 2886 1774 2953 quis
1804 2886 2042 2941 reﬁectet
2077 2898 2127 2943 te
2176 2892 2228 2944 iu
2279 2908 2372 2960 pa-

804 2981 921 3019 cem
956 2967 1070 3030 tibi,
1104 2969 1235 3022 dicit
1280 2970 1566 3027 Dominus.
1597 2973 1918 3031 Retrorsum
1966 2981 2291 3049 ambulabis,
2318 2992 2373 3038 et

804 3057 1089 3112 extendam
1130 3076 1351 3114 manum
1389 3079 1587 3131 meam,
1614 3076 1665 3120 et
1708 3067 2028 3125 interﬁciant
2073 3081 2145 3134 te,
2177 3084 2228 3126 et
2260 3089 2369 3128 non

805 3151 1042 3219 amplius
1071 3153 1337 3208 dimittam
1369 3166 1439 3211 te.
1473 3175 1596 3209 i—r
1635 3157 1773 3214 Ecce
1805 3176 1901 3230 ego
1929 3163 2058 3217 tollo
2097 3175 2148 3217 et
2182 3165 2371 3236 frango

805 3256 921 3305 vos,
949 3250 1002 3295 et
1041 3243 1310 3299 civitatem
1341 3262 1502 3316 quam
1532 3248 1651 3302 dedi
1680 3252 1849 3315 vobis,
1888 3261 1944 3308 et
1981 3254 2123 3308 dabo
2155 3271 2249 3309 vos
2276 3272 2374 3326 op-

2470 794 2764 864 ἀχάριστος
2811 797 2840 848 6
2890 794 3103 867 Ἰσραὴλ
3145 795 3376 848 ἔκπαλαι
3408 795 3694 863 γενόμενος
3745 791 3841 845 καὶ
3876 808 4047 843 κατα-

2470 886 2660 956 λείψας
2687 888 2777 941 τὸν
2829 888 2998 951 ὅντως
3033 887 3162 942 ὄντα
3195 888 3290 942 καὶ
3330 886 3569 957 προόντα
3603 885 3755 950 Θεὸν,
3796 883 3888 937 τὸν
3923 900 4049 935 ποιο

2470 981 2679 1050 ήσαντα
2720 981 2816 1033 καὶ
2869 999 2887 1031 ι
2912 982 3348 1051 εὐεργετήσαντα
3389 978 3553 1031 αὐτὸν
3594 978 3636 1009 ³³
3670 996 3688 1029 ι
3718 974 4044 1043 πολυμερῶς

2481 1073 2578 1125 καὶ
2607 1071 2984 1142 πολυτρόπως,
3029 1092 3046 1123 ι
3072 1073 3170 1126 καὶ
3193 1073 3400 1125 τέλειον
3434 1072 3479 1103 ³³
3500 1070 3748 1131 ἀποστὰς
3772 1067 3881 1121 ἀπὸ
3902 1065 4042 1118 Θεοῦ

2471 1166 2721 1236 Σωτῆρος
2749 1164 2935 1228 αὐτοῦ,
2976 1183 2993 1215 ι
3026 1162 3183 1216 ἔθυσε
3218 1165 3260 1195 ⁸⁵
3287 1164 3415 1225 τοὺς
3450 1163 3596 1225 υἱοὺς
3630 1158 3794 1214 αὑτοῦ
3826 1158 4044 1221 καὶτὰς

2471 1256 2775 1325 θυγατέρας
2795 1254 3011 1329 [αὐτοῦ]
3032 1257 3141 1319 τοῖς
3173 1255 3472 1322 δαιμονίοις
3492 1269 3506 1285 ο
3544 1272 3563 1304 ι
3596 1255 3689 1307 καὶ
3708 1252 4043 1321 ἐλάτρευσαν

2470 1348 2944 1415 προσκυνήσαντες
2971 1349 3014 1380 ⁸⁸
3040 1351 3104 1417 τῇ
3158 1346 3332 1400 κτίσει
3376 1346 3524 1415 παρά
3552 1344 3644 1396 τὸν
3682 1344 3941 1395 κτίσαντα
3973 1342 4041 1397 ’⁷.

2476 1454 2494 1488 ι
2531 1436 2704 1502 λέγων
2729 1436 2805 1506 τῷ
2833 1436 2975 1507 ξύλῳ
3004 1437 3097 1489 καὶ
3122 1437 3201 1506 τῷ
3234 1436 3368 1507 λίθῳ
3387 1454 3399 1467 ο
3432 1434 3567 1496 Θεός
3602 1450 3703 1504 μου
3742 1428 3813 1497 εἴ,
3847 1433 3941 1484 καὶ
3972 1431 4040 1483 σύ

2472 1545 2540 1596 με
2564 1528 2885 1597 ίγέννησας·
2929 1546 2948 1579 ι
2979 1529 3079 1580 οὐκ
3124 1526 3346 1596 ἔφριξεν
3376 1528 3405 1578 6
3454 1524 3618 1587 τάλας
3651 1524 3747 1576 καὶ
3792 1522 4042 1590 ἀπόπλη-

2468 1636 2597 1680 κτος
2617 1619 2955 1689 ἀρνήσασθαι
2981 1621 3023 1655 ¹³
3044 1618 3135 1671 τὸν
3147 1618 3486 1687 γεννήσαντα
3512 1615 3673 1668 αὑτὸν
3700 1615 3832 1667 Θεὸν
3861 1614 4041 1677 ζῶντα

2469 1711 2564 1763 καὶ
2594 1710 2868 1780 ἀληθινὸν,
2908 1711 3002 1764 καὶ
3048 1710 3400 1763 ἐπιλαθέσθαι
3429 1708 3523 1761 τοῦ
3556 1706 3848 1777 τρέφοντος
3877 1704 4045 1757 αὐτὸν

2469 1800 2623 1857 Θεοῦ.
2681 1801 2774 1855 Διὸ
2818 1800 2882 1871 δή
2920 1801 3106 1854 λοιπὸν
3145 1801 3222 1865 ὼς
3267 1802 3525 1871 ἀχρήστῳ
3568 1799 3685 1867 (καὶ
3732 1797 4042 1864 ἀνηκέστῳ)

2471 1893 2844 1965 προσώχθισεν
2870 1893 2913 1925 ¹⁹
2944 1891 3093 1962 αὐτῷ
3115 1895 3143 1946 6
3176 1892 3309 1955 Θεὸς
3344 1894 3440 1944 καὶ
3467 1890 3796 1959 ἀπεστράφη
3831 1886 4041 1952 (αὑτὸν)

2472 1985 2770 2047 παντελῶς,
2789 1985 2879 2038 διὰ
2900 1985 2995 2038 τοῦ
3025 1984 3260 2054 μεγάλου
3290 1984 3335 2014 ³⁸
3359 1982 3522 2036 Δαυῖδ
3541 1982 3765 2050 φάσκων
3785 1981 3827 2011 ²¹
3846 1996 3859 2009 ·
3882 1999 3900 2028 ι
3934 1980 4043 2031 Καὶ

2470 2080 2569 2131 οὐκ
2595 2080 2827 2147 ήκουσεν
2861 2080 2887 2132 6
2915 2078 3041 2140 λαός
3068 2095 3167 2148 μου
3195 2080 3294 2147 τῆς
3322 2075 3505 2146 φωνῆς
3541 2092 3664 2145 μου,
3696 2073 3790 2126 καὶ
3824 2071 4044 2141 Ἰσραὴλ

2469 2168 2530 2222 οὐ
2559 2169 2826 2238 προσέσχε
2861 2184 2973 2237 μοι,
3006 2167 3147 2241 [καὶ]
3188 2166 3549 2232 ἐξαπέστειλα
3577 2165 3772 2225 αὐτοὺς
3801 2163 3944 2214 κατά
3969 2161 4045 2212 τὰ

2471 2260 2880 2330 ἐπιτηδεύματα
2925 2261 3037 2312 τῶν
3088 2257 3327 2329 καρδιῶν
3372 2257 3555 2310 αὐτῶν
3608 2253 3960 2326 πορεύεσθαι.
4019 2269 4039 2302 ι

2483 2354 2756 2416 Ὡσαύτως
2779 2358 2874 2405 καὶ
2899 2351 3171 2421 Ζαχαρίας
3197 2352 3242 2382 ³³
3281 2350 3444 2409 φησίν
3469 2366 3484 2380 ο
3522 2368 3541 2401 ι
3583 2345 3754 2403 Εἶπον
3774 2364 3788 2380 ο
3819 2347 3895 2397 Οὐ
3924 2361 4046 2397 ποια

2475 2445 2631 2515 μανῶ
2668 2445 2886 2508 αὐτοὺς,
2924 2444 3061 2498 ἀλλά
3103 2443 3165 2499 τὸ
3213 2440 3559 2511 άπεθνῆσκον
3606 2439 3766 2509 297
3805 2436 4046 2506 ἀποθνη-

2474 2539 2671 2598 σκέτω,
2725 2538 2820 2590 καὶ
2873 2534 2935 2589 τὸ
2974 2535 3345 2605 ἀπολλύμενον
3394 2534 3778 2594 ἀπολλυέσθω,
3830 2532 3926 2583 καὶ
3973 2529 4047 2579 τὰ

2472 2627 2776 2681 κατάλοιπα
2798 2626 2843 2657 ³³
2866 2623 3237 2679 κατεσθιέσθω
3259 2625 3305 2656 ¹¹⁵
3330 2623 3563 2685 ἕκαστος
3587 2623 3685 2684 τὰς
3718 2621 3928 2690 σάρκας
3948 2618 4044 2670 τοῦ

2474 2719 2703 2788 πλησίον
2738 2718 2923 2771 αὐτοῦ.
2960 2735 2977 2767 ι
3010 2718 3121 2770 Καὶ
3150 2715 3293 2768 οὕτω
3323 2714 3547 2784 μισητὸν
3583 2714 3678 2766 καὶ
3700 2709 4046 2780 διαφθαρμέ-

2473 2828 2561 2865 νον
2591 2812 2681 2863 καὶ
2708 2810 2843 2880 (80⁸)
2872 2812 2952 2871 είς
2986 2808 3130 2862 ἀπαν
3154 2807 3576 2875 ἐϐδελλυγμένον
3607 2802 3695 2857 διὰ
3717 2802 3825 2855 τῶν
3865 2801 4049 2868 αἰσχί-

2475 2918 2618 2953 στων
2647 2902 2740 2952 καὶ
2768 2899 3077 2964 θεοστυγῶν
3118 2895 3567 2966 ἐπιτηδευμάτων
3598 2892 3794 2945 ἐαυτὸν
3828 2890 4047 2957 ἀποφή-

2473 3007 2593 3052 νας,
2624 2989 2852 3048 εἰκότως
2880 2983 2939 3040 εὖ
2987 2986 3132 3057 μάλα
3163 2988 3281 3053 (καὶ
3306 2984 3446 3037 πάνυ
3489 2982 3739 3047 δικαίως)
3782 2981 3860 3041 είς
3890 2978 4046 3039 τέλος

2472 3079 2801 3148 κατελείφθη
2846 3078 2941 3131 καὶ
2989 3077 3276 3147 ἀπεϐλήθη
3304 3077 3371 3141 ³⁵,
3400 3075 3582 3137 καθὼς
3627 3073 3789 3126 πάλιν
3822 3072 3850 3123 6
3901 3070 4046 3130 θεῖος

2473 3171 2759 3240 Μαλαχίας
2784 3168 2947 3238 φησίν
2977 3169 3023 3200 ³⁸
3044 3185 3059 3199 ·
3097 3186 3115 3218 ι
3150 3168 3387 3221 Ἔπεσεν
3430 3164 3651 3235 Ἰσραὴλ
3688 3164 3783 3216 καὶ
3815 3160 4048 3231 (οὐκέτι)

2475 3266 2535 3318 οὐ
2590 3264 2666 3334 μὴ
2715 3263 3016 3334 προσθήσει
3070 3262 3165 3315 τοῦ
3217 3260 3536 3330 ἀναστῆναι.
3572 3276 3589 3309 ›
3646 3257 3805 3309 Οὕτω
3870 3255 3965 3307 καὶ
4000 3252 4044 3284 ³⁷

805 3333 1084 3400 probrium
1099 3335 1492 3404 sempiternum
1516 3348 1568 3391 et
1587 3338 1937 3407 ignominiam
1962 3345 2369 3413 sempiternam,
2400 3342 2442 3398 C

2400 3342 2442 3398 ο
2486 3333 2714 3416 Ἡσαΐας
2754 3333 2918 3425 φησίν
2957 3354 3004 3387 ³³
3030 3370 3042 3383 ·
3089 3372 3107 3405 ι
3143 3353 3239 3415 Τίς
3273 3350 3521 3419 φείσεται
3569 3349 3665 3401 ἐπὶ
3714 3350 3798 3399 σοὶ
3828 3347 3895 3405 ³³.
3941 3343 4045 3396 Ἱε-

804 3436 931 3488 quae
964 3438 1243 3493 nunquam
1272 3426 1542 3481 oblivione
1573 3428 1862 3485 delebitur.
1894 3450 1913 3482 ι
1948 3433 2109 3488 Istius
2139 3435 2371 3490 novissi-

804 3528 907 3567 ma:
940 3524 993 3567 et
1020 3515 1221 3587 ultimae
1248 3514 1635 3574 destructionis
1666 3522 1927 3578 terribilia
1967 3540 2198 3595 quasque
2243 3542 2371 3580 nar-

807 3615 986 3659 rantes
1032 3618 1087 3661 ct
1119 3606 1462 3664 formidanda
1508 3612 1675 3666 divini
1721 3615 1920 3683 eloquii
1973 3618 2371 3672 scientissimus

804 3695 1039 3768 Moyses,
1070 3709 1121 3753 et
1145 3709 1266 3769 post
1312 3716 1436 3755 eum
1471 3703 1774 3759 cmicstium
1820 3716 1971 3761 vates
2007 3706 2274 3764 Jeremias
2318 3719 2373 3765 et.

809 3788 1055 3844 Ezechiel
1081 3791 1195 3845 hac
1224 3793 1496 3859 omnibus,
1523 3794 1703 3850 idiotis
1734 3812 1968 3867 quoque,
2009 3800 2156 3855 clara
2185 3803 2377 3854 admo-

806 3883 1043 3951 dumque
1095 3885 1381 3941 manifesta
1436 3886 1755 3943 eﬁ'ecerunt.
1806 3890 2022 3962 Moyses
2069 3910 2266 3963 nempe
2317 3897 2370 3950 in

808 3976 1228 4031 Deuterouomio
1260 3979 1390 4032 dicit
1417 3998 1431 4033 :
1464 3999 1482 4030 ι
1524 3979 1586 4033 Et
1613 3982 1844 4037 adducet
1874 3983 2134 4040 Dominus
2158 3997 2369 4055 gentem

808 4080 971 4134 super
995 4078 1044 4121 te
1072 4083 1102 4122 a
1134 4069 1425 4138 longinquo
1452 4070 1519 4124 de
1541 4074 1797 4128 extremis
1821 4084 1996 4140 terra},
2025 4086 2084 4130 ut
2109 4077 2373 4148 impetum

807 4160 1023 4228 aquilae,
1048 4171 1260 4229 gentem
1290 4161 1425 4218 facie
1460 4165 1941 4232 procacissimam;
1974 4178 2030 4222 et
2050 4180 2297 4250 conteret
2321 4181 2374 4225 te

808 4252 862 4304 iu
891 4252 1144 4307 omnibus
1173 4254 1404 4308 urbibus
1457 4258 1586 4321 tuis,
1634 4258 1806 4314 donec
1835 4261 2373 4316 destruantur‘muri

809 4347 885 4399 tui
919 4342 1179 4403 sublimes
1206 4360 1370 4418 atque
1402 4351 1581 4414 firmi,
1629 4354 1681 4405 in
1722 4355 1924 4423 quibus
1960 4355 2200 4410 habebas
2230 4357 2367 4411 ﬁdu-

806 4438 944 4491 ciam
985 4439 1039 4492 in
1073 4439 1204 4495 eis.»
1244 4459 1339 4492 -ι
1378 4442 1444 4493 Ει
1496 4444 1751 4499 comedes
1798 4443 2010 4502 fructus
2062 4447 2200 4501 uteri
2254 4450 2370 4514 tui,

805 4544 999 4586 carnes
1031 4530 1264 4586 ﬁliorum
1299 4542 1513 4587 tuorum
1544 4544 1599 4589 et
1637 4535 1867 4602 ﬁliarum
1901 4549 2115 4593 tuarum
2156 4558 2282 4593 ι-ι
2303 4556 2370 4594 eo

804 4623 948 4689 quod
969 4640 1072 4678 non
1108 4625 1175 4679 sit
1196 4627 1338 4695 quod
1363 4627 1607 4680 relictum
1635 4624 1796 4684 fuerit
1817 4630 1971 4685 vobis
2000 4632 2056 4684 iu
2086 4632 2372 4687 obsidione

804 4721 861 4766 et
890 4715 1161 4782 angustia,
1191 4732 1298 4786 qua
1330 4727 1537 4785 premet
1570 4728 1621 4773 te
1655 4719 1910 4776 inimicus
1941 4730 2070 4776 tuus
2104 4721 2157 4776 iu
2196 4722 2372 4776 omni-

807 4806 910 4859 bus
944 4807 1171 4862 urbibus
1206 4808 1331 4862 tuis.
1366 4810 1432 4864 Et
1476 4819 1664 4865 tenera
1716 4811 1770 4865 in
1817 4811 1972 4867 vobis
2027 4824 2080 4868 et
2127 4814 2363 4870 delicata

809 4898 1001 4953 mulier
1031 4900 1174 4968 quod
1225 4915 1502 4969 egressum
1544 4913 1627 4956 est
1670 4916 1736 4956 ex
1775 4902 2073 4959 femoribus
2114 4905 2267 4972 suis,
2322 4916 2376 4959 et

2402 4675 2449 4732 D

2479 3443 2784 3517 ρουσαλὴμ,
2814 3447 2846 3516 ἢ
2890 3445 2973 3508 τίς
3006 3442 3326 3513 ἀνακάμψει
3355 3442 3402 3472 ³ο
3433 3457 3493 3492 σε
3539 3440 3620 3501 είς
3666 3439 3887 3509 εἰρήνην
3922 3452 4003 3488 ac:
4032 3454 4047 3499 ;

2475 3540 2622 3607 λέγει
2676 3539 2901 3608 Κύριος.
2941 3537 3145 3589 Ὀπίσω
3199 3532 3475 3605 πορεύσῃ’
3528 3528 3667 3602 [καὶ]
3710 3527 3917 3581 ἐκτενῶ
3951 3526 4050 3594 τὴν

2477 3633 2635 3702 χεῖρά
2669 3646 2796 3698 μου,
2830 3628 2925 3680 καὶ
2964 3626 3239 3696 διαφθερῶ
3274 3642 3355 3688 σε,
3386 3625 3483 3677 καὶ
3519 3617 3802 3687 διασπεριῖι
3838 3634 3921 3681 σε,
3954 3616 4051 3668 καὶ

2477 3722 2659 3775 οὐκέτι
2693 3721 2879 3788 ἀνήσω
2906 3736 2963 3771 σε
2988 3719 3053 3772 ³³.
3083 3737 3180 3768 ›-
3202 3718 3255 3791 ³³
3288 3735 3307 3767 ι
3331 3716 3488 3779 Ἰδοὺ,
3527 3711 3637 3781 ἐγὼ
3662 3710 3924 3780 λαμϐάνω
3956 3712 4052 3762 καὶ

2478 3816 2665 3884 ρἀσω
2701 3812 2843 3881 ὑμᾶς
2876 3812 2969 3863 καὶ
2996 3812 3094 3874 τὴν
3126 3810 3300 3873 πόλιν;
3353 3807 3420 3877 ἢν
3472 3807 3648 3859 ἔδωκα
3674 3804 3719 3835 ³³
3749 3805 3904 3873 ὑμῖν.
3955 3802 4051 3854 καὶ

2475 3904 2631 3959 δώσω
2665 3904 2807 3972 ὑμᾶς
2838 3901 3141 3969 ὀνειδισμὸν
3172 3898 3390 3954 αἰώνιον
3422 3897 3517 3949 καὶ
3548 3894 3775 3965 ἀτιμίαν
3808 3892 4049 3953 αἰώνιον,

2474 3997 2597 4066 ἥτις
2625 3996 2726 4047 οὐκ
2751 3993 3203 4062 ἐπιλησθήσεται.
3239 4009 3257 4041 ι
3288 3991 3334 4021 ³³
3366 3988 3482 4059 (I7)
3509 3988 3621 4055 Τῆς
3668 3986 3852 4039 τοίνυν
3884 3982 4050 4051 ἐσχά-

2476 4106 2575 4159 της
2626 4086 2879 4147 ἁλώσεως
2925 4084 3129 4154 ταύτης
3159 4083 3254 4136 καὶ
3302 4078 3623 4141 τελευταίας
3657 4076 3728 4129 τά
3770 4074 3921 4129 δεινά
3956 4074 4050 4127 καὶ

2479 4178 2683 4248 φοϐερὰ
2707 4177 3140 4244 διαγορεύοντες,
3169 4175 3198 4226 ὅ
3228 4189 3287 4225 τε
3322 4171 3494 4239 μέγας
3526 4169 3573 4200 ³⁸
3602 4167 3929 4238 θεορῤήμων
3952 4165 4052 4219 πά-

2477 4271 2559 4322 λιν
2603 4269 2842 4338 Μωῦσῆς
2883 4268 2980 4321 καὶ
3016 4268 3064 4319 οἰ
3114 4265 3231 4335 μετ’
3263 4264 3425 4317 αὑτὸν
3476 4261 3728 4331 θεηγόροι
3789 4257 4052 4327 Ἰεζεκιήλ

2480 4360 2618 4433 [καὶ]
2659 4360 2950 4428 Ἱερεμίας,
2985 4358 3208 4426 εὐκρινῆ
3241 4357 3362 4409 λίαν
3394 4356 3487 4409 καὶ
3526 4353 3734 4422 σφόδρα
3775 4350 3912 4420 δῆλα
3938 4352 4052 4413 τοῖς

2478 4454 2610 4506 πᾶσι
2634 4452 2726 4504 καὶ
2766 4454 2878 4513 τοῖς
2908 4452 3048 4517 ἄγαν
3085 4448 3321 4511 ἰδιώταις
3360 4447 3504 4501 αὕτά
3528 4446 3852 4514 πεποίηνται
3886 4444 3952 4495 ³⁸.
3994 4442 4052 4494 '0

2483 4544 2581 4613 μὲν
2608 4543 2716 4612 γὰρ
2739 4541 2978 4610 Μωῡσῆς
3009 4543 3067 4593 ἐν
3087 4540 3164 4610 τῷ
3183 4540 3591 4610 Δευτερονομίῳ
3609 4539 3743 4607 φησί
3764 4540 3807 4572 ³⁷
3827 4555 3842 4570 ο
3886 4557 3906 4590 ι
3946 4538 4053 4590 Καὶ

2480 4633 2670 4697 ἐπάξει
2696 4633 2898 4703 Κύριος
2920 4632 3070 4695 ἔθνος
3088 4632 3133 4663 ³⁸
3151 4633 3243 4685 ἐπὶ
3262 4632 3321 4683 σὲ
3346 4630 3621 4700 μακρόθεν
3643 4632 3687 4662 ³³
3710 4631 3804 4683 ἀπ’
3821 4630 4050 4699 ἐσχάτου

2478 4725 2577 4792 τῆς
2605 4722 2728 4793 γῆς.
2774 4723 2907 4777 ὡσεὶ
2952 4724 3179 4793 ὅρμημα
3208 4723 3371 4775 ἀετοῦ
3392 4763 3406 4786 ,
3428 4721 3579 4783 ἔθνος
3598 4721 3812 4783 ἀναιδὲς
3832 4720 4051 4790 προσώ-

2480 4834 2586 4884 πῳ.
2624 4835 2745 4867 ι--ι
2777 4816 2885 4867 Καὶ
2911 4815 2956 4847 ⁸³
2985 4815 3229 4883 ἐκθλίψει
3249 4815 3293 4846 ³³
3328 4832 3386 4866 σε
3409 4816 3469 4866 ἐν
3494 4813 3696 4875 πάσαις
3719 4816 3839 4876 ταῖς
3865 4811 4051 4865 πόλεσί

2484 4924 2576 4959 σου
2607 4906 2710 4967 ἕως
2734 4905 2798 4957 ἂν
2827 4905 3191 4976 καθαιρεθῶσι
3238 4907 3305 4959 τὰ
3330 4906 3483 4975 τείχη
3522 4922 3616 4958 σου
3654 4904 3725 4959 τά
3753 4903 3935 4973 ὑψηλά
3961 4903 4051 4956 καὶ

1996 5065 2194 5127 Variae
2234 5065 2543 5128 lectiones
2586 5072 2647 5127 et
2678 5072 2864 5128 notas.

882 5231 1055 5283 "556.
1110 5230 1160 5281 ὑ.
1224 5230 1361 5281 ἐκεῖ.
1402 5228 1469 5280 τά
1524 5246 1619 5297 πρ.
1652 5247 1709 5282 π.
1746 5228 1877 5283 Ced.
1960 5230 2001 5260 ιι
2057 5228 2189 5284 Ced.
2247 5229 2655 5292 39|.8-592,lt.

2740 5232 2784 5263 "
2817 5229 2977 5285 Hebr.
3006 5246 3043 5294 t,
3082 5232 3127 5284 I.
3240 5233 3283 5264 "
3312 5232 3523 5285 τέλαιον
3550 5234 3669 5287 cod.
3702 5233 3886 5286 τέλεον
3919 5234 4047 5290 Ced.

811 5300 856 5330 ”
882 5301 1078 5352 ἔθυσαν
1101 5328 1171 5337 -
1198 5298 1375 5351 αὐτῶν
1407 5297 1494 5351 Ps.
1526 5314 1633 5363 CVI,
1659 5300 1747 5352 57.
1825 5300 1868 5329 ⁸⁸
1897 5300 1989 5351 καὶ
2013 5299 2315 5421 λατέεύσας
2339 5300 2432 5352 καὶ
2458 5319 2487 5352 π

812 5370 852 5402 ¹⁹
884 5371 1155 5421 ἆγοηστον
1192 5368 1284 5419 καὶ
1321 5368 1620 5421 ἀνήκεστον
1681 5386 1776 5421 πο.
1833 5368 1996 5421 αὐτόν
2034 5384 2099 5421 eo
2144 5411 2156 5421 .
2192 5368 2464 5421 ἄνοηστον

2367 5300 2432 5351 :a‘t
2458 5302 2844 5369 προσκυνήσας
2887 5300 3017 5354 Ced.
3097 5302 3139 5333 ¹⁷
3176 5301 3289 5355 Jer.
3345 5316 3404 5365 II,
3434 5302 3527 5357 27.
3606 5302 3650 5335 "
3677 5304 3880 5371 ἀπαρν.
3916 5304 4043 5358 Ced.

2367 5386 2464 5421 τον
2499 5387 2591 5421 πο.
2618 5369 2780 5421 αὑτοῦ
2848 5371 2977 5421 Ced.
3055 5371 3101 5402 ³ο
3120 5371 3212 5421 τοῦ
3240 5372 3336 5421 μὲν
3362 5374 3420 5421 Δ.
3460 5370 3590 5421 Cod.
3668 5373 3710 5405 ²¹
3742 5372 3829 5421 Ps.
3864 5388 4043 5421 uni-

812 5370 852 5402 ¹⁹
884 5371 1161 5439 ἄχρηστον
1192 5368 1284 5439 καὶ
1321 5368 1620 5439 ἀνήκεστον
1681 5386 1776 5435 πρ.
1833 5368 1996 5439 αλῦτόν
2034 5384 2099 5439 eo

2144 5411 2156 5423 .
2192 5368 2464 5438 ἄχρηστον
2499 5387 2591 5436 πρ.
2618 5368 2780 5423 αὑτοῦ
2813 5371 2977 5439 λϐοά.
3055 5371 3101 5402 ³ο
3120 5371 3212 5424 τοῦ
3239 5372 3336 5439 μὲν
3362 5374 3420 5425 Δ.
3460 5370 3590 5425 Cod.
3668 5373 3710 5405 “
3742 5368 3829 5424 Ps.
3864 5388 4047 5437 um,

810 5434 1025 5503 ΗᾹΞέξ
1066 5439 1111 5468 ³³
1142 5436 1231 5490 διὰ
1279 5434 1545 5505 Ζαχαρίου
1575 5453 1633 5503 φ.
1686 5434 1793 5491 Καὶ⁵
1833 5435 1986 5491 εἷπον
2033 5438 2162 5492 Ced.
2200 5434 2365 5493 za'cli.
2418 5454 2486 5500 xt,

2418 5454 2491 5500 xt,
2547 5434 2599 5493 9.
2642 5441 2747 5493 Καὶ
2784 5434 2935 5492 εἶπα.
3012 5441 3058 5472 ³³
3083 5434 3249 5495 λοιπᾶ
3293 5440 3425 5495 Ced.
3504 5442 3551 5473 ³³
3580 5434 4048 5495 κατεσθιέσθωσαν

810 5507 975 5563 Zach.
1056 5508 1100 5540 ³⁸
1128 5507 1345 5577 κατεὸλ.
1368 5509 1462 5559 καὶ
1490 5506 1646 5577 ἀπελ.
1683 5508 1814 5577 Ced.
1890 5509 1935 5539 ³⁸
1963 5509 2145 5561 Amos.
2185 5524 2237 5570 v,
2276 5510 2330 5561 2.
2370 5509 2486 5561 ἐπ.‹

1092 5508 1100 5539 ⁵
1128 5507 1345 5577 κατεὸλ.
1368 5509 1462 5559 καὶ
1490 5506 1646 5577 ἀπελ.
1683 5508 1814 5577 Ced.
1890 5509 1935 5539 ³⁸
1963 5509 2145 5561 Amos.
2185 5524 2237 5570 v,
2276 5510 2330 5561 2.
2370 5509 2456 5561 ἐπ.
2480 5509 2529 5563 ὁ.
2562 5509 2634 5573 ,οὐ
2672 5510 2768 5577 μή,

2845 5512 2889 5542 ³⁷
2920 5510 2949 5561 6
2970 5508 3101 5565 Ced.
3178 5513 3222 5543 ³⁸
3246 5511 3444 5578 φάσκει
3475 5511 3603 5565 Ced.
3633 5511 3745 5567 Jer.
3782 5527 3870 5571 xv.
3913 5514 3966 5574 5,
3994 5512 4047 5567 6.

809 5581 855 5610 "
892 5596 949 5631 σε
977 5576 1204 5647 ·Ίσραήλ
1235 5576 1356 5647 cod.
1394 5592 1474 5629 σοι
1520 5574 1733 5647 Ἰσραήλ
1761 5574 1889 5647 Ced.
1924 5594 2013 5647 σοι
2055 5577 2411 5647 Ἰερουσαλήμ
2463 5577 2485 5630 .1

2374 5596 2411 5641 μ
2463 5577 2573 5631 Jer.
2650 5579 2693 5610 '°
2724 5574 2809 5633 ἀν.
2832 5582 2913 5642 εἰς
2953 5583 2999 5633 ἐ.
3029 5597 3106 5631 σοι
3130 5574 3361 5634 Ιειίάν.
3398 5598 3457 5634 σε
3487 5582 3568 5645 είς
3600 5584 3645 5635 ἐ.
3677 5580 3807 5636 Ced.
3889 5582 3930 5613 ³³
3962 5585 4046 5634 ἀν.

813 5718 856 5748 ³⁸
883 5719 971 5770 καί
1003 5718 1130 5772 Ced.
1243 5718 1288 5750 ³⁸
1322 5716 1611 5783 πεποίηται
1637 5716 1763 5769 (Sed.

708 5644 709 5647 “
811 5648 1005 5710 αὐτούς
1027 5644 1168 5703 Μὶν(
1206 5648 1249 5699 ξ’
1279 5645 1391 5699 Jer.
1436 5644 1714 5711 xxm,’39,
1753 5644 1841 5701 40.
1918 5645 1965 5679 ³³
1982 5646 2086 5701 δεδ.
2116 5644 2233 5701 cod.
2266 5644 2384 5700 -δ

813 5718 856 5748 ³⁸
883 5719 971 5770 καί
1003 5718 1130 5772 Cod.
1243 5718 1288 5750 ³⁸
1322 5716 1611 5774 πεποίηται
1637 5716 1763 5769 (Sed.
1866 5715 1909 5746 "
1942 5716 2093 5771 Deut.
2132 5733 2319 5774 xxvrll.
2372 5741 2384 5769 4

2370 5648 2409 5700 Β.
2441 5649 2569 5719 ὑμῖν
2591 5648 2719 5703 Ced.
2769 5648 2817 5704 δ.
2855 5652 2942 5713 ἐφ.
2979 5652 3123 5719 ὑμᾶς
3163 5650 3277 5705 Jer.
3352 5653 3397 5684 ³⁸
3423 5644 3559 5706 Ced.
3593 5652 4046 5714 392,II-396.I9.

2372 5717 2461 5774 ιε).
2511 5718 2976 5774 50.52.53.56.57.
3087 5720 3129 5753 ³⁸
3157 5720 3282 5774 ἔθνη
3316 5721 3446 5774 Ccd.
3561 5722 3603 5755 ³³
3639 5722 3732 5774 καί
3754 5721 3882 5774 add.
3917 5722 4043 5774 Ced.

815 5718 856 5748 "
883 5719 971 5770 καί
1003 5718 1130 5772 Cod.
1243 5718 1288 5750 ³⁸
1322 5716 1611 5783 πεποίηται
1637 5716 1763 5769 (Sed.
1866 5716 1909 5746 "
1942 5716 2093 5771 Deut.
2132 5733 2319 5780 xxvrll,
2372 5716 2491 5778 ιθ(

815 5790 857 5818 ³ο
889 5787 1113 5857 ὅρμημα
1150 5787 1303 5841 ἀετοῦ
1338 5787 1458 5843 cod.
1534 5785 1825 5859 “stupra
1858 5783 2016 5848 LXX,
2060 5787 2301 5857 ἐκτρίψίι
2332 5788 2461 5843 Ced.

1322 5716 1611 5783 πεποίηται
1637 5716 1763 5769 (Sed.
1866 5716 1909 5746 ³⁷
1942 5716 2093 5771 Deut.
2132 5733 2319 5780 xxvrll,
2372 5716 2975 5786 69,V50,52,53,56,57.

1299 5788 1303 5835 ι
1338 5787 1458 5843 cod.
1534 5785 1825 5859 “ilictpf'én
1858 5783 2016 5848 LXX,
2060 5787 2301 5857 ἐκτρίψει
2332 5788 2461 5843 Ced.

3087 5720 3129 5753 "’
3157 5720 3284 5792 ἔθνη
3316 5721 3446 5778 Ccd.
3561 5722 3603 5755 ³³
3639 5722 3732 5776 καί
3754 5721 3882 5777 add.
3917 5722 4043 5776 Ced.
