4244 6444
233 387 345 453 ἅδε)

1400 394 1862 458 CHBONICON.
1904 422 1972 434 —
2008 402 2156 463 LIB.
2203 402 2316 464 III.

3368 405 3471 467 ιτο

230 504 424 571 ὀχυρὰ,
461 503 517 554 tv
570 499 648 567 οἷς
690 506 751 559 σὺ
808 508 1071 571 πέποιθας
1134 510 1191 561 tv
1229 509 1432 574 αὐτοῖς.
1476 530 1493 562 ι
1530 540 1597 551 -
1636 529 1653 563 ι
1695 511 1806 563 Καὶ
1838 513 1921 569 Al

1913 511 2082 567 lilium
2114 529 2273 583 quem
2316 517 2546 586 peperit,
2580 521 2825 575 comedet
2862 522 2999 575 clam
3033 529 3247 589 promer
3288 531 3467 572 rerum

228 595 380 662 φαγῇ
416 594 483 647 τά
521 595 719 663 ἔκγονα
750 596 793 628 ⁸¹
825 600 920 667 τῆς
953 599 1160 662 κοιλίας
1205 618 1320 665 σου,
1354 604 1489 672 κρέα
1532 604 1662 655 υίῶν
1709 604 1802 655 καὶ

231 683 555 754 θυγατέρων
584 705 698 751 σου,
742 706 759 740 ι
796 721 858 732 -
895 707 912 740 ι
966 690 1054 742 διὰ
1097 692 1158 743 τὸ
1188 693 1262 761 μὴ
1308 693 1727 761 καταλελεῖφθαι
1756 693 1802 724 ⁸³

228 775 364 844 ὑμῖν
402 777 567 847 μηδὲν
617 780 676 831 tv
718 783 782 849 τῇ
835 782 1159 853 στενοχωρίᾳ
1201 785 1294 836 καὶ
1334 783 1529 853 θλίψει,
1627 784 1802 852 θλίψει

233 883 297 918 σε
329 868 356 919 6
388 869 580 938 ἐχθρός
611 887 704 923 σου
742 873 798 923 tv
832 874 1031 939 πάσαις
1077 877 1193 938 ταῖς
1234 876 1421 928 πόλεσί
1466 892 1596 928 σου’
1633 878 1727 929 καὶ
1770 878 1801 947 ἡ

232 954 417 1025 ἁπαλὴ
441 959 497 1008 tv
536 959 665 1027 ὑμῖν
696 961 789 1012 καὶ
819 959 899 1033 [ἡ]
929 964 1174 1033 τρυφερὰ
1214 982 1231 1014 ι
1258 994 1323 1004 -
1357 983 1375 1015 ι
1404 964 1542 1033 γυνὴ
1570 968 1629 1017 τὸ
1656 967 1802 1031 ἐξελ-

229 1045 325 1097 θὸν
353 1049 416 1098 ἐκ
446 1048 552 1100 τῶν
590 1050 779 1118 μηρῶν
812 1054 981 1122 αὐτῆς
1014 1055 1109 1107 καὶ
1137 1055 1197 1107 τὸ
1234 1055 1442 1120 τέκνον,
1466 1055 1493 1108 ὃ
1521 1056 1616 1109 ἐὰν
1643 1059 1800 1129 τέκῃ,

233 1137 618 1205 καταφάγεται
656 1159 672 1191 ι
704 1171 771 1182 -
808 1161 823 1193 ι
862 1148 1042 1214 κρυφῇ
1077 1144 1163 1197 διὰ
1200 1144 1299 1216 τὴν
1331 1146 1538 1200 ἔνδειαν
1586 1149 1803 1203 πάντων

226 1229 289 1278 tv
325 1232 391 1297 τῇ
442 1234 773 1304 στενοχωρίᾳ
808 1234 853 1266 ⁵³
886 1240 978 1288 καὶ
1018 1236 1211 1305 θλίψει.
1258 1256 1277 1289 ι
1317 1268 1385 1281 -
1415 1240 1459 1273 ⁸⁵
1489 1258 1507 1291 ι
1547 1241 1658 1293 Καὶ
1705 1242 1802 1311 ἔσῃ

227 1322 289 1370 tv
321 1320 627 1390 αἰνίγματι,
658 1327 750 1377 καὶ
778 1328 834 1379 tv
868 1327 1032 1397 298
1064 1329 1369 1401 παραϐολῇ,
1398 1333 1488 1385 καὶ
1529 1334 1587 1386 tv
1616 1334 1806 1403 διηγή-

230 1426 366 1476 ματι
415 1414 549 1466 πᾶσι
591 1418 703 1478 τοῖς
753 1416 962 1469 ἔθνεσιν
1010 1420 1088 1481 είς
1134 1418 1227 1483 οὒς
1272 1420 1338 1473 ἂν
1380 1423 1643 1493 ἀπαγάγῃ
1666 1425 1713 1453 ⁸⁸
1747 1441 1804 1476 σε

229 1501 436 1570 Κύριος
467 1505 583 1558 ἐκεῖ
610 1525 629 1558 ι
664 1536 729 1546 -
761 1508 804 1538 ⁸⁷
843 1528 859 1558 ι
897 1508 999 1572 ἕως
1050 1510 1115 1564 ἂν
1185 1510 1544 1584 ὲξολοθρεύσῃ
1586 1530 1644 1566 σε
1683 1532 1703 1566 s
1736 1543 1805 1555 —

227 1587 275 1615 "
314 1606 331 1637 ι
389 1591 482 1642 καὶ
524 1592 1026 1665 καταλειφθήσεσθε
1077 1600 1135 1651 tv
1183 1598 1402 1669 ἀριθμῷ
1450 1600 1643 1671 βραχεῖ
1692 1604 1805 1657 ἀνθ’

224 1676 325 1747 ῶν,
368 1686 449 1738 ὅτι
479 1686 524 1717 δ’
558 1682 653 1758 ἦτε
687 1690 816 1743 ὡσεὶ
852 1693 916 1744 τά
957 1693 1131 1762 ἄστρα
1163 1693 1256 1746 τοῦ
1287 1696 1520 1765 οὐρανοῦ
1552 1697 1628 1767 τῷ
1669 1699 1805 1769 πλή-

232 1777 347 1841 Θει,
386 1779 477 1830 καὶ
502 1780 599 1832 οὐκ
627 1782 984 1849 εἰσηκούσατε
1012 1784 1109 1854 τῆς
1138 1787 1318 1855 φωνῆς
1343 1790 1547 1860 Κυρίου
1560 1791 1652 1843 τοῦ
1672 1793 1808 1846 Θεοῦ

1909 605 2152 660 omnium
2201 609 2481 675 penuriam
2550 611 2603 661 in
2662 624 2901 665 aerumna
2939 620 2995 665 et
3050 609 3320 678 angustia.
3355 626 3374 659 ι
3406 636 3477 649 --

1915 713 1932 744 ι
1972 695 2036 748 Ει
2070 694 2182 749 eris
2221 696 2274 748 in
2311 699 2658 764 proverbium
2692 708 2744 753 et
2787 701 2839 752 iu
2884 699 3192 768 parabolam
3227 706 3282 751 et
3313 696 3367 749 in
3397 694 3477 749 i‘a-

1910 785 2091 839 bulam
2154 787 2411 842 omnibus
2450 789 2684 857 populis,
2728 790 2792 843 ad
2830 803 2967 858 quos
3013 798 3064 843 te
3112 785 3477 842 introduxerit

1910 878 2472 937 Dontinusilluc.r—¢
2498 881 2678 936 Donec
2701 882 3027 937 exterminet
3060 890 3130 944 te,
3160 899 3175 930 ι
3207 890 3261 934 et
3292 892 3467 933 rema~

1911 968 2109 1024 nebitis
2160 972 2314 1039 pauci
2364 986 2589 1025 numero
2610 1010 2624 1034 ,
2655 973 2745 1040 qui
2780 973 2930 1041 prius
2960 971 3125 1025 eratis
3160 971 3301 1023 sicut
3332 979 3474 1022 astra

1912 1060 2033 1115 caali
2095 1077 2205 1130 prae
2243 1062 2613 1127 multitudine,
2660 1064 2915 1130 quoniam
2971 1078 3078 1116 non
3117 1060 3348 1115 audistis
3382 1074 3477 1112 vo-

1911 1167 2030 1206 cem
2067 1153 2279 1207 Domini
2312 1153 2404 1207 Dei
2440 1154 2629 1217 vestri,
2664 1162 2717 1207 et
2743 1153 2886 1207 erit:
2940 1153 3097 1208 Sicut
3151 1154 3365 1207 laetatus
3395 1157 3481 1204 est

1912 1244 2175 1298 Dominus
2202 1259 2364 1314 super
2385 1260 2479 1298 vos
2504 1245 2851 1301 benefaciens
2887 1254 2940 1299 et
2966 1245 3330 1314 multiplicans
3359 1256 3478 1303 vos.

1914 1336 1996 1390 sic
2018 1334 2291 1389 la‘tabitur
2326 1334 2591 1391 Dominus
2624 1351 2787 1405 super
2813 1350 2909 1391 vos
2939 1334 3309 1389 exterminans
3336 1346 3433 1385 vos
3463 1346 3478 1383 :

1913 1437 1967 1481 et
2015 1427 2333 1481 auferemini
2367 1426 2433 1479 de
2464 1434 2606 1480 terra
2651 1428 2757 1482 ista
2807 1428 2984 1492 bona,
3022 1434 3076 1480 et
3117 1425 3388 1493 disperget
3430 1430 3484 1477 te

1915 1517 2176 1574 Dominus
2204 1517 2346 1573 Deus
2380 1528 2504 1573 tuus
2531 1518 2584 1571 in
2626 1532 2813 1573 omnes
2839 1519 3070 1589 populos
3104 1532 3133 1572 a
3170 1514 3483 1571 summitate

1916 1618 2073 1665 teme
2108 1625 2281 1679 usque
2311 1610 2376 1664 ad
2410 1610 2674 1664 terminos
2720 1610 2839 1678 ejus
2884 1625 2900 1662 :
2934 1609 3027 1662 sed
3066 1617 3119 1662 et
3159 1608 3213 1661 in
3233 1606 3484 1677 gentibus

1917 1701 2135 1770 requies
2164 1716 2271 1755 non
2307 1700 2527 1755 dabitur
2574 1701 2691 1764 tibi,
2723 1716 2823 1755 nec
2865 1700 2969 1754 erit
2998 1698 3218 1767 requies
3258 1696 3486 1764 vestigio

1919 1794 2113 1863 pedum
2165 1804 2493 1855 vestrorum,
2529 1803 2581 1846 et
2616 1793 2766 1846 dabit
2795 1792 2890 1845 tibi
2924 1791 3185 1845 Dominus
3215 1802 3310 1844 cor
3340 1789 3490 1857 pavl-

228 1866 409 1933 ὐμῶν.
452 1870 561 1920 Καὶ
602 1871 751 1923 ἔσται
799 1872 857 1924 ὃν
897 1875 1097 1943 τρόπον
1147 1877 1422 1948 εὐφράνθη
1464 1880 1665 1950 Κύριος
1720 1884 1804 1950 ἐφ’
1839 1860 1921 1939 Bt

1909 1860 2036 1939 dum
2086 1885 2184 1946 ibi,
2244 1892 2298 1937 et
2350 1882 2663 1937 deﬁcientes
2720 1883 2947 1946 oculos,
3001 1890 3055 1934 et
3106 1886 3486 1947 consumptam

229 1956 364 2022 ὑμῖν
390 1950 449 2009 εὖ
488 1959 709 2029 ποιῆσαι
736 1964 829 2014 καὶ
868 1964 1136 2034 πληθῦναι
1167 1968 1330 2036 ὑμᾶς’
1363 1969 1532 2034 οἶδτωῖ
1568 1974 1804 2043 εὐφραν⁶

230 2046 461 2116 θήσεται
512 2050 716 2121 Κύριος
750 2056 836 2122 ἐφ’
879 2058 1006 2125 ὑμῖν
1056 2058 1433 2129 ὲξολοθρεῦσαι
1484 2064 1648 2134 ὑμᾶς.
1700 2067 1807 2119 Καὶ

232 2138 606 2209 ἑξαρθήσεσθε
648 2145 709 2196 ἐκ
751 2146 851 2214 τῆς
892 2149 1100 2219 ἀγαθῆς
1132 2152 1233 2220 γῆς
1279 2154 1515 2225 ἐκείνης,
1549 2158 1645 2210 καὶ
1690 2156 1807 2211 δια·

233 2232 430 2297 σπερεῖ
458 2247 515 2282 σε
546 2232 747 2301 Κύριος
776 2238 802 2287 6
834 2237 966 2300 Θεὸς
1002 2254 1093 2291 σου
1140 2242 1220 2303 εἰς
1252 2243 1430 2295 πάντα
1469 2246 1535 2297 τά
1561 2246 1686 2316 ἔθνη
1714 2248 1807 2300 ἀπ’

232 2321 407 2392 ἄκρου
440 2325 537 2395 τῆς
592 2328 695 2397 γῆς
726 2329 829 2393 ἕως
854 2332 1039 2400 ἄκρων
1064 2335 1232 2401 αὐτῆς
1269 2354 1285 2387 ι
1317 2366 1387 2378 -
1421 2356 1438 2388 ι
1474 2339 1609 2392 ἀλλά
1631 2342 1721 2393 καὶ
1753 2344 1809 2394 tv

231 2416 349 2477 τοῖς
387 2415 596 2469 ἔθνεσιν
642 2420 873 2483 ἐκείνοις
921 2422 1021 2475 οὐκ
1066 2425 1443 2492 ἀναπαύσεται
1476 2430 1543 2496 ⁸⁰,
1578 2432 1696 2484 οὐδὲ
1734 2433 1810 2503 μὴ

236 2507 463 2574 γένηται
500 2510 688 2573 στάσις
716 2510 791 2579 τῷ
824 2514 959 2582 ἴχνει
992 2515 1100 2567 τῶν
1130 2518 1305 2569 ποδῶν
1354 2520 1507 2588 ὑμῶν
1535 2538 1547 2552 ·
1583 2523 1678 2575 καὶ
1705 2523 1809 2575 δώο

240 2614 324 2649 σει
374 2616 456 2651 σοι
506 2602 708 2672 Κύριος
740 2606 783 2635 "
820 2606 937 2657 ἐκεῖ
978 2608 1208 2676 καρδίαν
1256 2610 1569 2679 ἀθυμοῦσαν
1597 2616 1664 2678 δ’,
1716 2617 1811 2668 κα)⁵

239 2689 597 2756 ἐκλείποντας
640 2694 978 2763 ὀφθαλμοὺς,
1025 2700 1119 2751 καὶ
1164 2701 1470 2769 τηκομένην
1516 2704 1695 2774 ψυχὴν
1743 2736 1814 2749 -

243 2780 339 2831 καὶ
374 2780 655 2853 φοϐηθήσῃ
685 2786 897 2854 ἡμέρας
929 2788 1023 2839 καί⁵
1068 2790 1285 2851 νυκτός.
1334 2810 1351 2842 ι
1380 2822 1445 2831 -
1475 2811 1493 2843 ι
1531 2793 1638 2847 Καὶ
1670 2798 1813 2864 ἐρεῖς

240 2870 303 2920 τὸ
334 2871 479 2940 πρωῒ
512 2873 619 2925 ἀπὸ
660 2874 753 2927 τοῦ
802 2877 967 2943 φόϐου
1008 2878 1105 2946 τῆς
1157 2880 1383 2949 καρδίας
1418 2899 1509 2934 σου
1535 2899 1547 2913 ·
1592 2885 1713 2947 Πῶς
1748 2886 1814 2939 ἂν

244 2961 459 3025 γένοιτο
488 2963 533 2993 ⁸³
561 2962 801 3035 ἑσπέρα;
851 2967 944 3019 καὶ
984 2968 1043 3019 τὸ
1092 2969 1329 3039 ἑσπέρας
1376 2973 1553 3041 ἐρεῖς·
1582 2974 1703 3037 Πῶς
1748 2977 1815 3029 ἂν

244 3051 459 3115 γένοιτο
488 3053 532 3084 ⁸³
565 3056 745 3121 πρωῖ;
774 3075 791 3107 ι
843 3056 899 3109 '0
928 3058 982 3110 δέ
1008 3075 1069 3123 γε
1114 3060 1359 3129 Ἐζεκιήλ
1389 3064 1492 3133 ἔφη
1520 3064 1594 3097 ⁸⁸·
1626 3084 1643 3117 ι
1678 3066 1815 3120 Τάδε

1908 1976 2179 2038 animam;
2216 1982 2270 2027 et
2316 1973 2529 2026 timebis
2582 1980 2741 2026 nocte
2793 1986 2857 2026 ac
2906 1972 3025 2035 die;
3061 1980 3115 2024 et
3150 1984 3309 2023 mane
3346 1962 3489 2020 dicet

1909 2061 2199 2117 formidine
2242 2061 2422 2115 cordis
2463 2060 2541 2114 tui
2584 2077 2597 2113 :
2634 2058 2922 2125 Quomodo
2965 2059 3059 2113 ﬁat
3117 2055 3378 2127 vespere?
3416 2041 3491 2107 E‘

1910 2168 2131 2223 vespere
2173 2152 2324 2206 dices
2365 2166 2380 2205 :
2429 2136 2717 2217 Quomodo
2760 2150 2854 2205 fiat
2903 2150 3099 2205 mane?
3152 2167 3172 2201 ι
3236 2142 3490 2202 Ezechiel

1908 2255 2086 2301 autem
2139 2244 2269 2298 dicit
2306 2261 2321 2296 :
2360 2262 2378 2295 ι
2429 2242 2555 2296 Haec
2592 2242 2724 2295 dicit
2760 2239 2971 2293 Adonai
3018 2239 3301 2298 Dominus,
3350 2232 3491 2289 Ecce

1910 2353 2008 2407 ego
2043 2351 2206 2405 super
2242 2343 2316 2400 te,
2367 2334 2710 2398 Jerusalem,
2746 2345 2799 2386 et
2847 2332 3042 2386 faciam
3088 2330 3141 2384 in
3186 2327 3365 2382 medio
3414 2328 3492 2381 tui

1906 2429 2169 2499 judicium
2201 2428 2255 2481 in
2287 2427 2459 2481 oculis
2492 2426 2758 2495 gentium,
2782 2433 2835 2478 et
2858 2422 3052 2478 faciam
3086 2422 3140 2476 in
3162 2428 3214 2474 te
3243 2432 3364 2488 qua:
3383 2430 3493 2471 non

1914 2519 2037 2582 feci,
2068 2528 2119 2573 et
2148 2532 2257 2572 non
2304 2515 2499 2571 faciam
2532 2515 2639 2569 illis
2667 2513 2864 2568 similia
2886 2514 3021 2566 ultra
3054 2519 3277 2580 propter
3302 2520 3494 2561 omnes

1912 2611 2350 2665 abominationes
2378 2617 2519 2661 tuas.
2558 2605 2785 2673 Propter
2826 2604 2929 2657 hoc
2974 2613 3155 2671 patres
3208 2598 3496 2654 comedent

1916 2701 2055 2754 ﬁlios
2108 2714 2237 2753 suos
2278 2697 2331 2750 in
2379 2697 2558 2750 medio
2600 2696 2710 2759 tui,
2746 2704 2800 2749 et
2848 2693 2941 2747 lilii
2982 2690 3266 2747 comedent
3311 2697 3496 2758 patres

1916 2807 2047 2847 suos
2091 2810 2104 2845 :
2139 2800 2196 2845 et
2238 2789 2430 2843 faciam
2460 2788 2513 2841 in
2553 2797 2604 2840 te
2630 2786 2868 2855 judicia,
2910 2793 2964 2839 et
3014 2783 3323 2851 dispergam
3367 2778 3493 2832 uni-

1916 2898 2104 2939 versas
2153 2882 2415 2949 reliquias
2456 2888 2577 2933 tuas
2601 2878 2655 2932 in
2694 2891 2908 2931 omnem
2959 2882 3181 2927 ventum
3238 2889 3252 2925 :
3301 2889 3320 2922 ι
3364 2870 3490 2937 quia

1920 2982 2108 3028 sancta
2133 2986 2250 3025 mea
2290 2969 2501 3023 violasti
2547 2968 2600 3022 in
2633 2966 2887 3021 omnibus
2914 2960 3307 3017 offensionibus
3351 2957 3494 3021 tuis;

1918 3079 2020 3132 ego
2071 3075 2286 3132 quoque
2310 3059 2593 3128 projiciam
2631 3068 2721 3121 te,
2778 3066 2832 3111 et
2886 3070 2994 3110 non
3045 3052 3349 3108 miserebor
3407 3049 3487 3104 tui

245 3142 397 3239 λέγει
421 3144 666 3239 ’Ἄδῳναῒ
700 3146 931 3239 Κύριος
979 3150 1107 3202 Ἰδοὺ
1140 3151 1249 3218 ἐγὼ
1288 3154 1380 3205 ἐπὶ
1414 3155 1496 3217 σὲ,
1539 3155 1811 3225 Ἰερουσα-
1843 3182 1887 3239 C
1920 3172 1921 3177 ‘

1883 3154 2081 3236 Lultra.
2141 3152 2347 3219 Quarta
2414 3163 2542 3219 pars
2592 3148 2667 3202 tui
2720 3148 2774 3201 in
2823 3155 2998 3201 morte
3054 3141 3374 3212 disperibit,
3442 3148 3499 3195 et

245 3232 381 3302 λὴμ,
420 3232 560 3306 [καὶ]
602 3237 811 3304 ποιήσω
840 3237 897 3288 tv
930 3239 1080 3309 μέσῳ
1111 3256 1204 3291 σου
1238 3244 1410 3311 κρῖμα
1444 3243 1672 3297 ἐνώπιον
1710 3245 1820 3298 τῶν
1851 3232 1886 3239 ⁷

1883 3232 1886 3236 ’
1925 3256 2117 3317 quarta
2164 3260 2290 3316 pars
2322 3245 2396 3297 tui
2424 3245 2475 3297 in
2504 3242 2648 3296 fame
2686 3248 3043 3296 consumetur
3089 3239 3143 3293 in
3183 3236 3364 3292 medio
3394 3234 3498 3298 tui,

246 3325 443 3390 ἐθνῶν,
475 3328 567 3379 καὶ
594 3328 803 3398 ποιήσω
833 3329 889 3381 tv
924 3331 1007 3382 σοὶ
1049 3329 1083 3382 ἃ
1109 3330 1168 3382 οὐ
1207 3333 1483 3400 πεποίηκα
1528 3335 1623 3386 καὶ
1658 3336 1717 3388 οὐ
1748 3339 1822 3406 μὴ

249 3418 467 3487 ποιήσω
500 3420 680 3482 αὐτοῖς
710 3422 869 3489 ὅμοια
896 3422 941 3453 ⁸⁸
975 3420 1055 3473 ἔτι
1090 3421 1176 3474 διά
1212 3422 1279 3474 τὰ
1312 3422 1657 3493 βδελύγματά
1678 3424 1821 3497 [σου]

252 3510 433 3564 πάντα
458 3511 525 3564 δτ.
558 3512 654 3565 Διά
685 3511 845 3565 τοῦτο
882 3513 1116 3583 πατέρες
1152 3516 1417 3582 φάγονται
1454 3517 1617 3569 τέκνα
1648 3518 1823 3570 αὐτῶν

250 3602 311 3652 tv
347 3602 391 3634 ⁸⁸
431 3603 581 3672 μέσῳ
615 3619 727 3666 σου,
758 3604 851 3655 καὶ
892 3604 1055 3656 τέκνα
1089 3604 1349 3670 φάγονται
1384 3606 1622 3676 πατέρας
1651 3608 1695 3638 ¹⁹
1725 3609 1824 3660 αὐ-

250 3692 399 3743 τῶνθ
438 3694 530 3745 καὶ
576 3694 787 3762 ποιήσω
830 3692 886 3744 tv
916 3698 998 3745 σοὶ
1039 3694 1304 3762 κρίματα,
1347 3695 1437 3745 καὶ
1474 3695 1750 3765 διασπερῶ
1780 3697 1824 3727 ⁸ο

255 3782 466 3845 πάντας
492 3783 615 3844 τοὺς
648 3783 1012 3845 καταλοίπους
1037 3782 1176 3853 (σου)
1214 3786 1293 3845 είς
1337 3785 1518 3839 πάντα
1544 3787 1760 3855 ἄνεμον,
1802 3805 1819 3838 ι

252 3891 350 3923 -ι
384 3872 499 3925 ἀνθ’
526 3866 600 3925 ὧν
629 3873 701 3925 τά
724 3873 855 3940 ἆγιὰ
882 3891 982 3943 μου
1008 3874 1236 3943 ἐμίανας
1270 3876 1329 3927 tv
1358 3878 1490 3929 πᾶσι
1519 3879 1633 3939 τοῖς
1665 3894 1829 3945 προσ-

252 3961 547 4032 οχθίσμασί
591 3980 719 4015 σου·
770 3962 926 4031 κάγὼ
980 3964 1277 4035 ἀπώσομαι
1344 3983 1401 4018 σε
1448 3967 1541 4019 καὶ
1590 3968 1647 4020 οὗ
1683 3968 1826 4037 (80b)

258 4056 339 4123 μὴ
374 4054 583 4121 ἑλεήσω
617 4054 696 4106 ἔτι
717 4068 729 4080 ⁸
764 4053 822 4106 τὸ
851 4053 1108 4122 τέταρτόν
1142 4072 1233 4106 σου
1266 4057 1322 4107 tv
1366 4055 1582 4125 θανάτῳ
1613 4057 1827 4109 ἀναλω-

255 4145 512 4213 θήσεται,
536 4144 630 4197 καὶ
672 4144 732 4198 τὸ
766 4145 1027 4214 τέταρτόν
1070 4161 1161 4199 σου
1196 4146 1253 4196 tv
1296 4146 1441 4215 λιμῷ
1472 4146 1829 4215 συντελεσθῆ-

258 4252 415 4289 σεται
445 4235 485 4266 ⁶¹
522 4236 580 4287 tv
614 4234 763 4303 μέσῳ
811 4251 928 4299 σου,
968 4237 1063 4287 καὶ
1092 4234 1150 4287 τὸ
1182 4236 1438 4307 τέταρτον
1483 4253 1575 4288 σου
1610 4237 1667 4289 tv
1699 4238 1833 4305 ῥομ-

258 4327 401 4396 φαία
442 4325 737 4378 πεσοῦνται
757 4326 801 4357 ⁶¹
848 4324 1032 4395 κύκλῳ
1074 4343 1190 4388 σου,
1234 4326 1328 4379 καὶ
1365 4327 1422 4379 τὸ
1450 4327 1707 4395 τέταρτόν
1738 4343 1831 4378 σου

259 4421 343 4481 εἰς
373 4418 550 4471 πάντα
588 4417 790 4486 ἄνεμον
831 4416 1187 4486 διασκορπιῶ.
1231 4433 1250 4467 ι
1290 4447 1355 4459 --
1387 4417 1431 4447 ⁸³
1467 4435 1483 4467 ι
1526 4417 1633 4469 Καὶ
1670 4417 1698 4467 6
1733 4418 1832 4486 μὲν

1923 3349 1977 3396 et
2016 3346 2207 3408 quarta
2234 3352 2359 3406 pars
2386 3335 2463 3390 tui
2495 3335 2547 3388 in
2582 3333 2761 3403 gladio
2792 3331 2951 3387 cadet
3000 3331 3055 3385 in
3105 3329 3339 3385 circuitu
3378 3334 3497 3391 tuo.

1923 3437 1975 3482 et
1995 3435 2247 3497 quartam
2280 3432 2489 3495 partem
2511 3422 2591 3477 tui
2616 3422 2670 3476 in
2697 3437 2912 3476 omnem
2927 3428 3146 3473 ventum
3163 3416 3494 3487 dissipabo:

1931 3539 1947 3572 ι
1978 3518 2042 3572 Ει
2072 3516 2290 3585 quidem
2317 3516 2512 3569 bellum
2538 3514 2590 3567 in
2625 3513 2818 3582 gladiis
2841 3510 3201 3571 extrinsecus,
3238 3508 3411 3563 fames
3448 3516 3503 3561 et

1926 3610 2096 3679 pestis
2132 3608 2463 3661 intrinsecus
2493 3603 2921 3667 exterminabit;
2968 3609 3023 3655 et
3049 3599 3265 3669 quidem
3317 3596 3500 3670 quiin

1928 3716 2080 3769 agro,
2108 3698 2287 3767 gladio
2332 3704 2707 3758 consumetur,
2741 3702 2795 3747 et
2828 3692 2919 3761 qui
2952 3692 3007 3745 in
3057 3690 3299 3750 civitate,
3331 3685 3501 3756 pestis

1926 3799 1979 3844 et
2016 3788 2186 3842 fames
2222 3793 2543 3848 consumet;
2581 3792 2635 3837 et
2675 3785 2764 3854 qui
2789 3783 2977 3837 salvati
3014 3781 3213 3836 fuerint
3240 3795 3306 3834 ex
3344 3776 3501 3846 ipsis,

1930 3882 2202 3950 peribunt.
2233 3878 2299 3931 Et
2326 3878 2628 3946 relinquam
2681 3890 2745 3930 ex
2775 3876 2854 3930 eis
2892 3891 2922 3930 a
2964 3874 3144 3944 gladio
3182 3882 3233 3927 et
3273 3887 3304 3926 a
3349 3879 3505 3940 peste

1929 3980 1982 4024 et
2021 3984 2050 4023 a
2084 3976 2277 4029 morte,
2304 3974 2363 4019 ut
2386 3973 2613 4019 narrent
2640 3962 3118 4033 praevaricationes
3156 3974 3284 4015 suas
3312 3971 3504 4012 omnes

1930 4059 1981 4113 in
2021 4057 2269 4127 gentibus
2297 4064 2351 4110 et
2385 4056 2559 4110 sciant
2590 4054 2717 4124 quia
2760 4068 2859 4121 ego
2903 4053 3167 4107 Dominus
3229 4048 3503 4120 percutie-

1932 4149 2095 4203 tiens.
2135 4166 2152 4198 ι
2190 4145 2410 4214 Propler
2459 4144 2604 4212 quod
2648 4145 2780 4198 dicit
2816 4144 2973 4197 divus
3013 4142 3435 4212 Chrysostomus
3488 4156 3500 4190 :

1933 4237 2049 4291 Non
2081 4250 2270 4290 omnes
2297 4235 2518 4289 omnino
2542 4234 2702 4295 tollit,
2736 4232 2828 4287 sed
2859 4232 3122 4301 dispergit
3148 4246 3161 4294 ;
3200 4229 3333 4283 illud
3358 4228 3503 4282 enim

1935 4327 2306 4395 praenuntians
2336 4337 2487 4384 vates
2505 4324 2830 4394 Davidﬁicit
2854 4322 2920 4376 ad
2962 4322 3111 4375 illum
3152 4340 3165 4374 :
3194 4340 3211 4372 ι
3239 4320 3317 4374 Ne
3346 4318 3508 4387 igitur

1936 4418 2153 4472 occidas
2209 4432 2305 4471 eos
2331 4431 2547 4482 omnes,
2580 4416 2673 4473 sed
2714 4416 2965 4485 disperge
2995 4429 3061 4468 ex
3106 4412 3186 4467 eis
3226 4411 3414 4481 utique
3453 4410 3508 4465 in

262 4508 502 4577 πόλεμος
552 4510 646 4561 καὶ
691 4508 724 4577 ἡ
762 4507 1006 4577 ῥομφαία
1053 4505 1272 4571 ἔξωθεν,
1310 4506 1338 4556 6
1387 4508 1442 4559 δὲ
1487 4507 1643 4577 λιμὸς
1678 4510 1771 4560 καὶ
1801 4510 1829 4561 6
1855 4501 1907 4558 ἶ)

1883 4502 1907 4556 )
1935 4508 2130 4563 virtute
2155 4514 2267 4561 tua.
2300 4525 2319 4558 ι

261 4599 494 4661 θάνατος
523 4598 725 4651 ἔσωθεν
758 4598 1065 4668 ὀλοθρεύσει
1122 4600 1139 4665 (
1173 4598 1263 4649 καὶ
1290 4598 1317 4647 ὁ
1388 4597 1485 4665 μὲν
1518 4599 1574 4649 tv
1608 4598 1654 4629 “
1684 4597 1761 4665 τῷ
1791 4598 1955 4668 πεδίῳ
1982 4600 2025 4631 ⁸⁸
2057 4597 2298 4669 ῥομφαίᾳ
2356 4595 2694 4663 τελευτήσει,
2761 4595 2885 4657 τοὺς
2917 4594 2974 4647 δὲ
3000 4595 3057 4646 tv
3082 4596 3148 4663 τῇ
3178 4591 3332 4644 πόλει
3352 4590 3509 4659 λιμὸς

264 4695 355 4746 καλ
388 4691 552 4763 299
579 4692 806 4754 θάνατος
877 4692 1237 4762 συντελέσει)·
1298 4692 1346 4743 oi
1380 4690 1437 4742 δὲ
1502 4687 1561 4754 ἐξ
1599 4690 1779 4742 αὐτῶν
1823 4689 2232 4757 ἀνασωζόμενοι
2279 4686 2741 4757 ἀναλωθήσονται.
2775 4706 2793 4737 ι
2829 4716 2895 4727 -
2938 4703 2956 4736 ι
2993 4684 3102 4737 Καὶ
3143 4683 3508 4751 ὑπολείψομαι

265 4788 327 4853 ἒξ
355 4780 637 4843 αὐτῶνέκ
674 4787 947 4859 ῥομφαίας
978 4789 1071 4840 καὶ
1094 4786 1253 4856 λιμοῦ
1283 4788 1378 4841 καὶ
1402 4786 1656 4852 θανάτου,
1690 4788 1837 4850 ὅπως
1872 4788 1938 4841 ἂν
1995 4786 2357 4855 ὲκδιηγῶνται
2425 4784 2523 4846 τάς
2568 4783 2795 4852 ἀνομίας
2849 4780 3027 4834 αὐτῶν
3080 4779 3261 4842 πάσας
3294 4782 3353 4833 tv
3396 4781 3507 4843 τοῖς

268 4885 480 4937 ι’)νεσιο
511 4883 604 4935 καὶ
642 4881 964 4951 γνώσονται,
994 4881 1075 4932 ὅτι
1108 4879 1219 4948 ἐγὼ
1258 4879 1455 4949 Κύριος
1478 4881 1505 4932 6
1531 4860 1768 4933 τύπτων.
1809 4897 1826 4930 ι
1869 4908 1938 4918 -
1961 4877 2059 4931 Διά
2082 4877 2146 4945 δὴ
2172 4874 2330 4928 τοῦτό
2386 4891 2550 4944 φησιν
2577 4873 2623 4905 ⁸⁸
2644 4874 2673 4925 6
2694 4872 2838 4942 ἱερὸς
2890 4872 3275 4944 Χρυσόστομος
3301 4886 3313 4899 -
3344 4888 3362 4921 ι
3393 4871 3509 4923 Οὐκ

267 4975 488 5043 ἀναιρεῖ
529 4972 739 5035 πάντας
785 4970 977 5039 ἄρδην,
1011 4969 1146 5022 ἀλλά
1194 4966 1511 5038 σκορπίζει·
1578 4968 1734 5021 τοῦτο
1766 4968 1873 5038 γὰρ
1913 4964 2381 5037 προῦπεμφαίνων
2410 4966 2437 5018 6
2472 4962 2616 5026 θεῖος
2650 4962 2814 5016 Δαυῒδ
2864 4961 2968 5031 ἔφη
3042 4961 3177 5029 πρὸς
3219 4960 3384 5014 αὐτόν
3419 4961 3463 4992 ⁸⁷
3494 4977 3505 4991 ·

276 5087 293 5119 ι
332 5068 545 5136 Μήπως
570 5065 895 5135 ἀποκτείνῃς
922 5064 1119 5125 αὐτοὺς
1154 5064 1271 5132 ἦτοι
1304 5062 1532 5125 πάντας,
1563 5060 1702 5115 ἀλλά
1728 5060 2118 5131 διασκόρπισον
2155 5058 2213 5123 ἐξ
2247 5057 2424 5110 αὐτῶν
2463 5055 2733 5124 δήπουθεν
2766 5057 2821 5107 tv
2860 5056 2927 5124 τῇ
2965 5053 3194 5124 δυνάμει
3220 5070 3334 5107 σου.
3376 5073 3394 5105 ι

1426 5196 1627 5256 νοτίδι
1671 5194 1981 5256 lectiones
2025 5203 2087 5255 et
2129 5198 2319 5253 notae.

344 5350 388 5379 “
412 5347 534 5411 ὲγγ.
563 5342 693 5397 Ced.
729 5344 926 5398 etcod.
1004 5344 1048 5376 ”
1082 5342 1509 5411 καταλειφθῆναι
1562 5342 1729 5411 αὐτῷ
1762 5359 1818 5409 μ.
1870 5340 1921 5411 ιιῗ

1883 5340 2031 5393 [.XX.
2108 5340 2511 5411 λδὲκείνῃςέειι.
2588 5339 2631 5371 ³³
2662 5339 2820 5395 Deut.
2871 5339 3197 5411 xxvm,_57.

267 5417 397 5473 rod.
455 5410 517 5446 κδ’
543 5414 698 5467 Deut.
729 5428 916 5475 xxvnl,
958 5413 1046 5466 65.
1122 5414 1166 5445 ⁸⁸
1202 5413 1354 5465 Dent.
1390 5410 1579 5472 sxw",
1611 5410 1681 5463 62
1710 5410 1797 5464 67.
1875 5410 1921 5443 "

274 5483 622 5551 ἀναπαύσητ.
656 5482 776 5536 cod.
812 5482 1187 5550 (ἀναπαύσητε
1215 5483 1236 5533 ?
1260 5491 1433 5543 vva-1n
1463 5481 1807 5551 ἀναπαύσῃς.

1953 5340 2031 5393 Χ.
2108 5340 2153 5371 ⁵⁸
2182 5340 2511 5411 ὲκείνῃϐειι.
2588 5339 2631 5371 ³³
2662 5339 2820 5395 Deut.
2871 5354 3063 5403 uvnt,
3107 5339 3197 5393 57.
3272 5339 3319 5369 ⁸⁸
3346 5338 3511 5405 ἐπαγ.

1953 5412 2175 5480 βραχεῖς
2205 5411 2324 5465 ἀνθ’
2364 5408 2438 5464 ὧν
2474 5410 2565 5463 ὅτε
2598 5411 2732 5480 _cod.
2811 5411 2857 5441 '°
2884 5409 3297 5480 Manaverat}:
3356 5408 3511 5480 petit.

1883 5480 1925 5511 “
1953 5475 2138 5541 66:6;
2163 5480 2296 5534 (Sed.
2373 5483 2417 5514 "
2451 5478 2721 5547 θυμοῦσαι
2760 5480 2957 5541 codex,
2996 5475 3331 5530 ἀπειθοῦσαν
3354 5476 3518 5547 LX}.

276 5559 373 5613 sed
406 5555 495 5609 alii
523 5545 707 5619 legunt
731 5545 1045 5619 ἀθυμοῦσαν
1073 5545 1130 5604 ιιί
1161 5551 1290 5603 Ced.
1366 5551 1413 5583 ³³
1435 5550 1661 5619 γένηται
1691 5545 1813 5602 εδδ,
1891 5552 1921 5581 ιι

1891 5552 1936 5581 ⁵⁸
1968 5550 2027 5601 τό
2044 5549 2168 5603 add.
2190 5548 2320 5604 Cod.
2397 5550 2443 5581 "
2471 5545 2562 5604 Ei.
2590 5564 2643 5612 ν,
2681 5549 2870 5619 8—12._
2912 5549 2958 5619 '_'
2976 5550 3023 5603 ὁ.
3053 5552 3116 5619 ἀ.
3141 5547 3311 5619 ΕΖηὸ.
3340 5545 3521 5619 αὐτῶν

275 5626 408 5679 Ced.
484 5624 527 5656 ³⁷
560 5620 702 5673 κατά
736 5638 795 5674 π.
826 5638 885 5691 τί.»
911 5621 959 5691 β.
1004 5636 1097 5673 σου
1112 5620 1224 5691 ῨΕΖ.
1300 5622 1345 5654 ⁸⁸
1370 5637 1429 5691 τε
1462 5621 1517 5691 tv

1598 5636 1647 5671 ι.
1722 5621 1768 5651 ⁸⁸
1797 5619 1892 5671 καὶ

1883 5635 1892 5669 ι
1930 5638 1989 5673 π.
2045 5636 2103 5687 φ.
2150 5635 2201 5671 τ.
2248 5619 2379 5673 Ced.
2456 5619 2501 5649 ⁶⁰
2540 5616 3000 5687 διασκορπιῶῨΕῑ.
3080 5618 3122 5648 ⁸⁸
3159 5614 3392 5687 ἐνώπιον
3426 5630 3519 5687 σου

274 5696 417 5750 Ced.
489 5694 532 5725 ⁶¹
551 5692 795 5742 πεσεῖται
823 5687 953 5743 (led.
1033 5692 1077 5723 ⁸³
1110 5690 1200 5744 Ez.
1236 5705 1329 5753 vn,
1368 5687 1551 5744 15.1.6.
1626 5689 1670 5720 “
1700 5690 1727 5739 6
1759 5689 1816 5739 tv
1849 5688 1920 5742 Ez

1883 5689 1941 5742 ιι.
1975 5692 2067 5741 καὶ
2096 5688 2223 5750 τοὺς

2261 5690 2357 5757 μὲν
2388 5688 2446 5740 tv
2487 5687 2612 5742 cod.
2691 5683 2816 5741 "tv
2844 5686 2969 5741 add.
3010 5687 3111 5757 ΕΖ.
3183 5686 3225 5717 ⁸⁸
3262 5685 3355 5737 καί
3391 5683 3515 5739 add.

277 5768 417 5821 (ted.
494 5764 536 5795 ⁸⁷
575 5761 662 5816 i's.
693 5775 801 5827 LIX,
844 5760 898 5814 ll
934 5778 948 5825 ;
981 5759 1203 5815 cf.(.'.lir.
1232 5760 1366 5815 Vill.
1407 5759 1503 5813 i7“).
1539 5758 1615 5813 A?
1645 5759 1943 5815 secundum
1989 5758 2218 5823 indices,
2266 5756 2475 5827 Quibus
2518 5766 2696 5813 textus
2732 5774 2841 5813 non
2886 5756 3195 5827 respondet.
