4244 6444
808 430 905 492 ιιι

1977 427 2299 486 GEORGII
2344 428 2798 488 HAMARTOLI

3939 419 4049 484 472

880 549 953 604 De
995 545 1236 604 secundo
1280 545 1510 599 adventu
1543 553 1595 598 et
1627 543 2068 598 manifestationc
2103 543 2271 607 illius,
2305 544 2373 598 de
2401 547 2454 606 Α
2547 547 2556 577 ⁴

2372 570 2373 593 ι
2401 547 2454 606 Α
2547 546 2593 578 ⁸⁸
2625 545 2704 616 (8)
2739 545 2874 615 Περὶ
2905 543 2960 598 δὲ
2993 545 3037 577 ⁸³
3070 544 3169 614 τῆς
3193 543 3237 615 β’
3259 544 3526 608 ἐλεύσεως
3549 543 3736 612 αὐτοῦ,
3764 544 3857 598 καὶ
3880 562 4048 614 φανε-

812 653 1002 707 magna
1053 646 1106 690 et
1169 634 1541 690 inconsolabili
1596 635 1920 689 contritione
1970 649 2183 699 eorum,
2239 636 2374 690 dicit

812 727 1147 782 Zacharias:
1191 745 1208 778 ι
1247 725 1399 780 Tunc
1444 727 1623 780 veniet
1668 725 1930 780 Dominus
1979 725 2122 780 Deus
2164 737 2370 790 noster,

808 823 863 872 et
885 817 1488 888 critplanctusmagnns
1515 818 1567 870 in
1596 815 1922 882 Jerusalem;
1951 835 2078 869 i—r
2111 817 2376 886 aspicient

810 913 953 964 enim
987 913 1038 963 in
1070 925 1227 979 quem
1263 910 1674 971 transliaerunt,
1714 928 1732 959 ι
1785 909 1888 963 hoc
1917 919 2018 972 est,
2071 910 2126 963 in
2181 910 2376 979 qnibus

811 1004 977 1057 clavis
1004 1002 1367 1072 perforarunt.
1415 999 1532 1054 Non
1581 1001 1715 1054 dixit
1754 1017 1769 1054 :
1809 1016 1968 1068 quem
2013 1004 2372 1065 conlixerunt,

812 1096 904 1149 sed
945 1114 958 1149 :
997 1097 1048 1149 in
1083 1109 1240 1163 quem
1260 1095 1619 1148 confixerunt.
1646 1091 1784 1158 Quid
1811 1093 1912 1147 sibi
1941 1092 2074 1155 vult,
2098 1094 2149 1147 in
2177 1095 2378 1164 quem?

808 1183 955 1237 Crux
979 1193 1112 1247 erat,
1147 1184 1198 1236 in
1225 1198 1388 1252 quam
1413 1183 1772 1236 confixerunt.
1800 1182 1938 1236 Ante
1970 1183 2114 1238 enim
2174 1183 2340 1237 terrili
2361 1211 2374 1222 -

809 1288 930 1326 cum
969 1273 1264 1327 adventum
1296 1272 1526 1336 Domini,
1559 1272 1709 1341 quasi
1743 1272 1995 1326 vexillum
2049 1274 2254 1343 regium
2313 1275 2378 1327 de

809 1377 961 1417 more
992 1363 1271 1433 praefulget
1299 1363 1427 1416 illud
1478 1363 1846 1430 supradictum
1868 1363 2079 1430 signum
2110 1363 2377 1418 adventus

791 1453 1036 1515 Christi,
1066 1453 1133 1505 ab
1159 1452 1363 1521 angelis
1395 1451 1751 1522 glorificatum
1807 1460 1861 1505 et
1915 1451 2333 1521 praenuntiatum
2359 1471 2372 1520 ;

806 1555 860 1600 ct
898 1544 1176 1614 apparebit
1220 1545 1436 1615 signum
1485 1544 1664 1599 crucis
1718 1559 1881 1614 super
1918 1556 2140 1608 terram,
2204 1545 2373 1598 solem

806 1639 1110 1694 ohscurans
1137 1649 1190 1692 et
1220 1637 1401 1692 lunam
1434 1635 1775 1696 obnubilans,
1810 1643 1869 1688 ut
1898 1633 2029 1688 dicit
2059 1633 2324 1687 Dominus
2351 1649 2366 1685 :

814 1750 832 1783 ι
864 1729 1016 1785 Tunc
1060 1729 1270 1800 parebit
1299 1729 1512 1796 signum
1543 1725 1666 1779 Filii
1699 1725 1933 1778 hominis
1968 1725 2021 1778 in
2054 1726 2208 1778 caelo.
2250 1743 2268 1775 ι
2309 1725 2374 1776 Et

808 1832 867 1874 ut
905 1823 1219 1896 impleretur
1243 1819 1467 1874 verbum
1494 1803 1792 1884 Zachariae,
1824 1817 2026 1871 dictum
2052 1817 2193 1871 idem
2220 1831 2375 1871 assu-

806 1927 960 1968 mens
1017 1912 1294 1977 Christus,
1366 1910 1606 1965 traduxit
1657 1909 1721 1963 ad
1781 1908 2087 1974 veritatem,
2136 1907 2368 1964 dicens:

704 2073 708 2078 _
813 2023 833 2054 ι
875 2002 1148 2058 Videbunt
1175 2003 1227 2056 in
1260 2016 1419 2072 quem
1455 1999 1862 2056 transﬁxerunt.
1908 2018 1928 2052 ›
1970 1997 2099 2054 Item
2125 1999 2254 2054 dicit
2283 1999 2376 2055 Je-

806 2097 1050 2150 remias:
1092 2114 1111 2146 ι
1148 2093 1273 2148 llaec
1322 2094 1453 2149 dicit
1497 2093 1761 2147 Dominus
1813 2092 1956 2146 Deus
1989 2091 2150 2146 Israel
2184 2109 2198 2145 :
2242 2090 2377 2147 Ecce

803 2202 903 2255 ego
931 2185 1144 2240 adduco
1177 2170 1340 2254 super
1377 2184 1554 2238 locum
1586 2182 1749 2238 istum
1785 2181 1946 2247 mala,
1986 2182 2060 2235 ita
2106 2189 2165 2235 ut
2195 2184 2374 2235 omnis

805 2279 1081 2334 audientis
1107 2278 1222 2333 haec
1252 2276 1485 2332 tinniant
1517 2275 1690 2330 ambze
1722 2288 1882 2329 aures
1913 2274 2053 2342 ejus,
2111 2287 2176 2328 eo
2224 2271 2372 2342 quod

805 2370 1198 2441 dereliquerint
1229 2384 1335 2435 me,
1366 2378 1420 2422 et
1453 2369 1688 2422 alienum
1713 2366 1939 2422 fecerint
1971 2367 2148 2421 locum
2181 2366 2370 2420 istum.

803 2463 1090 2518 Destrnam
1115 2463 1401 2518 consilium
1437 2460 1736 2515 Jerusalem
1771 2460 1826 2513 in
1855 2458 1974 2514 loco
2005 2460 2130 2525 isto,
2162 2468 2215 2514 et
2247 2459 2376 2512 sub-

803 2563 1008 2610 vertam
1031 2569 1127 2609 cor
1152 2555 1206 2609 in
1239 2553 1418 2625 gladio
1447 2553 1500 2606 in
1532 2562 1827 2622 conspectu
1859 2549 2206 2628 inimicorum
2247 2566 2374 2606 suo-

806 2663 952 2712 rum,
984 2657 1038 2702 et
1078 2645 1218 2702 dabo
1251 2654 1496 2701 mortuos
1523 2659 1712 2699 eorum
1755 2645 1808 2698 in
1847 2657 2027 2697 escam
2061 2641 2373 2697 volatilibus

807 2739 932 2794 cceli
957 2748 1011 2794 et
1035 2738 1223 2794 bestiis
1252 2746 1441 2801 terrae;
1489 2745 1543 2790 et
1573 2750 1770 2806 ponam
1814 2735 2087 2788 civitatem
2143 2733 2284 2786 hanc
2319 2732 2371 2784 in

802 2829 1315 2886 exterminationem
1366 2838 1419 2882 et
1471 2827 1523 2880 in
1564 2825 1782 2881 sibilum
1836 2823 2252 2892 sempiternum,
2313 2831 2374 2875 ut

806 2937 997 2976 omnes
1057 2928 1447 2990 praetereuntes
1506 2933 1598 2987 per
1657 2931 1778 2970 eam
1839 2915 2251 2985 obstupescant,
2321 2925 2378 2968 et

803 3015 986 3069 animo
1022 3011 1205 3067 alllicti
1249 3020 1502 3066 moveant
1541 3008 1717 3078 capita
1763 3021 1860 3062 sua
1905 3021 2069 3076 super
2117 3007 2373 3061 universa

801 3109 958 3181 plaga
993 3107 1132 3176 ejus.
1171 3124 1190 3157 ι
1222 3103 1289 3158 Et
1319 3122 1331 3157 :
1363 3123 1380 3155 ‹
1412 3101 1566 3157 Sicut
1595 3110 1813 3154 ventum
1853 3108 1906 3154 et
1939 3107 2130 3153 aestum
2165 3098 2377 3168 disper-

2477 636 2719 706 ρώσεως,
2769 635 2864 690 καὶ
2913 635 3114 705 πολλῆς
3165 637 3258 688 καὶ
3307 635 3746 706 ἀπαραμυθήτου
3807 637 4047 706 θλίψεως

2476 729 2652 782 αὐτῶν
2675 724 2796 780 εἷπε
2825 728 3099 798 Ζαχαρίας
3129 729 3206 760 ⁷ου
3248 748 3266 780 ι
3305 730 3437 782 Τότε
3469 729 3589 800 ἥξει
3622 730 3829 799 Κύριος
3862 732 3889 782 ὁ
3912 731 4047 795 Θεδς

2477 820 2655 889 ἡμῶν,
2681 819 2775 873 καὶ
2804 818 2959 872 ἔσται
2995 819 3224 882 κοπετὸς
3259 821 3434 889 μέγας
3478 823 3536 874 ἐν
3595 821 3980 894 Ἰερουσαλήμ.
4025 845 4044 878 ι

2477 940 2546 949 --
2586 909 2630 941 ⁷¹
2663 928 2680 962 ι
2719 909 2979 979 Ὄψονται
3003 911 3112 980 γὰρ
3144 912 3224 974 εἰς
3256 911 3313 963 ὃν
3359 914 3719 984 ἐξεκέντησαν
3775 933 3793 966 ι
3863 917 4049 982 (τουτ-

2479 1000 2631 1052 έστιν
2658 1002 2716 1053 ἐν
2750 997 2829 1066 οἷς
2853 1002 3002 1072 ἥλοις
3032 1003 3393 1073 προσήλωσαν
3413 1021 3426 1037 ·
3454 1006 3554 1059 οὐκ
3585 1003 3738 1059 εἶπεν
3773 1046 3787 1069 ,
3831 1005 3891 1058 ὃν
3938 1008 4056 1071 ἐξε·

2480 1092 2770 1160 κέντησαν,
2827 1094 2962 1158 ἀλλ’,
3019 1096 3096 1157 εἰς
3125 1095 3184 1146 ὃν
3240 1095 3669 1168 ἐξεκέντησαν).
3721 1098 3786 1151 Τί
3822 1100 3878 1152 δέ
3907 1101 4055 1153 ἐστιν

2479 1182 2539 1234 τὸ
2573 1201 2590 1232 ι
2632 1183 2712 1244 είς
2741 1183 2800 1234 ὃν
2827 1202 2840 1249 ;
2879 1203 2897 1234 ι
2937 1185 3178 1256 Σταυρδς
3201 1181 3268 1255 ἦν
3298 1189 3376 1249 είς
3407 1188 3466 1239 ὃν
3497 1189 3861 1260 ἐξεκέντησαν
3891 1207 3905 1222 ’
3941 1191 4051 1262 πρὸ

2479 1275 2588 1345 γάρ
2613 1275 2712 1344 τῆς
2759 1276 2999 1345 φοϐερᾶς
3040 1281 3344 1349 παρουσίας
3394 1281 3488 1332 τοῦ
3524 1283 3733 1347 Κυρίου
3794 1285 4052 1353 καθάπερ

2481 1364 2758 1433 βασιλικὸν
2796 1371 3020 1438 σημεῖον
3040 1371 3100 1424 τὸ
3127 1373 3424 1442 λεγόμενον
3460 1374 3645 1443 σίγνον
3690 1376 3836 1429 κατά
3865 1379 4053 1444 κοινὴν

2484 1455 2773 1526 συνήθειαν
2826 1461 3120 1530 προτρέχει
3161 1464 3260 1531 τῆς
3299 1464 3539 1534 Χριστοῦ
3569 1466 3883 1535 παρουσίας
3943 1468 4055 1520 ὑπὸ

2481 1547 2588 1600 τῶν
2619 1549 2867 1617 ἀγγέλων
2891 1551 3250 1623 δοξαζόμενον
3279 1559 3373 1608 καὶ
3399 1556 4008 1627 προευαγγελιζόμενον
4033 1575 4049 1592 ·

2481 1639 2574 1689 καὶ
2600 1641 2898 1708 φανήσεται
2919 1645 2946 1696 ὁ
2981 1644 3211 1714 σταυρὸς
3237 1646 3327 1698 ἐπὶ
3356 1646 3456 1714 τῆς
3484 1649 3529 1678 ⁷³
3555 1649 3656 1718 γῆς
3679 1649 4054 1720 ἀποκρύπτων

2481 1730 2570 1782 τὸν
2602 1731 2756 1800 ἥλιον
2788 1735 2884 1786 καὶ
2917 1735 3214 1802 ἀμϐλύνων
3251 1735 3398 1810 [τὴν]
3425 1739 3679 1810 σελήνην,
3714 1740 3790 1802 ῶς
3819 1758 3985 1808 φησιν
4023 1744 4054 1794 ό

2481 1821 2686 1893 Κύριος
2724 1824 2802 1855 ⁷³·
2844 1843 2862 1875 ι
2904 1825 3036 1878 Τότε
3076 1829 3378 1898 φανήσεται
3432 1829 3494 1882 τὸ
3534 1832 3761 1900 σημεῖον
3792 1829 3886 1884 τοῦ
3921 1831 4052 1884 Υίοῦ

2477 1915 2571 1968 τοῦ
2591 1915 2878 1986 ἀνθρώπου
2899 1916 2944 1948 ⁷⁷⁵
2975 1918 3032 1970 ἐν
3053 1917 3129 1988 τῷ
3155 1919 3214 1971 οὐ
3225 1921 3391 1989 ρανῷ.
3423 1939 3440 1972 ι
3473 1921 3582 1974 Καὶ
3601 1923 3688 1976 ἵνα
3706 1922 3968 1994 πληρωθῇ
3990 1925 4054 1976 τὺ

2481 2007 2633 2077 ῥῆμα
2659 2009 2956 2076 Ζαχαρίου,
2979 2009 3077 2080 τὴν
3107 2009 3253 2075 λέξιν
3284 2011 3456 2082 αὐτὴν
3480 2013 3662 2067 λαϐὼν
3684 2016 3711 2066 ὁ
3742 2016 3978 2084 Χριστὸς
4004 2016 4052 2050 ⁷⁵

2482 2101 2795 2170 μετήγαγεν
2819 2104 2899 2167 είς
2933 2104 3110 2176 ἀληθῆ
3159 2107 3207 2139 ⁷⁸
3243 2107 3454 2176 λέγων·
3495 2129 3514 2162 ι
3554 2109 3818 2180 Ὄψονται
3870 2113 3952 2173 εἰς
3992 2111 4054 2164 ὃν

2476 2192 2857 2265 ἐξεκέντησαν.
2902 2213 2920 2246 ι
2963 2197 3006 2227 ⁷⁷
3038 2197 3148 2267 (19)
3192 2198 3252 2251 Ὀ
3302 2199 3358 2252 δέ
3419 2217 3482 2268 γε
3523 2201 3794 2270 Ἱερεμίας
3848 2202 4052 2272 ὁμοίως

2477 2285 2685 2352 φάσκει
2714 2303 2728 2318 ’
2765 2305 2783 2338 ι
2843 2287 2983 2341 Τάδε
3019 2287 3168 2356 λέγει
3229 2289 3456 2360 Κύριος,
3505 2294 3533 2346 ὁ
3584 2293 3717 2356 Θεὸς
3783 2293 4004 2364 Ἰσραήλ
4033 2306 4048 2320 ⁶

2490 2377 2622 2431 Ἰδοὺ
2660 2377 2772 2446 ἐγὼ
2807 2379 2999 2448 ἐπάγω
3031 2378 3077 2412 ⁷⁸
3124 2380 3219 2434 ἐπὶ
3277 2381 3370 2434 τὸν
3422 2382 3589 2436 τόπον
3626 2383 3820 2437 τοῦτον
3873 2384 4048 2447 κακὰ,

2477 2467 2618 2521 ῶστε
2648 2469 2850 2532 παντὸς
2877 2472 3170 2536 ἀκούοντος
3228 2472 3371 2526 αὑτά
3406 2475 3604 2545 ἠχήσει
3655 2476 3946 2546 ἀμφότερα
3979 2477 4049 2529 τὰ

2476 2555 2591 2613 ὦτα
2630 2561 2819 2626 αὑτοῦ,
2854 2563 2972 2615 ἀνθ’
3006 2556 3081 2616 ὧν
3132 2565 3524 2631 ἐγκατέλειπόν
3561 2583 3628 2636 με
3682 2569 3780 2621 καὶ
3809 2569 4048 2636 ἀπηλλο-

2475 2653 2714 2723 τρῖωσαν
2752 2655 2841 2706 τὸν
2867 2656 3032 2709 τόπον
3065 2656 3258 2710 τοῦτον
3284 2673 3298 2688 ο
3327 2658 3423 2711 καὶ
3449 2659 3637 2728 σφάξω
3663 2661 3762 2730 τὴν
3795 2661 3974 2731 φυλὴν
4002 2663 4049 2693 ⁷⁸

2487 2743 2842 2825 Ἰερουσαλὴμ
2872 2747 2918 2778 ⁸⁸
2947 2748 3005 2800 ἐν
3031 2747 3193 2817 300
3223 2749 3300 2820 τῷ
3329 2749 3479 2822 τόπῳ
3503 2749 3698 2821 τούτῳ,
3732 2753 3828 2804 καὶ
3881 2769 4054 2805 κατα.

2477 2835 2626 2889 ϐαλῶ
2661 2835 2860 2901 αὖτοὺς
2886 2839 2944 2892 ἐν
2999 2839 3042 2872 ⁸⁷
3095 2841 3345 2912 μαχαίρᾳ
3393 2843 3650 2896 ἐναντίον
3686 2842 3797 2896 τῶν
3842 2843 4053 2913 ἐχθρῶν

2478 2927 2684 2990 αὐτῶν,
2732 2929 2828 2980 και
2859 2928 3016 2982 δώσω
3052 2931 3178 2993 τοὺς
3211 2934 3440 3002 νεκροὺς
3495 2935 3674 2987 αὐτῶν
3732 2935 3813 2996 είς
3845 2933 4053 3004 βρῶσιν

2475 3019 2589 3079 τοῖς
2619 3021 2891 3082 πετεινοῖς
2917 3019 3010 3072 τοῦ
3029 3021 3261 3091 οὐρανοῦ
3296 3025 3389 3076 καὶ
3414 3027 3526 3083 τοῖς
3555 3024 3764 3094 θηρίοις
3791 3027 3891 3094 τῆς
3919 3025 4046 3093 γῆς’

2478 3103 2575 3155 καὶ
2609 3103 2756 3168 τάξω
2784 3105 2829 3137 ⁸⁸
2856 3105 2954 3176 τὴν
2992 3107 3148 3162 πόλιν
3181 3110 3387 3182 ταύτην
3411 3113 3492 3175 εἰς
3516 3112 3825 3181 ἀφανισμὸν
3853 3115 3949 3166 καὶ
3969 3114 4053 3178 εἰς

804 3176 926 3269 ἀτιιῆ
958 3213 1050 3254 eos
1082 3205 1207 3252 ante
1256 3195 1448 3250 faciem
1493 3193 1862 3254 inimicorum,
1890 3198 1943 3244 et
1975 3189 2261 3244 ostendam
2294 3189 2373 3243 eis
2405 3176 2444 3253 ο

2405 3176 2444 3253 C
2485 3191 2751 3261 συρισμὸν
2779 3191 2826 3224 ⁸³
2853 3193 3096 3260 αἰώνιον,
3137 3197 3223 3249 ἴνα
3259 3176 3465 3261 πάντες
3507 3176 4051 3271 οίνδιαπορευόμενοι

802 3293 946 3346 diem
976 3286 1308 3359 perditionis.
1351 3302 1371 3337 ι
1407 3283 1471 3337 Ει
1501 3283 1662 3338 edent
1691 3295 1879 3336 carnes
1899 3278 2131 3333 ﬂliorum
2149 3293 2370 3333 suorum

806 3391 859 3435 et
900 3381 1127 3434 [illarum
1165 3391 1409 3440 suarum,
1447 3383 1501 3428 et
1532 3373 1910 3442 unusquisque
1959 3370 2204 3426 comedet
2251 3383 2373 3424 car-

803 3489 899 3528 nes
955 3469 1181 3539 proximi
1238 3467 1322 3521 sui
1393 3466 1448 3520 in
1493 3464 1687 3518 castris
1749 3470 1802 3515 et
1882 3459 2200 3524 obsidione,
2265 3472 2369 3526 qua

801 3563 1065 3619 arcebunt
1109 3575 1202 3614 eos
1269 3543 1471 3612 inimici
1522 3567 1739 3617 eorum;
1785 3560 1838 3605 ct
1890 3558 2167 3604 conteram
2203 3563 2374 3619 pOpu-

800 3658 914 3710 lum
962 3654 1126 3707 istum
1181 3658 1234 3703 et
1292 3646 1565 3702 civitatem
1630 3644 1810 3704 istam,
1870 3640 2012 3694 sicut
2073 3639 2376 3694 conteritur

803 3762 900 3802 vas
928 3752 1244 3803 testaceum,
1287 3737 1430 3806 quod
1464 3750 1573 3788 non
1610 3740 1788 3802 potest
1823 3730 1985 3783 ultra.
2013 3729 2308 3783 instaurari
2359 3746 2372 3783 :

803 3835 882 3888 sic
924 3830 1143 3892 faciam,
1184 3827 1315 3882 dicit
1344 3824 1623 3885 Dominus,
1660 3822 1779 3874 loco
1810 3818 1956 3882 huic,
2004 3827 2058 3873 et
2117 3818 2366 3872 habitan-

802 3927 948 3984 tibus
982 3924 1035 3978 in
1063 3937 1148 3984 eo,
1168 3929 1226 3974 ut
1255 3919 1410 3974 detur
1441 3915 1632 3970 civitas
1664 3913 1767 3967 ista
1794 3922 2050 3979 tanquam
2077 3923 2372 3975 corruens,

804 4028 858 4074 et
884 4017 1023 4072 dabo
1063 4027 1158 4068 eos
1188 4011 1240 4064 in
1270 3993 1624 4063 vastationem
1657 4002 1910 4056 omnibus
1945 4000 2161 4069 regibus
2191 4009 2367 4064 terrae,

805 4120 862 4165 et
896 4115 1055 4164 erunt
1082 4105 1134 4158 in
1163 4099 1536 4172 opprobrium,
1565 4106 1617 4151 et
1648 4097 1700 4149 in
1729 4093 2063 4164 parabolam,
2091 4101 2145 4145 et
2173 4090 2224 4144 in
2255 4106 2370 4143 ma-

799 4204 1168 4265 ledictionem,
1203 4206 1255 4252 et
1287 4194 1340 4248 in
1369 4192 1552 4248 odium
1587 4189 1638 4243 in
1674 4187 1820 4244 omni
1844 4186 1984 4250 loco,
2014 4198 2124 4254 quo
2153 4182 2365 4253 ejiciam

804 4297 926 4350 illos
953 4295 1049 4349 ibi.

2482 3280 2549 3333 δι’
2580 3283 2748 3352 αὐτῆς
2781 3285 3178 3351 ἐκστήσωνται,
3235 3290 3329 3341 καὶ
3371 3289 3813 3362 σκυθρωπάσωσι
3849 3292 3916 3356 ⁸⁵,
3957 3295 4052 3346 καὶ

2483 3371 2742 3438 κινήσωσι
2775 3372 2874 3434 τὰς
2901 3375 3144 3441 κεφαλὰς
3164 3374 3346 3428 αὐτῶν
3376 3377 3469 3429 ἐπὶ
3500 3378 3681 3448 πάσης
3715 3378 3815 3446 τῆς
3835 3377 4051 3447 πληγῆς

2480 3460 2687 3529 αὐτῆςο
2729 3480 2747 3513 ›
2793 3463 2886 3515 καί
2914 3464 2996 3496 ⁸⁵⁸
3035 3483 3053 3516 ι
3106 3466 3195 3528 Ὠς
3249 3465 3450 3537 ἄνεμον
3483 3468 3578 3521 καὶ
3623 3469 3879 3522 καύσωνα
3936 3468 4052 3523 διαο

2481 3552 2667 3623 σπερῶ
2693 3555 2890 3617 αὐτοὺς
2915 3555 3052 3609 κατὰ
3074 3557 3364 3624 πρόσωπον
3389 3559 3499 3613 τῶν
3520 3559 3752 3629 ἐχθρῶν,
3780 3561 3873 3612 καὶ
3888 3558 4052 3626 δείξω

2477 3645 2660 3706 αὐτοῖς
2687 3645 2903 3716 ἡμέραν
2934 3647 3232 3711 ἀπωλείας.
3276 3667 3295 3701 ›
3332 3680 3397 3691 -
3437 3650 3484 3682 ⁸⁸
3521 3667 3540 3702 ι
3579 3651 3686 3702 Καὶ
3709 3649 3922 3702 ἔδονται
3949 3650 4050 3710 τὰς

2477 3737 2687 3807 σάρκας
2731 3738 2842 3791 τῶν
2889 3739 3021 3792 υἱῶν
3054 3737 3282 3810 [αὐτῶν]
3344 3740 3443 3794 καὶ
3473 3741 3518 3773 ⁸⁷
3570 3742 3678 3794 τῶν
3727 3739 4050 3810 θυγατέρων

2475 3829 2721 3898 (αὐτῶν),
2783 3827 2927 3899 [mi]
2985 3829 3218 3892 ἕκαστος
3256 3831 3354 3892 τάς
3408 3833 3618 3901 σάρκας
3665 3830 3760 3883 τοῦ
3817 3831 4048 3898 πλησίον

2477 3918 2645 3970 αὑτοῦ
2686 3917 2871 3970 ἔδεται
2897 3918 2944 3950 ⁸⁸
2971 3921 3029 3971 ἐν
3061 3922 3128 3988 τῇ
3162 3922 3398 3990 περιοχῇ
3424 3922 3521 3974 καὶ
3546 3921 3605 3972 ἐν
3634 3922 3700 3990 τῇ
3727 3918 4046 3989 πολιορκία,

2478 4002 2512 4079 ᾖ
2551 4008 3002 4076 πολιορκήσουσιν
3033 4009 3230 4072 αὐτοὺς
3257 4013 3305 4062 οἱ
3337 4011 3519 4080 ἐχθροὶ
3541 4010 3719 4064 αὐτῶν
3741 4028 3754 4040 ·
3794 4030 3812 4062 ι
3846 4008 4007 4063 xxi”
4031 4023 4048 4040 ⁸

2486 4099 2516 4149 ι’
2544 4099 2827 4168 Συντρίψω
2853 4099 2944 4152 τὸν
2975 4101 3104 4154 λαὸν
3144 4099 3336 4154 τοῦτον
3388 4103 3480 4154 καὶ
3510 4102 3611 4172 τὴν
3655 4102 3814 4153 πόλιν
3843 4103 4049 4169 ταύτην

2480 4189 2658 4252 καθὼς
2695 4190 3040 4259 συντρίϐεται
3095 4191 3266 4258 ἄγγος
3311 4191 3654 4261 ὀστράκινον,
3690 4192 3718 4244 ὃ
3771 4191 3834 4243 οὐ
3885 4191 4048 4242 δύναο

2478 4296 2566 4332 ται
2608 4281 2653 4312 ’⁸³
2686 4280 3036 4352 ἰαθῆναιέτι’
3070 4282 3214 4336 οὕτω
3249 4283 3480 4353 ποιήσω,
3517 4283 3665 4351 λέγει
3718 4281 3946 4352 Κύριος,
3969 4281 4049 4350 τῷ

802 4392 954 4458 τόπῳ
986 4385 1160 4455 τούτῳ
1191 4383 1286 4436 καὶ
1337 4383 1449 4441 τοῖς
1499 4375 1845 4431 κατοικοῦσιν
1877 4375 1933 4426 ἐν
1973 4372 2121 4441 αὖτῷ
2153 4371 2222 4435 ⁸⁷,
2290 4369 2384 4423 τοῦ
2446 4373 2667 4443 δοθῆναι
2691 4375 2790 4444 τὴν
2818 4378 2974 4430 πόλιν
3020 4376 3228 4447 ταύτην
3269 4378 3344 4439 ὡς
3408 4378 3507 4448 τὴν
3553 4377 3978 4432 διαπίπτουσαν.
4021 4393 4042 4427 ι

804 4515 872 4525 ..-
906 4483 950 4514 ⁹²
979 4499 998 4532 ι
1037 4480 1146 4533 Καὶ
1182 4477 1337 4530 δώσω
1370 4473 1568 4536 αὐτοὺς
1597 4472 1642 4504 ’³
1679 4471 1757 4533 εἰς
1788 4467 2221 4537 διασκορπισμὸν
2254 4468 2456 4531 πάσαις
2523 4473 2643 4534 ταῖς
2681 4470 2984 4539 βασιλείαις
3014 4472 3116 4535 τῆς
3175 4473 3300 4544 γῆς,
3369 4475 3464 4527 καὶ
3527 4474 3742 4526 ἔσονται
3787 4475 3867 4536 είς
3906 4476 4047 4526 ὀνει-

802 4573 1013 4644 δισμὸν,
1057 4571 1152 4624 καὶ
1213 4572 1292 4632 είς
1332 4565 1666 4639 παραϐολὴν,
1712 4564 1806 4618 καὶ
1853 4565 1933 4627 είς
1982 4563 2138 4632 μῖσος
2171 4561 2336 4633 (81³),
2377 4566 2471 4619 καὶ
2528 4568 2606 4630 εἰς
2631 4567 2878 4635 κατάραν
2912 4569 2968 4619 ἐν
2998 4567 3158 4620 παντὶ
3191 4567 3362 4637 τόπῳ,
3396 4561 3457 4622 οῦ
3520 4567 3586 4621 ἂν
3627 4567 3817 4634 ἐξώσω
3845 4567 4046 4630 αὐτοὺς

803 4669 940 4721 ἐκεῖ.
988 4683 1006 4716 ι

878 4761 1016 4828 Quid
1042 4757 1186 4814 aliud
1211 4757 1263 4810 in
1289 4755 1472 4809 divino
1498 4752 1715 4822 eloquio
1743 4758 1796 4805 et
1825 4749 2026 4804 clarius
2045 4763 2167 4804 esse
2189 4759 2368 4818 potest
2399 4752 2448 4812 ι)
2544 4758 2554 4789 ε

2363 4789 2368 4801 ,
2399 4752 2448 4812 ι)
2544 4751 2591 4789 ’δ
2620 4752 2738 4821 (20).
2766 4750 2830 4804 Τί
2867 4751 2960 4804 οῦν
2995 4751 3182 4805 λοιπὸν
3209 4752 3317 4806 τῶν
3374 4751 3537 4805 θείων
3584 4753 3793 4806 τούτων
3854 4755 4039 4824 ῥημά-

810 4867 865 4910 ct
897 4868 1062 4909 sensu
1093 4847 1364 4919 graviori?
1393 4844 1608 4908 Videas,
1659 4857 1692 4897 o
1741 4841 1902 4898 stulte
1931 4838 2111 4895 Judzee
2140 4849 2195 4895 et
2230 4841 2361 4896 insi-

806 4953 980 5023 piens,
1014 4946 1290 5018 impletum
1324 4941 1485 4998 fuerit
1513 4954 1718 5005 annon,
1749 4947 1802 4992 et
1823 4937 2177 5000 adamussim,
2209 4937 2366 5006 quid-

2471 4860 2578 4896 των
2604 4844 2649 4876 ⁸⁷
2691 4845 3174 4915 ἐμφαντικώτερον
3227 4845 3259 4915 ἦ
3293 4845 3661 4916 ἀληθέστερον
3683 4845 3887 4912 γένοιτ’
3933 4845 4037 4908 dy;

2477 4933 2617 5002 Ὅρα
2668 4935 2714 4966 ⁹⁶
2744 4933 2872 5006 γὰρ,
2909 4930 2954 4988 ῶ
3011 4935 3208 5004 ἀνόητε
3265 4937 3359 4989 καὶ⁸
3406 4935 3661 5001 ἁλόγιστε
3705 4933 3951 5000 Ἰουδαῖε,
3989 4936 4039 4987 εἰ

1987 5094 2186 5155 Variaa
2223 5095 2524 5156 lectiones
2569 5098 2631 5155 et
2672 5100 2839 5156 notae

879 5259 923 5290 ⁸⁸
957 5255 1023 5308 Τί
1043 5254 1102 5306 τὸ
1124 5254 1202 5316 είς
1219 5252 1278 5307 ὃν
1307 5248 1664 5318 ἐξεκέντησαν
1687 5263 1702 5312 ;
1733 5245 1866 5318 (Sed.
1886 5244 2093 5318 5914.12
2119 5246 2303 5318 595,1.
2348 5247 2390 5278 ⁶⁹
2415 5263 2475 5312 γε
2499 5247 2555 5301 (ἴε

2360 5247 2390 5278 ¹⁹
2415 5263 2475 5312 γε
2499 5247 2628 5301 Ced.
2666 5247 2887 5318 "lach.
2912 5265 3042 5312 χχιι,
3075 5250 3160 5303 Η.
3200 5250 3241 5281 ⁷¹
3284 5249 3446 5305 Zach.
3468 5266 3564 5311 xu.
3592 5250 3659 5305 10
3679 5251 3789 5318 γὰρ
3822 5250 3938 5302 ἀνθ’
3961 5245 4036 5303 ῶν

811 5326 1256 5396 κατωρχήσαντο,
1279 5315 1611 5388 metonymia
1637 5315 1784 5370 verbi
1814 5326 1936 5401 -ιΡἾ
1962 5316 2015 5370 in
2048 5317 2324 5387 plerisque
2353 5319 2509 5382 cod.;
2539 5319 2632 5371 sed
2660 5317 2723 5370 l0
2747 5319 2947 5373 habent
2973 5335 3096 5386 cum
3137 5318 3219 5373 .Io.
3249 5336 3358 5382 xix.
3391 5321 3478 5384 57,
3502 5315 3718 5376 Justino
3747 5315 3850 5389 Ap.
3879 5321 3916 5373 l.
3941 5321 4036 5383 52,

812 5437 860 5470 ι’.
897 5415 1096 5484 Tryph.
1127 5411 1286 5484 14,32
1299 5419 1368 5484 ‘et
1399 5407 1730 5484 llieronlmo
1758 5405 1845 5484 (de
1886 5404 3276 5484 optimogencreinterpretandi)interpretationem
3301 5413 3594 5484 propriam?
3614 5427 3644 5464 a
3669 5409 3871 5484 Jn‘dm‘is
3892 5411 4036 5484 reje-

810 5498 977 5541 ctam.

808 5557 915 5610 Ccd
925 5596 937 5616 ,

1057 5485 1100 5514 ⁷³
1129 5482 1236 5534 ἀπὸ
1261 5480 1360 5547 τῆς
1391 5478 1520 5547 Oed.
1598 5476 1644 5506 ⁷³
1677 5475 1858 5547 Matth.
1893 5489 2036 5547 μιν,
2201 5474 2563 5547 ,⁷ξ-Υίοῦᾉτοῦ
2589 5477 2723 5530 Θεοῦ

1336 5498 1360 5540 ς
1391 5478 1520 5547 Oed.
1598 5476 1644 5506 ⁷³
1677 5475 1858 5547 blatth.
1893 5489 2036 5547 μιν,
2057 5475 2157 5547 fil).
2201 5474 2563 5547 A’f_}'[0t?1:06
2589 5477 2723 5530 Θεοῦ
2751 5478 2882 5531 (led.
2925 5474 2939 5478 ⁷
2967 5480 3012 5509 ⁷

1017 5555 1059 5585 ⁷⁷
1105 5543 1392 5620 Ἱερεμίου,
1423 5546 1685 5620 Jer._xnt_.
1719 5543 2030 5620 5-8.__(‘.ed_._
2056 5544 2374 5620 395.1232
2415 5545 2460 5574 ⁷⁸
2491 5547 2581 5620 ἐπ.
2608 5549 2693 5612 ὲγιλ

2362 5613 2374 5620 _
2415 5545 2460 5574 ⁷⁸
2491 5547 2581 5620 ἐπ.
2608 5548 2717 5612 ἐγώ
2761 5549 2890 5620 (Leti.
2927 5543 3226 5620 ᾖξ’-βουλήν
3281 5550 3362 5603 bis
3388 5551 3500 5604 Jer.
3528 5551 3657 5620 Cod.
3698 5549 3780 5620 77“
3818 5543 4038 5619 Ἰσραήλ

3048 5496 3105 5546 μ.
3160 5479 3392 5549 Χριστὸς
3415 5481 3463 5532 λ.
3493 5481 3621 5534 Ced.
3709 5480 3752 5510 ⁷⁶
3777 5479 4039 5549 ἀλήθειαν

810 5612 936 5680 cod.
969 5623 1101 5676 Ccd.
1128 5612 1224 5691 nr'o
1247 5612 1622 5691 Ἰερουσαλήμ,
1641 5613 1754 5668 ³ου·-
1787 5683 1802 5691 -
1829 5614 1962 5691 ῗῗεῇ
1989 5612 2136 5691 CP."-.
2195 5614 2238 5643 ⁸²
2274 5613 2422 5676 τάξω
2445 5633 2486 5691 9⁵1

2363 5614 2422 5676 Ξω
2445 5616 2893 5691 ιιριιιΙ.ῌιις)ιιιιιιΙΙί
2927 5612 3303 5691 “meum
3332 5637 3344 5672 :
3373 5619 3622 5691 πατάξω.Δ
3649 5689 3658 5691 Α
3690 5619 3740 5691 ’ξ
3768 5612 4039 5691 συριγμόν

809 5696 942 5750 fled.
1017 5694 1060 5722 ”
1090 5682 1179 5743 σκ.
1205 5690 1298 5741 καὶ
1333 5690 1506 5754 συριεί
1533 5682 1672 5750 ὑπὲρ
1695 5700 1763 5754 π.
1787 5682 1947 5754 LXX.

809 5766 1010 5814 ἔδονται
1043 5761 1201 5813 LXX.
1276 5757 1320 5788 ⁸³
1349 5752 1458 5808 δάι’,
1487 5772 1597 5812 xIx.
1637 5754 1716 5812 ιι,
1753 5752 1833 5805 12.

803 5839 844 5869 ν
869 5833 998 5889 τεά.
1039 5831 1233 5896 595,23
1268 5826 1484 5893 δουβτ.

1913 5754 1958 5784 ⁹⁰
1989 5753 2273 5818 δυνήσεται
2301 5751 2410 5805 Jer.
2438 5755 2572 5805 Cod.

1726 5839 1769 5874 τ.
1811 5823 1937 5879 «ω.
2014 5823 2058 5857 ιο
2100 5823 2179 5876 'u.
2359 5823 2438 5876 an»
2479 5823 2605 5880 (ρεαδ

2027 5683 2072 5713 ⁸⁵
2098 5681 2220 5758 _Jcr.
2251 5699 2404 5758 xvi".
2443 5685 2545 5758 l7.
2602 5685 2647 5717 “
2681 5684 2789 5758 .ler».
2823 5703 2936 5748 xix,
2974 5690 3026 5741 ί).
3102 5688 3146 5718 ⁸⁷
3177 5689 3275 5758 τὰς
3310 5681 3685 5758 σάρκαςάιιιι.

2353 5699 2404 5735 ll.
2443 5685 2545 5758 l7.
2602 5685 2647 5717 “
2681 5684 2789 5758 .ler».
2823 5703 2936 5748 xix,
2974 5690 3026 5741 ί).
3102 5688 3146 5718 ⁸⁷
3177 5689 3275 5758 τὰς
3310 5681 3685 5758 σάρκαςάιιιι.
3715 5681 3854 5740 ,ιι-τε
3904 5681 3952 5720 δέ
3978 5691 4029 5742 ἁ.

2654 5757 2693 5784 ’³³
2725 5756 2858 5826 αὐτῇ
2891 5758 3020 5813 (Sed.
3099 5759 3144 5791 θ’
3173 5757 3282 5814 Jcr.
3315 5756 3458 5826 xxiv,
3491 5761 3544 5813 υ.
3621 5760 3666 5792 ’³
3701 5759 3870 5828 αὑτήν
3897 5759 4030 5814 Ccd.
