4244 6444
241 391 348 451 ΗΠ

1415 392 1884 453 CIIRONICON.
1925 416 1990 426 -
2036 392 2183 454 LIB.
2231 393 2350 453 ΙΙΙ.

3403 378 3465 440 Η
3483 378 3505 436 i

241 512 306 564 οὗ
333 512 378 543 θ’
413 509 768 578 πεπλῆρωται
805 507 978 560 ταῦτα
1004 507 1050 539 ³⁸
1093 506 1521 574 ἁπαραλείπτως
1555 506 1700 559 κατὰ
1732 505 1832 566 τὰς
1863 511 1904 565 Α

1863 511 1904 565 Α
1939 509 2066 576 quid
2102 506 2602 576 przenuntiaverttnt
2644 499 2697 554 in
2739 512 2837 551 vos
2884 509 3164 550 sermones
3223 492 3513 561 propheta-

245 605 395 675 ἱερὰς
423 604 760 673 προρρήσεις
791 604 873 663 εἰς
906 602 1084 670 ὑμᾶς·
1121 600 1216 651 καὶ
1261 598 1445 667 μέντοι
1491 602 1585 651 καὶ
1624 597 1693 649 τὰ
1722 597 1827 649 ὑπὸ

243 695 486 764 Χριστοῦ
557 693 1096 765 προκατηγγελμὲνα
1153 693 1248 742 καὶ
1321 690 1820 760 προηπειλημένα·

245 790 381 860 φησὶ
422 787 530 855 γὰρ
582 789 711 855 περὶ
740 786 840 854 τῆς
907 783 1271 853 Ἰερουσαλὴμ
1326 784 1415 835 καὶ
1454 783 1548 834 τοῦ
1589 785 1646 833 ἐν
1686 781 1824 851 αὐτῇ

244 881 397 939 ναοῦ,
431 880 579 932 ὅτι⁹⁹
616 897 632 928 ι
667 878 742 928 Οὐ
781 876 857 945 μὴ
888 875 1048 946 μείνῃ
1073 874 1219 936 λίθος
1272 875 1365 926 ἐπὶ
1408 873 1580 925 λίθον.
1619 892 1636 924 t
1675 869 1825 942 τΑρα

249 973 593 1042 μεμένηκενς
629 969 916 1037 Οὐδαμῶς.
948 996 1018 1006 -—
1042 968 1149 1020 Καί
1180 969 1193 997 ¹
1223 983 1235 995 ·
1285 984 1303 1017 ι
1354 966 1513 1030 Ἰδοὺ,
1542 967 1764 1035 ἀφίεται
1800 968 1827 1018 0

245 1060 392 1124 οἶκος
422 1061 578 1130 ὑμῶν
609 1060 840 1128 ἕρημος.
905 1076 923 1108 ι
964 1053 1112 1124 ’Λρα
1170 1057 1271 1108 οὐκ
1331 1057 1656 1125 ὲρὴμωται;
1709 1057 1820 1108 Καὶ

248 1155 449 1222 σςόδρα
479 1170 561 1216 γε.
589 1181 658 1190 --
687 1151 796 1202 Καί
823 1151 842 1178 ²
878 1163 890 1176 ’
937 1168 954 1199 t
992 1149 1183 1200 Ἔσται
1215 1147 1390 1214 θλϊψις
1421 1148 1507 1199 οἶα
1541 1148 1604 1198 οὐ
1661 1147 1828 1214 γέγοι-

248 1264 358 1300 νεν.
399 1265 415 1295 ο
446 1240 592 1310 TAp:
632 1243 732 1294 οὐκ
782 1242 1041 1308 ἐγένετο;
1087 1241 1389 1306 Ἀναγνωοι
1432 1239 1532 1308 τὴν
1576 1241 1827 1309 ἱστορίαν

261 1337 528 1404 Ἰωσήπου
555 1335 746 1402 ἀνδρὸς
771 1331 1088 1402 (ὑμετέρου)
1137 1333 1395 1384 Ἰουδαίου
1445 1331 1542 1382 καὶ
1599 1331 1831 1399 φιλαλὴ-

250 1428 376 1490 θους
405 1444 416 1455 ’
450 1428 544 1479 καὶ
592 1427 714 1477 οὐδὲ
759 1425 1098 1478 ἀναπνεῦσαι
1156 1423 1344 1476 λοιπὸν
1394 1423 1621 1492 δυνήσῃ,
1665 1423 1824 1491 301

251 1521 412 1585 μόνον
437 1519 652 1571 ἀκούων
678 1511 765 1568 οἷα
797 1519 816 1547 ³
847 1517 1048 1570 ἔπαθον
1070 1519 1115 1568 οί
1141 1517 1314 1568 ἄθλιοι
1335 1515 1397 1567 τὸ
1424 1514 1545 1566 τότε
1584 1514 1829 1566 Ἰουδαῖοι

243 1609 334 1660 διὰ
368 1611 467 1675 τὴν
493 1607 686 1678 [κατὰ]
717 1606 814 1660 τοῦ
872 1607 1080 1674 Κυρίου
1143 1607 1163 1638 ⁸
1200 1606 1403 1674 μανίαν
1454 1605 1549 1656 καὶ
1601 1603 1828 1655 λύσσαν.

245 1700 368 1750 Ἵνα
397 1699 504 1766 γὰρ
532 1699 719 1766 μηδεὶς
746 1699 856 1750 τῶν
892 1698 1168 1750 Ἰουδαίων
1211 1697 1515 1765 ἀπιστήσῃ,
1541 1696 1638 1747 οὐκ
1671 1694 1828 1748 ἀλλό-

246 1792 416 1857 φυλον
453 1809 595 1855 τινα,
631 1791 746 1843 ἀλλ’
780 1790 1076 1858 ὁμόφυλον,
1111 1791 1207 1840 καὶ
1248 1788 1565 1857 ὁμόπιστον,
1603 1790 1696 1841 καὶ
1727 1787 1827 1857 ζη-

244 1883 424 1950 λωτὴν
455 1882 872 1949 παρεσκεύασεν
905 1883 935 1950 ἠ
968 1881 1198 1950 ἀλήθεια
1252 1881 1321 1932 τὰ
1380 1881 1590 1932 ἐλεεινὰ
1637 1883 1828 1933 ἐκεῖνα

247 1975 340 2026 καὶ
371 1973 712 2043 δυσεξήγητα
752 1973 1167 2043 ἐκτραγῳδῆσαι
1199 1975 1345 2042 πάθη
1375 1989 1389 2003 ⁸
1426 1973 1688 2041 τοιαύτην
1723 1975 1831 2041 γὰρ

251 2067 517 2136 θεήλατον
570 2066 888 2136 ὑπέστησαν
925 2066 1151 2128 ᾰλωσιν,
1209 2067 1329 2119 οἵαν
1363 2064 1482 2116 οὐδὲ
1530 2065 1558 2116 0
1611 2064 1831 2134 σύμπας

247 2154 355 2208 τιῖδε
388 2157 602 2225 χρόνος,
632 2158 727 2223 ἀφ’
775 2150 834 2208 οὗ
883 2157 1108 2223 γέγονεν
1139 2157 1230 2207 ἐπὶ
1259 2155 1356 2224 τῆς
1383 2155 1488 2224 γῆς
1522 2155 1829 2225 ἄνθρωπος,

249 2247 346 2297 καὶ
380 2247 641 2307 εἰκότωςο
682 2246 788 2308 ἕως
838 2246 939 2314 μὲν
993 2245 1103 2314 γὰρ
1167 2246 1250 2307 είς
1310 2245 1437 2307 τοὺς
1498 2245 1830 2313 ὁμοδούλους

245 2337 584 2406 ἡμάρτανον,
618 2335 951 2405 συγγνώμης
985 2338 1286 2405 ἐτύγχανον
1309 2352 1322 2367 ο
1359 2336 1527 2405 ἡνίκα
1550 2337 1605 2388 δὲ
1639 2339 1717 2398 είς
1739 2337 1832 2388 τὸν

248 2429 434 2480 κοινὸν
475 2430 758 2498 Δεσπότην
787 2428 1132 2499 ἐξήμαρτον,
1179 2428 1591 2496 ἁσυγγνώστως
1640 2429 1832 2482 ἐκολά-

250 2518 482 2587 σθησαν.
519 2522 640 2572 ’Ὁτι
664 2521 719 2572 δὲ
739 2523 766 2571 0
795 2522 1032 2588 Χριστὸς
1055 2522 1360 2589 πεποίηκεν
1387 2523 1574 2583 αὐτοῖς
1592 2523 1611 2552 ⁸
1633 2520 1828 2586 ταῦτα,

247 2611 482 2663 ἄκουσον
509 2612 674 2662 αὑτοῦ
698 2611 860 2663 πάλιν
887 2613 981 2664 καὶ
1003 2613 1089 2665 δια
1111 2614 1429 2683 παραϐολῆς
1456 2615 1759 2681 φάσκοντος
1787 2616 1826 2646 ⁸’

255 2721 272 2750 ι
313 2701 452 2762 Τοὺς
492 2701 546 2753 δὲ
584 2701 656 2770 μὴ
711 2701 1072 2768 βουληθέντας
1137 2721 1203 2771 με
1257 2703 1583 2768 βασιλεῦσαι
1617 2705 1703 2754 ἐπ’
1737 2705 1834 2754 αὑ-

247 2793 398 2856 τοὺς,
431 2795 667 2860 ἀγάγετε
699 2788 797 2846 ὧδε
828 2797 921 2847 καὶ
951 2797 1358 2863 κατασφάξατε.
1403 2814 1421 2845 ι
1454 2796 1545 2846 Διὸ
1571 2798 1663 2847 καὶ
1697 2797 1832 2865 πρὸς

249 2885 449 2944 αὐτοὺς
477 2885 662 2950 ἔλεγεν
695 2887 714 2917 ⁷
736 2904 748 2915 ο
789 2903 808 2936 ι
853 2888 1177 2954 Ἀρθήσεται
1210 2887 1303 2954 ἀφ’
1337 2887 1494 2955 ὑμῶν
1525 2890 1555 2956 ἠ
1585 2886 1833 2955 βασιλεία

251 2976 346 3026 καὶ
369 2975 661 3042 δοθήσεται
687 2976 830 3028 ἔθνει
853 2976 1100 3030 ποιοῦντι
1131 2977 1260 3040 τοὺς
1292 2979 1540 3047 καρποὺς
1573 2979 1767 3046 αὐτῆς.
1804 2997 1822 3029 ι

251 3067 362 3116 Καὶ
394 3067 532 3135 πρὸς
576 3067 673 3135 μὲν
706 3069 802 3137 τὴν
845 3068 1202 3138 Ἰερουσαλήμ
1233 3085 1398 3139 φησιν
1429 3071 1481 3101 ⁸·
1514 3089 1530 3121 ι
1569 3070 1833 3132 ’Ἡξουσιν

251 3159 346 3209 ἐπὶ
372 3174 430 3209 σε
459 3160 686 3229 ἡμέραι,
740 3162 833 3212 καί
887 3161 1243 3230 περιϐαλοῦσί
1295 3179 1377 3214 σοι
1413 3162 1462 3213 οί
1495 3162 1679 3230 ἐχθροί
1736 3179 1830 3214 σου

253 3252 494 3320 χάρακα,
555 3255 648 3304 καὶ
699 3253 1042 3306 κυκλώσουσί
1097 3271 1175 3318 σε,
1240 3255 1338 3306 καὶ
1386 3255 1665 3317 συνέξουσί
1725 3254 1831 3325 [νσε]

255 3343 544 3405 πάντοθεν,
571 3343 667 3394 καὶ
698 3345 984 3412 ὲδαφιοῧσι
1015 3344 1083 3396 τὰ
1105 3346 1274 3397 τέκνα
1301 3362 1392 3397 σου
1417 3347 1472 3399 ὲν
1495 3347 1597 3398 σοί.
1634 3365 1652 3397 ι
1691 3347 1834 3415 ΙΙρὺς

250 3434 309 3486 δὲ
339 3435 463 3494 τοὺς
490 3434 736 3497 ἀπειθεῖς
777 3436 1066 3499 Ἰουδαίους
1100 3437 1295 3504 ἐπάγει
1327 3437 1501 3504 λέγων
1535 3439 1554 3468 ⁹
1577 3454 1589 3466 ·
1637 3457 1655 3489 ι
1691 3439 1828 3491 Ἰδοὺ

251 3527 473 3591 ἀφίεται
508 3529 535 3578 ὁ
570 3523 720 3589 οἶκος
774 3529 928 3596 ὑμῶν
983 3529 1211 3598 ἔρημος,
1261 3549 1277 3580 ι
1343 3531 1479 3598 ὅπερ
1513 3527 1605 3583 οὖν
1655 3532 1750 3584 καὶ
1806 3533 1833 3584 0

251 3622 396 3683 θεῖος
433 3620 633 3689 Δανιὴλ
669 3619 952 3687 προδηλῶν
981 3619 1084 3688 ἔφη
1114 3620 1156 3650 ¹⁰
1187 3635 1199 3649 '
1243 3638 1261 3671 ι
1298 3619 1409 3688 Τὴν
1456 3621 1612 3672 πόλιν
1645 3622 1738 3673 καὶ
1772 3621 1833 3673 τὸ

253 3717 411 3780 ἆγιον
445 3713 729 3782 διαφθερεῖ
763 3713 860 3765 συν
892 3712 968 3780 τῷ
1017 3715 1309 3783 ἡγουμένῳ
1343 3715 1420 3782 τῷ
1468 3714 1770 3783 ἐρχομένῳ,
1811 3734 1826 3766 t

251 3804 536 3857 τουτέστιν
574 3804 601 3853 0
629 3803 762 3862 Θεὸς
791 3804 885 3855 καὶ⁸
943 3803 1132 3872 Πατὴρ
1185 3804 1405 3856 πάντων
1454 3805 1727 3857 Ἰουδαίων
1767 3806 1833 3858 τὰ

252 3897 429 3962 σεμνὰ
456 3896 549 3947 καὶ
599 3894 941 3963 περίϐλεπτα
983 3895 1302 3963 ἀνατρέψει,
1331 3896 1467 3948 ἀλλὰ
1519 3897 1614 3949 καὶ
1645 3896 1674 3947 0
1706 3897 1833 3960 Υίῆς

250 3986 348 4037 καὶ
381 3985 612 4051 Χριστὸς
647 3985 710 4046 ”,
748 3985 775 4035 0
809 3984 937 4054 παρ’
963 3983 1143 4036 αὐτῶν
1176 3985 1252 4046 ὡς
1281 3985 1568 4055 λυτρωτὴς
1593 3986 1828 4054 προσδο-

250 4073 502 4144 κρμενος
531 4078 625 4128 καὶ
654 4076 859 4144 σωτήρ.
894 4075 970 4128 Οὐ
1002 4075 1112 4145 γὰρ
1141 4071 1282 4138 εἷπε,
1321 4076 1768 4146 Διαφθαρήσεται
1797 4079 1827 4145 ὴ

250 4168 412 4228 πόλις
445 4168 540 4218 καὶ
571 4169 598 4217 0
637 4166 762 4226 ναὸς
797 4167 894 4217 σὺν
948 4166 1025 4235 τῷ
1061 4165 1372 4235 ἡγουμένῳ,
1407 4166 1590 4228 καθὼς
1619 4167 1831 4233 ἀλόγως

249 4259 457 4312 οἴονταί
511 4275 675 4322 τινες,
707 4256 840 4309 ἀλλὰ
879 4259 943 4320 η,
1014 4275 1032 4306 t
1093 4257 1388 4326 Διαφθερεί
1430 4259 1456 4308 0
1491 4257 1678 4327 Πατὴρ
1740 4260 1831 4308 τὸν

250 4352 382 4401 ναὸν
411 4351 505 4401 καὶ
551 4348 650 4416 τὴν
688 4349 865 4411 πόλιν,
904 4367 921 4398 ι
954 4349 1405 4417 συμπράττοντος
1437 4348 1682 4418 δηλονότι
1735 4350 1830 4400 καὶ

248 4441 347 4493 τοῦ
399 4440 818 4508 παροινηθέντος
849 4441 940 4492 ὑπ’
997 4439 1176 4492 αὐτῶν
1226 4441 1556 4509 ἡγουμένου,
1611 4441 1740 4509 περὶ
1771 4434 1831 4493 οὗ

1934 619 2076 666 rum,
2111 611 2163 654 et
2195 617 2315 668 qua:
2344 598 2457 663 ipse
2492 593 2833 662 prOphctavit
2861 589 3113 644 Christus
3163 596 3218 638 et
3268 585 3515 637 minatus

1931 705 2031 748 est.
2073 693 2217 745 Dixit
2249 692 2390 743 cnint
2424 689 2489 743 de
2519 685 2818 739 Jerusalem
2878 691 2933 736 et
2961 682 3052 750 {de
3115 678 3314 750 templo
3369 677 3514 744 ejus,

1932 787 2057 855 quia
2102 804 2119 834 ι
2158 797 2263 836 non
2297 779 2596 834 remanebit
2632 776 2767 842 lapis
2808 789 2969 841 super
3021 769 3278 839 lapidem.
3332 786 3350 818 ›
3411 767 3514 818 lle-

1932 875 2240 930 ntansitne?
2302 871 2646 938 Neutiqnam.
2678 867 2743 919 Et
2795 881 2807 916 :
2851 884 2868 914 ι
2907 863 3263 929 Relinquetur
3315 858 3514 911 domus

1933 975 2111 1022 vestra
2160 966 2374 1019 deserta
2401 1002 2414 1016 .
2449 983 2466 1014 ι
2519 960 2712 1014 Nonne
2750 959 2961 1010 deserta
2994 954 3111 1007 est?
3173 952 3236 1004 Et
3293 950 3513 1019 quidem

1931 1075 2179 1130 prorsus.
2207 1058 2268 1111 Et
2295 1075 2307 1108 :
2340 1077 2356 1107 ι
2385 1055 2500 1107 Erit
2529 1065 2784 1123 pressura
2811 1048 2991 1116 qualis
3017 1062 3124 1099 non
3161 1044 3278 1097 fuit.
3315 1063 3332 1094 ι
3364 1042 3514 1094 Fuit-

1933 1171 1999 1206 ne
2029 1152 2325 1220 pressura?
2353 1149 2492 1216 Lege
2537 1146 2821 1199 historiam
2869 1140 3092 1208 Jusephi
3131 1137 3223 1206 qui
3289 1136 3393 1189 fuit
3449 1149 3514 1186 ex

1932 1246 2084 1299 vobis
2114 1255 2167 1298 et
2193 1241 2435 1296 veritatis
2459 1253 2670 1296 amans.
2702 1243 2755 1289 et
2793 1251 2899 1288 non
2933 1234 3039 1300 jam
3087 1232 3362 1297 respirare
3419 1243 3517 1296 po-

1936 1337 2070 1389 teris
2107 1333 2333 1387 audiens
2378 1339 2581 1400 quanta
2621 1337 2750 1381 tunc
2819 1324 3004 1378 miseri
3058 1322 3200 1391 passi
3260 1319 3367 1372 sint
3422 1316 3517 1369 Ju-

1935 1428 2033 1483 dwi
2067 1428 2135 1480 ob
2170 1429 2408 1478 furorem
2456 1433 2505 1476 et
2529 1421 2732 1473 rabiem
2776 1418 3037 1471 adversus
3071 1413 3396 1479 Dominum.
3440 1407 3516 1461 Ne

1934 1519 2080 1572 enim
2119 1518 2406 1586 quisquam
2458 1513 2770 1567 Judzcorum
2821 1508 3108 1568 diﬂideret,
3147 1520 3254 1556 non
3281 1503 3515 1554 alienum

1936 1612 2137 1663 veritas
2195 1609 2298 1660 sibi
2341 1605 2679 1675 comparavit
2729 1615 3056 1672 praeconem,
3123 1597 3214 1650 sed
3269 1593 3514 1663 ejusdem

1937 1703 2114 1772 gentis
2141 1712 2193 1754 et
2226 1701 2346 1753 tidci
2393 1699 2590 1759 virum,
2621 1711 2831 1750 necnon
2863 1704 2914 1748 et
2941 1694 3055 1746 zelo
3077 1703 3392 1749 accensum,
3421 1687 3515 1754 qui

1936 1795 2244 1850 miseranda
2279 1795 2391 1846 hzec
2419 1801 2472 1846 et
2503 1789 2725 1843 infanda
2762 1787 3036 1842 narrando
3096 1785 3512 1837 lamentaretur.

1936 1885 2066 1938 Eam
2118 1885 2260 1936 enim
2319 1899 2346 1935 a
2393 1881 2501 1934 Dco
2562 1879 2732 1933 Judaei
2793 1879 3012 1932 subiere
3054 1873 3515 1943 expugnationem

1935 1993 2098 2046 quam
2133 1977 2264 2029 nulli
2303 1989 2541 2042 unquam
2577 1973 2831 2025 viderunt
2859 1983 2924 2022 ex
2963 1983 3072 2037 quo
3105 1969 3267 2020 homo
3300 1967 3433 2019 vivit
3464 1965 3518 2017 itt

1937 2080 2100 2133 terra,
2134 2078 2183 2122 et
2217 2068 2434 2137 quidem
2475 2065 2690 2118 nterito.
2734 2063 2868 2116 Dum
2903 2062 2956 2115 in
3003 2075 3191 2115 servos
3242 2059 3344 2112 sibi
3381 2073 3518 2111 eon-

1933 2163 2140 2217 sitniles
2194 2166 2583 2226 peccaverunt.
2633 2157 3001 2209 condonatum
3046 2163 3128 2206 est.
3188 2152 3330 2215 illis;
3391 2165 3516 2203 cum

1937 2270 2062 2307 vero
2087 2253 2140 2305 in
2171 2252 2547 2305 universorum
2571 2247 3091 2316 Dominum,p(renas
3120 2245 3362 2300 tulerunt
3387 2245 3522 2298 irre-

1938 2343 2249 2398 tnissihiles.
2291 2341 2445 2407 Quod
2487 2339 2739 2394 Christus
2775 2339 2888 2392 hzec
2925 2338 3032 2392 illis
3067 2336 3287 2402 fecerit,
3323 2337 3522 2390 audias

1935 2449 2031 2504 per
2078 2431 2388 2503 parabolam
2443 2432 2753 2499 loquentem
2794 2444 2806 2478 :
2852 2447 2870 2479 ι
2919 2427 3044 2482 lllos
3079 2429 3172 2497 qui
3218 2428 3516 2480 noluerunt

1935 2542 2021 2581 me
2050 2539 2273 2595 regnare
2338 2538 2502 2590 super
2536 2537 2614 2588 se,
2649 2521 2898 2574 adducite
2931 2522 3040 2575 huc
3085 2531 3138 2574 et
3186 2520 3452 2588 jugulate.
3495 2537 3516 2570 ι

1934 2618 2228 2687 Propterea
2259 2617 2365 2669 illis
2393 2615 2645 2668 diccbat:
2674 2632 2690 2664 ι
2723 2613 3018 2667 Auferetur
3046 2627 3076 2666 a
3110 2612 3264 2666 vobis
3291 2628 3516 2680 regnum

1935 2718 1983 2760 et
2015 2708 2236 2759 (labitur
2271 2706 2412 2774 genti
2449 2702 2666 2756 facienti
2707 2702 2917 2756 fructus
2946 2703 3088 2772 ejus.
3133 2721 3150 2753 ι
3192 2702 3256 2754 Ει
3291 2703 3513 2772 quidem

1937 2800 1999 2853 ad
2027 2798 2328 2852 Jerusalem
2361 2797 2540 2850 dicit:
2584 2815 2602 2846 ι
2650 2795 2880 2849 Venient
2907 2796 2958 2848 in
3002 2803 3053 2849 te
3106 2795 3245 2858 dies,
3309 2805 3364 2848 et
3411 2796 3521 2848 eir-

1937 2890 2270 2945 cumdabnnt
2320 2899 2368 2942 te
2401 2888 2605 2942 inimici
2641 2887 2719 2940 tui
2757 2886 2920 2949 vallo,
2975 2893 3030 2941 et
3084 2886 3522 2941 cireumstabunt

1939 2992 1988 3036 te
2017 2982 2278 3048 undique,
2309 2989 2362 3032 et
2401 2988 2750 3044 prosternent
2779 2980 2842 3032 ad
2887 2988 3085 3030 terram
3121 2978 3259 3032 ﬁlios
3302 2986 3425 3030 tuos
3463 2977 3518 3030 itt

1941 3084 2013 3127 te.
2053 3091 2070 3123 δ
2109 3071 2173 3124 Ει
2202 3072 2268 3124 ad
2321 3070 2518 3126 infidos
2567 3069 2786 3124 Judaaos
2820 3070 3049 3138 loquens
3080 3070 3228 3122 addit
3264 3085 3276 3120 :
3322 3089 3340 3120 ι
3383 3068 3522 3124 Ecce

1943 3167 2279 3233 relinquetur
2311 3163 2506 3216 domus
2532 3171 2712 3216 vestra
2747 3162 2983 3216 deserta.
3029 3179 3046 3211 ι
3089 3160 3240 3227 Quod
3273 3171 3328 3214 et
3361 3161 3520 3214 divus

1940 3257 2126 3311 Daniel
2179 3257 2550 3325 prmnuntians
2604 3254 2784 3307 dixit:
2835 3273 2852 3304 ι
2888 3254 3086 3309 Urbem
3148 3264 3200 3308 et
3264 3263 3520 3308 sanctua-

1938 3349 2078 3402 rium
2101 3349 2340 3402 destruet
2361 3362 2486 3401 cum
2516 3347 2653 3400 duce
2684 3355 2946 3410 venturo;
2989 3364 3006 3397 ι
3048 3346 3097 3399 id
3133 3355 3239 3412 est,
3275 3345 3417 3400 Dens
3468 3357 3522 3399 et

1938 3440 2097 3494 Pater
2126 3440 2371 3493 omnium
2400 3439 2664 3493 solemnia
2701 3447 2754 3492 et
2785 3437 3014 3492 illustria
3043 3453 3262 3506 quoque
3290 3436 3513 3491 Judaao-

1939 3545 2056 3582 rum
2091 3531 2354 3592 destruet,
2392 3528 2485 3582 sed
2546 3537 2598 3581 et
2645 3527 2896 3581 Christus
2944 3527 3114 3581 Filius
3170 3543 3297 3588 una,
3353 3543 3516 3594 quem

1943 3621 2336 3688 redemptorem
2387 3629 2842 3688 exspectaverunt
2894 3629 2947 3673 et
3005 3619 3354 3673 salvatorem.
3393 3617 3508 3673 Non

1936 3711 2079 3764 enim
2104 3711 2237 3763 dixit
2261 3725 2274 3761 :
2301 3710 2621 3762 Destruetur
2647 3709 2840 3763 civitas
2857 3717 2908 3762 et
2933 3707 3190 3777 templum
3215 3722 3336 3760 cum
3358 3707 3517 3770 duce,

1938 3804 2079 3857 sicut
2113 3801 2426 3855 existimant
2485 3801 2729 3852 nonnulli
2779 3809 3046 3863 errantes,
3088 3797 3226 3862 °sed,
3266 3799 3518 3851 Destruet

1942 3894 2104 3948 Pater
2133 3892 2390 3962 templum
2425 3901 2478 3944 et
2510 3891 2786 3945 civitatem
2833 3890 3321 3958 comparticipante
3351 3889 3516 3943 nimi-

1937 4000 2077 4047 rum,
2136 4001 2297 4052 quem
2322 3983 2672 4036 eontumeliis
2707 3991 3091 4037 saturaverunt
3122 3981 3282 4046 duce,
3319 3981 3384 4034 de
3407 3996 3518 4048 quo

1933 4077 2101 4131 Jacoh
2159 4078 2224 4130 ad
2275 4075 2542 4128 Bethleem
2580 4092 2591 4125 :
2632 4093 2650 4125 ι
2692 4073 2767 4127 Ex
2821 4084 2872 4126 te
2919 4074 3229 4143 egredietur
3263 4073 3394 4132 dux.
3428 4081 3518 4126 ret

1937 4173 2169 4239 reliqua.
2224 4169 2490 4235 Quinimo
2540 4168 2805 4237 apostolis
2827 4167 3090 4220 Dominus
3111 4167 3246 4219 dixit
3275 4183 3288 4217 :
3326 4184 3344 4216 ‹
3376 4164 3512 4220 Cum

1937 4264 2178 4317 videritis
2243 4262 2707 4316 ahotninationem
2774 4260 3154 4323 desolationis,
3222 4259 3420 4311 dictam
3483 4273 3512 4311 a

1936 4356 2157 4408 Daniele
2190 4355 2471 4423 propheta,
2497 4361 2732 4406 stantem
2766 4353 2819 4404 in
2851 4353 2969 4404 loco
2998 4361 3210 4411 sancto,
3237 4350 3328 4418 qui
3362 4350 3512 4418 legit,

1936 4447 2224 4514 intelligat.
2265 4465 2283 4498 ι
2319 4445 2474 4510 Quod
2499 4457 2646 4498 certe
2680 4445 3031 4512 adimpletum
3074 4453 3180 4504 est,
3246 4443 3507 4510 primum,

251 4551 418 4601 φησιν
447 4533 488 4563 ¹²
543 4532 736 4584 Ἰακὼῦ
781 4533 918 4602 πρὸς
952 4532 1051 4602 τὴν
1111 4533 1359 4600 Βηθλεέμ
1389 4533 1428 4563 ³³
1456 4550 1470 4565 ⁸
1515 4552 1532 4584 ‹
1591 4535 1685 4585 Ἐκ
1733 4533 1826 4584 σοῦ
1858 4535 1907 4591 D

1858 4535 1907 4591 D
1937 4540 1989 4593 in
2017 4549 2262 4606 tempore
2290 4538 2706 4608 expugnationis
2736 4546 2788 4590 et
2815 4536 3101 4598 vastitatis,
3127 4550 3251 4588 cum
3283 4533 3511 4586 Romani

249 4624 597 4689 ἐξελεύσεται
626 4623 954 4692 ἡγούμενος,
996 4642 1013 4674 ι
1058 4625 1150 4675 καὶ
1181 4625 1249 4674 τὰ
1287 4625 1435 4694 ἑξῆς.
1472 4625 1582 4676 Καὶ
1635 4625 1824 4693 μέντοι

250 4717 346 4769 καὶ
383 4715 522 4783 πρὸς
550 4716 675 4775 τοὺς
708 4715 1043 4777 ἀποστόλους
1076 4715 1124 4782 (0
1157 4714 1382 4785 Κύριος)
1415 4713 1590 4776 οὕτως
1636 4715 1828 4784 διηγό-

253 4825 451 4879 ρευσεν
479 4809 554 4838 ⁸⁸⁸
596 4825 614 4857 ι
654 4807 826 4858 Ὂταν
860 4807 1007 4876 ἴδητε
1044 4808 1104 4859 τὸ
1142 4807 1420 4876 βδέλυγμα
1457 4808 1557 4876 τῆς
1601 4808 1828 4878 ἐρημώ-

252 4916 394 4960 σεως
425 4899 510 4965 (τὸ
542 4897 706 4967 ῥηθὲν
735 4898 821 4950 διὰ
853 4899 1052 4969 Δανιὴλ
1074 4898 1166 4950 τοῦ
1211 4900 1518 4968 προφήτου)
1563 4899 1737 4962 ἑστὼς
1769 4901 1826 4952 ὲν

249 4989 401 5055 τύπῳ
430 4986 571 5053 ἁγίῳ
594 5003 662 5036 ηι-
693 4988 720 5038 0
752 4987 1145 5053 ἀναγινώσκων
1171 4987 1382 5047 νοείτω,
1425 5005 1443 5037 ι
1480 5017 1545 5027 —
1577 4988 1605 5039 ὃ
1639 4988 1700 5058 δὴ
1734 4989 1828 5040 καὶ¹

251 5078 605 5148 πεπλήρωτο,
640 5077 854 5147 πρῶτον
879 5078 976 5147 μὲν
1009 5079 1149 5130 κατὰ
1179 5077 1313 5147 (τὸν)
1340 5079 1531 5150 καιρὸν
1566 5081 1666 5149 τῆς
1688 5080 1828 5133 ἁλώο

251 5188 392 5230 aaut;
433 5170 530 5223 καὶ
569 5170 921 5240 ἐρημώσεως,
977 5171 1055 5233 εἷς
1092 5187 1149 5222 τε
1188 5170 1249 5222 τὸ
1294 5171 1612 5240 Ῥωμαϊκὸν
1665 5173 1824 5242 302

1938 4631 2138 4684 milites
2169 4629 2220 4681 in
2277 4629 2536 4698 templum
2579 4629 2812 4697 ingressi
2838 4635 2985 4690 sunt,
3018 4635 3070 4678 et
3117 4626 3305 4679 urbem
3363 4623 3515 4688 deje-

1938 4732 2128 4776 cerunt
2160 4721 2224 4774 ad
2258 4721 2680 4782 desolationem,
2709 4733 2870 4785 quam
2915 4718 3134 4786 quidam
3185 4731 3306 4770 esse
3363 4714 3512 4768 arbi-

1935 4821 2148 4867 trantur
2178 4812 2564 4863 desolationem
2598 4810 2932 4878 praedictam,
2952 4808 3392 4877 quandoquidem
3423 4807 3516 4860 al)-

1938 4905 2155 4957 alienati
2187 4913 2237 4956 et
2265 4901 2565 4956 secundum
2601 4902 2771 4968 legem
2807 4903 3171 4969 coinquinati,
3198 4901 3348 4969 jnste
3380 4900 3510 4954 dicti

1938 5006 2065 5048 sun:
2093 4993 2822 5056 abominatiodesolationis;
2851 4994 3065 5057 deinde,
3092 5009 3214 5046 cum
3243 5001 3296 5045 et
3323 5003 3508 5060 postea

1939 5085 2206 5137 Adrianus
2233 5091 2468 5136 statuam
2503 5096 2658 5136 suam
2684 5081 2876 5144 erexit,
2911 5090 2963 5134 et
2990 5079 3248 5148 reliquias
3271 5077 3512 5132 civitatis

1938 5173 2152 5243 penitus
2191 5171 2443 5225 vastavit.

254 5261 620 5326 στρατόπεδον
644 5262 954 5314 ὲπεισελθὸν
986 5264 1042 5314 ἐν
1073 5261 1148 5332 τῷ
1180 5262 1291 5332 ναῷ
1324 5263 1488 5341 ίξνὶκαὶ
1519 5265 1617 5333 τὴν
1658 5265 1810 5316 πόλιν
1850 5267 1970 5316 ὲλὺν
2034 5264 2178 5317 κατὰ
2196 5264 2292 5332 τὴν
2323 5263 2627 5333 ὲρήμωτιν,
2655 5261 2730 5324 ὣς
2789 5277 2933 5321 τινες
2955 5259 3014 5311 τὸ
3044 5257 3208 5327 ῥηθὲν
3235 5257 3510 5326 βδέλυγμα

1468 5407 1666 5468 Varia)
1696 5407 2002 5469 lectiones
2048 5414 2108 5468 et
2153 5413 2342 5466 noue.

322 5531 365 5562 ⁵⁵⁷
404 5530 452 5580 εἰ
503 5530 574 5598 μή
607 5528 737 5584 Ced.
817 5532 860 5562 ⁸⁸
889 5530 1065 5583 πάντα
1108 5531 1228 5586 eod.

250 5603 271 5632 ³
294 5601 348 5651 ἀ.
377 5617 436 5669 μ.
471 5599 767 5669 ἅπερ-(ἰθύ.
789 5631 855 5639 --
877 5602 932 5651 ἀ.
963 5601 1258 5667 τηνικαῦτα
1287 5603 1346 5652 Ἰ.
1375 5603 1504 5656 Ced.

249 5667 488 5730 nni-53.
566 5669 586 5698 ⁸
621 5667 748 5722 an.
789 5687 898 5730 xm.
946 5670 1032 5730 45,
1070 5673 1151 5724 Η.
1232 5672 1252 5700 ⁹
1292 5674 1419 5725 an.
1447 5689 1561 5734 χιιι,
1595 5673 1680 5726 53$.

252 5740 290 5769 ι’
328 5744 353 5788 θ’,
383 5741 504 5790 add.
537 5740 664 5790 (leti.
744 5741 786 5769 ’³
816 5740 949 5791 Cen.
981 5758 1120 5806 XLIX,
1160 5744 1237 5795 I0.

253 5813 337 5862 τὸν
370 5811 463 5880 τὴν
503 5826 555 5861 7:.
592 5810 774 5862 ἑλόντα
816 5812 932 5865 cod.

1306 5533 1349 5563 θ’
1386 5533 1570 5586 Matth.
1611 5549 1756 5591 xxw.
1813 5532 1872 5595 2,
1908 5533 2056 5584 λίθου
2089 5530 2219 5584 Ced.

1584 5603 1602 5632 "
1630 5604 1768 5655 κατὰ
1803 5602 2032 5672 Χριστοῦ
2064 5601 2194 5654 Ced.

1767 5675 1805 5703 '°
1828 5669 1970 5740 λέγει
2007 5673 2127 5722 -καὶ
2186 5670 2314 5722 Ced.
2360 5669 2490 5722 llan.
2527 5684 2607 5740 lxi,
2633 5669 2724 5722 9.6.

1322 5745 1360 5775 "
1402 5743 1713 5813 διηγόρευεν
1740 5744 1867 5798 Ced.
1908 5776 1950 5782 οη
2007 5742 2192 5795 Matth.
2227 5756 2370 5802 μιν,
2416 5741 2497 5792 1'5.

2302 5531 2316 5560 '
2348 5528 2534 5583 Matth.
2574 5544 2760 5587 xmtt.
2793 5527 2880 5582 58.
2959 5529 2978 5557 '
3006 5525 3193 5579 Matth.
3235 5539 3381 5586 μιν,
3413 5523 3501 5578 ‘20.

2273 5600 2293 5630 ⁵
2325 5601 2380 5651 ἁ.
2413 5619 2471 5652 π.
2504 5599 2634 5651 Ced.
2715 5598 2734 5627 ⁸
2769 5598 2902 5651 an.
2933 5614 3044 5659 xu,
3097 5597 3185 5647 27.
3267 5596 3285 5624 ⁷
3316 5593 3504 5650 Matth.

2805 5670 2843 5699 ¹¹
2878 5669 3001 5728 Υἱὸς
3037 5670 3063 5718 ὁ
3114 5667 3344 5734 Χριστὲς
3369 5665 3503 5718 (Sed.

2581 5739 2620 5769 ⁸³
2659 5741 2762 5794 εἰσ.
2804 5741 2860 5792 ἓν
2886 5738 2962 5807 τῷ
2994 5736 3142 5807 ἱερῷ.
3177 5768 3240 5774 -
3282 5736 3373 5787 καὶ
3425 5736 3500 5799 εἰς
