4244 6444
189 368 289 429 477
1354 380 1824 442 CIIRONICON.
1864 407 1930 416 -
1973 383 2116 442 LIB.
2165 385 2279 443 HI.

3334 387 3438 450 478

204 505 447 568 Ἰο-λδαίε,
504 509 630 575 περὶ
691 506 784 560 τοῦ
850 508 1057 570 τέλους,
1103 507 1208 560 ἀπὸ
1275 509 1383 561 τῶν
1437 510 1762 578 φθασάντων
1790 497 1880 558 ΑΙ

1790 499 1839 558 Α
1868 497 2074 552 beravit
2107 499 2394 566 Dominus,
2420 502 2668 569 quamvis
2700 500 2898 571 impius
2926 502 3078 557 Valde
3106 501 3172 555 ad
3203 501 3440 556 fornica-

192 597 426 665 μάνθανε
458 599 548 650 καὶ
569 601 633 650 τέ
666 601 928 668 παρόντα.
969 602 1167 652 Σκόπει
1197 600 1306 670 γαρ
1339 618 1353 634 ο
1398 602 1653 671 Κατέὸης
1683 606 1763 666 εἰς

188 691 482 756 Αίγυπτον,
522 689 634 742 ἀλλ’
665 692 910 757 ἐγένοντο
955 691 1048 760 ἔτη
1098 691 1164 754 ν’,
1195 696 1288 745 καί⁵
1321 696 1531 763 ταχέως
1573 697 1598 747 ὀ
1630 696 1763 758 Θεὸς

185 783 285 849 τῆς
309 782 553 845 δουλείας
583 783 627 814 ³ο
655 783 869 850 ἐκείνης
899 784 1198 852 ἀπήλλαξε,
1227 785 1432 855 καίπερ
1458 786 1763 840 ἀσεϐοῦντα

190 875 282 926 καὶ
306 875 644 944 πορνεύοντα
674 875 931 944 πορνείαν
961 876 1059 943 τὴν
1091 878 1513 946 χαλεπωτάτην.
1559 878 1762 947 Ἀπηλ-

186 965 358 1034 λαγης
389 967 672 1034 Αἰγύπτου
709 967 805 1018 καὶ
851 967 1272 1036 προσεκύνησας
1310 969 1520 1039 μόσχῳ,
1559 969 1760 1032 ἔθυσας

182 1063 311 1123 τοὺς
345 1063 493 1124 υίούς
527 1079 620 1113 σου
658 1061 752 1113 καὶ
800 1061 897 1124 τὰς
932 1061 1244 1128 θυγατέρας
1282 1079 1375 1113 σου
1410 1063 1449 1093 ³¹
1499 1065 1609 1126 τοϊς
1644 1064 1760 1116 ὅαι·

189 1153 415 1222 μονίοις,
446 1153 536 1204 τὸν
563 1155 688 1204 ναὸν
744 1153 1037 1223 ἐμόλυνας.
1092 1152 1194 1221 τὴν
1233 1153 1396 1220 φύσιν
1452 1156 1756 1223 ἠγνόησας,

183 1246 252 1296 τὰ
284 1245 410 1314 ὅρη,
432 1244 531 1308 τὰς
568 1245 768 1308 νάπας,
806 1246 933 1305 τοὺς
990 1244 1234 1313 βουνοὺς,
1262 1246 1360 1308 τὰς
1381 1246 1588 1316 πηγὰς,
1630 1249 1757 1310 τοὺς

184 1337 490 1402 ποταμοὺς,
522 1338 648 1398 τοὺς
681 1337 895 1405 κήπους
925 1334 1036 1388 τῶν
1060 1338 1321 1405 μυσαρῶν
1355 1337 1559 1391 θυσιῶν
1590 1338 1756 1408 ἐπλή-

186 1443 391 1494 ρωσας,
449 1430 736 1496 προφήτας
783 1425 1043 1495 ἔσφαξας,
1075 1429 1437 1498 θυσιαστήρια
1459 1429 1758 1496 κατέστρε-

182 1518 291 1583 ψας
326 1517 392 1579 ³⁸,
431 1520 536 1569 πᾶν
563 1513 704 1579 εἶδος
737 1518 939 1576 κακίας
973 1518 1210 1587 ἐπῆλθες
1243 1519 1336 1570 καὶ
1368 1520 1552 1571 πᾶσαν
1586 1519 1757 1588 ὑπερ-

185 1608 345 1677 δολὴν
374 1607 640 1672 ἐπεδείξω
668 1608 935 1678 πονηρίας
953 1610 1048 1660 καὶ
1077 1608 1334 1669 ἀσεϐείας
1354 1625 1368 1638 ⁸
1391 1608 1508 1660 ἀλλ’
1525 1609 1695 1678 ὅμως,
1716 1608 1757 1661 o'

181 1695 276 1763 ἔτη
323 1712 382 1746 σε
414 1698 692 1763 παραδοὺς
725 1697 884 1765 (τοῖς)
913 1696 1302 1758 Βαϐυλωνίοις,
1344 1697 1508 1750 πάλιν
1542 1699 1636 1750 ἐπὶ
1659 1698 1758 1768 τὴν

179 1786 459 1854 προτέραν
501 1789 852 1854 ἐπανήγαγεν
889 1786 1228 1856 ἐλευθερίαν,
1265 1788 1359 1840 καὶ
1386 1789 1484 1859 τὴν
1522 1790 1756 1859 πατρίδα

178 1880 277 1928 καὶ
313 1879 406 1928 τὸν
436 1878 560 1929 ναὸν
596 1879 733 1946 (82⁸)
758 1879 1030 1942 ἀπέδωκε,
1071 1879 1166 1932 καὶ
1207 1882 1268 1932 τὸ
1301 1881 1532 1935 παλαιὸν
1576 1883 1621 1913 ⁸³
1653 1885 1752 1952 τῆς

176 1969 520 2036 προφητείας
545 1969 814 2040 χάρισμα,
849 1973 942 2024 καὶ
972 1971 1134 2024 πάλιν
1163 1973 1442 2042 προφῆται
1469 1976 1561 2027 καὶ
1584 1975 1749 2026 Πνεύο

179 2076 354 2127 ματος
389 2061 544 2128 ἁγίου
583 2063 773 2130 χάρις·
819 2062 1018 2130 μᾶλλον
1073 2063 1128 2116 δὲ
1156 2064 1200 2094 ³⁵
1242 2066 1299 2116 ἐν
1325 2064 1402 2134 τῷ
1446 2065 1624 2134 καιρῷ
1657 2066 1757 2134 τῆς

175 2152 564 2219 αἰχμαλωσίας
609 2153 708 2204 οὐκ
746 2153 1194 2223 ἐγκατελείφθης,
1244 2155 1380 2208 ἀλλὰ
1427 2158 1522 2208 καὶ
1558 2156 1757 2226 Δανιὴλ

174 2244 296 2294 ἐκεῖ
326 2243 369 2273 ³³
391 2243 484 2294 καὶ
522 2243 806 2312 ἰεζεκιὴλ,
828 2245 919 2295 καὶ
954 2246 1011 2296 ἐν
1039 2246 1301 2312 Αἰγύπτῳ
1328 2245 1622 2315 Ἱερεμίας,
1662 2250 1756 2302 καὶ

179 2333 369 2400 μέντοι
396 2335 488 2384 καὶ
520 2335 624 2401 πρὸ
672 2334 875 2385 τούτων
910 2335 1156 2404 Μωῦσῆς
1204 2336 1297 2387 καὶ
1346 2337 1558 2408 Ἀαρὼν
1591 2341 1650 2391 ἐν
1685 2342 1749 2410 τῇ

173 2425 398 2493 ἐρήμῳ.
437 2425 542 2476 Καὶ
608 2423 726 2491 μετ’
765 2425 951 2476 ἐκεῖνα
983 2424 1143 2476 πάλιν
1191 2426 1283 2478 ἐπὶ
1317 2424 1415 2495 τὴν
1469 2428 1750 2497 προτέραν

173 2515 484 2584 ἐπανῆλθες
543 2516 741 2568 κακίαν
791 2515 952 2586 304
1018 2517 1109 2568 καὶ
1167 2516 1593 2586 ἐξεϐακχεύοης,
1657 2522 1750 2574 καὶ

173 2609 318 2675 πρὸς
362 2607 457 2677 τὴν
501 2608 816 2675 Ἑλληνικὴν
868 2609 1149 2675 μετεταξω
1195 2610 1472 2664 πολιτείαν
1511 2613 1604 2662 ἐπὶ
1656 2613 1750 2665 τοῦ

173 2695 414 2758 ἀσεϐοῦς
461 2697 767 2764 Ἀντιόχουο
818 2696 954 2747 ἁλλά
995 2713 1057 2762 γε
1093 2697 1138 2726 ³⁸
1183 2701 1306 2748 τότε
1354 2698 1751 2767 παραδοθέντες

187 2791 455 2858 Ἀντιόχῳ
513 2790 606 2854 ἔτη
648 2793 694 2854 γ’
731 2788 796 2852 ³⁷,
846 2787 917 2838 τὰ
966 2787 1198 2857 λαμπρὰ
1229 2789 1315 2841 διὰ
1353 2790 1464 2842 τῶν
1517 2792 1752 2844 Μακκα-

1868 590 2067 643 tionem
2097 591 2431 646 declinasses
2462 592 2775 662 pessimam.
2816 593 2888 648 De
2923 592 3156 662 JEgypto
3185 610 3440 663 egressus

1865 693 1989 736 ante
2012 683 2238 737 vitulum
2277 683 2634 752 procubuisti,
2663 685 2957 740 immolasti
2981 686 3118 740 ﬁlios
3153 695 3273 739 tuos
3305 697 3358 740 et
3378 687 3441 740 ii-

1865 776 1966 830 lias
1992 786 2112 833 tuas
2140 777 2456 844 fdaemoniis,
2479 779 2742 848 templum
2764 779 3024 846 polluisti,
3046 788 3298 833 naturain
3319 781 3437 832 vio-

1865 869 2012 935 lasti;
2053 879 2262 925 montes
2281 881 2332 925 et
2368 872 2558 935 saltus,
2589 872 2755 926 colles
2795 883 2849 925 et
2884 870 3080 936 l‘ontcs,
3112 872 3335 926 ﬂumina
3386 881 3440 926 et

1865 960 2055 1015 hortos
2109 961 2420 1029 ignominiis
2441 964 2836 1019 sacriﬁciorum
2862 963 3081 1033 replesti
3108 980 3121 1025 ;
3153 966 3438 1030 prophetas

1862 1053 2130 1115 occidisti,
2163 1053 2353 1107 altaria
2392 1057 2656 1120 evertisti,
2687 1071 2902 1110 omnem
2935 1056 3156 1109 malitia:
3201 1055 3435 1124 speciem

1861 1155 1916 1196 et
1962 1145 2142 1199 omnis
2172 1144 2456 1214 pravitatis
2490 1154 2545 1198 et
2584 1145 2879 1215 impietatis
2927 1161 3211 1200 excessum
3251 1156 3440 1196 osten-

1860 1237 2006 1293 disti.
2026 1236 2275 1292 Attamen
2293 1238 2637 1306 septuaginta
2654 1238 2813 1292 anuis
2828 1236 3135 1305 Babyloniis
3154 1236 3436 1298 traditum,

1862 1334 1914 1386 in
1949 1333 2229 1400 pristinam
2261 1334 2441 1384 denuo
2473 1332 2748 1385 revocavit
2774 1331 3101 1390 libertatem,
3126 1337 3180 1381 et
3207 1327 3434 1396 patriam

1863 1425 2229 1492 templumque
2259 1423 2510 1484 reddidit,
2530 1431 2582 1474 et
2603 1423 2884 1489 antiquum
2912 1419 3317 1489 pr0phetiaruin
3339 1418 3438 1470 do-

1861 1531 2014 1578 num,
2053 1523 2102 1567 et
2136 1514 2428 1582 pr0phctas
2465 1513 2662 1565 iterum
2699 1520 2751 1564 et
2784 1510 3022 1578 Spiritus
3076 1508 3249 1561 sancti
3307 1521 3432 1575 gra-

1864 1610 2013 1662 tiam.
2039 1607 2180 1672 Quin
2210 1607 2371 1660 etiarn
2407 1616 2458 1659 et
2486 1604 2539 1660 in
2564 1615 2805 1673 tempore
2832 1602 3164 1672 captivitatis
3196 1614 3301 1652 non
3336 1600 3428 1652 de-

1861 1701 2078 1753 relictus
2113 1713 2191 1760 es,
2223 1698 2315 1752 sed
2355 1712 2458 1750 una
2492 1707 2668 1748 tecum
2714 1696 2786 1748 ibi
2823 1692 3005 1747 Daniel
3051 1701 3104 1745 et
3155 1689 3432 1746 Ezechiel.

1861 1799 1912 1841 et
1937 1788 1988 1840 in
2018 1786 2250 1856 Egypto
2279 1783 2567 1849 Jerernias,
2596 1793 2651 1837 et
2683 1793 2837 1836 antea
2895 1782 3106 1850 Moyses
3156 1793 3208 1833 et
3251 1779 3430 1831 Aaron

1866 1882 1917 1931 in
1942 1880 2190 1941 deserto;
2228 1888 2279 1930 et
2310 1885 2498 1944 postea
2527 1876 2592 1928 ad
2621 1875 2901 1944 pristinam
2937 1888 3185 1926 reversus
3226 1887 3284 1925 es
3317 1885 3433 1923 ma-

1865 1972 2060 2032 litiam,
2090 1979 2142 2023 ct
2165 1969 2461 2023 bacchatus
2492 1983 2574 2030 es,
2605 1977 2658 2022 et
2681 1968 2745 2023 ad
2768 1979 3101 2036 paganorum
3133 1977 3312 2016 mores
3332 1962 3434 2015 sub

1861 2062 2127 2117 Antiocho
2145 2060 2311 2128 impio
2331 2074 2652 2125 conversus;
2679 2059 2850 2112 tribus
2864 2057 3021 2111 annis
3036 2053 3302 2109 Antiocho
3320 2068 3438 2108 ser-

1861 2156 2086 2218 vientes,
2115 2169 2211 2222 per
2234 2151 2601 2206 Macchame
2626 2152 2820 2204 iterum
2854 2151 3086 2219 inclytas
3117 2147 3434 2203 obtinuistis

1861 2247 2133 2302 victorias.
2173 2244 2280 2301 Sed
2313 2245 2420 2299 tale
2456 2258 2566 2297 non
2601 2242 2804 2296 factum
2842 2253 2924 2296 est
2972 2241 3132 2304 ultra,
3167 2241 3277 2292 imo
3303 2254 3437 2292 con-

1863 2339 2088 2392 trarium
2118 2351 2367 2408 prorsus,
2400 2346 2472 2401 et,
2510 2335 2655 2404 quod
2699 2343 2783 2388 est
2830 2333 3154 2395 mirabilius,
3203 2331 3439 2386 cessavit

1861 2430 2122 2500 iniquitas
2167 2438 2219 2484 et
2267 2429 2614 2482 increverunt
2661 2425 3056 2480 amaritudiues
3100 2439 3292 2493 preme,
3336 2438 3436 2475 nec

1861 2538 1988 2590 spes
2054 2520 2453 2574 immutationis
2498 2520 2608 2573 ulla
2656 2533 2670 2569 :
2726 2533 2833 2571 non
2893 2517 3035 2570 enim
3095 2515 3434 2583 septuaginta

1858 2615 2182 2668 emuxcrunt
2225 2615 2374 2675 anni,
2413 2614 2509 2667 sed
2546 2612 2715 2664 multo
2763 2611 2965 2679 plures,
3019 2625 3120 2663 nec
3154 2609 3280 2662 licet
3312 2623 3432 2660 uiu-

1863 2705 2012 2757 brain
2049 2703 2160 2771 spei
2208 2703 2448 2757 minima:
2499 2701 2762 2765 invenire,
2810 2708 2865 2754 et
2912 2710 3089 2752 tamen
3143 2699 3285 2752 idola
3325 2712 3434 2751 non

1863 2795 2064 2854 colitis.
2102 2805 2158 2848 ut
2189 2803 2334 2856 ante,
2369 2808 2468 2846 nec
2499 2792 2644 2846 aliud
2673 2789 2825 2845 nefas
2853 2790 3066 2844 audetis
3105 2799 3163 2843 ut
3195 2791 3362 2858 prius.

173 2881 351 2931 δαίων
376 2874 528 2936 αὖθις
563 2878 824 2945 ἐστήσατε
853 2876 1106 2946 τρόπαια.
1140 2881 1300 2932 Ἀλλὰ
1328 2882 1372 2912 ³⁸
1395 2882 1488 2933 καὶ
1545 2884 1786 2937 τοιοῦτον
1823 2886 1997 2950 οὐδὲν,
2039 2886 2175 2939 ἀλλὰ
2199 2885 2512 2939 τούναντίον
2549 2884 2696 2937 ἆπαν
2721 2885 2969 2950 γέγονεν,
3003 2882 3032 2935 δ
3067 2885 3161 2935 καὶ
3202 2882 3438 2951 μάλιστα

174 2976 295 3026 ἐστι
327 2974 630 3042 θαυμάσαι,
669 2976 752 3026 ὅτι
783 2974 851 3026 τὰ
885 2973 983 3042 μὲν
1018 2973 1114 3040 τῆς
1139 2971 1339 3033 κακίας
1367 2972 1543 3041 ἔληξε,
1593 2973 1663 3025 τὰ
1691 2975 1745 3025 δὲ
1784 2976 1881 3042 τῆς
1915 2978 2186 3045 τιμωρίας
2252 2979 2569 3035 ἐπιτέταται
2597 2984 2694 3037 καὶ
2761 2984 2884 3036 οὐδὲ
2936 2980 3129 3034 ἐλπίδα
3173 2974 3297 3029 τινὰ
3324 2990 3427 3043 με-

171 3066 413 3134 ταϐολῆς
441 3067 550 3136 ἔχει
577 3084 594 3101 ο
614 3068 675 3120 ού
704 3068 813 3136 γὰρ
858 3076 897 3120 o'
935 3068 1028 3136 ἔτη
1091 3068 1252 3135 μόνον
1283 3066 1530 3135 παρῆλθε
1560 3068 1626 3130 ³⁸,
1656 3069 1791 3121 ἀλλὰ
1831 3070 1925 3122 καὶ
1956 3070 2134 3140 πολλῷ
2195 3073 2416 3129 πλείονα
2437 3095 2450 3110 ·
2507 3080 2602 3131 καὶ
2647 3078 2768 3131 οὐδὲ
2816 3076 2975 3130 σκιὰν
3047 3071 3261 3132 ἐλπίδος
3289 3070 3438 3122 ἐστιν

176 3163 386 3231 εὑρεῖν,
420 3163 713 3215 καὶταῦτα
761 3162 882 3215 οὐδὲ
937 3161 1538 3231 εἰδωλολατρούντων¹⁸⁶
1590 3163 1744 3234 ὑμῶν
1783 3164 1900 3235 (νῦν
1962 3166 2037 3228 ὡς
2063 3167 2209 3237 τότε)
2241 3168 2362 3222 οὗτε
2399 3170 2440 3202 ⁸³
2477 3171 2604 3224 ἄλλο
2651 3189 2705 3222 τι
2767 3167 3089 3230 ποιούντων,
3143 3163 3286 3233 ἅπερ
3335 3161 3436 3230 Ep.-

177 3259 421 3327 προσθεν
457 3261 744 3326 ἐτολμᾶτε.
776 3277 794 3308 ›
3053 3320 3055 3322 η

250 3353 296 3389 δ’
325 3349 435 3415 ςῖἆ)
460 3349 576 3400 Ἵνα
601 3350 654 3399 δὲ
686 3348 1019 3416 σαφέστερον
1049 3348 1140 3399 καὶ
1169 3347 1602 3418 διεξοδικώτερον
1636 3347 1749 3420 [τὰ]
1778 3353 1822 3412 (ι

1778 3353 1822 3412 C
1927 3349 1996 3405 Ut
2033 3360 2214 3406 tamen
2244 3353 2444 3408 clarius
2475 3363 2528 3408 et
2563 3352 2865 3407 evidentius
2897 3351 2964 3404 de
2988 3350 3054 3405 iis
3074 3350 3433 3408 disseramus,

179 3441 311 3509 περὶ
354 3437 563 3489 τούτων
616 3436 885 3504 εἴπωμεν,
949 3435 1156 3488 ἄνωθεν
1210 3437 1373 3490 πάλιν
1430 3435 1750 3508 ἀρξώμεθα.

177 3529 225 3580 Τ
230 3531 344 3598 pst;
367 3523 461 3579 οὖν
489 3526 737 3587 δουλείας
766 3526 1081 3594 ὑπέστησαν
1127 3528 1174 3579 oi
1220 3527 1458 3580 Ἰουδαῖοι
1506 3528 1753 3597 χαλεπωο

177 3620 352 3680 τὰτας
387 3618 479 3669 καὶ
511 3617 769 3684 οὐδεμίαν
808 3618 978 3684 χωρὶς
1005 3619 1363 3686 προρρήσεως
1403 3619 1589 3682 αὐτοῖς
1619 3620 1754 3686 ἐπή-

177 3724 353 3775 γαγεν
381 3709 412 3775 ή
441 3706 560 3759 θεία
582 3706 728 3776 δίκη,
762 3705 894 3757 ἀλλὰ
946 3707 1313 3775 προλεχθῆναι
1341 3708 1753 3776 παρεσκεύασεν

179 3800 365 3858 αὐτοῖς
403 3799 496 3849 καλ⁵
527 3799 714 3857 τόπον,
735 3797 830 3848 καὶ
862 3797 1076 3864 χρόνον,
1103 3800 1196 3850 καὶ
1225 3799 1490 3864 κάκωσιν,
1531 3801 1626 3852 καὶ
1656 3801 1754 3869 τὴν

179 3890 461 3949 ἐπᾶνοδον,
500 3891 588 3941 καὶ
608 3889 774 3941 τᾶλλα
804 3889 980 3941 πάντα
1001 3888 1154 3958 -μετὰ
1180 3889 1382 3956 πολλῆς
1418 3890 1561 3957 (τῆς)
1588 3894 1751 3960 ἀκρι-

179 3979 357 4039 ϐείας.
388 3979 494 4030 Καὶ
524 3981 649 4048 περὶ
687 3978 786 4047 μὲν
809 3978 904 4046 τῆς
945 3980 1000 4029 ἐν
1031 3978 1295 4045 Αἰγύπτῳ
1343 3979 1392 4031 α’
1429 3981 1751 4049 διαλεγόμε-

179 4088 269 4130 νος
302 4071 330 4121 ὁ
358 4070 487 4129 Θεὸς
514 4068 684 4132 οὕτως
720 4069 819 4137 ἔφη
862 4069 997 4137 πρὶς
1046 4069 1137 4119 τὸν
1182 4069 1430 4138 Ἀϐραάμ
1454 4070 1497 4100 ⁸³
1542 4087 1554 4101 ⁸
1597 4089 1616 4122 ‹
1662 4073 1752 4124 Γι-

177 4161 407 4214 νώσκων
463 4161 652 4229 γνῶθι,
709 4162 791 4212 ὅτι
822 4160 1084 4228 πάροικον
1119 4161 1273 4212 ἔσται
1298 4162 1358 4211 τὸ
1392 4164 1615 4232 σπέρμα
1657 4181 1750 4216 σου

181 4258 241 4307 ἐν
269 4257 338 4323 γῇ
377 4254 653 4323 ἀλλοτρία,
689 4255 781 4304 καὶ
801 4252 1164 4304 δουλώσουσιν
1197 4254 1393 4314 αὐτοὺς
1422 4254 1465 4283 ⁸⁸
1523 4256 1618 4308 καὶ
1651 4274 1753 4307 κα-

179 4343 455 4398 κώσουσιν
488 4342 585 4412 ἐτη
620 4349 664 4395 υ⁹
721 4343 823 4410 (τὸ
855 4342 912 4394 δὲ
962 4341 1139 4404 ἐθνος,
1177 4335 1219 4407 ᾧ
1271 4343 1363 4393 ἐαν
1396 4342 1748 4408 δουλεύσωσι,

180 4437 354 4505 κρινῶ
414 4434 523 4500 ἐγὼ
563 4453 579 4484 ι
635 4429 789 4486 εἶπεν
845 4434 872 4484 ὁ
946 4432 1138 4498 Θεός)”
1197 4434 1435 4503 τετάρτῃ
1482 4435 1538 4487 δὲ
1586 4437 1749 4504 γενεᾷ

185 4546 204 4579 ι
243 4525 553 4579 ἐλεύσονται
577 4519 675 4578 ὧδε
707 4526 868 4594 (μετὰ
903 4524 1213 4592 ἀποσκευῆς
1236 4527 1481 4596 πολλῆς).
1524 4545 1542 4576 ι
1568 4527 1610 4557 ⁸⁵
1632 4528 1741 4596 (25)

181 4617 318 4684 Περὶ
375 4615 432 4668 δὲ
464 4615 560 4682 τῆς
591 4614 635 4683 β’
683 4611 836 4666 εἶπεν
901 4613 1171 4684 Ἱερεμίας
1201 4617 1246 4646 ⁸⁸
1278 4633 1291 4646 ·
1318 4636 1334 4666 ι
1394 4615 1582 4677 Οὕτως
1618 4614 1742 4670 εἷπε

180 4706 422 4776 Κύριος·
451 4707 619 4758 Ὅταν
662 4705 830 4775 μέλλῃ
867 4705 1210 4775 πληροῦσθαι
1265 4710 1330 4776 τῇ
1373 4707 1657 4761 Βαϐυλῶνι
1701 4708 1742 4762 o'

177 4801 299 4865 ἐτη,
332 4796 700 4864 ἐπισκέψομαι
723 4798 868 4866 ὑμᾶς
897 4799 988 4850 καὶ
1011 4799 1290 4866 ἐπιστήσω
1322 4801 1404 4867 ἐφ’
1442 4800 1585 4868 ὑμᾶς
1616 4802 1740 4864 τοὺς

178 4888 421 4955 ἀγαθοὺς
459 4887 651 4949 λόγους
694 4905 795 4954 μου
826 4886 916 4940 τοῦ
946 4889 1283 4956 ἀποστρέψαι
1336 4892 1414 4952 εἰς
1444 4890 1535 4942 τὸν
1569 4893 1734 4943 τόπον

179 4980 388 5033 τοῦτον.
425 4997 443 5030 ›
472 5009 537 5017 -
571 4979 612 5010 ⁸⁷
653 4996 671 5029 ι
714 4978 824 5030 Καὶ
871 4979 1183 5048 ἐπιστρέψω
1213 4980 1314 5048 τὴν
1366 4983 1746 5050 αἰχμαλωσίαν

1859 3441 2020 3494 altius
2049 3441 2205 3496 nobis
2233 3444 2606 3512 repetendum.
2648 3444 2783 3497 Tres
2825 3441 3117 3496 servitutes
3150 3440 3436 3493 subierunt

1857 3533 2026 3587 Judmi
2060 3535 2343 3601 pessimas,
2375 3551 2608 3603 quorum
2642 3535 2844 3589 nullam
2873 3534 3098 3588 immisit
3119 3533 3195 3585 ira
3225 3532 3432 3594 divina.

1858 3627 1987 3694 quin
2033 3626 2230 3694 praevia
2257 3626 2420 3680 fuerit
2448 3628 2698 3690 monitio,
2717 3628 2846 3696 quin
2871 3637 2923 3682 et
2952 3623 3428 3696 pramuntiandum

1866 3719 2143 3772 curaverit
2212 3719 2416 3783 locum,
2476 3729 2530 3773 ct
2580 3729 2817 3788 tempus,
2870 3728 2921 3772 et
2969 3717 3338 3776 acerbitatem,
3381 3725 3436 3766 et

1858 3810 2246 3874 reversionem,
2279 3819 2332 3864 et
2347 3812 2528 3865 omnia
2544 3811 2809 3880 ejusmodi
2833 3811 3140 3877 diligenter.
3163 3807 3238 3860 De
3257 3806 3432 3875 prima

1860 3897 1913 3950 in
1963 3897 2220 3968 Egypto,
2271 3915 2393 3954 cum
2438 3901 2714 3954 Abraham
2759 3900 3102 3968 colloquens,
3150 3897 3230 3950 sic
3291 3893 3433 3948 dixit

1863 3989 2002 4044 Deus
2030 4008 2044 4045 :
2083 4009 2100 4040 ι
2132 3990 2323 4045 Sciens
2354 3993 2493 4046 scito
2530 3996 2671 4061 quod
2717 3991 3060 4061 peregrinum
3093 3988 3200 4043 erit
3241 4000 3428 4039 semen

1857 4091 2008 4135 tuum
2044 4082 2094 4134 in
2128 4089 2270 4136 terra
2301 4083 2499 4148 aliena,
2536 4093 2588 4139 et
2617 4085 2908 4152 subjicieut
2949 4098 3066 4143 eos.
3095 4091 3150 4135 et
3188 4080 3432 4149 amigent

1857 4175 2271 4245 quadringentis
2302 4177 2461 4230 annis
2491 4193 2504 4228 :
2541 4188 2918 4230 verumtamen
2955 4184 3169 4246 gentem
3194 4174 3278 4228 cui
3314 4188 3431 4227 ser-

1855 4268 2052 4320 vierint
2073 4309 2086 4332 ,
2115 4284 2215 4337 ego
2241 4269 2519 4337 judiciibo,
2556 4269 2687 4322 dicit
2713 4267 2994 4322 Dominus.
3032 4263 3234 4330 Quarta
3267 4277 3430 4330 gene-

1857 4357 2065 4412 ratione
2101 4359 2207 4412 hue
2248 4360 2466 4412 venient
2511 4374 2635 4414 cum
2679 4360 2844 4412 inulta
2893 4356 3221 4411 substantia.
3267 4373 3283 4405 ι
3357 4354 3431 4407 De

1856 4446 2095 4500 secunda
2126 4447 2205 4500 sic
2232 4446 2497 4502 Jeremias
2528 4466 2544 4502 :
2584 4467 2601 4499 ι
2639 4448 2764 4503 Haec
2792 4448 3207 4502 dicitDominus
3234 4462 3247 4498 :
3281 4445 3417 4498 tium

1855 4538 2119 4605 cmperint
2162 4538 2376 4606 impleri
2407 4539 2460 4592 in
2495 4539 2764 4610 Babylone
2803 4537 3144 4608 septuaginta
3175 4536 3323 4598 anni,
3353 4536 3430 4588 vi-

1855 4626 2031 4678 sitabo
2069 4641 2166 4680 vos
2194 4634 2248 4680 et
2287 4628 2563 4682 suscitabo
2595 4643 2760 4698 super
2789 4641 2884 4682 vos
2911 4625 3071 4680 verba
3115 4639 3229 4678 mea
3262 4624 3427 4684 bona.

1853 4724 1912 4768 ut
1950 4715 2207 4771 reducam
2243 4734 2337 4773 vos
2358 4719 2600 4775 inlocum
2630 4721 2811 4774 istum.
2843 4738 2862 4772 ›
2895 4738 2912 4771 ι
2940 4720 3005 4772 Et
3031 4716 3284 4771 reducam
3303 4730 3435 4781 cap-

1852 4811 2115 4864 tivitatem
2148 4822 2407 4874 vestram,
2444 4820 2499 4866 et
2523 4811 2865 4881 congregabo
2893 4825 2991 4864 vos
3036 4809 3102 4862 de
3154 4805 3425 4862 universis

1846 4903 2117 4970 gentibus.
2151 4911 2203 4955 ct
2232 4903 2298 4956 de
2330 4904 2542 4958 cunctis
2593 4903 2747 4968 locis,
2804 4905 2855 4956 in
2894 4917 3016 4970 qua:
3060 4899 3241 4969 expuli
3305 4910 3425 4955 vos.

1846 4989 1982 5043 dicit
2013 4991 2275 5044 Dominus
2311 5006 2325 5042 :
2364 5001 2418 5046 et
2455 4991 2707 5046 reducam
2748 5007 2844 5045 vos
2893 4992 2945 5044 in
2999 4993 3173 5043 locum
3229 5002 3260 5040 a
3312 4999 3422 5054 quo

181 5070 371 5139 ὑμῶν·
420 5068 561 5142 [καὶ]
615 5068 856 5138 ἀθροίσω
885 5070 1027 5132 ὑμᾶς
1062 5070 1124 5120 ἐκ
1181 5069 1290 5123 τῶν
1319 5071 1487 5123 ἐθνῶν
1528 5073 1748 5128 πάντων
1846 5096 1857 5123 ι

903 5070 1027 5132 ιμᾶς
1062 5070 1124 5120 ἐκ
1181 5069 1290 5123 τῶν
1319 5071 1487 5123 ἐθνῶν
1528 5073 1748 5128 πάντων
1846 5095 1943 5135 vos
1976 5083 2360 5150 transmigrare
2395 5083 2518 5138 feci.
2560 5102 2579 5136 ›

180 5163 272 5214 καὶ
323 5163 390 5213 ἐκ
438 5160 548 5212 τῶν
587 5159 768 5211 τόπων
811 5157 1028 5212 πάντων
1063 5159 1108 5190 ⁸⁸
1161 5153 1235 5212 ὧν
1272 5159 1558 5232 διέσπειρα
1598 5167 1740 5234 ὑμεῖς
1779 5169 1916 5237 ἐκεῖ,
1950 5175 2087 5244 φησὶ
2145 5175 2348 5246 Κύριος
2374 5193 2388 5207 ο
2417 5176 2512 5230 καὶ
2570 5175 2888 5246 ἐπιστρέψω
2921 5176 3066 5244 ὑμᾶς
3106 5175 3185 5234 είς
3211 5171 3301 5224 τὸν
3325 5167 3422 5220 τύ-

180 5276 281 5311 πον
309 5258 435 5311 ὅθεν
476 5255 731 5326 ἀπῴκισα
759 5257 900 5324 ὑμᾶς
932 5257 1162 5309 ἐκεῖθεν.
1208 5276 1224 5307 i

1367 5376 1561 5437 Variae
1595 5377 1904 5441 lectiones
1958 5391 2019 5443 et
2082 5390 2272 5445 natm.

247 5490 292 5521 ³⁸
333 5490 462 5542 σεδ.
502 5490 548 5542 ἐ.
588 5490 767 5553 ὁΘεός
802 5490 929 5546 Ced.

181 5559 236 5645 εξ
261 5559 557 5645 esse
591 5577 644 5645 κε
674 5561 772 5645 τῆς
795 5563 854 5645 ριο
881 5561 1000 5645 ax-
1023 5561 1165 5645 ,εοςά-
1319 5568 1366 5645 ξε
1392 5559 1615 5645 arca.

1075 5493 1116 5524 ³¹
1144 5493 1220 5562 τῷ
1245 5495 1569 5566 Βεελφεγὼρ
1600 5499 1692 5550 καί
1729 5500 1859 5554 (ἰθύ.
1967 5505 1985 5534 ³

1079 5562 1165 5615 od.
1243 5565 1287 5595 ³⁵
1319 5568 1364 5618 ὲ.
1403 5571 1458 5618 Δ.
1485 5565 1615 5621 Ccd.
1693 5570 1736 5600 ³⁸
1763 5570 1854 5621 καί
1889 5571 1996 5628 Ced

1763 5587 1853 5621 και
1889 5587 2022 5628 bed.

2720 5503 2768 5536 ³³
2800 5503 2969 5558 πάλαι
2996 5502 3129 5561 Ced.

2720 5506 2768 5536 "
2800 5506 2969 5558 πάλαι
2996 5506 3129 5561 Ced.
3277 5506 3320 5537 "’
3349 5523 3416 5576 μ.

2587 5575 2632 5609 ³⁸
2675 5572 2815 5629 ἀλλὰ
2849 5573 2945 5628 νῦν
2971 5573 3108 5629 Ced.
3186 5573 3232 5606 "
3266 5593 3322 5626 π.
3360 5594 3415 5629 ιι.

1967 5505 2010 5534 ³⁸
2049 5505 2398 5575 κατέσκαψας
2443 5507 2570 5561 Ced.
2720 5505 2768 5536 "
2800 5505 2969 5558 πάλαι
2996 5505 3129 5561 Ced.

1968 5575 1996 5606 ,ι
2098 5575 2140 5606 ιν
2171 5574 2261 5606 ιι--
2297 5574 2342 5606 ..ο
2384 5576 2479 5606 -..Α
2587 5575 2632 5606 ιο
2677 5572 2812 5606 nu.
2971 5573 3081 5606 rut
3186 5573 3206 5606 ι

3209 5575 3245 5644 ⁸,
3266 5593 3322 5626 π.
3354 5575 3394 5644 μ

2098 5575 2140 5606 ³⁷
2171 5574 2262 5644 ἐτη
2297 5574 2342 5628 υ’
2384 5576 2502 5630 cod.

179 5626 339 5712 ﬁed.”
385 5627 430 5712 ξο
460 5611 1250 5712 εκξεξιᾲχίξιξιξ-έῖέὺξέῖοιι.
1320 5611 1366 5665 ῖί
1403 5611 1855 5712 (geniumne?

1743 5611 2022 5703 ﬁeri“
2058 5645 2104 5678 ιι
2152 5611 2564 5712 ’λ’ἐξέἀεῖἱῗοὲά.
2596 5611 3252 5712 οῶῗέἶπῒὲῗῒὶιτά
3275 5611 3419 5696 est:

181 5698 226 5728 ⁵⁸
298 5698 430 5753 ανῆ.
493 5697 904 5757 400,19ο401.7.
977 5701 1020 5732 ⁸⁸
1048 5699 1156 5754 Jer.
1210 5719 1358 5758 utr.
1429 5707 1510 5758 10.

181 5766 336 5837 ὑμῶν
376 5785 426 5820 π.
451 5768 572 5822 cod.
609 5769 715 5820 τῶν
750 5787 797 5821 τ.
827 5771 877 5822 ὑ.
913 5789 964 5824 τι,
990 5770 1117 5825 Ccd.
1154 5800 1216 5814 -—
1249 5770 1307 5828 οὗ
1339 5776 1467 5831 (Sed.
1513 5777 1661 5831 wc‘x.

1592 5708 1697 5758 $7:

1706 5748 1715 5759 .
1792 5697 1938 5780 ὒμὼν
1976 5714 2104 5768 (ch.
2140 5746 2206 5755 ~—
2235 5697 2562 5778 derisit—xv,
2585 5697 2689 5779 lii;
2737 5715 2790 5768 in
2821 5697 2958 5768 LXX
2996 5714 3164 5769 «locst.
3239 5710 3284 5742 "
3316 5714 3425 5765 τῶν
