4244 6444
784 371 891 435 ΠΩ

1988 365 2239 427 GEORG
2254 365 2309 424 ll
2351 360 2453 420 1H
2464 362 2515 421 Μ
2527 367 2563 420 ,ι
2575 362 2805 421 [{TOLI

3938 364 4051 429 480

859 490 1035 544 llasce
1092 488 1230 543 duas
1282 486 1571 543 servitule's
1619 502 1798 542 sermo
1845 487 2079 541 breviter
2133 485 2401 539 demon-l

2534 479 2579 512 δ’
2613 480 2726 551 (26)
2759 480 2864 533 Δύο
2898 480 2997 551 μὲν
3051 483 3311 549 τοιαύτας
3346 483 3596 547 δουλείας
3651 485 3681 536 6
3728 484 3885 553 λόγος
3920 484 4054 537 aut.

788 581 981 633 stravit
1017 578 1268 633 evenisse
1297 579 1404 631 illis
1454 586 1576 646 post
1610 577 1944 648 prophetias,
1993 590 2097 628 nec
2153 573 2363 641 simpli-

787 673 926 727 citer
960 683 1017 726 et
1044 688 1108 725 cx
1140 671 1457 739 imprmiso.
1495 669 1681 726 Restat
1732 682 1790 723 ut
1812 671 1880 724 de
1897 670 2053 723 tertia
2084 666 2362 730 dicamus;

787 765 985 817 deinde
1020 775 1069 819 et
1113 765 1179 819 de
1211 774 1405 830 quarta
1437 780 1558 833 qua:
1593 764 1714 819 illos
1750 779 1897 818 nunc
1931 769 2081 816 tenet
2130 760 2368 814 dissera-

791 873 915 911 mus
939 868 1230 927 aperteque
1252 857 1607 910 ostendamus
1630 856 1832 909 nullum
1860 854 2181 925 prophetam
2205 852 2365 904 ﬁnem

793 948 1059 1000 malorum
1094 964 1215 1017 quae
1245 956 1675 1017 supervenerunt
1709 948 1816 1002 illis
1862 946 2244 1009 attnuutiasse,
2277 950 2370 995 aut

789 1042 1082 1109 cujuslibet
1112 1041 1253 1094 modi
1286 1041 1687 1095 liberationem.

866 1226 997 1290 Qum
1026 1234 1111 1280 est
1142 1240 1272 1295 ergo
1290 1226 1445 1280 tertia
1463 1226 1485 1278 ?
1505 1225 1636 1291 Quae
1672 1225 1776 1278 sub
1790 1224 2061 1278 Antiocho
2080 1224 2361 1294 Epiphane

792 1318 1013 1372 accidit.
1066 1317 1200 1372 Cum
1252 1319 1397 1371 enim
1447 1316 1777 1379 Alexander,
1824 1333 1920 1370 rex
1988 1316 2369 1382 Macedonum,

799 1424 965 1475 regno
1006 1408 1288 1461 evertisset
1318 1406 1539 1461 Darium
1581 1407 1874 1462 Persarum
1918 1423 2124 1478 regem,
2160 1420 2213 1462 et
2265 1410 2371 1463 sibi

795 1500 1074 1554 ascivisset
1130 1501 1445 1569 imperium,
1475 1510 1528 1554 et
1578 1510 1826 1555 mortuus
1894 1510 2087 1565 esset,
2140 1514 2376 1571 quatuor

798 1591 926 1644 facti
960 1599 1085 1645 sunt
1131 1607 1305 1661 reges,
1344 1608 1579 1661 quorum
1609 1608 1674 1647 ex
1718 1607 1829 1646 uno
1859 1603 2015 1648 ortus
2070 1594 2376 1650 Antiochus

798 1681 959 1748 longo
1009 1689 1133 1745 post
1171 1688 1416 1748 tempore
1462 1680 1727 1748 templum
1782 1679 2106 1743 combussit,
2173 1680 2371 1731 Sancta

2467 574 2643 639 δειξεν
2677 574 2957 644 συντόμως
2987 574 3034 605 ⁸⁸
3066 580 3203 644 μετᾶ
3230 576 3568 647 προφητείας
3596 576 3930 640 ἐπελθούσας
3947 577 4054 630 αὐ-

2468 666 2602 727 τθτςν
2658 666 2750 716 ἀἱ
2789 664 2888 733 οὐχ
2931 665 3118 725 ἀπλῶς
3168 668 3289 721 οὐδὲ
3344 668 3805 737 ἀπροσδοκήτως·
3856 669 4056 741 304⁸

2470 757 2716 811 λείπεται
2746 754 2840 811 οὖν
2868 759 2909 789 ⁸⁷
2935 758 3035 829 τὴν
3059 757 3106 827 γ’
3143 762 3449 829 ἐπαγαγεῖν
3471 778 3487 793 ο
3521 755 3644 815 εἶτα
3674 760 3770 813 καὶ
3797 761 4057 829 περὶτῆς

2471 849 2566 902 νῦν
2591 852 2857 921 τετάρτης
2894 853 3235 921 κατεχούσης
3263 855 3461 918 αὐτοὺς
3483 856 3655 908 εἰπεῖν
3673 857 3740 918 ⁵⁸,
3766 856 3863 908 καὶ
3880 854 4056 919 δεῖξαι

2473 940 2681 1005 σαφῶς.
2708 942 2857 1004 ὅπως
2895 943 3019 996 οὐδὲ
3047 938 3129 1005 εἷς
3161 946 3452 1015 προφήτης
3487 946 3861 1017 ἐπηγγείλατο
3893 946 4056 998 λύσιν

2472 1030 2697 1085 ἔσεσθαι
2740 1035 2784 1067 ⁸³
2816 1034 2925 1086 τῶν
2960 1036 3301 1105 κατεχόντων
3333 1038 3529 1102 αὐτοὺς
3577 1039 3763 1093 κακῶν
3793 1038 3917 1094 οὔτε
3947 1039 4060 1111 μὴν

2473 1122 2801 1191 ἀπαλλαγὴν
2831 1124 2893 1175 τὸ
2932 1124 3180 1178 σύνολον.

2546 1214 2590 1246 ³⁸
2624 1215 2735 1281 (27)
2767 1215 2865 1277 Τίς
2900 1212 2994 1269 οὖν
3028 1219 3178 1271 ἐστιν
3209 1220 3241 1289 ἡ
3276 1219 3474 1289 τρίτης
3512 1220 3579 1274 Ἦ
3640 1223 3736 1276 ἐπὶ
3774 1223 4060 1294 Ἀντιόχου

2472 1308 2567 1358 τοῦ
2607 1304 2964 1374 Ἐπιφανοῦς.
3010 1308 3233 1379 Ἐπειδὴ
3268 1310 3378 1381 γὰρ
3423 1311 3796 1382 Ἀλέξανδρος,
3820 1315 3913 1367 ό⁸⁸
3936 1316 4064 1369 Mcl-

2476 1398 2706 1450 κεδόνων
2760 1398 3040 1468 βασιλεὺς,
3105 1401 3472 1468 Δαρεῖον,τδν
3530 1402 3759 1473 βασιλέα
3806 1405 4062 1476 Περσῶν,

2475 1494 2745 1559 καθελὼν,
2774 1497 2854 1560 είς
2908 1497 3105 1549 ἑαυτὸν
3139 1500 3470 1568 περιέστησε
3501 1500 3601 1571 τὴν
3642 1501 3840 1572 ἀρχὴν,
3870 1502 4065 1555 τελευ-

2474 1590 2741 1657 τήσαντος
2762 1589 2954 1641 τούτου
2980 1589 3050 1652 ⁵⁸,
3079 1589 3122 1642 δ’
3151 1590 3269 1658 μετ’
3293 1590 3500 1643 ἐκεῖνον
3519 1593 3769 1659 ἐγένοντο
3791 1594 4063 1664 βασιλεῖς,

2477 1674 2597 1731 εἶτα
2627 1682 2685 1746 ἐξ
2744 1681 2861 1744 ἑνὸς
2894 1681 3009 1734 τῶν
3066 1680 3108 1735 δ’
3138 1682 3344 1735 τούτων
3380 1684 3676 1752 γενόμενος
3714 1687 3743 1738 6
3788 1687 4067 1756 Ἀντίοχος

800 1780 1117 1823 sanctorum
1169 1771 1445 1839 spoliavit,
1474 1770 1803 1824 sacriﬁcium
1840 1770 2089 1833 abstulit,
2144 1770 2376 1838 subjecit

2487 1772 2622 1841 μετά
2654 1773 2824 1826 πολὺν
2862 1775 3096 1845 ὕστερον
3151 1776 3344 1845 χρόνον
3377 1776 3439 1829 τό
3476 1794 3535 1829 τε
3580 1776 3726 1847 ἱερὸν
3760 1778 4065 1848 ἐνέπρησε,

796 1861 1033 1926 Judteos,
1060 1878 1362 1932 eorumque
1390 1863 1600 1917 civilem
1632 1872 1831 1916 statum
1855 1864 2079 1917 omnino
2103 1863 2371 1917 dissolvit.

801 1955 929 2010 Haec
980 1949 1165 2009 omnia
1194 1967 1248 2011 et
1276 1957 1632 2021 adatnussim,
1677 1965 1730 2011 et
1773 1958 1839 2009 ad
1874 1956 2018 2010 diem
2072 1970 2102 2008 a
2157 1955 2377 2011 Daniele

802 2055 1159 2122 praenuntiata
1196 2063 1344 2115 sunt,
1379 2064 1432 2106 et
1456 2054 1674 2122 quando
1702 2054 1883 2107 futura
1917 2063 2125 2117 essent,
2157 2063 2211 2107 et
2243 2068 2381 2123 quo-

800 2144 986 2206 modo,
1037 2153 1091 2198 et
1122 2144 1245 2206 ubi,
1292 2154 1347 2198 et
1381 2145 1506 2214 quis
1528 2144 1823 2209 terminus,
1852 2151 1903 2197 et
1928 2157 2050 2213 quae
2070 2143 2379 2197 immutatio

804 2237 1047 2292 tandem.
1087 2237 1284 2292 Scietis
1314 2238 1520 2293 clarius
1561 2237 1843 2292 audientes
1867 2252 2029 2305 quam
2059 2237 2217 2291 nobis
2249 2250 2380 2306 pro-

806 2332 965 2398 pheta
1011 2346 1107 2400 per
1150 2332 1462 2400 parabolam
1503 2331 1781 2384 tradiderit
1817 2332 2106 2394 visionem,
2142 2331 2377 2386 Ariotem

815 2422 1314 2490 vocansPersarum
1345 2436 1520 2490 regem
1554 2419 1796 2484 Darium,
1820 2418 2042 2475 Hircum
2069 2435 2199 2473 vero
2227 2419 2377 2474 Grae-

802 2529 992 2568 corum
1019 2529 1198 2583 regem
1231 2514 1596 2567 Alexandrum
1637 2511 1981 2566 Macedonem
2009 2529 2024 2577 ;
2048 2521 2185 2580 .post
2214 2527 2377 2581 quem

804 2604 898 2671 qui
932 2613 1290 2657 surrexerunt
1312 2613 1547 2672 quatuor
1575 2618 1781 2656 cornua
1808 2602 2156 2667 nominat,“
2178 2602 2381 2671 quibus

805 2710 977 2749 cornu
1010 2704 1192 2765 postea
1222 2695 1337 2764 ipse
1371 2694 1473 2749 fuit
1499 2695 1818 2750 Antiochus.
1853 2695 1994 2750 Dicit
2016 2697 2159 2749 enim
2183 2713 2199 2749 :
2222 2715 2240 2747 ι
2261 2694 2381 2749 Vidi

808 2786 861 2839 in
897 2787 1125 2852 visione,
1148 2796 1207 2841 et
1240 2803 1365 2842 ecce
1406 2788 1550 2841 aries
1578 2803 1718 2841 unus
1758 2797 1931 2850 stans,
1974 2796 2029 2841 et
2064 2787 2139 2840 illi
2173 2801 2381 2841 cornua

808 2879 1047 2943 excelsa,
1105 2888 1159 2933 et
1201 2895 1369 2933 unum
1416 2880 1689 2934 excelsius
1746 2881 1954 2945 altero;
2010 2887 2065 2934 et
2111 2878 2384 2935 excelsius

806 2970 1051 3024 ascendit
1080 2986 1241 3038 super
1302 2971 1532 3036 ultima;
1572 2980 1625 3025 et
1667 2972 1775 3025 vidi
1830 2972 2059 3025 arietem
2125 2972 2401 3026 cornibus

808 3062 1161 3115 \entilantetn
1190 3072 1380 3117 contra
1417 3078 1590 3125 mare,
1622 3072 1676 3116 et
1702 3064 2015 3131 aquilonem
2058 3071 2113 3116 et
2172 3073 2385 3126 notum,

2486 1866 2554 1917 τά
2576 1882 2635 1918 τε
2670 1865 2839 1936 ’Ἀγια
2878 1866 2990 1919 τῶν
3052 1869 3225 1935 ἀγίων
3276 1871 3578 1940 ἠρήμωσε,
3616 1872 3712 1932 τάς
3759 1889 3820 1926 τε
3868 1871 4069 1935 θυσίας

2487 1960 2726 2022 καθεῖλε,
2751 1960 2880 2023 τούς
2913 1978 2973 2013 τε
3013 1961 3306 2025 Ἰουδαίους
3348 1963 3590 2028 ὑπέταξε
3638 1968 3735 2019 καὶ
3774 1968 3874 2038 τὴν
3906 1967 4068 2021 πολι-

2485 2052 2637 2106 τείαν
2686 2052 2870 2106 αὐτῶν
2919 2052 3193 2107 κατέλυσε
3247 2056 3452 2110 πᾶσαν.
3490 2058 3600 2111 Καὶ
3665 2057 3843 2113 ταῦτα
3883 2060 4070 2116 πάντα

2490 2146 2630 2215 μετᾶ
2657 2146 2943 2216 ἀκριϐείας
2976 2146 3196 2216 ἀπάσης
3222 2148 3504 2218 καὶμέχρι
3535 2151 3664 2220 μιᾶς
3693 2151 3914 2221 ἡμέρας
3930 2168 4073 2223 προσ

2488 2237 2787 2307 ηγορεὺετο
2813 2239 2966 2310 παρᾶ
2982 2238 3077 2293 τοῦ
3099 2239 3313 2309 Δανιὴλ,
3328 2241 3425 2293 καλ⁸
3450 2242 3578 2294 πότε
3599 2241 3776 2308 ἔσται,
3802 2245 3896 2297 καὶ
3919 2244 4069 2309 πῶς,

2486 2328 2580 2382 καὶ
2604 2330 2755 2398 παρᾶ
2775 2330 2905 2391 τίνι,
2938 2332 3032 2383 καὶ
3053 2330 3160 2384 τίνι
3192 2332 3404 2402 τρόπῳ,
3447 2333 3543 2385 καὶ
3573 2332 3678 2386 ποῦ
3722 2333 4070 2405 τελευτήσει,

2489 2424 2582 2478 καὶ
2610 2424 2733 2477 τίνα
2783 2424 3017 2494 λήψεται
3066 2423 3396 2497 μεταϐολήν.
3466 2425 3690 2479 Εἷσεσθε
3718 2427 3762 2457 ⁸⁷
3795 2427 4073 2496 σαφέστε-

2492 2534 2586 2587 ρον
2621 2516 2768 2587 (821³)
2792 2517 3129 2578 ἀκούσαντες
3160 2518 3331 2588 αὐτῆς
3362 2520 3409 2550 ⁵⁸
3439 2519 3538 2588 τῆς
3580 2520 3845 2589 ὁράσεως,
3883 2522 3952 2591 ἣν
3981 2521 4075 2575 διὰ

2490 2610 2812 2681 παραϐολῆς
2833 2612 2968 2682 ἡμῖν
3000 2612 3047 2645 ⁸⁸
3064 2613 3093 2664 6
3118 2613 3411 2680 προφήτης
3434 2611 3749 2680 ἀνήγγειλε,
3781 2613 3937 2683 κριδν
3968 2615 4076 2684 μὲν

2493 2702 2676 2757 καλῶν
2710 2704 2756 2736 ⁸⁸
2781 2702 2875 2755 τὸν
2907 2703 3016 2755 τῶν
3050 2702 3277 2773 Περσῶν
3303 2703 3533 2773 βασιλέα
3579 2706 3830 2768 Δαρεῖον,
3864 2706 4076 2776 τράγον

2493 2812 2551 2847 τε
2582 2794 2719 2867 [τὸν]
2752 2795 2864 2849 τῶν
2905 2795 3178 2865 Ἐλλήνων
3213 2795 3259 2827 ⁸⁸
3299 2796 3655 2866 Ἀλέξανδρον
3684 2798 3913 2868 βασιλέα
3934 2840 3949 2863 ,
3979 2800 4076 2853 τὸν

2495 2887 2784 2941 Μακεδόνα
2809 2904 2824 2919 ο
2849 2889 3095 2956 τέσσαρα
3147 2888 3205 2941 δὲ
3235 2889 3280 2920 ⁸⁸
3306 2888 3516 2957 κέρατα
3570 2888 3719 2957 λέγει
3777 2891 3908 2951 τοὺς
3951 2892 4076 2960 μετ’

2498 2982 2706 3033 ἐκεῖνον
2744 2978 3107 3045 ἀναστάντας,
3143 2979 3238 3046 ἀφ’
3265 2972 3340 3031 ὧν
3364 2978 3590 3047 ὕστερον
3633 2979 3803 3049 κέρας
3836 2980 4003 3044 αὐτὸς
4029 2983 4077 3013 ⁸⁸

2500 3069 2635 3137 ἔφυε
2670 3069 2805 3139 φησὶ⁵
2859 3070 2967 3135 γάρ
3021 3068 3102 3100 ⁸⁸·
3143 3087 3161 3119 ι
3206 3064 3361 3122 Εἶδον
3415 3069 3474 3121 ὲν
3534 3068 3802 3138 ὁράματι,
3833 3070 3929 3123 καὶ
3963 3070 4076 3124 ἰδοὺ

806 3163 860 3206 et
892 3168 1085 3207 omnes
1115 3154 1302 3207 bestiae
1326 3168 1430 3206 non
1464 3154 1689 3207 stabunt
1717 3169 1898 3206 coram
1923 3168 2025 3218 eo;
2056 3162 2110 3207 ct
2136 3169 2241 3207 non
2270 3164 2387 3208 erat

2495 3162 2650 3229 κριὸς
2696 3154 2831 3231 (εἷς)
2881 3158 3129 3230 έστηκὼς
3156 3160 3249 3213 καὶ
3282 3159 3435 3228 αὐτῷ
3482 3160 3697 3231 κέρατα
3726 3162 3771 3192 ⁸⁸
3814 3162 4004 3231 ὑψηλά
4034 3163 4079 3194 ⁸⁸

808 3245 903 3312 qui
935 3256 1149 3298 erueret
1178 3243 1243 3297 de
1275 3260 1437 3298 manu
1460 3244 1603 3313 ejus,
1631 3255 1685 3299 et
1719 3243 1845 3298 fecit
1874 3245 2027 3313 juxta
2052 3245 2384 3301 voluntatem

808 3353 983 3401 suam,
1017 3347 1071 3390 et
1105 3338 1486 3406 magniﬁcatus
1532 3349 1634 3391 est.
1677 3356 1694 3388 ι
1736 3339 2046 3392 Potentiam
2086 3339 2219 3392 dicit
2254 3337 2391 3393 Per-

808 3431 1001 3492 sicam,
1034 3446 1157 3499 quae
1185 3446 1281 3499 per
1312 3446 1528 3483 omnem
1579 3439 1778 3484 terram
1814 3430 2145 3499 percrebuit.
2186 3431 2392 3489 Deinde

810 3524 878 3576 de
949 3522 1239 3576 Macedone
1315 3517 1626 3577 Alexandro
1679 3524 1977 3588 disserens,
2018 3524 2095 3577 ait
2150 3540 2165 3577 :
2242 3543 2261 3575 ι
2328 3524 2394 3577 Et

807 3628 936 3669 ecce
972 3615 1154 3670 hircus
1177 3629 1467 3683 caprarum
1500 3616 1751 3669 veniebat
1773 3616 1841 3668 ab
1888 3614 2169 3670 occidente
2227 3631 2395 3684 super

809 3706 1001 3761 faciem
1070 3708 1239 3762 totius
1304 3715 1485 3769 terrm,
1513 3716 1567 3760 et
1598 3721 1701 3760 non
1751 3706 2005 3776 tangebat
2060 3714 2283 3771 terram,
2342 3715 2397 3761 et

814 3799 965 3852 hirco
1043 3799 1169 3851 huic
1231 3798 1555 3852 videbantur
1606 3812 1814 3852 cornua
1865 3800 1918 3851 iu
1974 3798 2154 3851 medio
2205 3797 2394 3853 oculo-

815 3905 936 3943 rum
1007 3889 1151 3958 ejus.
1187 3907 1207 3941 ι
1255 3888 1320 3942 Et
1349 3891 1417 3943 de
1470 3890 1591 3958 ejus
1615 3889 1669 3943 iu
1695 3889 1916 3943 Darium
1979 3890 2182 3959 impetu
2224 3901 2279 3944 et
2332 3890 2399 3946 de

813 3982 1016 4052 potenti
1066 3982 1321 4036 victoria:
1364 4000 1382 4034 ι
1417 3980 1601 4046 Venit,
1642 3981 1840 4050 inquit,
1889 3982 2044 4036 bicus
2093 3996 2269 4051 usque
2331 3984 2398 4037 ad

814 4076 1039 4129 arietem
1073 4116 1087 4139 ,
1152 4089 1361 4128 cornua
1420 4074 1704 4128 habentem
1743 4090 1756 4136 ;
1808 4083 1863 4128 et
1918 4072 2175 4128 eﬁ‘eratus
2218 4084 2304 4131 est
2345 4083 2400 4131 et

814 4169 1086 4240 percussit
1123 4169 1346 4222 arietem
1366 4178 1418 4220 et
1450 4168 1780 4221 comminuit
1812 4170 1923 4222 duo
1987 4182 2197 4223 cornua
2253 4170 2397 4238 ejus,

2492 3251 2588 3303 καὶ
2617 3251 2679 3304 τὸ
2712 3251 2770 3301 ἒν
2824 3250 3161 3319 ὑψηλότερον
3194 3248 3289 3302 τοῦ
3334 3250 3527 3321 ἑτέρου
3558 3267 3571 3280 ·
3603 3252 3700 3303 καὶ
3728 3250 3788 3303 τδ
3812 3251 4082 3320 ὑψηλότε-

2496 3361 2590 3413 ρον
2621 3343 2668 3373 ⁸⁷
2693 3341 2984 3395 ἀνέϐαινεν
3043 3343 3131 3395 ἐπ’
3158 3342 3406 3412 ἐσχάτων
3428 3358 3443 3375 ο
3479 3342 3573 3395 καὶ
3611 3337 3753 3394 εἶδον
3795 3343 3890 3394 τὸν
3923 3344 4080 3411 κριὸν

2496 3434 2863 3506 κερατίζοντα
2896 3433 3038 3486 κατά
3061 3434 3366 3497 θάλασσαν,
3394 3433 3488 3485 κα)⁵
3517 3432 3745 3505 βορρᾶν,
3779 3433 3872 3486 καὶ
3899 3434 4079 3496 νότον,

2497 3529 2593 3580 καὶ
2646 3528 2716 3580 τά
2772 3526 2941 3596 θηρία
2998 3525 3176 3578 πάντα
3204 3525 3265 3577 οὐ
3304 3524 3568 3593 στήσεται
3615 3522 3849 3577 ἐνώπιον
3871 3523 4079 3577 αὑτοῦ·

2498 3619 2595 3671 καὶ
2621 3618 2723 3672 οὐκ
2774 3614 2844 3689 ἢν
2900 3620 2929 3670 6
2978 3617 3369 3688 ἐξαιρούμενος
3422 3616 3485 3669 ὲκ
3516 3616 3701 3686 χειρὸς
3750 3615 3955 3669 αὐτοῦ·
3989 3619 4086 3672 καὶ

2499 3710 2722 3779 ἐποίησε
2775 3708 2919 3763 κατὰ
2975 3708 3037 3761 τὸ
3067 3707 3281 3777 θέλημα
3310 3705 3477 3761 αὐτοῦ
3503 3707 3598 3760 καὶ
3629 3707 3981 3779 ἐμεγαλύνθη
4007 3726 4022 3739 ο
4056 3728 4077 3760 ι

2497 3804 2596 3875 τὴν
2635 3803 2863 3871 δύναμιν
2885 3801 3037 3870 λέγει
3068 3802 3169 3866 τὴν
3194 3799 3497 3868 Περσικὴν,
3520 3799 3555 3869 ἥ
3592 3800 3775 3853 πᾶσαν
3799 3800 4084 3870 ἐπέδραμε

2499 3897 2599 3965 τὴν
2629 3896 2755 3963 γῆν.
2788 3888 2921 3944 Εἶτα
2961 3891 3093 3961 περὶ
3147 3891 3243 3944 τοῦ
3293 3890 3607 3953 Μακεδόνος
3646 3889 3696 3922 ⁸⁸
3731 3890 4083 3957 Ἀλεξάνδρου

2501 3982 2879 4051 διαλεγόμενός
2907 3997 3075 4050 φησιν
3104 3981 3209 4032 ⁸⁸⁸(
3241 3979 3400 4051 [Καὶ]
3425 3979 3535 4033 ἰδοὺ
3555 3980 3753 4049 τράγος
3776 3980 3953 4049 αίγῶν
3986 3982 4087 4052 ἧρ-

2504 4091 2630 4146 χετο
2682 4074 2791 4125 ἀπὸ
2854 4071 3004 4133 λιϐὸς
3050 4071 3098 4102 ⁷⁸
3166 4072 3261 4123 ἐπὶ
3316 4069 3479 4140 305
3532 4071 3827 4141 πρόσωπον
3902 4072 4087 4140 πάσης

2502 4169 2603 4237 τῆς
2626 4165 2851 4234 γῆς,καὶ
2881 4163 2979 4215 οὐκ
3000 4156 3070 4231 ἦν
3091 4162 3394 4230 ἁπτόμενος
3417 4164 3516 4233 τῆς
3541 4166 3666 4231 γῆς,
3695 4162 3789 4216 καὶ
3803 4163 3883 4233 τῷ
3898 4164 4089 4234 τράγῳ

813 4274 867 4316 et
905 4278 1011 4317 non
1029 4271 1145 4316 erat
1175 4261 1267 4330 qui
1290 4268 1509 4316 erueret
1545 4262 1611 4314 de
1635 4276 1829 4315 manus
1848 4260 2024 4328 ejus.»
2054 4260 2181 4315 Inde
2204 4261 2271 4315 de
2298 4264 2401 4318 ﬁne

2505 4260 2698 4328 ἐκείνῳ
2727 4257 2937 4327 κέρατα
2969 4257 3011 4287 ⁷⁸
3040 4253 3331 4324 έθεωρεῖτο
3364 4254 3639 4323 ἀναμέσον
3656 4255 3765 4309 τῶν
3786 4255 4089 4325 ὀφθαλμῶν

818 4354 1109 4409 Alexandri
1129 4355 1379 4421 loquens,
1402 4362 1455 4405 et
1472 4353 1538 4406 de
1561 4362 1798 4419 quatuor
1818 4367 2007 4418 regum
2030 4354 2398 4420 successione,

819 4446 971 4499 addit
1001 4446 1205 4497 luecce:
1240 4442 1524 4511 «Cumque
1549 4442 1828 4505 crevisset,
1852 4442 2086 4497 fractum
2115 4455 2200 4498 est
2226 4440 2399 4499 cornu

818 4551 1097 4607 magnum,
1116 4544 1171 4590 et
1187 4543 1305 4588 orta
1326 4542 1709 4603 suntjquatuor
1727 4549 1929 4588 cornua
1951 4535 2137 4589 subter
2159 4552 2282 4591 eum
2302 4553 2400 4607 per

818 4639 1053 4700 quatuor
1082 4640 1273 4683 ventos
1305 4628 1452 4682 coeli.
1503 4629 1541 4694 ιι
1561 4626 1763 4680 Deinde
1790 4626 1856 4680 ad
1884 4629 2139 4683 Antiochi
2167 4644 2398 4697 regnum

816 4724 1065 4785 veniens,
1094 4730 1146 4775 et
1180 4721 1476 4775 ostendens
1506 4720 1651 4787 quod
1684 4734 1749 4773 ex
1776 4734 1888 4773 uno
1917 4727 2156 4788 quatuor
2181 4722 2401 4778 illorum

817 4816 909 4881 sit,
944 4817 1140 4869 iterum
1175 4813 1351 4868 dicit:
1392 4832 1410 4865 ι
1451 4813 1515 4867 Et
1546 4826 1827 4882 egressum
1860 4821 1943 4866 est
1976 4827 2040 4867 ex
2075 4829 2187 4868 uno
2238 4814 2399 4880 forte,

819 4916 874 4961 et
903 4906 1309 4975 magniﬁcatum
1342 4914 1427 4960 est
1467 4905 1621 4959 valde
1649 4912 1840 4959 contra
1876 4905 2156 4959 meridiem
2186 4915 2241 4960 et
2268 4923 2401 4962 con-

822 5008 907 5053 tra
941 4999 1228 5053 orientem.
1263 5019 1283 5051 ι
1314 4997 1378 5051 Et
1402 4996 1656 5052 indicans
1676 4996 1802 5065 quia
1831 4995 2145 5052 Judaaorum
2172 5016 2399 5068 regnum

703 5082 714 5093 ’
822 5091 1124 5158 subvertet,
1156 5092 1237 5145 sic
1271 5089 1417 5145 fatur
1454 5107 1468 5143 :
1513 5109 1530 5142 ι
1574 5088 1641 5143 Et
1684 5104 1779 5160 per
1833 5090 2013 5160 ipsum
2069 5093 2401 5151 sacriﬁcium

2506 4350 2695 4407 αὐτοῦ.
2744 4370 2762 4402 ι
2812 4345 2947 4401 Εἶτα
2969 4348 3144 4415 λέγων
3170 4347 3271 4416 τὴν
3291 4346 3432 4418 πρὸς
3458 4348 3690 4416 Δαρεῖον
3725 4349 3771 4379 ⁷⁸
3804 4348 4091 4421 συμϐολὴν

2507 4441 2674 4498 αὑτοῦ
2730 4439 3107 4508 γεγενημένην
3139 4438 3186 4467 ⁷³
3215 4437 3310 4490 καὶ
3344 4438 3443 4506 τὴν
3485 4437 3629 4490 κατά
3656 4438 3862 4506 κράτος
3884 4439 4046 4507 νίκην
4073 4456 4089 4469 ’

2510 4554 2531 4588 ι
2569 4530 2769 4595 *Ηλθε,
2809 4530 2978 4599 φησὶν
3018 4528 3086 4593 ⁷⁸,
3111 4530 3139 4580 6
3161 4527 3365 4595 τράγος
3422 4526 3529 4589 ἕως
3562 4525 3656 4579 τοῦ
3707 4525 3864 4595 κριοῦ
3894 4526 3992 4579 τοῦ
4024 4528 4093 4580 τὰ

2507 4628 2715 4697 κέρατα
2736 4625 2969 4694 ἔχοντος.
3014 4640 3032 4672 ι
3057 4650 3127 4663 -
3162 4620 3301 4672 (Καὶ
3325 4618 3573 4689 ὴγριώθη
3597 4620 3645 4651 ⁷⁸
3667 4620 3761 4672 καὶ
3787 4617 3985 4672 ἔπαισε
4004 4621 4097 4671 τὸν

2506 4720 2684 4790 κριὸν,
2712 4719 2808 4770 καὶ
2839 4713 3164 4785 συνέτριψεν
3194 4712 3484 4782 ἀμφότερα
3523 4712 3593 4765 τά
3639 4712 3849 4782 κέρατα
3881 4710 4051 4764 αὑτοῦ
4079 4725 4095 4738 ·

2503 4814 2598 4867 καὶ
2621 4811 2724 4864 οὐκ
2754 4804 2823 4878 ἦν
2848 4809 2877 4860 6
2913 4803 3303 4875 ἐξαιρούμενος
3361 4804 3426 4856 ὲκ
3461 4802 3648 4872 χειρὸς
3695 4800 3888 4855 αὑτοῦ.
3934 4819 3953 4851 ι
3998 4801 4097 4853 Ἐ-

2507 4921 2670 4958 πειτα
2727 4899 3089 4971 διηγούμενος
3128 4896 3229 4965 τὴν
3272 4893 3628 4963 Ἀλεξάνδρου
3684 4889 3949 4961 τελευτὴν
3999 4891 4097 4944 καὶ

2508 5000 2610 5067 τὴν
2668 4994 2776 5048 τῶν
2816 4993 2862 5044 δ’
2900 4988 3167 5061 βασιλέων
3224 4985 3479 5056 διαδοχὴν
3532 4987 3730 5052 ὲπᾶγει
3785 4983 3966 5051 λέγων
3998 4982 4048 5012 ⁷⁸
4079 4998 4093 5011 ·

2517 5110 2536 5143 ι
2574 5090 2684 5143 Καὶ
2714 5086 2771 5139 ὲν
2802 5084 2883 5154 τῷ
2907 5080 3129 5152 ἰσχῦσαι
3165 5080 3353 5144 αὐτὸν,
3390 5077 3687 5148 συνετρίϐη
3725 5077 3787 5129 τὸ
3834 5074 4010 5151 κέρας
4036 5073 4100 5126 τδ

2047 5205 2247 5266 νει-ἰὼ
2297 5207 2602 5269 lectiones
2646 5206 2707 5262 et
2750 5202 2941 5259 notae.

904 5307 947 5337 ⁸⁸
975 5304 1104 5359 Ced.
1134 5300 1375 5367 ΗΜΛ-8.

1462 5304 1508 5334 ⁸⁸
1544 5303 1826 5370 ἀπέδειξεν
1858 5303 1946 5358 διὰ
1981 5305 2251 5373 συντόμου
2287 5306 2408 5361 cod.
2445 5334 2517 5345 ——
2562 5303 2651 5373 όιά
2684 5297 2953 5373 συντόμου
2986 5293 3260 5373 ’ἀπεβοἶὼ

3364 5294 3408 5326 ⁸⁸
3443 5292 3507 5363 δὴ
3565 5291 3750 5363 λοιπόν
3786 5290 3921 5363 ίθᾶιι.
3958 5289 4096 5363 ped.

828 5380 874 5412 ιι
903 5377 985 5429 δεῖ
1013 5374 1138 5427 add.
1186 5360 1314 5427 (πόει.
1389 5378 1436 5411 ιι
1466 5390 1589 5428 τινα
1619 5360 1910 5432 addicat.
1990 5375 2037 5406 ιι
2077 5360 2401 5435 Calamis

2487 5372 2628 5427 H-8.
2706 5370 2753 5401 "
2780 5360 2888 5419 τῶν
2936 5363 3060 5420 add.
3099 5364 3233 5418 Ced.
3307 5366 3353 5435 ⁸⁸
3377 5360 3567 5435 τούτου
3606 5360 4097 5435 ,πολλοὶ-μετ’,έιμ

832 5452 917 5514 ὲγ.
974 5444 1026 5514 β.
1066 5445 1159 5510 ἀφ’
1214 5437 1289 5497 ὧν
1337 5440 1417 5511 εἷς
1460 5447 1553 5499 καὶ
1610 5429 1764 5510 οὗτος
1792 5429 1844 5500 76
1892 5446 1971 5499 Ἀ.
2034 5446 2162 5500 Ced.
2238 5447 2283 5478 "
2317 5429 2401 5498 ἰὰ

2487 5450 2524 5496 l5
2584 5440 2740 5514 eod._
2786 5437 2832 5469 ⁸⁸
2882 5437 2938 5489 ἀ.
3083 5435 3197 5514 βῆς
3229 5433 3490 5514 ὁ.-ᾃ“διά
3511 5432 3644 5488 Ced.
3677 5433 3772 5514 _"
3797 5431 3937 5514 ρμῖν
3965 5429 4099 5514 Ced.

834 5500 885 5551 εδ
913 5500 1252 5595 subfian
1298 5500 1474 5595 "sint,
1515 5500 2029 5595 Maxgwim_t_:eu._
2077 5515 2209 5595 ⁸¹ῥή
2240 5515 2370 5595 (Sed:

2487 5515 2551 5567 ’ὁ
2598 5510 2870 5595 Ἀντίοχος
2910 5502 3036 5595 add;
3076 5500 3211 5595 (ξριιῖ
3285 5505 3331 5585 ξ’
3354 5504 3642 5595 ῡιιιιὲἳνιιι.
3675 5504 3732 5595 ᾗ
3786 5500 3842 5595 4':
3896 5515 4008 5595 oo:
4045 5504 4105 5595 iv

835 5595 922 5647 ότι.
999 5587 1047 5617 ⁸⁵
1072 5586 1166 5637 καὶ
1198 5584 1267 5638 τὰ
1306 5588 1515 5647 κέρατα
1561 5586 1750 5641 codex.

839 5659 886 5689 “
912 5654 1241 5711 Μακεδόνων
1288 5654 1409 5712 cod.
1487 5658 1531 5688 ⁸³
1572 5656 1706 5713 Dan.
1736 5673 1853 5723 \‘III,
1890 5656 1943 5709 5.

839 5769 929 5817 τρ.
992 5750 1072 5804 ὲκ.
1128 5752 1297 5817 κέρας
1339 5750 1417 5803 ἐθ,

964 5824 983 5843 ν

841 5804 889 5855 τί
930 5802 1441 5893 ἐξηγριάνθη’ί)ειιι.
1524 5822 1568 5851 ⁷³
1598 5802 1730 5878 Dan.
1777 5837 1889 5889 vm,
1943 5821 1994 5873 δ.

1849 5587 1895 5617 ⁸⁸
1939 5586 2041 5656 πρλι
2079 5585 2173 5638 τοῦ
2198 5570 2399 5648 ὐὺϐἁλ,

2487 5602 2569 5637 an.
2619 5570 3057 5656 κατὰ’ἆνατο).ἀς
3098 5574 3399 5656 Eudoxius.
3426 5645 3439 5656 _
3475 5574 3518 5606 ⁸⁷
3562 5572 3766 5640 ὑψηλόν
3800 5571 3933 5622 ιὶιιιι.
3965 5570 4100 5656 Sed.

2019 5656 2065 5688 ⁷⁸
2090 5657 2182 5710 καί
2234 5656 2359 5712 add.
2401 5655 2535 5711 Ced.

1488 5751 1609 5822 ἁνὶῗ
1645 5753 1808 5816 μέσον
1867 5749 1997 5803 Cod.
2074 5752 2117 5783 ‘”
2151 5748 2464 5822 παραϐολὴν
2497 5747 2585 5802 καί
2639 5744 2768 5801 (Sed.

2636 5652 2680 5683 ⁷³
2712 5666 2799 5719 τρ.
2836 5646 3003 5715 κέρας
3032 5663 3094 5714 μ.
3146 5644 3307 5707 LXX,
3348 5645 3440 5698 sed
3470 5660 3485 5698 :
3513 5652 3594 5723 37::
3616 5652 3745 5702 mm
3769 5650 3874 5722 ΓΊΡ
3924 5647 4105 5700 -ωςτη

2846 5745 2890 5776 ⁷³
2923 5741 3220 5813 γενομένην
3277 5737 3404 5795 (Sed.
3484 5737 3687 5791 “Dau.
3759 5748 3877 5798 \‘III,
3937 5731 3991 5799 6,
4048 5729 4100 5781 7.
