4244 6444
195 422 296 485 481

202 552 381 599 μιγα-
419 535 506 584 ..αἱ
565 534 725 603 Ξυνέϐη
770 533 978 601 κέρατα
1014 531 1048 582 ε·

193 622 326 683 τοὺς
358 624 394 671 5'
443 622 677 690 ἀνέμους
886 620 1140 686 οὐρανοῦ.
1194 647 1196 649 >
1251 621 1527 671 Ἐντεῦθεν
1584 617 1770 670 λοιπὸν

195 714 292 763 ἐπὶ
323 713 421 781 τὴν
460 714 734 782 Ἀντιόχου
763 713 1040 781 βασιλείαν
1074 712 1265 777 ἐλθὼν,
1301 713 1395 764 καὶ
1425 712 1659 772 δεικνὺς,
1690 709 1769 760 ὅτι

199 807 260 868 ἐξ
293 806 411 869 ἐνὸς
442 808 670 860 ἐκείνοιν
699 807 803 858 τῶν
837 806 876 858 δ’
907 807 1079 868 ἐστὶν,
1140 806 1300 859 πάλιν
1331 804 1462 874 φησί
1494 804 1538 835 ’⁷
1560 819 1572 831 ·
1613 821 1630 852 ι
1663 800 1773 853 Καὶ

199 895 428 965 ἐξῆλθεν
450 901 512 950 ἐκ
543 897 636 950 τοῦ
669 899 786 959 ένὸς
819 898 1061 967 ἰσχυρὸν,
1088 897 1181 951 καὶ
1211 895 1556 967 ὲμεγαλύνθη
1577 910 1772 963 περισ-

199 989 316 1050 σῶς
371 989 508 1059 πρὸς
554 992 707 1043 νότον
739 990 832 1042 καὶ
867 989 1050 1061 Ιπρὸς]
1086 991 1129 1021 ⁷⁸
1159 990 1447 1058 ἀνατολήν.
1478 1007 1495 1038 ι
1537 988 1644 1041 Καὶ
1679 1004 1774 1055 ση-

201 1081 430 1150 μαίνων,
460 1083 542 1134 ὅτι
588 1082 686 1150 τὴν
718 1081 1019 1149 Ἰουδαῖκὴν
1066 1081 1343 1133 πολιτείαν
1391 1079 1634 1143 καθελεῖ,
1672 1080 1774 1146 φά-

201 1189 323 1224 σκει
353 1175 430 1204 ⁷⁸⁸
476 1193 494 1224 ι
541 1175 650 1226 Καὶ
681 1173 746 1225 δι’
772 1174 934 1226 αὑτὸν
966 1174 1129 1226 θυσία
1165 1171 1439 1242 ἐταράχθη
1474 1171 1775 1241 παραπτώ-

201 1281 336 1331 ματι
362 1267 457 1318 καὶ
486 1267 531 1296 ⁸⁸
565 1265 804 1334 ἐγενήθη
856 1268 948 1317 καὶ
998 1264 1358 1333 κατευωδώθη
1393 1266 1559 1334 αὐτῷ,
1591 1265 1686 1316 καὶ
1717 1263 1777 1314 τὸ

198 1358 361 1422 ἅγιον
386 1356 832 1426 ἐρημωθήσεται,
876 1359 970 1410 καὶ
1008 1357 1291 1426 δοθήσεται
1317 1358 1407 1409 ἐπὶ
1448 1357 1547 1426 τὴν
1585 1356 1776 1409 θυσίαν

202 1448 471 1517 ἁμαρτία.
515 1467 533 1498 ι
580 1449 686 1502 Τοῦ
744 1451 852 1520 γὰρ
879 1449 1061 1519 βωμοῦ
1099 1444 1514 1518 καθαιρεθέντος
1548 1450 1640 1502 καὶ
1669 1449 1776 1501 τῶν

200 1536 375 1600 ἁγίων
403 1540 931 1609 καταπατηθέντων,
965 1541 1186 1592 εἴδωλον
1217 1540 1444 1607 ἔστησεν
1488 1539 1637 1592 ἔνδον
1682 1539 1776 1591 καὶ

199 1625 396 1689 θυσίας
426 1630 471 1661 ⁸³
509 1631 752 1682 ἐπετέλει
814 1633 925 1693 τοῖς
976 1631 1195 1701 δαίμοσι
1243 1631 1609 1700 παρανόμως·
1654 1629 1775 1682 ὅθεν

201 1722 371 1788 φησίν
405 1722 448 1752 ⁸⁸
473 1737 486 1751 ·
530 1740 547 1771 ι
581 1723 735 1792 (Καὶ)
791 1725 989 1794 ἐρρίφη
1021 1725 1196 1793 χαμαὶ
1225 1726 1257 1792 ή
1291 1723 1628 1794 δικαιοσύνη,
1685 1725 1778 1777 καὶ

202 1813 450 1879 ἐποίησε,
481 1817 573 1866 καὶ
595 1815 868 1884 εὐωδώθη.
901 1835 919 1866 ι
954 1812 1084 1866 Εἶτα
1123 1815 1284 1868 πάλιν
1308 1817 1370 1867 ἐκ
1408 1815 1658 1884 δευτέρου
1681 1816 1776 1885 τὴν

1251 621 1527 671 Ἐντεῦθεν

1362 415 1617 475 (Ὶῐὶῐῖίῗιλῖ
1634 453 1642 472 .
1657 415 1787 473 CUF

1089 530 1438 582 ὑποκάτωθεν
1493 527 1653 580 uiui)
1695 527 1770 588 εἰς
1802 532 1843 586 Α
1879 524 2195 577 diasinatuu:
2237 535 2309 574 est
2358 523 2528 587 eiade,
2562 535 2607 576 et
2641 525 2764 578 facit

1767 545 1770 552 '
1802 532 1843 586 Α
1879 524 2195 577 tiiSsilizituu:
2237 535 2309 574 est
2358 523 2528 587 clade,
2562 535 2607 576 et
2641 525 2837 579 factum
2863 533 2968 588 est,
2994 533 3044 578 et
3074 541 3443 594 prosperatum

1968 415 2110 470 ﬁlii.
2159 414 2276 473 IIl.
3338 415 3446 476 482

1876 629 1952 670 est
1986 619 2062 682 ei;
2101 625 2152 670 et
2179 628 2426 671 sanctum
2464 619 2781 684 vastabitur,
2817 629 2867 673 et
2913 621 3129 674 dabitur
3166 637 3328 690 super
3364 639 3448 674 sa-

1877 708 2143 763 crificium
2178 718 2480 777 peccatum.
2520 728 2536 759 ι
2566 707 2799 774 Etenim,
2834 728 2957 764 cum
2983 715 3154 766 altare
3175 713 3447 767 sublatum

1877 798 2088 865 fuisset,
2127 816 2177 853 et
2209 813 2396 856 sancta
2421 803 2759 863 conculcata,
2819 814 2998 857 statua
3054 807 3201 859 intus
3251 807 3449 876 posita.

1875 891 2158 946 damneniis
2188 894 2482 947 sacrificari
2512 895 2714 947 nefarie
2757 894 3058 961 imperavit.
3095 896 3248 951 Unde
3281 898 3451 955 dicit;

1882 1001 1899 1033 ι
1937 985 2214 1038 Prustrata
2240 995 2323 1038 est
2355 989 2407 1036 in
2439 994 2634 1038 teriam
2663 986 2895 1053 justitia,
2917 995 2968 1039 et
2996 985 3121 1040 fecit
3149 997 3200 1039 et
3226 1004 3451 1057 prospe-

1879 1087 2027 1129 ralus
2049 1085 2149 1128 est.
2188 1094 2205 1126 ι
2260 1075 2461 1129 Deinde
2525 1094 2715 1132 rursus
2748 1080 2885 1131 idem
2928 1081 3181 1132 Antiochi
3212 1079 3447 1148 Epipha-

1879 1165 1962 1219 nis
2003 1181 2225 1234 regnum
2277 1165 2541 1230 referens,
2579 1177 2630 1221 et
2681 1169 3031 1233 servitutem,
3074 1181 3126 1224 et
3177 1171 3452 1225 excidium

1877 1264 1931 1308 et
1984 1257 2380 1312 desolationem
2451 1259 2657 1328 templi,
2729 1259 2914 1326 adjicit
2966 1269 3018 1312 et
3079 1271 3312 1329 tempus.
3368 1263 3451 1313 Ab

1879 1344 2165 1399 Alexandri
2223 1350 2364 1402 enim
2403 1362 2573 1401 morte
2617 1350 2905 1417 incipiens,
2941 1359 2993 1402 et
3026 1351 3089 1403 ad
3145 1355 3301 1404 linem
3329 1355 3449 1406 libri

1878 1437 2059 1490 omnia
2089 1455 2322 1506 qumque
2353 1441 2666 1493 iutermedia
2691 1459 2978 1503 enarratis,
3002 1460 3120 1511 quze
3143 1443 3452 1498 I’tolemida:

1878 1539 1930 1580 et
1962 1528 2282 1594 Seleucidze,
2321 1546 2379 1583 se
2431 1531 2659 1583 invicem
2696 1533 3115 1600 conl'ringentcs,
3147 1545 3450 1603 gesserunt,

1879 1628 1929 1672 et
1961 1625 2167 1691 cperati
2207 1633 2332 1676 sum
2371 1637 2560 1678 earum
2606 1625 2794 1689 duces,
2840 1625 3054 1678 fraudes
3085 1637 3137 1678 et
3172 1630 3448 1688 victorias.

1878 1722 1930 1765 et
1973 1715 2212 1782 agmina,
2264 1727 2316 1770 et
2357 1726 2500 1771 terra
2564 1718 2807 1787 marique
2841 1734 3071 1787 pugnas,
3107 1720 3158 1773 in
3187 1723 3452 1775 Antiocho

1882 1805 2094 1858 tandem
2132 1807 2332 1861 desiuit
2367 1818 2420 1862 cl.
2452 1809 2583 1863 dicit
2618 1828 2630 1862 :
2666 1829 2682 1860 ι
2718 1808 2939 1864 Brachia
2973 1828 3036 1866 ex
3088 1829 3154 1867 eo
3207 1818 3450 1879 stabunt,

199 1906 380 1974 αὐτὴν
406 1906 690 1974 βασιλείαν
730 1908 1005 1977 Ἀντιόχου
1031 1907 1169 1976 (τοῦ)
1219 1907 1553 1976 Ἐπιφανοῦς
1602 1909 1773 1975 λέγων
1809 1898 1846 1950 Β

1809 1898 1846 1950 Β
1879 1904 1930 1948 ct
1960 1897 2204 1964 polluent
2235 1900 2630 1962 sanetuarium,
2685 1911 2739 1955 et
2791 1900 3039 1956 auferent
3082 1905 3209 1974 juge
3239 1909 3455 1960 sacrifi-

201 1996 298 2046 xati.
336 1995 435 2063 τὴν
467 1997 876 2064 αἰχμαλωσίαν,
909 2000 1000 2051 καὶ
1019 1998 1118 2068 τὴν
1149 1998 1369 2062 ἆλωσιν,
1404 2000 1500 2052 καὶ
1530 2001 1626 2070 τὴν
1651 2003 1775 2071 ἐρή-

203 2102 384 2152 μωσιν
409 2086 503 2139 τοῦ
539 2089 708 2157 ἱεροῦ,
770 2090 1097 2161 προστίθησι
1146 2091 1353 2144 καὶτὸν
1384 2093 1600 2162 χρόνον.
1652 2091 1778 2163 Ἀρ-

203 2175 439 2244 ξάμενος
468 2177 518 2208 ⁸³
547 2179 655 2248 γὰρ
734 2180 842 2231 ἀπὸ
908 2180 1008 2248 τῆς
1077 2181 1427 2250 Ἀλεξάνδρου
1487 2179 1774 2251 τελευτῆς,

200 2264 358 2330 αὖθις
426 2271 562 2339 πρὸς
630 2271 710 2339 τῷ
747 2270 890 2323 τέλει
923 2272 1015 2324 τοῦ
1051 2272 1263 2340 βιϐλίου
1290 2275 1384 2323 καὶ
1417 2269 1530 2342 [τὰ]
1575 2274 1776 2341 μεταξὺ

201 2361 382 2412 πάντα
409 2361 811 2432 διηγησάμενος
839 2364 943 2415 ὅσα
998 2364 1048 2414 oi
1083 2363 1408 2430 Πτολεμαῖοι
1461 2365 1556 2417 καὶ
1600 2367 1649 2416 οί
1685 2367 1777 2417 Σέ-

201 2452 387 2504 λευκοι
418 2457 788 2524 συρραγέντες
817 2454 1069 2525 ἀλλήλοις
1089 2455 1374 2524 ἐποίησαν,
1409 2456 1502 2508 καὶ
1537 2457 1584 2506 οἱ
1615 2473 1779 2526 στρα-

199 2542 363 2606 τηγοὶ
378 2541 580 2593 τούτων
602 2543 947 2612 εἰργάσαντο,
962 2545 1086 2607 τοὺς
1103 2545 1306 2608 δόλους,
1322 2546 1416 2607 τὰς
1432 2545 1593 2614 306
1603 2545 1776 2611 νίκας,

201 2636 303 2696 τὰς
366 2637 653 2704 στρατείας
685 2635 752 2699 ⁸⁸,
781 2636 879 2697 τὰς
928 2638 1258 2705 ναυμαχίας,
1309 2637 1407 2697 τὰς
1438 2638 1778 2706 πεζομαχίας

202 2726 431 2793 προῖὼν,
485 2729 565 2788 εἰς
609 2729 878 2796 Ἀντίοχον
939 2730 1166 2798 τελευτᾷ
1223 2728 1386 2779 πάλιν
1443 2729 1535 2778 καί
1564 2745 1773 2796 φησιν·

210 2834 229 2865 ‹
272 2817 567 2886 Βραχίονες
601 2819 659 2882 ἐξ
688 2820 737 2850 ⁸⁸
758 2819 924 2871 αὐτοῦ
957 2822 1244 2888 στήσονται
1285 2821 1379 2870 καὶ
1410 2818 1778 2887 βεδηλώσουσι

202 2908 266 2959 τὸ
301 2911 547 2979 ἁγίασμα
572 2912 666 2962 καὶ
685 2913 1084 2980 μεταστήσουσι
1103 2912 1190 2961 τὸν
1213 2911 1608 2979 ἐνδελεχισμὸν,
1643 2929 1660 2961 ι
1684 2913 1780 2975 τὰς

205 2999 463 3068 συνήθεις
520 2999 696 3067 λέγων
731 3002 919 3063 θυσίας
955 3004 1048 3053 καὶ
1085 3001 1478 3071 καθημερινὰς,
1517 3020 1534 3051 ι
1565 3006 1658 3054 καὶ
1681 3003 1779 3054 δώ-

205 3107 394 3144 σουσιν
450 3094 531 3152 είς
585 3093 749 3146 αὑτὸν
786 3094 832 3123 ⁸⁸
876 3093 1152 3162 βδέλυγμα
1202 3094 1654 3162 (ἡφανισμένον)’
1687 3097 1779 3147 καὶ

203 3182 332 3243 τοὺς
360 3182 698 3249 ἁνομοῦντας
729 3185 774 3215 ⁸⁷
803 3185 1089 3255 διαθήκην,
1131 3203 1148 3234 ι
1181 3187 1569 3247 τουτέστιτους
1595 3204 1774 3256 παρα-

205 3271 495 3336 ϐαίνοντας
522 3276 630 3327 τῶν
664 3276 934 3329 Ἰουδαίων
964 3278 1030 3340 ⁸⁸,
1066 3294 1085 3326 ‹
1117 3277 1418 3339 ἀπάξουσιν
1457 3279 1513 3328 ὲν
1556 3278 1777 3348 ὀλισθή-

205 3381 344 3432 μασι
382 3383 402 3416 ι
449 3367 569 3434 μεθ’
597 3368 804 3419 ἑαυτῶν
848 3372 938 3420 καὶ
985 3372 1385 3436 μεταστήσουσι
1413 3385 1425 3396 ·
1463 3388 1480 3419 ι
1520 3370 1611 3420 καὶ
1651 3369 1777 3432 λαὸς

202 3451 494 3516 γινώσκων
520 3454 565 3486 ⁸⁸
599 3457 692 3506 τὸν
722 3455 860 3507 Θεὸν
892 3457 1058 3508 αὑτοῦ
1081 3459 1492 3526 κατισχύσουσι,
1533 3478 1550 3510 ι
1587 3460 1656 3510 τὰ
1686 3462 1779 3510 ἐπὶ

200 3542 316 3593 τῶν
343 3544 722 3597 Μακκασαίων
749 3546 922 3612 λέγων
951 3549 1044 3599 καὶ
1067 3548 1132 3599 τὰ
1163 3548 1257 3599 ἐπὶ
1290 3548 1456 3600 Ἰούδα
1483 3551 1573 3600 καὶ
1602 3551 1780 3617 Σίμω-

202 3647 295 3694 νος
369 3633 463 3684 καὶ
508 3634 774 3688 Ἰωάννου.
812 3635 856 3665 ⁹⁶
911 3653 929 3685 ι
965 3637 1073 3687 Καὶ
1112 3637 1160 3687 οξ
1219 3639 1428 3688 συνετοὶ
1479 3637 1616 3707 (τοῦ)
1648 3638 1776 3689 λαοῦ

208 3723 538 3792 συνήσουσιν
560 3727 640 3786 εὶς
672 3725 844 3777 πολλὰ
866 3741 880 3753 ο
905 3726 998 3778 καὶ
1028 3726 1419 3796 ἀσθενήσουσιν
1455 3732 1511 3781 ὲν
1532 3732 1778 3799 ῥομφαίᾳ

205 3818 302 3867 καὶ
330 3818 386 3867 ἐν
446 3816 629 3882 φλογὶ,
674 3834 692 3865 ι
719 3817 864 3885 (85⁸)
895 3817 988 3868 τὸν
1034 3819 1364 3887 ἐμπρησμὸν
1421 3820 1518 3889 τῆς
1570 3819 1779 3882 πόλεως

203 3908 575 3976 ιςηγούμενος
635 3908 818 3958 πάλιν.
856 3925 874 3958 ι
915 3911 1023 3961 Καὶ
1077 3913 1134 3960 ὲν
1198 3911 1545 3981 αίχμαλωσίᾳ
1592 3915 1685 3965 καὶ
1720 3917 1778 3965 ὲν

203 3999 430 4067 ἁρπαγῇ
459 3999 500 4028 ³¹
531 3999 773 4068 ἡμερῶν,
827 4002 920 4051 καὶ
973 4004 1029 4052 ἐν
1086 4001 1164 4070 τῷ
1217 4003 1516 4071 ἀσθενῆσαι
1557 4006 1773 4067 αὐτοὺς,

205 4090 572 4157 βοηθήσονται
599 4092 853 4160 βοήθειαν
913 4093 1138 4162 μικρὰν,
1182 4113 1200 4145 ι
1237 4096 1542 4162 ἐμφαίνων,
1576 4097 1656 4147 ὃτι
1686 4113 1780 4164 με-

202 4181 344 4243 ταξὺ
380 4180 488 4232 τῶν
516 4183 702 4234 κακῶν
730 4183 955 4234 ἐκείνων
980 4185 1300 4253 δυνήσονται
1324 4185 1662 4239 ἀναπνεῦσαι
1687 4189 1778 4239 καὶ

207 4274 524 4338 ἀνενεγκεῖν
554 4276 618 4324 ἐκ
677 4274 786 4325 τῶν
815 4275 1227 4343 κατειληφότων
1260 4277 1458 4339 αὐτοὺς
1483 4278 1670 4330 κακῶν
1707 4279 1776 4330 ⁸⁸.

211 4377 230 4409 ι
273 4361 384 4412 Καὶ
417 4361 886 4431 προστεθήσονται
946 4365 1081 4432 πρὸς
1122 4367 1320 4427 αὐτοὺς
1373 4367 1558 4418 πολλοὶ
1580 4369 1638 4418 ὲν
1665 4369 1775 4419 ὀλι-

207 4453 474 4522 σθήμασι.
501 4455 609 4506 Καὶ
636 4456 743 4507 ἀπὸ
789 4456 897 4506 τῶν
937 4459 1222 4509 συνιέντων
1247 4459 1294 4488 ’³
1342 4459 1721 4528 ἀσθενήσουσι,
1754 4479 1771 4510 ι

1879 1990 2045 2050 cium,
2083 1999 2135 2042 et
2174 1990 2382 2042 dabunt
2416 1992 2466 2043 iu
2502 1984 2633 2043 illud
2662 1993 3128 2048 abmuinatioucm
3193 1999 3244 2050 iu
3293 2000 3452 2052 deso-

1880 2078 2160 2143 lationem,
2184 2088 2236 2133 et
2262 2080 2459 2150 impios
2491 2082 2543 2134 in
2580 2092 2985 2148 testamentum,
3021 2105 3038 2135 ›
3070 2087 3169 2140 hoc
3203 2098 3284 2141 est
3315 2105 3453 2157 pra:-

1882 2171 2207 2225 varicatores
2263 2171 2596 2228 Judteorum.
2658 2193 2676 2225 ι
2735 2174 2788 2228 lu
2849 2177 3055 2231 lubrica
3105 2181 3443 2243 abducent,»

1881 2276 1999 2315 eum
2034 2266 2361 2334 semetipsis,
2411 2277 2465 2321 et
2516 2267 2884 2334 transfereut;
2929 2291 2946 2321 ι
2993 2275 3222 2340 pepulus
3272 2287 3452 2327 autem

1879 2355 2060 2408 sciens
2123 2357 2408 2410 Dominum
2462 2373 2646 2424 suum,
2714 2361 3080 2426 roborabitur,
3123 2382 3140 2413 ι
3203 2366 3452 2420 indicans

1879 2461 2000 2514 qua:
2027 2446 2167 2501 facta
2202 2459 2325 2503 sunt
2358 2467 2451 2519 per
2478 2451 2877 2506 Maeeliabzeuin
2907 2463 2960 2507 et
2991 2453 3208 2518 Judam,
3257 2467 3310 2511 et
3362 2458 3453 2510 Si-

1890 2555 2131 2606 monem,
2157 2550 2210 2594 et
2241 2540 2529 2596 Joannem.
2605 2563 2622 2595 ι
2654 2546 2718 2597 Et
2749 2546 2893 2598 docti
2925 2546 2976 2598 in
3011 2548 3210 2614 populo
3257 2551 3457 2602 intelli-

1880 2642 2005 2699 gent
2060 2635 2112 2684 in
2169 2636 2360 2694 multa.
2405 2645 2454 2688 et
2512 2635 2934 2690 infirmaqutur
2980 2638 3031 2689 in
3084 2637 3266 2706 gladio
3314 2639 3452 2691 etin

1879 2725 2117 2788 “annua,
2161 2745 2179 2778 ι
2223 2728 2534 2780 incendium
2569 2728 2808 2780 civitatis
2846 2729 3038 2780 iterum
3087 2731 3402 2797 significans
3439 2769 3453 2782 .

1887 2835 1904 2866 ι
1948 2817 2012 2869 Et
2038 2820 2089 2869 in
2126 2819 2440 2885 captivitate
2467 2829 2518 2872 et
2556 2821 2606 2872 in
2646 2821 2831 2886 rapina
2865 2821 3100 2882 dierum,
3131 2830 3183 2872 et
3219 2821 3271 2872 in
3303 2821 3458 2874 infir-

1883 2909 2066 2961 mitate
2105 2926 2228 2961 cum
2293 2910 2514 2975 fuerint,
2576 2912 3008 2963 sublevabuntur
3062 2912 3266 2963 auxilio
3327 2927 3457 2979 par-

1882 3000 2028 3062 vulo,
2097 3018 2115 3050 ι
2175 3002 2466 3053 ostendens
2522 3004 2647 3069 quia
2705 3004 2755 3054 in
2826 3003 3004 3056 medio
3060 3004 3452 3056 contritionum

1881 3091 2093 3144 illarum
2130 3093 2398 3160 respirare
2424 3093 2506 3147 fas
2538 3095 2664 3156 erit,
2698 3104 2748 3148 et
2788 3111 2850 3147 ex
2899 3096 3053 3147 malis
3076 3112 3296 3164 surgere
3337 3113 3458 3164 quae

1880 3197 1974 3235 eos
2000 3184 2492 3251 appreliendcrunt.
2534 3203 2550 3234 ι
2584 3186 2646 3238 Et
2677 3187 3100 3254 applicabuntur
3125 3190 3203 3241 eis
3229 3190 3449 3256 plurimi

1884 3289 1934 3323 III
1980 3272 2300 3338 fraudibus;
2330 3277 2476 3327 etde
2512 3275 2942 3343 intelligentibus
2974 3277 3450 3342 intirmabuntur,»

1882 3365 2235 3418 subindicans
2276 3367 2502 3430 scilicet,
2535 3368 2661 3435 quia
2691 3368 2844 3420 multi
2874 3385 2937 3423 ex
2969 3370 3050 3423 eis
3099 3379 3304 3422 stantes
3331 3386 3456 3423 cor-

1883 3463 2056 3506 ruent.
2099 3455 2303 3506 Deinde
2334 3456 2397 3507 ad
2441 3470 2687 3520 causam,
2716 3473 2883 3524 quare
2919 3456 3061 3510 Deus
3091 3473 3184 3510 eos
3207 3459 3454 3525 permisit

1882 3546 1932 3596 in
1957 3548 2226 3598 deteriora
2249 3547 2443 3600 cadere
2471 3562 2484 3598 :
2515 3558 2734 3614 quaeest
2760 3549 2904 3600 ista?
2939 3566 2955 3598 ι
2991 3551 3057 3602 Ut
3081 3552 3455 3618 purificeutur,

1879 3637 1971 3699 ait,
2010 3645 2064 3688 cl.
2096 3637 2386 3704 eligantur,
2414 3645 2466 3688 et
2498 3637 3010 3706 dealbenturzusque
3045 3640 3110 3692 ad
3149 3649 3454 3707 temporum

1883 3729 2063 3780 liuent.
2098 3749 2114 3778 ι
2157 3728 2280 3781 Ηιιξο
2312 3730 2456 3781 enim
2486 3730 2731 3795 permisit
2773 3732 2936 3793 Deus,
2963 3732 3164 3799 inquit,
3202 3743 3257 3784 ut
3283 3744 3332 3787 et
3359 3751 3459 3801 pu-

1881 3819 2118 3870 riticaret
2144 3832 2236 3870 eos
2268 3827 2321 3870 et
2355 3817 2663 3871 ostenderet
2694 3821 2785 3885 qui
2814 3820 2942 3884 justi
2973 3830 3157 3872 essent
3187 3822 3322 3873 inter
3341 3836 3455 3874 eos.

1881 3909 2029 3962 Illius
2064 3912 2254 3963 deinde
2282 3911 2538 3962 virtutem
2603 3926 2858 3975 narrans,
2915 3911 3089 3965 dicit:
3126 3931 3144 3962 ι
3183 3913 3243 3965 Et
3298 3913 3460 3968 faciet

1881 4002 2182 4055 secundum
2218 4001 2552 4053 voluntatem
2589 4015 2770 4064 suam,
2803 4004 3205 4067 etelcvabitur,
3238 4015 3292 4058 et
3339 4021 3455 4057 ma-

1879 4095 2246 4160 gnificabitur,
2288 4112 2306 4143 ι
2357 4093 2567 4145 addidit
2622 4103 2676 4146 et
2719 4093 2866 4147 illius
2924 4105 3160 4148 mentem
3215 4097 3460 4164 blasphe-

1882 4201 2047 4250 mam,
2076 4186 2200 4251 quia
2273 4201 2288 4233 ι
2325 4184 2392 4237 Et
2423 4187 2687 4238 adversus
2721 4186 2888 4239 Deum
2925 4188 3150 4240 deorum
3208 4189 3458 4256 loquetur

1882 4276 2192 4343 magnifica,
2227 4285 2278 4329 et
2300 4277 2516 4344 diriget,
2544 4276 2718 4330 donec
2740 4278 3084 4344 compleatur
3114 4280 3452 4340 iracundia,»

1882 4369 2173 4420 ostendens
2199 4370 2323 4434 quia
2371 4383 2477 4418 non
2509 4382 2575 4420 ex
2618 4368 2701 4421 sui
2769 4369 2939 4435 ipsius
2988 4371 3192 4427 animo.
3241 4375 3332 4423 sed
3391 4387 3457 4423 ex

1883 4460 1977 4511 Dei
1995 4458 2045 4510 in
2066 4457 2281 4511 Judazos
2298 4459 2376 4510 ira
2395 4460 2682 4510 doininans
2696 4461 3034 4513 confortatus
3047 4470 3148 4514 est.
3171 4460 3271 4514 Ubi
3297 4465 3460 4530 igitur

203 4544 424 4605 δεικνὺς
482 4544 562 4597 ὄτι
612 4545 801 4598 πολλοὶ
855 4547 951 4598 καὶ
1007 4548 1116 4598 τῶν
1176 4549 1426 4599 ἑστώτων
1457 4549 1774 4604 πεσοῦνται.
1812 4566 1854 4619 ῐ)

1812 4566 1981 4619 oper
2043 4551 2195 4617 plura
2245 4551 2452 4609 docuit.
2501 4562 2704 4616 quanta
2775 4550 3020 4604 facturus
3075 4552 3144 4606 sit
3203 4556 3342 4605 mala
3404 4557 3455 4605 iu

209 4633 344 4689 Εἶτα
376 4639 467 4688 καὶ
497 4639 596 4706 τὴν
646 4638 848 4701 αίτίαν,
882 4638 951 4689 δι’
987 4638 1054 4708 ῆν
1086 4640 1466 4709 συνεχώρησεν
1524 4641 1722 4703 αὐτοὺς
1752 4643 1780 4693 ὁ

204 4732 341 4794 Θεὸς
373 4735 430 4782 ἐν
460 4731 736 4794 τοσούτοις
767 4736 956 4795 κακοῖς
979 4734 1233 4798 γενέσθαι
1263 4735 1328 4787 ’³.
1359 4735 1452 4794 Τίς
1494 4735 1550 4785 δὲ
1595 4732 1734 4801 αῦτη
1761 4749 1776 4798 ;

211 4823 350 4874 ατοῦ
372 4823 642 4892 πυρῶσαι,
665 4825 850 4892 φησὶν,
869 4825 928 4875 ἐν
960 4826 1163 4890 αὐτοῖς,
1198 4827 1291 4879 καὶ
1311 4825 1403 4877 τοῦ
1427 4825 1775 4890 ἐκλέξασθαι,

206 4916 418 4970 καὶτοῦ
447 4917 708 4970 λευκᾶναι
730 4920 774 4948 ’⁵
799 4920 901 4980 ἓως
919 4918 1110 4990 καιροῦ
1130 4921 1326 4988 πέρας.
1364 4938 1381 4970 ι
1412 4919 1597 4972 Ταῦτα
1633 4921 1762 4988 γὰρ,

209 5013 447 5079 φησὶν,ὁ
469 5011 602 5074 Θεὸς
635 5009 1014 5082 συνεχώρησεν
1051 5011 1190 5064 ῶστε
1223 5014 1420 5075 αὐτοὺς
1475 5012 1782 5082 ἐκκαθᾶραι

1895 4640 2141 4710 ιιΕιίςγριο,
2177 4650 2226 4694 et
2263 4641 2314 4693 in
2338 4640 2650 4702 Palaestina,
2683 4649 2737 4694 et
2763 4657 2868 4708 qua
2904 4641 2969 4693 de
2994 4656 3048 4694 re
3075 4643 3374 4703 rediturus,
3407 4653 3460 4695 et

1887 4733 2182 4802 quomodo,
2206 4741 2391 4799 etquo
2420 4743 2667 4796 vocante,
2706 4733 2771 4784 de
2804 4731 3046 4784 omnium
3080 4731 3314 4799 denique
3373 4747 3459 4784 re-

1889 4841 2009 4878 rum
2037 4825 2263 4877 istarum
2293 4825 2591 4876 mutatione
2618 4824 2876 4891 loquitur,
2912 4832 2965 4875 et
2995 4822 3060 4873 de
3085 4820 3288 4873 auxilio
3309 4823 3455 4890 quod

1886 4915 2080 4978 Judaei,
2109 4917 2301 4983 angelo
2325 4918 2513 4977 misso,
2549 4915 2758 4982 probati
2794 4915 2929 4967 satis
2952 4914 3223 4981 accipient
3253 4931 3267 4966 :
3331 4932 3347 4963 ι
3400 4913 3456 4967 In

1894 5021 2140 5079 tempore
2168 5011 2288 5073 hoc,
2318 5009 2451 5063 dicit
2481 5011 2650 5072 enim,
2693 5019 2991 5074 consurget
3022 5007 3267 5070 Michael,
3299 5008 3454 5076 priu-

1404 5177 1602 5238 V'ariie
1628 5176 1932 5240 lectiones
1963 5186 2023 5238 et
2062 5185 2246 5237 nota).

279 5309 324 5338 "
352 5308 487 5361 Dan.
561 5319 680 5366 VIII.
719 5303 771 5358 9.
848 5303 891 5334 "
921 5302 1015 5355 καὶ
1075 5303 1210 5372 πρὸς
1257 5303 1352 5373 τὴν
1403 5303 1631 5372 δύναμιν
1672 5302 1832 5356 LXX.
1857 5305 1943 5356 ed.

1776 5302 1832 5356 Κ.
1857 5305 1943 5356 ed.
1973 5310 2160 5356 contra
2189 5297 2451 5349 orientem
2489 5305 2539 5348 et
2573 5304 2760 5347 contra
2803 5291 3175 5345 fortitudinem
3215 5292 3376 5347 Hebr.
3398 5303 3452 5346 et

212 5401 366 5472 Vulg.
467 5399 664 5452 "Dan.
700 5412 815 5461 \‘ttl,
841 5399 927 5451 il.
956 5406 1138 5454 “nam
1163 5412 1259 5465 pro
1295 5381 1442 5460 .1523
1467 5427 1535 5437 —-
1563 5405 1714 5480 ειν-ι’]
1741 5398 1820 5449 vel
1854 5405 2001 5473 ωηιῖ
2029 5405 2081 5448 et
2111 5377 2296 5480 πινυτῇ
2326 5389 2566 5460 (llitzig).

2674 5389 2718 5419 ⁸ο
2752 5407 2810 5440 π.
2854 5387 2948 5440 καὶ
2995 5387 3076 5454 ἐγ.
3119 5389 3211 5439 καὶ
3240 5389 3294 5438 ἁ.
3338 5402 3452 5439 om.

209 5510 346 5561 Dan.
386 5524 446 5558 π.
478 5508 570 5559 και
597 5507 680 5573 ιγ.
715 5520 825 5557 om.
864 5502 1027 5556 Lxx.
1056 5503 1187 5556 αὑτό
1221 5504 1423 5557 eed.—
1453 5503 1562 5555 Καὶ
1601 5487 1755 5570 ἐδόθη
1785 5501 1885 5554 ωιῖ

1785 5501 1923 5554 LXX
1953 5511 2084 5584 ῙΠΣΠ
2108 5508 2263 5558 N131.
2292 5499 2398 5550 Καὶ
2432 5497 2606 5563 θλῖψις
2632 5494 2749 5548 ὲδ.⁸ί
2778 5497 2882 5548 Καὶ
2916 5493 3206 5562 γενήσεται
3229 5492 3360 5547 Ced.
3387 5524 3457 5534 —

210 5608 338 5674 περί
356 5604 487 5658 Crd.
681 5601 729 5674 ⁸⁸,
751 5600 943 5674 θυσίαν
970 5599 1100 5674 (led.
1131 5669 1141 5674 _
1201 5599 1411 5674 “'“Dan.
1437 5597 1680 5674 ’τμη-12.

290 5763 344 5800 τ.
374 5759 406 5794 τ
474 5759 531 5794 π.
573 5759 625 5794 τ.
675 5743 732 5793 ’1.
767 5757 877 5794 om.
909 5741 1041 5793 Dan.
1135 5740 1179 5772 ⁸⁸
1214 5738 1567 5806 γινώσκοντες
1604 5738 1738 5791 Dan.

1756 5595 2180 5669 ⁸³’ᾼ.βασ;).είοις
2231 5594 2362 5646 (led.

207 5664 362 5777 tu}:
394 5676 452 5738 εξ
508 5673 636 5724 Dan.
669 5672 756 5724 ed.
796 5670 978 5732 x151,
1005 5671 1097 5724 sed
1131 5669 1183 5721 in
1203 5669 1325 5722 aliis
1351 5671 1507 5723 codd.
1548 5670 1652 5719 Καὶ
1676 5668 1726 5735 β.
1759 5664 1883 5729 σνν-

290 5763 344 5800 τ.
374 5759 406 5794 τ
474 5759 531 5794 π.
573 5759 625 5794 τ.
675 5743 732 5793 ’l.
767 5757 877 5794 om.
909 5741 1041 5793 Dan.
1135 5740 1179 5772 ⁸⁸
1214 5738 1567 5802 γινώσκοντες
1604 5738 1738 5791 Dan.
1828 5741 1872 5769 νο

938 5673 978 5732 ι,
1005 5671 1097 5724 sed
1131 5669 1183 5721 in
1203 5669 1325 5722 aliis
1351 5671 1507 5723 codd.
1548 5670 1652 5719 Καὶ
1676 5668 1726 5735 β.
1759 5664 1973 5729 ῦτὺἻτῚ.
2049 5667 2094 5696 ⁸⁸
2137 5667 2209 5722 εἰς
2242 5669 2298 5717 ὰ,
2332 5679 2440 5718 om.
2483 5664 2614 5715 Dan.

938 5747 1041 5793 tau.
1135 5740 1179 5772 ⁸⁸
1214 5738 1567 5802 γινώσκοντες
1604 5738 1738 5791 Dan.
1828 5741 1872 5769 '°
1904 5738 2033 5790 Dan.
2072 5752 2144 5802 χι,
2175 5736 2365 5788 53-55.
2439 5734 2482 5766 ’ί
2516 5733 2614 5799 διαι

2440 5593 2486 5623 ⁸³
2518 5595 2614 5653 τὰς
2639 5591 2814 5658 μάχας
2858 5590 2988 5641 Ced.
3067 5591 3109 5620 ⁸⁸⁵
3144 5590 3249 5640 Καὶ
3284 5589 3454 5655 σπέρ-

2692 5661 2734 5689 ⁸⁷
2769 5664 2927 5710 καίοί
2965 5658 3285 5727 ἁνομοῦντες
3317 5658 3454 5714 Dan.

2439 5734 2482 5766 ’ί
2516 5732 2790 5799 διαρπαγῇ
2829 5731 2957 5782 Dan.
2984 5730 3112 5782 (ἐρα.
3188 5732 3231 5760 ⁹²
3266 5730 3458 5780 δεινῶν

205 5841 340 5898 Ced.
417 5837 462 5869 ”
493 5837 778 5894 συνιόντων
799 5837 928 5895 Ced.
1004 5837 1049 5869 ⁹”
1076 5835 1463 5905 γίνεσθαιίὶριι.
1539 5837 1581 5865 “’⁵
1617 5833 1881 5888 ἐκλευκᾶν

1779 5832 2085 5888 κᾶναιίῖεά.
2125 5839 2178 5887 et
2207 5831 2362 5887 codd.
2399 5827 2560 5896 LXX,
2584 5823 3035 5893 ἀποκαλυφθῆναι
3062 5824 3264 5879 caeteri.
3291 5805 3453 5890 1355's.
