4244 6444
144 391 252 453 485

1330 382 1794 443 CIIRONICON.
1840 405 1907 415 -
1942 382 2090 442 LIB.
2137 384 2249 444 ιιι.

3295 384 3399 445 486

139 502 200 565 ἒξ
232 499 418 571 μηνῶν
450 498 591 553 κατὰ
625 498 721 569 τὴν
762 496 869 548 τῶν
905 496 1179 566 Ἐϐραίων
1214 494 1437 563 ψῆφονγ
1470 496 1507 525 ’⁷
1546 512 1562 543 ι
1601 495 1721 545 Μα-
1758 512 1796 565 Α

1758 512 1796 565 Α
1830 490 2055 545 dimidio
2074 494 2296 562 contigit
2318 492 2574 561 impetum
2600 493 2738 557 ﬁeri,
2763 508 2873 564 quo
2890 491 3035 546 clara
3056 492 3193 548 facta
3213 506 3296 550 est
3318 498 3398 550 vi-

139 593 332 662 κὰριος
374 591 468 643 ¹³ό
516 589 816 659 ὑπομείνας
846 590 885 621 ’⁸
943 590 1036 640 καὶ
1108 586 1321 654 φθάσας
1371 586 1450 647 εἰς
1501 585 1717 653 ἡμέρας

137 683 281 756 ᾳτλε¹
306 685 375 748 ’⁵,
401 702 419 734 ι
450 685 567 744 ταῖς
617 681 817 751 χιλίαις
851 686 936 748 al"
969 685 1050 749 με’
1078 677 1358 747 προσθεὶς,
1378 676 1563 737 ἐπειδὴ
1585 678 1626 706 “
1658 679 1717 727 ἐν

140 779 271 848 μηνὶ
306 779 404 833 καὶ
462 780 636 847 ἥμισυ
668 778 840 849 μηνὸς
866 780 966 847 τὴν
1003 775 1281 846 συμϐολὴν
1323 774 1523 843 συνέϐη
1553 774 1711 840 γενέ-

139 872 366 933 σθαι.ἐν
409 865 663 944 ᾖγέγονε
716 870 936 939 καθαρὰ
976 872 1009 940 ὴ
1070 873 1197 937 νίκη
1238 870 1333 922 καὶ
1365 871 1407 900 ²¹
1444 868 1717 934 παντελὴς

138 984 245 1018 των
279 968 648 1038 ἐπικειμένων
685 966 874 1019 κακῶν
902 966 1218 1034 ἀπαλλαγή.
1268 995 1333 1008 —-
1366 964 1548 1016 Εἰπὼν
1571 963 1679 1032 γάρ
1703 976 1717 990 ⁸

142 1077 160 1109 ι
203 1059 493 1127 Μακάριος
535 1062 561 1112 ό
598 1060 901 1127 ὑπομείνας
951 1059 1046 1110 καὶ
1105 1058 1317 1125 φθάσας
1372 1057 1452 1118 είς
1505 1056 1719 1124 ἡμέρας

137 1150 301 1215 gelv,
339 1168 357 1201 ι
386 1151 486 1219 τὴν
514 1148 838 1217 ἀπαλλαγὴν
859 1148 1096 1218 ἐδήλωσε
1122 1166 1135 1179 ο
1165 1176 1233 1186 —
1264 1149 1358 1200 καὶ
1384 1148 1482 1216 οὐχ
1532 1146 1718 1208 ἁπλῶς

135 1235 314 1306 εἶπεν,
358 1261 376 1293 ι
425 1244 453 1294 ό
520 1240 759 1309 φθάσας·
802 1259 821 1292 ι
855 1239 977 1292 ἐπεὶ
1012 1238 1059 1270 ⁸³
1094 1238 1202 1305 γὰρ
1241 1238 1428 1290 πολλοὶ
1460 1236 1566 1289 τῶν
1593 1237 1713 1288 ἀσε-

1827 586 2019 648 ctoria,
2042 593 2093 637 et
2121 585 2363 637 omnium
2395 587 2758 654 prementium
2787 587 3050 640 malarum
3069 587 3396 643 immutatio.

1828 674 2024 729 Dicens
2055 678 2197 730 enim
2231 695 2244 731 :
2278 676 2476 730 Beatus
2507 688 2830 745 exspectans
2863 690 2916 732 et
2955 678 3294 749 praeveniens
3333 682 3397 732 ad

1825 768 1940 821 dies
1966 768 2125 829 1555,
2161 787 2178 819 ι
2210 769 2585 823 liberationem
2616 769 2960 839 signiﬁcavit,
2981 783 3032 825 et
3055 787 3160 825 non
3193 772 3401 841 absque

1826 863 2034 914 ratione
2065 861 2195 913 dixit
2228 876 2242 911 :
2272 879 2288 911 ι
2317 862 2673 928 praeveniens,
2699 880 2717 912 ι
2740 862 3007 931 siquidem
3031 865 3186 917 multi
3207 865 3400 933 impio—

1824 966 1941 1003 rum
1970 950 2222 1004 viderunt
2261 953 2644 1017 mutationem;
2677 954 2773 1007 hos
2803 969 2933 1007 vero
2977 970 3085 1007 non
3105 955 3397 1018 beatiticat,

1820 1042 1912 1094 sed
1946 1043 2065 1093 illos
2108 1041 2201 1109 qui
2240 1040 2289 1091 in
2325 1040 2657 1108 temporibus
2678 1043 2946 1094 malorum
2985 1044 3397 1111 exspectabant.

1819 1158 1870 1201 et
1917 1147 2034 1215 qui,
2084 1161 2182 1200 nec
2215 1147 2411 1215 pietate
2442 1147 2717 1211 derelicta,
2754 1151 3090 1204 remissionis
3122 1160 3400 1219 compotes

1818 1235 1993 1290 eﬂ'ecti
2020 1245 2167 1289 sunt.
2194 1237 2331 1301 Quid
2362 1238 2448 1291 his
2474 1254 2594 1292 esse
2616 1243 2787 1309 possit
2817 1240 3161 1295 evidentius?

137 1333 424 1404 δησάντων
455 1327 595 1385 εἶδον
621 1332 722 1401 τὴν
753 1329 1095 1400 μεταϐολήν·
1134 1328 1296 1399 (ἀλλ’)
1327 1330 1427 1381 οὐκ
1464 1330 1711 1389 ἐκείνους
1754 1326 2075 1397 μακαρίζει,
2112 1327 2247 1378 ἀλλὰ
2305 1331 2429 1388 τοὺς
2470 1330 2526 1377 ἐν
2562 1330 2607 1358 ⁸⁸
2641 1332 2857 1395 καιροῖς
2886 1330 2996 1382 τῶν
3058 1330 3246 1382 κακῶν
3270 1333 3399 1383 ῦπο-

139 1425 435 1491 μείναντας
454 1426 550 1480 καὶ
570 1427 644 1497 μὴ
665 1426 963 1496 προδόντας
991 1424 1089 1495 τὴν
1106 1424 1394 1478 εὐσέϐειαν
1425 1422 1639 1492 καὶτῆς
1669 1423 1909 1484 ἀνέσεως
1926 1422 2192 1489 τυχόντας
2216 1437 2228 1450 ·
2256 1414 2402 1490 ’Δρα
2422 1420 2473 1471 τί
2503 1420 2705 1472 τούτων
2726 1424 3058 1493 σαφέστερον
3081 1423 3278 1490 γένοιτ’
3299 1424 3362 1475 ἄν
3384 1442 3399 1489 ;

204 1518 251 1548 ’⁸
278 1518 393 1588 (50)
421 1518 564 1588 Ὥρα
598 1519 643 1549 ³⁸
669 1518 735 1586 δὴ
785 1517 974 1570 λοιπὸν
1004 1518 1098 1570 ἐπὶ
1148 1516 1210 1569 τὸ
1250 1515 1586 1586 ζητούμενον
1624 1517 1713 1569 ἐλ-

136 1606 247 1658 θεῖν
274 1607 372 1660 καὶ
395 1608 495 1677 τὴν
522 1606 806 1677 παροῦσαν
830 1606 1212 1677 αἰχμαλωσίαν
1236 1607 1329 1659 καὶ
1348 1607 1615 1668 δουλείαν,
1647 1606 1713 1659 δι’

134 1699 200 1767 ὴν
251 1698 349 1752 καὶ
393 1699 574 1752 πάντα
625 1702 1022 1769 κεκινήκαμεν,
1081 1699 1352 1768 ἀπαντᾷν.
1390 1699 1512 1750 Ὀτι
1548 1698 1713 1768 ’τμέν

132 1788 227 1841 οὖν
258 1790 318 1842 αι
346 1791 497 1860 τρεῖς
529 1790 1092 1863 προανηγορεύθησαν
1117 1789 1509 1859 αἱχμαλωσίαι,
1540 1790 1572 1858 ή
1614 1788 1713 1858 μὲν

131 1879 227 1949 ἐτη
265 1880 473 1951 ἐχουσα⁶
506 1888 573 1945 υ’,
604 1885 637 1951 ὴ
667 1883 724 1934 δὲ
752 1888 815 1943 o',
842 1884 876 1951 ή
910 1882 968 1934 δέ
996 1881 1057 1945 ἐξ
1084 1882 1258 1951 ἥμισυ
1287 1881 1355 1945 ’⁸,
1389 1880 1589 1943 ίκανῶς
1629 1883 1709 1934 ἐνο

1893 1512 2131 1582 Tempus
2166 1515 2277 1582 jam
2336 1515 2402 1565 ad
2466 1515 2760 1582 quaesituri:
2831 1515 3067 1576 venisse,
3122 1528 3175 1569 et
3224 1519 3395 1587 ipsam

1824 1614 2145 1671 prmsentem
2170 1604 2540 1671 captivitatem
2566 1615 2619 1657 et
2649 1606 2966 1658 servitutem
2991 1617 3212 1674 propter
3235 1623 3397 1676 quam

1822 1696 2006 1749 omnia
2084 1696 2413 1764 agitavimus
2495 1697 2686 1749 citare.
2742 1696 3142 1751 Pramuntiatas
3230 1700 3401 1755 fuisse.

1824 1796 1932 1842 tres
1961 1788 2327 1857 captivitatcs,
2377 1803 2539 1841 unam
2594 1788 2701 1841 400
2758 1803 3052 1852 annorum,
3102 1794 3397 1846 secundam

1824 1880 1909 1942 70,
1946 1890 2001 1933 et
2035 1882 2250 1935 tertiam
2286 1896 2378 1935 sex
2412 1895 2680 1933 annorum
2730 1891 2780 1934 et
2838 1881 3074 1944 dimidii,
3133 1892 3397 1951 quantum

130 1949 330 2025 τεῦθεν
361 1974 493 2043 ήμῖν
514 1973 588 2035 ὡς
612 1949 725 2025 οἷόν
758 1990 817 2026 τε
855 1949 1214 2027 ἀποδέδεκται
1234 1988 1249 2003 °
1278 1973 1411 2043 φέρε
1435 1973 1499 2044 δὴ
1530 1973 1713 2026 λοιπδν
1748 1949 1786 2003 Β

1748 1949 1786 2003 Β
1819 1972 1934 2026 ﬁeri
1968 1975 2161 2042 potuit,
2190 1973 2301 2040 jam
2331 1972 2767 2025 demonstratum
2814 1980 2918 2025 est.
2970 1972 3041 2025 De
3092 1949 3192 2026 hac
3234 1975 3401 2038 igitur

133 2065 228 2114 καὶ
294 2065 426 2134 περὶ
480 2064 687 2135 ταύτης
716 2066 984 2137 εἴπωμεν.
1012 2067 1135 2120 Ὅτι
1177 2067 1231 2120 δὲ
1261 2067 1305 2098 ¹⁹
1328 2068 1420 2118 καὶ
1453 2067 1583 2136 περὶ
1615 2068 1710 2136 τῆς

129 2154 170 2205 δ’
203 2155 594 2225 αἰχμαλωσίας
621 2161 720 2225 τῆς
751 2160 988 2227 ἐσχάτης
1013 2158 1058 2188 ²⁰
1116 2158 1209 2210 καὶ
1242 2158 1555 2219 τελευταίας
1580 2173 1713 2225 προ-

129 2251 500 2320 ανεφώνησεν
561 2252 590 2303 ὁ
629 2252 915 2322 προφήτης
968 2245 1145 2316 οὗτος,
1195 2252 1358 2305 αὑτὸν
1403 2249 1715 2320 παρέξομεν

133 2344 400 2413 μάρτυρα
430 2345 701 2408 Ἰώσηπον
725 2344 796 2410 ³⁸,
831 2345 925 2397 τὸν
988 2346 1056 2397 τὰ
1111 2344 1336 2397 ἐκείνων
1387 2341 1712 2412 φρονοῦντα.

143 2435 369 2507 Ἐπειδὴ
394 2436 502 2506 γὰρ
526 2435 653 2489 εἷπε
672 2436 743 2488 τὰ
768 2436 1011 2506 περὶτῆς
1034 2435 1313 2504 Ἀντιόχου
1336 2433 1716 2504 αἰχμαλωσίας

130 2525 228 2575 καὶ
256 2524 514 2595 μάρτυρα
536 2525 627 2576 τὸν
645 2525 931 2595 προφήτην
953 2526 1279 2595 παρήγαγεν
1301 2564 1317 2591 ,
1344 2523 1507 2594 309
1521 2525 1716 2591 ἐπάγει

135 2615 387 2686 καὶπερὶ
418 2616 623 2685 ταύτης
648 2618 741 2671 καί
763 2636 901 2687 φησι
922 2632 937 2647 ⁸
969 2637 988 2671 ι
1019 2618 1123 2672 Τὸν
1161 2619 1324 2671 αὐτόν
1348 2633 1409 2685 γε
1437 2620 1479 2649 ³²
1515 2619 1718 2687 τρόπον

130 2709 338 2777 Δανιὴλ
368 2710 461 2762 καὶ
488 2712 616 2779 περὶ
641 2711 744 2780 τῆς
770 2711 1059 2779 Ῥωμαίων
1078 2712 1377 2781 ἡγεμονίας
1411 2712 1714 2780 ἀνέγραψε,

131 2804 230 2854 καὶ
252 2803 336 2854 δτι
367 2802 458 2855 ὑπ’
514 2804 695 2856 αὐτῶν
739 2803 1171 2875 ἐρημωθήσεται
1206 2824 1222 2855 ι
1256 2806 1326 2856 τὰ
1366 2804 1717 2873 Ἰεροσόλυμα

134 2894 231 2946 καὶ
267 2895 296 2945 ό
326 2894 450 2957 ναὸς
485 2895 948 2963 καταλυθήσεται.
974 2896 1045 2948 Σὺ
1077 2895 1136 2949 δέ
1173 2912 1263 2964 μοι
1312 2895 1503 2947 σκόπει
1534 2896 1594 2946 τὸ
1631 2913 1719 2963 φι-

134 2986 373 3056 λάληθες
426 2987 519 3039 τοῦ
579 2988 797 3057 ἀνδρὸς,
853 2988 933 3051 ὃς,
992 2989 1041 3040 εί
1087 2988 1182 3040 καὶ
1224 2987 1472 3047 Ἰουδαῖός
1499 2986 1546 3018 ⁸³
1578 2987 1715 3050 ἐστι,

132 3079 253 3130 ἀλλ’
289 3079 392 3131 οὐκ
447 3080 710 3148 ὴνέσχετο
752 3078 996 3147 ζηλῶσαι
1026 3078 1125 3147 τὴν
1157 3078 1457 3148 Ίουδαῖκὴν
1486 3077 1716 3144 φιλονειο

136 3173 266 3222 κίαν
298 3188 358 3222 τε
392 3172 486 3223 καὶ
512 3170 885 3239 ψευδηγορίαν
910 3185 921 3197 ο
956 3170 1127 3222 εἰπὼν
1150 3170 1279 3239 γὰρ,
1309 3171 1390 3222 ὄτι
1425 3170 1713 3239 ἐρημωθή-

1820 2069 2008 2122 ultima
2067 2082 2213 2122 nunc
2253 2070 2615 2135 disputemus.
2675 2064 2829 2130 Quod
2875 2081 2993 2118 eam
3044 2067 3397 2123 novissimam

1817 2168 1873 2212 et
1924 2160 2172 2213 ultimam
2208 2161 2577 2227 captivitatem
2635 2159 3007 2227 praececinerit
3067 2160 3207 2211 idem
3271 2174 3399 2227 pro-

1821 2253 2001 2321 pheta,
2045 2260 2233 2305 testem
2280 2250 2663 2304 adhibebimus
2718 2248 3037 2317 Josephum,
3092 2265 3191 2319 pro
3232 2251 3398 2304 rebus

1817 2342 2065 2398 Judaicis
2100 2343 2580 2398 sollicitissimum.
2624 2340 2792 2394 Dictis
2824 2342 2971 2393 enim
3005 2357 3126 2410 qua:
3167 2342 3396 2396 dicenda

1818 2438 1884 2491 de
1910 2437 2226 2505 captivitate
2259 2436 2361 2489 sub
2390 2436 2680 2498 Antiocho,
2714 2443 2769 2487 ct
2796 2435 3035 2487 adducto
3064 2436 3115 2487 in
3149 2436 3401 2489 testimo-

1819 2530 1968 2582 nium
1995 2527 2483 2597 propheta,adjicit
2506 2528 2644 2581 etde
2667 2527 2963 2580 novissima
2991 2544 3003 2578 :
3041 2546 3057 2578 ι
3084 2528 3202 2581 Tali
3236 2531 3398 2583 modo

1820 2621 2006 2674 Daniel
2025 2621 2245 2689 scripsit
2272 2621 2339 2674 de
2364 2618 2736 2673 Romanorum
2765 2620 3014 2687 imperio,
3038 2621 3399 2691 praedixitquc

1819 2713 1964 2780 quod
2000 2712 2067 2763 ah
2098 2713 2180 2765 eis
2212 2709 2514 2765 Jerusalem
2553 2710 2859 2764 vastabitnr
2900 2719 2954 2762 et
2989 2713 3247 2777 templum
3300 2714 3397 2766 de-

1821 2813 2085 2858 struetur.
2120 2803 2294 2868 Quam
2334 2802 2577 2856 veritatis
2612 2816 2804 2855 amans
2838 2802 2906 2855 sit
2940 2803 3040 2855 iste
3071 2805 3150 2855 vir
3190 2808 3399 2872 perspi-

1822 2894 1960 2958 cias,
1996 2895 2090 2961 qui
2123 2892 2345 2947 Judazus
2373 2894 2499 2946 licet
2530 2890 2814 2946 Judaicam
2857 2900 3036 2945 tamen
3088 2895 3398 2947 contentio-

1822 3000 1943 3040 nem
1976 2996 2026 3039 et
2061 2986 2484 3040 meudacitatem
2518 2984 2762 3037 aemulari
2802 2997 2909 3035 non
2944 2983 3202 3037 sustinet.
3258 2982 3400 3039 Fore

1823 3089 1880 3133 ut
1914 3087 2226 3132 vastaretur
2258 3078 2564 3131 Jerusalem
2596 3087 2648 3130 et
2681 3077 2941 3144 templum
2988 3076 3227 3145 scripsit,
3290 3093 3397 3131 non

1821 3197 2003 3243 autem
2071 3197 2130 3243 ut
2188 3198 2575 3257 repararentur
2631 3188 2825 3251 ruinae,
2864 3188 3128 3256 siquidem
3187 3189 3397 3242 nullum

136 3278 296 3313 σεται
358 3262 429 3313 τὰ
463 3262 813 3332 Ἱεροσόλυμα
872 3260 968 3313 καὶ
1019 3262 1047 3312 ό
1090 3263 1215 3323 ναὸς
1236 3264 1303 3327 ³⁸,
1331 3260 1571 3329 ἔγραψεν
1595 3277 1611 3291 ο
1634 3263 1715 3314 ὅτι
1742 3296 1785 3356 C

1742 3296 1785 3356 ρ
1821 3277 2077 3345 εαρει-Ινὶι
2108 3278 2427 3345 prophetam
2459 3277 2554 3345 qui
2590 3276 2693 3329 hoc
2724 3276 2948 3330 diceret.
2987 3276 3086 3331 Uni
3122 3293 3285 3346 porro
3316 3280 3398 3332 di-

134 3354 192 3405 δὲ
237 3354 498 3420 στήσεταί
545 3370 645 3405 που
695 3354 764 3405 τὰ
812 3353 908 3423 τῆς
944 3352 1302 3421 ἐρημώσεως,
1326 3354 1510 3405 οὐκέτι
1542 3369 1714 3423 προσ-

136 3445 361 3513 έθηκεν,
400 3444 589 3513 ἐπειδὴ
632 3444 754 3496 οὐδὲ
780 3444 823 3475 ³³
852 3447 943 3496 τὸν
978 3445 1268 3514 προφήτην
1314 3438 1441 3513 εὗρε
1474 3442 1717 3496 τοιοῦτόν

134 3550 189 3585 τι
226 3533 603 3602 προστεθέντα
638 3534 707 3585 ³⁸.
744 3532 853 3585 Ποῦ
883 3534 1062 3586 τοίνυν
1094 3531 1248 3585 εἶπεν
1276 3535 1348 3602 (ό)
1379 3534 1597 3603 Δανιὴλ,
1636 3534 1719 3584 ὅτι

134 3626 163 3677 ό
189 3626 319 3687 ναὸς
357 3626 801 3695 ἐρημωθήσεται,
825 3624 1077 3677 ἄκουσον.
1115 3624 1334 3694 Ἐπειδὴ
1360 3625 1402 3655 ³⁷
1434 3625 1535 3694 τὴν
1550 3640 1718 3693 προσ-

135 3716 304 3787 ευχὴν
362 3716 582 3785 ἐκείνην
620 3716 666 3745 ⁸⁸
729 3715 927 3786 τὴν.ἐν
962 3714 1154 3784 σάκκῳ
1195 3716 1285 3767 καὶ
1321 3716 1502 3783 σποδῴ
1528 3717 1717 3784 ἐποιή-

138 3826 299 3874 σατο,
346 3804 478 3878 ἦλθε
535 3807 777 3877 Γαϐριὴλ
813 3807 948 3877 πρὸς
972 3808 1134 3859 αὐτὸν
1166 3808 1260 3859 καί
1288 3825 1451 3876 φησιν
1476 3809 1520 3838 η
1541 3824 1553 3836 ·
1592 3826 1609 3858 ι
1658 3811 1716 3860 0'

135 3902 437 3970 ἑϐδομάδας
464 3900 887 3969 συνετμήθησαν
918 3900 1009 3951 ἐπὶ
1060 3901 1152 3952 τὸν
1185 3900 1316 3951 λαόν
1356 3916 1450 3952 σου
1476 3900 1569 3954 καὶ
1627 3901 1719 3951 ἐπὶ

134 3994 237 4062 τὴν
266 3992 425 4044 πόλιν
484 3992 584 4061 τὴν
643 3992 831 4059 ἁγίαν.
863 4009 881 4041 ι
926 3991 1062 4043 Ὶδοὺ
1103 3992 1198 4043 καὶ
1236 3990 1473 4043 ἐνταῦθα
1527 3992 1719 4060 χρόνος

134 4084 383 4153 εἴρηται,
416 4083 476 4135 οὐ
507 4083 606 4151 τῆς
642 4080 1045 4151 αἰχμαλωσίας,
1069 4080 1206 4133 ἀλλὰ
1233 4080 1493 4149 μεθ’ὅσον
1525 4080 1717 4148 χρόνον

135 4176 375 4246 ὴμελλεν
422 4176 453 4245 ή
500 4172 848 4245 αἰχμαλωσία
897 4172 1333 4243 ἀπαντήσεσθαι.
1376 4167 1510 4225 Εἶτα
1555 4171 1717 4223 πάλιν

136 4274 312 4337 φησίν
349 4266 743 4337 ἀκριϐέστερον
774 4266 820 4296 ⁵⁸
844 4280 859 4294 ⁸
899 4283 916 4316 ‹
961 4266 1069 4319 Καὶ
1099 4265 1285 4335 γνώσῃ
1317 4264 1413 4317 καὶ⁵
1440 4265 1718 4333 συνήσεις,

135 4361 249 4413 ἀπὸ
280 4358 464 4425 ἐξόδου
506 4358 681 4425 λόγων
707 4357 804 4410 τοῦ
840 4356 1215 4427 ἀποκριθῆναι
1247 4357 1344 4410 καὶ
1372 4355 1467 4409 τοῦ
1516 4356 1718 4408 οἰκοδο-

138 4454 318 4521 μῆσαι
356 4449 716 4521 Ἰερουσαλὴμ
778 4448 883 4511 ῑως
912 4447 1153 4519 Χριστοῦ
1205 4447 1514 4518 ἡγουμένου
1569 4447 1717 4499 ἐϐδο-

139 4546 307 4617 μάδες
337 4544 382 4608 ς’
415 4544 509 4598 καὶ
532 4541 827 4611 ἐϐδομάδες
850 4541 985 4611 ξβ’.»
1015 4540 1280 4593 Ἐνταῦθα
1311 4557 1402 4609 μοι
1449 4538 1717 4608 νουνεχῶς

1821 3370 1960 3421 xerit
2028 3368 2261 3432 Daniel,
2331 3368 2458 3436 quia
2540 3368 2798 3437 templum
2854 3368 3181 3433 vastabitur,
3247 3372 3396 3423 audi.

1821 3462 1956 3512 (ζυιη
1985 3469 2200 3514 orasset
2248 3465 2511 3529 propheta
2558 3461 2611 3512 in
2648 3475 2809 3513 sacco
2869 3470 2923 3514 et
2983 3463 3186 3526 cinere,
3252 3464 3400 3515 venit

1819 3551 2035 3604 Gabriel
2068 3552 2132 3605 ad
2162 3567 2287 3605 eum
2338 3561 2393 3604 et
2443 3552 2581 3605 dixit
2612 3570 2627 3609 :
2660 3572 2678 3604 ι
2712 3551 3064 3621 Septuaginta
3100 3555 3397 3608 hebdoma-

1818 3646 1913 3698 des
1947 3644 2274 3697 abbreviatze
2307 3653 2434 3697 sunt
2472 3659 2638 3712 super
2702 3644 2958 3713 populum
2992 3653 3169 3707 tuum,
3203 3656 3259 3700 et
3296 3663 3395 3700 su-

1820 3750 1915 3804 per
1946 3736 2132 3789 urbem
2160 3744 2426 3788 sanctam.
2468 3754 2487 3785 »
2522 3734 2659 3790 Ecce
2698 3737 2785 3788 hic
2812 3736 2878 3789 de
2912 3746 3155 3803 tempore
3184 3737 3393 3790 dictum

1818 3835 1923 3891 est,
1955 3843 2059 3879 non
2110 3841 2239 3879 vero
2288 3826 2531 3895 quandiu
2578 3828 2649 3880 sit
2699 3841 3029 3897 oppressura
3085 3830 3391 3897 captivitas,

1822 3919 1916 3973 sed
1948 3927 2070 3987 post
2097 3918 2241 3987 quod
2274 3929 2490 3986 tempus
2541 3919 2611 3971 sit
2659 3919 2983 3972 adventura.
3032 3917 3398 3973 Deinde-dili-

1820 4011 2185 4081 gentiusdicit
2214 4026 2227 4061 :
2266 4028 2284 4060 ι
2326 4008 2389 4062 Et
2429 4011 2570 4063 scies
2600 4017 2653 4062 et
2684 4010 3111 4075 animadvertes,
3149 4012 3217 4064 ab
3247 4012 3396 4065 exitu

1818 4119 2135 4158 sermonum
2167 4103 2231 4155 ad
2272 4103 2713 4171 respondendum
2749 4111 2803 4157 et
2826 4103 3207 4157 aediﬁcandum
3236 4102 3400 4157 Jeru-

1817 4196 1986 4250 salem
2021 4210 2193 4264 usque
2224 4195 2291 4248 ad
2319 4194 2599 4247 Christum
2644 4196 2842 4249 ducem
2878 4194 3244 4249 hebdomades
3276 4210 3400 4262 sep-

1820 4295 2017 4353 tem,et
2038 4286 2405 4341 hebdomades
2431 4286 2713 4355 sexaginta
2732 4287 2874 4341 duae.
2912 4304 2929 4335 ι
2951 4287 3179 4346 Aurem,
3212 4288 3398 4349 sodes,

1821 4377 1999 4446 praebe
2032 4387 2292 4430 attentam
2318 4395 2336 4443 -,
2368 4378 2600 4447 quaestio
2632 4393 2740 4445 qua
2789 4380 2853 4431 de
2879 4377 3059 4446 agitur
3083 4378 3262 4447 gravis
3293 4389 3397 4431 est.

1823 4461 2201 4518 tltvbdomades
2238 4465 2402 4534 igitur
2448 4475 2652 4533 septem
2704 4474 2758 4518 et
2802 4466 3084 4535 sexaginta
3129 4461 3249 4519 dua:
3274 4477 3401 4521 sunt

1817 4551 2201 4620 quadringenti
2238 4553 2512 4622 octoginta
2563 4562 2674 4607 tres
2702 4553 2850 4606 anni.
2902 4550 3021 4606 Non
3074 4553 3210 4607 dtcit
3252 4557 3399 4607 enim

136 4640 382 4710 πρόσεχε
405 4650 417 4664 ⁸
447 4638 509 4688 τὸ
539 4636 650 4705 γὰρ
681 4635 791 4686 πᾶν
823 4632 1061 4686 ἐνταῦθά
1107 4635 1223 4683 ἐστι
1252 4632 1312 4683 τὸ
1342 4629 1674 4699 ζητούμενον
1696 4645 1709 4659 ·
1738 4628 1792 4686 D

1738 4628 1792 4686 Ι)
1820 4642 1891 4695 ibi
1919 4642 2284 4696 hebdomades
2308 4643 2520 4697 dierum
2542 4660 2644 4698 nec
2676 4646 2970 4707 mensium,
2992 4647 3083 4699 sed
3103 4661 3395 4699 annoruu:

136 4731 441 4801 ἑϐδομάδες
473 4726 566 4780 οὖν
602 4730 646 4790 ζ’
680 4728 773 4779 καὶ
797 4725 1095 4795 ἐδδομάδες
1124 4722 1199 4793 ξβ⁹
1246 4728 1373 4790 υπγ¹
1413 4722 1509 4791 ἐτη
1555 4721 1713 4772 εἰσίν.

148 4823 489 4894 Ἐϐδομάδας
518 4821 627 4888 γὰρ
653 4818 1002 4888 ούχῃήμερῶν
1030 4814 1430 4882 ἐνταῦθαλέγει
1457 4812 1577 4867 οὐδὲ
1613 4830 1718 4882 μη·

134 4918 266 4981 νῶν,
304 4915 421 4969 ἀλλ’
449 4913 751 4981 ἑϐδομάδας
782 4911 1047 4964 ἐνιαυτῶν
1068 4924 1085 4940 ⁸
1115 4910 1224 4962 ἀπὸ
1262 4909 1318 4962 δὲ
1354 4908 1497 4979 (84⁸)
1528 4906 1712 4975 Κύρου

135 5012 231 5062 ἐπὶ
274 5008 555 5077 Ἀντίοχον
610 5006 702 5058 τὸν
725 5004 995 5073 Ἐπιφανῆ
1048 5004 1146 5056 καὶ
1191 5003 1294 5072 τὴν
1333 4998 1714 5071 αἰχμαλωσίαν

135 5102 351 5157 ἐκείνου
392 5100 433 5132 ⁸⁸
466 5100 563 5168 ἐτη
596 5100 735 5151 εἰσιν
763 5096 897 5164 τύδ’.
932 5092 1063 5149 Εἶτα
1093 5095 1336 5149 διδάσκει
1366 5095 1410 5125 δ’
1436 5095 1580 5162 ἡμᾶς
1621 5091 1708 5143 πό-

138 5197 230 5248 θεν
291 5192 550 5262 ἀριθμεῖν
600 5191 700 5255 δεῖ,
752 5190 833 5242 ὅτι
890 5188 993 5241 οῦκ
1045 5188 1153 5239 ἀπὸ
1207 5186 1309 5253 τῆς
1359 5186 1579 5253 ἡμέρας
1614 5183 1713 5249 τῆς

137 5285 426 5350 ἐπανόδου,
456 5284 573 5337 ἀλλ’
611 5302 631 5335 ι
672 5282 778 5335 ἀπὸ
810 5281 991 5347 ἐξόδου
1012 5281 1188 5347 λόγων
1219 5279 1312 5332 τοῦ
1339 5275 1711 5346 ἀποκριθῆναι

1822 4749 1851 4787 a
1879 4734 2023 4805 Cyro
2040 4736 2103 4789 ad
2126 4736 2457 4790 Antiochum
2479 4736 2814 4807 Epiphanem
2834 4747 2888 4791 et
2909 4738 3273 4808 captivitatem
3296 4741 3402 4795 sub

1821 4830 1926 4883 isto
1952 4831 2177 4883 trecenti
2210 4830 2502 4899 nonaginta
2528 4840 2784 4901 quatuor.
2817 4831 2985 4886 Docet
3015 4848 3118 4887 nos
3141 4844 3402 4901 pretcrca

1823 4920 1966 4975 unde
1989 4921 2417 4989 supputandum,
2450 4922 2577 4991 quia
2609 4936 2716 4975 non
2762 4936 2793 4975 a
2845 4922 2933 4975 die
2957 4922 3186 4985 reditus,
3207 4923 3302 4977 sed
3332 4925 3402 4977 ab

1820 5014 1971 5066 exitu
2011 5027 2327 5067 sermonum
2358 5013 2424 5065 ad
2457 5013 2900 5081 respondendum
2935 5021 2988 5067 et
3017 5014 3399 5069 aadilicandum

1822 5103 2147 5158 Jerusalem.
2189 5100 2309 5156 Non
2346 5112 2531 5157 autem
2572 5104 2899 5158 reaediticata
2945 5116 3027 5159 est
3078 5107 3181 5159 sub
3231 5106 3400 5176 Cyro,

1825 5195 1919 5248 sed
1980 5195 2081 5249 sub
2134 5196 2437 5249 Artaxerxe
2483 5195 2823 5264 Longimauo
2863 5197 3034 5251 dicto.
3064 5195 3194 5252 Post
3248 5201 3399 5254 enim

1820 5286 2054 5340 reditum
2082 5286 2221 5357 Cyro
2256 5288 2517 5343 successit
2542 5287 2860 5359 Cambyses,
2886 5290 2973 5344 cui
2999 5289 3168 5360 Magi;
3201 5292 3401 5347 deinde

1314 5422 1509 5484 Variae
1560 5426 1866 5487 lectiones
1913 5432 1972 5489 et
2020 5433 2207 5487 notae.

212 5532 254 5562 "
286 5528 423 5601 Dan.
478 5544 584 5601 xu,
617 5527 723 5601 {2.
784 5521 1093 5601 "_ot'»v_add_.
1118 5525 1241 5601 cod.
1264 5527 1370 5601 A_“_
1392 5528 1728 5601 gemitum
1761 5530 1888 5584 Dan.

1718 5550 1728 5581 ν
1761 5530 1900 5585 Dan.
1975 5530 2018 5563 ’°
2047 5530 2175 5600 ,ασλ¹
2200 5529 2371 5585 Ced.?
2443 5532 2483 5561 ’ί
2517 5532 2624 5601 γάρ
2640 5531 2764 5585 add.
2786 5530 2903 5585 cod.
2983 5532 3081 5601 ¹³ή
3117 5533 3239 5584 add.
3264 5531 3394 5588 Ced.

138 5603 183 5633 "
210 5601 275 5671 δή
318 5600 445 5671 add.
476 5599 609 5671 Ced.
687 5596 734 5627 ’δ
756 5598 1017 5671 τοῖςειόιί.
1049 5596 1183 5671 (Sed.
1260 5599 1306 5671 ’ξ
1334 5596 1814 5671 (ΣοφιοίίΑί-ιυθ

1557 5596 1901 5667 Udi-408,8.
1978 5603 2023 5631 "
2047 5596 2202 5670 ’Ὅρα
2226 5605 2350 5654 cod.
2425 5602 2471 5632 "
2504 5596 2626 5653 κεκ.
2671 5601 2845 5653 ταῦτα
2870 5603 2951 5653 ὅτι
2978 5596 3109 5655 (Sed.
3190 5604 3233 5632 "'

544 5670 591 5738 ’ξ
623 5668 840 5737 ὅτιγὰρ
870 5667 1000 5722 Ced.
1078 5667 1123 5738 ἕο
1151 5683 1213 5738 π.
1240 5666 1339 5738 τῆς
1378 5671 1426 5721 ἐ.
1458 5670 1499 5721 δ’
1527 5671 1620 5722 καὶ
1644 5688 1693 5725 τ.
1726 5670 1859 5726 Ced.
1940 5673 1980 5703 ³¹
2016 5672 2107 5722 τὸν
2132 5666 2209 5721 "I.

139 5669 311 5741 ἥμισυ
339 5669 470 5741 Ced.

143 5732 230 5805 ΧἸ,
265 5740 319 5793 7.
402 5740 445 5771 ³³
477 5739 535 5792 ’1.
568 5732 634 5808 ὴν
666 5732 822 5793 (Σειίξ
878 5738 922 5769 ⁸⁸
939 5732 1385 5808 καταλυθήσεται
1412 5738 1542 5795 Ced.
1623 5742 1668 5772 "

1698 5742 1831 5812 μήδέ
1858 5743 1990 5798 Ced.
2066 5743 2109 5773 ³³
2140 5742 2449 5812 προσθέντα
2481 5744 2612 5797 Ced.
2690 5743 2731 5771 ³⁷

2240 5618 2350 5654 :ou.
2427 5618 2466 5632 "
2504 5619 2626 5653 κεκ.
2671 5618 2845 5653 ταυτα
2870 5618 2951 5653 οτι
2978 5618 3109 5655 heu.
3190 5618 3234 5632 "
3268 5618 3395 5671 τρια

2240 5689 2299 5740 μ.
2325 5672 2454 5725 Ced.
2535 5674 2581 5704 ³⁸
2613 5674 2760 5738 γέτοι
2794 5673 2925 5725 Cod.
2962 5674 3019 5724 δέ
3056 5672 3172 5725 Jus.
3200 5677 3263 5724 A.
3306 5674 3393 5735 10,

2773 5744 2931 5811 ήνίκα
2962 5744 3151 5804 codex,
3184 5747 3396 5809 glosse-

138 5828 243 5866 ma.
324 5810 369 5841 ³⁸
400 5813 460 5862 ἐκ
496 5811 561 5881 ὴν
591 5806 785 5865 Codex.
862 5809 904 5840 ³⁹
934 5806 1069 5861 Dan.
1105 5822 1176 5875 ιι,
1212 5806 1301 5861 αι.
1379 5809 1424 5839 ⁸⁸
1456 5811 1588 5867 Dan.
1631 5806 1710 5880 ιι,
1760 5806 1814 5867 ΞΕ

1760 5806 1849 5867 ἱῦ.
1930 5815 1971 5844 δ’
2016 5806 2232 5881 ἐκείνην
2264 5810 2396 5866 Ced.
2476 5813 2523 5844 δ’
2546 5812 2754 5866 διδάσκ.
2792 5806 2927 5869 ἰλοιι.
2967 5806 3231 5868 διδάσκων
3255 5812 3386 5875 Ced.
