4244 6444
843 391 946 452 687

2052 383 2377 445 GEORGII
2420 383 2871 443 HAMARTOLI

3992 389 4103 452 488

836 504 1031 558 Darius
1063 499 1362 571 Hystaspis,
1384 508 1504 569 post
1549 512 1708 567 quem
1738 497 1982 568 regnavit
2020 496 2231 551 Xerxes
2269 494 2413 549 Darii
2440 510 2491 571 Α

2440 510 2491 571 Α
2533 493 2925 567 Ἰερουσαλήμο
2971 496 3073 550 οὐκ
3104 497 3194 549 ἐπὶ
3221 498 3401 567 Κύρου
3439 498 3484 529 ³³
3504 497 3561 551 δὲ
3600 498 3953 570 ᾠκοδομήοη,
3979 502 4100 553 ἀλλ’

840 596 1010 661 ﬁlius,
1032 596 1124 661 qui
1145 602 1193 645 et
1213 593 1537 655 Artabanes,
1564 601 1619 645 et
1638 592 1853 644 tandem
1872 591 2047 643 dictus
2060 592 2410 642 Artaxerxes.

835 688 994 741 Anno
1045 684 1301 738 vicesimo
1369 684 1530 751 huius
1591 686 1763 750 regni,
1823 695 2073 733 reversus
2101 677 2411 744 Nchemias,

834 778 1106 833 civitatem
1132 775 1501 841 reardiﬁcavit,
1526 776 1668 829 sicut
1698 772 1854 826 nobis
1875 772 2074 826 Esdras
2103 770 2409 840 diligentis-

837 870 975 922 sime
1006 869 1307 921 enarravit.
1373 866 1429 920 Si
1477 867 1601 920 hinc
1650 865 2081 933 quadringentos
2134 862 2411 931 octoginta

834 970 948 1015 tres
978 975 1153 1015 annos
1187 974 1477 1028 ponamus,
1510 958 1576 1011 ad
1628 956 2052 1011 destructionem
2090 955 2263 1024 ipsam
2316 954 2411 1006 de-

837 1051 1139 1115 veniemus,
1175 1060 1233 1104 ut
1266 1049 1590 1103 testiﬁcatur
1624 1047 1899 1117 Joscphus
1934 1050 2129 1100 iterum
2175 1046 2363 1099 dicens
2393 1059 2407 1095 :

834 1139 1084 1194 Civitatis
1112 1139 1473 1192 vastationem
1522 1151 1577 1192 et
1610 1138 1792 1205 templi
1835 1138 2032 1189 factam
2085 1150 2209 1188 esse
2258 1133 2409 1200 juxta

840 1230 1183 1301 prophetiam
1217 1228 1457 1283 Danielis
1489 1244 1517 1282 a
1552 1230 1821 1282 sexcentis
1847 1238 1971 1281 octo
1996 1227 2159 1281 annis
2181 1226 2404 1280 editam.

836 1322 962 1376 lleo
1001 1322 1174 1375 dicit;
1217 1339 1237 1372 ι
1273 1320 1658 1373 Aidiﬁcahitur
1709 1321 1883 1389 platea
1931 1329 1985 1372 et
2038 1333 2250 1372 murus.
2287 1335 2304 1367 ι
2365 1314 2409 1368 Α

834 1422 1080 1481 tempore
1110 1426 1264 1479 ergo,
1327 1426 1437 1480 quo
1483 1411 1676 1465 iterum
1727 1410 1994 1463 a-dilicata
2040 1419 2123 1463 est
2174 1418 2227 1462 et
2285 1422 2411 1476 pro-

838 1488 1012 1571 priam
1050 1504 1133 1557 sui
1169 1504 1341 1572 ipsius
1376 1503 1599 1570 ﬁgurant
1644 1501 2005 1568 recuperavit,
2062 1510 2294 1567 supputa
2342 1497 2411 1549 70

840 1593 1226 1655 hebdomades,
1250 1601 1305 1645 et
1330 1591 1539 1644 videbis
1571 1590 1944 1656 captivitatem
1988 1589 2197 1642 nullum
2247 1590 2407 1641 linem

840 1686 1164 1748 habentem;
1194 1683 1339 1752 quod
1374 1683 1526 1737 clare
1561 1681 1877 1746 ostendens,
1912 1680 2037 1748 quia
2063 1696 2170 1732 non
2198 1679 2410 1734 aufere-

841 1785 929 1828 tur
959 1789 1214 1844 pressura
1246 1773 1530 1836 malorum,
1565 1772 1643 1826 sic
1672 1772 1808 1825 dicit
1838 1788 1854 1826 :
1895 1790 1912 1823 ι
1946 1770 2077 1825 Post
2106 1772 2173 1825 70
2208 1771 2410 1825 hebdo-

842 1867 1031 1922 mades
1080 1865 1537 1920 exterminabitur
1579 1865 1842 1927 chrisma,
1888 1874 1943 1917 et
1990 1863 2257 1928 judicium
2302 1878 2409 1915 non

838 1958 942 2011 erit
974 1958 1121 2010 ineo
1165 1969 1179 2005 :
1224 1966 1278 2009 et
1312 1955 1591 2010 civitatem
1644 1962 1698 2006 et
1749 1951 2119 2006 sanctuarinm
2171 1953 2414 2006 destruet

836 2062 964 2100 cum
994 2046 1133 2099 duce
1167 2052 1427 2106 venturo,
1472 2053 1526 2096 et
1584 2041 1875 2094 allidentur
1942 2040 2098 2110 quasi
2162 2041 2214 2093 iu
2262 2050 2413 2093 cata-

836 2138 1065 2207 clysmo,
1106 2145 1159 2190 et
1192 2149 1365 2204 usque
1391 2132 1456 2187 ad
1485 2133 1645 2187 linem
1676 2133 1800 2187 belli
1832 2133 2042 2186 concisi
2090 2130 2284 2185 ordine
2316 2132 2413 2185 de-

837 2230 1218 2284 solatiouibus.
1264 2246 1281 2278 ι
1344 2226 1411 2281 Ει
1469 2227 1661 2280 iterum
1725 2225 1794 2280 de
1857 2226 2045 2280 eadem
2101 2225 2416 2294 captivitate

836 2321 1093 2389 loquens,
1123 2320 1257 2373 dicit
1289 2334 1303 2370 :
1344 2318 1677 2373 (Aufcrctur
1706 2315 2006 2385 victimafet
2044 2316 2302 2383 libamen,
2360 2325 2416 2371 et

836 2429 1003 2482 super
1036 2413 1295 2481 templum
1346 2409 1683 2463 abominatio
1717 2409 2099 2473 desolationis,
2137 2407 2416 2477 plenitudo

842 2503 1057 2553 dabitur
1085 2516 1248 2569 super
1290 2500 1624 2553 vastitatem.
1664 2516 1684 2549 ι
1738 2496 2219 2551 Abominatiunem
2262 2499 2416 2552 deso-

840 2590 1064 2644 lationis
1102 2589 1235 2642 dicit
1284 2597 1519 2642 statuam
1575 2603 1737 2655 quam
1797 2588 1971 2641 erexit
2003 2572 2278 2641 Adrianus
2312 2588 2418 2641 im-

841 2691 1062 2750 perator
1123 2682 1177 2734 iu
1247 2680 1470 2749 templo,
1531 2680 1708 2747 quiet
1759 2681 1947 2731 urbem
2005 2679 2123 2731 solo
2160 2678 2413 2746 aequavit.

843 2774 975 2827 Post
1046 2772 1317 2824 excidium
1378 2773 1523 2823 enim
1582 2770 1684 2822 sub
1750 2766 2086 2836 Vespasiano
2143 2778 2198 2821 et
2259 2766 2416 2831 Tito,

848 2864 1093 2917 Adriano
1127 2863 1453 2930 imperante,
1491 2870 1845 2913 surrexerunt
1883 2859 2076 2924 Judaei,
2129 2869 2182 2913 et
2212 2858 2279 2911 ad
2309 2859 2419 2925 prio

838 2955 1041 3009 stinum
1067 2961 1265 3007 statum
1298 2952 1471 3005 redire
1496 2950 1672 3004 conati
1687 2959 1832 3013 sunt,
1855 2950 2127 3002 incassum
2146 2947 2254 3002 Deo
2283 2948 2421 3002 resi-

839 3055 1069 3109 stentes,
1135 3059 1237 3098 nec
1290 3046 1612 3112 prophetam
1681 3041 1989 3104 audientes,
2048 3054 2171 3093 cum
2218 3040 2352 3093 dicit
2404 3057 2417 3094 :

849 3160 868 3192 ι
914 3138 1044 3204 Quae
1079 3137 1223 3191 Deus
1270 3147 1491 3191 sanctus
1520 3135 1781 3199 decrevit,
1813 3135 1937 3204 quis
1996 3132 2315 3198 inﬁrmabit,
2366 3142 2421 3186 et

840 3246 1060 3286 manum
1134 3227 1255 3297 ejus
1321 3226 1610 3281 sublimem
1657 3227 1782 3295 quis
1845 3224 2093 3279 evertet?
2130 3242 2148 3274 ι
2226 3217 2490 3277 Rebel-C

838 3325 1013 3377 lantes
1075 3321 1239 3389 igitur
1296 3318 1493 3371 iterum
1559 3316 1625 3371 ad
1676 3316 1839 3370 ﬁnem
1900 3315 2256 3371 desolationis
2321 3329 2421 3369 sua

835 3422 1033 3484 Sponte
1062 3420 1325 3465 venerunt
1353 3426 1369 3476 ;
1402 3409 1679 3478 deinceps,
1719 3410 1806 3464 his
1853 3409 2136 3478 subjectis,
2172 3417 2227 3461 et
2301 3407 2425 3459 fun-

837 3517 985 3569 ditus
1016 3526 1208 3568 eversa
1235 3511 1477 3575 civitate,
1504 3518 1562 3563 et
1602 3508 1851 3579 reliquiis
1901 3507 2308 3571 exterminatis,
2361 3516 2420 3559 ut

843 3624 950 3662 non
982 3607 1101 3661 sine
1128 3602 1420 3673 opprobrio
1467 3600 1649 3655 forent
1703 3610 1939 3655 statuam
1967 3612 2123 3652 suam
2148 3598 2421 3667 propriam

841 3697 1049 3769 posuit.
1080 3694 1281 3749 Deinde
1303 3709 1426 3747 cum
1455 3693 1780 3761 intelligeret
1807 3693 1945 3745 hanc
1976 3689 2106 3745 olim
2149 3690 2418 3742 ruituram

840 3803 985 3850 esse,
1016 3794 1077 3840 ut
1116 3786 1225 3839 illis
1256 3786 1469 3853 plagam
1502 3782 1959 3836 irremediabilem
2013 3783 2279 3844 inureret,
2329 3797 2423 3851 op-

842 3878 1049 3950 probrii
1113 3878 1397 3945 cladisque
1446 3886 1634 3927 rimam
1698 3888 1858 3926 suum
1936 3888 2137 3927 nomen
2206 3873 2419 3927 civitati

838 3972 1123 4041 imposuit.
1177 3970 1313 4023 Cum
1380 3967 1525 4020 enim
1601 3963 1780 4017 Elius
1842 3964 2114 4018 Adrianus
2174 3965 2424 4017 nomina-

846 4076 1018 4129 retur,
1051 4063 1131 4117 sic
1159 4059 1401 4115 decrevit
1435 4060 1502 4112 de
1538 4072 1638 4111 suo
1706 4056 1928 4111 nomine
1975 4058 2166 4111 urbem
2215 4072 2427 4109 nuncu-

845 4157 992 4227 pari;
1027 4170 1149 4225 qute
1199 4153 1376 4220 reipsa
1432 4149 1702 4219 hodieque
1751 4149 1893 4203 Allia
1923 4160 2147 4204 vocatur
2189 4148 2257 4207 de
2282 4148 2426 4203 illius

848 4246 1096 4310 nomine,
1154 4246 1247 4314 qui
1301 4243 1507 4312 potitus
1545 4242 1733 4297 diruit.
1789 4241 1943 4297 Unde
1994 4241 2272 4308 Christus,
2330 4242 2425 4311 qui

848 4346 975 4409 post
1022 4338 1351 4392 Antiochum
1396 4334 1731 4404 Epiphanem
1788 4334 1955 4399 venit,
2007 4349 2134 4387 cum
2187 4332 2425 4386 futuram

847 4432 1213 4501 captivitatem
1295 4427 1660 4497 proclamaret
1703 4428 2121 4493 ostenderetque
2170 4423 2313 4492 quod
2362 4423 2428 4477 de

2521 586 2616 638 ἐπὶ
2677 588 2775 639 τοῦ
2818 586 3181 657 Ἀρταξέρξου
3233 587 3326 640 τοῦ
3361 590 3762 658 Μακρόχειρος.
3799 592 3955 644 Μετά
3986 591 4102 661 γάρ

2517 678 2618 749 τὴν
2641 678 2869 731 κάθοδον
2892 679 3164 747 ἐπανῆλθε
3200 678 3532 747 Καμϐύσης,
3555 677 3673 734 εἶτα
3708 683 3757 732 οἱ
3788 682 3972 749 Μάγοι
4000 686 4100 735 καὶ

2522 769 2643 839 μετ’
2672 769 2917 830 ἐκείνους
2962 772 3187 838 Δαρεῖος
3227 771 3539 823 Ὑστάσπου
3560 814 3573 832 ,
3600 771 3719 840 μεθ’
3743 770 3801 823 ὃν
3827 770 4041 842 Ξέρξης
4069 776 4099 825 ὁ

2518 861 2748 930 Δαρείου
2790 862 2884 913 καὶ
2927 861 3268 931 Ἀρταϐάνης
3295 878 3309 892 ο
3354 857 3472 914 εἶτα
3507 862 3875 934 ’Δρταξὲρξης
3914 865 3942 916 6
3974 866 4098 916 Μα-

2518 951 2744 1021 κρόχειρ
2777 951 3097 1004 ἐϐασίλευσε
3123 952 3221 1020 τῆς
3254 952 3532 1022 Περσίδος.
3556 952 3647 1004 Ἐν
3680 954 3782 1020 (δέ)
3804 954 3879 1023 τῷ
3906 952 3952 1006 κ’
3983 954 4100 1005 Etet

2516 1044 2616 1110 τῆς
2673 1043 2955 1111 βασιλείας
3002 1042 3169 1095 αὑτοῦ
3204 1043 3447 1106 Νεεμίας
3500 1043 3764 1107 ἀνελθὼν,
3796 1047 3898 1115 τὴν
3930 1046 4098 1097 πόλιν

2518 1134 2838 1202 ἀνέστησεν,
2872 1135 3017 1204 άπερ
3034 1137 3062 1187 ὁ
3084 1134 3322 1205 Ἔσδρας
3340 1136 3582 1205 ἀκριϐῶς
3611 1140 3743 1207 ἡμῖν
3768 1139 4094 1209 διηγήσατο.

2523 1224 2619 1276 ’Ἂν
2634 1224 2815 1277 τοίνυν
2841 1225 3090 1278 ἐντεῦθεν
3121 1224 3398 1297 υπ[γ’]έτη
3421 1226 3584 1297 310
3605 1229 3784 1298 θῶμεν
3804 1230 3869 1292 ⁸⁸,
3886 1232 4097 1299 ἥξομεν

2519 1319 2736 1378 πάντως
2769 1318 2862 1368 ἐπὶ
2883 1319 2984 1385 τὴν
3017 1318 3382 1389 κατασκαφὴν
3424 1318 3631 1389 ταύτην
3653 1321 3719 1385 ⁸⁸,
3755 1321 3833 1385 ώς
3853 1325 3949 1376 καὶ
3975 1322 4101 1373 Ἱώο

2518 1421 2691 1472 σηπος
2720 1401 2879 1467 αὖθις
2910 1409 3185 1476 μαρτυρεῖ
3213 1407 3389 1476 λέγων
3419 1424 3434 1439 ο
3472 1427 3492 1461 ι
3534 1409 3646 1480 Τὴν
3674 1410 3732 1462 δὲ
3755 1412 3854 1480 τῆς
3875 1411 4099 1473 πόλεως

2517 1497 2802 1565 ἐρήμωσιν
2829 1498 2925 1549 καὶ
2993 1498 3088 1550 τοῦ
3145 1500 3278 1552 ναοῦ
3312 1501 3359 1532 ⁸⁸
3400 1501 3603 1571 συνέϐη
3637 1503 3896 1570 γενέσθαι
3948 1505 4101 1557 κατᾶ

2516 1587 2613 1657 τὴν
2641 1588 2843 1659 Δανιὴλ
2866 1590 3209 1658 προφητείαν
3240 1592 3348 1661 πρὸ
3380 1592 3425 1644 u'
3447 1591 3589 1664 [καὶ]
3619 1593 3764 1645 ὀκτὼ
3790 1597 4097 1663 γενομένην

2518 1678 2677 1732 ἐτῶν.
2705 1680 2805 1731 Διά
2832 1678 2993 1734 τοῦτό
3026 1698 3193 1751 φησιν
3216 1696 3229 1709 ⁸
3256 1699 3274 1732 ι
3314 1683 3821 1753 Οίκοδομηθησεται
3853 1686 4093 1739 πλατεῖα

2518 1771 2615 1822 καὶ
2667 1771 2979 1841 περίτειχος
3014 1773 3057 1803 ⁸*
3081 1810 3096 1826 .
3132 1792 3150 1824 ι
3177 1773 3221 1804 ’⁵⁸
3262 1772 3374 1845 (51)
3411 1773 3665 1828 Ἐπειδὰν
3731 1772 3825 1829 οῦν
3879 1781 4092 1847 ἀναστῇ

2517 1862 2613 1913 καὶ
2640 1862 2702 1914 τὸ
2721 1865 2924 1917 οἰκεῖον
2972 1865 3226 1939 ἀπολάϐῃ
3275 1867 3491 1938 σχῆμα,
3519 1868 3614 1920 ἀπ’
3644 1869 3851 1921 ἐκείνου
3902 1872 4005 1933 τάς
4057 1878 4097 1923 (ι’

2516 1951 2822 2021 ἑϐδομάδας
2847 1955 3076 2025 ἀρίομει
3134 1956 3257 2029 (καὶ
3291 1958 3398 2028 bam
3431 1958 3530 2030 τὴν
3569 1960 3950 2029 αἰχμαλωσίαν
3999 1964 4100 2030 τὴν

2516 2043 2701 2107 οὐκέτι
2752 2044 2903 2107 τέλος
2958 2046 3211 2116 ἔχουσαν,
3235 2050 3375 2118 ὅπερ
3410 2050 3590 2119 δηλῶν
3621 2054 3978 2123 σαφέστερον,
4014 2054 4099 2105 ὅτι

2516 2135 2615 2203 οὐχ
2643 2134 2754 2199 ἐξει
2807 2134 2934 2190 τινὰ
2984 2135 3140 2189 λύσιν
3176 2136 3246 2190 τά
3287 2138 3591 2207 κατέχοντα
3640 2142 3839 2203 αὐτοὺς
3899 2144 4054 2193 κακά
4081 2184 4095 2206 ,

2518 2224 2661 2278 οῦτω
2689 2225 2875 2297 φησίν)
2902 2243 2917 2258 ο
2967 2246 2985 2279 ι
3018 2227 3177 2281 Μετὰ
3215 2229 3272 2282 δέ
3301 2229 3400 2293 τὰς
3437 2228 3478 2283 o'
3508 2230 3553 2262 δ’
3578 2230 3877 2301 ἑϐδομάδας
3911 2233 4097 2297 ἐξολο-

2519 2315 2879 2387 ορευθήσεται
2910 2319 3137 2390 χρίσμα,
3168 2321 3262 2374 καὶ
3278 2322 3451 2390 κρῖμα
3480 2322 3583 2375 οὐκ
3605 2323 3758 2376 ἔσται
3800 2325 3855 2375 ἐν
3876 2325 4030 2392 αὐτῷ
4052 2325 4100 2354 ⁵⁸

2522 2410 2633 2480 (καὶ
2665 2410 2762 2481 τὴν
2797 2410 2953 2465 πόλιν
2985 2413 3074 2466 καὶ
3106 2412 3167 2465 τὸ
3196 2413 3351 2481 ἆγιον
3379 2413 3662 2484 διαφθερεῖ
3702 2418 3799 2468 σὺν
3829 2416 3903 2486 τῷ
3931 2418 4102 2486 ἡγου-

2526 2501 2672 2570 μένῳ
2692 2502 2772 2571 τῷ
2801 2502 3104 2572 ἐρχομένῳ,
3143 2502 3240 2555 καὶ
3272 2506 3710 2575 συγκοπήσονται
3739 2506 3814 2568 ὼς
3841 2509 3900 2558 ἐν
3923 2524 4101 2559 κατα-

2524 2592 2775 2662 κλυσμῷ,
2804 2597 2900 2647 καὶ
2954 2596 3059 2657 ἓως
3120 2595 3309 2659 τέλους
3368 2596 3608 2666 πολέμου
3660 2601 4101 2668 συντετμημένοι

2522 2687 2674 2751 τάξει
2728 2678 3079 2757 ἀφανισμοῖς.
3119 2708 3137 2739 ι
3168 2690 3279 2740 Καὶ
3340 2690 3505 2743 πάλιν
3564 2690 3664 2759 τὴν
3713 2694 4103 2762 αἰχμαλωσίαν

2520 2779 2727 2847 ταύτην
2790 2778 2964 2846 λέγων
3032 2779 3269 2849 φησίσιο
3311 2798 3330 2830 ι
3388 2780 3715 2850 ’Δροήσεται
3773 2784 3934 2835 θυσία
4008 2788 4105 2837 καί⁵

2526 2871 2752 2940 σπονδὴ,
2798 2872 2894 2923 καὶ
2925 2870 3022 2924 ἐπὶ
3052 2872 3111 2925 τὸ
3144 2872 3290 2939 ἱερὸν
3319 2873 3595 2943 βδέλυγμα
3624 2874 3727 2943 τῆς
3752 2874 4102 2945 ἐρημώσεως

2525 2962 2805 3015 συντέλεια
2830 2962 3118 3032 δοθήσεται
3154 2964 3248 3016 ἐπὶ
3280 2965 3381 3034 τὴν
3410 2966 3712 3035 ἐρήμωσιν.
3757 2985 3775 3017 ι
3812 2968 4103 3036 Βῖέλυγμα

2523 3052 2578 3105 δὲ
2633 3052 2782 3121 λέγει
2853 3054 3191 3124 ἐρημώσεως
3240 3055 3333 3108 τὸν
3376 3057 3704 3126 ἀνδριάντα,
3762 3058 3822 3111 ὃν
3868 3059 4103 3128 ἔστησεν

2525 3142 2803 3214 Ἀδριανὸς
2829 3146 2857 3197 ὁ
2882 3145 3146 3215 βασιλεὺς
3189 3147 3248 3198 ἐν
3271 3145 3350 3215 τῷ
3395 3147 3531 3215 ναῷ,
3568 3146 3626 3209 ὃς
3668 3149 3762 3201 καὶ
3797 3149 3897 3218 τὴν
3944 3150 4105 3202 πόλιν

2524 3234 2770 3287 καθεῖλεν
2813 3236 3033 3305 ἄρδην).
3068 3236 3224 3289 Μετά
3271 3238 3379 3308 γὰρ
3412 3237 3513 3308 τὴν
3553 3239 3975 3295 Οὐεσπασιανοῦ
4007 3246 4104 3296 καὶ

2524 3324 2687 3378 Τίτου
2746 3332 3052 3397 γενομένην
3100 3328 3383 3398 ἐρήμωσιν
3424 3328 3521 3383 ἐπὶ
3550 3330 3836 3399 Ἀδριανοῦ
3893 3337 4107 3404 συστή-

2526 3432 2717 3478 σαντες
2740 3418 2785 3448 ⁸³
2817 3419 2866 3469 oi
2906 3418 3175 3483 Ἰουδαῖοι,
3210 3419 3542 3484 ἐσπούδαζον
3568 3423 3661 3474 ἐπὶ
3694 3423 3795 3492 τὴν
3825 3426 4107 3497 προτέραν

2526 3508 2803 3560 πολιτείαν
2828 3508 3151 3563 ἐπανελθεῖν
3179 3513 3230 3563 οἱ
3274 3515 3496 3581 μάταιοι
3541 3513 3941 3583 θεομαχοῦντες
3986 3521 4108 3585 (καὶ

2527 3600 2602 3669 μὴ
2628 3601 2922 3662 ἀκούοντες
2943 3601 3038 3655 τοῦ
3063 3604 3351 3674 προφήτου
3377 3604 3629 3673 λέγοντος
3653 3606 3700 3637 ⁸³
3721 3622 3735 3636 ο
3768 3626 3787 3659 ι
3825 3611 3895 3661 ’Δ
3917 3613 3945 3661 ὁ
3967 3610 4104 3673 Θεὸς

2524 3690 2553 3741 ὁ
2580 3692 2734 3759 ἀγιος
2764 3692 3241 3761 βεϐούλευται,τίς
3269 3694 3637 3759 διασκεδάσει,
3680 3700 3777 3749 καὶ
3814 3698 3916 3769 τὴν
3946 3705 4108 3771 χεῖρα

2526 3781 2692 3833 αὑτοῦ
2732 3783 2831 3851 τὴν
2855 3784 3066 3853 ὑψηλὴν
3105 3787 3191 3847 τίς
3220 3786 3599 3856 ἀποστρέψεις
3639 3807 3657 3839 ι
3696 3791 4107 3855 Στασιάσαντες

2525 3866 2619 3924 οῦν
2638 3871 2797 3925 πάλιν
2819 3874 3049 3935 ἑαυτοὺς
3067 3876 3149 3935 εἰς
3166 3874 3321 3936 τέλος
3342 3876 3676 3945 ἐρημώσεως
3693 3882 4070 3950 κατέστησαν)
4090 3900 4106 3917 ·

2527 3961 2935 4031 χειρωσάμενος
2966 3961 3076 4032 γὰρ
3105 3963 3150 3994 ³⁵
3174 3965 3373 4027 αὐτοὺς
3395 3967 3423 4016 ὁ
3453 3965 3708 4034 βασιλεὺς
3755 3969 3850 4019 καὶ
3882 3972 3986 4038 τὴν
4018 3973 4110 4024 πό-

2528 4050 2613 4102 λιν
2658 4053 2839 4103 πάσαν
2886 4052 3270 4122 καταστρέψας
3316 4057 3412 4107 καὶ
3466 4056 3535 4107 τὰ
3564 4056 3795 4124 λείψανα
3827 4059 4108 4125 ἀφανίσας

2532 4143 2710 4195 πάντα
2739 4144 2849 4212 (ἵνα
2883 4144 3018 4213 μηδέ
3051 4144 3431 4215 ἀναισχύντως
3462 4145 3628 4215 ἔχωσι
3668 4147 3886 4211 λοιπὸν,
3908 4149 4107 4218 ἔστησε

2529 4236 2619 4288 τὸν
2649 4236 2847 4288 ἐαυτοῦ
2885 4236 3203 4305 ἀνδριάντα.
3235 4233 3372 4289 Εἶτα
3412 4238 3640 4292 συνιδὼν
3659 4283 3674 4304 ,
3701 4243 3783 4293 ὅτι
3810 4242 4107 4311 συμϐαίνει

2529 4328 2718 4395 χρόνον
2737 4327 2869 4380 ποτὲ
2895 4329 3224 4380 καταπεσεῖν
3243 4328 3455 4392 τοῦτον,
3482 4329 3623 4383 ὥστε
3648 4332 3833 4393 αὐτοῖς
3866 4332 4107 4386 ἐνθεῖναι

2531 4418 2788 4487 καυτῆρα
2854 4420 2950 4470 καὶ
3009 4417 3224 4489 πληγὴν
3274 4419 3496 4472 ἀνίατον
3546 4421 3648 4483 τῆς
3711 4424 4108 4492 ἀναισχυντίας

849 4541 915 4580 ea
957 4522 1143 4576 Daniel
1184 4526 1401 4575 locutus
1426 4528 1528 4584 est,
1566 4516 1698 4571 dicit
1731 4534 1746 4573 :
1784 4534 1802 4566 ι
1833 4516 1968 4571 Cum
2015 4515 2263 4569 videritis
2293 4516 2428 4569 aho-
2460 4539 2503 4593 ι)

2460 4539 2503 4593 D
2535 4512 2754 4581 ἐκείνης
2799 4512 2894 4563 καὶ
2924 4511 3093 4580 ἥττης
3131 4509 3373 4580 ἔλεγχον)
3405 4512 3468 4563 τὸ
3497 4511 3693 4564 ἐαυτοῦ
3722 4512 3890 4581 ὄνομα
3910 4517 3980 4583 τῇ
4012 4516 4106 4566 πό-

852 4613 1206 4667 minatiouem
1239 4607 1595 4663 desolationis
1641 4612 1878 4659 stantem
1936 4606 1987 4657 in
2038 4605 2158 4658 loco
2210 4616 2423 4669 sancto,

2399 4631 2423 4669 ι,
2530 4606 2612 4658 λει
2662 4605 2952 4672 ἐπέθηκεν.
2999 4604 3217 4672 Ἐπειδὴ
3267 4605 3375 4672 γὰρ
3410 4603 3593 4666 Αἴλιος
3615 4604 3893 4674 ’Δδριανδς
3937 4608 4075 4674 ἐχρη

850 4705 943 4773 qui
972 4703 1100 4772 legit
1129 4700 1415 4768 intelligat.
1454 4717 1473 4749 ι
1514 4696 1648 4751 Cum
1687 4706 1864 4750 statua
1892 4710 2121 4764 quaeque
2163 4703 2259 4748 aut
2286 4696 2428 4750 sculo

2529 4698 2744 4767 μάτιζε,
2770 4696 2914 4747 οὕτω
2971 4700 3067 4747 καὶ
3099 4695 3198 4765 τὴν
3229 4695 3388 4763 311
3432 4696 3586 4749 πόλιν
3607 4697 3976 4766 ἐνομοθέτησε
4006 4715 4105 4749 κα-

849 4810 1010 4866 ptura
1042 4792 1278 4847 hominis
1325 4790 1661 4844 abominatio
1708 4786 1912 4841 Judzeis
1951 4786 2263 4853 haberetur,
2291 4789 2423 4840 sub-

2525 4789 2760 4851 λεῖσοαι,
2793 4789 2877 4841 διὸ
2921 4788 3018 4842 καὶ
3043 4788 3209 4857 μέχρι
3255 4786 3351 4839 νῦν
3373 4788 3532 4840 Αἰλία
3563 4789 4038 4857 προσαγορεύεται
4062 4789 4106 4819 ⁵³

850 4888 1085 4941 obscure
1128 4891 1364 4937 statuam
1418 4882 1712 4934 ostendens
1762 4879 1932 4940 illam,
1988 4879 2209 4946 quando
2265 4877 2426 4931 simul

2527 4880 2672 4933 κατά
2706 4880 2803 4950 τὴν
2854 4880 3174 4948 ἐπωνυμίαν
3224 4878 3341 4949 (τοῦ
3403 4880 3780 4949 κρατήσαντος
3811 4878 3986 4947 αὐτὴν
4010 4879 4106 4930 καὶ

853 4981 1035 5032 futura
1066 4974 1439 5043 sitcaptivitas
1476 4983 1525 5026 et
1552 4988 1579 5023 ιι
1612 4987 1721 5039 quo
1746 4969 2149 5039 praenuntiavit.
2176 4966 2331 5035 Quod
2362 4968 2429 5023 de

2528 4971 2912 5042 καθελόντος)·
2944 4971 3068 5024 ὅθεν
3127 4974 3155 5024 ὁ
3214 4970 3451 5039 Χριστὸς
3510 4970 3652 5038 μετά
3691 4970 3968 5039 Ἀντίοχον
4017 4971 4110 5023 τὴν

856 5069 1116 5124 ltornanis
1143 5069 1259 5120 haec
1301 5064 1447 5118 dicta
1500 5072 1629 5117 sunt
1664 5060 1937 5131 Josephus
1983 5059 2325 5126 testiﬁcatur,
2372 5070 2431 5115 ut

2536 5063 2809 5133 Ἐπιφανῆ
2858 5064 3304 5133 παραγενόμενος
3364 5064 3461 5115 καὶ
3540 5064 3954 5132 προαναφωνῶν
4011 5062 4109 5130 τὴν

850 5162 962 5230 jam
996 5160 1257 5214 diximus.

2542 5153 2843 5224 μέλλουσαν
2884 5154 3105 5207 ἔσεσθαι
3134 5153 3515 5224 αίχμαλωσίαν
3567 5156 3662 5207 καὶ
3710 5154 3959 5219 δεικνὺς,
4026 5155 4112 5207 ὅτι

856 5252 988 5320 περὶ
1014 5252 1186 5327 αὐτῆς
1208 5254 1235 5303 ὁ
1259 5249 1459 5319 Δανιὴλ
1482 5249 1774 5319 προεῖπεν,
1801 5245 1967 5317 φησίν
1993 5260 2007 5273 ο
2043 5262 2061 5294 ι
2084 5244 2254 5295 Ὅταν
2277 5243 2423 5314 ίδητε
2462 5247 2522 5298 τὸ
2551 5246 2827 5316 βδέλυγμα
2857 5245 2958 5314 τῆς
3024 5247 3362 5316 ἐρημώσεως
3382 5247 3430 5277 ⁸⁸
3502 5245 3675 5307 ἐστὼς
3697 5248 3754 5298 ἐν
3776 5246 3931 5310 τόπῳ
3968 5246 4111 5313 ἁγίῳ

854 5372 927 5383 —-
949 5348 978 5398 ὁ
1010 5341 1403 5408 ἀναγινώσκων
1436 5340 1649 5392 νοείτω.
1682 5355 1702 5387 ι
1734 5365 1807 5378 ——
1832 5336 1988 5388 Ἐπεὶ
2011 5335 2054 5365 ⁸⁷
2086 5335 2196 5403 γὰρ
2227 5333 2374 5387 ἅπαν
2392 5335 2611 5388 εἴδωλον
2644 5339 2741 5390 καὶ
2807 5338 2917 5389 πᾶν
2976 5336 3280 5406 ἐκτύπωμα
3301 5336 3592 5407 ἀνθρώπου
3652 5337 3932 5407 βδέλυγμα
3958 5339 4112 5409 παρά

2039 5429 2561 5491 Varitelectiones
2598 5438 2658 5491 et
2688 5440 2876 5491 notua.

930 5538 977 5569 “
1008 5536 1174 5606 Κύρῳ
1194 5535 1326 5591 Ccd.
1403 5533 1449 5564 “
1479 5534 1661 5603 θῶμεν
1684 5533 1779 5607 ἐτη
1810 5531 1941 5607 God.
2016 5532 2064 5607 ξ⁸
2097 5530 2308 5599 ταύτης
2329 5532 2606 5607 -ςριίηᾷτα

2428 5531 2693 5607 ειίτᾷταύτ,
2751 5535 2899 5607 cod._
2949 5534 3133 5607 ﬁxa}:
3160 5531 3253 5607 τοῦ
3270 5532 3585 5607 Ϋνε-ἐηίέειί.
3615 5534 3781 5607 Apud
3807 5532 4104 5607 Josephum

860 5609 976 5662 lucc
1009 5601 1169 5660 verba
1198 5622 1301 5657 non
1333 5601 1663 5658 invenimus.
1738 5603 1779 5632 ⁸⁷
1808 5604 1984 5669 τεῖχος
2016 5601 2153 5656 Dan.
2204 5618 2278 5665 ix,
2325 5601 2417 5655 ‘25.
2493 5602 2539 5633 ⁸⁸
2578 5602 2712 5655 (Sed.
2743 5602 3162 5668 408,8-‘69,22.
3240 5604 3285 5633 δ’
3320 5602 3395 5672 ξβ¹
3432 5602 3565 5657 Dan.
3616 5601 3690 5664 ιιι,
3715 5605 3805 5663 26.
3836 5601 4105 5657 om.Ced.

860 5680 906 5710 ⁸⁸
931 5676 1111 5739 καθὼς
1143 5676 1459 5745 προείρηται
1499 5674 1630 5745 (led.
1658 5687 1820 5745 seqq.
1871 5674 2112 5745 omissis.
2145 5742 2153 5745 _
2218 5674 2262 5703 “
2299 5672 2467 5745 Dau._
2502 5688 2536 5727 ιι

2429 5714 2467 5745 ._
2502 5688 2577 5731 Ix.
2619 5672 2709 5745 27.
2784 5675 2849 5704 ⁹¹’
2897 5692 2999 5745 μου
3050 5675 3185 5745 Dan.
3229 5688 3454 5745 grzet-us.
3509 5743 3517 5745 _
3576 5675 3619 5706 "
3653 5674 3946 5745 συστάντες
3974 5674 4105 5727 Ced.

862 5751 907 5779 ⁸³
936 5748 1037 5800 lsa.
1086 5742 1199 5815 XI),
1224 5742 1316 5798 27.
1358 5742 1367 5744 ἡ
1409 5747 1454 5776 ³⁸⁵
1478 5765 1527 5815 χ.
1551 5744 1614 5815 δή
1642 5742 1775 5815 Ccd.
1870 5743 1916 5815 ξ’
1940 5742 2337 5815 agitatum?
2376 5743 2548 5795 ταῦτα
2592 5744 2767 5815 αὐτὴν
2818 5742 3130 5813 ἀνεγείρας,
3164 5744 3350 5794 Αἰλίαν
3397 5743 4013 5815 αὐτὴνλπροσηγόρευσε
4048 5759 4102 5795 1.

865 5819 961 5889 τὴν
1002 5814 1167 5872 αὑτοῦ
1206 5818 1295 5869 επ,
1323 5815 1454 5870 (ἱρά,
1480 5813 1507 5815 ”
1531 5814 1574 5846 ἰδ
1598 5815 1657 5867 το
1682 5814 1845 5883 ρηῡὲν
1878 5813 1964 5866 διὰ
1999 5814 2195 5885 Δανιὴλ
2228 5813 2320 5866 τοῦ
2355 5814 2536 5884 προφή

2286 5813 2320 5866 νῦ
2355 5814 2633 5884 προφήτου
2662 5814 2794 5868 Ccd.
2826 5824 2886 5869 ut
2931 5815 3116 5869 Matth.
3152 5828 3297 5881 χειν,
3326 5815 3413 5868 15.
3489 5814 3530 5843 ’τ
3574 5813 3637 5883 δή
3678 5815 3804 5867 add.
3832 5815 3962 5867 ﬂed.
