4244 6444
767 433 862 495 491

1971 432 2287 491 GEORGII
2339 436 2788 497 HAMARTOLI

3913 443 4020 507 492

769 552 956 606 Nonne
990 551 1321 622 Bcclpln‘gnr
1369 549 1760 605 sae'ri‘iicastis?
1809 548 1997 602 Nonne
2060 551 2199 602 lilios
2245 566 2373 616 γοα,

2443 557 2743 623 εκυνήσατε
2776 556 2960 626 μόσχῳ
2998 577 3010 623 ;
3047 559 3118 610 Οὐ
3170 560 3259 610 τὸν
3295 561 3383 611 Mn
3403 558 3534 613 ὓσέα
3563 559 3730 622 λίθοις
3765 559 4020 628 βαλόντες

770 655 916 700 stros
947 655 999 700 ct
1028 645 1166 697 tilias
1199 653 1405 696 vestras
1446 642 1730 695 dzemoniis
1776 641 2118 708 immolastis,
2156 652 2208 694 et
2235 642 2340 696 diis

769 738 1033 792 scrviistis
1069 725 1410 789 alicnorum’?
1445 734 1633 787 Nunne
1664 748 1823 786 omne
1869 737 2075 802 peccati
2128 725 2180 787 et
2236 735 2339 788 ini-

768 827 994 893 quitatis
1034 840 1206 893 genus
1246 823 1600 878 OSIendistis?
1642 821 1821 888 Quare
1875 823 2037 892 igitur
2082 838 2177 877 vos
2233 839 2339 878 non

769 929 898 970 tunc
924 916 1198 969 dOStruxit
1221 915 1520 969 Dominus?
1541 913 1720 978 Quare
1743 914 1914 977 vobis,
1939 914 2082 967 inter
2108 915 2338 967 liliorum

769 1024 950 1068 neces.
981 1008 1336 1062 ctnuminum
1371 1006 1550 1059 cultus
1595 1013 1648 1059 et
1703 1005 1972 1068 insanias,
2037 1007 2184 1060 misit
2237 1005 2341 1059 Do-

769 1103 953 1154 minus
994 1101 1183 1170 plures
1227 1100 1546 1167 prOphetas,
1574 1099 1835 1166 signaque
1870 1097 2136 1151 mirabilia
2172 1107 2226 1152 et
2259 1098 2342 1151 in-

766 1193 1051 1247 credibilia
1091 1202 1351 1260 ‘opcratus
1405 1191 1526 1243 est?
1573 1189 1742 1257 Cujus
1786 1190 1861 1242 rei
1891 1190 2063 1258 gratia
2096 1199 2210 1242 tum
2245 1205 2341 1259 per

769 1284 1106 1354 impietatem
1141 1291 1195 1335 et
1233 1279 1463 1334 nefanda
1487 1278 1653 1332 multa
1687 1279 1950 1342 viventes,
1987 1287 2136 1332 tanta
2170 1293 2200 1333 a
2229 1279 2340 1334 Deo

768 1374 1090 1428 obtinuistis
1122 1373 1326 1426 auxilia
1351 1381 1402 1424 et
1428 1371 1846 1441 providentiam,
1876 1370 2035 1425 hodie
2066 1387 2215 1437 vero,
2248 1373 2342 1440 qui

768 1482 868 1525 nec
895 1466 1120 1519 numina
1159 1467 1364 1526 colitis,
1399 1480 1496 1517 nec
1530 1465 1837 1516 interlicitis
1886 1463 2046 1528 filios,
2086 1467 2137 1516 in
2165 1466 2342 1518 servi-

769 1569 880 1613 tute
912 1567 1167 1627 perpetua
1202 1568 1254 1610 et
1291 1558 1341 1608 in
1374 1555 1615 1608 miseriis
1647 1555 1984 1608 versamini?
2012 1554 2168 1612 Nunc
2203 1559 2344 1614 alius

767 1661 886 1704 erat
911 1651 1074 1716 Deus,
1107 1665 1252 1702 nunc
1281 1649 1558 1717 aliusiest?
1587 1648 1777 1702 Nonne
1815 1649 1952 1703 idem
1979 1649 2230 1722 Deusqui
2253 1653 2341 1706 illa

766 1741 893 1795 olim
928 1741 1221 1810 disposuit,
1280 1743 1392 1796 lure
1448 1741 1606 1796 hodie
1657 1742 1949 1810 operatur?
1989 1742 2184 1809 Quare,
2215 1761 2339 1799 eum

769 1833 973 1902 majora
1008 1841 1190 1886 essent
1244 1842 1483 1900 peccata,
1543 1833 1718 1902 major
1771 1834 1927 1890 vobis
1967 1835 2071 1890 fuit
2116 1853 2181 1892 ex
2235 1838 2342 1892 Deo

768 1927 963 1995 gloria,
991 1935 1046 1979 et
1075 1939 1196 1991 eum
1231 1925 1463 1988 minora,
1497 1941 1592 1980 vos
1622 1927 1839 1995 penitus
1878 1930 2092 1994 evertit,
2125 1943 2178 1985 et
2223 1934 2341 1986 sine
2373 1900 2415 1956 Β

770 2021 977 2072 honore
1008 2017 1062 2071 in
1097 2027 1420 2088 perpetuum
1452 2017 1820 2089 derelinquit?
1848 2021 1953 2076 Sed
1994 2024 2095 2078 etsi
2154 2033 2343 2078 tacue-

767 2109 910 2173 ritis,
949 2108 1155 2178 lapides
1193 2109 1527 2163 clamabunt.
1565 2109 1698 2175 Quia
1731 2111 1783 2163 in
1825 2109 2117 2166 Dominum
2150 2129 2344 2169 manus

766 2204 1111 2266 extendistis,
1141 2219 1248 2256 non
1285 2213 1366 2256 est
1397 2203 1552 2256 vobis
1609 2201 1942 2266 emendatio,
1983 2221 2157 2273 neque
2189 2208 2341 2260 venia

766 2298 1043 2365 deinceps,
1080 2310 1257 2364 neque
1288 2293 1647 2364 justilicutio;
1682 2310 1804 2362 quie
1845 2295 1992 2349 enim
2043 2305 2171 2349 tunc
2207 2307 2343 2351 tein-

769 2389 920 2458 poris
947 2393 1001 2441 in
1044 2401 1233 2442 servos
1270 2387 1582 2452 audebatis,
1614 2402 1758 2441 nunc
1805 2387 1857 2442 in
1897 2386 2088 2451 Deum,
2120 2395 2174 2443 et
2205 2390 2344 2442 anti-

769 2497 874 2550 qua
909 2479 1148 2534 facinora
1185 2479 1369 2534 lurore
1398 2479 1452 2532 in
1482 2477 1773 2532 Dominum
1830 2481 2153 2548 superastis,
2195 2481 2338 2534 unde

767 2587 796 2624 a
831 2573 984 2626 vobis
1024 2571 1274 2624 duriores
1331 2584 1504 2640 poena:
1555 2579 1902 2638 expetuntur.
1972 2573 2031 2626 Et
2080 2588 2109 2626 a
2169 2575 2340 2640 patria

766 2663 1036 2716 dementia
1072 2672 1124 2716 et
1155 2661 1307 2715 rabie
1342 2676 1409 2714 ne
1462 2661 1533 2714 ita
1582 2661 1800 2730 quidem
1852 2663 2178 2727 recessistis,
2215 2679 2338 2716 cum

767 2753 1107 2809 seductorem
1138 2761 1394 2807 vocantes
1425 2761 1478 2805 et
1507 2751 1757 2822 impium.
1786 2751 1842 2806 Si
1881 2754 2142 2823 impostor
2186 2755 2342 2809 Chri-

765 2857 904 2913 stus,
951 2854 1010 2899 ut
1045 2845 1247 2910 dicitis,
1283 2858 1381 2897 vos
1416 2843 1590 2913 magis
1615 2844 1842 2898 exaltari
1879 2847 2185 2914 oportebat,
2216 2861 2337 2901 cum

770 2953 916 2992 nunc
958 2934 1366 3000 interfeceritis;
1392 2934 1436 2989 si
1462 2936 1605 2988 enim
1642 2933 1898 2998 Phinees,
1927 2951 2034 2990 uno
2057 2947 2341 3006 peccatore

766 3030 1235 3093 sublato,omuem
1275 3027 1328 3080 in
1350 3035 1563 3096 gentem
1594 3025 1931 3081 iracundiam
1970 3030 2338 3098 compescuit:

2446 647 2537 698 xxi.
2584 646 2792 717 ἑτέροις
2825 649 3042 718 μυρίοις
3072 651 3295 720 τρόποις
3353 653 3563 704 ἀνελεῖν
3613 654 4017 723 ἑπεχειρήσατε

2446 738 2724 802 πολλάκις,
2743 739 2838 793 καὶ
2863 741 2955 794 τὸν
2977 742 3118 794 Θεὸν
3135 744 3508 812 παρωργίζετε
3535 744 3977 814 βλασφημοῦντες
4002 766 4017 812 ;

2444 825 2519 877 Οὐ
2556 825 2633 894 τῷ
2670 826 2992 900 Βεελφεγὼρ
3023 830 3376 900 ὲτελέσθητε;
3415 834 3488 884 οὐ
3522 833 3643 896 τοὺς
3687 833 3834 896 υἱοὺς
3862 835 4022 904 ὑμῶν

2444 917 2538 968 καὶ
2588 917 2690 981 τὰς
2746 918 3053 990 θυγατέρας
3103 921 3332 975 ἐθύσατε
3365 923 3687 992 δαιμονίοις,
3742 928 3833 978 καὶ
3889 927 4021 987 τοὺς

2442 1006 2748 1078 ἀλλοτρίους
2774 1010 2928 1074 θεοὺς
2957 1013 3393 1082 ἐθεραπεύσατες
3419 1017 3492 1066 Οὐ
3527 1018 3635 1068 πᾶν
3664 1012 3798 1079 εῐόος
3837 1019 4021 1088 ἁμαρ-

2443 1099 2563 1162 τίας
2623 1102 2717 1153 καὶ
2775 1103 2972 1173 κακίας
3018 1105 3400 1170 ὲπεδείξασθες
3447 1105 3566 1169 Πῶς
3607 1103 3700 1159 οὖν
3729 1108 3886 1176 ,ὑμᾶς
3917 1111 4019 1160 οὐκ

2443 1192 2770 1264 ἀπεστράφη
2800 1195 2922 1248 τότε
2960 1198 2988 1249 6
3013 1196 3187 1261 θεὸς,
3218 1198 3351 1252 ἀλλὰ
3403 1198 3539 1268 μετᾶ
3578 1197 3677 1260 τὰς
3729 1201 4014 1252 παιδοκτο-

2443 1282 2582 1349 νίας,
2623 1285 2760 1354 μετὰ
2787 1285 2885 1350 τὰς
2919 1288 2963 1319 ³⁸
3009 1288 3444 1360 εἰδωλολατρίας,
3485 1291 3620 1361 μετὰ
3671 1291 3771 1358 τὴν
3809 1291 4015 1360 πολλὴν

2443 1376 2839 1447 ἀγνωμοσύνην
2879 1380 2926 1413 ⁸³
2961 1383 3245 1451 προφήτας
3303 1382 3518 1451 ἀφῆκεν
3549 1385 3606 1436 ἐν
3643 1384 3768 1452 ὑμῖν
3797 1381 3844 1412 ⁸⁸
3876 1379 4018 1436 εἶναι

2448 1468 3014 1541 διαφόρου;,σημεῖα
3099 1475 3397 1542 εἰργάσατο
3453 1476 3498 1508 ’⁸⁵
3580 1478 3671 1529 καὶ
3760 1476 4019 1544 θαύματα

2446 1561 2723 1630 παράδοξα
2745 1579 2759 1626 ;
2783 1561 2938 1625 Τίνος
2964 1562 3056 1616 οὖν
3080 1565 3269 1617 ’ἕνεκεν
3286 1568 3406 1618 τότε
3439 1567 3598 1637 pay"
3629 1568 3948 1632 ἀσεὸοῦντες
3968 1569 4017 1601 ⁸⁷

2444 1651 2603 1721 313
2625 1654 2716 1704 καὶ
2740 1652 2883 1723 (85⁸)
2906 1653 3051 1706 δεινά
3081 1655 3250 1725 μυρία
3268 1654 3717 1727 διαπραττόμενοι
3747 1659 4020 1726 τοσαύτης

2445 1744 2653 1806 εὐνοίας
2687 1745 2997 1814 ἀπηλαὺετε
3033 1747 3184 1816 παρὰ
3216 1745 3354 1816 (τοῦ)
3387 1748 3519 1800 Θεοῦ
3554 1751 3647 1801 καὶ
3677 1750 4019 1819 προστασίας

2446 1835 2540 1885 καὶ
2588 1835 2952 1905 προμηθείας,
2987 1835 3083 1888 νῦν
3104 1837 3159 1889 δὲ
3192 1835 3315 1889 οὔτε
3343 1835 3850 1907 εἰδωλολατροῦντες
3892 1836 4018 1890 οὔτε

2444 1925 2941 1992 παιδοκτονοῦντες,
2980 1928 3039 1981 ὲν
3081 1929 3430 2000 αἰχμαλωσίᾳ
3481 1929 3762 2000 (διηνεκεῖ)
3796 1929 3889 1981 καὶ
3917 1947 4019 1983 τα-

2445 2017 2717 2090 λαιπωρίᾳ
2747 2016 3041 2087 τυγχάνετε
3063 2017 3110 2049 "
3136 2037 3151 2086 ;
3185 2019 3275 2090 Μὴ
3303 2019 3410 2089 γὰρ
3440 2018 3628 2088 ἔτερος
3660 2018 3687 2069 6
3712 2017 3843 2079 Θεὸς
3877 2010 3923 2048 δ’
3947 2013 4020 2086 ἧν

2442 2110 2561 2163 τότε
2592 2111 2683 2163 καὶ
2710 2111 2895 2180 ἔτερος
2929 2111 3024 2164 νῦν
3043 2126 3057 2173 ;
3078 2110 3192 2163 Οὐκ
3214 2111 3375 2174 αὑτός
3409 2112 3557 2162 ἐστιν
3581 2111 3608 2162 6
3635 2109 3729 2163 καὶ
3757 2110 3802 2142 ’⁸
3835 2110 4020 2162 ἑκείνα

2443 2202 2740 2271 οἰκονομῶν
2772 2203 2866 2255 καὶ
2895 2203 2959 2255 τὰ
2990 2206 3085 2256 νῦν
3119 2205 3162 2236 ⁹¹
3198 2202 3607 2273 ὲργαζὸμενος;
3649 2202 3801 2256 Διατί
3831 2204 3896 2270 ⁸⁸,
3927 2205 4019 2256 ὃτι

2446 2282 2668 2364 μείζονα
2693 2290 2740 2324 ⁸³
2771 2296 2872 2363 μὲν
2903 2289 2970 2364 ἦν
3003 2295 3068 2348 τά
3100 2297 3494 2365 ἁμαρτήματα,
3521 2293 3690 2365 πολλὴ
3727 2294 3855 2358 δόξα
3886 2294 4020 2363 ὑμῖν

2442 2382 2508 2454 ἦν
2556 2383 2706 2454 παρὰ
2757 2383 2916 2450 Θεοῦ,
2948 2385 3037 2436 ὅτε
3089 2383 3145 2437 δὲ
3185 2384 3440 2438 ἐλάττονα
3491 2383 3867 2452 πλημμελεῖτε
3896 2380 4016 2448 νῦν,

2443 2476 2725 2537 παντελῶς
2771 2475 2914 2543 ὑμᾶς
2961 2475 3288 2546 ἀπεστράφη
3335 2475 3427 2528 καὶ
3458 2474 3656 2543 ἀτιμία
3697 2473 4020 2542 παρέδωκεν

2443 2567 2770 2637 ἁπεράντῳ;
2816 2566 2977 2620 Ἀλλὰ
3005 2567 3050 2598 ’⁸
3088 2586 3106 2616 ι
3146 2567 3251 2618 κᾶν
3280 2567 3439 2636 ὑμεῖς
3471 2566 3756 2636 σιγήσητε,
3798 2565 3844 2617 οί
3875 2562 4022 2615 λίθοι

2443 2659 2824 2729 κεκράξονται.
2862 2679 2880 2710 ι
2928 2660 3144 2731 Ἐπειδὴ
3173 2660 3280 2729 γάρ
3315 2659 3455 2711 κατὰ
3485 2657 3579 2710 τοῦ
3611 2656 3883 2710 Δεσπότου
3915 2660 4020 2718 τάς

2442 2756 2631 2822 χεῖρας
2663 2751 2986 2816 ἐξετείνατε,
3018 2751 3106 2804 διὰ
3131 2749 3289 2802 τοῦτο
3322 2751 3422 2802 οὐκ
3463 2749 3608 2801 ἔστιν
3635 2748 3681 2779 ⁹¹
3712 2732 3838 2815 ὗμῖν
3871 2745 4025 2814 διόρ-

2444 2845 2611 2907 θωσις
2640 2844 2761 2896 οὐδὲ
2810 2841 3109 2912 συγγνώμη
3161 2841 3350 2895 λοιπὸν
3397 2839 3519 2892 οὐδὲ
3565 2836 3864 2904 ἀπολογία·
3897 2837 4024 2890 τότε

2448 2935 2547 3004 μὲν
2590 2935 2698 3004 γὰρ
2730 2935 2811 2998 είς
2842 2933 3061 2995 δούλους
3109 2928 3176 3003 ἦν
3218 2931 3277 2984 eo
3326 2929 3674 2999 τολμώμενον
3709 2928 3781 2994 ’⁸,
3819 2926 3917 2980 νῦν
3964 2927 4025 2979 δὲ

2446 3029 2625 3081 πάντα
2659 3030 2841 3080 ἐκεῖνα
2869 3026 3179 3088 τανπαλαιὰ
3212 3023 3397 3092 σαφῶς
3420 3021 3778 3093 άπεκρύψατε
3802 3020 3890 3074 διὰ
3919 3019 4026 3087 τῆς

770 3146 787 3173 ς
829 3122 992 3175 Stetit
1044 3120 1189 3173 enim
1223 3117 1398 3187 (dicit)
1449 3115 1682 3173 Phincos
1714 3127 1769 3171 et
1820 3119 2142 3187 deprecatus
2171 3133 2253 3176 est
2289 3135 2341 3175 et

2445 3121 2524 3183 εἰς
2553 3120 2645 3171 τὸν
2693 3119 2869 3172 κοινὸν
2914 3119 3193 3186 Δεσπότην
3222 3117 3266 3150 ⁸⁷
3301 3115 3521 3186 μανίας,
3548 3114 3670 3166 ὅθεν
3713 3111 3805 3166 καὶ
3837 3109 4027 3179 μειζό-

763 3217 916 3284 plaga
948 3212 1202 3275 cessavit,
1234 3219 1287 3264 et
1319 3213 1646 3279 imputatum
1675 3218 1759 3264 est
1792 3211 1866 3264 illi
1909 3212 1960 3265 in
1985 3212 2256 3280 justitiam
2288 3230 2334 3265 ι›
2369 3251 2373 3276 ε

2446 3229 2551 3275 νως
2597 3211 2911 3276 κολάζεσθε.
2953 3211 3065 3264 Καὶ
3093 3209 3215 3262 οὐδὲ
3263 3207 3438 3270 οὕτως
3485 3203 3752 3274 ἀπέχεσθε
3787 3203 3887 3272 τῆς
3917 3217 4027 3253 πα-

765 3308 941 3360 multo
969 3305 1141 3373 magis
1166 3313 1219 3357 et
1247 3303 1396 3356 vobis
1428 3303 1826 3371 imputandum,
1857 3305 1902 3356 si
1934 3314 2114 3358 tamen
2145 3305 2344 3374 impius

2447 3303 2642 3374 τρικῆς
2673 3303 3070 3374 ὲμϐροντησίας
3114 3319 3175 3354 τε
3210 3301 3305 3354 καὶ
3349 3297 3573 3369 λύσσης,
3613 3294 3816 3349 πλάνον
3857 3293 4026 3346 αὐτὸν

764 3397 857 3466 qui
915 3412 944 3449 a
981 3396 1131 3449 vobis
1161 3393 1461 3448 cruciﬁxus
1507 3401 1612 3446 est.
1676 3391 1743 3445 Et
1795 3394 1940 3448 unde
1973 3394 2341 3461 manifestum,

2449 3397 2543 3447 καὶ
2583 3396 2899 3465 παράνομον
2940 3393 3365 3455 ἀποκαλοῦντες.
3399 3393 3458 3444 Et
3497 3385 3593 3444 οὖν
3638 3389 3684 3420 ’⁸
3721 3386 3924 3448 πλάνος
3953 3380 4026 3455 ἦν

759 3491 965 3558 inquit,
1000 3486 1299 3540 novissima
1336 3485 1492 3538 ruina
1527 3498 1626 3538 nos
1654 3498 1683 3536 a
1720 3485 1828 3538 Deo
1845 3485 2156 3541 destructus
2186 3489 2346 3543 esse?

2447 3490 2475 3540 6
2503 3487 2756 3557 Χριστὸς,
2787 3486 2862 3549 ὦς
2899 3504 3059 3556 φατε,
3103 3489 3196 3538 καὶ
3239 3486 3576 3555 παράνομος,
3609 3479 3776 3552 ἐχρῆν
3819 3477 4023 3548 μᾶλλον

762 3583 845 3634 Ab
879 3582 1130 3635 omnibus
1150 3579 1310 3633 rebus
1333 3561 1534 3631 vestris
1559 3591 1678 3645 qua:
1709 3576 1948 3631 clamant
1976 3587 2029 3632 et
2064 3580 2190 3633 tuba
2230 3581 2344 3634 cla-

2448 3579 2593 3649 ὁμᾶς
2641 3579 3018 3648 εὐδοκιμῆσαι,
3056 3580 3139 3632 ὅτι
3187 3577 3350 3630 αὑτὸν
3399 3574 3759 3629 ἀπεκτείνατε
3785 3589 3801 3604 ο
3833 3573 3885 3623 εί
3912 3571 4022 3638 γὰρ

765 3675 965 3729 riorem
1000 3687 1187 3727 vocem
1206 3671 1375 3724 edunt
1403 3685 1498 3738 per
1515 3669 1752 3724 civitatis
1777 3669 2013 3735 ruinam,
2037 3687 2131 3741 per
2157 3673 2342 3742 templi

2451 3671 2520 3743 (6)
2554 3671 2738 3735 Φινεὲς
2771 3672 2868 3724 ἕνα
2898 3671 3022 3725 τινὰ
3066 3668 3492 3742 παρανομοῦντα
3533 3667 3762 3732 ἀνελὼν,
3793 3665 4027 3736 ὁλόκλη-

763 3765 1181 3826 desolatiouem,
1213 3778 1306 3832 per
1330 3771 1545 3817 Caetera.
1576 3760 1682 3817 Sed
1710 3763 1981 3827 homines,
2011 3765 2209 3835 inquit,
2233 3783 2343 3822 non

2448 3780 2540 3833 ρον
2569 3761 2666 3832 τὴν
2698 3762 2838 3815 κατὰ
2855 3760 2948 3814 τοῦ
2978 3761 3165 3824 ἔθνους
3189 3761 3360 3831 ὀργὴν
3382 3759 3621 3812 ἔπαυσεν
3645 3759 3693 3791 ”
3710 3759 3809 3799 —'
3841 3778 3860 3811 ε
3891 3760 4023 3833 ῐστη

767 3862 909 3914 Deus
961 3860 1074 3911 haec
1129 3856 1285 3910 nobis
1337 3853 1585 3908 immisit.
1639 3854 1696 3908 Si
1746 3866 1874 3923 ergo
1925 3855 2131 3912 fuerint
2179 3874 2342 3929 opera

768 3950 1050 4005 hominum
1112 3948 1267 4011 haec,
1320 3960 1427 4000 non
1476 3947 1569 4001 ira;
1625 3945 1740 4013 Dei,
1790 3948 2033 4017 oportuit
2071 3965 2247 4019 usque
2275 3956 2345 4007 ad

766 4054 979 4113 captam
1038 4041 1314 4094 civitatem
1370 4046 1517 4093 stare
1559 4046 1737 4093 tamen
1795 4049 1998 4106 vestra,
2054 4057 2158 4097 nec
2198 4044 2344 4099 ultra

765 4139 920 4191 vobis
979 4133 1203 4204 produci
1251 4133 1607 4203 opprobrium
1672 4143 1726 4188 et
1792 4134 2157 4190 vexationem.
2212 4136 2345 4194 Esto

767 4241 976 4294 tamen,
1006 4230 1160 4298 juxta
1216 4223 1548 4280 sententiam
1593 4232 1852 4290 vestram,
1896 4224 2144 4281 homines
2187 4242 2345 4283 erue-

769 4325 878 4377 rint
910 4335 1120 4384 muros,
1151 4328 1206 4373 et
1232 4316 1509 4372 civitatem
1552 4315 1797 4372 demoliti
1838 4319 2063 4384 iuerint,
2093 4327 2149 4374 et
2173 4319 2345 4374 altare

766 4414 1048 4484 cjecerint,
1084 4407 1346 4478 numquid
1364 4407 1529 4462 etiam
1558 4407 1841 4477 prophetis
1865 4408 2145 4464 silentium
2167 4412 2342 4481 impos

766 4501 1038 4558 suerunt?
1071 4498 1346 4568 Numquid
1369 4506 1422 4551 et
1447 4499 1677 4566 gratiam
1702 4494 1936 4567 Spiritus
1967 4510 2020 4554 et
2049 4501 2341 4556 reverenda

766 4610 995 4668 qua-que
1026 4592 1370 4647 abstulerunt
1400 4590 1423 4642 ?
1448 4604 1610 4646 voces
1633 4590 1686 4643 in
1705 4591 2083 4660 propitiatorio
2107 4592 2268 4657 latas,
2290 4602 2346 4649 et

765 4687 1079 4745 chrismatis
1107 4685 1384 4746 virtutem,
1417 4684 1546 4736 etin
1573 4682 1772 4751 lapillis
1800 4683 2103 4739 sacerdotis
2131 4685 2341 4756 signiti-

765 4779 1034 4833 cationem
1069 4772 1221 4829 'INou
1257 4773 1400 4827 enim
1418 4770 1656 4827 Judaica:
1677 4771 1752 4827 rei
1770 4772 2064 4828 constituta
2085 4774 2344 4831 deorsum

763 4880 938 4936 erant,
964 4871 1058 4922 sed
1097 4869 1249 4936 plura
1309 4875 1363 4921 et
1414 4865 1805 4920 venerabiliora
1861 4865 2174 4937 desursum.
2205 4867 2343 4933 Quid

763 4965 816 5015 in
847 4963 1155 5031 exemptum
1187 4960 1210 5012 ?
1249 4962 1294 5015 si
1333 4959 1587 5014 victimas
1634 4957 1930 5015 adduxeris
1959 4961 2342 5028 immolandas,

762 5054 932 5108 altare
953 5054 1167 5123 quidem
1189 5052 1257 5108 de
1279 5052 1531 5116 terris,et
1584 5052 1748 5119 ligna,
1773 5062 1828 5106 et
1852 5051 2085 5122 gladius,
2121 5063 2176 5108 et
2226 5055 2343 5125 ipse

763 5151 1037 5211 sacerdos,
1065 5146 1204 5216 ignis
1226 5156 1406 5200 autem
1450 5144 1544 5213 qui
1573 5144 1628 5196 in
1673 5144 2070 5213 penetralibus,
2092 5147 2341 5202 victimas

683 5305 686 5308 ,
762 5250 1186 5309 consumpturus
1234 5247 1374 5299 erat,
1405 5237 1672 5305 originem
1698 5252 1728 5290 e
1755 5237 1894 5292 coelo
1934 5237 2190 5294 ducebat.
2213 5239 2331 5295 Non

2447 3854 2556 3923 γὰρ
2603 3853 2813 3924 (φησὶν)
2846 3853 3029 3915 Φινεὲς
3063 3855 3158 3905 καὶ
3200 3852 3516 3917 ὲξιλάσατο,
3553 3852 3649 3906 καὶ
3688 3851 3962 3906 ἐκόπασεν
3990 3857 4022 3923 ἡ

2448 3945 2676 4018 θραῦσις
2722 3947 2817 4001 καὶ
2851 3946 3102 4016 ἐλογίσθη
3153 3945 3306 4015 αὐτῷ
3345 3946 3425 4007 είς
3465 3943 3818 4015 δικαιοσύνην
3855 3962 3870 3977 ο
3903 3963 3923 3998 ι
3966 3936 4025 3986 €-

2448 4038 2629 4110 πολλῷ
2661 4040 2864 4108 μᾶλλον
2908 4039 2995 4108 ἐφ’
3028 4039 3181 4108 ὑμῶν
3226 4038 3334 4092 ἔδει
3378 4037 3538 4092 τοῦτο
3567 4038 3847 4108 γενέσθαι,
3875 4038 3930 4091 εί
3960 4055 4023 4107 γε

2448 4134 2768 4205 παράνομος
2810 4128 2879 4203 ἦν
2909 4133 2938 4185 6
2969 4132 3060 4201 ὑφ’
3093 4131 3249 4202 ὑμῶν
3307 4130 3663 4201 σταυρωθείς.
3713 4130 3826 4183 Καὶ
3859 4131 4024 4184 πόθεν

2445 4227 2626 4299 δῆλον,
2685 4225 2850 4296 φησὶν
2879 4228 2920 4290 ¹,
2949 4226 3032 4279 ὅτι
3086 4226 3292 4278 τέλειον
3338 4227 3359 4257 ³
3399 4226 3727 4296 ἀπεστράφη
3800 4225 3946 4295 ὑμᾶς
3995 4224 4024 4275 6

2446 4321 2612 4386 Θεόςς
2656 4318 2844 4391 (Ἀπὸ)
2875 4319 2984 4371 τῶν
3018 4317 3366 4389 πραγμάτων
3397 4317 3550 4390 ὑμῶν
3592 4317 3846 4388 βοώντων
3876 4322 3898 4349 ⁵
3929 4319 4023 4371 καὶ

2449 4412 2748 4481 σάλπιγγος
2791 4410 3186 4482 λαμπροτέραν
3237 4411 3511 4478 ἀφιέντων
3560 4409 3769 4481 φωνὴν,
3801 4409 3891 4462 διὰ
3923 4409 4022 4478 τῆς

2449 4502 2835 4573 καταστροφῆς
2865 4501 2968 4572 τῆς
3006 4502 3236 4564 πόλεως,
3275 4501 3366 4553 διὰ
3397 4501 3497 4571 τῆς
3550 4501 3889 4572 ἐρημώσεως
3925 4501 4020 4553 τοῦ

2448 4593 2602 4660 ναοῦ,
2650 4592 2741 4646 διὰ
2789 4593 2899 4646 τῶν
2962 4592 3140 4648 ἄλλων
3182 4592 3460 4647 ἁπάντων.
3528 4592 3666 4646 Ἀλλ’
3717 4592 4020 4662 ἄνθρωποι,

2448 4688 2634 4758 φησὶν,
2668 4687 2947 4755 ἐπήγαγον
2986 4685 3142 4756 (ἡμῖν
3194 4683 3371 4740 ταῦτα
3413 4685 3530 4755 καὶ)
3564 4686 3664 4757 οὐχ
3701 4687 3731 4739 6
3775 4686 3928 4749 Θεός.
3963 4687 4025 4738 Et

2446 4777 2540 4832 οὖν
2566 4779 2587 4810 ⁸
2619 4777 2922 4848 ἀνθρώπιον
2961 4774 3052 4850 (ἦν
3081 4777 3219 4848 ἔργα
3249 4777 3422 4831 ταῦτα
3458 4779 3549 4832 καὶ
3578 4780 3639 4832 οὗ
3673 4779 3693 4809 ⁸
3716 4781 3817 4849 τῆς
3853 4778 4024 4849 ὀργῆς

2448 4870 2541 4924 τοῦ
2571 4870 2729 4938 Θεοῦ,
2761 4870 2868 4924 ἔδει
2902 4871 3066 4942 μέχρι
3105 4871 3202 4941 τῆς
3231 4870 3488 4934 ἁλώσεως
3519 4871 3589 4924 τὰ
3621 4871 3863 4942 ὑμέτερα
3895 4871 4023 4940 στῆς

2449 4981 2535 5018 ναι
2558 4965 2652 5017 καὶ
2685 4963 2762 5033 μὴ
2792 4964 3111 5035 πορροτὲρω
3139 4964 3157 4994 ⁷
3190 4963 3480 5033 προελθεῖν
3512 4963 3641 5032 ὑμῖν
3665 4964 3767 5035 τὴν
3795 4964 4027 5030 ἀτιμίαν

2447 5076 2508 5111 τε
2533 5059 2629 5111 καὶ
2657 5058 2799 5128 (τὴν)
2828 5057 3072 5111 κάκωσιν
3097 5076 3112 5090 ·
3161 5058 3322 5127 πλὴν,
3357 5057 3497 5111 ἔστω
3528 5058 3672 5111 κατὰ
3701 5058 3794 5110 τὸν
3826 5057 4026 5126 ὑμέτε-

2451 5166 2543 5219 ρον
2566 5149 2743 5218 λόγον,
2773 5147 2938 5220 θιι
2968 5149 3052 5202 ὅτι
3087 5147 3153 5201 τά
3194 5150 3350 5219 τείχη
3391 5149 3772 5219 κατέστρεψαν
3806 5150 3899 5216 (οἱ)
3933 5150 4027 5201 ά.-

2445 5240 2718 5310 θρωποι⁸,
2750 5241 2843 5293 καὶ
2889 5241 2990 5309 τὴν
3020 5239 3178 5295 πόλιν
3233 5239 3504 5304 καθεῖλον,
3555 5241 3654 5293 καὶ
3698 5240 3789 5294 τὸν
3842 5240 4027 5311 βωμὸν

2006 5355 2201 5417 Varia:
2240 5357 2555 5422 lectiones
2588 5371 2650 5422 et
2695 5366 2885 5422 nota.

828 5487 871 5517 "
901 5501 963 5538 π.
999 5486 1092 5536 καὶ
1121 5483 1216 5544 τὰς
1256 5483 1385 5538 Oed.
1420 5480 1565 5536 Slav.
1595 5482 1617 5536 ?
1688 5484 1735 5514 ⁸³
1777 5483 1869 5535 καί
1904 5482 2028 5536 add.
2057 5483 2186 5538 Cet}.
2227 5485 2335 5541 bis.-

2434 5486 2481 5557 ει
2507 5485 2639 5556 παρ’
2662 5486 2789 5556 ὑμῖν
2819 5486 3125 5557 Ccd._Slav.
3203 5487 3252 5520 ⁸⁸
3273 5487 3592 5557 είργάζοντο
3633 5487 3764 5544 Ced.
3841 5486 3888 5524 "
3925 5496 4027 5549 πάι

760 5558 848 5609 λαι
883 5561 981 5628 μεν
1010 5554 1141 5609 Oed.
1178 5551 1326 5628 δίαν.
1405 5553 1955 5628 ⁸⁷ῌὰσεὸοῦντεςίεριί.
2031 5553 2078 5584 ⁸⁸
2111 5572 2160 5607 τ.
2187 5555 2371 5628 διάγετ

2434 5555 2558 5610 Sed.
2589 5551 2798 5628 sm.)
2866 5553 3010 5628 "jv
3039 5561 3172 5622 Θεός
3206 5551 3341 5613 ϐεόξ
3367 5551 3514 5614 Slav.
3547 5559 3570 5612 Υ
3636 5559 3687 5628 γ·
3715 5561 3810 5614 καὶ
3835 5565 3862 5615 6
3888 5567 4026 5621 (led.

762 5623 952 5681 Slavl?
1027 5629 1067 5657 "
1104 5625 1387 5678 καὶταῦτα
1424 5623 1518 5676 νῦν
1551 5623 1681 5680 Ced.
1789 5626 1832 5655 "
1860 5624 1993 5676 διότι
2037 5630 2159 5679 cod.
2201 5624 2344 5682 Sluv.

759 5698 892 5751 tLed.
915 5696 1105 5762 Slavn?
1178 5696 1224 5726 "
1256 5698 1322 5748 τὰ
1349 5694 1672 5763 τολμώμενα
1716 5695 1848 5750 Ccd.
1881 5695 2074 5747 Slav.?

759 5771 889 5822 tled.
971 5771 984 5796 ‘
1012 5767 1172 5818 Num.
1236 5782 1324 5827 xv,
1362 5766 1412 5826 8,
1441 5769 1524 5817 t3.
1621 5769 1638 5794 '
1667 5784 1761 5833 φα.
1789 5765 1910 5819 cod.

761 5843 775 5869 ⁷
812 5839 1118 5906 περαιτέρω
1148 5839 1275 5890 ﬁeri.
1313 5838 1500 5889 ειυς]

2182 5697 2223 5727 ’⁷
2258 5697 2492 5765 Χριστόν
2536 5699 2659 5751 add.
2696 5699 2825 5751 (Sed.

2031 5765 2050 5794 ³
2076 5767 2253 5818 τέλεον
2285 5771 2392 5820 Ced

1576 5838 1594 5866 "
1626 5854 1672 5890 τ.
1710 5836 2025 5906 ἀνθρώπους
2052 5837 2204 5900 Ccd.,
2245 5839 2337 5890 sed
2374 5837 2444 5891 cf.
2471 5838 2537 5890 3U
2571 5839 2713 5890 ξων.
2736 5841 2757 5888 2'

2460 5629 2505 5659 ⁸⁸
2539 5630 2709 5696 μείζω
2739 5627 2867 5681 Ced.
2901 5627 3093 5684 sum
3188 5631 3233 5661 ’δ
3262 5629 3394 5683 Luc.
3432 5645 3547 5695 xu,
3589 5627 3678 5683 ιο.
3783 5634 3829 5665 ⁸⁸
3875 5639 4027 5689 ἔσται

2931 5701 2976 5731 η
3006 5700 3138 5766 γοῦν
3174 5699 3507 5754 (ζει1,51;1ν.7
3609 5702 3654 5732 ⁸⁸
3683 5706 4028 5758 κατέπαυσεν

2523 5767 2542 5846 ξ
2568 5783 2661 5846 πρ.
2690 5770 2866 5846 αῦτῶν
2975 5769 3103 5825 (ἱρά.
3224 5772 3244 5799 ⁸
3272 5770 3401 5838 γοῦν
3438 5770 3568 5826 Ced.
3692 5773 3712 5804 ⁸
3739 5774 3858 5846 οὐχί
3890 5783 4027 5831 ηοω.
