4244 6444
183 394 288 455 513

1351 394 1810 461 crtnomcrm.
1853 427 1917 437 —-
1958 404 2105 464 LIB;
2159 387 2271 461 ill.

3344 403 3448 466 fill

178 508 330 578 αύτῷ
356 523 449 561 και
473 510 609 578 πρὸς
641 511 739 581 τὴν
766 509 858 563 τοῦ
878 509 1128 564 διαϐόλου
1161 513 1238 582 μὴ
1274 512 1772 581 κατολισθήσαντες
1802 521 1843 576 Α

1769 531 1772 540 ι
1802 521 1843 576 Α
1880 521 2143 583 regnent;
2179 513 2271 582 qui
2337 527 2463 566 vero
2499 511 2673 580 ipsum
2723 506 3097 573 irritavertint,
3134 520 3188 564 ct
3236 511 3445 566 basiem

178 601 399 670 ἀπάτην
445 602 539 654 τὸν
572 603 683 655 τῶν
731 606 1037 675 φωσφόρων
1078 604 1299 672 ἀγαθῶν
1334 606 1473 676 μετά
1510 605 1606 675 τὴν
1632 607 1759 660 ἀνά-

180 711 374 748 στασιν
400 696 765 760 ἀπολαύοντες
781 696 828 730 ⁸⁸
851 700 1038 761 τόπον,
1072 699 1310 763 αίωνίως
1324 698 1369 730 ⁸⁸
1399 698 1764 769 συμϐασιλεύο

181 803 375 852 σωσιν,
408 789 456 842 οί
495 788 552 842 δέ
598 791 1037 863 παρδργίσαντες
1089 794 1254 847 αὑτὸν
1304 794 1399 848 καὶ
1463 794 1541 864 τῷ
1596 794 1763 866 κοινῷ

178 880 365 952 ἐχθρῷ
404 882 961 956 ἐξακολουθήσαντες,
1014 886 1109 940 σῦν
1150 886 1300 957 αύτῷ
1322 886 1367 917 ’°
1406 886 1497 939 τδν
1550 894 1763 939 σκοτειέ

179 972 412 1040 νοφόρον
458 974 819 1045 κολαστηρίου
871 975 1051 1046 χῶρον
1098 975 1463 1046 ἀπειληφότες
1511 976 1764 1048 (αίωνίως

180 1065 300 1133 καὶ)
317 1063 686 1136 ἀτελευτήτως
704 1068 1055 1123 ἀπολαύσωσι
1107 1069 1172 1125 ’⁸.
1194 1067 1539 1139 Διαχωρίσας
1573 1069 1628 1122 δέ
1654 1070 1762 1141 (γε)

181 1157 244 1209 τὺ
299 1158 413 1229 πῦρ
460 1159 556 1211 καὶ
597 1159 659 1211 τὸ
700 1158 847 1232 ὕδωρ
883 1160 1072 1232 ὥσπερ
1102 1160 1164 1213 τὸ
1192 1160 1309 1230 φῶς
1337 1159 1431 1215 καὶ
1460 1161 1520 1214 τὸ
1551 1162 1763 1227 σκότος,

179 1250 624 1319 κατεκερμάτισε
672 1249 849 1304 ταῦτα
902 1254 1044 1305 κατᾶ
1086 1252 1265 1320 πάσης
1292 1251 1460 1305 αὑτοῦ
1505 1252 1608 1320 τῆς
1644 1252 1764 1305 κτί-

184 1356 328 1401 σεως
352 1356 366 1369 ·
402 1340 496 1392 καὶ
530 1339 679 1394 ἐστιν
707 1342 850 1413 ὕδωρ
883 1340 1157 1413 (καὶπῦρ)
1193 1343 1450 1411 ὑπεράνω
1504 1341 1595 1394 τοῦ
1640 1359 1766 1395 στε-

182 1435 488 1502 ρεώματος,
534 1435 561 1487 ὃ
598 1435 748 1489 ἐστιν
782 1435 981 1511 αἰθήρ·
1019 1438 1114 1489 καὶ
1144 1436 1293 1488 ἔστιν
1336 1435 1480 1506 ὕδωρ
1512 1435 1606 1487 καὶ
1654 1436 1764 1507 πῦρ

180 1524 442 1578 ὑποκάτω
465 1529 563 1595 τῆς
599 1528 700 1596 γῆς
724 1544 737 1555 ·
766 1528 859 1580 καὶ
892 1529 953 1580 τὸ
991 1530 1089 1599 μὲν
1114 1527 1301 1581 ἐπάνω
1338 1530 1439 1597 τῆς
1466 1532 1567 1600 γῆς
1619 1529 1765 1601 ὕδωρ

180 1615 450 1684 συναχθὲν
492 1618 572 1678 εἰς
611 1619 933 1689 συναγωγὴν
969 1620 1283 1690 μίαν
1312 1620 1557 1674 θάλασσα
1597 1624 1767 1690 προσο

1870 618 2210 659 communem
2246 603 2417 659 Secuti
2475 610 2621 664 sunt,
2656 617 2761 655 una
2797 613 2920 656 cum
2964 603 3067 656 isto
3100 600 3151 653 in
3198 600 3451 653 teut-bro-

1868 712 1987 751 sam
2050 711 2337 767 poenarum
2397 696 2671 765 regionem
2743 695 2949 762 rejecti,
2985 694 3036 747 in
3100 705 3363 747 :eternum
3398 703 3451 745 et

1881 788 2087 857 absque
2114 790 2221 842 fine
2249 787 2483 856 lugeant.
2514 786 2693 857 Ignem
2724 794 2778 840 et
2815 798 3011 854 aquam
3056 791 3336 854 srparans,
3374 787 3451 837 si-

1876 889 1967 935 cut
2025 882 2206 934 lumen
2265 888 2317 933 et
2372 880 2654 941 tenebras,
2722 878 2774 931 in
2812 878 3057 947 Singulas
3113 889 3289 945 partes
3339 893 3453 930 Slld!

1867 971 2161 1027 Creationis
2223 971 2531 1024 minutatim
2590 964 2915 1024 distribuit:
2962 979 3011 1022 et
3064 980 3204 1037 aqua
3258 977 3341 1021 est
3398 978 3452 1021 et

1869 1066 2009 1136 ignis
2057 1080 2221 1134 supra
2281 1065 2404 1120 coeli
2448 1065 2874 1128 firmamentum,
2907 1062 3051 1133 qbod
3121 1062 3440 1123 ρειωιΙιοτ;

1868 1165 1921 1210 ct
1960 1172 2098 1227 aqua
2149 1166 2233 1211 est
2288 1167 2342 1210 et
2389 1156 2528 1226 ignis
2569 1153 2715 1208 infra
2758 1164 2956 1207 terram
2987 1153 3241 1207 deorsum
3268 1168 3280 1213 ;
3311 1165 3452 1218 aqua

1868 1260 2049 1304 autem
2081 1262 2245 1319 super
2278 1249 2477 1303 terram
2513 1249 2564 1301 in
2615 1262 2783 1302 unum
2846 1256 3194 1315 congregata,
3262 1247 3450 1296 vocata

1867 1348 1947 1399 est
1978 1357 2167 1408 mare;
2200 1356 2322 1412 quae
2357 1356 2480 1396 vero
2511 1341 2706 1395 subtus
2746 1336 2942 1391 terram
3001 1335 3279 1399 remansit,
3310 1336 3450 1387 ditt?!

1870 1458 1955 1505 est
1985 1440 2240 1520 abyssus,
2272 1450 2418 1503 unde
2449 1448 2607 1517 quasi
2646 1442 2863 1501 canales
2904 1437 2972 1500 ad
3003 1446 3167 1497 vitam
3211 1438 3454 1497 nostram

1884 1552 1938 1596 ct
1962 1541 2259 1596 animantis
2276 1540 2565 1610 cujuslibet
2588 1541 2892 1595 scaturiunt
2913 1538 3110 1601 fontes,
3132 1538 3453 1602 untlc;etiam

1874 1628 2115 1686 calentes
2166 1646 2342 1699 aquze.
2411 1629 2543 1695 Qua:
2604 1627 2819 1695 longius
2865 1626 2932 1679 ab
2992 1624 3113 1693 igne
3145 1623 3236 1691 qui
3291 1622 3372 1674 inf
3400 1639 3452 1686 τι,

177 1706 452 1776 ηγορεύθη
474 1723 487 1736 ·
518 1708 577 1761 τ’)
624 1709 681 1762 δὲ
715 1710 973 1762 ὑποκάτω
1000 1712 1099 1781 τῆς
1122 1712 1224 1781 γῆς
1250 1713 1555 1780 ἀπομεῑναν
1602 1712 1770 1765 ἄϐυσ-

1874 1721 2211 1793 providentia
2274 1721 2365 1775 Dei
2430 1735 2585 1787 aqua:
2636 1718 3056 1787 suppeditantur
3111 1706 3452 1783 frigidiores;

181 1814 272 1859 σος
300 1798 531 1870 ἐκλήθη,
556 1802 614 1867 ἐξ
664 1793 725 1854 οὗ
777 1802 1028 1874 καθάπερ
1060 1804 1294 1872 σίφωνές
1338 1822 1485 1868 τινες
1515 1805 1767 1877 ἀναπέμ-

1873 1830 1993 1885 qua:
2023 1829 2151 1868 vero
2185 1812 2545 1883 proximiores
2573 1812 2706 1881 igni,
2749 1808 2948 1864 exinde
3008 1808 3217 1862 fervent
3246 1816 3298 1861 et
3331 1803 3455 1873 pro-

179 1905 379 1942 πονται
410 1890 545 1959 πρὸς
570 1890 713 1962 ζωὴν
735 1893 891 1963 ἡμῶν
914 1895 970 1948 αἱ
993 1894 1223 1964 πηγα“ι”
1258 1895 1351 1948 καὶ
1383 1896 1581 1960 παντὸς
1602 1894 1765 1961 ζώου,
1803 1892 1845 1947 Β

1803 1892 1845 1947 Β
1874 1904 2065 1960 siliunt
2116 1913 2512 1971 exaestuantes;
2549 1919 2669 1974 qua:
2714 1914 2896 1957 autem
2953 1901 3276 1955 remotiorcs
3330 1888 3458 1951 Sitili.

179 1981 276 2049 ἀρ’
306 1974 367 2034 οὗ
402 1984 492 2035 καὶ
525 1984 594 2036 τὰ
623 1983 801 2054 Οερμά
825 1985 1045 2056 (ῦδατα)
1078 1986 1405 2056 ἀνάγονται·
1440 1991 1536 2043 καὶ
1567 1993 1634 2045 τὰ
1664 1994 1764 2062 μὲν

1673 1994 1764 2061 μὲν
1873 1998 1940 2051 ab
1965 1998 2088 2068 igne
2121 1996 2175 2052 in
2205 1997 2530 2067 quibusdam
2558 1998 2691 2052 locis
2731 1997 3087 2066 egrediuntur
3137 1993 3349 2062 tepidm.

180 2080 519 2150 πορρωτέρω
550 2080 643 2133 τοῦ
670 2081 824 2135 κάτω
857 2082 1028 2153 πυρὸς
1055 2080 1356 2155 ἀπέχοντα,
1395 2089 1625 2159 προ-,οἷα
1674 2088 1811 2142 Θεοῦ
1851 2090 2191 2147 ἀναδίδονται
2241 2093 2575 2165 ψυχρότερα,
2602 2092 2673 2147 τά
2727 2090 2783 2145 δὲ
2856 2090 3085 2161 πλησίον
3124 2088 3218 2141 τοῦ
3261 2088 3453 2159 πυρὸς,

178 2170 392 2223 ἐκεῖθεν
427 2170 831 2239 ἐκπυρούμενα,
860 2172 1006 2244 (ενδ)
1043 2174 1233 2238 ζέοντα
1272 2175 1391 2227 λίαν
1429 2175 1820 2246 ἀναφέρονταιο
1856 2180 1957 2234 ὅσα
2025 2181 2082 2235 δὲ
2144 2182 2205 2236 οὑ
2260 2178 2308 2214 ’³
2340 2182 2702 2253 πλησιάζουσι
2766 2176 2866 2252 (τῷ
2898 2170 3033 2249 πυρῖ
3060 2174 3270 2244 ῦδατα,)
3301 2176 3454 2245 χλιαὲ

178 2264 312 2331 pi”
348 2263 405 2314 ἓν
436 2280 547 2316 τισι
574 2264 757 2325 τόποις
790 2262 1132 2328 ἐξάλλονται.

255 2359 364 2411 Καὶ
418 2359 480 2411 τὸ
538 2358 639 2429 μὲν
694 2358 955 2413 ὑποκάτω
988 2361 1087 2431 τῆς
1120 2361 1224 2431 γῆς
1260 2360 1372 2432 πῦρ
1406 2365 1766 2439 κολαστήριόν

182 2454 300 2506 ἐστι
353 2451 625 2521 δαιμόνων
672 2453 766 2505 καὶ
823 2453 1167 2523 ἁμαρτωλῶν
1216 2454 1559 2528 ἀνθρώπω-ι’
1611 2461 1672 2512 τὸ
1712 2461 1771 2514 δὲ

181 2541 497 2597 κατώτατον
519 2543 564 2575 ’⁸
596 2543 763 2615 ὕδωρ,
792 2544 1132 2614 ψυχρότατον
1152 2545 1197 2577 ’⁸
1230 2544 1290 2599 ὃν
1324 2538 1419 2600 καὶ
1450 2551 1527 2612 είς
1565 2549 1772 2621 βώλους

181 2634 524 2705 κρυστάλλου
583 2638 833 2706 πεπηγὸς
865 2677 879 2699 ,
933 2636 961 2690 ὅ
1032 2640 1126 2690 καὶ
1184 2638 1468 2711 Τάρταρος
1525 2643 1767 2711 λέγεται,

183 2728 612 2798 βασανιστήριόν
652 2729 802 2781 ἐστιν
864 2728 1129 2793 ὡσαύτως
1170 2733 1262 2783 καὶ
1307 2730 1470 2785 τοῦτο
1529 2735 1638 2787 τῶν
1690 2737 1765 2804 μὴ

183 2818 542 2886 φυλαξάντων
571 2819 668 2882 τὰς
700 2819 920 2882 ἐντολάς
955 2821 1186 2890 Κυρίου.
1227 2822 1351 2874 Ὀτι
1382 2822 1437 2874 δὲ
1468 2822 1581 2892 πῦρ
1619 2821 1766 2878 ἐστιν

187 2913 450 2969 ὑποκάτω
480 2916 582 2981 τῆς
624 2912 751 2982 γῆς,
785 2910 1021 2964 πειθέτω
1052 2928 1111 2965 σε
1160 2913 1223 2965 τὸ
1274 2915 1332 2966 ἐν
1380 2914 1598 2986 Σικελίᾳ
1635 2915 1767 2985 πῦρ,

185 3005 282 3058 καὶ
313 3006 369 3056 ἐν
402 3004 580 3073 Λυκίᾳ
637 3004 932 3075 προφανῶς
985 3005 1401 3075 ἀναδιδόμενον,
1440 3009 1532 3060 καὶ
1583 3008 1766 3078 μέντοι

184 3098 279 3149 καὶ
309 3095 461 3149 ἄλλοι
487 3097 644 3149 τόποι
683 3094 930 3166 διάφοροι
948 3095 994 3127 ⁸⁷
1023 3096 1225 3166 ὁμοίως
1273 3098 1763 3169 παραδεικνύμενοι

1939 2369 2005 2418 bt
2045 2367 2137 2435 qui
2185 2376 2269 2420 est
2325 2363 2466 2419 infra
2522 2374 2721 2419 terram
2780 2361 2962 2434 ignis,
3008 2357 3074 2417 ad
3126 2360 3453 2433 supplicium

1869 2467 1954 2511 cst
2004 2458 2309 2511 dannonum
2352 2467 2405 2511 et
2430 2464 2771 2526 peccatorum
2820 2472 2836 2522 ;
2876 2471 2995 2525 quae
3021 2471 3182 2525 quam
3217 2456 3454 2511 maxime

1874 2551 1930 2603 in
1984 2548 2109 2603 imis
2155 2558 2237 2603 est
2309 2565 2499 2620 aqua,
2573 2547 2927 2619 frigidissima
2997 2547 3211 2616 quidem
3280 2557 3331 2601 rt
3398 2545 3454 2602 in

1871 2633 2107 2710 crystalli
2166 2639 2375 2693 formas
2419 2638 2873 2708 concreti,quod
2932 2638 3134 2693 dicitur
3191 2630 3454 2693 Tartarus

1872 2734 2123 2788 similiter
2157 2741 2240 2787 est
2281 2733 2347 2785 ad
2377 2746 2566 2786 eorum
2595 2731 2899 2785 cruciatum
2929 2730 3021 2800 qui
3056 2730 3310 2784 mandata
3351 2732 3454 2783 Do-

1874 2826 2006 2878 mini
2077 2841 2188 2879 non
2270 2832 2647 2879 servaverunt.
2692 2822 2823 2878 Illud
2905 2834 2955 2876 te
3030 2833 3238 2877 certum
3293 2822 3456 2877 faciat
3531 2878 3537 2885 ,

1872 2916 2013 2983 ignis
2081 2916 2172 2983 qni
2225 2916 2278 2970 in
2341 2914 2658 2978 Sitilia,ct
2718 2916 2770 2967 in
2832 2912 2991 2984 Lycia
3052 2914 3450 2976 manifestatur,

1873 3012 1982 3064 imo
2038 3011 2176 3064 etin
2230 3008 2421 3062 multis
2479 3006 2600 3060 aliis
2658 3006 2814 3067 locis,
2837 3018 2956 3059 esse
3015 2993 3221 3059 scilicet
3261 3007 3454 3059 subtus

1876 3111 2073 3155 terram
2099 3096 2299 3170 ignem,
2326 3101 2377 3151 in
2400 3099 2677 3151 tremenda
2703 3097 2949 3164 gebenna
2977 3111 3170 3150 omnes
3189 3106 3457 3175 quotquot

184 3186 329 3257 πῦρ,
375 3188 455 3249 εἰς
509 3188 608 3255 τὴν
665 3186 907 3256 φοὸεράν
957 3187 1184 3255 γέενναν
1218 3190 1502 3259 προδήλως
1558 3190 1765 3253 πάντας
1795 3202 1839 3258 c

1795 3202 1839 3258 ο
1877 3209 2041 3262 opera
2104 3192 2244 3261 ignis
2302 3190 2511 3260 operati
2573 3198 2701 3243 sunt
2757 3189 3188 3253 comburentem,
3220 3190 3286 3243 de
3345 3206 3454 3256 ιιιιο

186 3281 487 3332 κατακαίον
517 3277 713 3331 ὅσοιτά
730 3279 822 3331 τοῦ
854 3280 1028 3349 πυρὸς
1058 3279 1195 3350 ἔργα
1226 3282 1609 3352 πεπράκασιν,
1640 3284 1770 3352 περὶ

190 3367 250 3423 οῦ
288 3373 385 3422 καὶ
413 3373 439 3424 ὁ
468 3372 641 3440 μέγας
672 3370 917 3441 Μωῦσῆς
952 3373 1016 3424 ἐκ
1044 3372 1341 3442 προσώπου
1371 3373 1463 3425 τοῦ
1488 3372 1623 3426 Θεοῦ
1661 3391 1767 3445 φη·

191 3481 273 3516 σιν
302 3464 407 3527 ὅτι,
448 3482 464 3514 ι
513 3463 628 3533 Πῦρ
676 3462 1012 3517 ἐκκέκαυται
1063 3466 1128 3516 ἐκ
1182 3464 1275 3517 τοῦ
1310 3463 1482 3535 θυμοῦ
1523 3483 1625 3535 μου
1675 3468 1768 3521 καὶ

186 3556 590 3626 καυθήσεται⁹⁸
645 3555 749 3618 ἕως
812 3555 940 3626 ᾆδου
991 3557 1340 3611 κατωτάτου³
1388 3560 1767 3626 καταςάγεται

187 3649 291 3713 γῆν
313 3646 411 3698 καὶ
427 3644 495 3696 τὰ
516 3645 833 3714 γεννήματα
846 3644 1017 3713 αὑτῆς
1033 3662 1044 3674 ·
1070 3645 1251 3714 φλέξει
1276 3645 1505 3714 θεμέλια
1523 3648 1713 3717 όρέων.
1744 3669 1760 3700 ι

188 3735 349 3788 Οὕτω
391 3735 447 3788 δέ
484 3737 576 3788 καὶ
632 3735 859 3799 Ἡσαΐας
893 3736 1210 3806 προφαίνων
1241 3738 1542 3809 διαρρήδην
1557 3740 1602 3771 θ’
1656 3743 1768 3804 τοῖς

184 3829 532 3901 ἁμαρτωλοῖς
566 3829 662 3900 τὴν
697 3830 968 3900 ἐσομένην
1006 3831 1102 3883 καὶ
1147 3833 1562 3903 ἡτοιμασμένην
1586 3836 1769 3895 αὐτοῖς

182 3923 272 3974 διὰ
305 3920 439 3973 τοῦ¹
487 3921 659 3991 πυρῦς
706 3921 930 3975 κόλασιν
985 3921 1192 3993 ἐκϐοᾷ·
1254 3942 1273 3975 ι
1322 3924 1418 3988 Τίς
1470 3926 1768 3992 ἀναγγελεῖ

184 4017 337 4083 ὑμῖν,
359 4015 439 4066 ὅτι
470 4013 581 4084 πῦρ
608 4014 843 4078 καίεται,
864 4018 957 4067 καὶ
976 4014 1058 4079 τίς
1082 4016 1374 4083 ἀναγγελεῖ
1402 4018 1530 4086 ὑμῖν
1557 4019 1727 4071 τόπον
1747 4012 1767 4052 ί

184 4107 436 4171 αἱώνιονς
462 4106 510 4156 ³»
540 4136 610 4145 --
635 4125 652 4157 ι
684 4105 986 4177 Πορεύεσθε
1013 4105 1090 4177 τῷ
1125 4108 1263 4177 φωτὶ
1292 4108 1386 4161 τοῦ
1415 4107 1583 4179 πυρὸς
1614 4110 1768 4180 ὑμῶν

183 4202 279 4251 καὶ
310 4202 376 4268 τῇ
408 4198 568 4268 φλογὶ
658 4197 989 4263 ἐξεκαύσατε
1010 4199 1052 4254 ⁴.
1080 4218 1099 4251 ι
1139 4201 1248 4253 Καὶ
1276 4200 1650 4267 ἐξελεύσονται
1677 4204 1770 4256 καὶ

185 4290 416 4359 ὄψονται
445 4289 514 4342 τά
546 4289 696 4342 κῶλα
721 4289 829 4341 τῶν
862 4288 1288 4356 ἀνθρώπωντῶν
1302 4290 1770 4361 παραϐεϐηκότων

184 4385 242 4435 ἐν
278 4380 426 4451 ἐμοὶ,
458 4381 608 4449 λέγει
662 4380 903 4452 Κύριοςο
954 4383 982 4435 ὁ
1035 4382 1144 4454 γάρ
1202 4383 1422 4456 σκώληξ
1476 4383 1656 4437 αὐτῶν
1705 4386 1767 4438 σὺ

182 4476 523 4545 τελευτήσει,
566 4476 660 4528 καὶ
691 4474 752 4527 τὸ
789 4474 932 4543 πύρ’
964 4476 1026 4527 οὑ
1076 4475 1462 4546 σϐεσθήσεται,
1492 4476 1587 4530 καὶ
1614 4477 1768 4529 ἔσον-

1878 3298 2107 3353 magnus
2149 3281 2359 3352 Moyses
2390 3297 2454 3335 ex
2492 3294 2723 3349 persona
2761 3278 2854 3332 Dei
2891 3279 3018 3333 dicit
3067 3280 3196 3347 quia
3229 3297 3247 3328 ι
3308 3277 3453 3347 lgnis

1872 3388 2171 3428 succensus
2210 3384 2292 3425 est
2331 3374 2383 3424 in
2409 3369 2592 3424 furore
2657 3383 2798 3431 meo,
2833 3376 2884 3421 et
2918 3369 3129 3423 ardebit
3167 3384 3340 3437 usque
3386 3369 3452 3420 ad

1873 3466 2067 3519 infei‘ni
2104 3456 2465 3517 fundamenta
2498 3480 2513 3527 ;
2569 3462 2851 3515 devorabit
2899 3471 3101 3514 lcrram
3127 3470 3182 3514 et
3211 3462 3455 3528 germina

1871 3555 2050 3622 illius;
2084 3557 2368 3609 comburet
2398 3552 2748 3606 fundamenta
2786 3554 3077 3606 montium.
3117 3571 3135 3603 ›
3164 3552 3254 3607 Sic
3289 3553 3453 3606 Isaias

1876 3649 2099 3718 pimcise
2130 3645 2489 3701 manifestans
2512 3662 2632 3715 qua:
2675 3645 2855 3698 futura
2890 3644 2960 3698 sit
2998 3647 3372 3714 peccatoribus
3404 3658 3458 3699 et

1874 3746 2174 3808 praeparata
2224 3753 2318 3806 per
2371 3736 2546 3806 iglilflll
2579 3751 2760 3805 ptnna,
2785 3737 3051 3791 exclamat
3082 3752 3099 3791 :
3141 3754 3159 3788 ι
3198 3736 3332 3803 Quis
3361 3755 3457 3790 an-

1874 3832 2144 3885 nuntiabit
2178 3824 2334 3883 roLis
2361 3830 2486 3899 quia
2521 3829 2661 3895 ignis
2690 3830 2843 3882 ardet
2884 3828 2906 3881 ?
2936 3839 2988 3882 et
3013 3829 3137 3899 quis
3167 3831 3459 3883 annuntia-

1873 3923 1950 3976 bit
1981 3922 2138 3975 vobis
2165 3923 2342 3975 locum
2374 3919 2809 3989 sempiternum?
2844 3938 2862 3970 ›
2908 3949 2978 3960 -
3023 3938 3042 3973 ι
3072 3919 3357 3976 Ambulate
3398 3924 3451 3975 in

1873 4004 2079 4066 lumine
2136 4012 2276 4082 ignis
2331 4011 2517 4075 vestri,
2547 4020 2598 4064 et
2633 4011 2685 4063 in
2725 4009 2960 4065 flammis
2995 4027 3133 4081 quas
3165 4014 3455 4067 succendi-

1873 4106 1992 4159 stis.
2036 4124 2053 4155 ι
2086 4134 2153 4146 --
2184 4114 2203 4156 t‘
2239 4104 2305 4157 Et
2337 4104 2711 4172 egrediuntur,
2739 4116 2787 4157 et
2827 4105 3081 4159 videbunt.
3109 4105 3350 4159 membra
3384 4107 3460 4158 ri-

1874 4210 2059 4248 t'orum
2120 4190 2212 4264 qu'l
2244 4194 2576 4263 pmraricati
2611 4205 2741 4250 sunt
2783 4198 2836 4249 in
2869 4212 2975 4262 me,
3010 4196 3145 4250 dicit
3174 4195 3456 4253 Dominus.

1880 4282 2088 4338 Verulis
2155 4286 2303 4339 enim
2369 4300 2558 4339 eorum
2598 4301 2701 4340 non
2762 4289 3050 4353 morietur,
3083 4297 3136 4342 el
3172 4289 3313 4358 ignis
3349 4308 3455 4343 non

1872 4377 2279 4448 cxstingnetur,
2306 4391 2360 4433 et
2385 4389 2545 4432 rrunt
2578 4381 2631 4433 in
2662 4379 2924 4434 visionem
2957 4383 3103 4435 omni
3132 4383 3302 4437 carni.
3338 4400 3356 4433 ι
3392 4383 3459 4437 Et

1871 4471 2037 4524 etiam
2088 4468 2274 4523 divino
2331 4466 2554 4540 eloquio
2585 4469 3012 4542 Clirysostomus
3034 4474 3162 4527 dicit
3204 4491 3216 4526 :
3263 4494 3280 4525 ι
3323 4471 3456 4528 Vide

181 4578 275 4622 ται
303 4571 383 4632 εξς
408 4569 604 4638 ὅρασιν
634 4570 785 4640 πάσῃ
811 4568 996 4640 σαρκί.
1021 4582 1038 4621 I
1078 4565 1190 4622 Καὶ
1218 4567 1283 4641 δὴ
1320 4569 1414 4622 καὶ
1441 4571 1468 4623 ὁ
1498 4570 1765 4639 θεηγόρος
1791 4562 1848 4622 D

1791 4562 2022 4628 Daliud
2084 4574 2331 4630 mirabile
2380 4592 2592 4641 rursus,
2653 4580 2791 4633 uniri
2858 4596 3051 4650 nempe
3100 4594 3323 4636 naturas
3354 4584 3457 4638 sibi

192 4661 588 4733 Χρυσόστομὸς
618 4676 814 4732 φησιν·
844 4658 1018 4733 (Ὅρα
1035 4660 1337 4733 παράδοξον
1355 4662 1544 4734 ἕτερον
1565 4662 1720 4727 αὖθις
1734 4664 1774 4729 ⁸,

189 4752 447 4816 ἐναντίας
503 4752 695 4821 φύσεις
748 4751 1037 4815 συνιούσας
1068 4769 1084 4786 ο
1116 4752 1240 4807 οὔτε
1269 4753 1381 4825 γάρ
1409 4755 1697 4825 ἀστραπῆς
1724 4773 1777 4809 τι

194 4844 619 4915 πυρωδέστερον
652 4841 781 4896 οὔτε
815 4843 1046 4907 ἴέιδατος⁷
1077 4844 1436 4917 ψυχρότερον,
1473 4846 1585 4899 ἀλλ’
1629 4848 1778 4918 ὅμως

186 4936 580 5007 ἀναμίγνυται,
620 4937 717 4987 καί
740 4935 801 4988 οὐ
832 4939 1116 5005 συγχείται
1160 4938 1283 4991 οὑδὲ
1317 4939 1734 5008 κεράννυταιδδ
1755 4979 1772 5005 ,

187 5029 349 5099 331
380 5026 518 5081 ἀλλά
539 5026 661 5089 τοὺς
679 5026 910 5090 οἰκείους
932 5026 1163 5081 ἕκαστον
1181 5028 1224 5059 ¹⁰
1246 5028 1493 5099 διατηρεί
1514 5028 1695 5100 ὄρους,
1713 5029 1772 5082 τὸ

189 5126 304 5192 πῦρ
339 5125 396 5174 ἐν
431 5122 508 5191 τῷ
526 5119 681 5174 ῦδατι
702 5120 796 5173 καὶ
816 5118 878 5174 τὸ
896 5119 1042 5190 ὔδωρ
1070 5122 1129 5174 ἐν
1152 5121 1229 5193 τῷ
1256 5123 1389 5193 πυρί
1413 5137 1426 5150 ’
1464 5127 1559 5175 καὶ
1588 5120 1711 5176 οὔτε
1730 5127 1770 5155 ¹¹

1887 4666 2119 4721 invicem
2170 4660 2509 4737 pugnantes;
2542 4669 2844 4725 niliilcnim
2884 4671 3096 4740 fulgure
3138 4674 3457 4739 ferventius,

1884 4758 2023 4811 nihil
2046 4772 2187 4828 aqua
2215 4758 2488 4830 frigidius,
2518 4770 2574 4815 et
2600 4770 2781 4816 tamen
2820 4769 3180 4833 copulantur,
3217 4784 3313 4822 nec
3338 4770 3460 4823 ideo

1882 4852 2185 4907 miscentur
2208 4861 2263 4907 et
2290 4851 2724 4919 confunduntur,
2747 4857 2838 4910 sed
2867 4873 3206 4927 unaquaeque
3228 4876 3310 4914 res
3338 4879 3462 4928 pri:-

1882 4944 2033 5011 prios
2055 4952 2237 4998 servat
2264 4943 2483 5007 limites,
2519 4944 2661 5013 ignis
2688 4946 2742 4999 in
2772 4962 2938 5017 aqua,
2962 4958 3018 5001 et
3040 4964 3179 5018 aqua
3214 4950 3264 5003 in
3297 4954 3457 5022 igne;

1882 5049 1982 5089 nec
2034 5035 2177 5104 ignis
2241 5051 2437 5106 aquam
2467 5036 2789 5103 exsiccavit,
2834 5054 2933 5093 nec
2977 5042 3327 5110 aquaigneni
3360 5061 3461 5097 ex-

1883 5126 2115 5194 stinxit;
2150 5138 2202 5183 et
2232 5136 2410 5183 tamen
2469 5138 2552 5185 cst
2580 5130 2759 5201 fulgur
2788 5131 2909 5201 igne
2964 5134 3126 5188 solari
3173 5136 3375 5201 acrius,
3408 5148 3461 5192 et

1375 5314 1577 5375 Variae
1608 5314 1913 5378 lectiones
1957 5326 2018 5379 et
2062 5326 2252 5380 notis.

266 5461 312 5494 ⁸⁸
338 5460 567 5534 amicti.
592 5460 723 5516 Ct‘li.
799 5464 847 5496 "
871 5465 1020 5534 αὑτῷ
1051 5464 1325 5534 add._Cetl.

189 5552 277 5587 σιν
301 5533 424 5587 cod.
500 5532 546 5562 ⁹¹
583 5534 675 5585 καὶ
711 5552 770 5585 π.
812 5534 861 5600 ζ.
904 5537 960 5586 αἱ
993 5530 1054 5588 ιτ.
1088 5530 1216 5591 Ced.

186 5606 351 5676 κράτε

185 5674 293 5739 ‘22;
348 5674 459 5748 .ler.
492 5688 581 5737 xv,
615 5674 702 5736 14,
758 5678 887 5748 (led.
943 5677 1013 5748 ᾃ⁹⁹
1044 5677 1091 5728 δ.
1142 5674 1244 5748 πρ.⁷
1277 5680 1406 5733 Ced.

190 5749 277 5799 ll.
359 5745 381 5774 δ
417 5744 515 5797 lsa.
570 5760 719 5811 uti,
777 5745 865 5799 24.
939 5744 1335 5803 ἀὑτῶνῸοώ
1370 5748 1472 5804 lsi.

1405 5471 1463 5547 ”.
1561 5476 1652 5547 καξι
1672 5474 1762 5547 τόν
1788 5476 1901 5547 τῶν
1937 5478 2382 5546 σκοτεινοφόρων,
2405 5493 2459 5531 κ.
2480 5495 2528 5531 τ.
2556 5478 2606 5531 λ.
2633 5477 2711 5529 ἀπ
2739 5495 2790 5547 χ.
2825 5477 2957 5531 Cetl.

1296 5539 1343 5570 ⁸³
1375 5539 1509 5591 πολύ
1540 5543 1665 5595 add.
1699 5542 1832 5599 Ced.

482 5602 609 5656 Ced.
688 5605 729 5635 ”
779 5609 835 5657 ὲν
864 5604 1044 5667 ἄλλοις
1075 5607 1348 5678 διαφόροις
1382 5612 1564 5672 τόποις
1588 5613 1681 5680 ὀμ.
1716 5602 2155 5684 παραδεικνύμεν

492 5688 581 5737 xv,
615 5674 702 5736 14,
758 5678 887 5728 (led.
969 5677 1013 5708 ⁹⁹
1044 5677 1091 5728 δ.
1142 5696 1236 5741 πρ.
1277 5680 1406 5733 Ced.
1518 5683 1533 5711 ¹
1564 5684 1827 5736 ἀσϐέστου
1872 5689 1999 5741 add.
2076 5688 2095 5717 ¹
2130 5704 2158 5738 τ

1778 5602 2218 5684 ιραδεικνύμενον
2265 5620 2378 5686 πῦρ
2406 5620 2533 5672 Cetl.
2614 5620 2659 5651 "
2696 5636 2820 5688 μου.
2860 5620 3018 5673 καυθ.
3058 5620 3212 5673 Deut.
3283 5603 3454 5675 κκλιι.

1778 5701 1827 5736 δυ
1872 5689 1999 5741 add.
2076 5688 2095 5717 ¹
2130 5688 2222 5738 τὸν
2251 5705 2301 5741 τ.
2342 5691 2431 5740 τόν
2478 5689 2603 5741 (led.
2647 5689 2752 5741 lsa.
2810 5707 2996 5741 xxxiii.
3034 5690 3118 5741 l4.
3215 5690 3234 5718 ³
3262 5689 3366 5741 lSa.
3404 5704 3454 5741 L.

1604 5692 1827 5736 σδέστου
1872 5692 1999 5740 add.

1573 5751 1594 5781 ⁸
1632 5755 1688 5805 ἀ.
1716 5756 1799 5808 ὲτ.
1828 5757 1957 5811 Ced.
1988 5755 2137 5812 -—-\’.
2184 5758 2287 5812 586
2324 5760 2428 5810 587
2480 5758 2538 5811 Ε.
2589 5759 2666 5812 ὲτ.
2705 5762 2866 5812 πάλιν
2901 5751 2993 5811 καὶ
3041 5765 3119 5815 ἐν.

186 5817 324 5870 Chr.
400 5814 467 5846 Μ
502 5816 895 5885 ἀναμίγνυνται
933 5813 1087 5871 αὗται
1120 5822 1213 5873 καὶ
1243 5823 1557 5889 σνγχέονται
1590 5824 1636 5876 ὀ.
1671 5828 2023 5897 κεράννυνται
2064 5830 2194 5883 Cltr.
2277 5830 2543 5888 ³⁰ὲκαστη
2567 5830 2694 5883 Chr.

3036 5480 3078 5510 “
3111 5475 3451 5530 ἀπολαύσου-

1912 5542 1958 5579 ’⁶
1989 5566 2039 5615 χ.
2062 5542 2399 5600 ἁναδίὸυνται
2425 5551 2553 5602 (ὶιοιΙ.
2634 5549 2679 5580 ’⁵
2707 5542 3002 5602 κατωτάτω
3055 5550 3183 5601 Ced.
3264 5550 3311 5580 ⁹⁶
3343 5550 3459 5613 ψυ-

3215 5690 3234 5718 ³
3262 5689 3366 5742 lsa.
3404 5704 3455 5749 L,

3199 5760 3217 5791 '
3248 5760 3457 5811 ὑδάτων

2898 5871 2908 5883 .
2945 5831 3066 5883 οὔτε
3093 5831 3225 5884 (:h'r.

2076 5688 2095 5717 ¹
2130 5688 2222 5738 τὸν
2251 5705 2301 5742 τ.
2342 5691 2431 5740 τόν
2478 5689 2603 5741 (led.
2647 5689 2752 5743 lsa.
2810 5707 2996 5753 xxxiii,
3034 5690 3118 5743 l4.

2779 5833 2890 5861 ιι...
