4244 6444
734 419 838 482 535

730 529 918 592 coluit,
951 537 1012 583 ut
1040 535 1272 597 quatuor
1315 535 1522 583 tantum
1567 528 1745 584 obuiis
1779 530 1845 583 ad
1877 531 2079 582 victum
2124 526 2304 596 quoti-
2333 531 2377 586 Α

729 619 817 673 di‘e
875 627 1164 675 contentus
1194 629 1381 675 esset:
1421 627 1472 673 et
1519 619 1646 672 licet
1685 618 1849 673 etiam
1892 627 2183 688 provectus
2210 631 2308 668 au-

726 713 813 766 nis
863 721 1272 779 perseveranter
1309 712 1385 766 ita
1421 713 1667 774 vivebat,
1705 721 1759 766 et
1794 726 1959 780 super
1991 708 2306 777 pavimento

722 814 783 856 et
811 802 1046 858 storeoia
1083 804 1407 868 dormiebat,
1445 815 1496 858 et
1525 820 1646 858 cum
1679 818 1973 874 parumper
2001 800 2304 870 requicvis-

722 902 825 956 set,
867 894 1045 950 noctis
1067 906 1274 964 partem
1313 895 1605 949 maximam
1643 911 1856 965 semper
1881 898 1932 948 in
1959 891 2306 948 meditatione

721 999 1005 1038 sacrorum
1058 988 1406 1040 oraculorum
1443 988 1795 1058 transigebat.
1857 987 1916 1041 in
1943 986 2027 1040 his
2076 994 2306 1043 conten-

723 1077 880 1143 dens,
914 1089 965 1132 et
995 1080 1231 1148 seipsum
1279 1081 1457 1134 inedia
1495 1091 1548 1134 et
1590 1081 1790 1151 vigiliis
1821 1091 1874 1134 et
1912 1081 2160 1135 nuditate
2206 1083 2302 1137 do-

723 1184 903 1232 mans,
936 1173 1006 1223 ita
1059 1171 1314 1225 contrivit
1361 1172 1596 1241 rigorem
1647 1175 1912 1242 corporis,
1968 1183 2025 1226 ut
2074 1175 2300 1228 omnino

722 1274 914 1316 osseus
978 1263 1270 1336 videretur.
1312 1262 1453 1318 Vino
1510 1265 1655 1318 enim
1709 1275 1761 1318 et
1816 1264 1938 1319 oleo
1994 1275 2047 1319 et
2091 1266 2300 1321 caeteris

720 1355 922 1409 talibus
964 1357 1264 1421 abstinens,
1302 1357 1536 1409 maxime
1567 1356 1739 1425 frangi
1777 1368 1964 1426 pectus
2001 1360 2296 1427 tolerabat;

720 1446 927 1501 idcirco
976 1449 1130 1501 valde
1175 1449 1404 1502 celebris
1459 1447 1637 1504 factus
1689 1458 1796 1510 est,
1836 1457 2026 1516 utpote
2065 1451 2299 1506 eximius

722 1556 885 1609 opere
932 1551 984 1595 et
1014 1543 1197 1604 verbo,
1255 1551 1308 1594 et
1341 1542 1435 1610 qui
1499 1543 1700 1596 multos
1735 1541 1954 1598 Graecos
2003 1545 2070 1598 ad
2119 1545 2298 1599 insani

721 1634 994 1687 idolorum
1031 1635 1211 1688 cultus
1259 1634 1442 1687 odium
1499 1634 1837 1690 adduxisset.
1890 1636 2079 1705 Magna
2137 1637 2300 1706 igitur

720 1726 864 1779 fama
927 1728 993 1779 de
1055 1741 1118 1780 eo
1178 1726 1414 1794 vulgata,
1452 1728 1745 1794 multisque
1802 1729 1869 1781 ad
1926 1743 2049 1781 cum
2106 1728 2297 1797 procul

719 1818 1187 1882 convenientibus,
1224 1833 1330 1871 non
1372 1818 1546 1871 solum
1596 1817 1816 1872 Graecos
1866 1819 2218 1889 philosophos
2245 1827 2298 1873 et

720 1907 1002 1961 haereticos
1064 1906 1305 1962 celebres
1373 1909 1438 1960 ad
1504 1908 1823 1976 religionem
1889 1909 2134 1973 attraxit,
2203 1877 2374 1963 sedl3

717 2002 880 2055 etiam
926 2000 1271 2056 Christianos
1327 2002 1708 2064 confirmavit,
1747 2014 1973 2057 strenue
2038 2017 2133 2056 eos
2185 2003 2298 2057 cle-

719 2104 900 2148 menta
950 2097 1154 2148 docens
1199 2095 1499 2163 religionis.
1535 2094 1705 2159 Quem
1743 2097 2031 2162 pra-dictus
2067 2096 2299 2148 Ambro-

720 2187 835 2240 sius
887 2201 1010 2240 cum
1078 2187 1308 2239 multum
1365 2196 1611 2255 rogasset
1664 2196 1716 2239 et
1767 2187 1813 2239 ei
1863 2187 1969 2238 vim
2028 2186 2300 2240 attulisset

717 2277 998 2341 Cmsareae,
1026 2288 1078 2332 et
1109 2288 1312 2347 septem
1344 2278 1560 2348 quidem
1593 2277 1734 2346 apud
1761 2293 1885 2333 eum
1919 2279 2299 2334 constituisset

718 2368 1103 2437 uuiceleriter,
1133 2368 1316 2438 plures
1353 2383 1480 2423 vero
1512 2369 1604 2438 qui
1648 2369 1929 2439 eleganter
1965 2370 2297 2437 scriberent,

719 2463 943 2517 adduxit
974 2478 1097 2516 cum
1129 2473 1186 2516 ut
1220 2463 1432 2517 divinas
1476 2464 1930 2533 interpretaretur
1960 2464 2297 2535 Scripturas.

718 2555 784 2608 lit
814 2554 898 2607 hic
921 2555 1137 2623 quidem
1163 2557 1550 2609 convenienter
1604 2555 2058 2614 subministrabat.
2107 2572 2296 2612 neces-

719 2647 968 2701 sitatibus
1009 2647 1150 2713 ejus,
1184 2647 1271 2701 ille
1303 2663 1450 2710 vero,
1486 2649 1594 2702 otia
1620 2648 1847 2714 (lucens,
1875 2648 2113 2703 dictabat
2159 2649 2302 2703 cele—

720 2741 852 2792 riter
914 2740 1302 2800 scribentibus,
1367 2750 1420 2794 et
1468 2742 1746 2811 eleganter
1806 2740 2112 2796 scribentes
2176 2757 2298 2796 cum

723 2833 1043 2886 mulieribus
1075 2831 1412 2895 scribebant,
1434 2832 1498 2886 ad
1536 2834 1948 2902 calligrapbiatn
1991 2833 2299 2898 exercitati,

719 2925 908 2992 sicque
957 2933 1126 2976 totam
1181 2924 1421 2977 divinam
1475 2924 1810 2994 Scripturam
1845 2925 1985 2979 intra
2037 2924 2305 2978 duodevi—

719 3013 852 3081 ginti
902 3029 1075 3068 annos
1133 3015 1518 3082 interpretatus
1577 3025 1673 3069 cst.
1710 3014 1917 3070 Dicitur
1976 3027 2157 3070 autem
2204 3032 2298 3071 sex

718 3107 886 3158 millia
917 3107 1177 3160 librorum
1215 3108 1612 3177 composuisse.
1652 3108 1885 3161 Tantum
1933 3109 2082 3163 enim
2120 3109 2296 3162 zelum

718 3197 785 3251 ad
821 3199 1135 3266 exponenda
1167 3215 1316 3252 sacra
1347 3198 1562 3251 oracula
1597 3198 1920 3252 Ambrosius
1949 3198 2294 3262 ostendebat,
2327 3233 2372 3293 Ο

719 3299 779 3343 ut
808 3304 1058 3359 magnam
1105 3290 1224 3359 ejus
1277 3290 1611 3359 diligentiam
1665 3299 1899 3345 testatus
1935 3288 2197 3358 Origenes
2229 3289 2298 3342 ad

721 3382 958 3451 aliquem
986 3381 1190 3436 scribat
1232 3381 1423 3436 dicens
1459 3399 1472 3435 :
1513 3401 1529 3432 ι
1568 3382 1806 3436 Sanctus
1846 3382 2193 3446 Ambrosius,
2221 3380 2304 3434 vir

719 3472 831 3525 Deo
890 3488 1014 3526 vere
1059 3485 1440 3537 consecratus,
1506 3476 1736 3528 multum
1789 3484 1839 3528 te
1906 3475 2138 3537 salutat,
2210 3474 2300 3538 qui

718 3567 1034 3621 existimans
1078 3583 1162 3621 me
1196 3561 1526 3620 indu'strium
1574 3582 1717 3631 esse,
1765 3575 1820 3621 et
1869 3567 2114 3621 divinum
2151 3567 2302 3622 sitire

719 3659 968 3720 verbum,
1023 3661 1203 3728 arguit
1261 3661 1476 3728 propria
1569 3659 1840 3714 industria
1905 3669 1958 3714 et
2017 3675 2299 3714 sacrarmn

719 3753 1046 3808 Litterarum
1098 3769 1318 3818 an‘mre;
1357 3755 1500 3808 unde
1529 3762 1734 3807 tantum
1784 3769 1871 3808 me
1933 3755 2215 3822 praeteriit,
2247 3765 2306 3808 ut

719 3849 774 3899 iu
809 3846 1050 3916 periculo
1094 3848 1195 3899 sim
1229 3847 1294 3900 ad
1323 3847 1442 3915 ejus
1472 3846 1803 3914 quaestiones
1835 3845 2157 3911 deﬁciendi;
2193 3862 2300 3899 non

720 3943 866 3996 enim
911 3957 1127 3996 caenare
1195 3940 1342 4004 licet,
1400 3940 1506 3994 nisi
1567 3941 1728 3994 simul
1794 3937 2167 4002 conferamus,
2202 3953 2303 3992 nec

719 4045 1010 4102 postquam
1051 4047 1359 4095 cmuavero,
1407 4032 1757 4086 deambulare
1810 4040 1862 4085 et
1914 4032 2299 4099 corpusculum

720 4140 969 4180 recreare
1002 4123 1083 4178 las
1112 4134 1228 4190 est;
1262 4125 1354 4179 sed
1390 4126 1440 4177 in
1481 4124 1564 4177 bis
1594 4124 1757 4177 etiam
1794 4122 2088 4174 momentis
2125 4120 2299 4172 disse-

720 4235 840 4273 rere
872 4228 922 4272 et
956 4216 1291 4287 exemplaria
1345 4217 1622 4286 inquirere
1675 4214 1960 4283 cogimur;
2018 4228 2116 4267 uec
2171 4227 2302 4266 sane

717 4322 884 4365 totam
919 4319 1129 4364 noctein
1158 4310 1221 4363 ad
1252 4309 1602 4363 reﬁciendum
1633 4322 1835 4377 corpus
1875 4305 2115 4360 dormire
2144 4304 2302 4358 nobis

721 4405 866 4468 licet,
905 4419 1156 4474 magnam
1209 4417 1448 4471 vcsperre
1488 4409 1699 4470 partem
1734 4400 1786 4453 in
1820 4396 2142 4453 disserendo
2179 4410 2303 4465 per-

718 4497 1000 4550 durautes.
1039 4493 1191 4548 Mitto
1215 4495 1397 4548 dicere
1451 4491 1579 4562 Quid
1627 4507 1856 4561 agamus
1891 4506 1920 4543 a
1950 4491 2125 4558 prima
2179 4488 2301 4542 luce

1940 419 2262 481 GEORGII
2303 417 2753 479 HAMARTOLI

3887 421 4019 485 538

2407 526 2502 578 καὶ
2551 527 2880 596 ἐγκράτειαν
2938 528 3210 598 τοσαύτην
3255 528 3497 597 ἤσκησεν
3552 528 3617 580 ἐκ
3669 528 3788 581 νέου
3821 532 3864 560 ⁸⁸
3902 531 4020 583 τοῦ

2420 617 2696 687 σώματος,
2729 620 2804 682 ὼς
2831 618 3038 682 ὸὸολοῖς
3066 621 3107 672 δ’
3143 620 3303 689 μόνον
3322 619 3444 651 ⁸³³⁸³
3467 619 3606 691 πρὸς
3631 619 3939 692 διατροφὴν
3967 624 4024 653 ’δ

2411 711 2534 764 καθ’
2571 712 2812 782 ἑκάστην
2866 712 3492 782 ήμέραν“ἀρκούμενος·
3533 713 3627 766 καὶ
3683 714 3868 784 μέντοι
3905 719 4022 769 καὶ

2409 805 2468 855 ἐν
2495 803 2710 866 πολλοῖς
2753 804 2899 857 ἔτεσι
2937 803 3097 856 τοῦτο
3133 804 3302 856 ποιῶν
3335 805 3558 856 διετέλει
3579 822 3590 835 °
3623 809 3714 858 καὶ
3743 806 3837 858 ἐπὶ
3868 808 4019 858 ἐδά-

2408 911 2543 964 φους
2572 898 2664 950 καὶ
2694 895 2914 965 ψιαθίου
2941 898 2985 928 ’⁸
3014 896 3324 960 ἐκάθευδεν,
3355 899 3449 949 καὶ
3475 897 3654 965 ὀλίγον
3677 898 3870 968 καιρὸν
3898 900 4017 965 τῆς

2406 988 2599 1051 νυκτὸς
2632 989 3068 1058 ἀναπαυόμενος,
3100 988 3160 1040 τὸ
3191 988 3373 1041 πλεῖον
3407 989 3451 1018 ⁸⁸
3491 990 3576 1042 ἀεὶ
3625 989 3858 1059 μελέτην
3886 990 4016 1043 τῶν

2407 1078 2570 1147 ίερῶν
2592 1079 2791 1146 λογίων
2824 1079 3038 1148 διήνυεν
3067 1093 3080 1107 ⁸
3113 1079 3248 1148 (καὶ)
3277 1082 3334 1132 ἐν
3368 1079 3577 1143 τούτοις
3603 1081 4009 1150 ἐπεκτεινόμε-

2404 1186 2515 1233 νος,
2548 1171 2640 1224 ἐπί
2680 1188 2737 1224 τε
2791 1171 3003 1239 ἀσιτίᾳ,
3047 1172 3140 1222 καὶ
3195 1173 3498 1242 ἀγρυπνία,
3547 1174 3641 1225 καὶ
3689 1175 4007 1243 γυμνότητι

2404 1263 2602 1315 ἑαυτὸν
2660 1263 2998 1328 ὑπωπιάζων
3033 1264 3075 1293 ’⁷
3123 1263 3379 1316 τοσοῦτον
3431 1263 3590 1336 347
3640 1266 4006 1334 κατεδάμασε

2402 1353 2500 1425 τὴν
2532 1355 2716 1423 ἀκμὴν
2751 1355 2842 1408 τοῦ
2881 1355 3132 1421 σώματος
3157 1355 3229 1418 ὡς
3259 1357 3490 1424 ὁρᾶσθαι
3522 1358 3799 1420 παντελῶς
3826 1358 4006 1410 αὑτὸν

2401 1447 2789 1517 ἀπεσκληκότα
2823 1446 2889 1500 ⁸³.
2942 1448 3102 1501 υῖνου
3135 1451 3243 1520 γὰρ
3285 1451 3378 1502 καὶ
3407 1450 3587 1503 ἐλαίου
3616 1453 3709 1504 καὶ
3738 1450 3846 1503 τῶν
3878 1450 4004 1503 λοι-

2404 1541 2522 1600 πῶν
2559 1542 2926 1611 ἀπεχόμενος,
2955 1543 3270 1612 ἀνατροπὴν
3305 1543 3399 1595 τοῦ
3436 1543 3684 1611 Θώρακος
3718 1542 4002 1612 μεγίστην

2404 1633 2729 1700 ὑπέμεινεν·
2766 1632 2917 1685 ἔνθεν
2942 1633 3026 1685 τοί
3062 1649 3123 1699 γε
3150 1634 3195 1664 ’⁸
3243 1632 3525 1703 διαϐόητος
3563 1633 3854 1701 γενόμενος
3916 1631 4001 1693 ὼς

2401 1721 2720 1792 διαπρέπων
2751 1723 2898 1794 ἔργῳ
2942 1725 3036 1777 καὶ
3066 1724 3230 1793 λόγῳ,
3265 1723 3401 1793 (καὶ)
3458 1722 3685 1786 πολλοὺς
3717 1722 4000 1790 Ἕλληνας

2401 1817 2500 1885 τὴν
2559 1815 2951 1883 είδωλομανίαν
3009 1815 3390 1886 βδελύττεσθαι
3431 1815 3476 1845 ³⁸
3527 1814 3997 1884 παρασκευάσας.

2404 1906 2612 1974 Πολλῆς
2647 1904 2738 1958 οῦν
2773 1908 2964 1976 φήμης
3019 1905 3150 1975 περὶ
3178 1905 3344 1958 αὐτοῦ
3377 1903 3680 1976 τρεχούσης
3732 1901 3828 1954 καὶ
3858 1899 4000 1953 πολι

2403 1998 2509 2051 λῶν
2547 1998 2820 2071 μακρόθεν
2866 1998 3003 2068 πρὸς
3047 1999 3211 2052 αὐτὸν
3260 1998 3599 2071 συρρεόντων
3629 1995 3780 2062 ⁸⁸,οὺ
3828 1994 4000 2065 μόνον

2403 2091 2672 2162 Ἕλληνας
2698 2091 3022 2161 φιλοσόφους
3053 2093 3148 2145 καὶ
3175 2092 3486 2162 αίρετικοὺς
3507 2089 3827 2158 ἐλλογίμους
3853 2086 4001 2157 πρὸς

2404 2186 2546 2254 (τὴν)
2592 2185 2876 2238 εὐσέϐειαν
2931 2186 3183 2238 εἵλκυσεν
3220 2186 3286 2250 ³³,
3321 2184 3455 2237 ἀλλά
3504 2183 3600 2235 καὶ
3651 2182 3780 2243 τοῦς
3824 2179 3998 2242 ὄντας

2401 2277 2765 2347 Χριστιανοὺς
2796 2276 2997 2346 μᾶλλον
3029 2276 3378 2346 στοιχειώσας
3425 2273 3850 2328 ἐπεῦεϐαῐωσεν.
3887 2272 3998 2322 Ὃν

2401 2375 2429 2424 ό
2459 2371 2781 2441 προλεχθεὶς
2825 2368 3168 2440 Ἀμὸρώσιος
3213 2369 3499 2432 ἱκετεύσας
3549 2367 3718 2420 πολλὰ
3755 2369 3846 2418 καὶ
3880 2380 4001 2415 πα-

2403 2464 2812 2536 ραϐιασάμενος
2867 2466 2924 2517 ἐν
2966 2464 3295 2535 Καισαρείᾳ,
3329 2463 3424 2515 καὶ
3465 2450 3853 2532 ταχυγράφους
3887 2458 3997 2528 μὲν

2401 2558 2763 2627 παραστήσας
2816 2555 2965 2625 αὐτῷ
3000 2556 3045 2586 ³⁸
3077 2555 3142 2621 ζ’,
3197 2556 3417 2618 πλείους
3467 2553 3523 2605 δὲ
3556 2550 3994 2620 καλλιγράφους.

2403 2649 2741 2720 ἑρμηνεῦσαι
2770 2647 2868 2712 τάς
2908 2649 3056 2711 θείας
3090 2649 3313 2719 Γραφάς
3343 2647 3504 2700 αὐτὸν
3545 2644 3845 2712 πεποίηκε·
3890 2641 3995 2693 καὶ

2401 2746 2428 2797 ὁ
2471 2743 2568 2812 μὲν
2620 2744 2721 2814 τὴν
2770 2742 2998 2796 δέουσαν
3052 2740 3240 2810 χρείαν
3270 2740 3312 2771 ³³
3370 2742 3667 2809 παρεῖχεν
3717 2739 3743 2790 6
3793 2736 3850 2787 δὲ
3894 2735 3995 2786 ἐπὶ

2405 2836 2601 2906 σχολῆς
2647 2836 2963 2905 γενόμενος,
2996 2834 3305 2902 ὑπηγόρευε
3335 2833 3378 2863 ³⁵
3415 2835 3528 2895 τοῖς
3572 2831 3953 2900 ταχυγράφοις
3974 2841 3989 2853 ⁶

2403 2931 2496 2982 καὶ
2526 2931 2573 2982 οί
2610 2928 2972 2999 καλλιγράφοι
3003 2929 3046 2959 ³⁷
3079 2929 3176 2980 σὺν
3201 2926 3447 2994 γυναιξὶν
3493 2926 3752 2995 ἔγραφον,
3791 2922 3860 2988 (οἱ
3892 2919 3994 2973 ἐπὶ

2402 3020 2498 3088 τῷ)
2528 3020 2924 3088 καλλιγραφεῖν
2949 3016 3340 3086 ἐξησκημένοι,
3367 3016 3548 3068 πᾶσάν
3573 3032 3632 3066 τε
3660 3014 3810 3066 θείαν
3837 3010 3991 3080 (95⁸))

2403 3111 2629 3181 Γραφὴν
2664 3111 3003 3182 ἐρμήνευσεν
3040 3110 3131 3162 ἐπὶ
3158 3108 3252 3175 ἐτη
3288 3105 3375 3177 ιη’.
3409 3107 3640 3173 Λέγεται
3669 3105 3725 3156 δὲ
3757 3105 3839 3156 ὃτι
3864 3103 3996 3166 ἐξά-

2404 3221 2492 3266 κις
2533 3203 2707 3272 χιλίας
2750 3201 2969 3272 βίϐλους
3021 3201 3336 3266 συνέταξεν.
3384 3199 3650 3252 Τοσοῦτον
3682 3198 3787 3267 γὰρ
3825 3194 3992 3268 ζῆλον

2405 3298 2484 3359 είς
2514 3297 2614 3365 τὴν
2649 3295 2910 3365 ἐξήγησιν
2935 3295 3044 3347 τῶν
3072 3293 3233 3346 θείων
3258 3293 3488 3345 Βιῦλίων
3513 3293 3555 3323 ³⁷
3577 3294 3606 3346 ό
3644 3289 3991 3360 Ἀμῦρὼσιος

2407 3389 2777 3453 ἐπεδείκνυτο,
2811 3387 2954 3441 ὥστε
2983 3385 3081 3456 τὴν
3125 3386 3328 3454 πολλὴν
3359 3383 3526 3438 αὐτοῦ
3566 3383 3803 3449 σπουδὴν
3842 3381 3991 3448 Ὠρι-

2404 3482 2573 3552 γένης
2629 3480 2923 3550 μαρτυρῶν
2971 3479 3170 3546 γράφει
3231 3477 3364 3547 πρός
3418 3494 3539 3529 τινα
3599 3474 3808 3542 λέγων·
3854 3491 3870 3523 ι
3926 3473 3989 3524 ὐ

2406 3576 2550 3645 ἱερὸς
2599 3572 2937 3643 Ἀμϐρὼσιος
2971 3573 2998 3624 ὀ
3024 3571 3100 3641 τῷ
3131 3570 3252 3640 Θεῷ
3284 3570 3328 3602 ³⁸
3357 3570 3596 3639 γνησίως
3627 3567 3989 3636 ἀνακείμενος

2405 3666 2575 3720 πολλά
2614 3663 3015 3735 προσαγορεύει
3066 3679 3146 3724 σε.
3197 3663 3347 3724 ὅστις
3392 3662 3628 3730 νομίζων
3663 3659 3706 3692 ³³
3737 3675 3806 3728 με
3834 3656 3986 3726 φιλό-

2407 3776 2569 3812 πονον
2592 3754 2726 3810 εἶναι
2766 3757 2859 3808 καὶ
2901 3756 3042 3808 πάνυ
3074 3753 3234 3824 διψᾷν
3268 3751 3361 3803 τοῦ
3395 3751 3538 3804 θείου
3577 3749 3762 3818 λόγου,
3793 3748 3989 3817 ἤλεγξε

2407 3854 2471 3920 τῇ
2506 3850 2611 3918 ἰδία
2639 3847 2926 3918 φιλοπονίᾳ
2951 3846 3029 3916 τῷ
3060 3845 3193 3916 πρὸς
3215 3844 3282 3897 τὰ
3311 3843 3444 3910 ἅγια
3475 3841 3773 3912 μαθήματα
3798 3840 3991 3911 ἔρωτι,¹

2403 3941 2526 3995 ὅθεν
2560 3943 2652 3996 ἐπὶ
2676 3940 2928 3993 τοσοῦτόν
2962 3956 3027 4006 με
3061 3935 3458 4007 παρελήλυθεν,
3483 3934 3625 3986 ὥστε
3656 3932 3987 3986 κινδυνεύειν

2404 4033 2653 4103 ἀπαυδᾷν
2690 4033 2734 4063 ⁸ο
2772 4031 2908 4096 πρὸς
2960 4030 3056 4092 τὰς
3107 4027 3275 4082 αὑτοῦ
3330 4027 3658 4095 προτάσεις⁶
3705 4023 3831 4077 οὔτε
3879 4024 3984 4092 γὰρ

2404 4125 2692 4194 δειπνῆσαι
2724 4123 2872 4176 ἔστιν
2905 4123 2953 4174 εἰ
2982 4121 3056 4193 μὴ
3078 4121 3498 4182 ἀντιϐἀλλοντας
3525 4117 3592 4185 ⁸³,
3617 4117 3739 4170 οὔτε
3770 4117 3986 4185 δειπνή-

2407 4235 2562 4270 σαντι
2598 4218 2642 4247 δ’
2697 4215 2876 4280 ἔξεστι
2935 4213 3311 4284 περιπατῆσαι
3365 4212 3456 4264 καὶ
3509 4208 3875 4264 διαναπαῦσαι
3926 4210 3984 4260 τὸ

2407 4309 2682 4379 σωμάτιον
2714 4310 2760 4341 ⁸³
2780 4325 2793 4341 ο
2825 4307 2961 4361 ἀλλά
2995 4307 3084 4359 καὶ
3112 4309 3170 4359 ὲν
3206 4307 3316 4366 τοῖς
3352 4304 3564 4372 καιροῖς
3590 4301 3818 4361 ἐκείνοις
3843 4299 3985 4367 φιλο-

2405 4402 2584 4470 λογεῖν
2632 4402 2726 4456 καὶ
2762 4400 3026 4472 ἀκριϐοῦν
3073 4398 3143 4452 τὰ
3186 4396 3500 4467 ἀντίγραφα
3530 4391 3951 4463 ἀναγκαζόμεθα

2403 4493 2528 4548 οὔτε
2566 4494 2672 4564 μὴν
2707 4492 2835 4563 ὃλην
2871 4492 2964 4545 ἐπὶ⁸
2991 4489 3254 4561 θεραπείᾳ
3278 4488 3372 4541 τοῦ
3399 4488 3651 4558 σώματος
3688 4487 3787 4560 τὴν
3816 4488 3977 4541 νύκτα

718 4603 895 4659 usque
947 4588 1012 4642 ad
1067 4602 1287 4649 nonam,
1344 4585 1644 4656 aliquando
1698 4599 1872 4653 usque
1927 4582 1994 4636 ad
2030 4579 2357 4651 decimam!

2409 4588 2616 4652 ἔξεστιν
2648 4587 2782 4656 ἡμῖν
2823 4583 3142 4654 κοιμᾶσθαι,
3175 4583 3268 4636 ἐπὶ
3310 4583 3448 4635 πολὺ
3490 4582 3590 4651 τῆς
3621 4581 3866 4653 ἑσπέρας
3897 4599 3977 4649 φι-

721 4687 933 4736 boram.
993 4680 1319 4750 Quicunque
1385 4678 1531 4734 cnim
1593 4678 1792 4731 studiis
1825 4675 2142 4731 incumbere
2197 4689 2297 4728 cu-

718 4773 906 4842 piunt,
943 4771 1429 4842 limcleuarratioui
1482 4769 1796 4823 divinorum
1851 4769 2201 4821 oraculorum
2249 4773 2302 4819 ct

719 4865 1047 4920 lectionibus
1104 4865 1350 4917 tribuunt
1410 4871 1674 4930 tempora.
1712 4879 1730 4912 ι
1805 4858 2103 4929 Postquam
2136 4859 2302 4930 igitur

717 4969 886 5014 totam
921 4959 1309 5028 interpretatus
1341 4964 1487 5010 esset
1532 4955 1895 5024 Scripturam,
1943 4960 2193 5006 mortuus
2219 4959 2302 5005 est

721 5048 1003 5121 sexaginta
1039 5063 1230 5104 novem
1265 5061 1443 5102 annos
1479 5055 1657 5101 natus.

2406 4681 2676 4750 λολογίαις
2711 4681 2756 4712 ⁸³
2805 4679 3248 4751 παρατείνοντες.
3289 4678 3396 4732 Ἐὦ
3449 4677 3505 4731 δέ
3560 4676 3737 4744 λέγειν
3786 4677 3880 4729 καὶ
3914 4675 3975 4728 τά

2401 4775 2568 4828 ’ἐωθεν
2626 4774 2783 4845 μέχρι
2839 4773 2940 4841 τῆς
2985 4770 3050 4837 θ’,
3090 4770 3203 4825 ἐσθ’
3260 4771 3351 4825 ὅτε
3383 4769 3550 4842 348
3607 4770 3702 4822 καὶ
3753 4766 3976 4834 δεκάτης

2401 4866 2551 4936 ὦρας
2575 4884 2588 4897 °
2625 4868 2828 4928 πάντες
2860 4868 2964 4935 γὰρ
2998 4866 3048 4919 οί
3081 4864 3328 4926 θέλοντες
3351 4865 3666 4931 φιλοπονεῖν
3705 4863 3829 4925 τοὺς
3860 4879 3972 4914 και-

2404 4959 2531 5029 ροὺς
2557 4959 2800 5022 ἐκείνους
2827 4961 2891 5029 τῇ
2918 4958 3162 5026 ἐξετάσει
3193 4956 3302 5009 τῶν
3330 4955 3489 5010 θείων
3534 4953 3730 5021 λογίων
3756 4956 3848 5036 καὶ
3868 4957 3976 5017 ταῖς

2401 5051 2775 5117 ἀναγνώσετιν
2811 5048 3176 5104 ἀνατιθέασιν.
3212 5065 3231 5100 ι
3277 5048 3463 5101 Πᾶσαν
3505 5047 3685 5100 τοίνυν
3718 5045 3977 5117 ἑρμηνεύ-

2413 5161 2510 5208 σας
2539 5145 2637 5217 τὴν
2667 5144 2820 5198 θείαν
2847 5144 3092 5216 Γραφὴν,
3126 5142 3479 5212 ἐτελεύτησεν
3513 5141 3651 5194 ἐτῶν
3683 5140 3778 5203 ἔθ’.

1913 5308 2111 5370 Varire
2155 5309 2463 5372 lectiones
2504 5316 2565 5372 et
2612 5317 2801 5373 note.

784 5463 848 5544 ρί
876 5463 964 5544 ἐκ,
987 5480 1037 5519 ν.
1078 5461 1173 5544 τοῦ
1205 5479 1255 5544 cr.
1288 5463 1342 5530 ἡ.
1378 5462 1536 5544 βοά.-
1574 5460 1722 5544 3“:
1744 5458 1791 5544 ὃς
1821 5459 2126 5544 καὶ-μόνοις
2157 5459 2286 5544 (Sed.
2310 5475 2357 5544 ἐ

2407 5460 2441 5513 l.
2493 5476 2560 5544 ne
2585 5471 2764 5544 "sexta
2795 5462 3178 5544 quit‘lem'pars
3213 5459 3403 5544 tbaleri
3427 5459 3508 5514 vel
3544 5458 3684 5544 rubii
3710 5459 3963 5544 argentei.

715 5538 756 5566 ’δ
788 5534 836 5587 δ.
871 5532 1107 5601 ἑκάστης
1135 5532 1662 5603 ήμέραςάρκεῖσθαι
1684 5532 1813 5586 Ced.
1833 5600 1864 5603 γ’
1884 5531 1927 5561 ’⁵
1956 5530 2136 5600 ψιάθῳ

715 5604 822 5668 ζων
870 5603 1000 5658 Ced.
1067 5600 1122 5634 7”
1156 5600 1580 5672 ’ἀπεσκληκέναι
1619 5602 1748 5657 Ced.
1777 5669 1790 5672 _
1826 5600 1870 5632 ”
1922 5604 1984 5668 γέ
2023 5617 2106 5654 τοι
2158 5601 2287 5656 Ced.

715 5672 1176 5743 notamarginalis
1204 5688 1234 5728 a
1269 5674 1510 5728 secunda
1550 5688 1715 5727 manu

716 5746 760 5778 ³³
790 5743 1021 5806 ἑλκύσας
1066 5746 1190 5798 cod.
1267 5744 1312 5775 ³³
1345 5747 1400 5800 ἀ.
1460 5762 1520 5797 π.
1580 5743 1711 5798 (Sed.

714 5815 846 5870 Ced.
926 5813 1031 5885 ξ’ί.
1078 5817 1172 5867 καὶ
1230 5815 1458 5885 Θεῷγν.
1508 5815 1593 5885 ἀνί.
1645 5816 1733 5885 ἀν.
1789 5812 1883 5885 γ’Λ.
1920 5812 2051 5885 Cod.

712 5887 896 5940 λουσιν
917 5882 1044 5939 Ced.
1126 5885 1169 5918 “
1202 5882 1520 5957 δειπνῆσασι
1549 5884 1680 5941 Cet].
1757 5884 1801 5916 ³³
1826 5883 1891 5937 τά
1926 5883 2149 5955 σώματα
2176 5882 2306 5941 Cod;

1788 5741 1834 5774 “
1866 5743 1932 5795 αὑ
1945 5742 2019 5811 τῷ
2062 5743 2192 5796 Cod.

2157 5530 2436 5584 καθεύδων
2467 5532 2558 5584 καί
2582 5532 2712 5586 Ced.

1770 5669 1822 5742 β.
1857 5673 2049 5733 πείσας
2104 5689 2160 5740 μ.
2189 5688 2270 5727 σε.
2310 5669 2680 5740 ἀναδήσασθαι
2707 5669 3124 5742 παρεσκεύασεν
3165 5669 3322 5726 Όιειι.

2301 5744 2343 5774 ³⁸
2368 5743 2726 5814 ,ὑπηγόρευσε

2151 5815 2193 5846 ³ο
2230 5813 2519 5884 νομίζοντα
2555 5813 2677 5868 eod.

2386 5884 2430 5914 is
2466 5885 2764 5953 3,939.57“;
2797 5903 2855 5940 π,
2889 5887 3007 5943 cmi.
3051 5884 3358 5952 φιλολογίας
3390 5881 3823 5955 παρατείνούσης
3848 5881 3961 5939 Ct‘d.

2792 5534 2838 5563 "
2861 5532 2953 5584 τὸν
2984 5533 3200 5584 πλείονα
3227 5533 3305 5593 εἰς
3334 5531 3432 5600 τὴν
3466 5548 3525 5598 μ.
3551 5531 3681 5584 Ced.
3789 5531 3831 5600 '7
3865 5530 3944 5580 πιὲ

2369 5602 2527 5673 ³⁸βδ.
2574 5602 2921 5672 παραπείσας
2957 5602 3050 5654 καὶ
3085 5599 3694 5673 μαρτυρίουστέφανον.
3737 5599 3960 5673 ἀνέδειξε

3401 5671 3443 5702 ³³
3477 5673 3823 5743 συρρυέντων
3845 5671 3964 5728 Ced.

3019 5745 3064 5775 "
3115 5742 3488 5813 βιϐλιογράφοι
3529 5741 3661 5796 ceu.
3742 5743 3784 5774 θ’
3809 5743 3965 5808 λόγων

3019 5813 3152 5866 ὶπαν
3205 5814 3326 5866 (rod.
3415 5812 3458 5843 “
3493 5814 3539 5866 ἐ.
3569 5813 3699 5881 ἡμῖν
3731 5813 3965 5866 ἀντιϐάλ-

2819 5745 2906 5800 ed.

2751 5815 2797 5846 ⁸ο
2830 5814 2968 5868 κινὸ.
3007 5813 3152 5866 ἅπαν
3205 5814 3326 5866 cod.
