4244 6444
782 509 997 548 unusex
1026 495 1105 546 eis
1142 493 1353 545 caeteris
1389 508 1400 541 :

781 602 903 639 eum
928 585 1234 654 illumzegre
1264 582 1649 636 erexissent.et
1683 584 1990 643 exuissent,
2028 584 2128 637 iste
2157 600 2352 638 manus

780 695 908 732 suas
943 680 1132 732 sabulo
1163 677 1395 744 impletis
1428 676 1739 729 ellundcbat
1781 692 1943 745 super
1970 686 2130 745 caput
2158 676 2350 742 Judaei,

780 783 861 825 ter
906 772 1091 824 dicens
1144 787 1158 822 :
1221 788 1238 820 ι
1289 769 1600 837 Baptizatur
1654 767 1975 822 Theodorus
2027 770 2079 822 in
2136 769 2356 824 nomine

779 865 953 916 l‘atris
988 874 1040 916 et
1073 862 1191 914 Filii
1223 873 1271 915 et
1306 862 1479 914 sancti
1533 860 1788 929 Spiritus,
1832 881 1849 912 ›
1899 860 2354 928 respondentibus

777 958 989 1012 eunetis
1021 958 1086 1008 ad
1114 954 1382 1022 singulum
1416 967 1612 1006 nomen
1643 953 1835 1008 Amen.
1871 953 1935 1005 Et
1968 954 2252 1007 confestim
2283 954 2353 1007 ita

778 1052 1161 1104 corroboratus
1193 1059 1297 1113 est,
1335 1058 1391 1102 ut
1430 1063 1624 1117 magno
1652 1062 1773 1100 eum
1807 1050 1988 1100 animo
2021 1056 2073 1098 et
2103 1047 2356 1100 ﬁrmitate

778 1158 899 1195 cum
945 1143 1024 1196 eis
1061 1143 1352 1195 incederet.
1408 1140 1542 1194 Cum
1603 1149 1781 1192 autem
1826 1142 2096 1192 venissent
2127 1139 2357 1190 Alexan-

779 1235 976 1300 driam,
1010 1245 1062 1289 ct
1085 1237 1196 1288 haec
1237 1243 1589 1287 enarrassent
1621 1232 2031 1300 archiepiscopo
2065 1230 2351 1300 Dionysio,

778 1337 831 1381 et
881 1328 1052 1396 ipsius
1102 1326 1514 1381 admirationem
1565 1326 1884 1385 movissent.
1927 1325 2108 1379 statim
2138 1341 2353 1378 onmem

779 1423 984 1477 clerum
1041 1430 1331 1489 congregat
1368 1431 1419 1472 et
1461 1434 1572 1473 rem
1607 1420 1686 1472 eis
1719 1419 1995 1486 prepouit,
2037 1434 2103 1470 an
2138 1418 2356 1484 ,scilicet

781 1525 1022 1582 reputata
1043 1514 1113 1566 sit
1129 1511 1315 1565 Judteo
1335 1513 1386 1565 in
1411 1512 1672 1580 baptisma
1693 1525 1873 1563 arena‘
1899 1509 2101 1564 inlusio
2122 1525 2187 1562 an
2211 1510 2356 1563 non?

780 1606 845 1657 Et
880 1604 968 1656 alii
998 1604 1217 1672 quidem
1252 1603 1547 1656 dicebant:
1591 1621 1607 1652 (
1663 1600 1926 1672 Reputata
1979 1611 2079 1665 est,
2125 1605 2355 1653 testante

778 1699 1062 1765 repentina
1087 1698 1204 1764 ejus
1232 1696 1484 1749 sanitate.
1511 1715 1526 1745 ι
1558 1695 1660 1748 Alii
1686 1710 1813 1746 vero
1844 1709 1950 1746 non
1977 1693 2352 1756 admittebant,

777 1803 840 1840 eo
883 1788 1027 1857 quod
1077 1787 1317 1840 Ecclesia
1358 1787 1529 1852 istam
1572 1786 1917 1838 traditionem
1958 1800 2064 1837 non
2104 1784 2348 1844 haberet,

778 1885 1079 1946 praesertim
1101 1896 1223 1934 cum
1251 1879 1514 1933 Dominus
1552 1877 1845 1932 Nieodenio
1870 1876 2101 1931 dixisset
2139 1893 2153 1930 :
2191 1895 2207 1926 ι
2239 1875 2352 1929 Νίεὶ

779 1975 899 2041 quis
933 1983 1151 2026 renatus
1186 1972 1345 2025 fuerit
1376 1986 1437 2024 ex
1473 1986 1612 2041 aqua
1648 1981 1701 2024 et
1731 1969 1956 2038 Spiritu,
1987 1985 2094 2022 non
2128 1967 2355 2022 intrabit

780 2065 831 2117 in
889 2079 1108 2132 regnum
1157 2064 1492 2115 cmlorum.»
1555 2061 1647 2113 llis
1707 2075 1834 2128 ergo
1890 2069 1944 2113 et
1997 2059 2115 2113 aliis
2173 2059 2353 2122 dictis,

778 2158 953 2210 visunt
995 2164 1076 2210 est
1107 2165 1296 2209 sancto
1323 2153 1585 2222 Dionysio
1616 2154 1766 2206 illum
1797 2152 2179 2220 baptizandum
2213 2165 2352 2215 esse,

777 2260 832 2302 et
877 2249 1103 2302 missum
1151 2262 1273 2300 eum
1323 2247 1388 2299 ad
1441 2245 1640 2300 ﬁumen
1692 2243 1979 2299 Jurdanem
2029 2241 2353 2312 baptizavit;

781 2343 930 2395 illum
982 2350 1164 2394 autem
1201 2338 1294 2408 qui
1344 2339 1524 2407 ipsum
1559 2337 1748 2391 sabulo
1792 2346 1916 2390 ante
1964 2336 2354 2405 baptizaverat,

776 2453 898 2491 eum
931 2436 1126 2505 dignus
1172 2444 1336 2499 esset,
1379 2434 1667 2488 diaconum
1709 2432 2056 2502 impositione
2091 2444 2354 2484 manuum

778 2527 1144 2581 consecravit.
1195 2526 1326 2580 Jure
1355 2538 1483 2594 ergo
1526 2538 1755 2593 magnus
1793 2521 2087 2593 Gregorius
2132 2537 2358 2576 enume-

786 2637 912 2675 rans
949 2621 1132 2674 omnia
1162 2620 1486 2689 baptismata
1519 2618 1693 2671 dicit:
1735 2635 1752 2666 ι
1788 2615 2088 2686 Baptizavit
2125 2614 2354 2683 Moyses,

777 2714 869 2768 sed
892 2716 942 2767 in
977 2730 1134 2784 aqua,
1162 2723 1213 2768 et
1249 2722 1406 2766 antea
1444 2712 1495 2765 in
1543 2709 1741 2764 nebula
1774 2720 1827 2763 et
1857 2713 1909 2763 in
1940 2709 2356 2763 maria—«Ba-

779 2809 998 2876 ptizavit
1027 2818 1079 2861 et
1107 2808 1364 2869 Joannes,
1402 2821 1507 2859 non
1544 2805 1657 2875 jam
1699 2803 1915 2873 quidem
1947 2803 2205 2868 Judaice;
2248 2819 2352 2856 non

777 2901 921 2953 enim
961 2900 1014 2954 in
1045 2915 1186 2968 aqua
1221 2899 1354 2960 sola,
1389 2897 1483 2953 sed
1519 2899 1680 2952 etiam
1725 2897 1789 2950 ad
1823 2897 2224 2965 paenitentiam.
2258 2914 2355 2948 i—

783 3009 800 3041 ι
837 2983 1083 3062 Baptizat
1115 3004 1169 3046 et
1205 2990 1384 3055 Jesus,
1438 2989 1530 3042 sed
1575 2990 1628 3043 iu
1663 2987 1868 3058 Spiritu
1902 3005 1913 3040 :
1956 2990 2068 3043 haec
2115 2997 2197 3042 est
2230 3003 2354 3058 per—

778 3085 960 3138 fectio.
1005 3104 1021 3136 ι
1057 3116 1123 3125 -
1154 3103 1171 3135 ι
1213 3085 1338 3136 Seio
1377 3083 1537 3135 etiam
1585 3091 1834 3149 quartum
1882 3080 2173 3149 baptisma,
2208 3077 2354 3148 quod

779 3179 834 3231 ﬁt
861 3193 956 3247 per
998 3176 1315 3246 martyrium
1354 3185 1407 3227 et
1463 3173 1806 3242 sanguinem.
1843 3190 1860 3222 ι
1891 3200 1960 3210 --
1989 3188 2006 3220 ι
2042 3169 2166 3224 Scio
2196 3171 2353 3238 quiu-

777 3283 887 3323 lum
918 3270 1103 3331 etiam,
1136 3270 1518 3338 laerymarum.
1565 3284 1583 3316 ι
1629 3263 1821 3318 Mrrito
1855 3264 2018 3334 igitur
2066 3271 2119 3315 et
2155 3277 2347 3316 convec

776 3363 1119 3418 nientissime
1179 3361 1280 3414 hoc
1324 3362 1584 3428 baptisma
1631 3373 1733 3411 non
1791 3356 2168 3411 admittebant.
2222 3354 2354 3420 Quis

775 3462 924 3512 enim
951 3467 1080 3511 tunc
1101 3454 1417 3524 baptizavit,
1439 3461 1493 3504 ut
1517 3453 1730 3504 ﬁrmum
1751 3460 1802 3504 et
1825 3451 2068 3504 divinum
2088 3450 2355 3518 baptisma

775 3550 1114 3607 sanciretur?
1143 3546 1372 3602 Ubinam
1432 3553 1559 3598 sunt
1608 3558 1750 3597 nunc
1783 3543 2025 3596 dicentes
2068 3542 2355 3596 szeculares

773 3645 1036 3714 quosdam
1067 3653 1120 3695 et
1151 3639 1404 3694 mulieres
1437 3636 1731 3705 aliquando
1753 3637 2080 3704 baptizassc,
2119 3636 2354 3689 necessi-

775 3747 882 3791 tate
913 3741 1164 3804 cogente,
1205 3732 1355 3786 nullo
1404 3738 1669 3798 praesente
1711 3727 2016 3790 sacerdote,
2071 3741 2123 3780 et
2154 3729 2220 3780 de
2255 3728 2352 3780 ba-

774 3832 974 3900 ptismo
1007 3827 1189 3882 divino
1246 3834 1298 3878 et
1339 3822 1582 3893 perfecto
1629 3838 1752 3876 cum
1816 3821 2156 3889 praesbyteris
2221 3820 2356 3890 ipsis

774 3922 1190 3984 contendentes,
1250 3928 1344 3970 aut
1395 3915 1579 3985 potius
1627 3914 1965 3968 insanientes
2013 3923 2066 3966 et
2107 3913 2356 3981 blasphe-

776 4027 988 4069 mantes
1033 4014 1101 4066 ob
1150 4025 1402 4080 magnam
1458 4007 1823 4078 ignorantiam
1865 4016 1919 4059 et
1972 4006 2353 4075 pertinaciam,

776 4124 985 4163 sacram
1023 4106 1396 4174 apostolorum
1427 4102 1768 4172 disciplinam
1795 4110 1846 4154 et
1878 4109 2206 4169 przeceptum
2246 4114 2353 4153 non

775 4205 1058 4256 audientes
1112 4201 1385 4256 dicentia:
1423 4218 1440 4250 ι
1478 4197 1598 4251 Non
1639 4195 2005 4265 permittimus
2065 4194 2205 4248 laico
2257 4193 2358 4247 ali-

775 4297 919 4364 quod
967 4295 1307 4349 sacerdotale
1367 4307 1567 4346 munus
1620 4305 1896 4353 exercere,
1953 4299 2009 4343 ut
2065 4288 2352 4352 sacriﬁcia,

775 4400 867 4444 aut
895 4391 1181 4457 baptisma,
1221 4398 1312 4441 aut
1351 4401 1614 4439 manuum
1667 4384 2094 4453 impnitionem,
2127 4394 2222 4437 aut
2257 4385 2354 4437 be-

776 4484 1140 4537 nedicnonem
1215 4484 1329 4536 sive
1386 4495 1629 4551 parvam,
1688 4480 1802 4532 sive
1871 4492 2149 4544 magnam;
2195 4495 2212 4526 ι
2277 4485 2351 4539 et,

2001 381 2326 443 GEORGII
2369 385 2825 446 IIAMARTOLI

1446 512 1459 538 ι
1490 490 1726 544 lixcitate
1766 493 1912 543 illum
1951 505 2002 545 et
2037 495 2233 557 exuite,
2266 514 2281 542 ι
2310 506 2361 548 et
2387 497 2436 554 Λ
2466 496 2632 566 πολλῇ
2673 497 2766 550 οὖν
2806 500 3008 569 ἀπορίᾳ
3045 517 3122 567 γει

2390 497 2436 554 Λ
2466 496 2632 566 πολλῇ
2673 497 2766 550 οὖν
2806 500 3008 569 ἀπορίᾳ
3045 503 3325 571 γενόμενοι
3357 505 3418 567 ⁸³,
3447 502 3599 559 εἶπεν
3644 503 3724 569 εἷς
3759 507 3817 573 ἐξ
3856 509 4066 562 αὐτῶν

3940 392 4076 459 548

2460 586 2594 655 πρὸς
2619 588 2742 649 τοὺς
2771 589 2987 651 λοιπούς
3013 608 3027 622 ο
3054 608 3072 640 ι
3097 593 3375 663 Ἐγείρατε
3402 597 3566 650 αὑτὸν
3599 598 3693 651 καὶ
3716 599 4017 653 ἐκδύο-ατε.
4035 621 4056 650 ι

2459 679 2568 730 Καὶ
2625 679 2763 746 μετὰ
2813 682 3009 735 πολλοῦ
3070 685 3240 738 κόπου
3297 687 3488 740 τοῦτον
3540 688 3882 759 ὀρθώσαντες
3953 696 4063 745 καὶ

2455 772 2848 838 ἀποδύσαντες,
2912 776 3120 840 ἐκεῖνος
3178 779 3277 839 τὰς
3335 785 3524 852 χεῖρας
3579 782 3746 836 αὐτοῦ
3801 784 4061 853 ψάμμου

2458 865 2692 932 πλήσας,
2735 869 2995 937 κατέχεεν
3033 871 3129 923 ἐπὶ
3174 873 3274 940 τῆς
3327 876 3571 944 κεφαλῆς
3613 876 3708 928 τοῦ
3771 877 4060 930 Ἰουδαίου

2456 959 2630 1026 λέγων
2667 963 2732 1014 ἐκ
2769 964 2954 1032 τρίτου
2990 963 3034 994 ’⁸
3064 981 3077 994 ο
3115 985 3132 1015 ι
3189 967 3521 1030 Βαπτίζεται
3559 968 3834 1038 Θεόδωρος
3865 971 3954 1031 είς
3984 971 4060 1022 τὸ

2455 1048 2624 1117 όνομα
2674 1050 2769 1103 τοῦ
2827 1054 3061 1123 Πατρδς,
3099 1056 3194 1107 καὶ
3244 1058 3337 1110 τοῦ
3391 1057 3540 1122 Υίοῦ,
3597 1059 3690 1111 καί⁵
3741 1059 3836 1112 τοῦ
3869 1059 4055 1126 ἁγίου

2458 1141 2773 1210 Πνεύματος
2812 1161 2829 1194 ι
2869 1143 3346 1217 (ἀποκρινομένων
3377 1150 3482 1202 τῶν
3527 1150 3704 1203 ἄλλων
3742 1153 3865 1204 καθ’
3901 1153 4052 1204 ἕκα-

2459 1253 2581 1288 στον
2638 1237 2806 1308 ὄνομα
2835 1240 2895 1291 τὸ
2951 1240 3167 1313 ’Δμήν).
3205 1243 3316 1295 Καὶ
3377 1249 3717 1317 παραχρῆμα
3770 1245 4051 1298 τοσοῦτον

2455 1329 2739 1398 ἐνίσχυσεν
2784 1329 2922 1384 ὥστε
2958 1332 3001 1363 ¹⁶
3044 1336 3140 1387 σὺν
3173 1335 3340 1405 πολλῇ
3376 1338 3658 1408 προθυμίᾳ
3687 1337 3781 1391 καὶ
3813 1339 4049 1409 sepem-

2459 1420 2581 1490 στίᾳ
2623 1420 2858 1490 βαδίζειν
2893 1426 3009 1495 μετ’
3052 1426 3254 1480 αὐτῶν.
3314 1427 3606 1482 Ἐλθόντων
3656 1431 3711 1484 δὲ
3757 1432 3939 1484 αὐτῶν
3981 1434 4051 1484 ἐν

2470 1512 2992 1585 Ἀλεξανδρείᾳ,καὶ
3051 1518 3225 1570 ταῦτα
3283 1519 3664 1590 διηγησάντων
3713 1523 3792 1593 τῷ
3843 1527 4050 1594 ιΞιρχιε⁴⁸

2460 1607 2711 1673 πισκόπῳ
2758 1604 3021 1679 Διονυσίῳ
3070 1611 3110 1641 ’⁷
3165 1612 3257 1664 καὶ
3310 1613 3500 1666 τοῦτον
3540 1614 4046 1684 ἐκθαμὸησάντων,

2456 1698 2616 1762 εὐθὺς
2651 1701 2830 1754 πάντα
2855 1702 2944 1756 τὸν
2975 1703 3174 1774 κλῆρον
3207 1706 3550 1776 συναθροίζει
3592 1712 3684 1761 καὶ
3714 1708 4047 1762 ἀνατίθεται

2457 1792 2641 1856 αὐτοῖς
2674 1795 2734 1846 τὸ
2771 1797 3023 1866 πρᾶγμα,
3070 1799 3180 1851 εἴτε
3230 1800 3337 1869 ἄρα
3379 1801 3635 1872 ἐλογίσθη
3675 1803 3751 1872 τῷ
3788 1802 4048 1871 Ἰουδαίῳ

2458 1886 2539 1948 είς
2579 1884 2860 1956 βάπτισμα
2895 1890 3049 1959 ἠτῆς
3071 1889 3302 1960 ψάμμου
3334 1892 3608 1963 ἐπίχυσις,
3647 1897 3756 1947 εῑτε
3787 1894 3871 1948 οὕ.
3927 1896 4048 1948 Καὶ

2457 1980 2506 2031 οί
2571 1980 2671 2049 μὲν
2726 1980 2950 2048 ἔλεγονο
3011 2003 3035 2033 ‹
3094 1983 3417 2055 Ἐλογίσθη,
3476 1989 3858 2060 μαρτυρούσης
3939 1989 4048 2058 τῆς

2458 2071 2661 2142 ἀθρόας
2707 2074 2872 2127 αὑτοῦ
2903 2075 3135 2143 ὑγιείας.
3183 2095 3200 2128 ι
3238 2080 3299 2130 υἱ
3331 2081 3387 2130 δὲ
3432 2081 3493 2133 οὐ
3537 2081 3898 2151 παρεδέχοντο
3948 2083 4043 2135 διὰ

2458 2166 2517 2217 τὸ
2545 2166 2618 2235 μὴ
2641 2166 2897 2237 τοιαύτην
2931 2167 3076 2239 ἔχειν
3106 2170 3202 2240 τὴν
3220 2170 3550 2241 Ἐκκλησίαν
3582 2175 3906 2240 παράδοσιν,
3943 2174 4046 2226 καὶ

2461 2258 2702 2327 μάλιστά
2744 2277 2806 2326 γε
2851 2259 2946 2312 τοῦ
2978 2262 3183 2332 Κυρίου
3238 2266 3374 2333 πρὸς
3404 2265 3496 2316 τὸν
3526 2263 3835 2334 Νικόδημον
3875 2267 4043 2334 είρηο

2458 2353 2614 2416 κότος
2645 2353 2686 2385 ¹⁸
2718 2371 2734 2403 ι
2775 2352 2902 2405 Ἐάν
2933 2355 3006 2422 μή
3036 2370 3122 2416 τις
3151 2357 3382 2426 γεννηθῇ
3416 2358 3473 2423 ἐξ
3497 2357 3686 2420 ὓδατος
3731 2359 3822 2412 καὶ
3860 2360 4044 2414 Πνεῦ-

2462 2462 2652 2514 ματος,
2688 2445 2830 2515 (95b)
2863 2446 2925 2498 οὐ
2973 2447 3047 2517 μὴ
3079 2448 3294 2519 εἰσέλθῃ
3325 2451 3406 2511 είς
3454 2453 3556 2522 τὴν
3601 2451 3881 2522 βασιλείαν
3928 2453 4044 2506 τῶν

2457 2538 2720 2608 οὐρανῶν.
2763 2557 2780 2589 ι
2817 2539 3036 2593 Τούτων
3064 2542 3244 2594 τοίνυν
3288 2545 3380 2596 καὶ
3429 2546 3634 2617 ἐτέρων
3665 2546 4039 2616 λαληθέντων,

2458 2629 2602 2695 ἔδοξε
2661 2629 2740 2700 τῷ
2795 2631 2934 2702 ἁγίῳ
2988 2635 3251 2702 Διονυσίῳ
3298 2636 3664 2707 βαπτισθῆναι
3706 2641 3893 2704 αὐτὸν,
3940 2644 4041 2693 καὶ

2458 2721 2780 2785 ἀποστείλας
2813 2723 2977 2775 αὐτὸν
3000 2725 3079 2784 είς
3109 2724 3199 2776 τὸν
3221 2726 3494 2795 Ἰορδάνην
3526 2730 3772 2797 ποταμὸν
3805 2729 4043 2782 ἐδάπτι-

2460 2828 2551 2864 σεν
2576 2829 2589 2843 ·
2630 2813 2718 2864 τὸν
2752 2813 2807 2865 δὲ
2838 2815 3291 2884 προὸαπτίσαντα
3323 2819 3484 2870 αὑτὸν
3519 2819 3607 2872 διά
3644 2819 3741 2888 τῆς
3775 2820 4036 2891 ψάμμου,

2457 2903 2606 2969 ἄξιον
2655 2905 2815 2957 αὐτὸν
2881 2907 3233 2976 ὑπάρχοντα,
3288 2908 3539 2962 διάκονον
3597 2911 4036 2981 ἐχειροτόνησεν.

2458 2999 2697 3060 Εἰκότως
2747 2997 2840 3050 οὖν
2883 2999 2976 3050 καὶ
3019 3001 3047 3051 ό
3082 3001 3256 3069 μέγας
3295 3001 3602 3071 Γρηγόριος
3635 3004 4040 3074 ἀπαριθμήσας

2457 3089 2524 3140 τὰ
2558 3089 2912 3158 βαπτίσματα
2936 3091 3113 3144 πάντα
3137 3093 3300 3160 φησίν
3319 3094 3388 3124 ¹⁹·
3418 3114 3434 3143 ι
3469 3093 3760 3147 Ἐὄάπτισε
3787 3097 4039 3165 Μωῡσῆς

2381 3200 2424 3257 C
2459 3180 2617 3250 (ἀλλ’)
2675 3181 2732 3232 ἐν
2800 3179 2972 3246 ὕδατι,
3032 3181 3126 3234 καὶ
3184 3182 3288 3252 πρὸ
3343 3184 3533 3237 τούτου
3580 3187 3638 3238 ἐν
3691 3190 3887 3258 νεφέλῃ
3941 3190 4040 3241 καὶ

2462 3270 2563 3338 (εν)
2617 3269 2662 3300 ²⁰
2720 3269 2983 3340 θαλάσσῃ.
3045 3289 3064 3322 ι
3107 3301 3176 3310 --
3233 3290 3250 3323 ι
3299 3273 3598 3327 Ἐϐάπτισε
3630 3280 3721 3329 καὶ
3751 3279 4034 3350 Ἰωάννης,

2460 3363 2638 3415 οὐκέτι
2676 3365 2773 3433 μὲν
2803 3364 3087 3426 ίουδαῖκῶς
3112 3382 3125 3396 ο
3158 3367 3217 3417 ού
3251 3369 3357 3438 γὰρ
3400 3371 3456 3419 ἐν
3489 3369 3642 3422 ὕδατι
3682 3371 3863 3439 μόνον,
3898 3373 4041 3426 ἀλλὰ

2459 3458 2552 3509 καὶ
2589 3458 2664 3518 είς
2719 3459 3031 3526 μετάνοιαν.
3088 3478 3106 3508 ι
3149 3489 3214 3501 -
3267 3479 3285 3512 ι
3343 3463 3603 3526 Βαπτίζει
3657 3466 3750 3517 καὶ
3802 3467 4034 3535 Ἰησοῦς,

2459 3549 2572 3602 ἀλλ’
2605 3551 2662 3601 ἐν
2699 3548 3009 3618 ΙΙνεύματι·
3057 3551 3217 3604 τοῦτο
3252 3553 3284 3623 ἡ
3340 3553 3636 3624 τελειότης.
3686 3574 3704 3607 ι
3738 3587 3807 3596 --
3842 3577 3858 3607 ι
3904 3555 4038 3610 Οἶδα

2458 3641 2514 3694 δὲ
2555 3642 2642 3693 καὶ
2696 3643 2954 3712 τέταρτον
3001 3641 3306 3713 βάπτισμα,
3340 3647 3400 3696 τὸ
3439 3648 3526 3699 διά
3587 3651 3890 3719 μαρτυρίου
3937 3652 4038 3704 καὶ

2459 3733 2690 3795 αἵματος
2714 3749 2727 3762 ο
2764 3751 2780 3782 ι
2820 3762 2856 3772 -
2889 3753 2907 3783 ι
2944 3729 3059 3786 οἶδα
3085 3737 3175 3786 καί
3200 3741 3240 3786 ε’
3265 3734 3411 3804 (ἔτι),
3446 3737 3503 3787 τὸ
3533 3737 3619 3790 διὰ
3642 3738 3892 3808 δακρύων
3911 3740 3974 3791 ".
4012 3759 4030 3791 ι

2458 3826 2741 3878 -Ούκοῦν
2982 3827 3205 3888 δικαίως
3239 3829 3300 3880 οὐ
3361 3830 3732 3898 παρεδέξαντο
3781 3833 3874 3884 καὶ
3910 3833 4035 3886 λίαν

2458 3919 2733 3988 ἁρμοδίως
2768 3921 2946 3972 ἐκεῖνο
2989 3921 3050 3972 τὸ
3087 3921 3393 3990 βάπτισμα.
3423 3924 3604 3990 (Ποῖον
3648 3927 3756 3995 γάρ
3801 3927 4036 3980 ἐνταῦθα

2459 4013 2811 4077 ἐϐαπτίσατο,
2843 4013 2929 4065 ἵνα
2955 4013 3029 4074 ὡς
3061 4013 3280 4080 βέϐαιον
3316 4016 3409 4067 καὶ
3444 4015 3587 4068 θεῖον
3631 4019 3888 4088 κυρωθῇς
3925 4020 4034 4072 Ποῦ

2459 4106 2552 4156 νῦν
2578 4107 2715 4156 εἰσιν
2750 4105 2797 4155 οί
2826 4105 3123 4174 κοσμικούς
3152 4123 3303 4168 τινας
3339 4108 3433 4158 καὶ
3465 4111 3730 4175 γυναῖκας
3781 4110 4033 4178 λέγοντες

2462 4196 2723 4266 βαπτίσαι
2775 4196 2905 4247 ποτε
2962 4195 3104 4247 κατᾶ
3157 4196 3499 4266 περίστασιν,
3531 4198 3605 4268 μὴ
3649 4199 3915 4269 παρόντος
3955 4202 4034 4252 ls-

2464 4295 2621 4364 ρέως,
2653 4294 2747 4347 καὶ
2786 4295 2866 4350 είς
2928 4292 3211 4362 βάπτισμα
3265 4291 3408 4344 θετον
3455 4292 3547 4344 καὶ
3600 4294 3803 4346 τέλειον
3851 4296 4036 4359 αὐτοῖς

2461 4384 2914 4454 φιλονεικοῦντες,
2981 4383 3181 4451 μᾶλλον
3241 4382 3299 4435 δὲ
3378 4383 3862 4452 τερατολογοῦντες
3943 4392 4036 4439 καὶ

2467 4476 2916 4548 βλασφημοῦντες
2940 4479 3003 4528 ἐκ
3034 4475 3232 4546 πολλῆς
3273 4477 3551 4544 ἀγνωσίας
3586 4477 3681 4530 καὶ
3721 4479 4032 4544 αὐθαδείας,

780 4598 797 4627 ι
842 4575 1007 4630 Nemo
1054 4578 1288 4631 assumit
1336 4575 1439 4628 sibi
1471 4575 1784 4641 ,lionorem,
1819 4571 1910 4626 sed
1944 4571 2034 4640 qui
2072 4580 2294 4624 vocatur
2325 4585 2354 4623 a
2390 4559 2432 4612 ι)

2390 4559 2432 4612 D
2465 4572 2600 4642 μηδὲ
2648 4571 2747 4640 τῆς
2796 4571 2946 4642 ἱερᾶς
2997 4569 3104 4620 τῶν
3165 4570 3480 4622 ἀποστόλων
3535 4569 3886 4635 διδασκαλίας
3941 4578 4033 4627 καὶ

777 4665 927 4732 Deo;
975 4670 1175 4720 etenim
1239 4682 1331 4735 per
1375 4666 1779 4734 impositionem
1831 4677 2091 4716 manuum
2117 4660 2355 4731 episcopi

777 4761 936 4812 datur
993 4759 1108 4813 Iure
1159 4759 1414 4827 dignitas.
1451 4758 1501 4811 Is
1533 4771 1710 4810 autem
1757 4759 1843 4810 cui
1893 4758 2006 4824 ipsa
2053 4772 2158 4809 non
2216 4770 2360 4808 com-

779 4853 944 4905 missa
985 4851 1166 4912 fuerit,
1197 4851 1288 4903 sed
1321 4851 1413 4919 qui
1450 4850 1689 4918 rapuerit
1719 4860 1775 4902 et
1813 4848 1912 4901 sibi
1942 4863 2060 4902 eam
2111 4848 2360 4916 subjece-

775 4946 866 5007 rit,
923 4951 1204 5012 peccatum
1247 4953 1298 4995 et
1330 4956 1543 5011 poenam
1573 4941 1748 4993 Saulis
1780 4948 1832 4992 et
1863 4939 2006 4993 Ozire
2035 4942 2292 4993 incurret.
2334 4957 2351 4989 ι

775 5034 1127 5102 Nequaquam
1192 5049 1343 5096 sane,
1384 5052 1400 5082 ι
1439 5033 1530 5087 sed
1559 5048 1625 5086 ne
1658 5032 1870 5085 caneris
1902 5031 2120 5099 quidem
2145 5031 2358 5084 clericis

777 5127 1053 5196 baptizare
1089 5125 1476 5195 permittimus,
1521 5123 1770 5177 diaconis
1802 5124 2011 5177 scilicet.
2050 5133 2142 5176 aut
2189 5125 2358 5176 lecto-

775 5223 951 5283 ribus,
991 5231 1078 5273 aut
1112 5220 1449 5281 cantoribus,
1494 5228 1586 5272 aut
1622 5219 1910 5282 ministris,
1956 5218 2047 5271 sed
2079 5217 2208 5271 solis
2243 5217 2359 5285 epi-

776 5316 958 5386 scopis
993 5326 1046 5369 et
1085 5314 1446 5386 presbyteris,
1481 5313 1925 5367 ministrantibus
1965 5313 2044 5365 eis
2093 5310 2358 5366 diaconis.

2462 4663 2840 4735 παραγγελίας
2897 4661 3340 4736 ἀκούοντεςπτῆς
3396 4662 3662 4735 λέγουσης
3715 4665 3789 4696 ⁸⁸·
3850 4684 3869 4716 ‹
3922 4668 4032 4720 Οὐκ

2462 4756 2831 4824 ἐπιτρέπομεν
2878 4753 3063 4805 λαῖκδν
3098 4753 3270 4804 ποιεῖν
3314 4768 3367 4804 τι
3420 4752 3528 4804 τῶν
3584 4753 3895 4822 ίερατικῶν,
3925 4750 4032 4807 οόν

2463 4845 2674 4905 θυσίας,
2737 4843 2768 4912 ἢ
2825 4843 3130 4912 βάπτισμα,
3193 4841 3225 4912 ἢ
3281 4842 3642 4913 χειροθεσίαν,
3696 4843 3728 4914 ἢ
3791 4845 4031 4913 εὐλογίαν

2467 4939 2669 5009 μικρὰν
2710 4939 2740 5007 ἦ
2776 4938 3019 5006 μεγάλην
3047 4953 3059 4965 ·
3101 4958 3116 4985 ι
3156 4935 3281 4988 καί·
3327 4955 3344 4986 ι
3394 4937 3504 5004 Οὐχ
3540 4936 3722 5005 ἑαυτῷ
3769 4955 3851 5001 τις
3895 4939 4029 5005 λαμ.

2463 5034 2614 5086 ϐάνει
2660 5033 2758 5101 τὴν
2807 5032 2994 5098 τιμὴν,
3051 5030 3184 5082 ἀλλὰ
3218 5028 3550 5097 καλούμενος
3600 5031 3704 5081 ὑπὸ
3735 5029 3872 5082 Θεοῦ
3896 5046 3908 5058 ⁸
3938 5032 4020 5084 διὰ

2463 5127 2571 5194 γὰρ
2635 5124 2733 5193 τῆς
2793 5123 3091 5185 ἐπιθέσεως
3149 5123 3258 5174 τῶν
3317 5123 3519 5191 χειρῶν
3585 5122 3679 5174 τοῦ
3727 5125 4024 5176 ἐπισκόπου

2461 5219 2659 5270 δίδοται
2700 5217 2734 5287 ἡ
2768 5216 2993 5287 τοιαύτη
3038 5216 3186 5280 ἀξία.
3224 5217 3284 5268 '0
3312 5217 3368 5268 δὲ
3402 5215 3476 5286 μὴ
3507 5217 3870 5286 ἐγχειρισθεὶς
3902 5219 4027 5270 ταύ-

2461 5329 2582 5381 την,
2616 5311 2730 5364 ἀλλ’
2766 5310 3022 5380 ἁρπάσας
3071 5310 3163 5362 καὶ
3214 5311 3558 5379 τυραννήσας
3611 5311 3785 5380 αὐτὴν
3835 5312 4026 5382 ἐαυτῷ,

1968 5475 2170 5537 Varie:
2195 5475 2502 5539 lectiones
2551 5483 2610 5537 et
2655 5484 2845 5537 notas.

846 5627 889 5656 "’
912 5626 1257 5693 γενομένωνῖ

778 5775 817 5799 ³³
851 5771 943 5820 ‘Ji.
974 5770 1061 5831 59,
1102 5768 1204 5819 ϋόί
1233 5768 1291 5819 (ὲ.
1371 5767 1414 5796 ¹⁰
1447 5771 1508 5835 τῇ
1541 5767 1664 5820 add.
1691 5766 1812 5819 t'ntl.

1365 5627 1405 5657 ”
1433 5625 1657 5695 ἐπέχεεν
1724 5623 1815 5676 ἐπὶ
1847 5622 1943 5692 τὴν
2009 5624 2250 5695 κεφαλὴν
2299 5626 2481 5695 τρίτον
2539 5625 2711 5689 λέγων
2772 5623 2902 5674 Cod.

774 5691 930 5750 πὰπα
979 5691 1255 5749 Διονυσίου
1308 5691 1607 5765 γενομένης
1651 5699 1776 5763 περὶ
1807 5691 1999 5746 τούτου
2031 5694 2162 5746 (led.
2197 5691 2268 5734 9—-
2327 5691 2450 5763 διηγ

1855 5691 1999 5746 >ύ⁷του
2031 5694 2162 5746 Ced.
2197 5691 2268 5734 -ἔσ-
2327 5691 2725 5764 διηγησάμενοι
2776 5722 2848 5735 --
2906 5691 3354 5765 ἐκθαμϐήσαντες
3411 5691 3531 5752 eod.

1893 5765 1934 5794 “
1988 5766 2066 5817 ‘U.
2110 5767 2201 5818 καί
2239 5765 2332 5818 (ἓν.
2378 5771 2452 5818 ‘U.
2486 5771 2541 5820 δὲ
2583 5768 2702 5818 rod.
2738 5771 2777 5816 ι’
2802 5766 2880 5816 ἔτι
2903 5764 3008 5815 τῶν
3039 5768 3086 5816 ὁ.
3112 5765 3204 5818 Gr.
3235 5771 3271 5816 ε’
3303 5765 3361 5818 τὸ
3384 5766 3490 5819 τῶν
3509 5769 3556 5822 ὃ.
3587 5769 3717 5825 Ced.

3009 5623 3051 5652 ”
3078 5621 3184 5675 αὖῖ
3281 5624 3321 5655 ⁸⁷
3358 5623 3706 5698 συζητήσεως
3752 5630 3902 5696 παρὰ
3943 5647 3971 5683 τ
4002 5632 4029 5683 ὖ

3009 5693 3354 5751 αμϐήσαντες
3411 5698 3532 5751 cod.
3616 5698 3659 5731 ⁸⁸
3687 5695 3844 5751 Joau.
3875 5717 3951 5751 Ill.
3978 5704 4026 5751 Ξ».

3719 5712 3844 5752 oan.
3875 5717 3951 5761 Ill,
3978 5704 4026 5756 ὁ.

3797 5770 3842 5799 ⁸²
3872 5771 4030 5827 Τοῦτο

775 5840 991 5908 εἴρηται
1044 5846 1100 5892 εν
1133 5839 1206 5907 τις»
1246 5836 1292 5904 γ’
1331 5838 1520 5908 βιδλιῳ
1554 5839 1662 5891 τῶν
1688 5835 2066 5892 ἀποστολικιῖνι
2105 5840 2433 5906 Διατάξεων.
2482 5841 2539 5892 υ.
2579 5839 2638 5890 IU
2669 5849 2721 5892 et
2761 5839 2842 5890 ll.
