4244 6444
803 394 911 462 555

2005 404 2329 465 GEORGII
2374 404 2822 468 HAMARTOLI

3948 428 4058 489 556

806 511 975 562 meres
999 507 1280 578 iquidquid
1301 507 1500 562 malum
1529 515 1648 564 erat
1667 509 1975 576 collectum,
1995 527 2058 566 ex
2075 513 2295 567 Perside
2322 513 2373 566 in
2410 514 2451 572 Α
2479 532 2482 560 ι

2410 514 2451 572 Α
2479 513 2873 585 ἐρανισάμενος
2906 519 2944 584 ’,
2981 521 3044 572 ἐκ
3074 520 3330 591 Περτέδο;
3362 526 3438 590 εἰς
3477 528 3572 598 τὴν
3617 530 3906 602 Ῥωμαίων
3954 537 4057 606 γῆν

805 601 1174 656 Romanorum
1222 610 1444 666 terram,
1474 601 1580 657 Deo
1633 605 1982 671 permittente
2005 648 2018 670 ,
2050 607 2372 658 introduxit.

873 693 977 748 Iste
996 693 1159 762 igitur
1185 693 1464 748 insaniens
1488 693 1694 760 Manes,
1715 697 1874 764 quiet
1895 697 2219 766 Seythianus
2240 699 2374 751 diei-

801 795 914 850 tur,
960 798 1025 838 ex
1058 784 1523 839 Brachmanarum
1576 803 1794 857 genere,
1842 789 2158 859 magistrum
2189 792 2374 846 habuit

798 875 986 931 Budan
1023 917 1038 941 ,
1091 877 1321 931 antehac
1387 878 1590 934 dictum
1656 877 2084 948 Terebinthum,
2117 883 2209 953 qui
2261 884 2374 954 ipse

804 971 1110 1025 instructus
1140 985 1170 1023 a
1209 969 1533 1039 Scythiano,
1564 971 1881 1028 Graecorum
1912 975 2199 1042 opiniones
2232 978 2371 1032 cclc-

797 1062 1011 1122 brante.
1070 1059 1415 1130 Empedoclis
1464 1062 1691 1118 adhaesit
1741 1063 1939 1128 errori,
1980 1065 2214 1122 dicentis
2262 1069 2370 1121 duo

794 1168 920 1209 esse
962 1155 1229 1225 principia
1260 1154 1495 1210 invicem
1547 1156 1816 1225 opposita.
1869 1156 2149 1225 Ingressus
2184 1169 2365 1214 autem

797 1247 850 1300 in
899 1247 1214 1323 Persidem,
1267 1263 1325 1303 se
1383 1257 1568 1302 natum
1608 1263 1677 1304 ex
1733 1251 1940 1319 virgine
1991 1251 2170 1306 aiebat
2222 1263 2275 1306 et
2313 1254 2365 1307 in

793 1339 1072 1395 montibus
1129 1340 1397 1394 nutritum
1432 1339 1640 1406 fuisse;
1690 1350 1745 1396 et
1773 1352 2009 1411 quatuor
2052 1359 2178 1398 cum
2233 1346 2369 1400 seri-

791 1429 993 1498 psisset
1061 1431 1269 1495 libros,
1331 1446 1499 1485 unum
1575 1435 1982 1502 cognominavit
2031 1434 2364 1504 Mysterr'um,

789 1524 1042 1589 alterum,
1080 1521 1691 1593 b‘vangelium,tertium
1728 1522 1769 1578 Τ
1771 1527 2075 1591 licsaurum,
2109 1538 2365 1597 quartum

789 1627 919 1667 vero
949 1613 1146 1680 Caput.

858 1703 925 1757 Et
973 1704 1153 1760 Budas
1201 1705 1303 1761 istc
1349 1705 1597 1776 quidem,
1647 1707 1740 1777 qui
1793 1718 1846 1763 et
1878 1708 2267 1778 Terebinthus,
2297 1714 2365 1767 ab

789 1797 1079 1851 immundo
1109 1797 1300 1866 spiritu
1347 1799 1615 1853 contritus
1649 1799 1842 1868 periit;
1887 1810 1942 1855 at
1987 1804 2184 1858 mulier
2210 1821 2354 1874 quae-

788 1884 937 1944 dam,
968 1883 1108 1953 apud
1154 1899 1317 1954 quam
1348 1885 1654 1940 diversatus
1687 1897 1803 1942 erat
1829 1899 1882 1944 et
1927 1900 2196 1958 mortuus,
2236 1910 2360 1948 cmn

785 1974 1003 2030 divitias
1058 1984 1110 2030 ct
1173 1975 1430 2045 profanos
1479 1979 2010 2051 scclcstissimosque
2064 1983 2235 2039 libros
2297 1986 2366 2039 il.

788 2067 896 2123 lius
973 2068 1289 2125 haereditate
1352 2070 1714 2136 obtinuisset,
1797 2073 2086 2143 puerulum
2161 2088 2362 2147 septem

785 2172 1055 2214 annorum
1109 2159 1264 2224 emit,
1309 2161 1527 2215 nomine
1584 2161 1892 2228 Curbieon,
1931 2181 2094 2236 quem
2152 2169 2362 2225 litteras

783 2250 988 2305 docens
1053 2261 1105 2304 ct
1169 2250 1417 2305 libertate
1491 2250 1725 2319 donans,
1796 2253 2062 2309 heredem
2113 2258 2360 2313 omnium

787 2343 1054 2397 bonorum
1105 2356 1333 2397 suorum
1395 2343 1700 2398 constituit.
1751 2343 1855 2400 Iste
1908 2355 2090 2402 autem
2127 2351 2361 2421 sumptis

789 2436 940 2490 libris
1015 2435 1178 2491 Budtc
1257 2445 1311 2491 et
1361 2438 1611 2498 divitiis,
1674 2441 1999 2511 peragrabat
2063 2441 2358 2512 Persiden,

783 2524 973 2579 Manen
1027 2527 1264 2596 seipsum
1324 2529 1612 2584 nominans
1645 2567 1662 2593 ,
1709 2529 1870 2600 juxta
1920 2532 2162 2603 linguam
2233 2537 2360 2592 Per-

784 2631 1012 2679 sarum,
1071 2616 1124 2671 id
1187 2625 1269 2670 est
1343 2617 1727 2685 dialecticum;
1799 2629 1852 2674 et
1924 2625 2129 2688 erroris
2197 2623 2360 2683 Budae

785 2703 1054 2771 particeps
1105 2701 1316 2766 Iactus,
1347 2705 1515 2759 libros
1574 2721 1795 2776 quoque
1843 2708 1962 2779 ejus
2013 2715 2229 2784 propria
2271 2717 2356 2772 sui

786 2798 958 2864 ipsius
988 2797 1204 2853 dicebat
1248 2813 1364 2852 esse
1394 2813 1581 2868 opera.

853 2887 1013 2943 Hunc
1070 2905 1163 2944 rex
1215 2889 1503 2945 Persarum
1569 2893 1749 2946 vivum
1803 2897 2130 2961 exceriavit,
2189 2901 2354 2954 veluti

781 2993 1059 3033 auctorem
1101 2982 1292 3035 mortis
1338 2983 1432 3034 lilii
1465 2983 1570 3035 sui.
1602 2984 1740 3038 Cum
1789 2989 1933 3040 cnim
1969 2991 2148 3058 regius
2205 2993 2356 3046 inlir-

782 3083 1024 3126 maretur
1057 3088 1210 3143 puer,
1245 3083 1297 3126 et
1342 3074 1678 3130 medicorum
1713 3093 1842 3131 cura
1875 3079 2042 3134 multa
2078 3098 2215 3137 vana
2267 3100 2353 3141 es-

778 3174 881 3228 set,
922 3164 1196 3220 nuutiavit
1228 3164 1412 3220 Manes
1442 3183 1500 3222 se
1527 3169 1734 3236 absque
1765 3171 2178 3230 medicamentis
2203 3177 2352 3230 illum
2380 3200 2425 3262 ο

778 3267 1096 3310 sanaturum
1154 3272 1277 3311 esse
1325 3274 1340 3323 ;
1387 3260 1589 3328 itaque,
1627 3261 1865 3318 medicos
1896 3278 2174 3331 amovens,
2203 3270 2349 3323 occi-

775 3350 854 3401 dit
881 3364 1109 3417 puerutn
1147 3351 1476 3418 negligentia
1493 3360 1547 3405 et
1569 3352 1883 3420 prmstigiis,
1908 3368 2231 3425 propterque
2251 3361 2353 3414 hoc

774 3441 1083 3494 mercedem
1143 3439 1364 3511 dignam
1425 3442 1618 3496 merito
1671 3446 1970 3513 reportavit
2020 3451 2349 3506 excoriatio-

777 3547 898 3587 ucm
934 3534 1229 3590 miserrimi
1263 3535 1510 3605 corporis
1541 3537 1646 3590 sui.

844 3717 992 3771 Illius
1023 3716 1275 3787 discipuli
1323 3726 1437 3770 tres
1478 3714 1720 3781 luerunt,
1755 3716 1996 3775 Thomas
2031 3729 2084 3775 ct
2131 3721 2348 3776 Buddas

772 3820 824 3862 et
859 3808 1109 3870 Ilermas,
1150 3825 1218 3864 ex
1267 3810 1468 3878 quibus
1503 3808 1742 3865 Thomas
1783 3811 1885 3866 iste
1937 3812 2136 3866 librum
2180 3814 2351 3868 edidit

771 3903 981 3958 dictum
1041 3902 1392 3974 Evangelium
1448 3903 1751 3958 secundum
1808 3902 2114 3971 Thomam;
2168 3907 2349 3962 nullus

771 4013 900 4066 ergo
953 3997 1090 4066 legat
1140 3997 1444 4049 secundum
1494 3994 1759 4048 Thomam
1818 3995 2202 4067 Evangelium;
2239 4015 2344 4054 nun

767 4091 910 4141 enim
970 4096 1053 4140 est
1098 4085 1333 4154 alicujus
1383 4100 1449 4138 ex
1497 4085 1785 4165 duodecim
1813 4127 1828 4150 ,
1879 4085 1973 4140 sed
2011 4086 2246 4158 alicujus
2279 4106 2344 4146 ex

770 4183 944 4233 tribus
978 4177 1253 4248 perversis
1292 4176 1465 4231 Manis
1489 4177 1794 4247 discipulis.

841 4271 948 4324 Isle
976 4270 1138 4340 igitur
1166 4283 1400 4323 vesanus
1422 4267 1606 4323 Manes
1639 4269 1814 4338 rejicit
1836 4267 2006 4325 Vetus
2027 4268 2345 4328 Testamen-

770 4373 882 4416 tum
916 4369 970 4414 et
997 4375 1213 4414 omnem
1242 4359 1572 4413 creationem
1603 4369 1658 4414 et
1690 4359 1930 4414 hominis
1954 4361 2342 4429 conditionem,

772 4450 936 4518 impie
971 4450 1159 4502 dicens
1203 4447 1272 4502 ab
1321 4447 1506 4517 aliquo
1558 4448 1668 4501 Deo
1700 4447 1838 4502 bono
1867 4463 1983 4501 eam
2017 4463 2123 4502 non
2156 4466 2345 4520 procc-

2480 608 2619 660 κατὰ
2648 609 2784 663 Θεοῦ
2820 613 3172 685 συγχώρησιν
3209 619 3558 690 εἰσέφρησεν.

2549 692 2719 762 Οὗτος
2771 701 2863 755 οὖν
2901 705 2929 756 6
2959 706 3221 776 μεμηνὼς
3253 709 3272 740 ³
3300 711 3511 780 Μάνης,
3541 713 3568 765 6
3601 717 3692 768 καὶ
3748 719 4052 784 Σκυθιανὸς

2477 787 2788 857 λεγόμενος,
2851 792 3185 865 Βραχμάνης
3226 797 3300 849 ὣν
3331 799 3391 851 τὸ
3436 801 3613 868 γένος,
3644 803 3967 861 διδάσκαλον
3992 811 4052 862 δὲ

2475 878 2606 948 ἔσχε
2633 880 2839 935 Βουδᾶν
2859 884 2951 936 τὸν
2985 885 3177 958 πρώην
3229 890 3566 961 καλούμενον
3621 896 3967 967 Τερὲϐινθον.
3991 901 4052 963 ὃς

2475 970 2616 1041 (καὶ)
2649 975 2966 1040 παιδευθεὶς
3028 980 3133 1032 ὑπὸ
3170 982 3469 1038 Σκυθιανοῦ
3497 990 3563 1040 τὰ
3597 987 3866 1058 Ἑλλήνων
3895 992 4051 1058 δοξά-

2473 1064 2680 1132 ζοντος,
2721 1068 2820 1137 τὴν
2865 1070 3295 1140 Ἐμπεδοκλέους
3356 1077 3642 1146 ἠγάπησεν
3685 1082 4054 1150 αἰρεσιν,δύο

2473 1157 2647 1227 ἀρχᾶς
2696 1158 2946 1226 λέγοντος
3005 1163 3394 1234 ἀντικειμένας
3442 1168 3715 1238 ἀλλήλοις.
3773 1172 4050 1227 Eisdem-1

2471 1250 2526 1302 δὲ
2554 1253 2612 1304 ἐν
2649 1252 2871 1323 Περσίδι
2899 1256 2964 1308 ἐκ
3015 1255 3293 1326 παρθένου
3329 1259 3521 1313 ἑαυτὸν
3550 1259 3754 1330 ἔφασκε
3787 1266 4050 1336 γεγεννῆ-

2473 1343 2594 1395 σθαι
2623 1346 2716 1397 καὶ
2745 1349 2802 1398 ἐν
2852 1349 2964 1411 τοῖς
2989 1347 3175 1418 ὄρεσιν
3225 1351 3604 1423 ἀνατραφῆναι
3631 1371 3646 1386 ·
3681 1359 3773 1410 καὶ
3807 1375 4051 1430 συγγρα-

2469 1431 2712 1503 ψάμενος
2739 1435 2920 1503 βιϐλία
2949 1438 3010 1502 δ’,
3037 1440 3098 1493 τὸ
3135 1439 3232 1510 μὲν
3269 1443 3595 1513 ἐπωνόμασε
3619 1448 3972 1518 Μυστήριον
4002 1455 4049 1515 ⁵.

2468 1523 2528 1576 τὸ
2565 1524 3058 1596 δὲδεὺαγγέλιον,
3087 1531 3147 1584 τὸ
3178 1531 3233 1585 δέ
3267 1536 3574 1607 Θησαυρὸν,
3618 1538 3639 1570 ⁵
3670 1538 3732 1592 τὸ
3756 1539 3815 1592 δέ
3851 1544 4046 1612 Hegea-

2467 1615 2642 1678 λῆγ’.

2539 1709 2650 1760 Καὶ
2678 1710 2706 1762 6
2749 1711 2848 1780 μὲν
2887 1711 3088 1767 Βουδᾶν
3127 1707 3287 1781 οὗτος
3330 1720 3357 1771 6
3391 1719 3410 1750 ⁸
3447 1721 3540 1774 καὶ
3587 1725 3911 1795 Τερέϐινθος
3941 1731 4046 1784 ὑπο

2467 1800 2780 1865 πνεύματος
2807 1803 3121 1876 ἀκαθάρτου
3154 1811 3457 1880 συντριϐεὶς
3489 1814 3739 1871 ἀπώλετο
3764 1836 3778 1850 ο
3810 1822 3949 1892 γυνὴ
3981 1824 4040 1876 δέ

2466 1910 2569 1957 τις,
2605 1894 2736 1963 παρ’
2770 1890 2967 1967 ﬁbra!)
2996 1900 3260 1955 κατέλυσε
3299 1905 3391 1956 καὶ
3426 1906 3697 1981 κατελύθη
3733 1912 3776 1976 ⁹,
3808 1913 3877 1966 τά
3901 1890 4044 1986 χρή-

2471 2002 2616 2052 ματα
2640 1987 2858 2052 καὶτὰς
2892 1989 3156 2062 βεϐήλους
3201 1995 3417 2063 βίϐλους
3473 1999 3664 2068 (αὑτοῦ
3705 2003 4044 2075 ἐξαγίστους)

2466 2077 2947 2149 κληρονομήσασα,
2975 2083 3192 2139 ὠνεῖται
3219 2089 3504 2160 παιδάριον
3529 2091 3666 2146 ἐτῶν
3689 2095 3756 2162 ζ’,
3805 2097 4043 2169 τοῦνομα

2465 2168 2775 2240 Κούρϐικον
2805 2175 2871 2238 ⁸⁸,
2907 2173 2966 2226 ὃν
2995 2177 3092 2232 καὶ
3119 2179 3381 2245 διδάξασα
3429 2183 3736 2254 γράμματα
3766 2189 3862 2241 καὶ
3887 2168 4040 2242 ἐλευ-

2463 2256 2750 2325 θερώσασα
2773 2261 3112 2335 κληρονόμον
3144 2268 3252 2321 τῶν
3286 2270 3487 2342 ἑαυτῆς
3531 2273 3749 2329 πάντων
3778 2277 4037 2348 καθίστη-

2464 2364 2570 2402 σιν,
2613 2349 2672 2402 Ὀ
2702 2350 2759 2404 δέ
2807 2353 2992 2408 λαϐὼν
3041 2356 3109 2409 τὰ
3156 2357 3339 2427 βιϐλία
3367 2362 3462 2414 τοῦ
3493 2363 3668 2419 Βονδᾶ
3691 2367 3782 2418 καὶ
3812 2369 3881 2421 τὰ
3906 2371 4032 2440 χρή-

2465 2457 2632 2508 ματα,
2660 2443 2916 2514 διήρχετο
2975 2448 3073 2518 τὴν
3117 2450 3356 2520 Περσίδα
3398 2454 3587 2526 Μάνην
3619 2459 3810 2514 ἑαυτὸν
3841 2462 4042 2532 6:03.11-

2462 2532 2570 2596 ζων
2630 2536 2798 2605 (κατὰ
2848 2541 2950 2610 τὴν
2985 2541 3094 2596 τῶν
3145 2544 3375 2613 Περσῶν
3425 2547 3698 2616 γλῶσσαν,
3723 2551 3888 2607 οίονεί
3919 2571 4039 2608 τινα

2459 2619 2825 2697 διαλεκτικόν)
2857 2643 2873 2658 ο
2906 2631 3001 2682 καὶ
3056 2631 3155 2701 τῆς
3187 2634 3397 2705 πλάνης
3436 2637 3531 2692 τοῦ
3560 2639 3735 2695 Βουδᾶ
3768 2645 4040 2715 συνίστωρ

2461 2713 2752 2805 γενόμενος
2782 2719 2846 2783 ⁸⁸,
2879 2718 2976 2772 καὶ
3024 2721 3090 2775 τὰ
3139 2722 3322 2793 βίϐλια
3389 2730 3674 2800 πονήματσ
3710 2733 3825 2793 ἴδια
3853 2713 4041 2805 ἐλεγῦ

2461 2800 2623 2862 εἶναι.

2529 2897 2689 2968 363
2719 2900 2816 2952 "Ov
2845 2902 2871 2953 6
2904 2900 3160 2971 βασιλεὺς
3193 2907 3417 2978 Περσῶν
3451 2912 3688 2984 ἐξέδειρε
3743 2916 3926 2981 ζῶντα
3961 2922 4036 2984 ὡς

2459 2987 2690 3041 θανάτου
2751 2993 3043 3062 γενόμενον
3083 2997 3125 3027 ¹²
3157 2998 3335 3051 αἴτιον
3397 3000 3490 3054 τοῦ
3549 3005 3664 3058 υἱοῦ
3714 3008 4038 3065 αὑτοῦ.Τοῦ

2459 3079 2566 3147 γὰρ
2599 3081 2882 3150 βασιλικοῦ
2931 3087 3121 3150 παιδὸς
3164 3090 3449 3154 νοσοῦντος
3484 3095 3578 3147 καὶ
3612 3098 3814 3168 πολλῆς
3860 3103 4036 3173 ίατριο

2460 3171 2561 3240 κῆς
2601 3174 2924 3242 ἐπιμελείας
2979 3180 3368 3247 ἀπολαύοντος.
3431 3187 3799 3257 ἐπηγγείλατο
3843 3171 4038 3264 Μάνης

2459 3262 2627 3331 χωρὶς
2661 3263 2714 3316 ία
2734 3263 2877 3333 (97⁸)
2907 3268 3091 3338 τρείας
3121 3273 3424 3345 ἀναστῆσαι
3449 3277 3636 3331 τοῦτον
3670 3281 3714 3313 ¹³
3741 3301 3755 3316 ο
3775 3287 3868 3336 καὶ
3891 3262 4037 3339 οὕτω

2455 3351 2578 3415 τοὺς
2635 3355 2856 3425 ἰατροὺς
2898 3359 3220 3432 ἀποστήσας
3265 3366 3576 3422 ἐθανάτωσε
3644 3371 3704 3424 τὸ
3737 3376 3952 3428 παιδίον
3990 3379 4033 3407 ⁸⁸

2454 3442 2578 3535 (τῇ)
2620 3446 2850 3518 ἀμελείᾳ
2912 3451 3007 3504 καὶ
3036 3455 3078 3484 ⁸⁵
3126 3458 3484 3530 τερατολογίᾳ
3510 3476 3525 3492 ο
3560 3463 3701 3535 ὑπὲρ
3743 3465 3798 3519 δέ
3838 3468 4030 3521 τούτου

2457 3532 2649 3603 μισθὸν
2711 3537 2933 3605 ἐπάξιον
2966 3542 3193 3608 είκότως
3235 3549 3522 3618 κομίζεται
3551 3555 3646 3622 τὴν
3667 3532 3898 3628 ἐκδορὰν
3933 3561 4030 3614 τοῦ

2456 3623 2751 3679 παναθλίου
2776 3630 2942 3684 αὑτοῦ
2975 3633 3249 3704 σώματος.

2523 3714 2748 3784 (Τούτου
2778 3719 2834 3772 δὲ
2873 3723 3119 3793 μαθηταὶ
3159 3729 3418 3796 γεγόνασι
3452 3737 3604 3805 τρεῖς
3630 3752 3646 3769 ο
3680 3738 3907 3809 Θωμᾶς,
3935 3745 4030 3796 καὶ

2454 3809 2718 3901 Βουδδᾶς,
2759 3815 2854 3865 καὶ
2891 3813 3121 3886 Ἑρμᾶς,
3154 3819 3213 3884 ἐξ
3243 3815 3319 3874 ῶν
3352 3819 3509 3888 οὗτος
3541 3830 3568 3880 6
3610 3827 3813 3900 Θωμᾶς
3844 3832 4030 3901 βίϐλον

2451 3897 2679 3962 ἐξέδωκε
2711 3900 3013 3974 λεγομένην
3038 3908 3372 3978 Εὐαγγέλιον
3393 3916 3535 3969 κατὰ
3574 3897 3775 3989 Θωμάν
3799 3937 3814 3950 '
3837 3897 4030 3993 μηδεὶς

2451 3988 2629 4040 τοίνυν
2688 3991 3114 4060 ἀναγινωσκέτω
3141 3998 3201 4051 τὸ
3229 4002 3372 4055 κατὰ
3422 4004 3624 4075 Θωμᾶν
3663 3988 4024 4079 Εὐαγγέλιον.

2449 4080 2524 4132 Οὐ
2569 4083 2675 4153 γάρ
2717 4085 2865 4139 ἐστιν
2903 4087 3024 4152 ἐνὸς
3067 4090 3176 4144 τῶν
3224 4092 3312 4162 ιβ’,
3346 4097 3460 4150 ἀλλ’
3516 4100 3635 4165 ἐνὸς
3689 4103 3800 4156 τῶν
3857 4106 4026 4175 τριῶν

2449 4173 2637 4226 κακῶν
2669 4176 2764 4230 τοῦ
2782 4179 2941 4250 Μάνη
2981 4183 3282 4255 μαθητῶν).

2533 4264 2590 4318 ’0
2622 4267 2802 4321 τοίνυν
2833 4271 3206 4344 ἐμϐρόντητος
3237 4279 3279 4308 ¹⁶
3311 4271 3468 4345 οὗτος
3498 4283 3693 4356 Μάνης
3720 4287 4020 4344 ἀποϐαλλό-

2448 4371 2609 4424 μενος
2633 4359 2732 4429 τὴν
2757 4362 3002 4418 Παλαιὰν
3031 4366 3313 4441 Διαθήκην
3347 4374 3440 4426 καὶ
3481 4373 3579 4444 τὴν
3621 4379 3799 4432 κτίσιν
3841 4385 4026 4436 πᾶσαν

2450 4448 2543 4500 καὶ
2582 4449 2677 4520 τὴν
2731 4451 2823 4505 τοῦ
2883 4454 3174 4528 ἀνθρώπου
3222 4469 3594 4536 κατασκευὴν,
3654 4472 3754 4524 οὐκ
3812 4476 4024 4543 ἀγαθοῦ

768 4541 917 4603 dere,
949 4539 1150 4609 quippe
1183 4554 1304 4608 quae.
1334 4539 1403 4592 sit
1438 4538 1780 4608 corruptioni
1813 4549 1866 4594 et
1903 4541 2194 4596 mutationi
2246 4544 2343 4598 ob-
2375 4544 2419 4600 D

2375 4544 2419 4600 ι)
2449 4554 2592 4602 τινος
2637 4543 2942 4615 γεγονέίναι
2997 4546 3134 4602 Θεοῦ
3168 4551 3235 4624 ⁸⁷]
3268 4553 3609 4628 βλασφημῶν
3678 4562 3783 4617 ὑπὸ
3814 4538 4023 4637 φθορὰν

767 4631 958 4693 noxia,
990 4646 1186 4684 novam
1226 4639 1282 4683 ut
1324 4646 1352 4683 a
1406 4629 1549 4684 bono
1585 4630 1835 4685 videlicet
1888 4630 1997 4688 Deo
2045 4635 2341 4704 proceden-

767 4733 872 4777 tem
908 4721 1165 4784 admittit,
1199 4732 1251 4775 et
1299 4737 1393 4792 per
1448 4723 1684 4791 speciem
1718 4735 1773 4778 et
1826 4724 2002 4780 visum
2061 4726 2339 4783 Christum

766 4813 1082 4884 apparuisse
1151 4813 1455 4869 contendit.
1517 4812 1744 4881 Insuper
1812 4813 1942 4878 his,
1991 4818 2342 4874 exsecrabili-

763 4907 864 4958 bus
899 4906 1254 4973 turpibusquc
1290 4903 1596 4958 recessibus
1647 4913 1700 4957 et
1733 4905 2014 4962 nocturnis
2061 4908 2232 4976 orgiis
2287 4919 2342 4964 et

763 4996 947 5067 impiis
1002 4992 1245 5048 famosus
1295 4993 1676 5047 concubitibus
1708 5033 1722 5056 ,
1763 4992 1994 5048 nefanda
2061 4995 2332 5062 facinora,

762 5098 816 5142 et
844 5088 1039 5149 fatum,
1071 5096 1123 5140 et
1179 5099 1246 5140 ex
1290 5084 1606 5152 corporibus
1647 5083 1769 5138 aliis
1828 5084 1881 5138 in
1940 5087 2042 5139 alia
2100 5102 2334 5158 corpora

763 5181 1066 5236 animarum
1136 5179 1534 5251 migrationes,
1592 5187 1644 5232 et
1703 5179 1854 5248 plura
1914 5180 2016 5232 alia
2088 5181 2334 5248 garriens

759 5281 813 5329 et
871 5273 1079 5328 faciens
1126 5284 1179 5327 et
1232 5274 1461 5337 docens,
1520 5272 1718 5341 impius
1774 5272 1877 5325 iste
1929 5283 1980 5324 et
2036 5272 2332 5328 sceleratus

2447 4630 2542 4683 καὶ
2602 4633 2888 4690 ἀλλοίωσιν
2959 4639 3149 4709 οὖσαν,
3214 4646 3313 4718 τὴν
3361 4650 3489 4703 νέαν
3513 4653 3587 4716 ὡς
3618 4630 4023 4729 ἀγαθοῦ-δῆθεν

2448 4724 2729 4793 προσίεται
2769 4728 2811 4759 ⁸⁸
2835 4728 2991 4795 Θεοῦ,
3019 4733 3110 4785 καὶ
3139 4737 3279 4790 κατὰ
3312 4743 3614 4807 φαντασίαν
3658 4747 3752 4798 καὶ
3798 4747 4023 4819 δόκησιν

2443 4816 2535 4868 τὸν
2584 4818 2817 4889 Χριστὸν
2869 4826 3165 4896 πεφηνέναι
3199 4831 3241 4862 ¹⁹
3286 4837 3670 4904 τερατεύεται·
3729 4839 3824 4892 καὶ
3884 4816 4022 4911 πρὸς

2443 4909 2654 4971 τούτοις
2695 4913 3022 4978 καταδύσεις
3069 4919 3220 4982 τινὰς
3273 4924 3509 4991 ἐναγεῖς,
3571 4927 3666 4979 καὶ
3696 4935 4022 5000 νυκτερινὰς

2442 4999 2720 5066 τελευτὰς,
2753 5004 2848 5056 κα)⁵
2900 5009 3251 5078 παρανόμους
3287 5014 3651 5084 ἐπιτηδεύσας
3696 5019 3894 5089 μίξεις,
3925 5027 4020 5076 καὶ

2443 5092 2864 5163 ἁρῤητοποιίας,
2911 5099 3006 5151 καὶ
3032 5101 3377 5174 είμαρμένην
3418 5107 3486 5171 ⁸ο,
3526 5109 3621 5161 καὶ
3660 5127 4019 5181 μετενσωμα-

2441 5181 2663 5247 τώσεις,
2706 5187 2804 5238 καὶ
2835 5187 2971 5241 ἄλλα
3028 5190 3257 5246 πλεῖστα
3293 5195 3334 5225 ’⁸
3365 5199 3690 5268 φλυαρήσας
3740 5203 3856 5270 (καὶ
3885 5203 4017 5271 δρά-

2443 5275 2590 5342 σας,)
2616 5278 2711 5327 καὶ
2762 5277 3003 5343 διδάξας,
3039 5283 3106 5335 τὰ
3136 5284 3244 5336 τῶν
3296 5287 3563 5358 Ἑλλήνων
3590 5294 3803 5362 πονηρᾶ
3843 5296 3886 5326 ¹¹
3917 5296 4017 5348 καὶ

1940 5409 2473 5473 νωίωίροιίυηρε
2518 5424 2576 5473 et
2625 5425 2814 5477 nolte.

828 5535 848 5564 ⁸
885 5533 1420 5616 ἐρανιζόμξνοςηϐιῗιι.
1464 5533 1817 5616 ,³.μαιμηνὸς
1851 5538 1970 5616 ειη),

758 5608 776 5639 '
809 5601 925 5657 τῶν
967 5601 1215 5670 κεφαλῶν
1256 5601 1385 5654 Ccd.
1463 5603 1482 5631 ’⁸
1531 5601 1726 5666 liuida;
1777 5611 1803 5657 ε,
1859 5608 1988 5660 (λυ,

759 5679 798 5707 ⁸³
827 5693 878 5742 γ.
916 5672 994 5740 τῷ
1058 5673 1156 5741 υἱῴ
1292 5670 1559 5742 -πῴξενον
1597 5676 1724 5726 (Sed.
1805 5678 1846 5707 ”
1885 5680 1967 5729 ἀν.
2002 5678 2157 5730 τοῦτο
2181 5682 2299 5732 cod.

2406 5687 2422 5710 ‘
2453 5683 2543 5734 τὸν
2574 5684 2737 5736 παῖδα
2769 5683 2899 5739 Ccd.

2051 5541 2070 5568 ⁵
2116 5540 2224 5590 τῶν
2279 5542 2590 5611 μυστηρίων
2638 5542 2770 5596 Cetl.
2847 5545 2865 5575 ⁸
2892 5548 2948 5598 τό
2981 5547 3104 5600 add.
3147 5548 3276 5604 Cctl.
3354 5554 3374 5583 ‘
3406 5554 3514 5606 τῶν
3556 5555 3727 5626 θησαν

2066 5613 2085 5639 ⁵
2118 5613 2206 5660 καὶ
2262 5614 2526 5662 κατετέθη
2578 5611 2708 5662 Οϐιί.
2795 5616 2836 5645 ¹⁰
2875 5617 3182 5662 Κθυάοικον
3242 5622 3348 5662 ίῖριΙ
3452 5625 3493 5653 ιι
3544 5630 3727 5662 sumi...

2335 5542 2590 5611 icaqpiow
2638 5542 2770 5596 (led.
2847 5545 2865 5575 ⁸
2892 5548 2948 5598 τό
2981 5547 3104 5600 add.
3147 5548 3276 5604 Ccd.
3354 5554 3374 5583 ‘
3406 5554 3514 5606 τῶν
3556 5555 3846 5626 θησαυρῶν
3880 5562 4011 5616 Ced.

2337 5614 2526 5662 τετέοῇ
2578 5611 2708 5662 CCII.
2795 5616 2836 5645 ¹⁰
2875 5617 3182 5662 Κουάοικον
3242 5622 3348 5662 ίῖριΙ
3452 5625 3493 5653 ιι
3544 5630 3835 5662 sumtum-..
3885 5635 3987 5662 Am.

2118 5616 2206 5660 καὶ
2262 5616 2528 5681 κατετέθη

2578 5611 2708 5686 (Sed.
2781 5616 2836 5686 _‘°
2875 5617 3182 5686 Κουάρικον
3242 5622 3371 5676 Ced.
3452 5625 3493 5653 “

3544 5630 3835 5697 γενόμενον
3884 5635 3987 5687 cod
3999 5674 4014 5687 .

2985 5688 3026 5717 ”
3054 5690 3145 5740 καὶ
3176 5690 3226 5743 ύ.
3251 5708 3302 5744 τ.
3333 5692 3466 5747 (led.

3549 5698 3590 5726 ¹⁶
3626 5697 4018 5767 ἐμϐρόντιστος

755 5740 874 5798 ωδ,
955 5744 996 5773 ιτ
1028 5758 1082 5807 γ.
1113 5740 1246 5830 Θεοῦ
1278 5740 1408 5795 Cetl.
1489 5745 1529 5772 "‘
1552 5748 1828 5812 προσιέναι
1858 5751 1978 5801 cod.
2061 5750 2099 5779 ¹⁹
2128 5750 2425 5817 πεφυκέναι

2340 5769 2425 5803 ναι
2459 5752 2586 5806 (Σεύ.
2668 5754 2712 5784 ³ο
2753 5755 3088 5827 είμαρμένας
3340 5740 4013 5830 ῖῖῶιιονὶἓέἓῖἻῖ

755 5815 846 5866 καὶ
890 5814 1091 5882 μάταια.
1116 5812 1164 5864 δ.
1193 5811 1320 5866 Ced.
