4244 6444
229 425 335 489 557

1405 413 1868 476 CHRONICON.
1910 437 1976 449 -
2016 410 2162 470 LIB.
2211 410 2322 468 III.

3380 409 3488 473 558

230 536 368 588 ἄθεα
399 533 644 602 οόγματα
694 528 982 600 κρατύνειν
1034 526 1362 590 ἐσπούδαζεν
1390 527 1435 556 ’³
1473 527 1502 578 ὁ
1548 525 1809 597 θεομισὴς
1841 534 1883 590 Α

1841 534 1883 590 Α
1914 522 2088 579 malas
2137 532 2192 576 et
2238 521 2431 591 impias
2478 521 2789 583 Graecorum
2825 523 3106 580 doctrinas
3159 520 3485 578 conﬁrmare.

230 627 328 678 xxi.
359 626 638 694 θεήλατος.

304 717 382 784 (5)
421 715 557 786 Περὶ
587 710 650 769 οὗ
685 730 817 783 φησι
847 711 942 766 καὶ
965 711 1240 778 Θεόδωρος
1270 711 1637 782 πρεσϐύτερος
1661 711 1689 760 ὁ
1710 711 1807 776 τῆς

239 807 459 862 Ῥαῑθοῦ
489 821 502 834 ’
533 824 552 857 ι
583 804 777 874 Μάνης
808 805 838 854 ὁ
867 802 962 855 τοῦ
1009 801 1293 854 ἀντιθέτου
1326 801 1553 860 σκότους
1581 797 1810 866 ὲφευρέ·

227 916 356 967 της,
395 897 596 966 μᾶλλον
633 895 690 947 δὲ
731 894 831 961 τῆς
864 892 1116 958 ἐξουσίας
1162 891 1256 944 τοῦ
1308 889 1534 949 σκότους
1562 887 1808 944 ἀνάπλα-

232 1007 369 1058 apta,
397 987 668 1058 φαντασίᾳ
696 987 743 1020 ’δ
771 985 902 1056 ψιλῇ
930 984 1024 1036 καὶ
1071 984 1311 1053 σχήματι
1352 980 1585 1050 διακένῳ
1628 979 1812 1050 σώμα-

229 1097 324 1142 τος
351 1079 693 1149 ἀνθρωπείου
743 1074 1169 1144 πεφανερῶσθαι
1208 1075 1300 1128 τὸν
1353 1075 1562 1144 Κύριον
1583 1071 1814 1141 ὲφαντάο

231 1169 337 1240 σθη
369 1171 461 1221 καὶ
486 1168 793 1239 ὠνείρωξεν
817 1182 830 1195 ’
860 1168 1025 1231 ὥστε,
1054 1165 1188 1235 φησὶ
1218 1167 1284 1230 ³⁵,
1319 1165 1550 1234 πάσχειν
1594 1162 1695 1234 μὲν
1721 1162 1811 1216 δο-

231 1264 355 1314 κεῖν
380 1260 542 1314 αὑτὸν
569 1260 664 1313 καὶ
697 1257 960 1328 πράττειν
985 1257 1128 1325 ἆπερ
1154 1255 1284 1326 ἔδρα
1312 1255 1408 1308 καὶ
1436 1254 1672 1308 πέπονθε
1691 1252 1810 1306 καθ’

233 1354 408 1422 ἡμᾶς,
464 1351 631 1420 μηδὲν
656 1351 700 1382 ’⁸
721 1351 779 1404 δὲ
833 1349 1040 1403 τούτων
1101 1347 1332 1418 ἀληθείᾳ
1385 1348 1482 1401 καὶ
1525 1347 1812 1417 πράγματι

230 1440 399 1510 364
425 1440 698 1510 ὑπάρξαι,
733 1440 873 1493 ἀλλὰ
925 1439 1150 1508 δοκήσει
1211 1439 1372 1507 μόνον
1422 1439 1520 1491 καὶ
1553 1438 1596 1468 ⁸⁷
1624 1437 1816 1509 ἀπάτῃ

232 1532 632 1584 ἀποϐουκολεῖν
681 1531 810 1593 τοὺς
847 1529 1200 1600 ἀνθρώπους,
1226 1526 1309 1593 οἷς
1359 1528 1454 1582 καὶ
1483 1525 1814 1597 συνανετρά-

231 1622 374 1690 φθαι
405 1623 448 1652 ’⁸
490 1621 825 1691 νενόμισται.
845 1619 945 1672 Διά
973 1619 1132 1674 τοῦτο
1157 1619 1254 1672 καὶ
1273 1618 1464 1689 φύσεις
1489 1619 1584 1673 δύο
1616 1633 1817 1688 παραι-

234 1716 416 1767 τεῖται
471 1712 654 1778 λέγειν
707 1711 837 1780 περὶ
891 1710 988 1763 τοῦ
1043 1709 1256 1781 Κυρίου
1280 1747 1296 1775 ,
1327 1709 1464 1763 ἀλλά
1494 1709 1622 1780 μίαν
1643 1708 1687 1742 ⁸⁸
1716 1707 1817 1777 τῆς

233 1803 517 1869 Θεότητος.
557 1819 576 1852 ι

311 1895 357 1924 ³⁸
391 1866 468 1963 i4)
515 1912 531 1943 ί
564 1893 773 1954 Παῦλος
810 1892 867 1945 δέ
887 1910 970 1955 τις
992 1891 1073 1962 τῷ
1100 1891 1337 1946 Μάνεντι
1367 1889 1544 1961 τούτῳ
1583 1891 1815 1959 σύγχρο-
1845 1866 1890 1926 Β

235 2004 328 2049 νος
351 1985 616 2055 γεγονὼς,
644 1987 704 2038 τὸ
734 1989 890 2054 γένος
929 1986 1030 2054 μὲν
1056 1985 1432 2055 Σαμοσατιὺς,
1482 1982 1816 2052 Ἀντιοχείας

231 2077 292 2128 δὲ
351 2079 452 2145 τῆς
517 2075 763 2145 μεγάλης
827 2076 1111 2147 πρόεδρος,
1153 2075 1311 2144 ψιλὸν
1346 2069 1490 2128 εἶναι
1525 2072 1817 2144 ἄνθρωπον

233 2167 331 2219 τὸν
364 2166 570 2237 Κύριον
601 2168 642 2199 ³⁸
670 2167 1091 2236 ἑὸυσφήμησενο
1125 2165 1319 2235 ὥσπερ
1374 2164 1432 2217 δὲ
1462 2166 1542 2225 sl;
1585 2164 1818 2217 ἕκαστον

235 2258 351 2309 τῶν
382 2257 700 2328 προφητῶν,
720 2254 865 2310 οὕτω
897 2257 990 2309 καὶ
1035 2257 1094 2308 ἐν
1124 2254 1276 2325 αὐτῷ
1331 2254 1663 2326 γεγενῆσθαι
1722 2253 1818 2306 τοῦ

233 2347 377 2399 Θεοῦ
438 2349 615 2414 Λόγου
667 2347 768 2418 τὴν
805 2347 1051 2416 οἷκησινυ
1089 2346 1242 2401 ἐνθεν
1275 2347 1318 2378 ³¹
1361 2346 1457 2401 καὶ⁷
1502 2346 1597 2400 δύο
1628 2344 1819 2414 φύσεις

234 2439 593 2509 διῃρημένως
625 2437 856 2508 ἐχούσας
896 2440 991 2492 καὶ
1027 2438 1431 2506 ἀκοινωνήτους
1458 2436 1595 2515 πρὸς
1623 2436 1820 2498 ἑαυτὰς

237 2523 385 2580 εἶναι
418 2530 766 2582 παντάπασιν
819 2531 876 2582 ὲν
908 2528 1150 2599 Χριστῷ,
1178 2529 1253 2590 ὡς
1277 2527 1437 2582 ἄλλου
1460 2527 1612 2591 ὄντος
1639 2528 1685 2560 ⁸³
1722 2528 1823 2580 αὑ-

237 2621 336 2673 τοῦ
369 2621 466 2672 τοῦ
493 2622 756 2690 Χριστοῦ,
801 2622 896 2674 καὶ
940 2621 1101 2674 ἄλλου
1140 2619 1235 2673 τοῦ
1268 2621 1326 2671 ἐν
1380 2619 1530 2689 αῦτῷ
1563 2619 1608 2650 ³⁵
1638 2637 1822 2673 κατοι-

240 2711 466 2773 κοῦντος
504 2713 640 2765 θεοῦ
669 2713 869 2780 Λόγου.
915 2707 1088 2766 Αὗται
1115 2713 1215 2783 μὲν
1258 2711 1351 2765 οὖν
1384 2713 1441 2766 αἱ
1468 2712 1682 2784 πρῶται
1713 2731 1825 2780 φω-

240 2808 333 2858 ναὶ
375 2807 420 2837 ⁸⁸
445 2807 538 2858 τοῦ
570 2808 700 2874 μίαν
726 2808 888 2873 φύσιν
915 2808 1010 2859 καὶ
1034 2807 1130 2869 τὰς
1159 2805 1253 2859 δύο
1287 2806 1473 2867 κακῶς
1502 2806 1597 2858 καὶ
1621 2806 1827 2874 δυσφή-

244 2915 367 2967 μιος
401 2900 494 2950 ἐπὶ
525 2897 762 2967 Χριστοῦ
792 2899 835 2928 ³⁸
872 2897 1148 2965 λέγεσθαι,
1181 2896 1241 2948 τὸ
1275 2895 1374 2964 μὲν
1410 2893 1498 2946 ἐπ’
1546 2895 1826 2966 ἀναιρέσει

241 2989 346 3056 τῆς
377 2988 653 3056 θεότητος,
686 2989 746 3040 τὸ
774 2987 831 3040 δὲ
867 2988 908 3018 ³⁷
936 2987 1376 3056 ἀνθρωπότητος.
1413 3004 1432 3037 ι

639 3101 799 3154 PEI".
819 3101 958 3168 Περὶ
991 3100 1468 3166 Ἀπολλιναρίου.

1913 613 2217 682 satagebat.

1981 705 2057 760 De
2105 717 2171 759 eo
2235 703 2477 773 loquitur
2501 713 2556 761 et
2592 705 2914 762 Theodorus
2951 705 3234 775 presbyter
3266 701 3482 758 thaeti:

1917 816 1935 849 ι
1979 797 2182 860 Manes,
2215 796 2590 866 oppositarum
2627 798 2975 854 tenebrarum
3025 798 3294 860 inventor,
3325 795 3487 864 quin~

1912 890 2023 944 imo
2057 890 2338 958 potestatis
2397 891 2747 945 tenebrarum
2781 891 3021 958 plasma,
3047 887 3222 943 l'orma
3253 888 3401 943 tenui
3432 897 3486 941 ct

1913 983 2094 1052 specie
2125 983 2274 1037 inani
2305 983 2533 1038 humani
2579 984 2829 1052 corporis
2859 982 3179 1054 apparuisse
3205 979 3484 1036 Christum

1916 1072 2074 1128 ﬁnxit
2097 1081 2150 1126 et
2173 1074 2484 1129 somniavit.
2505 1077 2586 1130 Ita
2608 1073 2741 1129 dicit
2766 1075 2876 1144 pati
2903 1075 3118 1144 quidem
3143 1073 3312 1129 videri
3335 1072 3487 1126 illum

1914 1175 1968 1220 et
2008 1177 2169 1234 agere
2212 1178 2332 1234 quae
2379 1165 2505 1220 fecit
2556 1175 2606 1221 et
2641 1179 2838 1236 passus
2873 1172 2959 1220 est
2998 1165 3152 1234 juxta
3181 1178 3306 1230 nos,
3349 1162 3490 1218 nihil

1917 1269 2052 1309 vero
2082 1255 2278 1309 horum
2328 1271 2516 1310 revera
2561 1256 2769 1312 factum
2800 1271 2943 1320 esse,
2979 1255 3076 1311 sed
3104 1254 3361 1325 opinione
3397 1267 3491 1309 so.

1916 1347 2030 1403 lum
2061 1357 2115 1402 et
2140 1346 2356 1402 fallacia
2392 1346 2676 1403 seduxisse
2707 1350 2953 1405 homines
2981 1348 3311 1419 quibuscum
3347 1360 3492 1400 con-

1916 1450 2165 1496 versatus
2188 1454 2309 1496 esse
2341 1440 2694 1508 credebatur;
2726 1441 2960 1511 ideoque
2985 1440 3120 1495 duas
3151 1439 3218 1494 de
3269 1437 3492 1493 Christo

1918 1543 2144 1589 naturas
2192 1534 2376 1590 dicere
2432 1535 2636 1602 renuit,
2684 1535 2778 1592 sed
2816 1534 2990 1591 solam
3036 1533 3276 1588 divinam
3327 1544 3495 1601 agnoo

1918 1625 2043 1682 scit.
2074 1643 2095 1678 ι

1993 1922 2014 1957 ι
2060 1902 2265 1958 Paulus
2309 1910 2491 1957 autem
2543 1901 2764 1971 quidam
2792 1938 2809 1966 ,
2860 1901 2949 1957 isti
3007 1912 3496 1970 eontemporaneus

1923 1996 2086 2060 Mani,
2142 2008 2341 2067 genere
2399 1993 2616 2063 quidem
2671 1992 3119 2060 Samosatensis,
3193 1993 3498 2049 Antiochize

1923 2096 2108 2142 autem
2149 2099 2364 2156 magna:
2397 2085 2653 2149 antistes,
2685 2084 2973 2139 Dominum
3005 2099 3217 2140 merum
3246 2100 3369 2141 esse
3398 2085 3496 2138 ho-

1921 2179 2122 2232 minem
2176 2177 2338 2244 impie
2390 2176 2661 2240 asseruit;
2707 2177 2870 2231 sicuti
2935 2186 3116 2231 autem
3171 2177 3226 2230 in
3258 2178 3500 2246 quolibet

1920 2269 2330 2340 pr0phetarum,
2362 2271 2436 2324 ita
2473 2277 2530 2324 et
2563 2269 2618 2323 in
2651 2268 2747 2324 illo
2782 2266 3018 2324 Verbum
3051 2268 3144 2324 Dei
3185 2269 3496 2332 habitasse;

1924 2362 2052 2418 inde
2077 2362 2215 2417 duas
2247 2371 2473 2416 naturas
2507 2362 2792 2417 distinctas
2847 2371 2904 2416 et
2951 2361 3499 2416 iucommunicabilcs

1925 2454 2068 2509 inter
2081 2469 2140 2509 se
2161 2467 2282 2508 esse
2303 2453 2527 2508 omnino
2557 2454 2608 2508 in
2630 2453 2870 2518 Christo,
2885 2453 3044 2522 quasi
3062 2468 3202 2508 unus
3226 2466 3368 2510 esset
3387 2454 3503 2523 ipse

1923 2546 2196 2611 Christus,
2220 2545 2356 2602 alter
2376 2545 2430 2598 in
2460 2545 2579 2615 ipso
2609 2546 2863 2601 habitans
2885 2544 2978 2600 Dei
3006 2543 3373 2601 VerbumJla:
3401 2547 3502 2616 igi-

1927 2648 2018 2692 tur
2075 2638 2266 2706 primae
2299 2651 2466 2691 voces
2519 2637 2603 2690 vel
2645 2636 2862 2691 unicam
2903 2646 3178 2701 naturam,
3211 2638 3294 2692 vel
3339 2639 3499 2700 duas,

1925 2727 2021 2780 sed
2068 2741 2232 2780 sensu
2287 2726 2430 2778 malo
2477 2736 2533 2778 et
2579 2724 2769 2793 impio,
2824 2725 2892 2779 de
2940 2724 3162 2780 Christo
3217 2726 3500 2790 dixerunt,

1927 2815 2077 2869 aliud
2109 2816 2326 2884 quidem
2361 2816 2427 2869 ad
2466 2815 2759 2869 tollendam
2794 2813 3156 2882 divinitatem,
3188 2816 3334 2870 aliud
3373 2830 3502 2871 vero

1930 2909 1995 2962 ad
2031 2908 2320 2962 tollendam
2361 2907 2776 2961 humanitatem.
2823 2925 2842 2958 ι

2342 3106 2573 3162 CLXIII.
2616 3108 2692 3162 De
2729 3109 3085 3177 Apollinario.

320 3216 366 3245 ³⁸
413 3234 430 3266 ι
471 3215 561 3267 Ἐν
587 3215 644 3267 δὲ
677 3216 790 3278 τοῖς
821 3215 947 3284 ἑξῆς
1007 3214 1221 3284 χρόνοις
1274 3211 1685 3280 Ἀπολλινὰριός
1742 3228 1825 3270 τις
1856 3199 1897 3255 C

1824 3199 1897 3255 κο
2005 3234 2022 3265 ι
2063 3215 2117 3267 In
2165 3217 2520 3284 sequentibus
2567 3228 2747 3272 autem
2806 3219 3165 3289 temporibus,
3221 3222 3500 3292 Apollina-

247 3306 464 3374 ἀνεφύη
493 3307 560 3370 ³³.
589 3306 858 3376 πρόεδρος
887 3304 1208 3366 Λαοδικείας
1229 3303 1329 3373 τῆς
1355 3303 1576 3373 Συρίας.
1602 3318 1826 3371 ματαιο-

247 3397 529 3467 φροσύνης
559 3397 752 3467 ἑτέρας
799 3398 1147 3466 ἡγησάμενος
1182 3396 1226 3425 ⁸⁸
1252 3409 1270 3430 ο
1306 3394 1416 3448 τῶν
1451 3393 1560 3466 γὰρ
1604 3395 1824 3464 Ἀρεια-

251 3488 362 3540 νῶν
385 3487 592 3556 ἄψυχον
626 3489 802 3556 πάντη
829 3486 1097 3553 λεγόντων
1123 3486 1221 3556 τὴν
1251 3484 1345 3538 τοῦ
1381 3486 1587 3554 Κυρίου
1624 3484 1824 3554 σάρκα,

251 3580 416 3642 αὐτὸς
449 3578 576 3647 ἔφη,
611 3579 694 3631 ὅτι
718 3577 895 3646 σάρκα
927 3577 1026 3645 μὲν
1047 3575 1457 3646 ἐμψυχωμένην
1483 3575 1523 3605 ⁶¹
1550 3574 1698 3644 ψυχῇ
1724 3573 1828 3637 ζω-

253 3675 379 3742 τικῇ
413 3671 676 3724 ἀνέλαϐεν
706 3672 732 3722 ὁ
761 3670 988 3740 Κύριος,
1021 3669 1147 3721 νοῦν
1205 3669 1262 3722 δὲ
1299 3669 1391 3721 τὸν
1447 3668 1718 3736 ἡμέτερον
1767 3666 1828 3718 οὑ

252 3764 598 3834 προσήκατο,
629 3761 765 3831 μηδὲ
792 3763 900 3829 γάρ
943 3760 1204 3830 δεηθῆναι
1242 3760 1312 3791 ⁸¹⁶
1348 3774 1517 3830 φησιν
1544 3758 1588 3790 ⁸⁸
1615 3757 1830 3827 ἐκείνην

254 3853 602 3924 ἀνθρωπείου
661 3851 802 3916 νοὸς,
839 3850 1323 3920 ήγεμονευομένην
1380 3850 1490 3902 ὑπὸ
1533 3846 1628 3901 τοῦ
1663 3845 1833 3916 αὐτὴν

253 3946 599 4006 ἐνδεδυκότος
642 3941 780 3995 Θεοῦ
831 3943 1031 4009 Λόγου,
1081 3939 1219 3993 ἀλλά
1265 3939 1398 4010 μηδὲ
1427 3940 1628 4008 χωρεῖν
1660 3937 1831 4008 αὐτὴν

255 4033 428 4103 ἄλλην
480 4032 676 4102 νοεράν
702 4030 934 4100 δύναμιν
964 4029 1116 4099 παρά
1149 4029 1252 4098 τὴν
1284 4027 1458 4080 θείαν.
1484 4026 1671 4081 Ταῦτα
1695 4027 1830 4079 ὑπο-

257 4129 486 4195 θέμενος
545 4125 874 4178 διατείνεται
933 4125 1063 4194 μίαν
1096 4123 1261 4192 φύσιν
1284 4123 1330 4154 “
1361 4119 1500 4176 εἶναι
1534 4123 1629 4174 τοῦ
1657 4123 1830 4188 Λόγου

259 4216 404 4291 [καὶ]
460 4217 558 4284 τῆς
597 4216 799 4287 σαρκὸς
831 4215 1001 4281 ⁸⁸,ὠς
1050 4217 1144 4268 ἆτε
1202 4215 1302 4284 τῆς
1356 4213 1557 4284 σαρκὸς
1610 4213 1833 4278 ἀτελοῦς

257 4308 427 4376 οῦσης
453 4309 532 4369 εἰς
564 4305 657 4360 τὸν
685 4306 976 4376 ἄνθρωπον
1007 4305 1076 4371 ⁸³,
1103 4306 1197 4357 καὶ
1234 4304 1321 4358 διὰ
1337 4303 1494 4358 τοῦτο
1513 4303 1589 4374 μὴ
1611 4301 1766 4369 ἀξίαν
1789 4305 1832 4335 ⁵⁸

258 4401 428 4468 φύσιν
466 4398 852 4469 ὀνομάζεσθαι.
901 4415 920 4450 ι

481 4509 642 4567 ΡΞΔ’.
676 4509 817 4578 Περὶ
843 4506 1147 4574 Θεοδώρου
1179 4507 1625 4575 Μοψουεστίας.

334 4623 496 4695 365
522 4624 564 4654 ιτ
607 4641 625 4674 ι
662 4621 795 4676 Μεθ’
826 4622 886 4675 δν
913 4621 1272 4689 ἀναφαίνεταί
1302 4637 1384 4684 τις
1414 4620 1711 4686 Θεόδωρος,
1734 4623 1830 4691 τῆς

260 4716 500 4783 Mota-{pou
513 4713 557 4744 ⁸⁸
572 4713 778 4777 εστιας,
791 4711 999 4774 πόλεως
1015 4715 1073 4765 ἐν
1084 4714 1149 4782 τῇ
1165 4711 1404 4782 Κιλικίᾳ,
1420 4712 1520 4782 τὴν
1537 4714 1636 4782 ὴγε
1645 4710 1830 4780 μονὶαν

261 4809 446 4877 λαχών
471 4825 484 4839 ’
512 4807 655 4878 (97b)
684 4807 774 4859 καὶ
804 4809 867 4858 ὲκ
883 4805 1176 4874 διαμέτρου
1201 4804 1278 4872 τῷ
1320 4802 1718 4874 Ἀπολλιναρίῳ
1735 4820 1832 4873 φε-

271 4903 501 4971 ρόμενος
557 4899 745 4970 ὕϐρεις
775 4899 837 4951 οὐ
869 4898 966 4959 τὰς
1001 4897 1268 4966 τυχούσας
1297 4896 1545 4966 τολμηρᾷ
1567 4883 1717 4966 ψυχῇ
1741 4896 1833 4949 καὶ

268 4994 460 5062 ἁψόεῳ
479 4993 677 5062 καρδίᾳ
711 4990 966 5060 καταχέει
997 4989 1091 5042 τοῦ
1135 4988 1403 5041 Δεσπότου
1450 4987 1709 5056 Χριστοῦ,
1744 4987 1835 5040 ἀν·

1856 4532 1910 4593 D

1930 3302 2045 3358 rius
2096 3304 2316 3373 quidam
2370 3307 2630 3371 surrexit,
2685 3306 2918 3364 antistes
2970 3308 3254 3366 Laodicea
3305 3311 3501 3383 Syriae,

1929 3393 2022 3464 qui
2059 3393 2221 3446 aliam
2276 3393 2605 3463 excogitavit
2637 3392 2932 3450 insaniam.
2980 3397 3200 3454 Arianis
3229 3398 3375 3454 enim
3415 3401 3502 3454 di-

1930 3484 2184 3539 centibus
2227 3485 2349 3540 sine
2392 3485 2576 3540 anima
2608 3484 2814 3541 Christi
2848 3502 3070 3543 carnem
3103 3504 3334 3558 prorsus
3360 3504 3504 3557 esse,

1931 3578 2074 3632 dixit
2106 3578 2212 3633 iste
2246 3576 2537 3632 Dominum
2560 3579 2928 3648 assumpsisse
2954 3578 3174 3649 quidem
3206 3580 3503 3637 animatam

1932 3669 2082 3724 vitali
2133 3683 2354 3724 carnem
2388 3668 2595 3735 anima,
2636 3679 2871 3724 mentem
2915 3685 3046 3726 vero
3100 3683 3343 3728 nostram
3392 3688 3504 3729 non

1932 3760 2227 3832 recepisse.
2271 3758 2409 3815 Huic
2456 3760 2628 3824 enim,
2672 3759 2871 3830 inquit,
2902 3761 3100 3818 anima:
3152 3762 3356 3820 Christi
3403 3765 3507 3820 hu-

1932 3867 2094 3908 mana
2148 3851 2509 3922 intelligentia
2582 3868 2930 3923 nequaquam
2983 3869 3124 3925 opus
3170 3865 3278 3924 est,
3306 3858 3507 3929 quippe

1933 3957 2056 4012 quae
2093 3943 2364 4011 dirigatur
2399 3941 2496 3997 Dei
2550 3941 2732 3998 Verbo
2780 3944 2956 4014 ipsam
3014 3957 3360 4017 penetrante,
3402 3965 3506 4005 nec

1935 4033 2100 4088 aliam
2137 4034 2558 4090 intellectualem
2593 4035 2701 4090 vim
2748 4037 2942 4107 recipit
2973 4038 3084 4094 nisi
3114 4039 3376 4097 divinam.
3406 4041 3506 4098 llis

1935 4126 2168 4196 positis,
2223 4126 2458 4180 allirmat
2517 4143 2681 4180 unam
2738 4142 2861 4183 esse
2919 4137 3176 4186 naturam
3236 4129 3398 4188 Verbi
3449 4143 3504 4189 et

1936 4215 2142 4278 carnis,
2174 4214 2372 4285 quippe
2403 4229 2527 4270 cum
2576 4229 2708 4271 caro
2737 4215 3055 4287 imperfecta
3087 4221 3159 4275 sit
3199 4221 3265 4276 ad
3297 4222 3504 4278 consti-

1937 4304 2202 4361 tuendum
2259 4304 2560 4372 hominem,
2593 4315 2646 4362 et
2693 4306 2813 4362 ideo
2862 4322 2970 4362 non
3022 4309 3186 4380 digna
3219 4319 3506 4380 reputetur

1938 4405 2145 4450 naturae
2175 4397 2415 4451 nomine.
2461 4416 2479 4449 ι

2205 4504 2432 4561 CLXIV.
2478 4506 2552 4563 De
2585 4506 2854 4562 Theodoro
2894 4509 3258 4578 Mapsuutirz.

2011 4617 2144 4672 Post
2191 4619 2344 4672 illum
2395 4629 2618 4688 apparet
2650 4621 2872 4688 quidam
2899 4620 3224 4679 Theodorus
3255 4624 3503 4695 Mopsue-

1950 4708 2138 4771 stiam,
2164 4708 2369 4762 Ciliciae
2402 4710 2697 4774 civitatem,
2732 4712 3019 4780 regendam
3053 4713 3300 4770 sortitus.
3323 4715 3422 4771 llic
3442 4732 3503 4772 ex

1940 4799 2212 4853 diametro
2272 4814 2398 4853 cum
2452 4800 2794 4868 Apollinario
2846 4817 2906 4856 se
2965 4803 3213 4872 habens,
3276 4806 3507 4875 injurias

1939 4905 2061 4960 qua:
2093 4907 2197 4943 non
2227 4901 2536 4957 congruunt
2566 4907 2691 4945 cum
2718 4895 3005 4948 conﬁdenti
3038 4896 3218 4951 anima
3259 4908 3313 4954 et
3345 4901 3508 4955 corde

1943 4984 2241 5052 impavida,
2265 4984 2491 5039 ellumlit
2510 4989 2564 5041 ln
2585 4985 2863 5041 Christum
2885 4988 3196 5057 Dominum,
3231 4991 3503 5048 hominem

1452 5123 1651 5184 Variae
1679 5123 1989 5185 lectiones
2031 5129 2091 5184 et
2123 5127 2310 5183 notae.

344 5248 744 5301 ¹³ὲσπούδακεν
787 5247 916 5301 Ced.
976 5247 1260 5312 157,140
1314 5246 1386 5300 cf.
1451 5245 1832 5299 Bibliotltecam
1869 5245 2020 5300 Main

1013 5247 1260 5312 57,140
1314 5246 1386 5300 cf.
1451 5245 1832 5299 Bibliotltecam
1869 5245 2155 5300 Maximam
2202 5243 2330 5307 VIII,
2378 5242 2483 5297 335
2515 5243 2576 5308 D,
2627 5244 2682 5297 E.

1694 5317 1736 5346 ³⁸
1766 5315 1930 5383 μηδὲν
1969 5317 2057 5368 τὸν
2085 5315 2309 5383 ἀληθείᾳ.
2330 5330 2389 5366 π.
2412 5314 2534 5383 cod.

271 5343 288 5374 ι
325 5319 659 5385 adscriptum
689 5332 786 5385 pro
815 5334 843 5366 v
868 5319 1066 5385 legens.
1146 5316 1188 5346 ³⁵
1217 5317 1307 5367 καί
1338 5316 1460 5367 add.
1485 5315 1613 5385 (Sed.

2762 5246 2806 5276 “
2841 5246 3143 5312 φαντασίαν
3186 5247 3348 5316 ψιλήν
3375 5250 3500 5304 cod.

2612 5316 2656 5343 ”
2677 5314 2731 5365 δὲ
2770 5316 2970 5382 μᾶλλον
3002 5317 3093 5367 καί
3127 5317 3254 5370 Ced.
3304 5314 3348 5351 ³⁸
3380 5335 3504 5370 συν-

759 5370 1024 5459 --λέῗῳν
1065 5385 1442 5459 salso-ﬁlled.
1474 5456 1481 5459 _
1522 5384 1564 5459 ’ξ
1600 5385 1712 5459 Τῄν
1741 5370 1861 5459 uilli.

1885 5385 2026 5459 Ced.
2097 5370 2262 5459 ":261
2285 5370 2486 5459 154552)
2512 5412 2581 5422 —
2613 5384 2746 5459 Περὶ
2770 5370 2991 5459 ’Παύλου
3021 5385 3112 5459 τοῦ
3144 5387 3504 5459 Σαμοσατέῳς

266 5453 402 5513 (Sed.
433 5455 730 5516 457,ll-20
764 5453 1104 5508 eTheodoro
1141 5455 1244 5507 535
1281 5453 1342 5518 F,
1390 5453 1658 5508 Valeriani
1715 5464 1767 5504 et
1803 5453 2028 5507 Gallinei
2073 5469 2121 5507 a.
2158 5453 2229 5505 7°.

1705 5524 1747 5554 ³⁸
1777 5541 1907 5589 φυαι
1962 5522 2092 5576 Ced.
2149 5521 2220 5575 cf.
2282 5521 2420 5591 infra
2490 5521 2696 5591 ἀνεφύη
2731 5531 2784 5576 et
2820 5539 2871 5591 ρ,
2907 5521 3089 5588 562,7,

1069 5595 1112 5625 ³³
1142 5593 1243 5648 570
1269 5594 1397 5647 Ced.
1430 5592 1553 5656 457,
1586 5592 1850 5654 21-458,8
1880 5608 1910 5645 e
1938 5592 2221 5645 Theodoro
2251 5593 2355 5646 535
2385 5590 2442 5648 I“.
2473 5591 2535 5645 G.

1309 5663 1502 5717 LLCed.
1613 5663 1659 5693 “
1707 5681 1798 5730 φα.
1829 5663 1947 5716 cod.
2025 5665 2142 5713 ηε.
2184 5686 2186 5694 ι

1309 5732 1402 5800 φύ.
1461 5732 1580 5788 cod.
1641 5732 1788 5798 ἀξιον
1839 5735 2002 5802 φησιν
2057 5731 2186 5787 Ced.

269 5529 397 5580 ald.
424 5525 554 5579 Ced.
594 5525 639 5556 ³³
665 5523 827 5576 αὑτοῦ
852 5525 899 5576 ὀ.
937 5524 1066 5578 Ced.
1141 5525 1186 5554 “
1225 5541 1279 5576 κ.
1309 5526 1366 5575 ὲν
1398 5526 1449 5576 ἀ.
1477 5524 1603 5577 Ced.

269 5598 406 5650 Ced.
493 5595 536 5625 ³⁷
565 5596 662 5662 τῆς
688 5594 811 5648 add.
848 5593 977 5646 Ced.

273 5668 341 5732 “1'
376 5665 537 5732 ὲψυχ.
571 5665 702 5717 Ced.

271 5729 431 5802 εἶναι’
466 5729 563 5786 ἀνθ
573 5749 763 5802 ρωπονί
781 5732 918 5802 Ced.
1031 5735 1078 5763 “
1094 5729 1258 5798 ἀξιον

271 5798 348 5858 ὧν
371 5802 508 5859 Ced.
547 5798 832 5869 £58,9-”.
911 5799 954 5834 “
983 5802 1170 5872 Μόψου
1192 5801 1320 5858 Ced.

813 5663 987 5734 tia—1:)”,
1021 5664 1198 5734 σάρκα
1229 5662 1502 5734 add._Ced.
1544 5732 1555 5734 _
1613 5663 1659 5734 ii

2307 5453 2350 5483 ³¹
2387 5452 2669 5521 ἄνθρωπον
2697 5452 2744 5505 ὲ.
2783 5457 2874 5507 τὸν
2905 5454 3138 5522 Χριστόν
3169 5452 3296 5509 Cétl.
3377 5457 3422 5486 "
3444 5457 3504 5511 δὲ

2307 5521 2419 5556 ,ιι-..σι
2490 5521 2695 5556 sums...
2731 5531 2780 5556 ΔΙ
2820 5539 2851 5556 η
2907 5523 3008 5556 xm
3039 5523 3070 5556 ιτ
3203 5524 3247 5556 ao
3283 5525 3502 5556 v-.--.-_-.

2149 5526 2220 5575 cf.
2282 5526 2419 5575 infra
2490 5526 2696 5591 ἀνεφύη
2731 5531 2784 5576 et
2820 5539 2871 5591 p.
2907 5526 3089 5588 562,7.
3203 5526 3247 5556 ³⁸
3281 5526 3502 5596 Χριστῷ

2102 5593 2355 5677 loro‘535
2385 5590 2442 5677 Ρ,
2629 5593 2684 5677 ⁵³⁸⁸
2721 5592 3025 5677 ὲφύηιϐθό.
3062 5594 3500 5677 Πιέεισῃγρεότ

2025 5665 2068 5694 ⁸³
2097 5665 2142 5713 ἐ.
2184 5663 2284 5732 τὴν
2325 5680 2383 5728 φ.
2423 5661 2548 5714 Ced.
2628 5662 2674 5691 “
2707 5662 3037 5732 σαρκώσεως
3059 5664 3190 5718 Ced.
3266 5665 3311 5694 “
3333 5665 3411 5724 εἰς
3442 5666 3504 5715 τὸ

2057 5731 2186 5787 Ced.
2311 5733 2351 5762 ⁵⁷
2389 5729 2512 5786 593.
2560 5763 2626 5773 —
2665 5747 2695 5788 e
2747 5733 3037 5790 Theodoro
3085 5732 3190 5789 335
3245 5731 3311 5788 ll.
3366 5731 3503 5789 Μεθ’
