4258 6440
280 398 390 465 1313

1454 404 1910 467 CIIRONICON.
1955 428 2023 442 -·-’
2066 406 2206 464 ΗΒ.
2254 405 2349 466 IV.

3432 408 3539 472 614

283 519 383 573 τοῦ
444 518 924 585 στεφανώσαντες,
985 518 1084 585 τὴν
1141 515 1271 586 περὶ.
1320 516 1385 569 τα
1438 518 1555 569 θεῐα
1621 518 1937 587 σπουδὴνΑ

1858 538 1860 557 ι
1888 522 1937 581 Α
1968 516 2379 585 uimitatemque
2410 531 2691 570 sermones
2721 518 2947 584 habens,
2982 519 3180 573 multos
3207 528 3254 573 et
3289 521 3462 575 verbis
3485 534 3539 579 et

283 612 564 679 εὐλογίαις
600 610 908 680 ἠμείψαντο
938 611 1005 664 ⁸⁷.
1040 610 1098 663 Ὀ
1148 609 1205 662 δὲ
1256 612 1384 672 τούς
1430 613 1560 681 περὶ
1591 613 1690 682 τὴν
1728 612 1859 680 ὀμό-

283 721 439 756 νοιαν
457 705 501 737 ’⁸
531 704 624 756 καὶ
652 704 971 772 συμφωνίαν
995 703 1364 771 προσαγαγὼν
1394 704 1608 771 λόγους,
1630 703 1858 766 πολλοὺς

288 794 390 863 μὲν
421 795 840 863 ὲσωφρονήσατο
864 794 908 824 ὐ
932 795 1029 846 καὶ⁸
1054 793 1235 861 λόγοις
1259 795 1355 846 καὶ
1389 794 1583 866 δώροις
1608 812 1621 826 ·
1657 796 1858 859 πολλὰς

281 885 390 956 [δὲ]
448 885 702 947 στιϐάδας
741 885 1167 957 εὐτρεπισθῆναι
1210 888 1225 917 ⁸
1273 889 1609 958 προστάξας,
1650 892 1743 942 ἐπὶ
1791 890 1852 941 τὸ

1961 606 2119 659 donis
2196 608 2262 659 ad
2294 608 2577 676 sapientia:
2634 624 2902 662 normam.
2960 610 3260 679 Multosque
3303 612 3541 670 lectulos

1964 712 2086 751 cum
2130 700 2295 751 sterni
2347 701 2805 768 praescripsisset,
2864 701 3060 754 ibidem
3114 718 3303 759 omnes
3376 707 3538 773 epulo

1960 792 2223 843 recreavit
2255 807 2268 843 :
2307 791 2583 859 digniores
2612 794 2826 861 quidem
2879 810 2993 849 sua:
3016 795 3302 864 participes
3334 814 3537 854 mensae

1959 882 2227 948 sumpsit;
2277 892 2501 939 etcteros
2546 894 2728 940 autem
2776 886 2842 940 ad
2890 887 3026 942 alias
3074 902 3292 943 mensas
3320 888 3533 958 disper-

281 976 418 1029 αὐτὸ
476 979 687 1039 πάντας
746 978 964 1031 ὲστίασε
1018 980 1079 1009 ¹⁶
1133 981 1260 1041 τοὺς
1309 981 1408 1048 μὲν
1467 980 1805 1051 ἀξιωτέρους
1837 981 1857 1011 ³
1959 976 2088 1029 litus
2114 983 2216 1028 est.

279 1070 694 1138 ὁμοτραπέζους
728 1070 929 1131 λαϐὼν,
959 1071 1085 1134 τοὺς
1117 1071 1172 1123 δὲ
1205 1072 1422 1134 λοιποῦς
1448 1075 1527 1136 εἰς
1557 1075 1658 1137 τὰς
1691 1074 1856 1138 ἄλλας

277 1162 560 1231 τραπέζας
592 1162 807 1215 διεῖλεν.

355 1253 431 1322 (4)
458 1254 807 1321 Θεασάμενος
842 1254 898 1305 δέ.
941 1270 1096 1317 τινας
1129 1256 1258 1318 τούς
1288 1255 1499 1319 δεξιοὺς
1536 1257 1854 1327 ὀφθαλμοὺς

279 1345 724 1412 ἐκκεκομμένους
760 1344 779 1373 ³
806 1346 897 1396 καὶ
950 1344 1136 1414 μαθὼν
1169 1346 1245 1408 ὡς
1290 1347 1395 1399 ὐπὸ
1438 1350 1458 1379 ⁸
1506 1349 1851 1419 Μαξιμιανοῦ

278 1435 378 1487 καὶ
429 1434 814 1505 Διοκλητιανοῦ
856 1437 876 1466 ⁸
920 1436 1009 1490 διὰ
1052 1436 1150 1505 τὴν
1196 1438 1276 1500 είς
1316 1439 1553 1509 Χριστὸν
1599 1444 1617 1473 ⁷
1668 1444 1852 1496 πίστιν

278 1528 377 1579 καὶ
440 1528 734 1595 ὁμολογίαν
794 1526 953 1580 τοῦτο
1014 1528 1339 1594 πεπόνθασι,
1402 1531 1469 1585 τά
1528 1532 1679 1602 χείλη
1737 1535 1851 1597 τοῖς

276 1621 555 1690 τραύμασι
606 1624 971 1691 προσενήνοχε
1025 1623 1540 1692 κατασπαζόμενος,
1599 1626 1850 1680 ἑλκύσειν

275 1713 488 1765 ἐκεῖθεν
520 1714 771 1779 εὐλογίαν
800 1713 879 1783 τῷ
904 1714 1168 1785 φιλήματι
1194 1716 1487 1771 πιστεύων.
1509 1716 1698 1782 υῦτως
1730 1721 1750 1752 ⁸
1780 1715 1849 1789 ἦν

276 1805 306 1854 6
346 1802 648 1871 Θαυμάσιος
695 1806 900 1866 ἐκεῖνος
930 1806 1071 1875 ἀνὴρ
1102 1804 1361 1877 εὐλαϐείᾳ
1408 1808 1502 1860 καὶ
1532 1808 1715 1862 πίστει
1754 1814 1848 1863 καὶ

279 1896 720 1965 μετριοφροσύνῃ
755 1898 1262 1969 λελαμπρυσμένος.

347 1988 367 2018 ⁹
404 1986 479 2055 (ὅ)
504 1988 579 2055 Τῇ
604 1988 659 2039 δὲ
687 1988 947 2057 ἐπαύριον
978 1994 1027 2043 οἱ
1060 1992 1355 2046 ἐπίσκοποι
1396 1995 1490 2047 καὶ
1525 1997 1552 2049 6
1586 1996 1847 2064 βασιλεὺς

272 2082 353 2140 εἰς
385 2079 482 2133 ἕνα
520 2081 684 2132 τόπον
713 2081 1059 2145 συνελθόντες
1095 2084 1319 2137 καλοῦσι
1364 2085 1454 2137 τὸν
1489 2086 1709 2156 Ἀρειον
1749 2088 1846 2140 σὺν

267 2174 385 2235 τοῖς
417 2172 715 2241 ὁμόφροσιν
743 2172 908 2226 αὐτοῦ
936 2175 1018 2237 είς
1051 2174 1150 2245 τὴν
1182 2174 1421 2242 σύνοδον,
1457 2178 1845 2247 ἐπιτρέποντες

270 2270 424 2341 αὐτῷ
464 2273 722 2341 συστῆναι
765 2277 877 2335 τοῖς
922 2274 1140 2337 οἰκείοις
1179 2277 1463 2347 δόγμασιν.
1502 2273 1610 2330 Ἦν
1662 2276 1717 2329 δὲ
1776 2277 1845 2329 τὰ

269 2362 519 2431 δόγματα
580 2365 671 2417 το]
743 2364 976 2427 ἀσεϐοῦς
1037 2368 1079 2397 ¹⁰
1138 2368 1234 2418 καὶ
1300 2367 1741 2436 τρισκαταράτου
1801 2367 1843 2397 ⁸⁸

264 2456 497 2507 τοιαῦτα
517 2474 532 2487 ·
573 2476 588 2507 ι
623 2459 732 2509 Οὐκ
771 2458 855 2509 ἀεὶ
879 2459 906 2510 6
938 2459 1070 2520 Θεὸς
1100 2460 1289 2529 Πατὴρ
1317 2456 1406 2529 ἦν,
1442 2460 1556 2512 ἀλλ’
1581 2457 1649 2529 ἦν
1678 2461 1764 2513 ὅτε
1816 2462 1843 2512 6

262 2543 403 2601 Θεὸς
452 2544 638 2613 Πατὴρ
672 2546 771 2597 οὐκ
805 2542 871 2616 ἦν
898 2562 911 2576 ³
952 2549 1052 2601 οὐκ
1098 2549 1185 2601 ἀεὶ
1225 2550 1280 2601 δὲ
1328 2551 1369 2581 η
1403 2546 1470 2620 ἦν
1505 2552 1532 2602 6
1582 2549 1674 2603 τοῦ
1706 2550 1840 2603 Θεοῦ

270 2635 468 2701 Λόγος,
510 2637 624 2687 ἀλλ’
662 2638 716 2703 ἐξ
768 2639 866 2690 οὐκ
917 2640 1095 2709 (107⁸)
1145 2642 1313 2695 ὄντων
1359 2643 1614 2711 γέγονεν·
1664 2644 1691 2694 6
1735 2642 1842 2713 γὰρ

266 2726 348 2777 ὢν
383 2726 515 2788 Θεὸς
538 2729 628 2779 τὸν
660 2729 732 2797 μὴ
759 2729 886 2781 ὄντα
916 2733 977 2783 ἐκ
1005 2732 1099 2783 τοῦ
1146 2734 1218 2801 μὴ
1252 2734 1402 2795 ὄντος
1431 2734 1732 2802 πεποίηκε·
1763 2734 1845 2785 διὸ

267 2820 338 2888 ἦν
368 2819 517 2881 ποτὲ,
557 2822 643 2872 ὅτε
692 2822 789 2873 οὐκ
838 2822 1000 2891 406
1043 2820 1146 2892 ἦν’
1197 2825 1398 2892 κτίσμα
1444 2826 1552 2891 γάρ
1602 2827 1844 2878 ἐστικαὶ

270 2907 486 2975 ποίημα
524 2910 550 2961 6
586 2910 745 2971 Υἱός·
784 2909 909 2962 οὕτε
967 2912 1021 2963 δὲ
1067 2914 1248 2981 ὅμοιός
1293 2916 1440 2977 ἐστιν
1487 2917 1513 2967 6
1548 2916 1672 2978 Υίὸς
1723 2917 1842 2968 κατ’

266 3001 462 3052 οὐσίαν
498 3001 573 3071 τῷ
608 3002 650 3032 ¹³
682 3003 876 3073 Πατρὶ,
904 3004 1027 3056 οὐτε
1060 3003 1123 3074 δὴ
1168 3004 1210 3036 ⁸³
1242 3003 1521 3077 [ἀληθινὸς
1554 3009 1649 3060 καὶ
1680 3008 1841 3075 φύσει

265 3093 366 3144 τοῦ
434 3096 641 3163 [ἰατρὸς
668 3096 838 3163 Λόγος
893 3098 1060 3161 ἐστὶν,
1107 3097 1253 3168 οὔτε]
1296 3099 1339 3129 ’⁸
1389 3085 1617 3171 ἀληθινή
1677 3101 1841 3167 σοφία

264 3184 438 3236 αὐτοῦ
472 3188 621 3238 ἔστιν
644 3202 659 3217 ο
692 3186 808 3239 ἀλλ’
840 3182 920 3249 εἷς
960 3189 1061 3257 μὲν
1091 3189 1199 3241 τῶν
1232 3191 1554 3259 ποιημάτων
1584 3193 1677 3244 καὶ
1714 3209 1840 3259 γεν-

265 3276 430 3343 νητός
465 3278 506 3309 ⁸⁸
539 3279 677 3343 ἐστι,
710 3280 1163 3349 καταχρηστικῶς
1188 3282 1243 3333 δὲ
1283 3283 1501 3348 λέγεται
1533 3284 1706 3351 Λόγος
1745 3286 1841 3337 καὶ

265 3370 440 3437 Σοφία
474 3369 787 3440 [γενόμενος
818 3374 913 3424 καὶ
947 3372 1111 3433 αὐτὸς
1140 3373 1220 3441 τῷ
1251 3374 1365 3443 ίδίῳ
1393 3375 1485 3426 τοῦ
1511 3376 1647 3427 Θεοῦ
1683 3377 1840 3446 Λόγῳ

264 3462 365 3514 καὶ⁵
388 3465 445 3514 ὲν
479 3461 557 3529 τῷ
595 3461 712 3532 Θεῴ
739 3462 945 3533 σοφίᾳ],
970 3464 1026 3516 ὲν
1112 3467 1205 3518 καὶ
1230 3467 1297 3516 τὰ
1335 3466 1511 3519 πάντα
1544 3467 1637 3519 καὶ
1676 3468 1839 3520 αὐτὸν

263 3555 568 3625 πεποίηκεν
605 3558 633 3607 6
679 3556 810 3618 Θεός
837 3574 850 3588 ’
880 3557 959 3609 διὸ
1008 3558 1102 3609 καὶ
1152 3560 1384 3627 τρεπτός
1439 3561 1555 3612 ἐστι
1598 3560 1694 3612 καὶ
1746 3560 1839 3612 ἀλο

262 3647 488 3709 λοιωτὸς
516 3648 614 3718 τὴν
657 3647 817 3715 φύσιν
844 3649 907 3715 ίτ,
950 3648 1024 3712 ὡς
1057 3650 1152 3701 καὶ
1186 3650 1367 3704 πάντα
1392 3653 1458 3705 τὰ
1487 3652 1680 3719 λογικά
1704 3665 1724 3683 ⁶
1752 3649 1838 3716 ξέ-

264 3757 357 3802 νος
391 3757 448 3792 τε
482 3740 576 3793 καὶ
614 3741 895 3810 ἀλλότριος
947 3742 1043 3795 καὶ
1077 3745 1565 3814 ἀπεσχοινισμένος
1618 3745 1768 3796 ἐστὶν
1808 3746 1836 3796 ὁ

260 3831 438 3897 Λόγος
469 3831 569 3900 τῆς
617 3830 751 3901 (τοῦ)
796 3831 932 3884 Θεοῦ
982 3832 1191 3898 οὐσίας,
1232 3835 1322 3886 καὶ
1364 3835 1592 3902 ἀόρατός
1639 3834 1833 3905 (ἐστιν)

258 3923 292 3973 6
343 3921 531 3991 Πατὴρ
577 3922 654 3991 τῷ
684 3920 828 3992 Υίῷ·
879 3921 1000 3974 οὔτε
1034 3922 1142 3992 γὰρ
1190 3925 1413 3987 τελείως
1444 3929 1539 3977 καὶ
1586 3925 1833 3995 ἀκριϐῶς

259 4013 525 4083 γινώσκει
555 4017 582 4067 6
610 4015 782 4081 Λόγος
820 4013 913 4065 τὸν
942 4014 1184 4084 Πατέρα,
1216 4015 1339 4068 οὔτε
1375 4017 1596 4080 τελείως
1630 4019 1760 4087 όρᾷν
1790 4018 1833 4049 ’⁸

260 4105 431 4156 αὐτὸν
481 4103 744 4156 δύναταιο
781 4106 875 4157 καὶ
913 4104 1022 4173 γὰρ
1075 4104 1272 4158 ἑαυτοῦ
1336 4107 1436 4177 τὴν
1497 4108 1685 4160 οὐσίαν
1730 4110 1830 4161 οὐκ

260 4191 372 4247 εῐδε
408 4198 488 4227 ι’·
530 4196 596 4247 δι’
646 4195 792 4264 ἡμᾶς
834 4195 941 4265 γὰρ
990 4196 1304 4266 πεποίηται,
1338 4198 1425 4250 ἵνα
1465 4198 1510 4229 ¹⁶
1561 4199 1709 4267 ἡμᾶς
1760 4198 1830 4250 δι’

259 4285 432 4339 αὐτοῦ
461 4284 535 4347 ὡς
582 4285 649 4337 δι’
700 4285 935 4355 ὀργάνου
998 4286 1159 4359 κτίσῃ
1205 4290 1233 4339 ὁ
1267 4287 1435 4351 Θεός’
1470 4289 1566 4343 καὶ
1620 4290 1721 4343 οὐκ
1764 4290 1830 4343 ἂν

260 4375 495 4446 ὑπέστη,
553 4377 604 4429 εί
656 4377 731 4447 μὴ
784 4378 933 4447 ἡμᾶς
984 4377 1247 4447 ἠθέλησεν
1305 4380 1334 4431 6
1392 4378 1524 4440 Θεὸς
1578 4380 1827 4449 ποιῆσαι.

273 4472 589 4541 Ἢρώτησεν
618 4468 711 4525 οῦν
741 4490 824 4535 τις
859 4473 1080 4536 αὐτοὺς,
1107 4474 1155 4525 εί
1201 4472 1424 4525 δύναται
1475 4474 1502 4524 6
1550 4472 1644 4525 τοῦ
1692 4472 1827 4525 Θεοῦ

1877 1873 1924 1932 Β

2031 1247 2231 1304 Videns
2264 1259 2442 1305 autem
2469 1252 2733 1321 quosdam
2761 1254 3001 1311 dexteris
3028 1272 3201 1314 ocuns
3234 1260 3453 1318 orbatos
3482 1275 3535 1318 et

1954 1342 2175 1409 cognito
2217 1343 2336 1397 illos
2371 1359 2400 1397 a
2449 1343 2777 1401 Maximiano
2830 1359 2881 1401 et
2929 1348 3261 1405 Diocletiano
3311 1363 3534 1423 propter

1954 1433 2111 1486 tidem
2143 1434 2194 1487 in
2215 1433 2491 1490 Christum
2526 1447 2578 1489 et
2607 1437 3006 1494 confessionem
3040 1443 3141 1495 ltoc
3163 1457 3284 1497 esse
3317 1459 3528 1511 passos,

1953 1534 2015 1573 ex
2047 1521 2231 1575 animo
2273 1524 2637 1590 complectens
2687 1527 2827 1580 labia
2867 1528 3213 1583 cicatricibus
3248 1531 3530 1595 admovit,

1951 1611 2144 1665 exinde
2198 1612 2630 1668 benedictionem
2681 1620 2872 1673 osculo
2916 1621 3113 1674 elicere
3165 1623 3409 1678 credens.
3442 1624 3535 1680 Sic

1950 1701 2039 1755 ille
2071 1702 2337 1760 mirabilis
2372 1706 2454 1760 vir
2484 1708 2703 1776 pietate,
2728 1710 2829 1764 ﬁde
2858 1725 2920 1765 ac
2950 1714 3217 1768 modestia
3251 1716 3384 1770 mire
3405 1732 3535 1785 prte-

1952 1791 2185 1848 lucebat.

2023 1980 2289 2037 Postridie
2344 1985 2582 2055 episcopi
2638 2003 2760 2042 cum
2809 2005 2931 2059 rege
2979 1992 3035 2046 iu
3107 2010 3274 2047 unum
3333 2011 3531 2051 conve-

1952 2073 2159 2128 nientes
2188 2113 2201 2137 ,
2230 2075 2420 2129 Arium
2476 2092 2599 2131 cum
2647 2082 2973 2149 sequacibus
3014 2083 3132 2152 ejus
3177 2089 3228 2138 in
3260 2088 3527 2155 synodum

1950 2176 2183 2229 vocant,
2217 2168 2264 2220 ei
2316 2168 2627 2223 facultatem
2691 2174 2991 2228 tribuentes
3037 2191 3135 2231 sua
3196 2180 3526 2245 producendi

1948 2254 2221 2324 dogmata.
2269 2256 2435 2311 Erant
2479 2269 2660 2312 autem
2710 2262 2877 2330 hujus
2930 2266 3079 2333 impii
3127 2277 3316 2337 terque
3368 2286 3529 2325 exsc-

1949 2349 2134 2403 crandi
2186 2349 2307 2401 talia
2360 2350 2662 2419 dogmata:
2715 2371 2731 2403 ι
2790 2354 2933 2411 Deus
2987 2359 3130 2412 baud
3175 2376 3390 2429 semper
3429 2363 3529 2418 fuit

1946 2439 2127 2505 Pater,
2171 2443 2262 2496 sed
2297 2454 2507 2513 tempus
2534 2446 2652 2509 fuit,
2683 2462 2807 2500 cum
2845 2448 2986 2504 Deus
3027 2467 3133 2505 non
3168 2466 3314 2508 esset
3345 2454 3523 2511 Pater.

1949 2532 2184 2587 Verbum
2217 2545 2399 2589 autem
2435 2536 2524 2590 Dei
2562 2553 2668 2591 non
2704 2554 2920 2608 semper
2949 2540 3051 2594 fuit
3077 2582 3090 2606 ,
3129 2544 3221 2597 sed
3254 2560 3319 2599 ex
3354 2548 3527 2601 nibilo

1946 2624 2146 2679 factum
2195 2634 2306 2681 est.
2372 2627 2512 2680 Deus
2557 2631 2700 2681 cnim
2758 2631 2850 2698 qui
2900 2642 3050 2695 erat,
3088 2633 3238 2687 illum
3275 2638 3366 2704 qui
3417 2655 3524 2692 non

1946 2728 2063 2768 erat
2093 2730 2158 2769 ex
2206 2731 2270 2770 eo
2301 2719 2446 2786 quod
2494 2735 2598 2773 non
2648 2731 2765 2775 erat
2795 2722 2941 2776 fecit.
2980 2724 3103 2779 ldeo
3133 2726 3235 2780 fuit
3270 2737 3482 2797 tempus
3508 2770 3525 2795 ,

1946 2821 2057 2874 quo
2086 2822 2189 2860 non
2223 2821 2346 2862 erat
2381 2827 2393 2863 :
2424 2822 2673 2865 creatura
2702 2828 2939 2883 namque
2970 2831 3163 2883 resque
3188 2818 3325 2871 facta
3358 2817 3524 2875 Filius

1944 2911 2047 2954 est.
2083 2900 2193 2954 Nec
2233 2903 2428 2958 similis
2452 2906 2505 2957 in
2537 2907 2839 2961 substantia
2888 2908 3032 2962 Patri
3067 2908 3259 2975 Filius,
3297 2928 3394 2967 nec
3428 2929 3524 2969 vc-

1945 3008 2065 3046 rum
2102 2992 2278 3046 Patris
2308 3005 2501 3049 natura
2539 2996 2793 3061 Verbum,
2833 3014 2931 3053 nec
2957 3016 3084 3055 vera
3117 3002 3260 3057 illius
3295 3003 3526 3074 Sapien-

1944 3084 2019 3136 tia
2062 3093 2175 3147 est.
2223 3083 2318 3138 Est
2369 3096 2547 3140 autem
2584 3103 2766 3143 rerum
2817 3103 3119 3147 creatarum
3169 3111 3272 3149 una
3324 3114 3521 3169 resque

1943 3179 2087 3232 facta
2121 3195 2133 3230 :
2160 3193 2255 3248 per
2292 3182 2630 3237 catachresin
2662 3198 2790 3238 vero
2816 3184 3016 3239 dicitur
3044 3186 3277 3242 Verbum
3318 3201 3371 3243 et
3421 3192 3521 3245 Sa-

1946 3273 2143 3341 pientia
2169 3314 2183 3338 ,
2218 3274 2485 3342 siquidem
2535 3286 2589 3329 et
2642 3276 2757 3343 ipse
2800 3276 2984 3332 factus
3023 3288 3109 3333 est
3166 3284 3385 3351 proprio
3426 3284 3517 3339 Dei

1943 3364 2110 3417 verbo
2155 3364 2527 3435 sapientiaque
2558 3366 2737 3420 divina
2760 3407 2776 3432 ,
2803 3370 2853 3422 in
2885 3384 2991 3438 qua
3023 3381 3217 3427 cuncta
3259 3375 3521 3446 illumque

1941 3452 2118 3521 ipsum
2166 3454 2307 3511 Deus
2359 3457 2501 3515 fecit.
2536 3458 2661 3514 ideo
2696 3461 2971 3517 variabilis
3019 3473 3099 3519 est
3136 3473 3190 3519 ct
3235 3468 3518 3526 mutabilis

1940 3556 2168 3613 natura,
2197 3549 2337 3603 sicut
2370 3552 2553 3605 omnia
2604 3553 2774 3623 logica
2811 3573 2824 3607 :
2866 3566 3161 3613 extrancus
3198 3560 3518 3631 alienusque

1939 3653 2003 3692 ac
2044 3640 2301 3695 differens
2329 3651 2412 3696 est
2448 3640 2683 3698 Verbum
2722 3660 2751 3699 a
2781 3646 3083 3701 substantia
3132 3648 3245 3715 Dei,
3283 3659 3338 3705 el.
3380 3651 3516 3709 Filio

1938 3730 2095 3785 Pater
2123 3732 2411 3786 invisibilis
2436 3744 2557 3788 est:
2591 3750 2696 3788 non
2734 3737 2878 3789 enim
2912 3738 3148 3805 perfecte
3180 3754 3278 3794 nec
3316 3751 3509 3797 exacte

1942 3821 2177 3877 Verbum
2198 3826 2446 3893 cognovit
2466 3824 2705 3891 Patrem,
2731 3843 2907 3897 neque
2924 3830 3159 3898 perfecte
3184 3846 3308 3885 eum
3331 3834 3513 3888 videre

1936 3920 2115 3982 potest
2154 3930 2167 3965 :
2205 3929 2381 3983 neque
2414 3918 2563 3971 enim
2598 3918 2681 3972 sui
2714 3918 2889 3988 ipsius
2919 3922 3281 3977 substantiam
3308 3938 3512 3993 cogno-

1936 4006 2031 4058 vit.
2088 4006 2314 4074 Propter
2358 4022 2458 4061 nos
2508 4018 2691 4064 autem
2744 4019 2829 4065 est
2870 4012 3087 4077 factus;
3146 4021 3205 4067 ut
3256 4030 3359 4070 nos
3412 4031 3509 4085 per

1932 4099 2109 4167 ipsum
2159 4100 2307 4153 velut
2354 4116 2449 4169 per
2501 4103 2928 4158 instrumentum
2980 4116 3191 4160 crearet
3244 4105 3425 4170 Deus;
3455 4120 3508 4164 et

1933 4206 2039 4244 non
2095 4191 2441 4256 subsisteret,
2498 4193 2603 4247 nisi
2650 4209 2749 4248 nos
2784 4194 2926 4249 Deus
2957 4210 3142 4251 creare
3168 4198 3446 4254 voluisset.
3480 4220 3498 4251 ι

1931 4282 2286 4350 Interrogavit
2331 4285 2498 4352 igitur
2532 4286 2657 4354 quis
2700 4300 2796 4340 eos
2828 4302 2895 4340 an
2929 4290 3162 4356 perverti
3204 4292 3378 4359 possit
3409 4290 3502 4346 Dei

1935 4375 2189 4439 Verbum,
2213 4378 2352 4429 sicut
2380 4391 2671 4445 perversos
2693 4387 2779 4431 est
2797 4378 3044 4432 diabolus
3066 4395 3081 4444 ;
3106 4388 3161 4433 et
3188 4395 3296 4433 non
3324 4381 3503 4435 dicere

1931 4472 2250 4526 baesitarunt
2283 4471 2411 4524 illud
2432 4481 2578 4526 certe
2608 4486 2768 4539 posse
2797 4472 3062 4541 perverti;
3096 4471 3389 4540 siquidem,
3424 4484 3505 4526 ut-

258 4564 434 4629 Λόγος
484 4564 755 4634 τραπῆναι
804 4565 879 4627 ὡς
924 4566 1133 4636 ἐτράπη
1187 4566 1214 4617 ό
1264 4565 1540 4629 διάϐολοςς
1593 4565 1689 4617 καὶ
1721 4564 1822 4617 οὐκ
1854 4560 1939 4633 D]

1721 4564 1822 4617 οὐκ
1854 4560 1901 4619 D
1929 4563 2317 4633 pote-genitum
2352 4572 2404 4617 et
2432 4573 2670 4619 creatum
2700 4603 2715 4626 ,
2742 4573 2827 4618 est
2861 4572 3069 4617 natura:
3095 4562 3392 4617 variabilis.

260 4654 609 4726 ἐφοϐήθησαν
659 4657 851 4720 είπείν,
896 4658 976 4709 ὅτι
1034 4657 1163 4721 Ναὶ,
1230 4657 1453 4710 δύναται
1499 4656 1814 4727 τραπῆναι·
1851 4655 2093 4726 τρεπτῆς
2148 4655 2256 4724 γάρ
2284 4657 2398 4707 ἐστι
2430 4655 2668 4723 φύσεως,

260 4746 543 4816 ὑπάρχων.

331 4840 379 4871 ⁸³
412 4839 486 4909 (6)
534 4839 691 4891 ⁹Α).λά
727 4839 789 4890 τὸ
826 4839 965 4892 κατὰ
1000 4838 1098 4906 τὴν
1138 4836 1351 4890 σύνοδον
1384 4839 1603 4906 γεγονὸς
1634 4839 1819 4909 θαῦμα

256 4934 319 4985 οὐ
366 4933 571 4985 δίκαιον
593 4932 639 4962 ’⁸
670 4934 847 5001 σιωπῇ
880 4930 1356 5000 παραπέμψασθαι
1401 4934 1444 4962 ⁸⁵
1468 4948 1481 4963 ο
1520 4932 1657 5002 πρὸς
1710 4933 1821 5002 γαρ

2729 4655 2989 4724 γεννητὸς
3012 4655 3055 4684 ¹¹
3082 4656 3175 4706 καὶ
3208 4654 3421 4717 κτιστδς
3452 4655 3498 4687 ’³

2000 4842 2249 4893 Attamen
2262 4838 2404 4905 quod
2426 4838 2476 4890 in
2495 4836 2702 4907 synodo
2728 4836 2928 4889 factum
2942 4844 3023 4889 est
3046 4834 3365 4889 miraculum
3391 4853 3494 4892 non

1929 4945 2145 4998 aequum
2177 4938 2257 4983 est
2284 4927 2500 4982 silentio
2534 4925 2941 4996 praetermittere
2972 4942 2985 4977 :
3011 4933 3203 4993 praeter
3231 4925 3372 4979 enim
3405 4943 3496 4983 ex.

1422 5094 1625 5153 Variae
1659 5093 1966 5155 lectiones
2011 5101 2075 5154 et
2120 5101 2308 5154 notae.

332 5239 379 5270 ⁸⁷
406 5236 655 5304 εὐλογίας
716 5234 993 5303 ὲμίμψατο
1042 5234 1162 5288 cod.

255 5307 393 5362 Ced.
428 5305 491 5359 V.
519 5309 566 5370 1,
632 5304 846 5367 M.1,2.
944 5304 1390 5371 ‘rrp.s6'rp.Ced.

256 5376 593 5435 ἑκκοπέντας
642 5375 711 5427 Μ.
772 5376 881 5435 1,2.
978 5375 999 5404 ⁸
1029 5376 1122 5425 ἐπί
1160 5375 1229 5426 Μ.
1282 5375 1393 5438 1,2.

1270 5235 1315 5267 "
1338 5235 1438 5296 τῆς
1466 5238 1718 5296 ὁμονοίας
1753 5238 1845 5289 καὶ
1906 5236 2226 5296 συμφωνίας
2263 5234 2391 5288 Ced.
2421 5235 2485 5287 V.
2530 5236 2582 5296 1,

1371 5252 1438 5305 ης
1466 5252 1718 5305 ομονοιας
1753 5252 1845 5289 και
1906 5252 2226 5305 συμφωνιας
2263 5252 2391 5288 Leo.
2430 5252 2485 5287 ν.
2530 5252 2582 5296 ι,
2661 5252 2728 5288 tu.
2762 5252 2872 5299 1,2.
2950 5252 2993 5267 "
3035 5252 3493 5305 εφιλοφρονησατο

1375 5345 1390 5359 .
1500 5308 1520 5336 ⁸
1548 5307 1825 5359 ἑστιᾶσθαι
1851 5306 1971 5360 cod.
2045 5306 2065 5337 ³
2089 5304 2537 5372 ἀξιολογωτέρους
2561 5303 2690 5372 Oed.
2766 5304 2788 5334 ⁵
2832 5304 3241 5371 ὲγκεκομμένας
3275 5306 3395 5358 cod.
3423 5336 3494 5347 -ο

1495 5378 1608 5429 ⁸Δ.
1663 5376 1754 5428 καί
1808 5375 1877 5429 Μ.
1936 5374 2065 5429 Ced.
2140 5369 2555 5436 50032-5015,
2618 5369 2681 5424 V.
2738 5374 2787 5436 1,
2850 5373 2917 5426 Μ.
2974 5369 3086 5439 1,2.

2661 5233 2728 5288 Μ.
2762 5234 2872 5305 1,2.
2949 5235 2993 5267 ”
3035 5233 3493 5305 ἐφιλοφρονήσατο

3187 5374 3207 5404 ⁷
3250 5374 3330 5444 XV
3372 5377 3485 5444 6p.

264 5445 400 5499 Cet].
432 5442 495 5495 V.
557 5444 606 5497 1.
649 5444 727 5495 Χν
754 5462 813 5497 π.
870 5444 963 5496 καὶ
1015 5443 1114 5512 τὴν
1150 5446 1241 5511 όμ.
1303 5446 1372 5500 Μ,
1420 5446 1527 5510 1,2.
1603 5446 1624 5476 ⁸
1655 5440 1808 5507 οὗτος
1847 5443 1905 5499 V.

1784 5464 1808 5507 ς
1847 5443 1905 5499 V.
1958 5446 2010 5503 1,
2046 5441 2137 5510 (Μ.
2172 5442 2319 5513 1,2?)
2396 5444 2579 5513 ’περι
2631 5442 2729 5513 τῆς
2779 5443 3044 5513 αἱρέσεως
3107 5442 3323 5513 Α’ᾼρείου
3357 5440 3464 5498 Cet]

259 5513 643 5596 etwa?-
670 5513 751 5596 τῇ
789 5514 844 5596 ῆὲ
879 5517 967 5596 ir.-
993 5515 1094 5596 ἑπ-
1153 5515 1352 5596 πέξγτξς
1379 5517 1542 5596 ,μαὲς
1594 5518 1659 5596 τῇ

260 5585 479 5654 ’Λρείου
513 5584 686 5654 ταῦτα
710 5582 841 5639 (Sed.
892 5586 961 5654 ξ’
987 5582 1043 5654 δέ
1063 5596 1172 5654 om_.
1209 5582 1340 5638 (Sed.
1379 5583 1437 5638 V.
1476 5586 1527 5637 1.

264 5654 325 5709 V.
354 5654 408 5706 1.
487 5654 529 5683 “
558 5669 683 5717 γενν
722 5654 955 5713 timidi.

254 5724 329 5782 ὡς
366 5723 479 5783 υἱός
506 5723 653 5773 ἐστιν
676 5670 804 5775 ἔρα.
840 5720 900 5773 V.
928 5723 976 5774 1.

255 5792 299 5822 "
321 5795 437 5845 ἐστι
465 5790 587 5845 add.
618 5788 675 5845 V.
712 5793 762 5845 1.
840 5792 883 5823 "
924 5791 1286 5861 παραπέμψαι
1315 5791 1444 5847 Ced.
1484 5792 1519 5847 V
1577 5796 1623 5847 1.

1711 5516 1767 5566 δὲ
1798 5518 1886 5569 ὲπ.
1919 5516 1967 5565 οἱ
2004 5516 2090 5567 ἐπ.
2135 5529 2193 5565 π.
2230 5510 2322 5564 καί
2349 5514 2412 5569 V.
2453 5510 2605 5574 1,11.
2654 5512 2763 5575 1,2.
2842 5514 2883 5543 '°
2909 5512 3065 5566 δυσσ.
3106 5510 3252 5566 νί1.

1605 5571 1659 5614 ιε’
1674 5583 1751 5653 τῷ
1778 5602 1837 5640 π.
1866 5586 1984 5638 κατ’
2017 5585 2065 5638 6.
2090 5584 2217 5653 Ced.
2296 5584 2341 5618 ιδ
2365 5571 2556 5653 οὐτεδέ
2590 5581 2658 5653 ιι.
2692 5571 2806 5644 1,2,
2837 5581 2958 5635 οοτε
2978 5581 3128 5653 _v.i.

487 5653 529 5683 “
558 5651 955 5723 γεννητικόςιι.
989 5651 1042 5705 2.
1086 5721 1092 5723 Α
1122 5652 1163 5723 ‘_’
1191 5668 1253 5723 φ.
1286 5654 1479 5723 καὶγτὰ
1503 5672 1563 5706 π.
1602 5655 1651 5707 λ.
1684 5649 1742 5709 ν’.
1769 5660 1821 5719 1,
1855 5672 1911 5723 φ.
1940 5654 2016 5716 ὡς
2039 5655 2132 5706 καὶ
2164 5674 2168 5686 ι

1807 5694 1821 5719 ,
1855 5672 1911 5723 φ.
1940 5654 2016 5716 ὡς
2039 5655 2132 5706 καὶ
2164 5652 2232 5705 τὰ
2263 5671 2321 5706 π.
2351 5654 2400 5706 λ.
2429 5651 2498 5705 Μ.
2530 5650 2661 5723 1,2._
2722 5654 2762 5684 “
2807 5655 2863 5723 ά,
2890 5654 2936 5723 6.
2965 5651 3096 5723 Ced.
3129 5650 3237 5723 132A.
3382 5649 3487 5723 οξδε

1054 5721 1098 5753 ⁸ο
1136 5720 1203 5772 δι’
1234 5722 1449 5777 add.M.
1485 5725 1594 5786 1,2.
1670 5724 1709 5753 "
1738 5741 1795 5777 τε
1833 5720 1953 5780 add.
1986 5724 2042 5778 V.
2089 5724 2137 5777 1.

3332 5514 3371 5543 ιι
3399 5531 3488 5581 τρ.

3210 5582 3252 5615 ’⁸
3276 5582 3331 5633 δέ
3362 5586 3487 5636 add.

2250 5726 2293 5755 “
2321 5726 2443 5776 ἁκτ.
2478 5723 2553 5775 Μ.
2584 5720 2713 5785 1,2?
2820 5722 2863 5751 "
2886 5722 3014 5774 (led.
3074 5718 3485 5785 5016-50332.
