4258 6440
781 377 886 440 723

1976 373 2299 432 GEORGII
2344 373 2795 433 HAMARTULI

3918 371 4040 435 724

844 493 1186 549 Theodosius
1229 492 1584 546 nihilominus
1638 493 2009 561 indignatione
2059 502 2430 549 succensusA

2381 502 2430 549 Α
2526 491 2573 522 ⁸⁸
2607 493 2718 560 (19)
2761 493 3040 556 Θεοδόσιος
3070 494 3127 546 δὲ
3174 496 3325 548 οὐδὲν
3352 490 3516 567 ἧττον
3573 493 3834 561 amca;
3883 493 4037 547 ὅπλα

771 591 1032 641 adversus
1066 585 1365 655 Eugenium
1423 586 1476 639 in
1515 586 1657 639 illius
1692 587 1870 639 locum
1904 587 2256 637 constitutum
2291 584 2344 635 in

772 681 1061 735 vindictam
1112 696 1262 733 arma
1309 679 1597 747 corripuit,
1632 677 1734 730 hac
1779 676 2045 732 sententia
2081 692 2109 727 a
2138 673 2349 727 Joanne

770 774 1038 840 monacho
1070 769 1290 840 Egypti
1356 770 1604 825 solitario
1643 779 1892 838 accepta.
1932 767 2033 822 Iste
2068 766 2210 819 enim
2262 765 2347 818 di-

771 866 929 916 vinus
962 861 1041 914 vir
1095 862 1499 929 nonagenarius
1535 861 1600 913 ad
1633 870 1836 914 tantam
1874 864 2192 926 pervenerat
2220 867 2349 910 teta-

771 967 878 1008 tem
915 955 1065 1008 solus
1096 967 1441 1022 permanens,
1477 968 1650 1018 neque
1693 953 1758 1005 de
1802 951 1996 1004 cellula
2039 951 2346 1020 egrediens,

771 1061 941 1113 neque
966 1045 1127 1097 alium
1173 1045 1320 1096 intus
1358 1043 1648 1111 recipiens;
1675 1057 1765 1106 per
1804 1041 2168 1095 fenestrellatu
2201 1041 2344 1095 enim

769 1145 977 1190 tantum
1039 1134 1392 1190 benetlicebat
1456 1143 1508 1187 et
1554 1133 1852 1202 accipiebat
1905 1148 2000 1188 eos
2057 1135 2149 1202 qui
2204 1133 2346 1202 apud

769 1244 946 1297 Ipsum
984 1227 1378 1290 deveniebant;
1426 1241 1532 1279 non
1568 1235 1748 1279 autem
1788 1226 1936 1279 omni
1982 1225 2091 1284 die.
2135 1225 2228 1280 sed
2262 1225 2347 1279 bis

769 1322 820 1374 in
861 1319 1221 1384 hebdo’mada,
1270 1318 1508 1373 Sabbato
1534 1329 1585 1371 et
1626 1317 1906 1372 Dominica
1947 1338 1959 1373 :
1992 1319 2206 1373 caeteris
2254 1333 2348 1371 au-

768 1425 872 1466 tem
906 1414 1099 1467 diebus
1149 1429 1256 1466 non
1293 1428 1352 1467 se
1397 1411 1565 1465 videri
1608 1413 1822 1466 sinebat
1857 1413 1947 1464 ulli
1992 1411 2216 1473 homini,
2252 1412 2346 1464 sed

769 1508 1006 1575 jejuniis,
1050 1506 1246 1576 vigiliis
1280 1522 1343 1560 ac
1392 1507 1732 1560 orationibus
1766 1505 2013 1558 vacabat.
2063 1505 2128 1557 Et
2165 1504 2348 1558 videre

767 1611 883 1653 erat
911 1601 1129 1654 beatum
1163 1609 1332 1654 totum
1365 1614 1590 1668 corpore
1630 1607 1846 1668 propter
1895 1613 2136 1652 severam
2184 1597 2349 1651 disci-

769 1693 967 1761 plinam
997 1701 1391 1749 extenuatum:
1445 1691 1583 1746 nihil
1632 1692 1776 1746 enim
1828 1691 1973 1744 aliud
2006 1705 2167 1760 quam
2205 1690 2347 1758 legu-

770 1786 914 1838 mina
942 1798 1248 1855 pancosque
1273 1783 1486 1838 fructus
1519 1795 1640 1852 post
1668 1784 1800 1837 solis
1830 1798 2086 1838 occasum
2117 1781 2350 1835 mandu-

768 1880 966 1931 cabat:
1004 1892 1128 1931 nam
1173 1877 1239 1932 de
1286 1891 1446 1945 pane,
1494 1876 1641 1939 vino,
1680 1874 1820 1936 oleo.
1859 1883 1915 1930 et
1974 1875 2187 1929 caeteris
2227 1888 2349 1943 qua:

769 1971 821 2022 in
882 1969 1002 2024 foco
1052 1969 1276 2024 ardente
1326 1977 1638 2038 coquuntur
1694 1967 1841 2036 loqui
1907 1967 2347 2035 supersedemus.

775 2061 869 2116 llis
925 2069 978 2115 et
1051 2062 1248 2114 talibus
1317 2061 1517 2114 divinis
1586 2058 1862 2113 exercitiis
1933 2068 2142 2111 noctem
2206 2057 2352 2111 dies-

767 2169 872 2223 que
909 2168 1242 2208 consumens
1275 2162 1498 2207 sanctus
1553 2151 1767 2206 celeber
1817 2150 2084 2205 evadebat
2138 2157 2192 2204 et
2222 2163 2350 2218 pro-

770 2248 963 2314 phetiae
1003 2246 1147 2299 dono
1180 2245 1508 2314 replebatur,
1569 2243 1939 2314 prmnuntians
1973 2255 2086 2296 tum
2138 2240 2347 2304 futura,

771 2351 882 2390 tum
932 2339 1231 2406 unicuique
1283 2337 1601 2390 abscondite
1654 2337 1793 2390 facta
1829 2337 1914 2390 vel
1967 2336 2224 2404 cogitata.
2277 2335 2352 2389 De

770 2430 892 2485 Nilo
920 2447 1048 2484 vero
1084 2441 1137 2484 et
1166 2431 1232 2484 de
1270 2429 1566 2482 fertilitatis
1602 2429 1721 2496 ejus
1755 2437 1849 2482 aut
1883 2429 2188 2482 sterilitatis
2214 2437 2350 2481 tem-

770 2539 897 2591 pore
944 2525 1121 2577 minas
1164 2532 1256 2575 aut
1293 2521 1455 2575 aliam
1499 2537 1528 2574 a
1562 2520 1669 2574 Deo
1703 2529 2155 2590 superventuram
2191 2519 2349 2587 puni-

769 2616 972 2669 tionem
1005 2613 1329 2684 pra-dicebat
1359 2622 1412 2667 et
1445 2622 1760 2682 peccatores
1787 2613 1958 2690 libere
1989 2613 2350 2684 redarguehat

770 2707 876 2762 Sed
937 2707 1067 2776 quid
1126 2705 1292 2758 multa
1339 2703 1733 2773 ‘limpossibile
1782 2707 1925 2758 enim
1983 2715 2067 2760 est
2127 2719 2190 2760 os
2255 2712 2351 2760 aut

769 2808 1003 2852 mentem
1057 2796 1339 2850 hominum
1398 2811 1686 2851 numerare
1729 2797 2062 2851 mirabilium
2121 2797 2240 2864 ejus
2286 2812 2350 2851 ac

768 2890 1026 2942 virtutum
1056 2902 1346 2943 oceanum.
1380 2887 1459 2940 Ad
1487 2887 1635 2942 hunc
1677 2887 1840 2959 igitur
1872 2888 2020 2942 misit
2050 2904 2142 2942 rex
2171 2889 2350 2943 Theo-

769 2980 955 3035 dosius
1001 2979 1069 3034 ad
1117 2979 1496 3033 adducendum
1544 2993 1693 3041 eum,
1746 2978 2047 3047 deprecans
2095 2987 2146 3031 et
2194 2978 2351 3034 obse-

769 3088 954 3134 crans,
1005 3081 1064 3125 ut
1105 3071 1446 3125 orationihus
1485 3072 1609 3139 ejus
1656 3072 1901 3125 munitus
1941 3084 2176 3140 pugnam
2221 3085 2345 3124 cum

2454 583 2597 635 κατά
2636 583 2898 650 Εὐγενίου
2939 585 3033 638 τοῦ
3063 589 3142 648 είς
3172 588 3264 640 τὸν
3297 587 3459 640 τόπον
3513 587 3682 640 αὐτοῦ
3720 588 4040 640 καταστὰν-

2450 694 2541 740 τος
2570 677 2650 736 είς
2701 677 2982 746 ἐκδίκησιν
3037 680 3280 748 ἥρπασε,
3327 681 3425 748 τὴν
3453 679 3647 732 τούτου
3676 677 3902 746 γνώμην
3940 678 4040 730 διὰ

2453 766 2698 820 Ἰωάννου
2722 769 2957 837 μοναχοῦ
2988 770 3299 840 ήσυχαστοῦ
3339 769 3639 838 Αἰγυπτίου
3663 787 3729 835 με
3741 766 4035 839 μαθηκὼς.

2462 858 2522 910 '0
2553 859 2659 926 γάρ
2690 875 2773 911 τοι
2808 859 2951 921 θεῖος
2997 856 3151 924 οὗτος
3181 861 3320 932 ἀνὴρ
3350 862 3802 930 ἐνενηκονταετὴς
3844 861 4037 913 πὲλων

2449 948 2549 1017 τὴν
2575 950 2791 1018 ἡλικίαν
2817 953 2874 1002 ἐν
2907 951 3159 1022 σπηλαίῳ
3187 953 3455 1021 κατέμενε
3488 954 3670 1019 μόνος,
3707 951 3840 1022 μήτε
3861 951 4034 1014 αὐτὸς

2450 1039 2810 1110 ἐξερχόμενος
2851 1043 2949 1111 τῆς
2993 1044 3211 1114 κέλλης,
3244 1045 3382 1113 μήτε
3440 1044 3600 1097 ἄλλον
3653 1042 4036 1112 εἰσδεχόμενος

2450 1133 2599 1187 ἔνδον
2620 1152 2635 1165 ·
2662 1134 2882 1204 ηὐλόγει
2914 1137 3024 1206 γὰρ
3059 1139 3220 1207 μόνον
3247 1137 3334 1191 διὰ
3369 1137 3584 1207 θυρίδος
3625 1137 3720 1190 καὶ
3748 1135 4037 1206 ἠσπάζετο

2449 1225 2575 1286 τοὺς
2604 1224 2741 1294 πρὸς
2767 1225 2929 1278 αὐτὸν
2954 1227 3404 1295 παραϐάλλοντας
3429 1246 3442 1258 ·
3469 1227 3562 1281 καὶ
3586 1227 3808 1290 τούτους
3833 1230 3894 1282 οὐ
3913 1229 4036 1283 δια-

2452 1317 2676 1382 παντὸς,
2710 1318 2847 1372 ἀλλά
2897 1319 2978 1382 δὶς
3032 1321 3074 1353 ⁸¹
3116 1323 3216 1390 τῆς
3253 1323 3572 1390 ἑϐδομάδος,
3623 1323 3892 1394 Σαϐϐάτῳ
3933 1325 4034 1377 καὶ

2451 1406 2705 1476 Κυριακῇ
2733 1424 2746 1437 ο
2778 1408 2878 1472 τὰς
2925 1410 2983 1462 δὲ
3030 1412 3221 1474 λοιπὰς
3257 1413 3472 1484 ἡμέρας
3518 1416 3780 1483 άπροῐτος
3811 1415 4034 1485 ὑπῆρχε

2451 1499 2614 1550 παντὶ
2641 1499 2932 1570 ἀνθρώπῳ,
2959 1505 3238 1573 νηστείαις
3268 1506 3358 1557 καὶ
3393 1506 3725 1576 ἀγρυπνίαις
3752 1509 3843 1560 καὶ
3867 1523 4038 1576 προσο

2451 1594 2640 1660 εὐχαῖς
2699 1591 3008 1662 σχολάζων.
3039 1597 3148 1648 Καὶ
3195 1593 3263 1667 ἦν
3315 1599 3443 1650 ίδεῖν
3480 1600 3571 1651 τὸν
3610 1600 3882 1667 μακάριον
3908 1599 4036 1651 ὅλον

2451 1680 2590 1738 εἶναι
2627 1687 3029 1757 ὲκτετηγμένον
3056 1690 3134 1755 τῷ
3165 1689 3379 1756 σώματι
3401 1692 3470 1744 δι’
3494 1693 3672 1760 ἄκραν
3704 1691 4036 1761 σκληραγω⁴

2453 1773 2579 1840 γίαν
2602 1791 2617 1806 ’
2644 1775 2740 1829 καὶ
2773 1777 2884 1846 γὰρ
2940 1778 3128 1847 ἢσθιεν
3181 1782 3336 1834 οὐδὲν
3391 1783 3581 1853 ἕτερον
3615 1784 3646 1853 ἦ
3697 1783 3908 1853 λάχανα
3935 1785 4037 1836 καὶ

2450 1865 2635 1934 ὀλίγας
2683 1867 2905 1939 ὀπώρας
2942 1871 3122 1941 (1271))
3162 1873 3301 1941 μετὰ
3334 1873 3486 1928 δύσιν
3541 1876 3719 1945 ἡλίου·
3755 1878 3885 1944 περὶ
3921 1877 4036 1947 γαρ

2453 1958 2620 2029 ἄρτου
2645 1961 2790 2013 οἴνου
2818 1979 2876 2014 τε
2910 1967 3003 2017 καὶ
3047 1965 3229 2018 ἐλαίου
3262 1968 3356 2020 καὶ
3400 1969 3509 2021 τῶν
3555 1969 3760 2023 λοιπῶν
3801 1972 3903 2023 ὃσα
3944 1970 4036 2023 δια

2453 2052 2625 2120 πυρὸς
2670 2053 2782 2123 ἔχει
2819 2053 2917 2124 τὴν
2964 2056 3182 2125 χρῆσιν,
3217 2059 3470 2125 περιττόν
3508 2062 3628 2112 ἐστι
3679 2063 3774 2114 καὶ
3827 2062 4035 2128 λέγειν.

2453 2147 2676 2210 Τούτοις
2707 2149 2803 2201 καὶ
2832 2152 2946 2211 τοῖς
2983 2152 3248 2214 τοιούτοις
3283 2153 3448 2216 θείοις
3487 2153 3883 2223 κατορθώμασι
3920 2156 4041 2207 δια-

2452 2240 2793 2307 νυκτερεύων
2837 2241 2932 2294 καὶ
2973 2241 3314 2313 διημερεύων
3345 2244 3508 2316 487
3539 2247 3568 2298 δ
3616 2246 3761 2309 ὅσιος
3809 2245 4039 2315 ἔκδηλος

2451 2333 2672 2399 ἐγένετο
2692 2335 2783 2385 καὶ
2805 2335 3164 2404 προφητικῶν
3183 2338 3542 2407 χαρισμάτων
3564 2337 3839 2408 ἔμπλεως,
3893 2356 4034 2410 προ-

2456 2425 2738 2494 σημαίνων
2761 2426 2872 2478 ἔσθ’
2896 2428 2983 2479 ὅτε
3015 2428 3080 2478 τὰ
3112 2428 3372 2496 μέλλοντα
3415 2430 3510 2482 καὶ
3540 2432 3606 2484 τα
3627 2431 3874 2499 κρυφίως
3904 2431 4034 2484 ἐκάο

2453 2534 2564 2586 στῳ
2583 2519 2948 2587 πεπραγμένα
2965 2521 3059 2572 καὶ
3075 2521 3283 2573 διανοοῦ
3293 2538 3446 2590 μενα.
3460 2523 3568 2575 Καὶ
3589 2521 3772 2590 μέντοι
3789 2522 3885 2575 καὶ
3903 2539 3968 2572 πε
3981 2521 4035 2588 ρὶ

2451 2609 2547 2662 τοῦ
2581 2609 2779 2663 Νείλου
2811 2611 2903 2662 καὶ
2930 2610 3030 2680 τῆς
3062 2611 3323 2680 εὐφορίας
3366 2612 3557 2675 αὐτοῦ,
3601 2612 3633 2681 ἢ
3669 2613 3764 2665 καὶ
3795 2613 4034 2681 ἀφορίας

2452 2698 2546 2752 τοῦ
2578 2699 2796 2769 χρόνου,
2827 2697 2862 2768 ἢ
2898 2698 3150 2770 ἀπειλὴν,
3195 2700 3228 2770 ἢ
3273 2699 3468 2767 ἐτέραν
3519 2699 3854 2770 ἐπέρχεσθαι
3904 2700 4034 2768 μέλ-

2452 2789 2651 2844 λουσαν
2675 2791 2824 2860 παρὰ
2848 2789 2984 2843 Θεοῦ
3010 2792 3057 2824 ³²
3091 2791 3437 2860 προηγόρευε
3468 2793 3564 2845 καὶ
3606 2793 3731 2854 τοὺς
3776 2791 4034 2862 ἁμαρτά-

2454 2898 2644 2944 νοντας
2678 2883 2966 2952 παρρησίᾳ
3020 2882 3328 2952 διήλεγχεν.
3363 2883 3472 2935 Καὶ
3497 2882 3549 2934 τί
3576 2883 3640 2953 δὴ
3670 2881 3718 2914 ⁸³
3745 2882 3916 2934 πολλά
3943 2882 4035 2934 λέ-

2453 2991 2612 3042 γεινς
2639 2974 2902 3030 ἀδυνατεῖ
2927 2976 3035 3042 γὰρ
3091 2975 3264 3042 στόμα
3295 2975 3388 3026 καὶ
3423 2976 3548 3036 νοῦς
3575 2973 3880 3042 ἀνθρώπων
3911 2975 4034 3042 ἀρι-

2453 3066 2614 3134 θμεῖν
2650 3065 2760 3117 τῶν
2794 3065 3092 3132 θαυμάτων
3123 3063 3290 3118 αὐτοῦ
3334 3064 3366 3134 ἢ
3414 3064 3524 3117 τῶν
3571 3066 3785 3134 ἀρετῶν
3822 3066 3884 3116 τὸ
3929 3065 4034 3118 πέ-

767 3164 1096 3218 adversariis
1161 3164 1443 3232 inciperet.
1518 3164 1611 3218 Ille
1701 3178 1830 3217 vero
1884 3164 2223 3232 praesentiam
2277 3163 2422 3234 obc

2380 3177 2422 3234 ο
2456 3155 2643 3223 λαγος.
2681 3154 2822 3225 Πρὸς
2849 3154 3038 3207 τοῦτον
3090 3153 3185 3208 οὖν
3221 3155 3313 3206 τὸν
3363 3153 3625 3224 θεοφόρον
3653 3153 3977 3205 ἀπέστειλεν
4007 3155 4033 3206 ὁ

769 3257 1083 3326 religionem
1150 3255 1464 3322 recusavit,
1550 3257 1644 3310 sed
1707 3271 1867 3325 prece
1949 3256 2122 3319 facta,
2186 3271 2349 3325 super

769 3348 961 3402 baculo
993 3363 1098 3417 quo
1149 3347 1421 3400 nitebatur
1451 3353 1504 3399 et
1528 3346 1727 3400 amictu
1761 3361 1869 3415 quo
1893 3345 2092 3398 collum
2117 3346 2350 3399 cireum-

769 3438 951 3502 dabat,
993 3438 1107 3490 hazc
1149 3438 1212 3490 ad
1257 3437 1435 3506 ipsum
1481 3435 1648 3498 misit,
1699 3436 2050 3501 denuntians,
2098 3445 2157 3489 ut
2207 3435 2343 3489 ami-

768 3540 914 3584 ctum
969 3543 1066 3596 pro
1111 3529 1260 3596 galea
1300 3541 1463 3596 super
1513 3535 1676 3593 caput
1724 3526 1998 3592 indueret,
2049 3539 2100 3580 et
2154 3528 2347 3581 baculo

769 3637 868 3690 pro
904 3623 1090 3675 lancea
1138 3620 1356 3674 dextera
1400 3636 1563 3673 manu
1612 3629 1856 3673 uteretur
1886 3629 1938 3673 et
1979 3620 2188 3689 primus
2223 3630 2349 3674 ante

767 3714 1064 3769 exercitum
1111 3713 1452 3782 procederet.
1499 3710 1612 3766 Rex
1642 3722 1820 3767 autem
1865 3712 2228 3777 Theodosius,
2263 3713 2348 3768 his

769 3823 797 3858 a
834 3816 1024 3858 sancto
1059 3805 1243 3859 missis
1279 3805 1364 3872 pie
1394 3803 1732 3872 ﬁdeliterque
1764 3804 2020 3873 acceptis,
2049 3805 2115 3857 ad
2148 3804 2347 3858 bellum

768 3911 829 3952 se
855 3897 1100 3966 parabat,
1141 3912 1246 3950 non
1280 3905 1385 3949 tam
1416 3911 1716 3961 armorum,
1756 3896 2063 3963 jaculorum
2109 3905 2160 3950 et
2203 3898 2350 3950 mili-

770 4000 882 4042 tum
913 3988 1279 4054 multitudine,
1310 4002 1475 4056 quam
1529 3990 1700 4041 sancti
1729 3987 1956 4056 jt-juniis
1994 4003 2058 4041 ac
2085 3988 2349 4042 orationi-

770 4083 871 4136 bus
901 4082 1160 4137 conlisus.
1211 4081 1319 4136 lste
1361 4082 1506 4135 enim
1558 4096 1755 4135 novam
1795 4081 1895 4149 ipsi
1951 4081 2351 4150 praenuntiabat

770 4175 1078 4238 victoriam,
1129 4190 1236 4228 non
1279 4161 1566 4228 cruentum
1605 4188 1704 4243 pro
1741 4173 1859 4241 ipso
1898 4171 2014 4226 fore
2049 4183 2346 4237 certamen,

772 4269 866 4322 sed
903 4284 965 4321 ex
1009 4276 1239 4336 utraque
1289 4273 1439 4334 parte
1481 4265 1709 4318 multum
1763 4279 2016 4320 cruorem
2070 4280 2189 4318 esse
2223 4264 2348 4318 fun-

770 4361 1032 4414 dendum.
1083 4359 1362 4414 Circuibat
1405 4369 1590 4413 autem
1619 4373 1742 4412 cun.
1786 4356 2059 4426 episcopis
2090 4369 2142 4409 et
2173 4372 2348 4425 pepu-

769 4451 834 4504 lis
881 4466 1072 4506 omnes
1112 4450 1379 4506 orationis
1432 4451 1601 4513 loeas,
1653 4450 2141 4515 prosternebatque
2186 4462 2247 4502 se
2294 4447 2347 4500 in

2465 3249 2720 3318 βασιλεὺς
2757 3247 3037 3310 Θεοδόσιος
3065 3247 3330 3316 σκυλῆναι
3357 3247 3522 3300 αὐτὸν
3565 3245 3906 3315 παρακαλῶν
3939 3245 4033 3297 καὶ

2456 3341 2787 3396 ἐκδυσωπῶν
2812 3341 2917 3404 ἓως
2968 3340 3160 3406 αὐτοῦ,
3187 3342 3336 3402 ὅπως
3371 3341 3490 3402 ταῖς
3523 3339 3736 3392 ἐκείνου
3796 3354 4032 3406 προσευ-

2457 3437 2576 3505 χαῖς
2603 3434 3021 3503 ἐφοδιαζόμενος
3054 3434 3151 3502 τῆς
3178 3432 3314 3503 πρὸς
3355 3433 3480 3496 τοὺς
3525 3430 3854 3493 ἀντιπάλους
3897 3448 4034 3484 κατ⁸

2456 3526 2641 3596 ἄρξειε
2667 3527 2867 3596 μάχης.
2920 3524 2980 3577 '0
3022 3525 3078 3577 δὲ
3131 3525 3232 3594 τὴν
3267 3523 3573 3594 παρουσίαν
3632 3523 3731 3591 μέν
3772 3523 3915 3592 ὑπὲρ
3942 3522 4038 3573 eo.

2457 3618 2679 3680 λαϐείας
2704 3617 3016 3682 ἀνεϐάλετο,
3059 3616 3225 3686 εὐχὴν
3258 3616 3315 3668 δὲ
3350 3617 3442 3666 ἐπὶ
3467 3617 3535 3684 τῇ
3579 3613 3853 3684 βακτηρία
3887 3612 3973 3680 ἐφ’

2457 3711 2824 3780 ἐπεστήρικτο
2878 3710 2974 3762 καὶ
3023 3708 3098 3779 τῷ
3174 3707 3542 3777 περιϐολαίῳ,
3575 3708 3604 3759 ὃ
3656 3706 4038 3775 περιαυχένιον

2458 3801 2644 3871 ἔφερε,
2680 3801 3074 3870 ποιησάμενος,
3114 3797 3290 3851 ταῦτα
3335 3799 3475 3869 πρὸς
3516 3797 3682 3850 αὐτὸν
3734 3797 4037 3865 ἐκπέμπει,

2458 3892 2858 3963 παραγγείλας,
2886 3891 2973 3944 ἵνα
3003 3891 3061 3942 τὸ
3091 3891 3190 3960 μὲν
3225 3888 3583 3960 περιϐόλαιον
3635 3889 3760 3941 ἀντὶ
3807 3889 4040 3957 κόρυθος

2457 3985 2553 4038 ἐπὶ
2576 3985 2675 4052 τὴν
2701 3984 2942 4054 κεφαλὴν
2970 3981 3370 4052 περιϐαλεῖται,
3404 3984 3467 4052 τῇ
3497 3981 3555 4034 δὲ
3584 3980 3861 4049 βακτηρίᾳ
3918 3980 4042 4032 ἀντὶ

2457 4078 2684 4148 δόρατος
2712 4080 2780 4147 τῇ
2816 4077 2967 4144 δεξιᾷ
2999 4075 3142 4145 χειρὶ
3190 4075 3463 4144 χρήσηται
3483 4073 3530 4104 ⁸³
3559 4074 3652 4126 καὶ
3695 4074 3916 4142 πρῶτος
3945 4071 4038 4125 τοῦ

2460 4167 2859 4239 στρατιωτικοῦ
2895 4167 3062 4220 αὐτοῦ
3111 4166 3582 4237 προπορεύσηται.
3613 4165 3675 4217 '0
3700 4164 3755 4217 δὲ
3786 4165 4038 4234 βασιλεὺς

2458 4263 2741 4324 Θεοδόσιος
2774 4261 2984 4323 πιστῶς
3024 4262 3120 4313 καὶ
3170 4259 3416 4322 εὐλαϐῶς
3450 4259 3519 4313 τά
3573 4259 3723 4328 παρὰ
3753 4257 3849 4311 τοῦ
3882 4259 4036 4326 ἀγίου

2461 4357 2725 4409 σταλέντα
2745 4354 3038 4421 δεξάμενος
3061 4353 3139 4415 είς
3159 4350 3250 4404 τὸν
3277 4351 3512 4421 πόλεμον
3531 4351 4038 4420 παρασκευάζεται,

2459 4448 2555 4518 οὐχ
2575 4447 2749 4510 οὕτως
2803 4448 2870 4517 τῇ
2925 4444 3034 4496 τῶν
3099 4442 3280 4496 ὅπλων
3315 4443 3409 4495 καὶ
3461 4441 3572 4494 τῶν
3618 4441 3788 4512 βελῶν
3820 4442 4038 4496 καὶτοῦ

769 4544 946 4598 cilicio
984 4553 1107 4598 ante
1136 4544 1333 4613 januas
1378 4555 1679 4614 martyrum
1707 4549 1760 4596 et
1786 4551 2096 4595 sanctorum
2134 4549 2355 4609 aposto-
2387 4532 2432 4588 Ι)

2387 4532 2432 4588 D
2463 4540 2592 4592 λαοῦ
2627 4538 2705 4609 τῷ
2753 4538 2947 4608 πλήθει
3010 4538 3133 4589 ὅσον
3157 4538 3223 4606 τῇ
3274 4535 3384 4589 τῶν
3411 4535 3676 4605 νηστειῶν
3709 4535 3804 4588 καὶ
3833 4538 3899 4606 τῇ
3933 4535 4039 4588 τῶν

771 4636 972 4701 lorum,
1003 4650 1124 4690 sese
1150 4645 1331 4705 aperte
1357 4638 1741 4691 demonstrans
1759 4641 2072 4690 sanctorum
2099 4633 2360 4688 interces-

773 4731 925 4784 sione
980 4728 1359 4783 ﬁdelissimum
1390 4727 1496 4783 sibi
1537 4741 1566 4780 a
1604 4726 1713 4781 Deo
1757 4726 2019 4780 auxilium
2053 4727 2352 4794 quaerebat.

769 4822 944 4877 αἰτεεοὶ
997 4836 1128 4878 vero
1173 4819 1360 4875 Romae
1401 4819 1714 4875 sacriﬁcare
1757 4818 2048 4873 studebant
2092 4827 2146 4872 et
2202 4819 2358 4872 vieti-

773 4929 984 4967 marnm
1051 4914 1262 4968 viscera
1327 4913 1603 4978 scrutari,
1667 4911 1949 4967 victoriam
2023 4910 2352 4978 imprudenti

772 5007 1151 5072 promittentes
1205 5005 1470 5076 Eugenio,
1522 5003 1782 5059 Flaviano
1828 5013 1941 5058 tum
1981 5003 2234 5073 prml’ecto
2265 5019 2354 5057 ar-

771 5100 985 5154 dentius
1025 5099 1148 5153 aliis
1211 5099 1327 5153 haec
1370 5109 1600 5168 agente;
1637 5098 1744 5162 hic,
1794 5099 2021 5151 multum
2054 5096 2353 5164 prudentia:

772 5207 884 5246 suae
918 5193 1109 5258 ﬁdens,
1144 5193 1400 5248 omnibus
1429 5192 1693 5247 suadebat
1738 5188 2043 5260 Eugenium
2083 5189 2347 5242 victorem

771 5285 890 5338 fore
935 5284 1272 5356 fulgentium.
1319 5283 1454 5340 Cum
1508 5296 1690 5340 autem
1742 5282 2082 5337 Theodosius
2128 5280 2350 5350 pietatis

2457 4631 2636 4703 εὐχῶν
2683 4631 2779 4684 τοῦ
2837 4631 2993 4698 ἁγίου
3056 4628 3332 4691 πεποιθώς
3359 4629 3406 4661 ⁸⁵
3435 4645 3449 4658 ο
3487 4623 3644 4690 οὗτος
3693 4629 3802 4698 γὰρ
3848 4627 4036 4697 καινὴν

2455 4723 2825 4792 ἐπηγγείλατο
2875 4720 3027 4792 αὐτῷ
3082 4721 3182 4790 τὴν
3236 4721 3417 4790 νίκην,
3446 4719 3793 4790 ἀναίμακτον
3824 4719 4034 4791 προϐή-

2455 4815 2646 4869 σεσθαι
2677 4815 2756 4876 εἱς
2783 4814 2845 4866 τὸ
2889 4813 3015 4865 κατ’
3043 4812 3227 4874 αὐτὸν,
3277 4811 3373 4864 καὶ
3404 4811 3511 4865 ἀπὸ
3539 4811 3805 4880 ἐκατέρου
3836 4813 4035 4882 μέρους

2453 4909 2705 4962 πλεῖστον
2739 4905 3019 4978 ἐκχεῖσθαι
3053 4905 3274 4975 μέλλειν
3299 4905 3345 4937 ⁸⁸
3379 4900 3539 4974 αἷμα.
3591 4903 3930 4975 Περιήρχετο
3982 4907 4035 4958 δὲ

2466 5001 2605 5071 μετά
2640 5000 2956 5055 ἐπισκόπων
2981 4999 3025 5030 ⁸⁷
3054 4998 3149 5053 καὶ
3205 4999 3343 5067 μετα
3371 4998 3612 5068 πλήθους
3647 4998 3856 5060 πάντας
3910 5000 4036 5064 τούς

2460 5093 2570 5146 τῶν
2624 5094 2798 5162 εὐχῶν
2855 5093 3053 5155 τόπους
3118 5093 3215 5144 καὶ
3277 5092 3542 5162 ἔρῤιπτεν
3568 5091 3760 5144 ἑαυτὸν
3794 5092 3902 5161 πρὸ
3928 5093 4038 5144 τῶν

2464 5186 2646 5257 θυρῶν
2697 5185 2806 5237 τῶν
2839 5183 3151 5253 Μαρτύρων
3184 5183 3415 5236 καὶτῶν
3461 5183 3658 5250 Ἀγίων
3697 5182 4036 5236 Ἀποστόλων

2462 5279 2562 5331 ἐπὶ
2602 5278 2864 5342 κιλικίου,
2904 5276 3157 5343 ἐξαπλῶν
3188 5277 3404 5342 ἐαυτὸν,
3435 5277 3528 5330 καὶ
3551 5279 3618 5348 τῇ
3637 5275 3906 5348 πρεσϐεία
3927 5277 4038 5330 τῶν

2012 5422 2211 5483 Variae
2255 5419 2561 5482 lectiones
2590 5423 2652 5478 et
2688 5423 2876 5478 notae.

844 5578 892 5610 "
926 5579 1061 5648 Περὶ
1108 5579 1355 5633 Ἰωάννου
1392 5577 1648 5649 μοεθαχοῦ.
1684 5576 1814 5633 Ced.
1839 5571 2182 5640 568,!l—20
2217 5591 2230 5626 :
2279 5571 2525 5624 Ἐσπευσ

847 5649 875 5702 ὖ
920 5651 1190 5716 τυράννου
1228 5649 1490 5716 Εὐγενίου
1540 5651 1640 5702 οὐκ
1673 5648 1780 5716 ἰδίᾳ
1832 5647 1979 5716 ίσχύῐ
2015 5645 2324 5715 ἐθάρρησεν
2349 5641 2485 5696 ῖΙ.δέ
2515 5658 2525 5716 ᾖ

2354 5586 2557 5624 σπευσε
2607 5567 2663 5620 δὲ
2703 5569 2730 5618 ὁ
2773 5567 2948 5635 μέγας
2993 5567 3054 5618 Θ.
3095 5567 3175 5629 είς
3222 5567 3337 5619 ἐκδ.
3377 5567 3577 5618 αὐτοῦ’
3608 5567 3768 5628 ἐξιὼν
3793 5567 3852 5616 δέ
3891 5567 4033 5618 κατά

2352 5641 2408 5696 '-l.
2428 5642 2485 5694 δέ
2515 5657 2567 5716 τ.
2586 5638 2667 5716 ’ᾼπ
2703 5654 2779 5716 μ.⁵
2799 5637 3038 5716 μεγάλου
3065 5636 3169 5716 τὴν
3184 5636 3381 5716 ῥάϐδον
3395 5636 3461 5716 -ά.
3567 5634 3678 5716 την.
3702 5633 3952 5716 ἐπωμίδα
3979 5635 4033 5688 δέ

1661 5703 1975 5787 ⁸¹δὲύτεβον
1991 5703 2167 5770 εοόέί
2193 5703 2226 5769 ἑ
2257 5713 2585 5814 compendio
2607 5707 2651 5778 β’
2675 5703 2816 5762 male
2847 5703 3046 5764 sOluto.
3120 5703 3342 5779 "huic

1661 5790 1776 5835 trra.
1859 5790 1904 5820 ⁸⁸
1936 5786 2157 5835 ἔμελλεν
2184 5786 2304 5835 cod.
2413 5783 2432 5815 τ
2460 5780 2716 5835 ἐπισκόπ.
2757 5779 2877 5834 cod.

2334 5713 2585 5814 mpendio
2607 5707 2651 5778 β’
2675 5703 2816 5762 male
2847 5703 3046 5764 sOluto.
3120 5703 3418 5779 “vim”?
3493 5705 3538 5738 ⁸³
3567 5703 3678 5759 διζῖ
3748 5704 3795 5735 ⁸⁵
3823 5707 4015 5776 χρήσαι

2413 5783 2432 5815 ⁷
2460 5780 2716 5835 ἐπισκόπ.
2757 5779 2877 5834 cod.

776 5649 875 5703 ’τοῦ
920 5651 1190 5720 τυράννου
1228 5649 1490 5717 Εὐγενίου
1534 5648 1640 5702 οὐκ
1670 5648 1780 5720 ίδία

780 5722 906 5772 αντὶ
933 5719 1163 5790 κράνους
1182 5719 1565 5789 ὁπλισάμενος.

786 5791 908 5844 ςθαι
941 5786 1064 5847 cod.
1141 5791 1183 5822 ”
1228 5786 1486 5861 βοηθίίᾳῖ
1525 5790 1594 5845 cf.
1623 5790 1776 5846 infra.
1859 5786 1904 5820 "
1936 5786 2157 5856 ἔμελλεν
2184 5786 2304 5841 cod.

2993 5564 3054 5618 Θ.
3095 5565 3175 5629 εἰς
3222 5565 3337 5619 ἐκδ.
3377 5554 3577 5618 αὐτοῦ’
3608 5561 3768 5628 ἐξιὼν
3793 5561 3852 5616 δέ
3891 5565 4035 5618 κατά

2757 5779 2877 5834 cod.
