4258 6440
713 373 716 376 ’
788 367 890 437 ’131

1999 376 2318 437 GEORGII
2359 374 2803 435 HAMAR'I‘OLI

3920 375 4035 436 732

785 476 1007 545 quidem
1065 477 1301 547 adjuvet,
1351 478 1542 531 horum
1605 490 1785 535 autem
1861 481 2105 540 humiliet
2150 485 2466 556 cogita-A‘

2349 517 2354 524 -
2385 485 2432 544 Λ
2460 485 2558 553 τὴν
2603 485 2936 556 θρασύτητα,
2980 485 3207 548 ἐκείνοις
3238 487 3339 554 μιν
3380 487 3477 559 τὴν
3525 492 4030 559 ταπεινοφροσύνην

850 846 1006 913 Quod
1034 849 1196 904 etiam
1218 867 1446 920 magnus
1468 853 1700 909 Basilius
1727 867 1910 926 aperte
1939 859 2074 915 dixit
2101 880 2112 915 :
2155 880 2172 913 ι
2212 864 2350 919 Dicit

781 935 927 990 enim
967 938 1403 1008 sapientissimus
1441 945 1696 999 Salomon
1724 964 1740 1001 :
1767 947 1924 1003 Omni
1968 953 2041 1005 rei
2090 962 2303 1025 tempus
2338 974 2353 1022 ;

778 1025 1059 1083 sciendum
1093 1039 1178 1085 est
1225 1033 1544 1091 humilitatis
1574 1049 1626 1091 et
1658 1042 1944 1106 potestatis
1975 1051 2028 1098 et
2058 1048 2353 1114 exprobra-

778 1117 944 1173 tionis
976 1129 1032 1174 et
1056 1123 1457 1179 exhortamenti
1492 1138 1544 1181 et
1578 1132 1855 1196 parcitatis
1889 1143 1942 1188 et
1977 1135 2263 1202 libertatis,
2297 1149 2353 1192 et

783 1209 1038 1268 bonitatis
1068 1223 1119 1268 et
1151 1217 1482 1283 severitatis,
1510 1238 1726 1293 unoque
1760 1225 1924 1280 verbo
1955 1228 2242 1296 cujuslibet
2275 1229 2352 1284 rei

781 1311 994 1371 tempus
1021 1319 1141 1360 esse
1171 1311 1474 1377 proprium.
1508 1323 1563 1368 ut
1602 1327 1715 1370 tum
1743 1332 1803 1370 ea
1852 1333 1971 1387 quae
2001 1328 2129 1374 sunt
2173 1320 2353 1374 Immi-

780 1389 949 1445 Iilatis
981 1396 1315 1454 ostendenda
1344 1402 1454 1455 sint
1483 1413 1536 1456 et
1563 1404 1717 1472 juxta
1755 1405 2096 1462 Dominicum
2125 1411 2350 1465 verbum

782 1493 1073 1546 puerorum
1104 1485 1382 1543 humilitas
1415 1490 1711 1561 imitanda;
1746 1505 1859 1550 tum
1909 1513 2039 1554 vero
2087 1511 2352 1569 potestate

785 1573 1063 1638 utendum,
1103 1591 1266 1644 quam
1316 1579 1462 1636 dedit
1518 1585 1657 1640 Deus
1702 1586 1756 1640 in
1825 1589 2236 1646 mdiﬁcationem
2302 1601 2357 1647 et

788 1675 892 1714 non
921 1662 972 1715 in
1003 1664 1450 1732 destructionem.
1486 1687 1608 1726 cum
1641 1678 1938 1732 necessitas
1970 1682 2160 1749 agendi
2189 1682 2355 1736 liber-

784 1762 946 1808 tatem
979 1758 1224 1827 requirit.
1276 1762 1536 1818 Similiter
1559 1766 1956 1826 exhortationis
1981 1781 2223 1843 temporc
2261 1778 2355 1831 hoc

786 1845 926 1900 nitas
959 1855 1041 1902 est
1069 1852 1424 1920 ostendenda,
1452 1857 1597 1911 sicut
1626 1863 2060 1929 exprobrationis
2118 1875 2357 1936 tempore

784 1935 932 1992 zelus
984 1942 1454 2014 manifestandus;
1509 1961 1562 2004 et
1621 1952 1674 2006 in
1729 1954 1961 2011 aliorum
2025 1974 2356 2032 unoquoque

783 2031 985 2097 pariter
1004 2037 1345 2096 rationabilis
1363 2051 1416 2097 et
1444 2044 1624 2112 justus
1644 2047 1982 2108 adhibendus
2005 2063 2091 2108 est
2118 2031 2311 2112 modus
2339 2075 2354 2111 :

786 2137 908 2176 nam
936 2124 1174 2182 rationes
1205 2128 1479 2198 justornm
1508 2133 1723 2195 iudicia.
1755 2156 1775 2188 ι

857 2303 1024 2362 Divus
1050 2324 1266 2380 quoque
1302 2310 1541 2370 lsidorus
1573 2315 1716 2371 beati
1751 2318 2078 2391 discipulus.
2106 2339 2203 2378 sua
2229 2341 2360 2382 voce

788 2395 966 2451 dicit:
1005 2416 1022 2449 t
1061 2398 1197 2454 Eum
1237 2405 1330 2470 qui
1384 2415 1576 2472 praeest
1632 2419 1846 2478 oportet
1892 2427 2015 2467 esse
2048 2413 2251 2468 bonum
2294 2433 2359 2471 ac

793 2490 1155 2554 tremendum,
1194 2496 1368 2564 utqui
1404 2496 1540 2553 bene
1585 2499 1771 2554 vivunt
1805 2501 2058 2564 ﬁduciam
2102 2506 2357 2571 habeant,

788 2586 843 2632 et
871 2580 964 2648 qui
1001 2591 1314 2650 peccatores
1344 2596 1472 2640 sunt
1507 2598 1651 2644 metu
1697 2594 2081 2649 contineantur
2127 2613 2358 2653 ε-ιιιιιιιιι

787 2671 932 2726 enim
967 2672 1172 2744 absque
1207 2677 1379 2731 altero
1409 2678 1653 2734 absentia
1690 2684 1868 2750 patina
1899 2701 2061 2754 quam
2105 2704 2237 2742 usus
2258 2705 2360 2744 all-9

793 2763 1067 2821 etoritatis
1111 2774 1213 2820 est.
1238 2765 1448 2822 Etenim
1496 2770 1540 2826 si
1573 2774 1755 2828 cuncti
1776 2775 1980 2832 dociles
2038 2788 2093 2834 et
2144 2782 2361 2839 virtutis

787 2863 1032 2910 amantes
1065 2867 1269 2924 essent,
1304 2861 1419 2915 sola
1449 2860 1688 2942 bonitate
1736 2876 1880 2922 esset
1925 2884 2105 2938 opus;
2139 2871 2185 2927 si
2235 2889 2362 2928 vero

789 2948 970 3001 cuncti
1005 2949 1071 3003 ad
1109 2961 1396 3019 peccatum
1454 2958 1707 3026 prompti,
1771 2968 1961 3014 metu:
1997 2977 2123 3016 cum
2179 2977 2360 3020 autem

793 3036 966 3092 bonos
989 3048 1042 3093 et
1076 3041 1246 3096 malos
1287 3043 1339 3097 in
1370 3045 1630 3115 subjectis
1656 3062 1776 3103 esse
1806 3060 2034 3120 oportet.
2070 3063 2361 3125 utrumque

2461 575 2577 628 δέον
2613 577 2957 646 προσφέρειν,
2980 576 3190 639 τούτοις
3229 578 3285 631 δέ
3323 581 3421 650 τὴν
3451 580 3704 650 ἀνδρείαν
3737 581 4034 633 σϐεννύου-

2461 685 2560 720 σαν
2588 667 2767 720 αὐτῶν
2795 667 2894 738 τὴν
2927 669 3034 721 ἀπὸ
3071 669 3405 741 θρασύτητος
3442 672 3620 738 δόξαν,
3662 673 3748 726 ἵνα
3773 674 3899 735 τοὺς
3926 673 4035 741 μὲν

2457 760 2736 830 ὠφελήσῃ,
2773 761 2886 818 ,τῶν
2917 761 2971 813 δὲ
3006 762 3405 854 ταπεινώσητὸ
3443 764 3715 833 φρόνημα.
3757 783 3774 814 ι

2535 855 2581 884 δ’
2620 853 2730 920 (ίῖ)
2765 855 2937 918 Ὅπερ
2982 847 3074 906 οὖν
3103 857 3198 906 καὶ
3241 857 3270 907 6
3316 847 3487 924 μέγας
3520 857 3796 918 Βασίλειος
3846 856 4030 923 δηλῶν

2456 943 2608 1009 ἔλεγε
2629 956 2648 974 ο
2685 961 2703 991 σ
2745 941 2852 994 Τοῦ
2906 942 3218 1010 σοφωτάτου
3247 944 3588 1014 Σολομῶντος
3633 947 3907 1014 φήσαντος
3939 943 3990 974 ⁸⁸
4013 962 4024 974 ·

2462 1050 2481 1083 ι
2519 1032 2724 1102 Καιρὸς
2770 1032 2849 1101 τῷ
2898 1033 3061 1086 παντὶ
3114 1034 3421 1104 πράγματι,
3457 1053 3474 1086 ι
3523 1035 3720 1088 ειδέναι
3768 1039 3899 1105 χρὴ,
3942 1038 4026 1089 ὅτι

2460 1126 2552 1176 καὶ
2582 1123 2989 1192 ταπεινότητος,
3039 1124 3131 1177 καὶ
3179 1124 3448 1190 ἐξουσίας,
3503 1127 3595 1178 καὶ
3634 1126 3877 1194 ἐλέγχου,
3930 1128 4027 1178 καὶ

2457 1214 2876 1284 παρακλήσεως,
2929 1215 3024 1266 καὶ
3084 1215 3333 1291 φειδοῦς,
3397 1215 3492 1268 καὶ
3538 1217 3876 1286 παρρησίας,
3928 1217 4027 1268 καὶ

2455 1306 2842 1374 χρηστότητος.
2871 1305 2964 1359 καὶ
2996 1306 3323 1374 ἀποτομίας,
3361 1307 3456 1359 καὶ
3494 1306 3639 1372 ama
3668 1307 3854 1369 ἁπλῶς
3883 1324 4026 1359 ﬂuv-

2455 1400 2547 1460 τὸς
2587 1399 2913 1466 πράγματος
2961 1400 3151 1469 καιρός
3190 1400 3335 1452 ἐστιν
3387 1399 3537 1462 ῖδιος,
3569 1400 3709 1454 ὥστε
3756 1401 3887 1452 ποτὲ
3924 1401 4028 1469 μὲν

2456 1489 2526 1542 τά
2558 1491 2657 1556 τῆς
2679 1489 3067 1558 ταπεινότητος
3091 1489 3360 1543 δεικνύειν
3387 1491 3480 1544 καὶ
3520 1493 3804 1561 μιμεῖσθαι
3836 1497 3902 1563 τῇ
3931 1511 4030 1546 τα-

2458 1580 2717 1633 πεινώσει
2749 1581 2818 1634 τά
2868 1580 3058 1633 παιδία
3097 1581 3241 1634 κατά
3269 1583 3368 1651 τὴν
3421 1581 3703 1652 Κυριακὴν
3748 1585 3931 1652 φωνὴν
3955 1586 4028 1646 ³⁸,

2461 1674 2591 1724 ’ποτὲ
2622 1672 2679 1725 δέ
2711 1675 2778 1742 τῇ
2809 1671 3027 1741 ἐξουσία
3063 1673 3363 1743 κεχρῆσθαι
3384 1672 3429 1705 ⁸²
3462 1692 3480 1724 ι
3513 1673 3580 1741 ἣν
3614 1675 3812 1727 ἔδωκεν
3837 1676 3867 1727 6
3893 1676 4029 1738 Θεδς

2463 1762 2540 1824 εἰς
2572 1761 2864 1831 οἰκοδομὴν
2887 1763 2981 1814 καὶ
3005 1762 3105 1814 οὐκ
3125 1764 3206 1825 είς
3231 1761 3570 1831 καθαίρεσιν,
3610 1781 3628 1814 ι
3656 1765 3781 1816 ὅταν
3807 1767 3838 1832 ἡ
3869 1765 4031 1833 χρεία

2463 1855 2694 1922 ἐπιζητῇ
2730 1852 2827 1922 τὴν
2864 1854 3180 1924 παρρησίαν
3205 1872 3220 1886 ο
3251 1856 3346 1908 καὶ
3393 1857 3450 1908 ἐν
3490 1855 3667 1925 καιρῷ
3709 1857 3807 1924 μὲν
3854 1874 4034 1924 παρα-

2459 1945 2705 2016 κλήσεως
2730 1945 2791 1998 τὸ
2823 1948 3058 2016 χρηστὸν
3093 1947 3486 2012 ἐνδείκνυσθαι,
3513 1949 3570 2001 ἐν
3597 1948 3773 2018 καιρῷ
3803 1950 3858 2001 δέ
3896 1953 4033 2001 imo-

2457 2037 2652 2107 τομίας
2686 2038 2777 2090 τὸν
2835 2037 2997 2107 ζῆλον
3048 2038 3333 2108 ἐμφαίνειν
3384 2042 3478 2092 καὶ
3530 2041 3614 2108 ἐφ’
3644 2041 3874 2093 ἑκάστου
3921 2043 4034 2094 τῶν

2460 2128 2636 2180 ἄλλων
2673 2129 2874 2197 ὁμοίως
2906 2129 2997 2182 τδν
3039 2129 3290 2199 ἔγκριτον
3316 2130 3360 2164 ⁸³
3393 2130 3486 2183 καὶ
3526 2130 3734 2184 δίκαιον
3771 2134 4036 2201 λογισμὸν

2459 2225 2835 2295 ἀποφέρεσθαι
2854 2241 2870 2257 ·
2908 2225 3157 2296 λογισμοὶ
3196 2228 3305 2297 γάρ
3334 2227 3558 2281 δικαίων
3587 2228 3848 2300 κρίματα.
3882 2247 3899 2279 ι

2527 2320 2573 2351 ⁸⁵
2599 2319 2709 2388 (15)
2751 2319 2859 2370 Καὶ
2889 2317 2956 2390 δὴ
3009 2318 3102 2372 καὶ
3129 2320 3157 2371 6
3191 2319 3448 2387 θεοφόρος
3496 2321 3764 2390 Ἰσίδωρος
3794 2321 3887 2372 καὶ
3933 2321 4038 2373 τοῦ

2465 2412 2737 2480 μακαρίου
2790 2413 3051 2481 φοιτητὴς
3100 2428 3232 2464 ποτε
3281 2411 3467 2480 λέγει’
3506 2429 3539 2462 ι
3579 2412 3682 2464 Τὸν
3715 2413 3946 2481 ἄρχοντα
3981 2414 4039 2464 δὲ

2462 2503 2556 2554 καὶ
2591 2501 2794 2568 ἀγαθὸν
2849 2495 2988 2554 εἶναι
3026 2502 3107 2554 δεῖ
3161 2503 3256 2555 καὶ⁵
3314 2503 3565 2572 φοϐερὸν,
3604 2504 3672 2555 ἶν’
3709 2505 3756 2555 οί
3820 2505 3919 2573 μὲν
3973 2502 4039 2557 εὖ

2463 2593 2708 2663 βιοῦντες
2734 2592 3007 2663 θαῤῥοῖεν,
3030 2595 3078 2646 οἱ
3107 2593 3152 2645 δ’
3176 2593 3580 2662 ἁμαρτάνοντες
3601 2595 3808 2648 ὀκνοῖεν
3829 2612 3842 2625 ·
3873 2596 4042 2649 θάτε-

2467 2699 2559 2752 ρον
2591 2683 2703 2750 γὰρ
2752 2681 2982 2749 θατέρου
3035 2683 3226 2750 χωρὶς,
3262 2683 3528 2752 ἀναρχίας
3574 2684 3774 2751 μᾶλλον
3820 2687 3972 2737 ἐστιν
4007 2688 4040 2753 ἢ

2464 2774 2659 2844 ἀρχῆς.
2697 2772 2761 2825 Ei
2806 2772 2967 2844 493
3008 2772 3108 2841 μὲν
3161 2773 3269 2841 γὰρ
3323 2774 3524 2837 πάντες
3573 2771 3712 2846 ἦσαν
3765 2775 4045 2837 εὐπειθεῖς

2465 2868 2561 2920 καὶ
2610 2865 2912 2935 φιλάρετοι,
2947 2863 3284 2933 ἀγαθότητος
3333 2864 3440 2917 ἔδει
3477 2865 3663 2935 μόνης,
3703 2867 3751 2918 εί
3793 2864 3848 2916 δὲ
3881 2864 4048 2933 φιλα-

2466 2958 2838 3026 μαρτήμονες,
2867 2955 3034 3022 φόϐου
3052 2971 3070 2987 ο
3101 2955 3290 3025 ἐπειδὴ
3319 2954 3375 3007 δὲ
3408 2959 3501 3008 καὶ
3529 2956 3769 3020 ἀγαθοὺς
3809 2957 3902 3009 καὶ
3932 2973 4044 3007 πο-

2463 3050 2663 3120 νηροὺς
2690 3048 2905 3117 ἀνάγκη
2938 3047 2998 3100 ἐν
3047 3048 3163 3109 τοῖς
3188 3045 3513 3116 ἀρχομένοις
3556 3044 3717 3107 εἶναι,
3751 3047 4048 3116 ἀμφύτερα

793 3143 955 3183 manu
984 3133 1394 3200 ponderandum
1423 3145 1506 3192 est
1531 3139 1578 3192 ei
1609 3139 1702 3210 qui
1733 3150 1926 3209 praeest
1955 3153 2007 3198 et
2033 3143 2361 3212 dominatur,
2393 3152 2438 3213 C

2393 3152 2438 3213 α
2474 3139 2917 3211 μεταχειριστέον
2948 3136 3026 3206 τῷ
3069 3137 3292 3208 ἄρχοντι
3323 3137 3417 3190 καὶ
3449 3138 3852 3206 προϊσταμένῳ,
3889 3139 3977 3190 ἵνα
4011 3143 4047 3208 ἠ

796 3227 855 3272 ιιι
887 3219 1102 3276 bonitas
1132 3225 1418 3279 conﬁrmet
1451 3228 1624 3283 bonos
1654 3238 1706 3285 et
1753 3234 2043 3302 sapientes,
2082 3245 2138 3291 et
2187 3249 2364 3295 metus

796 3325 1084 3379 pravorum
1118 3316 1312 3370 delicta
1348 3319 1663 3387 prazveniat.
1710 3341 1728 3374 ι

868 3491 992 3548 Hmc
1022 3495 1204 3563 igitur,
1237 3506 1293 3550 ιιι
1320 3499 1451 3553 mihi
1483 3500 1718 3564 videtur,
1755 3514 1807 3558 et
1833 3505 2030 3562 sitnilfa
2060 3513 2367 3568 nescientes

795 3596 888 3641 aut
919 3587 1060 3642 male
1087 3589 1459 3648 discernentes
1512 3595 1620 3648 divi
1675 3594 1901 3652 Joannis
1955 3599 2181 3666 inimici,
2240 3618 2363 3656 eum

796 3677 1244 3734 irrationabiliter
1273 3691 1322 3735 et
1358 3681 1566 3738 insulse
1596 3684 1759 3740 veluti
1793 3690 2077 3754 quemdam
2111 3706 2364 3760 asperum

796 3775 851 3821 et
896 3768 1245 3835 iracundum,
1293 3774 1520 3828 oderant
1567 3786 1622 3829 et
1677 3777 2178 3836 calumniabantur.
2242 3783 2366 3837 léeo

796 3873 1012 3928 quoque
1036 3876 1346 3917 sermonem
1378 3880 1538 3933 quem
1568 3865 1756 3923 beatus
1785 3867 2021 3925 Joannes
2041 3872 2093 3926 in
2135 3875 2366 3930 ecclesia

796 3960 987 4003 contra
1021 3952 1274 4006 mulieres
1323 3953 1608 4020 habuerat,
1645 3958 1896 4013 malevoli
1931 3963 2233 4032 garrientes
2276 3966 2372 4018 ad-

795 4058 989 4098 versus
1027 4042 1325 4100 Eudoxiam
1359 4062 1481 4102 esse
1502 4049 1728 4115 dictum,
1761 4052 1836 4105 illi
1869 4069 2176 4109 sermonem
2215 4057 2370 4112 detu-

798 4133 994 4188 lerunt.
1027 4133 1160 4201 Qua:
1190 4135 1405 4206 quidem
1434 4154 1491 4193 se
1515 4140 1666 4195 valde
1701 4141 1884 4197 laesam
1917 4145 2059 4213 apud
2078 4146 2366 4202 Arcadium

799 4241 1058 4292 querens,
1097 4228 1248 4289 illum
1282 4239 1472 4285 contra
1502 4230 1767 4287 Joannem
1797 4238 2157 4305 exasperavit.
2197 4238 2371 4294 Cura-

800 4319 875 4371 vit
930 4327 1113 4375 autem
1167 4321 1413 4377 mandari
1481 4323 1842 4395 Theophilum
1905 4337 1962 4381 ut
2018 4328 2368 4384 manifestum

797 4411 1026 4465 Joannis
1061 4411 1362 4467 inimicum.
1391 4416 1493 4481 Qui
1543 4432 1665 4471 cum
1727 4418 2039 4473 advenisset
2088 4421 2153 4474 ad
2199 4420 2371 4486 Quer-

2475 3233 2573 3301 μὲν
2607 3230 2881 3300 άγαθότης
2913 3228 3145 3298 στηρίξει
3174 3229 3300 3290 τοὺς
3331 3227 3568 3295 ἀγαθοὺς
3599 3230 3692 3280 καὶ
3734 3227 4046 3295 σώφρονας,

2472 3323 2501 3374 6
2531 3322 2588 3374 δὲ
2626 3319 2790 3388 φόϐος
2843 3317 3259 3388 προαναστέλλῃ
3286 3316 3397 3370 τῶν
3453 3318 3730 3370 κακίστων
3761 3317 3830 3369 τά
3879 3318 4052 3370 πταί-

2474 3429 2673 3478 σματα.
2710 3429 2728 3461 ι
3230 3473 3249 3488 η

2545 3506 2590 3536 ⁸³
2625 3503 2736 3571 (14)
2769 3500 2957 3554 Ταῦτα
2988 3502 3190 3567 τοίνυν,
3224 3474 3299 3563 ὦς
3345 3474 3546 3562 ἐοιιίεν,
3595 3499 3914 3566 ἀγνοοῦντες
3945 3503 4054 3554 καὶ

2473 3594 2541 3646 τὰ
2571 3591 2777 3646 τούτων
2810 3593 2970 3660 ὃμοια
3007 3591 3081 3661 μὴ
3133 3589 3314 3649 καλῶς
3351 3591 3705 3659 ἐπιστάμενοι
3746 3591 4055 3660 διακρίνειν

2474 3687 2572 3740 καὶ
2617 3683 2934 3753 συγκρίνειν
2985 3684 3034 3736 οἱ
3087 3683 3275 3753 ἐχθροὶ
3311 3683 3406 3736 τοῦ
3447 3682 3736 3736 θεσπεσίου
3795 3685 4055 3738 Ἰωάννου

2476 3775 2686 3842 ἀλόγως
2718 3774 2814 3825 καὶ
2835 3773 3076 3842 ἀνοήτως
3107 3772 3330 3841 ἐμίσουν
3362 3772 3524 3826 αὐτὸν
3557 3772 3649 3826 καὶ
3671 3773 3945 3826 διέϐαλλον
3972 3773 4058 3836 ὡς

2474 3864 2683 3933 τραχύν
2712 3880 2835 3913 τινα
2869 3865 2963 3915 καὶ
2983 3861 3222 3931 ὀργῖλον.
3257 3862 3349 3914 Διὸ
3384 3861 3449 3932 δὴ
3473 3863 3567 3914 καὶ
3596 3862 3740 3917 κατὰ
3770 3865 4058 3932 γυναικῶν

2475 3961 2503 4010 6
2529 3956 2800 4025 μακάριος
2845 3952 3096 4022 Ἰωάννης
3144 3951 3232 4004 ἐπ’
3289 3952 3586 4022 ἐκκλησίας
3629 3953 3783 4019 λόγον
3839 3955 4060 4008 ἐπεδεί-

2479 4050 2624 4114 ξατο,
2667 4048 2727 4099 ὃν
2761 4046 2812 4098 οί
2839 4046 3127 4113 δυσμενεῖς
3154 4045 3277 4098 κατ’
3313 4043 3571 4110 Εὐδοείας
3604 4045 3854 4114 εἰρῆσθαι
3884 4045 4061 4117 θρυλ-

2476 4141 2762 4208 λήσαντες,
2804 4134 2976 4204 ταύτῃ
3013 4134 3105 4186 τὸν
3153 4134 3313 4200 λόγον
3342 4133 3660 4203 εἰσήγαγον.
3707 4134 3768 4186 Ἡ
3817 4135 3870 4188 δὲ
3916 4137 4059 4205 πρὸς

2489 4230 2776 4301 Ἀρκάδων
2805 4227 2993 4289 δεινῶς
3028 4225 3360 4279 πεπονθέναι
3393 4226 3630 4293 λέγουσα
3679 4227 3819 4280 κατὰ
3861 4228 4057 4282 Ἰωάν-

2478 4341 2570 4376 νου
2602 4323 2788 4376 τοῦτον
2821 4319 3178 4392 παρῴτρυνεν
3199 4334 3212 4347 ⁸
3263 4320 3670 4389 παρασκευάζει
3696 4320 3750 4372 δέ
3781 4339 4063 4387 μεταστα-

2480 4415 2639 4484 λῆναι
2686 4411 2948 4481 θεόφιλον
2995 4411 3071 4473 ὠς
3110 4409 3376 4479 πρόδηλον
3416 4410 3610 4480 ἐχθρὸν
3645 4410 3737 4463 τοῦ
3803 4413 4060 4467 Ἰωάννου

802 4519 924 4556 eum
952 4495 1235 4558 in'aadibus
1266 4504 1574 4562 Rutinianis
1605 4509 1897 4562 concilium
1923 4510 2182 4565 adversus
2207 4509 2373 4565 Joan-
2406 4499 2448 4554 ῐ)
2478 4523 2483 4546 ε

2406 4499 2448 4554 ῐ)
2478 4505 2817 4574 ὑπάρχοντα.
2856 4503 2955 4562 ’ος
2989 4499 3432 4567 παραγενόμενος
3471 4500 3528 4550 ἐν
3564 4501 3628 4567 τῇ
3659 4499 3790 4568 Aput
3817 4504 3883 4568 τῇ
3919 4500 3965 4531 ³⁸
3996 4504 4059 4554 ἐν

803 4611 924 4649 ncm
957 4601 1308 4667 congregavit
1336 4610 1389 4652 et
1421 4600 1570 4653 illum
1606 4601 1657 4653 in
1685 4601 1936 4655 exsilium
1968 4603 2234 4670 judicavit
2271 4603 2374 4672 eji-

802 4687 1054 4739 ciendum
1099 4705 1112 4740 :
1147 4704 1254 4756 quo
1307 4691 1525 4758 cognito
1558 4692 1786 4760 populus
1821 4691 1973 4744 illum
2005 4707 2068 4745 ex
2121 4694 2252 4747 urbe
2286 4694 2380 4747 de-

804 4779 930 4848 pelli
964 4795 1070 4833 non
1111 4782 1290 4836 ferens
1321 4797 1572 4854 magnam
1606 4783 1928 4839 seditionem
1955 4785 2100 4839 fecit.

878 4966 1076 5022 lntlcxa
1120 4969 1299 5039 populi
1332 4970 1722 5040 conquestibus
1775 4969 2018 5023 Eudoxia
2080 4969 2373 5023 Arcadium

810 5078 910 5141 pro
939 5063 1147 5118 Joanne
1170 5064 1456 5132 deprecata
1479 5072 1580 5121 est.
1619 5072 1672 5117 et
1716 5061 2024 5116 Brissonem
2061 5061 2374 5115 eunuchum

812 5164 1030 5216 mittens
1059 5176 1088 5214 a
1119 5157 1352 5213 Preneto
1383 5155 1648 5211 Joannem
1688 5155 1919 5218 reduxit,
1974 5154 2047 5208 ita
2083 5163 2142 5206 ut
2194 5152 2375 5206 Theo-

813 5248 992 5319 philus
1022 5258 1074 5301 et
1101 5247 1183 5302 sui
1222 5261 1342 5300 cum
1375 5245 1492 5314 ipso
1532 5244 1803 5315 perterriti
1849 5243 1986 5314 luga.-
2026 5259 2086 5298 se
2107 5242 2376 5298 dederint.

2491 4593 2890 4662 Ῥουφινιαναῖς
2918 4590 3016 4661 τὴν
3045 4591 3204 4644 κατὰ
3240 4590 3485 4644 Ἰωάννου
3517 4590 3808 4661 ἐπιϐουλὴν
3832 4608 4059 4662 κατειρ-

2481 4687 2690 4752 γάσατο
2744 4683 3078 4753 (καυοῦτον
3116 4681 3437 4750 κατέκρινεν
3474 4683 3531 4732 ἐν
3569 4680 3753 4751 ἐξορίᾳ.
3798 4683 4059 4755 στεῖλαι),

2480 4779 2614 4847 ὅπερ
2647 4776 2810 4842 γνοὺς
2837 4774 2865 4825 6
2893 4773 3021 4835 λαὸς
3055 4772 3244 4825 στάσιν
3281 4771 3529 4840 μεγάλην
3559 4771 3779 4837 ἐποίησε
3812 4772 3887 4842 μὴ
3919 4789 4061 4841 συγ-

2482 4871 2673 4942 χωρῶν
2705 4868 2854 4938 αύτῷ
2882 4866 3216 4937 ἐκϐληθῆναι
3239 4869 3336 4933 τῆς
3368 4865 3596 4926 πόλεως.

2554 4964 2597 4996 ⁵⁷
2629 4961 2742 5032 (15)
2805 4957 3248 5028 Ἐπικαμφθείσα
3279 4957 3323 4990 ⁸⁸
3373 4956 3598 5020 Εὺδοξία
3641 4959 3752 5019 τοῖς
3798 4957 4061 5027 ὀδυρμοῖς

2485 5058 2578 5111 τοῦ
2602 5056 2734 5109 λαοῦ
2762 5054 3159 5126 (παρεκάλεσεν
3186 5052 3324 5122 ὑπὲρ
3355 5051 3604 5106 Ἰωάννου
3632 5054 3722 5105 τὸν
3749 5053 4060 5120 Ἀρκάδων,

2487 5151 2602 5220 καὶ)
2629 5148 2894 5217 πέμψασα
2926 5146 3208 5216 Βρίσσωνα
3238 5145 3281 5175 ⁸⁸
3303 5144 3393 5197 τὸν
3419 5145 3672 5213 εὐνοῦχον
3695 5145 3801 5196 ἀπὸ
3831 5146 4066 5214 Πραινέο

2487 5259 2579 5295 του
2608 5241 2699 5294 τὸν
2738 5241 2992 5308 Ἰωάννην
3016 5237 3330 5306 εἰσήγαγεν,
3358 5235 3496 5288 ὥστε
3526 5235 3783 5304 Θεόφιλον
3811 5238 3904 5288 καὶ
3932 5237 4062 5299 τοὺς

2004 5385 2199 5447 Variae
2225 5385 2532 5445 lectiones
2577 5388 2638 5442 et
2672 5387 2860 5442 noue.

824 5696 1057 5752 SilJ-ﬁ.
1134 5696 1179 5727 ⁸⁸
1225 5695 1279 5747 δέ
1319 5694 1441 5748 add.
1473 5694 1604 5746 (led.
1681 5693 1725 5724 "
1756 5692 2001 5762 Βρίσωνα
2034 5691 2160 5747 (Sed.
2208 5691 2406 5759 Βρυππ.
2441 5706 2504 5746 co

1486 5694 1604 5746 Sed.
1681 5693 1725 5724 "
1756 5692 2001 5762 Βρίσωνα
2034 5691 2160 5747 Ccd.
2208 5691 2406 5759 Bona.
2441 5692 2559 5746 cod.
2597 5690 2684 5744 sc-I
2723 5687 2747 5750 ξ
2782 5688 2842 5742 16
2887 5689 3074 5754 Βρεττ.

821 5645 1004 5678 κοῖτον
1041 5625 1172 5680 Ced.

825 5783 928 5821 σωτ
947 5783 1004 5837 (ρ
1019 5768 1094 5820 ἀν
1129 5764 1450 5837 πορῖσασθαι
1483 5766 1607 5819 Ced.

3221 5546 3265 5575 '”
3306 5542 3344 5596 ll
3389 5543 3514 5596 Cor.
3565 5558 3682 5604 xm,
3729 5541 3812 5595 10.
3895 5544 3942 5573 ³³
3973 5544 4072 5595 ἐγ-

3221 5613 3327 5664 30d.
3355 5617 3417 5664 τῆ
3481 5611 3572 5664 νῦν
3611 5611 3741 5664 Cetl.
3852 5613 3896 5642 ⁸⁷
3928 5612 4068 5664 Cod.

3211 5685 3298 5737 Ἡ.
3340 5681 3415 5746 ὡς
3459 5682 3583 5738 Cetl.
3619 5711 3687 5723 -—-
3715 5681 3806 5734 9.2.
3857 5699 3916 5749 φ.
3969 5681 4068 5750 τὴν

2571 5550 2613 5580 ⁸⁸
2655 5548 2841 5601 Matth.
2873 5562 3024 5605 xvm.
3073 5545 3127 5598 5.
