4244 6440
839 360 936 421 751

2033 364 2348 427 GEORGII
2396 369 2840 429 lIAMARTOLI

3971 371 4080 434 752

829 469 1282 522 naturamJidcm
1311 481 1574 540 nugantes
1592 470 1657 525 de
1675 484 1835 526 carne
1868 473 2100 538 Domini,
2132 475 2397 528 divinitati
2431 485 2475 539 Α

2431 485 2475 539 Α
2505 478 2711 548 Κυρίου
2739 480 3022 548 δμοούσιον
3061 483 3207 550 ἡμῖν,
3233 481 3349 536 ἀλλ’
3371 483 3434 539 ἐκ
3458 483 3551 538 δύο
3585 484 3686 555 μὲν
3723 486 3939 555 φύσεων
3973 491 4076 560 τὴν

827 563 1130 626 passionem
1180 563 1443 616 tribuunt.

894 944 1004 999 Hos
1056 949 1388 1016 deponcntes
1434 959 1490 1002 ut
1559 951 1902 1021 blasphemos
1966 957 2393 1011 anathematiza-

822 1049 1036 1103 verunt,
1063 1050 1224 1108 atque
1251 1039 1480 1109 professi
1515 1053 1644 1097 sunt
1671 1043 1970 1112 perfectum
2002 1045 2170 1099 Deum
2197 1059 2249 1101 et
2273 1065 2392 1118 per-

827 1130 1024 1183 fectum
1054 1131 1327 1185 hominem
1355 1136 1604 1187 eumdem
1639 1136 1690 1187 in
1715 1136 1927 1189 duabus
1953 1141 2166 1193 naturis
2187 1141 2390 1208 absque

821 1219 1143 1274 confusione
1167 1232 1219 1275 ct
1248 1225 1498 1287 ntistura,
1533 1226 1816 1280 Dominum
1852 1238 2099 1283 nostrum
2133 1247 2194 1284 ac
2221 1231 2387 1285 Deum

819 1310 1006 1365 .Iesum
1041 1312 1351 1379 Christum;
1389 1316 1635 1385 duasque
1659 1319 1916 1373 dixerunt
1946 1329 2167 1375 naturas
2197 1323 2388 1376 distin-

819 1400 1034 1463 ctionis,
1070 1416 1174 1454 non
1201 1405 1561 1470 separatiunis
1601 1404 1798 1471 Verbo,
1836 1417 1888 1460 et
1915 1409 2197 1474 epistolam
2235 1426 2388 1482 papre

823 1493 1004 1543 Romae
1029 1489 1227 1546 Leonis
1249 1497 1314 1547 ad
1341 1493 1654 1548 Flavianum
1682 1497 1961 1566 scriptam,
1990 1509 2045 1552 ut
2073 1501 2383 1555 columnam

818 1581 1156 1635 orthodoxiae
1191 1595 1538 1651 receperunt.

887 1672 1334 1740 Approbaverunt
1377 1676 1539 1727 etiam
1589 1673 1819 1730 Nestorii
1865 1684 2384 1738 excommunicatio-

815 1778 938 1814 nem
1001 1775 1052 1816 et
1111 1776 1429 1833 receperunt
1473 1766 1872 1822 Theodoretum
1938 1782 1990 1825 et
2043 1773 2210 1839 Ibam,
2257 1778 2379 1846 quia

815 1851 1122 1928 Nestorium
1161 1856 1774 1912 anathematizaverant.

886 1945 1083 2001 Eodem
1125 1959 1368 2018 tempore
1399 1951 1661 2006 mirabilis
1704 1951 1922 2009 Simeon
1964 1970 2130 2026 super
2172 1961 2381 2015 colum-

815 2055 880 2091 na
909 2041 1310 2093 stans-vivebat.
1361 2033 1682 2111 Vituperans
1736 2060 1859 2099 eum
1898 2051 2156 2117 ,synodus
2197 2052 2382 2121 (siqui-

813 2132 934 2183 dem
998 2134 1206 2198 primus
1259 2132 1360 2187 hoc
1418 2134 1632 2189 vivendi
1705 2152 1877 2206 genus
1945 2143 2379 2214 excogitaverat)

818 2224 1223 2277 communicare
1265 2239 1389 2277 cum
1441 2226 1560 2294 ipso
1603 2229 1796 2282 noluit.
1861 2229 2062 2286 Deinde
2114 2249 2235 2287 cum
2297 2236 2380 2289 di-

809 2314 1068 2368 dicissent
1113 2314 1305 2372 Patres
1343 2317 1506 2388 hujus
1551 2321 1648 2374 viri
1674 2323 1835 2377 vitam
1863 2339 1926 2379 ac
1951 2327 2376 2398 simplicitatem,

809 2423 1001 2462 rursus
1023 2423 1144 2461 cum
1165 2422 1231 2462 eo
1253 2411 1814 2469 communicaverunt.
1840 2415 1918 2468 Ad
1942 2430 2064 2468 eum
2093 2428 2376 2488 postquam

809 2498 994 2551 habitu
1032 2499 1246 2568 privato
1274 2517 1367 2555 rex
1405 2501 1718 2560 Marcianus
1742 2507 2000 2573 venisset,
2037 2508 2158 2578 ejus
2200 2514 2378 2580 preci-

809 2586 908 2639 hus
938 2588 1111 2642 sacris
1141 2598 1194 2642 et
1224 2601 1517 2660 conspectu
1553 2593 1752 2663 dignus
1785 2595 2000 2652 habitus
2029 2610 2131 2655 est.

880 2675 958 2731 De
979 2677 1249 2735 :Simeone
1286 2682 1660 2740 Theodoretus
1713 2687 1790 2740 ait
1825 2705 1896 2742 ει
1923 2690 2058 2743 Cum
2129 2693 2219 2761 qui
2285 2709 2380 2748 ve-

809 2771 1031 2828 niebant
1086 2775 1154 2830 ad
1212 2791 1337 2832 eum
1393 2795 1678 2834 numerum
1711 2783 1917 2852 justum
1945 2787 2291 2850 excederent.
2331 2800 2382 2845 ct

808 2881 1000 2922 omnes
1050 2878 1272 2939 tangere
1311 2888 1434 2925 eum
1482 2875 1790 2943 cupiebant,
1833 2887 1885 2930 et
1926 2893 1991 2932 ex
2046 2879 2381 2934 vestimentis

807 2960 928 3026 ejus
1006 2961 1243 3028 pelliceis
1321 2964 1558 3032 aliquam
1625 2965 2056 3022 benedictionem
2117 2971 2381 3040 attingere

814 3059 1162 3112 conarentur,
1191 3053 1366 3120 primo
1403 3055 1623 3123 quidem
1653 3057 1816 3126 hujus
1843 3060 2066 3114 honoris
2089 3077 2378 3118 excessum

2502 569 2694 620 ἕνωσιν
2733 571 3006 636 γενέσθαι,
3033 572 3162 640 μίαν
3189 573 3246 625 δὲ
3277 574 3315 604 ⁸⁷
3342 574 3772 644 ἀποτελεσθῆναι
3801 579 3942 646 μετὰ
3972 580 4077 648 τὴν

2501 661 2715 721 ἕνωσιν,
2753 661 2847 712 καὶ
2879 662 2954 722 ὡς
2986 663 3044 713 ἐν
3080 665 3355 734 φαντασίᾳ
3373 666 3470 733 τὴν
3497 667 3678 737 σάρκα
3718 669 3947 736 φορέσαι
3979 671 4073 722 τὸν

2501 747 2706 816 Κύριον
2755 749 3200 816 μυθολογούντων
3226 754 3319 803 καὶ
3347 757 3412 805 τῆ
3445 753 3661 824 θεότητι
3691 755 3860 817 πάθος
3898 772 4072 826 προσ-

2499 841 2772 907 νεμόντων
2791 841 2854 895 η.

2567 931 2608 961 ¹⁹
2634 932 2709 1000 (2)
2745 932 2852 994 Οὓς
2884 933 3206 996 καθελόντες
3249 933 3323 996 ὼς
3355 934 3708 1004 βλασφήμους
3737 937 4065 1005 ἀνεθεμάτι-

2499 1039 2622 1085 σαν,
2655 1022 3013 1090 ἐξεφώνησάν
3039 1041 3099 1075 τε
3124 1025 3330 1077 τέλειον
3361 1025 3492 1076 Θεὸν
3517 1029 3607 1078 καὶ
3625 1029 3830 1078 τέλειον
3857 1029 4068 1096 ἀνθρω-

2504 1131 2597 1167 πον
2630 1115 2722 1166 τὸν
2755 1114 2917 1166 αὑτὸν
2945 1117 3004 1166 ἐν
3035 1115 3128 1166 δύο
3161 1116 3390 1182 φύσεσιν
3433 1117 3755 1186 ἀσυγχύτως
3785 1119 3923 1187 (καὶ)
3957 1117 4068 1170 56t-

2491 1207 2728 1276 αιρέτως
2756 1206 2848 1258 τὸν
2876 1205 3081 1276 Κύριον
3099 1207 3254 1275 ἡμῶν
3287 1209 3378 1260 καὶ
3404 1207 3536 1260 Θεὸν
3573 1208 4032 1278 ΊησοῦνΧριττὸν
4052 1225 4064 1238 ε

2489 1298 2582 1350 δύο
2603 1299 2657 1350 δὲ
2687 1298 2945 1368 εἰρήκασι
2973 1297 3164 1367 φύσεις
3207 1298 3284 1367 τῷ
3319 1298 3464 1369 λόγῳ
3508 1299 3608 1368 τῆς
3657 1299 3920 1370 διαφορᾶς
3939 1301 3985 1330 ⁸⁵
4003 1300 4064 1352 ού

2487 1389 2735 1460 τῷλόγῳ
2765 1392 2864 1459 τῆς
2909 1389 3251 1459 διαιρέσεως,
3288 1390 3388 1458 τήν
3438 1407 3496 1442 τε
3538 1391 3632 1442 τοῦ
3667 1392 3888 1460 Ῥώμης
3945 1395 4066 1444 ἐπι-

2490 1483 2680 1553 στολὴν
2713 1482 2870 1535 πάπα
2913 1482 3141 1545 Λέοντος
3161 1484 3205 1513 "
3236 1484 3372 1552 πρὸς
3415 1483 3712 1537 Φλαϐιανὸν
3755 1490 4063 1556 γραφεῖσαν

2486 1574 2562 1635 ὡς
2590 1573 2791 1641 στήλην
2817 1571 3124 1641 ὀρθοδοξίας
3157 1573 3425 1638 ἐδέξαντο.

2554 1668 2598 1696 ’⁸
2635 1666 2710 1735 (5)
2755 1665 3109 1733 Ἐπικυροῦσι
3159 1665 3214 1719 δὲ
3249 1667 3343 1718 καὶ
3375 1665 3499 1738 [τὴν
3533 1669 3827 1738 Νεστορίου
3865 1669 4062 1720 καθαί-

2489 1772 2660 1825 ρεσιν,
2693 1755 2942 1820 ἐδέξαντο
2971 1755 3051 1825 δὲ]
3083 1755 3431 1825 Θεοδὼρητον
3463 1761 3556 1810 καὶ
3605 1759 3757 1811 Ἴϐαν
3791 1760 3866 1820 ὡς
3916 1762 4063 1813 ἁνα-

2483 1852 2878 1921 θεματίσαντας
2914 1852 3228 1919 Νεστόριον.

2552 1947 2598 1977 ’³
2626 1946 2702 2015 (4)
2746 1944 2868 1999 Ἐπὶ
2904 1943 3096 1997 τούτου
3152 1945 3378 2016 Συμεὼν
3431 1948 3460 1998 6
3500 1945 3808 2014 θαυμάσιος
3860 1943 4060 2006 ἐπιϐάς

2481 2038 2558 2109 τῷ
2589 2037 2764 2106 στύλῳ
2799 2037 2854 2105 (ἡ
2896 2036 3116 2100 σύνοδος
3141 2037 3674 2109 ἐπιμεμψαμένη,-
3701 2036 3922 2106 πρῶτος
3947 2037 4058 2103 γάρ

2479 2129 2636 2181 τοῦτο
2671 2128 3084 2195 ἐπενόησεν,-
3135 2128 3535 2198 ἀκοινωνησίαν
3585 2125 3736 2195 αὐτῷ
3787 2126 4056 2194 ἐπεμψεν.

2482 2219 2617 2274 Εἶτα
2650 2219 2911 2290 μαθόντες
2939 2220 2990 2273 oi
3017 2218 3150 2273 θεῖοι
3173 2222 3417 2292 Πατέρες
3445 2221 3535 2274 τὸν
3572 2219 3684 2288 βίον
3716 2220 3811 2271 καὶ
3838 2219 3901 2270 τὸ
3929 2222 4059 2273 61-J-

2481 2327 2582 2377 φον
2625 2307 2722 2362 τοῦ
2761 2308 2974 2378 ἀνδρὸς,
3006 2307 3171 2361 πάλιν
3203 2309 3354 2377 αύτῷ
3387 2309 3785 2378 ἐκοινώνησαν.
3825 2307 3967 2376 Πρὸς
3998 2307 4058 2359 ὃν

2481 2401 2508 2452 6
2535 2401 2788 2471 βασιλεὺς
2819 2401 3136 2470 Μαρκιανὸς
3186 2403 3244 2453 ἐν
3279 2400 3536 2470 ἰδιωτικῷ
3580 2402 3825 2471 σχήματι
3877 2417 4057 2470 παρα·

2481 2494 2771 2562 γενόμενος
2793 2535 2808 2559 ,
2843 2493 2945 2562 τῆς
2995 2494 3147 2566 ἱερᾶς
3179 2495 3346 2564 εὐχῆς
3376 2492 3543 2546 αὑτοῦ
3575 2496 3667 2547 καὶ
3699 2493 3830 2556 θέας
3883 2511 4059 2563 κατη-

2482 2585 2718 2652 ξίωται).

2556 2674 2773 2746 508“
2845 2676 2924 2745 (5)
2986 2675 3121 2748 Περὶ
3181 2695 3243 2730 ου
3297 2678 3392 2731 καὶ
3445 2677 3793 2748 Θεοδὼρητος
3847 2677 4054 2746 φησίν·

2488 2787 2505 2820 ι
2563 2768 2781 2839 Ἐπειδὴ
2810 2768 2990 2822 τοίνυν
3039 2767 3263 2839 ἀριθμῷ
3289 2769 3597 2840 κρείττονες
3621 2771 3664 2801 ’⁸
3705 2771 3754 2822 oi
3787 2769 4056 2835 ἀφικνού-

2484 2877 2659 2929 μενοι.
2700 2859 3037 2929 προσψαύειν
3075 2860 3131 2912 δὲ
3180 2860 3380 2923 πάντες
3419 2860 3729 2929 ἐπεθύμουν
3781 2861 3876 2912 καί
3927 2877 4055 2912 τινα

2482 2949 2735 3018 εὐλογίαν
2787 2951 3107 3020 ἐπεχείρουν
3156 2953 3366 3023 τρυγᾷν
3399 2952 3510 3005 άπὸ
3537 2950 3660 3005 ’τῶν
3705 2951 4055 3022 δερματίνων

2483 3040 2708 3094 ἐκείνων
2742 3041 2974 3110 ίματίων
3000 3057 3012 3071 ο
3050 3041 3294 3112 (πρῶτον
3337 3042 3438 3111 μὲν
3465 3043 3566 3112 τῆς
3595 3043 3760 3112 τιμῆς
3789 3043 3849 3093 τὸ
3882 3042 4055 3112 ὑπερ-

806 3144 1276 3198 inconvenientem
1299 3159 1417 3199 esse
1439 3151 1928 3215 reputans,deinde
1955 3152 2037 3206 rei
2071 3155 2375 3211 molestiam
2401 3144 2447 3202 (ἶ
2481 3152 2482 3168 ¹

2401 3144 2447 3202 c
2481 3131 2674 3185 ϐάλλον
2724 3131 2925 3186 ἄτοπον
2974 3128 3114 3187 εἶναι
3148 3131 3406 3202 νομίζων,
3435 3133 3627 3186 ἔπειτα
3666 3136 3760 3186 καὶ
3790 3133 3885 3186 τοῦ
3917 3136 4054 3203 πρά-

804 3249 947 3301 αεκτο
980 3235 1180 3298 ferens,
1225 3237 1564 3291 mansionem
1597 3241 1925 3309 excogitavit
1955 3259 2121 3313 super
2151 3245 2364 3301 colum-

803 3338 891 3388 na,
946 3339 1115 3392 quam
1163 3326 1397 3392 primum
1453 3327 1567 3381 ﬁeri
1615 3328 1780 3396 jussit
1825 3332 1892 3383 ad
1954 3348 2045 3386 sex
2124 3335 2362 3399 cubitos,

798 3414 993 3468 deinde
1021 3413 1088 3467 ad
1115 3415 1423 3480 duodecim,
1454 3425 1640 3485 postea
1670 3419 1754 3486 {ad
1792 3422 1980 3491 viginti
2035 3425 2194 3488 duos.
2223 3441 2366 3481 nunc

798 3514 979 3558 autem
1013 3507 1078 3558 ad
1114 3505 1331 3574 triginta
1357 3522 1472 3562 sex.
1503 3507 1617 3578 Ego
1651 3527 1776 3565 vero
1806 3527 1914 3566 non
1949 3515 2154 3585 absque
2185 3518 2363 3572 divina

795 3594 1156 3662 dispositione
1217 3595 1357 3648 hanc
1415 3598 1622 3665 accipio
1687 3601 2071 3667 mansionem;
2135 3613 2188 3656 et
2241 3603 2364 3658 ideo

797 3685 992 3752 impios
1031 3685 1082 3739 id
1123 3699 1339 3750 moneo,
1369 3685 1580 3753 linguas
1607 3700 1664 3741 ut
1694 3701 2041 3759 compescant
2081 3709 2110 3746 a
2151 3704 2363 3762 proter-

800 3777 985 3840 vitate,
1025 3791 1318 3840 memores,
1350 3777 1494 3846 quod
1535 3779 1676 3833 Deus
1703 3779 2104 3836 incredulnrum
2148 3785 2360 3839 utilitati

796 3870 995 3935 sa‘pius
1052 3869 1128 3922 ita
1194 3870 1552 3937 prospexerit.
1596 3868 1685 3924 Sic
1751 3873 1895 3925 enim
1959 3873 2122 3941 jussit
2167 3873 2359 3927 lsaiam

795 3960 1000 4012 nudum
1019 3947 1473 4029 discatceatisque
1495 3961 1721 4029 pedibus
1740 3962 1953 4016 ambula
1964 3981 2018 4017 rc
2041 3982 2053 4028 ;
2073 3963 2359 4019 Jeremiam

795 4062 931 4101 zona
961 4063 1118 4102 renes
1140 4049 1293 4117 cingi
1325 4059 1376 4102 et
1410 4049 1482 4102 ita
1519 4050 1813 4104 incredulis
1847 4051 2088 4119 proferre
2121 4055 2360 4123 propbeo

797 4139 948 4202 tiam,
984 4149 1284 4208 posteaque
1315 4139 1540 4192 coilaria
1572 4141 1749 4210 lignea
1779 4149 1833 4194 et
1857 4140 2035 4197 ferrea
2067 4145 2212 4199 circa
2243 4147 2363 4200 col-

795 4229 902 4282 lum
934 4240 1181 4299 gestare;
1213 4231 1352 4285 Osee
1390 4233 1680 4288 mulierem
1725 4233 2072 4290 fornicariam
2117 4239 2363 4306 accipere

796 4333 1123 4387 rursumque
1154 4322 1434 4376 mulierem
1462 4324 1759 4378 adulteram
1787 4325 2076 4393 adamare;
2107 4327 2364 4385 Esechie-

792 4411 897 4462 lem
948 4426 1113 4479 super
1152 4412 1439 4466 dexterum
1484 4413 1628 4469 latus
1659 4417 1859 4471 cubare
1902 4418 2095 4472 diebus
2125 4421 2363 4487 quadra-

2465 3241 2679 3294 γματος
2701 3224 2765 3276 τὸ
2791 3224 3051 3278 ἐπίπονον
3074 3225 3472 3294 δυσχεραίνων,
3498 3226 3597 3296 τὴν
3620 3225 3713 3278 ἐπὶ
3741 3223 3837 3277 τοῦ
3865 3226 4053 3288 κίονος

2465 3318 2858 3388 ἐμηχανήσατο
2916 3317 3128 3381 στάσιν,
3183 3319 3267 3386 δν)
3321 3318 3543 3388 πρῶτον
3564 3319 3610 3351 ’⁸
3645 3319 3745 3387 μὲν
3793 3318 4050 3371 ἐκέλευσε

2465 3413 2722 3481 γενέσθαι
2747 3413 2970 3482 πήχεων
3001 3418 3076 3477 ς’,
3101 3410 3218 3463 εἶτα
3248 3408 3312 3479 ιβ’
3345 3410 3490 3478 (καὶ)
3525 3409 3662 3479 μετὰ
3684 3407 3856 3462 ταῦτα
3879 3408 3961 3477 κβ⁸
3978 3411 4048 3474 ",

2466 3503 2562 3555 νῦν
2590 3503 2646 3556 δὲ
2671 3503 2782 3567 λς’.
2815 3532 2886 3542 --
2928 3503 3068 3569 Ἐγὼ
3098 3503 3156 3555 δέ
3186 3501 3306 3554 οὑδέ
3325 3501 3373 3532 ’⁸
3406 3499 3507 3569 τῆς
3547 3501 3698 3562 θείας
3727 3501 4050 3569 οίκονομίας

2466 3594 2597 3648 ἄνευ
2645 3594 2848 3662 ταύτην
2896 3592 3162 3660 λαμϐάνω
3210 3594 3255 3624 ⁸⁵
3284 3593 3384 3660 τὴν
3416 3591 3609 3644 στάσιν
3656 3587 3848 3661 (οὗπερ
3887 3593 4054 3645 ἕνεκα

2464 3689 2589 3750 τοὺς
2618 3683 3021 3756 μεμψιμοίρους
3052 3682 3354 3754 παρακαλῶ
3401 3683 3699 3753 χαλινῶσαι
3733 3685 3831 3751 τὴν
3865 3682 4050 3749 γλῶσο

2466 3796 2565 3831 σαν
2599 3779 2693 3830 καὶ
2731 3775 3118 3846 ῥιψοκινδύνως
3171 3774 3246 3844 μὴ
3301 3774 3565 3844 φέρεσθαι
3585 3775 3630 3805 ³⁸
3681 3774 3779 3827 καὶ
3824 3776 4054 3825 σκοπεῖν

2463 3870 2538 3931 ὼς
2569 3867 2832 3928 πολλάκις
2857 3867 2926 3918 τὰ
2976 3865 3204 3919 τοιαῦτα
3235 3867 3263 3918 6
3302 3866 3458 3935 Θεὸς)
3507 3865 3619 3918 τῶν
3652 3865 4052 3936 ρᾳθυμοτέρων

2463 3961 2628 4013 ἓνεκα
2678 3958 2948 4025 ὠφελείας
2967 3957 3007 3987 ³¹
3059 3956 3518 4027 (ἐμηχανήσατογ
3583 3957 3677 4009 καὶ
3731 3958 3838 4026 γάρ
3896 3956 4052 4008 τὸν³’

2479 4053 2709 4105 Ἡσαΐαν
2743 4049 2954 4118 γυμνὸν
2991 4050 3089 4102 καὶ
3135 4050 3470 4116 ἁνυπόδητον
3506 4049 3722 4117 βαδίσαι
3745 4047 4047 4118 προσέταξε

2463 4144 2561 4195 καὶ
2598 4141 2688 4192 τὸν
2736 4138 3010 4208 Ἰερεμίαν
3049 4137 3341 4207 περίζωμα
3375 4141 3441 4206 τῇ
3471 4136 3632 4204 ὀσφΰι
3663 4133 3709 4168 ³³
3739 4137 4047 4206 περιθεῖναι

2463 4235 2557 4287 καλ⁵
2583 4233 2627 4264 ³⁸
2660 4231 2803 4285 οὓτω
2871 4233 2984 4292 τοῖς
3021 4229 3308 4282 ἀπειθοῦσι
3345 4229 3678 4298 προσφέρειν
3705 4229 3802 4296 τὴν
3833 4245 4046 4296 προφη-

2462 4326 2634 4388 τείαν,
2674 4325 2768 4375 καὶ
2797 4322 2985 4376 ἄλλοτε
3016 4322 3116 4389 (δὲ)
3149 4321 3366 4384 κλοιοὺς
3393 4320 3635 4383 ξυλίνους
3663 4320 3758 4370 καὶ
3791 4318 4046 4386 σιδηροῦς

2467 4417 2605 4487 μετὰ
2661 4415 2895 4467 ταῦτα³⁵
2942 4413 3259 4484 περιϐαλεῖν
3307 4411 3385 4480 τῷ
3442 4411 3742 4479 τραχήλῳ,
3806 4412 3903 4462 καὶ
3963 4409 4044 4478 τῷ

790 4502 942 4566 ginta
984 4509 1034 4554 et
1088 4516 1254 4569 super
1290 4503 1576 4557 sinistrum
1607 4506 1876 4560 reclinare
1900 4507 2094 4561 diebus
2133 4518 2354 4563 centum
2388 4495 2436 4554 Ῑ)

2388 4495 2436 4554 D
2477 4507 2636 4575 Ὠσηέ
2666 4507 2904 4574 γυναῖκα
2934 4504 3140 4574 πόρνην
3162 4503 3349 4555 λαϐεῖν
3375 4502 3469 4554 καὶ
3504 4501 3666 4553 πάλιν
3687 4502 3973 4568 ἀγαπῆσαι
4000 4502 4041 4531 ³⁸

793 4592 1210 4660 quinquaginta,
1238 4608 1432 4648 rursus
1474 4593 1658 4650 fodere
1693 4611 1934 4662 murum,
1967 4611 2030 4650 ac
2063 4596 2358 4666 fugientem

787 4684 961 4745 exire,
1004 4683 1437 4753 servitutemque
1479 4685 1580 4740 sibi
1634 4687 1930 4751 ascribere,
1972 4696 2026 4742 et
2061 4687 2210 4752 alibi,
2250 4691 2363 4758 gla-

787 4773 942 4824 dium
997 4786 1216 4838 acuere,
1245 4789 1420 4843 eoque
1465 4777 1656 4830 radere
1701 4787 1886 4845 caput,
1915 4787 1971 4831 et
2020 4778 2073 4831 in
2124 4790 2362 4848 quatuor

2471 4598 2710 4664 γυναῖκα
2741 4593 3048 4663 μοιχαλίδα,
3083 4595 3175 4646 καὶ
3215 4591 3293 4660 τῷ
3310 4591 3354 4624 ⁸⁷
3401 4591 3662 4660 Ἰεζεκιὴλ
3702 4591 3793 4642 ἐπὶ
3824 4591 3918 4642 τοῦ
3949 4592 4042 4643 δε-

2472 4685 2588 4752 ξιοῦ
2623 4685 2855 4754 πλευροῦ
2895 4685 3153 4754 (κεῖσθαι)
3189 4687 3403 4753 ἡμέρας
3446 4690 3498 4751 μ’
3532 4685 3625 4735 καὶ
3653 4685 3744 4736 ἐπὶ
3785 4683 3880 4736 τοῦ
3929 4685 4042 4751 ὰρι⁹

2471 4778 2664 4849 στεροῦ
2685 4775 2736 4847 (ἡ
2749 4778 2940 4850 μέρας)
2967 4775 3041 4844 ρν¹
3068 4776 3463 4844 κατακλιθῆναι
3488 4779 3581 4826 καὶ
3612 4773 3768 4838 αὖθις
3791 4776 4039 4845 διορύξαι

1975 4966 2173 5026 Varia:
2219 4967 2525 5028 lectiones
2549 4977 2609 5027 et
2651 4975 2836 5028 notua.

883 5135 924 5166 "
955 5134 1119 5200 φύσιν
1161 5133 1290 5203 add.
1338 5134 1466 5188 (Sed.
1546 5133 1592 5164 ¹⁸
1623 5137 1855 5203 ἀπονεμ.
1886 5135 1976 5200 ἠγ.
2009 5134 2064 5186 δὲ
2091 5133 2190 5201 τῆς
2246 5150 2295 5186 σ.
2333 5136 2395 5186 Λ.
2426 5151 2486 5185 π.
2532 5133 2559 5186 ’1

2360 5155 2395 5186 ι.
2426 5151 2486 5185 π.
2532 5133 2609 5186 Ῥ.
2641 5163 2711 5174 -
2761 5134 2837 5186 Ῥ.
2878 5164 2945 5173 -
2980 5134 3366 5203 Ἱεροσολύμων
3392 5135 3523 5190 Cetl.
3603 5137 3644 5166 "
3677 5136 3809 5190 Ced.
3842 5136 4036 5200 605,5-

789 5203 898 5275 10,:
941 5202 1348 5275 Καθαιροῦνται
1379 5204 1558 5255 τοίνυν
1589 5204 1638 5275 oi
1681 5202 1954 5275 αίρετικοι
1975 5206 2068 5275 καὶ
2098 5203 2428 5275 ἐξορίςονται
2461 5205 2537 5254 ἐν.
2577 5203 2800 5275 Γάγγρᾳ
2846 5219 2860 5233 ο
2894 5202 3279 5275 χειροτονεῖται
3297 5206 3352 5256 δέ
3400 5207 3513 5275 Προ

1857 5272 1911 5323 δὲ
1937 5274 2066 5339 ἁγία
2104 5289 2154 5323 σ.
2209 5273 2518 5339 ἐξεφώνησε
2551 5289 2600 5324 τ.
2647 5273 2798 5325 Θεόν.

799 5271 1208 5339 Ἀλεξανδρείας
1264 5273 1384 5323 ἀντὶ
1437 5271 1764 5337 Διοσκόρους
1793 5276 1825 5340 ἡ

3517 5206 3697 5276 τέριας
3741 5208 4039 5269 ἐπίσκοπος

2902 5275 2946 5302 ⁸⁸
2977 5276 3075 5342 τὰς
3116 5273 3379 5342 διαφοράς
3415 5273 3537 5327 cod.
3579 5273 3588 5276 ⁷
3651 5277 3691 5305 ²¹
3731 5293 3787 5326 π.
3822 5277 3890 5328 Λ.
3947 5278 4037 5328 ἐπ.

787 5342 916 5396 Cet].
997 5343 1040 5372 "
1070 5343 1198 5393 (Sed.
1248 5342 1565 5400 ωδΑΟ-η.
1645 5343 1690 5372 ’³
1726 5341 1854 5396 Ced.
1909 5341 2373 5404 596,17-598J8:
2413 5343 2463 5392 tv

2361 5358 2373 5390 :
2413 5343 2471 5392 tv
2528 5344 2639 5402 τοῖς
2667 5341 2877 5409 χρόνοις
2902 5341 3111 5401 τούτοις
3157 5344 3255 5410 (τῴ
3283 5341 3384 5393 κε’
3443 5344 3552 5394 ἔτει
3609 5343 3915 5396 Θεοδοσίουλ
3943 5347 4035 5396 καὶ

787 5413 816 5462 6
846 5412 1020 5479 μέγας
1063 5411 1119 5462 Σ.
1161 5412 1188 5461 6
1221 5411 1474 5476 στυλίτης
1509 5411 1684 5477 ἐπέϐη
1712 5411 1786 5476 τῷ
1817 5413 1974 5469 κίονι,
2031 5428 2086 5461 κ.
2131 5428 2180 5462 τ.
2217 5411 2264 5463 λ.
2300 5411 2582 5477 Συμεῶνος
2647 5413 2739 5461 τού
2793 5411 3106 5479 θαυμασίου
3163 5411 3485 5479 ἐπιϐάντοςῖ
3559 5416 3604 5446 ³⁸
3628 5416 3757 5468 Ced.
3809 5414 4040 5471 596.18-

787 5478 1008 5550 δυθβί.
1062 5481 1126 5550 ξ’
1164 5486 1407 5546 κρεῖττον
1471 5483 1592 5533 cod.
1643 5481 2048 5550 innumerabiles
2101 5479 2201 5532 Th.
2264 5481 2351 5532 ed.
2395 5480 2463 5550 Ct;

2395 5480 2511 5550 Gul.
2545 5479 2710 5550 771575
2768 5478 2829 5542 Il,
2861 5495 2912 5546 p.
2939 5479 3061 5532 465.
3097 5478 3285 5531 Πολλοὶ
3310 5483 3418 5550 γὰρ
3453 5487 3530 5544 είς
3564 5483 3724 5535 αὐτὸν
3749 5484 3844 5546 ἂψ.
3883 5486 3938 5549 ἡ.
3976 5503 4034 5536 π.

786 5549 984 5618 ψαύειν
1019 5548 1126 5600 τῶν
1153 5551 1198 5602 δ.
1252 5550 1462 5618 ἐκείνου
1513 5550 1828 5618 ἐνδυμάτων
1851 5549 1980 5606 Ced.
2058 5552 2103 5580 "
2142 5550 2249 5600 Καὶ
2279 5566 2373 5616 πρ.
2404 5549 2462 5616 μὲ

2363 5589 2373 5600 .
2404 5549 2502 5616 μὲν
2533 5549 2590 5610 ἓξ
2629 5567 2687 5601 π.
2723 5552 2805 5618 ἐκ,
2836 5566 2888 5613 γ.
2920 5557 3010 5598 τὸν
3065 5551 3217 5600 κίονα
3277 5548 3404 5603 (led.
3483 5557 3525 5585 "
3555 5551 3673 5605 x6"?
3731 5553 3824 5606 sed
3898 5548 4035 5606 XXII

789 5616 894 5671 Th.
944 5618 1017 5691 Α¹⁸
1041 5618 1108 5687 ἢν
1127 5620 1232 5691 οὐκ
1260 5623 1313 5670 ἁ.
1347 5615 1442 5686 τῆς
1481 5620 1545 5691 θ.
1578 5615 1798 5691 ὀξϐυιί.
1876 5615 2465 5691 ’ξλύπολαμϐάνωγενὲ

2365 5615 2599 5691 γενέσθαι
2627 5617 3031 5691 (Ζρύτ-επίδιίιηο
3063 5618 3196 5670 hanc
3231 5620 3426 5686 [actam
3459 5621 3620 5689 fuisse
3652 5621 3756 5674 Th.
3832 5623 3876 5653 ³⁸
3910 5625 4041 5691 ἐᾷνῖ

790 5687 1094 5753 permittant
1127 5687 1227 5738 Th.
1250 5692 1405 5740 —sed
1438 5690 1630 5756 potius,
1670 5689 1802 5740 ἀλλὰ
1852 5688 2094 5754 μᾶλλονῗ
2121 5687 2223 5739 Th.
2277 5689 2315 5717 ³⁸
2347 5689 2412 5737 ὠ.
2437 5688 2481 5739 ὲ.
2508 5687 2615 5738 τῶν
2652 5691 2680 5756 ρ

788 5761 913 5814 md.
980 5758 1022 5787 “
1059 5760 1149 5808 καὶ
1173 5761 1218 5807 ὁ.
1249 5759 1608 5825 προφητεύειν
1635 5757 1761 5809 (led.

1863 5762 1903 5789 ³³
1932 5776 1987 5823 μ.
2023 5774 2072 5808 τ.
2099 5774 2206 5811 om.
2233 5757 2334 5810 Th.
2363 5766 2416 5810 et
2449 5758 2577 5810 Cetl.

2690 5727 2716 5760 ._
2739 5687 2865 5760 (Sed.
2930 5689 2971 5716 “
2995 5686 3182 5760 ὥσπερ
3211 5693 3302 5739 καὶ
3349 5692 3437 5760 ¹τόν
3459 5686 3595 5746 (Leti.
3665 5692 3709 5722 ³⁸
3739 5692 3838 5760 τὴν
3865 5686 4036 5756 ὀσῲύν

2675 5757 2717 5786 ³⁸
2748 5758 2838 5823 ἀγ.
2874 5759 3116 5826 πονηρὰν
3147 5774 3201 5822 γ.
3235 5759 3325 5809 καί
3353 5759 3481 5813 Cetl.
3561 5763 3602 5792 ³⁷
3631 5762 3723 5813 τὸν
3754 5757 3866 5824 Ἐς.
3906 5765 4036 5817 (Leti.
