4244 6440
807 367 909 429 787

2005 369 2048 424 Ο
2058 369 2153 425 EU
2162 369 2258 425 ΗΟ
2271 369 2326 425 ll
2369 367 2820 429 HAMARTOLI

3956 371 4084 431 788

804 502 830 537 ,ι
859 484 1096 552 peccatis
1121 498 1330 534 eorum.
1351 502 1366 532 ι
1389 483 1523 535 Cum
1561 483 1723 550 igitur
1747 482 1980 534 dicimus
2005 498 2033 534 e
2060 483 2200 538 etnlo
2217 482 2376 536 desu-
2408 493 2450 548 Α
2479 489 2619 557 ὄνομα

2479 489 2650 557 ὄνομα
2707 487 2873 541 αὐτοῦ
2925 487 3309 558 [Ἐμμανουήλ
3386 489 3414 540 ὃ
3472 489 3586 539 ἐστι
3662 486 3784 554 μεθ’
3835 487 4014 556 ἡμῶν
4053 491 4084 540 6

805 593 898 640 per
917 573 1266 627 descendisse
1289 573 1578 626 Dominum
1607 583 1849 627 nostrum
1871 570 2055 626 Jesnm
2072 573 2374 636 Christum,

803 677 930 724 non,
972 662 1127 729 quasi
1185 663 1419 728 desuper
1451 679 1479 714 e
1515 661 1651 714 coelo
1681 660 1855 713 delata
1886 661 1955 714 sit
1983 669 2170 715 sancta
2205 663 2376 729 ipsius

782 766 949 812 .i-aro,
969 753 1079 805 hanc
1099 754 1351 814 dicimus,
1375 754 1465 807 sed
1487 753 1639 820 quasi
1659 764 1947 822 sequentes
1965 751 2211 808 sanctum
2231 753 2376 808 Pau-

800 847 908 897 lum
944 844 1212 897 dicentem
1254 863 1265 897 :
1310 845 1565 898 i'Piinius
1599 846 1758 899 Immo
1793 846 1860 900 de
1892 856 2033 899 terra
2087 856 2372 912 terrenus;

799 939 1073 988 secundus
1093 938 1255 988 homo
1278 936 1536 989 Dominus
1554 955 1582 989 e
1602 942 1756 992 ctelo.
1775 957 1793 988 ι
1819 938 2190 992 Recordamur
2207 940 2371 993 etiam

803 1029 1014 1080 Domini
1058 1031 1278 1080 verhum
1317 1045 1372 1082 ει
1414 1028 1586 1084 Nemo
1626 1032 1868 1086 ascendit
1911 1030 1976 1083 ad
2005 1033 2228 1095 caelum,
2267 1033 2372 1086 nisi

796 1117 890 1184 qui
921 1117 985 1168 de
1009 1117 1148 1169 caelo
1177 1118 1477 1185 descendit,
1507 1118 1676 1174 Filius
1711 1119 1973 1173 hominis»
1995 1120 2139 1185 licet,
2165 1128 2225 1175 ut
2255 1121 2372 1176 dic-

796 1219 906 1259 tum
957 1220 1061 1270 est,
1114 1224 1281 1262 carne
1332 1226 1393 1264 ex
1431 1227 1584 1266 sacra
1632 1212 1847 1282 Virgine
1893 1223 2149 1283 sumpta,
2211 1225 2372 1270 natus

795 1303 885 1353 sit.
927 1287 1062 1354 Cum
1099 1314 1278 1356 autem
1309 1305 1400 1372 qui
1432 1306 1667 1373 desuper
1695 1321 1724 1358 e
1752 1307 1890 1360 uelo
1921 1307 2201 1362 descendit
2231 1309 2374 1364 Deus

798 1392 1029 1445 Verbum
1067 1395 1398 1447 «exinanivit
1428 1397 1786 1464 semetipsum
1824 1397 2055 1452 formam
2086 1399 2226 1453 servi
2283 1414 2376 1452 ac-

771 1472 1053 1553 i-ipienS,»
1105 1495 1160 1539 et
1199 1487 1454 1555 appellari
1508 1490 1680 1543 voluit
1725 1489 1893 1544 Filius
1940 1492 2200 1555 hominis,
2239 1494 2373 1561 quin

791 1589 1033 1631 cessaret
1059 1594 1183 1632 esse
1214 1581 1358 1647 quod
1389 1592 1528 1646 erat,
1569 1582 1828 1634 videlicet
1857 1580 2022 1642 Deus.
2071 1611 2142 1622 -
2167 1583 2371 1637 immu-

791 1682 973 1735 tabilis
1003 1684 1148 1735 enim
1176 1696 1229 1737 et
1257 1685 1691 1738 inconvertibilis
1725 1695 1806 1740 cst
1844 1701 1939 1755 per
1975 1697 2250 1750 naturam,
2305 1718 2373 1728 -—

788 1773 943 1839 quasi
975 1789 1114 1827 unus
1145 1773 1255 1842 jam
1292 1785 1570 1843 reputatus
1595 1792 1716 1830 cum
1741 1778 1955 1846 propria
1981 1793 2148 1832 carne
2176 1793 2207 1832 e
2233 1778 2373 1833 ctelo

789 1866 1138 1941 descendisse
1161 1867 1377 1920 dicitur.
1416 1866 1738 1921 Nominatur
1768 1872 1929 1921 homo
1961 1870 2027 1921 de
2060 1869 2220 1933 coelo,
2245 1884 2369 1923 cum

792 1959 860 2009 sit
923 1960 972 2010 in
1026 1958 1312 2011 divinitate
1362 1959 1660 2028 perfectus,
1711 1968 1764 2013 et
1818 1959 1957 2012 idem
2011 1958 2286 2028 perfectus
2314 1960 2370 2013 in

793 2050 1145 2112 humanitate,
1187 2061 1238 2103 rt
1272 2062 1528 2120 tanquam
1566 2051 1617 2104 in
1655 2067 1762 2106 una
1799 2067 2030 2121 persona
2060 2061 2368 2121 reputatus,

789 2147 956 2202 (unus
987 2142 1130 2195 enim
1167 2141 1421 2195 Christus
1463 2141 1751 2211 Dominus)
1782 2143 1882 2197 etsi
1918 2152 2235 2196 naturarum
2261 2140 2368 2195 dif-

794 2233 1019 2286 ferentia
1052 2247 1160 2286 nou
1188 2234 1490 2302 ignoretur,
1522 2251 1586 2289 ex
1615 2235 1817 2304 quibus
1849 2234 2178 2289 ineﬂahilem
2211 2236 2370 2290 unio-

790 2337 911 2374 nem
959 2323 1195 2376 dicimus
1237 2316 1536 2378 etformari.
1583 2326 1770 2394 Itaque
1810 2325 2138 2380 conﬁtemur
2174 2327 2369 2397 unige-

789 2418 958 2467 nilum
987 2412 1079 2468 Dei
1122 2414 1318 2467 Filium
1363 2426 1415 2469 et
1466 2414 1728 2480 Verbum,
1777 2417 1944 2471 Deum
1978 2417 2280 2484 perfectum
2314 2427 2369 2473 et

789 2508 1062 2560 hominem
1094 2506 1421 2576 periei-tum.
1468 2525 1534 2563 ex
1571 2509 1752 2562 anima
1807 2510 2120 2564 rationabili
2151 2521 2208 2564 ct
2240 2525 2367 2564 cor-

789 2614 938 2665 pore,
974 2609 1101 2652 ante
1140 2601 1338 2653 secula
1377 2601 1594 2668 quidem
1622 2617 1688 2653 ex
1714 2599 1874 2656 Patre
1898 2602 2138 2670 genitum
2168 2618 2367 2658 secun-

783 2692 912 2742 dum
945 2690 1303 2756 divinitatem,
1334 2693 1649 2748 novissimis
1682 2704 1863 2747 autem
1893 2694 2085 2748 diebus
2109 2695 2364 2748 eumdem

787 2791 1008 2849 propter
1041 2797 1141 2836 nos
1174 2791 1227 2836 et
1261 2791 1482 2851 propter
1511 2794 1756 2838 nostram
1806 2786 2037 2840 salutem
2089 2800 2159 2840 ex
2194 2784 2364 2840 laris

787 2871 1004 2940 Virgine
1062 2883 1248 2924 natum
1296 2874 1594 2929 secundum
1649 2875 2068 2942 humanitatem,
2127 2878 2365 2932 consub-

783 2949 1094 3017 stantialem
1159 2966 1300 3019 Patri
1362 2967 1663 3021 secundum
1714 2969 2078 3033 divinitatem,
2130 2978 2182 3022 ct
2229 2985 2362 3023 con-

782 3054 1196 3110 substantialem
1231 3056 1388 3112 nobis
1419 3059 1720 3112 secundum
1754 3060 2172 3115 humanitatem.
2211 3061 2360 3115 Dua~

2479 579 2633 644 θεός.
2672 599 2692 632 ι
2743 578 3024 649 Ἀληθεύει
3058 581 3112 632 δὲ
3145 581 3364 640 πάντως
3391 580 3484 631 καὶ
3520 581 3548 631 6
3580 578 3926 649 ἀρχάγγελος
3957 580 4082 633 Γα-

2480 670 2641 740 σριὴλ
2673 671 2810 740 πρὸς
2836 671 2936 741 τὴν
2991 671 3268 740 Παρθένον
3325 669 3495 722 είπών
3525 671 3607 702 ³⁸·
3647 690 3664 722 ι
3719 670 3812 740 Μὴ
3860 670 4081 738 φοϐοῦ,

2476 762 2712 832 Μαριάμ
2736 779 2750 793 ’
2785 754 2943 832 εὗρες
2973 764 3082 830 γὰρ
3109 763 3268 832 χάριν
3313 762 3465 831 παρά
3515 761 3594 830 τῷ
3623 762 3766 832 Θεῷ,
3800 761 3899 814 καὶ
3941 762 4076 816 ἰδοὺ

2478 854 2725 925 συλλήψῃ
2748 857 2810 908 ἐν
2834 855 3035 923 γαστρὶ
3059 853 3149 907 καὶ
3180 852 3310 923 τέξῃ
3350 853 3486 915 υἱὸν,
3540 855 3636 906 καὶ
3695 853 3961 916 καλέσεις
4007 854 4080 904 τὸ

2475 947 2646 1016 ὕνομα
2692 947 2882 1017 αὐτοῦ]
2942 946 3154 1014 Ἰησοῦν
3205 961 3221 976 ο
3274 945 3320 978 ⁸⁸
3369 947 3534 1009 αὐτὸς
3597 945 3709 1016 γὰρ
3757 945 3927 998 σώσει
3965 945 4077 997 τὸν

2476 1037 2604 1092 λαὸν
2640 1037 2809 1092 αὐτοῦ
2838 1036 2948 1091 ἀπὸ
2974 1038 3084 1090 τῶν
3120 1036 3410 1107 ἁμαρτιῶν
3449 1035 3651 1090 αὐτῶν.
3702 1057 3721 1089 ι
3764 1037 3942 1090 Ὅταν
4007 1036 4072 1088 δὲ

2475 1129 2724 1198 λέγωμεν
2739 1126 2946 1182 ἀνωθεν
2967 1127 3026 1192 ἐξ
3045 1127 3274 1196 ούρανοῦ
3304 1127 3394 1180 τδν
3423 1127 3628 1197 Κύριον
3649 1125 3806 1196 ἡμῶν
3847 1125 4075 1198 Ἰησοῦν

2475 1221 2713 1291 Χριστὸν
2747 1221 2790 1252 ³¹
2813 1220 2934 1290 οὐχ,
2972 1220 3046 1280 ὡς
3080 1219 3289 1273 ἀνωθεν
3320 1219 3379 1283 ἐξ
3428 1217 3660 1287 οὐρανοῦ
3700 1218 4072 1286 κατενεχθεί-

2477 1327 2578 1380 σης
2609 1311 2714 1380 τῆς
2747 1311 2910 1378 ἀγίας
2943 1310 3110 1364 αὐτοῦ
3145 1311 3370 1379 σαρκὸς,
3399 1309 3576 1363 ταῦτά
3602 1328 3808 1381 φαμεν,
3838 1310 3959 1363 ἀλλ’
3989 1308 4074 1371 ὡς

2475 1401 2731 1470 ἑπόμενοι
2746 1400 2823 1472 τῷ
2840 1401 2982 1471 ἀγίῳ
3005 1401 3050 1432 ³¹
3083 1401 3280 1472 Παύλῳ
3303 1403 3568 1471 φάσκοντι
3587 1402 3657 1433 ’³⁸
3696 1419 3713 1453 ι
3757 1401 3815 1455 Ὀ
3837 1401 4074 1472 πρῶτος

2474 1492 2762 1563 ἄνθρωπος
2789 1495 2856 1547 ὲκ
2898 1493 3002 1562 γῆς
3032 1494 3236 1562 χοῖκὺς,
3289 1495 3317 1545 6
3348 1493 3600 1563 δεύτερος
3635 1492 3973 1563 (ἄνθρωπος)
4041 1495 4072 1544 6

2477 1585 2680 1654 Κύριος
2712 1584 2774 1649 ἐξ
2800 1583 3058 1654 οὐρανοῦ.
3090 1602 3110 1636 ι
3145 1583 3495 1652 Μεμνήμεθα
3518 1583 3564 1617 ³⁸
3591 1584 3685 1636 καὶ
3719 1584 3764 1615 ⁸⁵
3809 1581 3910 1636 τοῦ
3952 1584 4072 1634 Ku-

2479 1677 2596 1748 ρίου
2618 1677 2871 1744 λέγοντος
2894 1676 2939 1708 ³⁸
2958 1692 2972 1706 ·
3009 1695 3028 1726 ι
3060 1675 3249 1738 Οὐδεὶς
3279 1673 3622 1744 ἀναϐέϐηκεν
3650 1675 3731 1736 εἰς
3758 1673 3851 1727 τον
3890 1673 4074 1740 ούρα-

2476 1769 2567 1824 νὸν
2596 1771 2645 1821 εἰ
2678 1769 2753 1840 μὴ
2783 1770 2813 1820 6
2845 1769 2910 1820 ὲκ
2937 1766 3030 1820 τοῦ
3058 1766 3293 1838 ούρανοῦ
3318 1765 3586 1830 καταϐὰς,
3613 1765 3642 1817 6
3673 1764 3802 1828 Υἱὸς
3831 1763 3932 1817 τοῦ
3965 1764 4067 1816 ἀν·

2474 1863 2723 1934 θρώπου,
2757 1881 2776 1913 ι
2810 1863 2995 1914 καίτοι
3028 1861 3355 1930 γεγέννηται
3381 1860 3478 1929 (ὡς
3527 1857 3768 1930 εἴρηται)
3801 1858 3995 1927 σάρκα
4021 1857 4067 1887 ³⁷

2473 1959 2539 2010 ὲκ
2575 1956 2675 2025 τῆς
2713 1955 2877 2022 ἁγίας
2909 1953 3189 2024 Παρθένου
3211 1950 3417 2003 λαϐὼν.
3464 1951 3688 2021 Ἐπειδὴ
3709 1951 3766 2004 δὲ
3793 1951 3820 2003 6
3846 1949 4070 2004 ἀνωθεν

2471 2051 2531 2114 ἐξ
2551 2049 2790 2118 ούρανοῦ
2816 2049 3226 2116 καταφοιτήσας
3244 2045 3377 2106 θεὸς
3403 2044 3575 2111 Λόγος
3613 2062 3630 2094 ι
3670 2044 3988 2096 κεκένωκεν
4023 2041 4069 2072 ³⁸

2470 2141 2668 2194 ἑαυτὸν
2700 2140 2917 2211 μορφὴν
2964 2139 3155 2192 δούλου
3187 2137 3370 2190 λαϐὼν
3419 2157 3437 2188 ι
3481 2139 3576 2191 καὶ
3641 2135 4069 2205 κεχρημάτικεν

2470 2230 2762 2303 ἀνθρώπου
2831 2229 2962 2292 Υἱὸς
3021 2227 3160 2298 μετά
3218 2226 3316 2279 τοῦ
3363 2228 3544 2294 μεῖναι
3584 2224 3612 2277 6
3652 2221 3744 2296 ἦν,
3803 2225 4065 2276 τουτέστι

2469 2323 2623 2387 θεὸς,
2654 2353 2724 2365 -
2751 2323 3022 2392 ἄτρεπτος
3050 2319 3161 2391 γὰρ
3200 2319 3294 2372 καὶ
3325 2314 3684 2376 ἀναλλοίωτος
3712 2314 3858 2366 κατά
3891 2313 4062 2381 φύσιν

2469 2414 2715 2480 ἑστὶν,-
2737 2415 2813 2476 ὡς
2834 2409 2914 2476 εἷς
2935 2414 3040 2484 ήδη
3071 2410 3362 2481 νοούμενος
3387 2407 3524 2478 μετά
3555 2408 3655 2475 τῆς
3681 2406 3818 2469 ίδίας
3848 2402 4061 2468 σαρκὸς

2468 2509 2530 2573 ἐξ
2556 2511 2608 2562 ο’
2628 2507 2792 2579 ρανοῦ
2818 2507 3040 2575 λέγεται
3070 2504 3375 2558 κατελθεῖν.
3393 2503 3722 2571 Ὀνόμασται
3748 2498 3805 2551 δὲ
3835 2497 3932 2549 καὶ
3968 2495 4062 2548 ἀν-

2468 2603 2686 2672 θρωπος
2730 2601 2791 2666 ἐξ
2840 2598 3094 2670 ούρανοῦ,
3143 2598 3347 2659 τέλειος
3372 2595 3448 2648 ὢν
3482 2597 3540 2646 έν
3560 2593 3795 2658 θεότητι,
3827 2591 3922 2643 καὶ
3962 2589 4058 2641 τέ-

2466 2696 2610 2758 λειος
2631 2698 2658 2748 6
2673 2694 2834 2757 αὐτὸς
2852 2694 2911 2746 ὲν
2925 2692 3024 2746 ἀνθ
3034 2692 3327 2762 ρωπότητι,
3354 2689 3448 2742 καὶ
3475 2686 3551 2748 ὡς
3568 2688 3624 2739 ὲν
3643 2686 3726 2737 ἑνὶ
3753 2681 4058 2750 πρωσὼποῳ

2467 2786 2781 2854 νοούμενος,
2817 2812 2889 2825 -
2911 2778 2993 2846 εἷς
3019 2784 3128 2852 γὰρ
3152 2781 3358 2852 Κύριος
3408 2779 3670 2848 Χριστὸς,
3707 2802 3778 2816 —
3807 2773 3912 2827 κᾶν
3939 2772 4055 2822 τῶν

2466 2877 2688 2946 φύσεων
2715 2878 2750 2946 ἡ
2777 2875 3014 2946 διαφορὰ
3040 2874 3117 2944 μὴ
3145 2874 3433 2942 ἀγνοῆται,
3461 2874 3535 2934 ὡς
3553 2869 3613 2936 ἑξ
3639 2862 3714 2922 ὧν
3743 2867 3844 2937 τὴν
3871 2865 4053 2934 ἀπόρ-

2469 2973 2635 3040 ρητον
2667 2968 2865 3022 ἓνωσίν
2898 2984 3081 3036 φαμεν
3106 2964 3424 3035 πεπρᾶχθαι
3449 2979 3464 2994 ο
3513 2958 3807 3028 τοιγαροῦν
3847 2957 4050 3025 ὁμοὶο-

2464 3061 2675 3133 γοῦμεν
2718 3061 2811 3114 τὸν
2867 3059 3135 3131 μονογενῆ
3185 3059 3314 3111 Υίδν
3358 3056 3453 3110 τοῦ
3496 3053 3635 3108 Θεοῦ
3697 3050 3837 3122 (καὶ)
3871 3050 4049 3115 Λόγον

786 3160 905 3196 rum
942 3145 1088 3198 enim
1115 3152 1436 3198 naturarum
1467 3147 1596 3202 unio
1644 3147 1785 3202 facta
1829 3157 1933 3211 est,
1989 3149 2135 3204 unde
2187 3165 2357 3204 unum
2387 3161 2432 3218 ο
2464 3155 2598 3208 Θεὸν

2469 3155 2598 3208 θεὸν
2624 3154 2834 3206 τέλειον
2856 3152 2952 3205 καὶ
2974 3151 3262 3220 ἄνθρωπον
3283 3148 3511 3212 τέλειον,
3537 3147 3601 3199 ἐκ
3618 3144 3798 3214 ψυχῆς
3821 3141 4049 3208 λογικῆς

783 3236 1083 3298 Christum,
1130 3251 1296 3289 unum
1356 3236 1573 3298 Filium.
1623 3254 1794 3293 unum
1847 3238 2137 3294 Dominum
2192 3242 2365 3294 conii-

786 3339 982 3380 temur.
1023 3327 1333 3382 Secundum
1386 3329 1550 3399 igitur
1589 3330 1746 3384 istam
1800 3331 2102 3386 inconfuste
2140 3333 2364 3386 unionis

782 3419 958 3473 ideam
1007 3433 1253 3474 sanetam
1305 3421 1582 3489 Virginem
1622 3437 1747 3476 vere
1797 3422 2081 3491 Deiparam
2130 3424 2365 3477 conﬁte-

784 3527 926 3571 mur,
981 3513 1252 3580 siquidem
1298 3509 1445 3566 D'ens
1481 3510 1713 3567 Verbum
1754 3514 2074 3567 incarnatus
2105 3522 2158 3567 et
2196 3514 2362 3567 homo

783 3600 962 3656 factus
1009 3613 1114 3664 est,
1160 3613 1324 3672 atque
1359 3619 1424 3657 ex
1465 3604 1580 3672 ipsa
1613 3607 1968 3672 Conceptinue
2004 3605 2265 3673 templum
2293 3621 2358 3659 ex

779 3694 871 3748 illa
922 3703 1201 3763 sumptum
1263 3696 1367 3750 sibi
1422 3697 1616 3751 univit.
1691 3695 1756 3752 Et
1811 3699 1855 3752 si
1916 3698 2109 3766 placet,
2173 3713 2361 3751 sume-

780 3801 905 3841 ums
941 3787 994 3838 in
1024 3787 1332 3855 exentplum
1388 3799 1630 3843 nostram
1682 3790 1853 3857 ipsam
1907 3790 2358 3858 compositionem

774 3881 928 3945 juxta
955 3893 1119 3944 quam
1152 3878 1403 3934 homines
1428 3895 1640 3934 sumus.
1683 3880 2083 3949 Compouimur
2110 3883 2257 3934 enim
2291 3898 2357 3935 ex

779 3970 960 4021 anima
993 3980 1044 4021 et
1074 3983 1327 4036 corpore,
1358 3970 1607 4038 duasque
1638 3972 1885 4025 videmus
1908 3982 2156 4036 naturas,
2192 3987 2357 4026 unam

777 4060 1049 4125 corporis,
1079 4071 1131 4113 et
1162 4061 1322 4112 aliam
1360 4060 1590 4132 animas;
1623 4061 1718 4114 sed
1751 4075 1893 4113 unus
1917 4075 1981 4113 ex
2013 4062 2230 4114 duabus
2264 4077 2359 4128 per

779 4152 1030 4204 unionem
1065 4154 1227 4204 homo
1246 4152 1322 4214 lit,
1347 4165 1521 4220 neque
1545 4167 1613 4205 eo
1644 4153 1788 4222 quod
1813 4167 1878 4206 ex
1899 4153 2112 4206 duabus
2143 4153 2359 4207 naturis

775 4245 1145 4312 componitur,
1180 4245 1318 4297 duos
1345 4244 1595 4299 homines
1645 4259 1770 4298 eum
1823 4244 1916 4312 qui
1967 4259 2106 4299 unus
2149 4252 2235 4299 est
2272 4260 2358 4296 ac-

777 4336 959 4403 cipere
997 4335 1144 4397 licet,
1192 4336 1286 4389 sed
1325 4352 1494 4390 unum
1529 4336 1826 4398 hominem,
1863 4337 2163 4390 secundum
2198 4350 2353 4389 com-

777 4428 1125 4496 positionem,
1157 4439 1215 4480 ut
1241 4426 1381 4489 dixi,
1412 4443 1476 4480 ex
1522 4428 1703 4479 anima
1736 4437 1789 4479 et
1814 4442 2068 4495 ('Orpore.
2119 4427 2178 4480 Si
2205 4428 2353 4481 enim

774 4521 1089 4572 auferamus
1114 4519 1244 4571 illud
1275 4518 1420 4586 quod
1448 4532 1513 4571 ex
1549 4518 1763 4572 duabus
1793 4528 1845 4571 et
1870 4519 2106 4572 diversis
2141 4523 2355 4576 naturis

775 4592 918 4663 unus
940 4619 994 4662 et
1017 4609 1170 4663 solus
1190 4608 1566 4673 estChristus,
1591 4620 1714 4675 post
1753 4611 2011 4664 unionem
2036 4611 2350 4667 iudivisihi-

771 4707 858 4766 iis,
905 4703 996 4772 qni
1033 4718 1096 4755 ex
1132 4702 1362 4756 adverso
1381 4710 1530 4767 sunt,
1562 4703 1788 4757 dicent:
1828 4722 1846 4754 ι
1882 4704 1937 4756 Si
1981 4705 2208 4758 omnino
2238 4719 2345 4759 una

772 4807 986 4855 natura,
1043 4796 1321 4862 quomodo
1361 4796 1525 4849 homo
1573 4795 1750 4851 factus
1796 4807 1900 4859 est,
1951 4809 2006 4851 et
2048 4811 2345 4867 quamnam

769 4903 992 4942 carnem
1028 4902 1182 4940 suam
1214 4886 1340 4940 fecit
1360 4889 1384 4937 ν
1430 4885 1555 4941 Illos
1580 4896 1759 4942 autem
1794 4887 1886 4957 qui
1917 4887 2112 4941 dicunt
2141 4887 2342 4942 iactam

770 4977 939 5034 fuiSse
961 4981 1051 5033 Dei
1077 4979 1238 5034 Verbi
1273 4979 1338 5031 ad
1365 4993 1585 5032 carnem
1611 4980 1918 5033 mistionem
1943 4989 2036 5033 aut
2067 4979 2353 5034 confusio-

771 5090 889 5125 nem
926 5083 1020 5126 aut
1051 5072 1424 5141 conglutinati-
1451 5089 1569 5124 nem
1590 5111 1610 5138 ,
1637 5072 1887 5141 dignetur
1917 5073 2092 5141 pietas
2125 5083 2217 5128 tua
2250 5089 2348 5142 pa.

768 5167 873 5218 lam
897 5166 964 5218 ad
1002 5165 1277 5218 silentium
1313 5165 1575 5232 redigere.
1615 5182 1634 5214 ι
1672 5162 1883 5228 Postea,
1928 5164 2192 5220 defuncto
2239 5166 2348 5236 Cy-

767 5258 908 5321 rilsn,
945 5259 1118 5310 oritur
1139 5257 1358 5325 quidam
1391 5257 1697 5311 monachus
1721 5256 2149 5312 archimandrita
2177 5260 2344 5331 Euty-

2466 3246 2565 3298 καὶ
2591 3245 2866 3312 σώματος,
2904 3243 3011 3313 πρὸ
3041 3242 3260 3296 αἰώνων
3291 3241 3392 3310 μὲν
3428 3242 3493 3293 ὲκ
3518 3238 3615 3291 τοῦ
3647 3235 3858 3307 Πατρὸς
3916 3250 4047 3302 γεν-

2464 3337 2702 3408 νηθέντα
2758 3337 2903 3390 κατά
2943 3336 3046 3405 τὴν
3097 3335 3349 3403 θεότητα,
3409 3332 3497 3384 ἐπ’
3541 3329 3788 3400 ἑσχάτων
3823 3326 3881 3379 δὲ
3932 3324 4045 3380 τῶν

2463 3431 2692 3501 ἡμερῶν
2736 3430 2831 3483 τὸν
2865 3429 3029 3482 αὐτὸν
3056 3427 3126 3481 δι’
3177 3427 3323 3496 ἡμᾶς
3363 3426 3458 3476 καὶ
3480 3423 3570 3476 διά
3616 3422 3716 3490 τὴν
3765 3419 4046 3489 ἡμετέραν

2466 3523 2744 3591 σοπηρίαν
2772 3523 2838 3573 ἐκ
2861 3519 3080 3589 Μαρίας
3102 3521 3198 3587 τῆς
3224 3514 3502 3584 Παρθένου
3530 3511 3674 3565 κατά
3703 3511 3802 3580 τὴν
3831 3508 4046 3576 ἀνθρω-

2465 3613 2700 3681 πότητα,
2741 3608 3059 3681 [όμοούσιον
3080 3605 3162 3674 τῷ
3193 3606 3372 3673 Πατρὶ
3415 3603 3510 3653 τὸν
3554 3599 3726 3654 αὑτὸν
3767 3596 3912 3648 κατά
3941 3595 4044 3660 τὴν

2464 3701 2697 3771 θεότητα
2725 3701 2820 3753 καὶ
2844 3699 3135 3762 ὀμοούσιον
3153 3698 3286 3766 ἡμῖν
3305 3695 3447 3748 κατά
3471 3692 3569 3761 τὴν
3593 3689 3691 3744 ἀνθ
3701 3688 4037 3760 ρωπότηταισ

2464 3792 2625 3865 535
2645 3793 2741 3846 δύο
2769 3793 2878 3862 γάρ
2907 3793 3129 3859 φύσεων
3161 3789 3242 3858 (ἡ)
3281 3788 3474 3849 ένωσις
3509 3784 3756 3851 γέγονεν,
3780 3781 3902 3834 ὅθεν
3944 3779 4043 3829 ινα

2462 3885 2724 3954 Χριστὸν,
2755 3885 2853 3937 ἱνα
2893 3884 3040 3948 Υίὸν,
3081 3883 3179 3935 ἕνα
3227 3880 3434 3949 Κύριον
3459 3873 3853 3947 ὁμολογοῦμεν.
3883 3870 4040 3924 Κατά

2462 3978 2592 4045 γοῦν
2613 3979 2661 4010 ³⁸
2690 3977 2792 4047 τὴν
2822 3977 2922 4046 τῆς
2960 3970 3270 4042 ἀσυγχύτου
3303 3971 3551 4029 ένώσεως
3594 3968 3807 4020 ἔννοιαν
3843 3963 4037 4032 ὁμολο-

2461 4071 2670 4140 γοῦμεν
2697 4070 2746 4102 ⁸⁸
2773 4071 2876 4139 τὴν
2896 4067 3061 4136 ἀγίαν
3089 4065 3366 4136 Παρθένον
3393 4061 3607 4131 ἀληθῶς
3630 4060 3917 4118 Θεοτόκον.
3947 4057 4035 4108 διὰ

2458 4164 2521 4216 τὸ
2545 4163 2638 4215 τὸν
2666 4161 2801 4214 Θεὸν
2860 4160 3032 4225 Λόγον
3076 4156 3433 4227 σαρωθῆναι
3474 4155 3572 4206 καὶ
3619 4151 4039 4221 ὲνανθρωπῆσαι

2462 4257 2561 4308 καὶ
2579 4254 2640 4319 ἐξ
2667 4253 2839 4321 αὐτῆς
2871 4251 3192 4320 συλλήψεως
3219 4249 3423 4301 ὲνῶσαι
3455 4245 3604 4312 αύτῷ
3639 4246 3729 4298 τὸν
3775 4245 3834 4309 ἐξ
3869 4243 4038 4310 αὐτῆς

2459 4348 2736 4418 ληφθέντα
2763 4345 2890 4399 ναόν
2913 4362 2928 4374 °
2975 4345 3072 4397 καὶ
3122 4343 3174 4396 εί
3208 4342 3379 4404 δοκεῖ,
3417 4339 3704 4408 δεξώμεθα
3737 4339 3820 4399 είς
3856 4338 4037 4404 παρά-

2459 4443 2664 4512 δειγμα
2687 4442 2788 4509 τὴν
2814 4437 2938 4492 καθ’
2969 4439 3117 4507 ἡμᾶς
3149 4434 3315 4491 αὑτοῦ
3349 4432 3598 4486 σύνθεσιν
3625 4431 3747 4484 καθ’
3775 4432 3844 4501 ἦν
3871 4431 4036 4499 ἐσμεν

2379 4565 2434 4625 D
2460 4533 2739 4602 ἀνθρωττοι
2756 4549 2770 4561 ο
2805 4529 3204 4598 συντεθείμεθα
3225 4527 3415 4596 γάρὲκ
3442 4525 3624 4595 ψυχῆς
3653 4524 3746 4625 καὶ
3781 4522 4034 4591 σώματος

2457 4626 2553 4677 καὶ
2580 4623 2798 4694 ὁρῶμεν
2832 4621 3024 4688 φύσεις
3061 4620 3176 4682 δύο,
3231 4620 3425 4686 ἑτέραν
3459 4615 3560 4683 μὲν
3615 4615 3711 4667 τοῦ
3754 4616 4031 4682 σώματος.

2458 4716 2654 4783 ἑτέραν
2688 4713 2745 4766 δὲ
2777 4713 2876 4782 τῆς
2895 4712 3076 4782 ψυχῆς
3095 4729 3109 4742 ·
3139 4710 3255 4763 ἀλλ’
3295 4704 3375 4771 εἷς
3397 4707 3459 4772 ἐξ
3478 4710 3685 4778 ἀμφοῖν
3707 4705 3892 4777 (139⁵)
3910 4708 4032 4761 καθ’

2458 4809 2652 4860 ἕνωσιν
2683 4807 2997 4875 ἄνθρωπος,
3025 4805 3123 4859 καὶ
3156 4804 3279 4875 οὐχὶ
3307 4803 3385 4874 τῷ
3416 4807 3481 4856 ἑκ
3512 4803 3608 4856 δύο
3645 4803 3867 4870 φύσεων
3904 4819 4026 4854 συν·

2455 4899 2729 4951 τεθεῖσθαι
2781 4899 2878 4951 δύο
2921 4897 3268 4969 ἀνθρώπους,
3299 4897 3394 4950 τὸν
3423 4897 3522 4949 ἕνα
3559 4894 3801 4948 νοεῖσθαι
3851 4911 4028 4964 παρα-

2455 4993 2736 5056 σκευέζει,
2778 4991 2893 5044 ἀλλ’
2925 4991 3022 5044 ινα
3053 4991 3145 5043 τὸν
3167 4991 3455 5060 ἄνθρωπον
3487 4990 3626 5042 κατά
3661 4987 3803 5060 (τὴν)
3838 4987 4025 5041 σύνθε-

2453 5101 2558 5150 σιν,
2597 5085 2672 5145 ὡς
2705 5085 2863 5153 ἔφην,
2895 5084 2998 5154 τὴν
3034 5084 3097 5135 ἐκ
3131 5082 3314 5151 ψυχῆς
3342 5082 3435 5134 καὶ
3474 5081 3764 5150 σώματος·
3797 5081 3894 5133 έάν
3923 5081 4025 5148 γὰρ

2448 5175 2729 5244 ἀνέλωμεν
2756 5176 2820 5229 τὸ
2846 5177 2930 5228 ὅτι
2955 5177 3018 5228 ὲκ
3045 5174 3140 5226 δύο
3179 5177 3269 5226 καὶ
3327 5173 3604 5242 διαφόρων
3636 5172 3853 5240 φύσεων
3879 5173 3908 5223 6
3945 5165 4021 5231 εἷς

2449 5265 2542 5317 καὶ
2578 5267 2738 5335 μόνος
2765 5265 2886 5317 ἐστὶ
2923 5265 3176 5336 Χριστὸς,
3235 5263 3603 5325 ἀδιάσπαστος
3641 5261 3718 5314 ὦν
3753 5261 3894 5331 μετά
3927 5260 4023 5328 τὴν

766 5353 895 5404 ches
925 5365 1163 5411 nomine,
1196 5351 1288 5419 qui
1324 5365 1389 5403 ex
1419 5350 1617 5418 popqu
1646 5366 1752 5404 non
1817 5365 2020 5419 paucos
2056 5352 2122 5404 ad
2156 5362 2343 5420 partes
2445 5355 2619 5408 ένωσι·

2469 5373 2663 5421 μνωσιν,
2700 5357 2920 5428 ἐροῦσιν
2950 5357 2998 5407 oi
3029 5355 3098 5406 δι’
3128 5354 3407 5416 ἐναντίας
3447 5373 3464 5405 ι
3505 5354 3566 5406 Εἰ
3611 5352 3709 5423 μία
3759 5351 3920 5422 φύσις
3963 5353 4024 5404 τὸ

1961 5513 2164 5575 Varias
2191 5515 2504 5580 lectiones
2532 5526 2594 5581 et
2626 5527 2815 5581 notae.

832 5654 1044 5737 ”_Lu_c.
1080 5656 1333 5737 t_,_39,5i.
1409 5657 1456 5737 ff
1484 5657 1671 5737 blattlt.
1707 5658 1914 5737 t._2l.__
1946 5658 1986 5690 "
2025 5660 2118 5737 καί
2159 5663 2284 5720 add.
2324 5665 2454 5721 Cod.
2533 5667 2619 5719 "i

2533 5666 2898 5737 "ispr'g'JCed.
2976 5665 3496 5725 "toor.xv.n.
3575 5665 4011 5737 “eadem.

765 5728 807 5756 ³³
842 5725 1007 5779 αὑτοῦ
1040 5726 1164 5779 add.
1197 5729 1326 5781 υκαι.

763 5797 825 5850 Η.
865 5798 912 5848 7.
995 5797 1037 5827 ³⁵
1073 5815 1126 5849 κ.
1159 5799 1362 5866 ταύτην
1385 5797 1478 5853 οὖν
1500 5801 1630 5856 Ced.
1711 5802 1756 5832 ³³
1810 5800 1899 5854 καί
1953 5802 2075 5856 add.
2114 5803 2218 5859 Ccd

1408 5729 1452 5807 ξ’
1474 5727 1559 5807 «Ιρ.
1589 5729 1678 5807 l_.l,
1870 5731 1914 5807 '_'
1958 5733 2100 5807 κατὰ
2126 5750 2178 5807 σ.
2230 5738 2302 5798 ὡς
2329 5739 2375 5794 ὲ,
2409 5741 2493 5790 ἐκ.
2548 5727 2668 5807 τῆς
2700 5727 2750 5790 ἆ.
2791 5754 2846 5789 π.
2883 5738 3109 5792 imiimi.

3191 5738 3233 5767 "
3271 5739 3314 5788 ὲ.
3346 5739 3584 5793 ἑκὶνωπ
3614 5755 3672 5806 μ.
3709 5737 3755 5791 6.
3785 5736 3834 5791 λ.
3871 5735 4010 5794 Phil.
