4244 6440
825 384 927 442 799

2038 378 2356 437 GEORGII
2400 377 2882 436 HAMARTOLIl

4007 379 4116 445 800

823 499 1367 567 cxperimenlumque
1413 499 1719 553 divinarum
1756 497 2027 550 ultiuuum
2057 495 2402 564 elIugiamus.

2515 492 2622 544 τῶν
2657 495 2886 546 ἐκείνων
2926 493 3366 564 ἰχνηλατούντων
3402 496 3497 548 καὶ
3547 497 3955 566 ἐργαζομένων
3991 511 4114 549 cu-

825 593 880 642 Si
951 591 1073 656 quis
1125 599 1306 643 autem
1386 607 1450 645 ex
1522 593 1587 644 iis
1658 591 1751 659 qui
1815 600 2016 642 terram
2076 589 2234 642 istam
2296 600 2403 638 non

824 684 1078 735 \i:lcruut
1140 700 1225 737 res
1288 683 1360 736 ila
1414 701 1474 737 se
1519 684 1719 737 habere
1789 698 1898 734 non
1957 681 2166 742 credat,
2221 679 2408 732 audiat

1137 772 1476 839 Scripturam
1531 773 1601 826 de
1655 772 1921 840 sapientia
1978 770 2291 837 loquentem
2350 776 2405 821 et

1223 884 1240 914 ι
1294 863 1417 918 llaec
1472 865 1725 934 justum,
1778 863 2134 932 pereuntibus
2198 863 2404 932 impiis,

823 959 1076 1010 liberavit
1146 958 1446 1027 fugientem
1519 960 1695 1027 ignem
1757 958 1849 1026 qui
1915 957 2296 1009 'desccnderat
2351 956 2404 1008 in

822 1048 1159 1116 Pentapolim
1222 1069 1233 1101 :
1287 1050 1450 1117 cujus
1501 1051 1680 1103 adhuc
1761 1049 1814 1100 in
1868 1048 2244 1102 testimonium
2309 1062 2406 1100 ue-

820 1140 1007 1206 qu'tize
1058 1139 1444 1207 lumigahunda
1500 1140 1718 1195 exsistit
1758 1142 1974 1194 deserta
2019 1149 2165 1194 terra
2208 1149 2264 1193 et
2325 1138 2407 1191 in-

820 1245 973 1286 certo
1002 1243 1243 1300 tempore
1275 1232 1488 1287 fructus
1516 1235 1878 1303 producentes
1913 1234 2195 1287 arbores.»
2237 1230 2407 1286 Simi-

823 1328 943 1378 liter
974 1336 1151 1379 autem
1170 1324 1360 1386 .ludas.
1387 1326 1552 1379 frater
1579 1325 1787 1387 Jacobi,
1813 1327 1924 1378 ait:
1951 1324 2141 1380 «Sicut
2169 1324 2408 1379 Sodoma

823 1426 873 1468 et
925 1414 1230 1468 Gomorrha
1296 1423 1349 1466 et
1407 1413 1649 1466 ﬁnitima:
1697 1411 1969 1473 civitates,
2024 1410 2195 1464 simili
2243 1410 2409 1463 modo

821 1509 1194 1568 cxl'orniratze,
1256 1515 1311 1558 ct
1367 1508 1631 1557 abeuntes
1696 1513 1820 1573 post
1881 1519 2102 1557 carnem
2155 1502 2405 1565 alteram,

824 1601 980 1651 idem
1021 1608 1150 1652 Sttut
1184 1597 1518 1664 exemplum,
1569 1597 1710 1665 ignis
1743 1597 1930 1648 aeterni
1965 1610 2183 1662 poenam
2221 1594 2405 1648 susti-

823 1700 1068 1743 nentes.»
1112 1690 1176 1742 Et
1212 1707 1224 1741 :
1273 1709 1287 1737 ι
1328 1690 1538 1752 Quibus
1567 1687 1878 1742 obscuritas
1915 1689 2260 1741 tenebrarum
2292 1701 2408 1741 ser-

822 1796 944 1834 vaza
977 1792 1058 1834 est
1087 1782 1139 1833 in
1175 1792 1457 1834 internum.
1501 1799 1517 1831 ι

798 773 1062 824 ἰΙινίπιτιιιι

821 867 922 916 tlltti
947 877 1090 916 nlem
1151 883 1162 917 ε

817 1878 1028 1939 τορτοις
1051 1877 1254 1946 τρόπον
1273 1875 1709 1945 ἐκπορνεύσασαι
1738 1877 1828 1929 καὶ
1881 1875 2220 1928 ἀπελθοῦσαι
2280 1877 2459 1930 όπίσω
2498 1881 2704 1944 σαρκὸς

2512 585 2686 653 στυγῆ
2715 585 2956 654 πρᾶξινο
2992 587 3087 639 καὶ
3141 587 3329 656 μέντοι
3378 590 3474 640 καὶ
3512 588 3622 641 τῶν
3653 588 3754 656 τὴν
3793 589 4120 656 μέλλουσαν

2509 676 2891 729 ἀπιστούντων
2924 678 3111 746 κρίσιν
3136 679 3421 748 προδήλως
3447 680 3547 748 τὴν
3578 681 3894 752 παράωιάν
3925 699 3990 734 τε
4019 684 4119 734 καὶ

2509 769 2758 836 πόρωσιν
2796 770 2865 833 ³⁸,
2914 769 3002 822 ἶνα
3043 769 3132 822 διά
3159 771 3269 822 τῶν
3309 773 3481 825 πάλαι
3510 773 3611 833 τάς
3637 774 3795 836 δίκας
3827 777 4116 843 εἰσπρατ-

2507 862 2756 928 τομένων
2789 862 2953 930 ἡμεῖς
2977 862 3076 931 τὴν
3108 862 3232 930 ὄψιν
3279 865 3370 915 καὶ
3406 865 3506 934 τὴν
3538 867 3737 935 πεῖραν
3784 867 3901 920 τῶν
3945 867 4119 919 θείων

2507 951 2889 1022 κολαστηρίων
2919 953 3276 1023 ἐκφύγωμεν.
3317 955 3378 1007 Εἰ
3408 957 3464 1008 δέ
3494 975 3578 1019 τις
3607 957 3714 1011 τῶν
3745 959 3823 1028 μὴ
3850 959 3961 1028 τὴν
4003 959 4115 1026 γῆν

2508 1043 2728 1113 ἐκείνην
2793 1045 3129 1114 ἑωρακότων
3199 1047 3460 1117 ἀπιστοίη
3527 1048 3605 1118 μὴ
3677 1049 3854 1112 οὕτως
3935 1051 4095 1119 ἔχειν

2507 1137 2756 1194 ἀκουέτω
2786 1135 2888 1204 τῆς
2936 1135 3090 1196 θείας
3143 1138 3373 1208 Γραφῆς
3406 1139 3775 1210 διηγουμένης
3827 1141 3967 1212 περὶ
4013 1145 4118 1209 τῆς

2521 1230 2717 1298 σοφίας
2743 1234 2851 1285 καὶ
2877 1230 3146 1300 λεγούσης
3167 1248 3179 1260 ·
3216 1251 3234 1282 ι
3268 1233 3422 1301 Αὕτη
3456 1233 3684 1299 δίκαιον,
3719 1233 4133 1303 ἐξαπολλυμέο.

2507 1339 2615 1373 νων
2667 1322 2924 1387 ἀσεϐῶν,
2975 1325 3254 1396 ἐρρύσατο
3311 1326 3561 1394 φυγόντα
3620 1327 3972 1380 καταδάσιον
4004 1327 4116 1396 πῦρ

2511 1415 2938 1478 Πενταπόλεως·
2980 1412 3049 1486 ἦς
3095 1418 3182 1469 ἔτι
3235 1418 3274 1449 ³⁸
3313 1418 3623 1487 μαρτύριον
3671 1421 3772 1488 τῆς
3826 1420 4116 1488 πονηρίας

2509 1506 2887 1577 καπνιζομένη
2938 1508 3250 1580 καθέστηκε
3489 1510 3686 1580 χέρσος
3719 1515 3816 1564 καὶ
3849 1512 4117 1566 ἀτελέσιν

2508 1597 2684 1667 ὥραις
2741 1601 3210 1671 καρποφοροῦντα
3259 1609 3440 1670 φυτάο
3498 1621 3515 1653 ι
3568 1602 3838 1666 ὡσαύτως
3901 1604 3967 1656 δὲ
4019 1607 4116 1656 καὶ

2521 1690 2694 1742 Ἰούδα
2753 1693 3018 1746 Ἰακώϐου
3071 1695 3117 1725 ⁸⁸
3150 1694 3495 1763 φάσκοντοςο
3549 1715 3568 1748 ι
3617 1695 3710 1758 Ὠς
3745 1696 3974 1767 Σόδομα
4023 1698 4119 1748 καὶ

2509 1783 2768 1855 Γόμορρα
2821 1785 2915 1837 καὶ
2961 1783 3068 1856 [at]
3123 1789 3254 1857 napi.
3302 1789 3475 1850 αὑτὰς
3525 1789 3713 1850 πόλεις
3763 1789 3860 1842 τὸν
3913 1790 4111 1859 ὅμοιον

2781 1882 2980 1952 ἐτέρας
3030 1883 3354 1952 πρόκεινται
3408 1885 3611 1954 δεῖγμα
3656 1886 3828 1954 πυρὸς
3881 1887 4115 1940 αἰωνίου

817 1975 976 2041 δίκην
1007 1973 1336 2040 ὑπέχουσαι·
1384 1993 1400 2021 ι
1434 1973 1527 2023 καί
1555 1988 1566 1998 ·
1616 1991 1633 2022 ι
1666 1965 1762 2033 Οἷς
1791 1973 1817 2024 6
1845 1972 2008 2039 ζόφος
2037 1972 2132 2024 τοῦ
2167 1974 2394 2036 σκότους
2434 1975 2516 2038 εἰς
2543 1977 2749 2040 αίῶνας
2777 1980 3098 2047 τετήρηται.
3146 1999 3162 2029 ι

891 2068 1027 2120 Dicit
1079 2081 1259 2119 au'etn
1315 2067 1478 2118 etiam
1520 2067 1681 2119 divus
1728 2066 2159 2135 Chrysostornus
2209 2086 2225 2120 :

817 2160 942 2228 quis
989 2161 1055 2210 de
1107 2159 1356 2226 gehenua
1404 2155 1642 2221 dubitat,
1698 2156 1995 2210 Sodomam
2029 2166 2266 2225 reputet,
2302 2155 2413 2211 Go-

819 2251 1096 2305 morrham
1176 2249 1414 2318 cogitet,
1481 2249 1742 2303 iullictam
1803 2265 2019 2318 pinnam
2103 2259 2160 2304 et
2230 2249 2412 2304 adhuc

821 2351 1160 2402 manentem,
1211 2349 1267 2395 et
1301 2341 1353 2394 itt
1386 2351 1651 2395 aternum
1688 2342 1950 2395 duranda:
1976 2341 2283 2410 punitionis
2313 2358 2406 2395 va.

822 2435 990 2488 lidunt
1041 2433 1373 2503 ptmbentcm
1424 2441 1828 2502 argumentum.
1888 2431 2006 2486 Non
2061 2435 2208 2486 enim
2262 2444 2407 2488 terra

821 2537 1057 2588 tantum,
1081 2526 1175 2580 sed
1205 2537 1259 2579 et
1294 2526 1408 2595 ipse
1446 2541 1540 2580 aer
1572 2537 1626 2580 et
1657 2542 1808 2596 aqua:
1839 2526 2205 2580 calamitatem
2240 2527 2412 2596 parti-

819 2622 1180 2691 cipaverunt,
1217 2630 1270 2672 et
1301 2620 1786 2688 quemadmodum,
1834 2631 2063 2688 corpore
2112 2635 2404 2683 succenso,

822 2716 997 2766 forma
1023 2714 1243 2780 quidem
1273 2721 1326 2765 et
1360 2721 1518 2780 typus
1539 2721 1592 2766 et
1625 2723 1805 2766 tumor
1827 2720 1882 2765 et
1909 2712 2158 2779 analogia
2182 2712 2237 2764 in
2265 2711 2408 2780 ignis

821 2816 1070 2875 aspectu,
1102 2805 1197 2860 sed
1243 2820 1349 2857 non
1391 2805 1473 2858 vis
1507 2815 1693 2859 manet
1726 2820 1740 2856 :
1773 2807 1853 2858 sic
1884 2815 1936 2856 et
1968 2805 2081 2858 illic
2112 2805 2296 2858 videre
2321 2815 2409 2859 est

824 2909 1046 2961 terram,
1097 2913 1218 2966 quae
1265 2897 1402 2950 nihil
1452 2897 1615 2951 habet
1665 2907 1842 2960 terrae,
1903 2897 1996 2950 sed
2047 2897 2230 2951 omnia
2278 2906 2409 2951 sunt

822 2991 996 3053 ciuis;
1044 2991 1271 3044 arbores
1301 2999 1355 3044 et
1403 2990 1639 3053 fructus,
1674 2990 1767 3044 sed
1797 2990 1929 3042 nihil
1962 2992 2222 3044 arborqu
2261 2989 2410 3044 fruc-

822 3095 1085 3151 tutnuque
1111 3084 1412 3148 habentes;
1440 3100 1618 3136 acrem
1655 3094 1706 3136 et
1733 3083 2064 3150 aquam,scd
2094 3083 2230 3136 nihil
2251 3098 2408 3152 aqua:

823 3191 921 3228 nec
942 3178 1120 3241 aeris;
1148 3175 1415 3242 siquidem
1435 3177 1616 3229 ouuiia
1641 3189 1900 3228 conversa
1931 3177 2130 3229 suntin
2167 3164 2405 3229 cineres.

821 3267 964 3320 Nihil
997 3269 1140 3321 cuitu
1186 3268 1334 3321 aliud
1366 3277 1450 3321 est
1490 3281 1654 3335 quam
1690 3267 1943 3322 caminus
1993 3283 2107 3334 aer,
2151 3267 2408 3322 caminus

822 3377 986 3428 aqua,
1039 3369 1234 3413 cuncta
1281 3359 1508 3423 sterilia,
1563 3369 1757 3413 cuneta
1795 3359 2157 3421 infructuosa,
2209 3367 2406 3414 cuncta

2289 2065 2479 2129 «Sis

2580 2071 2658 2140 (7)
2683 2072 2846 2138 Λέγει
2879 2073 2937 2125 δέ
2967 2074 3065 2126 καὶ
3087 2076 3115 2126 ό
3141 2073 3287 2136 θεῖος
3319 2073 3712 2144 Χρυσόστομος
3733 2092 3744 2104 ·
3785 2094 3804 2127 ι
3853 2077 4116 2131 ’Δπιστιῖ

2511 2177 2598 2224 τις
2628 2163 2676 2194 ³⁸
2708 2165 2772 2234 τῇ
2811 2165 3028 2235 γεέννῃ,
3074 2166 3144 2219 τὰ
3179 2166 3397 2234 Σόδομα
3444 2168 3866 2235 διαλογιζέσθω,
3899 2171 3974 2224 τὰ
4010 2173 4110 2224 Γο-

2514 2257 2695 2324 μορρα
2727 2254 3000 2320 ἐννοείτω,
3032 2256 3130 2327 τὴν
3171 2257 3556 2329 γεγενημένην
3600 2259 3646 2290 ³⁸
3692 2262 3979 2330 τιμωρίαν
4015 2265 4109 2314 καί

2511 2346 2593 2400 ἐτι
2649 2348 2925 2416 μένουσαν
2963 2369 2982 2400 ι
3021 2352 3119 2402 καὶ
3171 2351 3268 2403 τοῦ
3331 2351 3666 2416 διαιωνίζειν
3717 2353 3821 2422 τὴν
3880 2356 4109 2409 κόλασιν

2509 2440 2741 2509 ἐναργὲς
2785 2443 3091 2510 τεκμήριον
3126 2445 3520 2514 παριστῶσανο
3559 2446 3656 2499 καὶ
3685 2445 3796 2517 γὰρ
3831 2447 4023 2514 (ἳὸῗδ)
4050 2452 4107 2500 οὐ

2513 2534 2678 2602 μόνον
2717 2535 2752 2604 ἡ
2784 2534 2881 2604 γῆ,
2916 2535 3054 2588 ἀλλά
3106 2538 3200 2589 καὶ
3246 2539 3412 2600 αὐτὸς
3439 2541 3466 2591 ό
3507 2539 3616 2609 ἀὴρ
3665 2541 3761 2593 καὶ
3815 2542 3885 2592 τά
3931 2541 4104 2594 ὕδατα

2512 2627 2744 2695 μετέσχε
2774 2630 2871 2698 τῆς
2911 2631 3225 2698 συμφορᾶς,
3260 2631 3356 2682 καὶ
3405 2631 3656 2702 καθάπερ
3703 2635 3963 2704 σώματος
4010 2640 4030 2687 ἐ
4044 2657 4106 2704 μο

2509 2718 2846 2786 πρησθέντος
2880 2719 2940 2771 τὸ
2982 2721 3082 2788 μέν
3119 2721 3308 2791 σχῆμα
3348 2723 3503 2790 μένει
3551 2726 3645 2777 καὶ
3689 2727 3718 2777 6
3741 2727 3916 2788 τύπος
3945 2728 4006 2779 έν
4041 2733 4103 2796 τῇ

2510 2809 2605 2860 τοῦ
2647 2810 2820 2879 πυρὸς
2856 2811 2979 2879 δψει
3025 2813 3121 2863 καὶ
3163 2814 3192 2863 6
3225 2812 3390 2879 δγκος
3421 2813 3514 2864 καὶ
3559 2815 3591 2881 ἡ
3635 2813 3928 2882 ἀναλογία,
3983 2819 4015 2883 ἡ
4049 2819 4102 2868 δὲ

2509 2897 2740 2968 δύναμις
2784 2898 3008 2951 οὐκέτι·
3055 2898 3202 2951 οὕτω
3246 2900 3311 2968 δὴ
3343 2902 3568 2952 κάκεῖσε
3608 2900 3715 2968 γῆν
3761 2901 3916 2952 ἐστιν
3952 2903 4100 2960 ἰδεῖν,

2511 2991 2628 3042 ἀλλ’
2662 2992 2816 3045 οὐδὲν
2854 2993 3087 3063 ἔχουσαν
3119 2994 3246 3062 γῆς,
3275 2994 3412 3046 ἀλλά
3441 2995 3619 3048 πάντα
3656 2996 3839 3064 τέφρα
3859 3013 3872 3028 ·
3908 2997 4102 3067 δένδρα

2511 3085 2607 3138 καὶ
2657 3087 2950 3154 καρποὺς,
2992 3086 3110 3138 ἀλλ’
3154 3086 3309 3139 οὐδὲν
3376 3087 3611 3158 δένδρων
3661 3087 3784 3140 οὐδὲ
3837 3090 4097 3156 καρπῶν·

2510 3173 2651 3244 ἀέρα
2677 3176 2775 3227 καὶ
2797 3174 2966 3244 ὕδωρ,
2994 3175 3111 3230 ἀλλ’
3131 3175 3287 3228 οὐδὲν
3311 3174 3504 3238 ὓδατος
3526 3177 3648 3230 οὐδέ
3674 3177 3838 3246 ἀέρος
3867 3195 3881 3209 ο
3909 3180 4100 3248 ἐπειδὴ

2510 3268 2620 3338 γὰρ
2655 3267 2749 3320 καὶ
2778 3269 2954 3322 ταῦτα
2989 3269 3360 3338 τετέφρωνται
3387 3285 3399 3296 ·
3434 3268 3729 3340 τοιγαροῦν
3790 3273 3952 3324 οὐδὲν
3986 3273 4101 3324 ’ἐτεο

2513 3377 2606 3429 ρον
2639 3360 2672 3429 ἢ
2705 3361 2937 3430 κάμινός
2967 3365 3119 3414 ἐστιν
3143 3361 3173 3412 ό
3195 3361 3325 3430 ἀὴρ,
3356 3363 3588 3431 κάμινος
3618 3361 3681 3414 τὸ
3713 3361 3886 3431 ὓδωρ,
3921 3366 4098 3417 πάντα

824 3452 1109 3518 praeterita:
1140 3452 1232 3504 irae
1261 3452 1523 3504 ultionem
1560 3451 1908 3505 ostendentia
1934 3461 1988 3505 et
2022 3450 2221 3504 futura:
2253 3451 2407 3519 puni-

2511 3452 2764 3523 ἄκαρπα,
2817 3454 2996 3507 πάντα
3043 3454 3240 3520 ἄγονα,
3281 3457 3462 3506 πάντα
3509 3453 3650 3523 πρὸς
3696 3454 3977 3524 τιμωρίαν
4003 3456 4097 3522 τῆς

821 3544 988 3596 tiouis
1020 3545 1308 3611 imagines.
1332 3543 1539 3612 Réputa
1575 3560 1707 3614 ergo
1737 3555 2001 3614 quantum
2025 3544 2096 3600 sit
2119 3554 2405 3613 peccatum

822 3644 880 3688 ut
932 3645 1057 3690 ante
1113 3648 1328 3706 tempus
1379 3637 1683 3707 gehennam
1731 3652 1996 3706 apparere
2051 3636 2174 3706 quis
2226 3647 2405 3704 cogat.

822 3729 1272 3785 lixtraordinaria
1317 3746 1555 3798 namque
1603 3729 1707 3785 fuit
1740 3731 1854 3785 haec
1896 3731 2097 3799 pluvia,
2136 3730 2405 3799 siquidem

821 3830 875 3874 ct
913 3833 1100 3876 contra
1131 3832 1381 3877 naturam
1413 3831 1467 3876 et
1491 3821 1665 3892 legem
1701 3831 1821 3876 erat
1855 3821 1957 3875 ista
1979 3821 2321 3887 commislio;
2354 3830 2410 3876 et

822 3915 1124 3968 submersit
1187 3926 1428 3980 terram,
1492 3915 1763 3985 siquidem
1813 3923 1868 3969 et
1923 3917 2138 3968 animas
2190 3929 2407 3974 eorum.

822 4007 1037 4060 funesta
1085 4018 1139 4062 et
1180 4008 1539 4063 exsecrabilis
1570 4009 1841 4075 voluptas.
1867 4008 1984 4072 Ast,
2020 4022 2054 4060 o
2080 4006 2408 4060 dementiam

820 4115 1007 4152 eorum
1042 4102 1134 4169 qui
1164 4101 1267 4155 hoc
1295 4101 1560 4171 aguntlo
1608 4099 1886 4156 miseriam
1943 4109 1996 4154 et
2050 4100 2408 4154 stoliditatem

820 4193 1121 4248 infelicium
1165 4195 1282 4264 qui,
1315 4195 1448 4263 proh
1487 4195 1675 4250 dolori
1711 4203 1906 4264 sponte
1942 4193 2058 4248 hzrc
2101 4195 2410 4262 patiuntur,

820 4288 1100 4357 corrumpi
1169 4288 1584 4343 consentientes
1636 4303 1666 4341 a
1713 4287 1990 4357 corruptis
2021 4295 2076 4340 et
2106 4287 2325 4354 pollutis
2356 4296 2415 4341 et

819 4380 1054 4448 impuris
1081 4396 1265 4434 anima
1313 4390 1370 4435 et
1424 4395 1677 4451 corpore,
1706 4382 2002 4450 porcisque
2039 4379 2255 4448 pejores
2286 4394 2409 4433 sese

821 4483 1216 4538 monstrantes,
1245 4478 1362 4530 sive
1387 4486 1738 4542 corruptores
1770 4475 1887 4529 sive
1926 4473 2173 4542 corrupti
2203 4473 2414 4542 absque

822 4578 968 4620 metu
1002 4582 1066 4621 ac
1097 4570 1343 4638 pudore!
1403 4566 1464 4621 Hi
1498 4577 1646 4622 certe
1693 4567 1870 4621 brutis
1917 4567 2412 4622 irrationabiliores

818 4669 874 4712 et
923 4658 1156 4712 canibus
1210 4658 1645 4729 impudentiores
1703 4660 1860 4712 sunt!
1917 4655 2210 4728 Nunquam
2260 4659 2409 4711 enim

817 4754 961 4821 apud
991 4751 1125 4807 istos
1157 4753 1281 4808 talis
1303 4753 1361 4807 lit
1389 4753 1723 4816 commistio,
1746 4751 1839 4808 sed
1868 4752 2119 4820 proprios
2147 4749 2412 4806 terminos

2512 3545 2898 3616 προλασούσης
2928 3544 3101 3616 ὀργῆς
3133 3547 3229 3597 καὶ
3269 3546 3481 3606 εἰκόνες
3527 3545 3630 3613 τῆς
3673 3547 3985 3616 μελλούσης
4011 3568 4096 3600 κου

2510 3637 2724 3700 λάσεως
2747 3637 3052 3708 ’,ἐννόησον
3096 3637 3282 3689 τοίνυν
3312 3637 3503 3706 ἡλίκον
3543 3639 3660 3690 ἐστὶ
3700 3640 3760 3690 τό
3794 3640 4099 3710 ἁμάρτημα

2511 3727 2589 3791 ὡς
2637 3729 2934 3799 βιάσασθαι
2991 3728 3100 3799 πρὸ
3143 3729 3341 3798 καιροῦ
3385 3729 3484 3798 τὴν
3548 3729 3777 3796 γέενναν
3833 3733 4094 3798 φανῆναι·

2514 3823 2611 3875 καὶ
2634 3823 2744 3890 γὰρ
2789 3819 3100 3892 παράδοξος
3138 3815 3207 3891 ἦν
3231 3822 3260 3872 ό
3287 3820 3445 3883 ὑετὸς
3484 3823 3689 3885 ἐκεῖνος
3715 3839 3730 3851 ⁸
3775 3823 3971 3891 ἐπειδὴ
4012 3827 4102 3875 καὶ

2513 3918 2670 3986 παρά
2700 3916 2865 3985 φύσιν
2899 3917 2994 3968 καὶ
3031 3915 3354 3985 παράνομος
3385 3917 3417 3984 ἡ
3448 3915 3623 3984 μίξις·
3661 3917 3754 3967 καὶ
3793 3918 4098 3968 κατέκλυσε

2513 4010 2617 4079 τὴν
2647 4009 2776 4077 γῆν,
2810 4007 3006 4078 ἐπειδὴ
3055 4009 3152 4060 καὶ
3199 4008 3298 4069 τὰς
3353 4008 3578 4059 ἐκείνων
3608 4007 3786 4077 ψυχὰς
3822 4011 3855 4077 ἡ
3889 4012 4101 4079 χαλεπὴ

2513 4103 2612 4157 καὶ
2645 4103 2926 4172 ἐπάρατος
2976 4101 3247 4170 ἐπιθυμία
3273 4117 3288 4130 ·
3328 4099 3469 4165 ἀλλ’,
3497 4095 3543 4153 ὧ
3582 4101 3681 4168 τῆς
3710 4104 4103 4171 παραπληξὲας

2513 4195 2623 4249 τῶν
2674 4195 2840 4249 τοῦτο
2891 4195 3400 4264 κατεργαζομένων
3448 4195 3674 4261 καὶτῆς
3720 4193 4102 4266 ταλαιπωρίας

2513 4289 2611 4341 καί
2665 4287 2958 4350 κακονοίας
3007 4288 3117 4339 τῶν
3165 4286 3422 4339 ἐλεεινῶν
3472 4287 3564 4338 καὶ
3619 4286 3822 4349 ἀθλίως
3854 4289 3899 4318 ⁸⁵
3949 4289 4102 4341 τοῦτο

2513 4386 2835 4452 πασχόντων
2863 4380 3129 4441 ἑκουσίως
3174 4382 3412 4449 μάλιστα
3445 4379 3541 4432 καὶ
3586 4380 3970 4449 φθειρομένων
4002 4383 4101 4434 Cir}.

2512 4475 2626 4527 τῶν
2659 4473 3085 4543 διεφθαρμένων
3119 4473 3215 4525 καὶ
3251 4471 3500 4541 βεϐήλων
3536 4489 3595 4522 τε
3631 4474 3725 4523 καὶ
3771 4473 4102 4542 ἀκαθάρτων

2511 4569 2660 4640 ψυχῇ
2687 4569 2783 4621 καὶ
2808 4568 3027 4636 σώματι
3068 4567 3163 4618 καὶ
3209 4565 3412 4636 χοίρων
3450 4565 3672 4634 χείρους
3706 4567 3934 4629 ἑαυτοὺς
3966 4570 4098 4620 ἀποε

2515 4663 2804 4723 φαίνοντες
2855 4660 2928 4723 ",
2983 4659 3097 4711 οῖτε
3150 4657 3470 4729 φθείροντες
3511 4659 3608 4710 καὶ
3659 4659 3708 4710 οί
3751 4659 4100 4730 φθειρόμενοι

2516 4754 2740 4820 ἀφόϐως
2782 4753 2878 4806 καὶ
2908 4752 3286 4821 ἀναισχύντως
3309 4768 3323 4781 ο
3363 4753 3420 4804 οἰ
3448 4769 3512 4820 γε
3549 4753 3648 4806 καὶ
3688 4753 3904 4818 ἀλόγων
3942 4755 4098 4822 ἀνοη-

821 4855 1016 4897 natura
1050 4846 1352 4916 cognoscit.
1395 4843 1505 4901 Hos
1561 4860 1662 4915 ego
1702 4845 1918 4914 pejores
1951 4843 2241 4897 homicidis
2286 4857 2411 4897 esse

2486 4811 2736 4912 ’τότεροί
2802 4846 2902 4898 κιιὶ⁵
2969 4811 3152 4897 mf?“
3204 4811 3618 4910 ἀναιδέστεροι·
3676 4811 3919 4912 οὐδαμοῦ
3993 4811 4093 4914 γὰρ

819 4937 975 4999 dico;
1027 4953 1359 5008 quocunque
1392 4939 1614 4992 nomine
1650 4945 1935 5006 peccatum
1968 4935 2233 5006 appelles,
2287 4933 2408 4988 nul-

821 5032 932 5084 lum
989 5033 1115 5087 huic
1149 5031 1406 5101 Pravitati
1454 5047 1551 5102 par
1600 5032 1867 5086 invenies.
1932 5028 2217 5084 Homicida
2261 5027 2408 5082 enim

821 5127 1061 5179 :mitnam
1105 5141 1134 5179 a
1191 5141 1422 5195 corpore
1456 5134 1745 5195 segregat;
1803 5124 1891 5178 hic
1928 5131 2114 5177 autem
2166 5120 2406 5174 animam

820 5233 944 5271 cum
1003 5233 1232 5286 corpore
1284 5217 1570 5288 disperdit.
1638 5216 1795 5271 Unde
1836 5215 2004 5284 igitur
2046 5221 2272 5267 enatum
2325 5222 2412 5266 est

823 5311 927 5365 tale
956 5310 1202 5364 malum?
1252 5311 1296 5363 Λ
1336 5310 1573 5375 deliciis,
1609 5328 1638 5364 a
1675 5309 1923 5373 mollitie,
1972 5324 2003 5361 a
2051 5306 2412 5361 derelictione

827 5405 942 5471 Dei,
997 5405 1066 5459 ab
1094 5420 1161 5460 eo
1204 5406 1349 5475 quod
1400 5404 1515 5475 ipsc
1568 5421 1678 5458 non
1727 5405 1981 5459 timeatur
2023 5418 2124 5455 nec
2162 5399 2407 5454 futurum

2517 4937 2744 5007 τοιαύτη
2803 4936 2952 5006 μίξις
3007 4937 3138 5006 παρ’
3167 4936 3402 4996 ἐκείνοις
3447 4935 3562 4987 ἀλλ’
3590 4936 3950 5003 ἐπιγινώσκει
3979 4940 4096 5000 τοὺς

2518 5029 2685 5092 ἰδίους
2721 5030 2885 5098 ὅρους
2921 5029 2957 5097 ἡ
2992 5029 3176 5096 φύσις.
3213 5025 3449 5086 Τούτους
3484 5025 3597 5094 ἐγὼ
3626 5029 3720 5080 καὶ
3759 5027 4094 5097 ἀνδροφόνων

2520 5123 2737 5195 χείρους
2771 5115 2912 5173 εἶναι
2953 5120 3097 5186 λέγω
3125 5119 3221 5171 καὶ
3259 5119 3399 5188 ὅπερ
3431 5121 3496 5171 ἀν
3553 5121 3714 5191 είπῃς
3761 5121 4094 5191 ἀμάρτημα·

2518 5217 2672 5270 οὐδὲν
2701 5215 2814 5267 ίσον
2863 5215 3007 5283 ἐρεῖς
3250 5213 3351 5280 τῆς
3398 5213 3751 5282 παρανομίας
3802 5213 4005 5285 ταύτης
4031 5219 4093 5267 ,ὁ

2525 5309 2625 5377 μὲν
2672 5307 2781 5376 γὰρ
2837 5305 3166 5374 ἀνδροφόνος
3214 5302 3313 5374 τὴν
3345 5303 3530 5373 ψυχὴν
3563 5305 3673 5355 ἀπ’)
3713 5305 3810 5357 τοῦ
3848 5305 4089 5374 σώματος

2522 5400 2838 5472 ἐχώρησεν·
2871 5393 3026 5459 οὗτος
3069 5397 3126 5449 δὲ
3175 5396 3274 5465 τὴν
3323 5395 3502 5466 ψυχὴν
3537 5398 3678 5466 μετά
3723 5398 3818 5450 τοῦ
3851 5398 4090 5466 σώματος

2035 5542 2233 5603 Varim
2273 5542 2582 5606 lectiones
2613 5547 2674 5600 et
2704 5550 2892 5600 notae.

898 5698 944 5729 ⁸⁸
976 5698 1421 5765 ἐποίησενῖὃων.
1465 5693 1596 5760 x,6.
1650 5695 1761 5763 πῦρ
1812 5711 1932 5746 κατ.

825 5842 871 5872 ³³
897 5841 1138 5895 aditum?
1215 5843 1255 5874 ³·
1289 5838 1740 5903 ἀποςαινόντιι›ν,’ἐ

2013 5695 2053 5725 ³⁸
2080 5686 2160 5753 οἷς
2193 5692 2284 5742 ἐπὶ
2321 5710 2362 5758 μ
2411 5691 2541 5758 Sap.
2575 5691 2631 5748 7.
2693 5693 2786 5744 sed
2829 5691 3076 5759 plerique
3107 5691 3320 5742 miliens
3376 5699 3434 5742 ut
3474 5690 3644 5743 lluisl.

831 5770 919 5822 ubi
947 5770 1044 5824 eod
1101 5760 1435 5826 67.!05Jllti
1467 5767 1664 5828 αἰῶνας
1697 5760 1914 5820 habent.
1992 5766 2034 5797 ⁸³
2063 5763 2113 5816 εἴ
2145 5779 2226 5824 τις
2261 5762 2357 5816 ἀπ.
2399 5766 2413 5816 l

2486 5779 2529 5816 r.
2568 5760 2634 5815 Vl
2663 5763 2769 5817 ‘2')7
2790 5764 2851 5815 (ὲ.

3725 5689 3770 5719 ³⁸
3797 5687 3921 5741 Jud.
3949 5689 4084 5746 7J5.

2933 5761 2975 5791 "
3007 5779 3055 5812 τ.
3087 5761 3182 5830 τὴν
3215 5759 3315 5830 ἠδη
3348 5778 3396 5828 γ.
3434 5763 3523 5812 καί
3556 5761 3716 5831 μέχρι
3747 5759 3842 5812 νῦν
3879 5778 3934 5830 μ.
3966 5761 4082 5813 Chr.
