4244 6440
184 375 288 442 801

1364 378 1829 441 CHRONICON.
1984 379 2133 439 LIB.
2174 378 2271 438 ιν.

3355 373 3461 436 802

185 489 491 543 ἀταῦλεσεν.
522 487 698 544 Πόθεν
732 484 827 545 οὖν
865 488 1062 560 tam
1093 489 1155 542 τδ
1186 488 1331 558 μέγα
1378 488 1538 542 τοῦτο
1569 496 1769 550 κακονς
1804 490 1847 546 Α

1804 490 1847 546 Α
1875 485 2167 554 jmlicium.
2212 484 2315 539 Ubi
2362 484 2507 537 enim
2555 485 2720 554 aliqui
2759 487 2919 539 talem
2968 494 3170 539 uictum
3223 501 3250 536 α
3296 488 3461 537 corde

200 581 333 634 Ἀπὸ
361 582 573 651 τρυφῆς
606 584 702 636 καὶ
728 582 1014 652 σπαταλης
1048 582 1144 635 καὶ
1166 580 1610 649 ἐγκαταλείψεως
1635 578 1771 632 Θεοῦ

189 675 287 725 καὶ
322 673 431 727 ἀπὸ
456 674 553 727 τοῦ
592 675 667 744 μὴ
695 674 981 743 φοϐεῖσθαι
1018 675 1183 726 αὐτὸν
1215 675 1309 725 καὶ
1334 673 1433 744 τὴν
1467 672 1773 743 μέλλουσαν

190 765 408 833 κρίσιν·
444 766 575 819 ὅταν
614 766 725 837 γὰρ
762 767 1039 819 ὲκδάλωσί
1086 782 1234 828 τινες
1270 766 1359 819 τὸν
1397 763 1644 817 τοιοῦτον
1677 764 1773 832 φό-

189 857 284 908 ϐον
343 858 407 910 εκ
451 858 553 927 τῆς
615 858 847 929 καρδίας
902 858 1107 922 αὐτῶν,
1152 858 1547 925 ὲγκαταλιμπά
1599 856 1772 927 (288⁸)

190 965 377 1002 νονται
403 952 486 1011 εἰς
520 949 676 1012 τέλος
716 950 813 1003 καὶ
858 948 1031 1013 οὕτως
1069 950 1319 1018 ἔρχονται
1354 951 1436 1012 εἰς
1478 948 1774 1018 ἐπιθυμίας

190 1042 453 1111 ἀνοήτους
480 1042 575 1095 καὶ
609 1041 883 1113 βλαϐεράς
917 1043 1011 1094 καὶ
1041 1042 1083 1072 ³⁷
1126 1060 1144 1090 ι
1180 1042 1261 1103 εἰς
1292 1040 1443 1106 πάθη
1472 1041 1720 1109 ἀτιμίας·
1748 1059 1767 1092 ι

192 1132 387 1201 ῶσπερ
426 1132 538 1203 γάρ
581 1133 771 1186 πολλοὶ
804 1134 1073 1193 πολλάκις
1102 1133 1202 1201 τὴν
1225 1131 1335 1183 τῶν
1366 1133 1553 1184 σιτίων
1584 1133 1776 1185 ἐπιθυ-

196 1226 329 1296 μίαν
380 1227 615 1294 ἀφέντες
669 1227 775 1295 γῆν
828 1226 1109 1279 σιτοῦνται
1162 1228 1258 1280 καὶ
1304 1226 1487 1290 λίθους
1535 1227 1772 1295 μικράςο

192 1316 287 1368 καὶ
313 1316 492 1387 ἓτεροι
524 1317 581 1369 δὲ
629 1318 735 1370 ὑπὸ
768 1318 953 1385 δίψους
997 1318 1360 1387 κατεχόμενοι
1410 1317 1645 1388 σφοδροῦ
1678 1318 1777 1371 καὶ

194 1405 463 1478 βορϐόρου
524 1409 789 1470 πολλάκις
852 1408 1267 1474 ὲπιθυμοῦσιν’
1322 1408 1466 1460 οὕτω
1531 1411 1776 1461 κάκεῖνοι

192 1500 661 1568 καταλειφθέντες
710 1499 801 1552 διὰ
838 1501 933 1564 τὰς
988 1501 1401 1572 προειρημένας
1430 1501 1607 1563 αἰτίας
1639 1502 1779 1572 πρὸς

192 1591 285 1643 τὸν
316 1593 559 1662 ἄθεσμον
611 1592 819 1645 τούτων
871 1593 1250 1664 ἐξεκαύθησαν
1290 1596 1469 1664 ἔρωτα
1504 1597 1599 1647 καὶ
1639 1596 1780 1665 πρὸς

191 1683 293 1752 τὴν
326 1687 534 1755 μιαράν
562 1686 744 1758 δρεξιν
781 1694 984 1759 μανίαν
1014 1705 1072 1740 τε
1106 1689 1200 1739 καὶ
1240 1688 1447 1740 λύσσαν
1470 1705 1481 1717 ’
1515 1691 1563 1740 εί
1592 1688 1649 1740 δὲ
1680 1690 1779 1739 οὐκ

1877 593 1978 633 suo
2005 580 2310 647 ejecerunt,
2349 579 2399 629 in
2435 577 2596 630 linem
2628 580 3086 647 derelinquuntur
3115 588 3169 631 et
3200 578 3269 631 ita
3297 580 3462 631 derc-

1878 674 2033 725 niunt
2074 672 2140 723 ad
2192 672 2521 740 cupiditates
2578 672 2977 735 irrationabiles
3011 683 3063 727 et
3092 673 3380 726 cbsrwnus
3410 684 3465 726 ct

1886 782 1903 813 ε
1934 781 1986 817 ιιι
2020 763 2306 832 passiones
2345 763 2716 833 ignominiae.»
2746 762 2900 818 Sicut
2934 766 3079 816 enim
3112 770 3290 826 multi,
3319 781 3462 833 saepe

1880 854 2268 907 alimentorum
2295 854 2569 908 desiderio
2598 858 2875 926 elongato,
2910 867 3111 910 terram
3138 858 3463 926 lapidesque

1880 950 2209 1013 comedunt;
2260 948 2353 1000 alii
2411 959 2616 1013 autem,
2644 952 2733 1004 siti
2779 950 3089 1005 vehementi
3127 951 3340 1019 agitati,
3379 951 3460 1003 vel

1881 1034 2154 1087 sentinam
2224 1034 2536 1087 desiderant
2593 1052 2607 1087 :
2672 1038 2752 1089 sic
2793 1046 2847 1090 et
2890 1038 2967 1091 illi
3021 1048 3241 1107 proptt-r
3291 1039 3465 1090 dictas

1881 1139 2083 1179 causas
2109 1123 2382 1187 derelicti,
2422 1127 2473 1178 in
2510 1127 2759 1180 illicitum
2790 1143 2975 1183 eorum
3010 1146 3256 1183 amorem
3311 1144 3362 1183 et
3410 1131 3465 1182 iu

1878 1215 2184 1283 appetitum
2223 1215 2428 1269 foedum
2464 1219 2905 1287 dementianique
2947 1237 3010 1273 ac
3068 1222 3270 1274 rabiem
3306 1236 3463 1273 exar-

1880 1308 2135 1361 descuut.
2170 1306 2226 1361 Si
2255 1319 2437 1363 autem
2465 1326 2572 1362 non
2606 1316 2952 1373 erubescant,
2984 1318 3074 1367 sed
3098 1316 3463 1377 oblecteutur.

1881 1414 1991 1453 non
2025 1400 2240 1455 mireris
2286 1419 2299 1453 :
2365 1413 2613 1456 amentes
2647 1418 2791 1456 enim
2829 1413 2884 1457 et
2931 1406 3243 1472 phrenetico
3276 1409 3467 1458 morbo

1882 1489 2213 1555 laborantes,
2261 1493 2429 1546 multa
2476 1495 2616 1546 mala
2670 1496 2774 1549 sibi
2824 1496 3070 1549 inferunt
3121 1508 3175 1551 et
3222 1499 3467 1551 deﬂenda

1884 1581 2113 1648 faciunt,
2144 1583 2215 1636 ita
2248 1594 2306 1636 ut
2374 1584 2464 1637 alii
2517 1600 2681 1654 super
2712 1588 2834 1642 illos
2891 1590 3160 1659 lacrymzis
3196 1589 3423 1643 fundant
3454 1609 3467 1657 ;

1884 1675 1988 1744 ipsi
2039 1684 2221 1729 tamen
2276 1676 2457 1728 rident
2487 1684 2541 1729 et
2572 1677 2796 1732 debetas
2832 1694 2883 1731 in
2921 1682 3081 1735 dirus
3111 1682 3273 1735 rebus
3318 1683 3471 1735 inve-

195 1774 572 1843 αἰσθάνονται,
607 1779 726 1832 ἀλλ’
768 1780 1012 1850 ἥδονται,
1045 1779 1123 1849 μὴ
1170 1777 1458 1848 θαυμάσῃς
1481 1794 1494 1809 ’
1527 1782 1620 1831 καὶ
1671 1779 1781 1849 γάρ
1818 1849 1832 1850 7

1886 1768 2068 1820 niunt.
2113 1765 2316 1831 Quales
2350 1765 2566 1820 tandem
2628 1769 2890 1838 gehennae
2967 1773 3103 1825 tales
3172 1772 3472 1825 urcebunt?

192 1868 245 1919 οί
282 1872 603 1940 μαινόμενοι
635 1874 731 1925 καὶ
754 1849 1023 1942 φρενίτιδι
1058 1873 1419 1941 κατεχόμενοι
1442 1871 1583 1941 νόσῳ
1610 1872 1780 1925 πολλὰ
1812 1849 1856 1905 Β

1812 1849 1856 1905 Β
1892 1863 2035 1926 Quot
2065 1859 2379 1928 supplicia?
2418 1858 2473 1913 Si
2530 1877 2659 1915 vero
2701 1864 3005 1931 gehennam
3061 1867 3291 1919 audiens
3347 1865 3472 1918 irri-

196 1962 429 2023 ἑαυτούς
462 1964 780 2029 ἀδικοῦντες
830 1966 926 2018 καὶ
966 1965 1181 2017 ἐλεεινά
1209 1963 1547 2032 πράσσοντες
1578 1964 1663 2032 ἐφ’
1700 1959 1780 2027 οἷς

193 2052 395 2115 αὐτοὺς
427 2054 608 2126 ἕτεροι
638 2056 966 2126 δακρύουσι,
1009 2056 1212 2122 γελωσι
1268 2058 1365 2109 καὶ
1398 2058 1512 2120 τοῖς
1550 2058 1781 2127 λεγομέ-

196 2162 311 2207 νοις
346 2146 532 2207 αύτοῖς
578 2147 916 2218 ἐντρυφῶσι.
964 2148 1133 2200 Πόσαι
1169 2149 1359 2202 λοιπὸν
1406 2148 1625 2216 γέενναι
1655 2151 1783 2212 τοὺς

196 2239 475 2301 τοιούτους
511 2240 792 2309 ἀρκέσωσι
844 2244 939 2294 καὶ
991 2241 1139 2295 πόσα
1192 2242 1567 2311 κολαστήριας
1618 2243 1680 2295 Et
1728 2242 1783 2295 δὲ

197 2331 511 2401 καταγελᾷς
543 2332 774 2404 γεέννης
815 2332 1033 2388 ἀκούων
1072 2338 1167 2388 καὶ⁵
1196 2336 1448 2398 ἀπιστεῖς
1479 2336 1673 2406 ἐκείνῳ
1703 2335 1782 2406 τῷ

201 2425 358 2493 πυρὶ,
392 2425 780 2496 ἀναμνήσθητι
815 2428 981 2481 πάλιν
1009 2428 1101 2481 τὸν
1134 2429 1192 2480 ὲν
1227 2428 1484 2497 Σοδόμοις
1513 2429 1658 2482 θεῖον
1688 2430 1787 2498 ἰμ-

202 2519 481 2587 πυρισμὺν
531 2521 626 2573 καὶ
676 2520 776 2590 τὴν
814 2519 1057 2591 φοσερλν
1116 2522 1337 2591 ἐκείνην
1388 2521 1681 2588 φλόγωσιν.
1720 2522 1784 2576 Εἰ

200 2607 296 2660 οῦν
334 2609 564 2664 τοιαῦτα
617 2611 873 2682 πράττων
924 2615 1019 2665 καὶ
1060 2614 1125 2665 σὺ
1161 2614 1320 2681 δίκην
1361 2613 1424 2665 οὐ
1474 2613 1656 2677 δίδως,
1709 2615 1785 2684 μὴ

202 2698 536 2770 θαυμάσῃςο
594 2704 796 2754 ἐκεῖνοι
852 2702 950 2772 μὲν
998 2702 1105 2774 γὰρ
1156 2720 1232 2766 ως
1284 2704 1358 2774 μὴ
1397 2704 1497 2774 τὴν
1552 2704 1784 2771 γέενναν

200 2792 410 2854 εἰδότες
461 2793 842 2862 ἐκολάσθησαν
898 2794 1052 2863 παρά
1104 2793 1305 2857 πόδας·
1365 2797 1430 2847 συ
1472 2795 1528 2847 δὲ
1587 2813 1687 2848 οσα
1720 2797 1787 2851 ἀν

202 2885 484 2956 ἁμάρτῃς,
538 2886 644 2939 κᾶν
691 2885 967 2957 μηδεμίαν
1001 2886 1159 2957 δίκην
1205 2886 1312 2956 δῷς
1363 2886 1620 2953 ἐνταῦθα,
1674 2891 1792 2942 ικεῖ

204 2979 389 3031 πάντα
448 2977 855 3048 χαλεπωτέρως
938 2980 1176 3048 ἀποτίσῃ
1249 2980 1345 3031 καὶ
1418 2980 1789 3051 κολασθήσειθ

202 3068 375 3135 διατί;
404 3070 530 3123 Ὀτι
554 3068 804 3132 πλείονος
834 3069 1241 3141 ἀπηλαύταμεν
1272 3069 1526 3140 χάριτος·
1552 3073 1683 3125 ὅταν
1734 3073 1788 3125 δὲ

202 3163 299 3215 καὶ
316 3162 542 3215 πλείονα
555 3164 651 3216 καὶ
670 3163 898 3232 μείζονα
914 3164 1199 3249 πταίωμεν
1211 3165 1460 3229 ἐκείνων,
1474 3165 1636 3230 ποίας
1658 3183 1788 3236 συγ-
1816 3188 1862 3251 c

203 3254 433 3323 γνώμης
459 3254 715 3324 τύχωμεν
751 3257 816 3307 ἑκ
844 3254 1129 3327 προγόνων
1150 3244 1219 3308 τὰ
1256 3254 1579 3326 σωτηριὼδη
1604 3273 1787 3325 παρα-

201 3344 465 3409 λαϐόντες
511 3346 845 3416 διδάγματα,
884 3346 1033 3418 άπερ
1077 3349 1279 3400 ἐκεῖνοι
1327 3346 1612 3411 παντελῶς
1664 3346 1789 3400 οὒτε

201 3440 449 3509 ἥκουσαν
476 3437 603 3492 οὔτε
631 3438 859 3507 ἔμαθον,
900 3438 1044 3492 ὥστε
1075 3439 1167 3492 διὰ
1210 3438 1370 3492 τοῦτο
1406 3438 1673 3509 μειζόνως
1705 3457 1791 3493 κο-

205 3533 621 3604 λασθησόμεθα,
653 3539 757 3591 κάν
784 3551 843 3587 τε
895 3534 1101 3603 μικράν
1138 3534 1296 3604 δίκην
1346 3533 1580 3587 ἐνταῦθα
1607 3535 1789 3604 δῶμεν

205 3626 309 3678 xiv
348 3643 406 3678 τε
460 3628 537 3697 μὴ
565 3629 771 3698 δῶμεν.
815 3624 1028 3679 Οὐκοῦν
1080 3626 1273 3695 μηδεὶς
1326 3626 1469 3695 ορῶν
1516 3628 1789 3695 πονηροὺς

204 3716 628 3787 εὐπραγοῦντας
660 3720 1001 3789 θορυϐείσθω
1024 3734 1035 3747 ·
1078 3720 1138 3772 οὐ
1171 3719 1279 3787 γάρ
1314 3720 1462 3770 ἐστιν
1489 3719 1726 3772 ἐνταῦθα
1755 3721 1788 3789 ἡ

204 3810 575 3875 ἀνταπόδοσις
609 3812 737 3865 οὔτε
792 3812 890 3881 τῆς
943 3811 1147 3882 ἀρετῆς
1181 3809 1305 3863 οὕτε
1343 3811 1445 3880 τῆς
1482 3813 1751 3883 πονηρίας
1776 3833 1792 3846 ο

206 3904 258 3954 εί
290 3902 345 3953 δὲ
375 3902 472 3955 σοῦ
507 3906 601 3955 καὶ
641 3907 855 3970 γίνεται
890 3902 989 3970 τῆς
1020 3903 1221 3972 ἀρετῆς
1252 3903 1347 3955 καὶ
1373 3919 1471 3971 της
1504 3905 1791 3974 πονηρίας,

206 3993 327 4047 ἀλλ’
358 3994 481 4065 οὐχὶ
526 3998 645 4048 κατ’
674 3995 835 4059 ἀξίαν
867 3996 984 4048 ἀλλ’
1013 3994 1203 4057 ἀπλῶς
1248 3994 1451 4047 ὡσανεὶ
1481 3995 1667 4062 γεῦμα
1696 3997 1793 4066 τῆς

206 4087 472 4155 κρίσεωέ.
497 4086 660 4158 545
693 4088 782 4142 ῖνα
811 4088 861 4140 oi
906 4090 971 4159 τῇ
1013 4087 1309 4140 ἀναστάσει
1356 4087 1792 4155 διαπιστοῦντες,

205 4178 324 4239 τοῖς
373 4176 506 4244 γοῦν
560 4179 797 4234 ενταῦθα
854 4176 1338 4248 σωφρονίζωνται⁶
1379 4180 1510 4232 ὅταν
1560 4180 1652 4233 οῦν
1703 4184 1795 4234 εύ-

209 4272 402 4340 πραγῇ
427 4272 454 4323 ὁ
495 4273 755 4341 πονηρὸς,
807 4274 899 4324 επὶ
948 4271 1106 4337 κακῷ
1152 4275 1251 4341 τῆς
1282 4274 1479 4339 ἑαυτοῦ
1514 4274 1793 4345 κεφαλῆς·

209 4361 399 4431 (Ξ88δ)
433 4362 519 4415 ἵνα
572 4366 680 4432 γὰρ
727 4357 805 4416 ῶν
858 4363 1097 4433 ἔπραξεν
1152 4363 1303 4435 ἴσως]
1359 4366 1539 4435 (Hi!)
1579 4368 1797 4433 ἀγαθῶν

206 4455 311 4523 τὴν
352 4456 628 4508 ἀντίδοσιν
655 4457 700 4488 ³⁸
753 4457 990 4510 ἐνταῦθα
1043 4457 1223 4509 λαϐὼν
1261 4460 1392 4521 ἴσως
1438 4462 1555 4512 ἐκεῖ
1608 4460 1793 4512 πλεῖον

1885 1956 2015 2008 deas
2054 1964 2110 2007 et
2160 1956 2249 2008 i5ti
2303 1971 2408 2009 non
2453 1955 2647 2010 credas
2696 1956 2828 2024 igni,
2867 1958 3159 2012 recordare
3228 1960 3472 2013 divinum

1887 2049 1940 2100 in
1979 2045 2236 2100 Sodomis
2290 2047 2629 2109 incendium,
2668 2048 2924 2116 illamque
2981 2051 3273 2104 terribilem
3338 2067 3476 2106 con-

1887 2139 2278 2206 Sumptionem.
2335 2138 2392 2192 Si
2428 2154 2557 2208 ergo
2608 2140 2733 2192 talia
2767 2156 3005 2208 operans
3053 2153 3105 2196 ct
3152 2154 3207 2196 tu
3258 2149 3475 2212 pinnam

1888 2246 1995 2284 non
2060 2230 2251 2293 soliis,
2295 2246 2363 2287 ne
2424 2234 2638 2287 mireris
2727 2233 2802 2286 ll1i
2862 2236 3009 2285 enim
3061 2237 3475 2304 tanquam,qui

1890 2326 2191 2393 geLennatn
2244 2337 2351 2378 non
2410 2334 2739 2388 noscerent,
2772 2327 3036 2378 continuo
3087 2327 3260 2395 pttnii
3310 2338 3477 2393 sunt;

1892 2425 1946 2469 tu
2008 2432 2159 2482 τρι-ο,
2211 2432 2550 2487 quacunque
2616 2417 2931 2487 deliqueris,
2991 2420 3207 2474 etiamsi
3271 2421 3474 2474 nullum

1891 2524 2107 2578 pteiiam
2165 2510 2253 2563 hic
2315 2510 2719 2578 (ledei-isl,illic
2768 2514 3015 2568 severius
3073 2514 3193 2568 lues
3260 2528 3313 2569 et
3374 2532 3477 2585 pu-

1891 2604 2082 2657 nieiis.
2125 2603 2351 2669 Quare?
2398 2604 2535 2670 Quia
2582 2608 2793 2674 majore
2836 2608 3007 2676 gratia
3064 2606 3214 2662 ίίιιίιί
3262 2626 3477 2667 sumus.

1896 2696 2034 2750 Cum
2087 2706 2266 2751 autem
2309 2698 2465 2766 plura
2505 2700 2829 2770 majoraque
2876 2716 3042 2770 quam
3085 2703 3159 2757 illi
3210 2706 3482 2773 delinqui-

1896 2810 2037 2855 mus,
2064 2794 2281 2864 qualem
2313 2796 2527 2849 veniam
2553 2796 2944 2863 obtmebimus,
2972 2813 3073 2853 nos
3100 2800 3193 2869 qui
3223 2816 3288 2853 ex
3319 2800 3483 2854 Patri-

1894 2886 1997 2939 bus
2087 2888 2369 2941 salutifera
2450 2889 2761 2957 recepimus
2844 2900 3151 2960 pracepta,
3214 2907 3336 2961 qua:
3408 2895 3483 2946 illi

1897 2979 2058 3049 plane
2093 2994 2200 3033 non
2253 2981 2582 3035 audiverant
2636 2995 2737 3034 nec
2791 2980 3117 3037 didicerant.
3152 2984 3483 3053 Proptert-a,

1895 3075 2010 3127 sire
2046 3088 2271 3140 parvam
2332 3088 2549 3141 pinnam
2598 3072 2687 3127 bic
2723 3074 3057 3138 dederimus,
3088 3077 3201 3130 sive
3254 3080 3485 3140 nullam.

1896 3168 2070 3233 magis
2104 3167 2415 3237 puniemur.
2457 3165 2649 3220 Nullus
2693 3167 2858 3235 igitur
2908 3169 3081 3223 malos
3110 3169 3300 3224 ridens
3358 3187 3485 3240 pro-

1899 3272 2058 3326 spere
2108 3268 2335 3328 agentes
2408 3260 2769 3313 conturbctur
2820 3277 2833 3313 :
2896 3276 3002 3315 non
3068 3262 3212 3316 enim
3265 3275 3346 3318 est
3399 3266 3487 3319 hic

1900 3350 2274 3403 remuneratio
2308 3362 2407 3403 nec
2455 3348 2672 3403 virtutis
2705 3365 2803 3404 nec
2830 3352 3119 3418 nequitiae;
3154 3355 3298 3422 quod
3352 3355 3395 3406 si
3429 3366 3486 3407 tu

1900 3441 2123 3496 virtutis
2158 3451 2216 3495 et
2266 3441 2519 3509 nequitiae
2582 3445 2892 3498 mercedem
2932 3446 3176 3508 obtines,
3242 3462 3351 3499 non
3403 3458 3487 3501 est

1894 3532 2049 3602 juxta
2088 3535 2439 3603 dignitatem;
2478 3538 2571 3588 sed
2628 3546 2890 3605 tanquam
2941 3537 3247 3608 degustatio
3272 3540 3483 3608 iudicii,

1903 3634 1961 3677 ut
1990 3624 2084 3691 qui
2114 3624 2571 3678 resurrectionem
2608 3641 2715 3679 non
2749 3628 3001 3689 credunt,
3036 3628 3105 3680 ab
3132 3628 3200 3682 iis
3230 3645 3352 3697 qua:
3400 3632 3489 3683 hic

1904 3718 2059 3781 llunt,
2092 3717 2386 3785 prudentes
2413 3718 2735 3772 eﬂiciautur.
2801 3718 2938 3773 Cum
2996 3721 3161 3790 igitur
3196 3738 3488 3790 prospera-

1905 3818 1993 3863 tur
2024 3811 2327 3878 improbus,
2360 3811 2426 3864 ad
2454 3812 2750 3880 pcrnicreni
2782 3821 2866 3865 est
2900 3814 3094 3882 capitis
3120 3814 3289 3882 ipsius
3320 3832 3333 3868 :
3362 3820 3489 3885 quia

1903 3905 2049 3956 enim
2103 3917 2294 3956 eorum
2329 3917 2452 3972 quae
2492 3904 2580 3958 hic
2616 3906 2753 3959 bene
2787 3909 2954 3975 gessit
2989 3912 3487 3972 remunerationem

1904 3996 2137 4065 accepit,
2179 3997 2290 4050 illic
2337 3999 2509 4066 magis
2555 4000 2833 4067 punietur.
2862 4001 2998 4054 Cum
3055 4013 3239 4057 autem
3288 4008 3493 4075 patitur

1905 4089 2107 4150 bonus,
2160 4103 2287 4143 vere
2319 4089 2515 4145 beatus
2546 4100 2658 4155 est;
2718 4108 2866 4159 nam,
2917 4094 3183 4163 depositis
3232 4101 3492 4155 omnibus

1906 4181 2145 4250 peccatis
2198 4183 2409 4251 magnis
2457 4192 2510 4236 et
2548 4186 2750 4252 parvis,
2814 4186 3078 4255 probatus
3122 4204 3177 4243 et
3226 4206 3395 4258 purus
3440 4205 3493 4248 et

1907 4275 2408 4343 irrepreliensibilts
2460 4278 2654 4332 abibit.
2698 4278 2810 4333 Illic
2860 4295 3006 4334 enim
3056 4294 3185 4337 sunt
3240 4287 3492 4353 perfectae

1909 4365 2177 4418 bonorum
2255 4380 2510 4429 coronae;
2573 4368 2683 4423 illic
2743 4370 2908 4423 etiam
2955 4387 3110 4426 acres
3136 4372 3209 4443 [et
3272 4375 3494 4431 infinita:

1911 4458 2184 4511 malorum
2224 4473 2422 4526 paruae.
2457 4460 2611 4513 Sicut
2640 4461 2783 4513 enim
2810 4478 2901 4530 qtu
2937 4467 3119 4517 tabum
3158 4466 3340 4530 habet,
3391 4471 3491 4523 etsi

208 4546 624 4617 κολασθήσηται
655 4550 700 4581 ⁸*
726 4550 855 4603 ὅταν
879 4550 938 4603 δὲ
978 4552 1164 4621 πάσχῃ
1213 4555 1240 4604 ὁ
1270 4554 1492 4619 ἀγαθὸς,
1529 4554 1799 4623 μακάριος
1839 4556 1879 4609 D

1839 4556 1879 4609 D
1913 4564 2019 4602 non
2068 4562 2403 4618 amputetur,
2440 4564 2670 4621 aegrotat
2702 4564 2755 4607 et
2806 4564 2934 4609 tunc
2984 4560 3157 4626 magis
3190 4562 3491 4628 cruciatur,

208 4640 380 4701 ὅντως
433 4642 607 4704 ἐστὶν,
660 4642 747 4695 ἶνα
788 4644 897 4713 γάρ
948 4643 1287 4711 ἀποθέμενος
1356 4646 1533 4697 πάντα
1596 4648 1689 4698 καὶ
1728 4646 1795 4697 τὸ

215 4731 392 4802 μικρὰ
431 4735 837 4805 ἁμαρτήματα.
861 4736 1154 4804 εὐδόκιμος
1184 4740 1277 4787 καὶ
1316 4736 1563 4807 καθαρὸς
1593 4739 1730 4808 ἀπίῃ
1754 4739 1798 4769 ⁸⁵

212 4826 308 4876 καὶ
335 4826 654 4889 ἀνεύθυνος.
731 4828 878 4880 Ἐκεῖ
909 4828 1017 4896 γάρ
1067 4829 1207 4880 εἰσιν
1240 4829 1290 4880 οἱ
1315 4829 1512 4881 τέλειοι
1541 4830 1801 4898 στέφανοι

207 4916 321 4967 τῶν
355 4917 602 4982 ἀγαθῶν,
636 4922 730 4971 καὶ
753 4920 869 4971 ἱκεῖ
890 4920 947 4972 αἱ
980 4919 1339 4991 σφοδρότεραι
1374 4924 1469 4973 καὶ
1502 4920 1802 4989 ἀπέραντοι

210 5008 468 5071 κολάσεις
525 5010 638 5062 τῶν
690 5010 989 5079 πινηρῶνο
1039 5010 1231 5079 ὥσπερ
1286 5014 1378 5064 καὶ
1436 5014 1464 5064 ό
1526 5013 1799 5083 σηπεδόνα

212 5102 379 5169 ἔχων,
420 5103 521 5153 κάν
575 5103 649 5171 μὴ
682 5103 978 5173 τέμνηται,
1010 5104 1291 5174 ἀρρωστεῖ
1322 5104 1416 5156 καὶ
1445 5105 1567 5157 τότε
1601 5105 1805 5174 μᾶλλον

212 5196 270 5246 ὲν
304 5197 523 5258 κακοῖς,
551 5196 683 5247 ὅταν
715 5196 790 5266 μὴ
827 5196 1128 5265 τέμνηται·
1160 5196 1335 5259 οὕτως
1366 5200 1461 5249 καὶ
1490 5200 1517 5251 ὁ
1554 5200 1808 5269 ἁμαρτά-

216 5307 348 5353 νων,
377 5288 478 5340 κάν
522 5288 598 5358 μὴ
632 5290 953 5359 κολάζηται,
998 5291 1219 5343 πάντων
1266 5293 1415 5343 ἐστὶν
1448 5292 1802 5361 ἀθλιώτερος.

216 5379 327 5432 Καὶ
382 5380 637 5451 καθάπερ
679 5384 731 5434 oi
784 5383 1003 5452 σπλῆνα
1050 5384 1147 5435 καὶ
1187 5383 1377 5454 ύδερὸν
1409 5384 1648 5453 ἔχοντες,
1675 5386 1807 5437 ὅταν

225 5473 591 5528 ἀπολαύσωσι
622 5476 906 5546 τραπέζης
936 5476 1166 5545 δαψιλής
1189 5479 1283 5530 καὶ
1307 5478 1681 5548 ψυχροποσίας
1713 5478 1808 5530 καὶ

1903 4657 2027 4695 cum
2103 4658 2207 4694 non
2274 4654 2594 4712 amputatur
2645 4663 2659 4698 :
2708 4645 2789 4701 sic
2868 4660 3158 4716 peccator,
3212 4654 3312 4705 etsi
3385 4672 3494 4707 non

1903 4737 2188 4805 puniatur,
2241 4740 2501 4791 omnibus
2552 4739 2806 4792 miserior
2852 4750 2954 4794 est.
3013 4742 3492 4805 Quemadmodum

1908 4840 2075 4894 porro
2112 4827 2186 4878 illi
2240 4827 2333 4894 qui
2392 4827 2579 4895 splene
2631 4839 2683 4881 et
2742 4828 2984 4899 hydrope
3044 4831 3314 4896 laborant,
3369 4849 3493 4885 cum

1907 4932 2097 4970 mensa
2123 4918 2432 4986 splemlida,
2462 4917 2771 4985 lrigidoque
2796 4928 2948 4985 potu,
2976 4928 3029 4971 et
3056 4919 3219 4971 lautis
3241 4919 3493 4985 dapibus,

1908 5019 1961 5062 et
1985 5010 2182 5077 opimis
2216 5010 2513 5063 esculentis
2538 5009 2815 5072 fruuntur,
2864 5020 2974 5063 tum
3022 5011 3322 5073 praesertim
3354 5028 3492 5064 cnn-

1906 5102 2007 5155 ctis
2069 5102 2499 5155 miserabiliores
2558 5112 2727 5165 sunt,
2780 5104 2909 5173 quia
2969 5103 3180 5157 deliciis
3241 5104 3490 5156 morbum

1905 5194 2199 5263 adaugent,
2249 5194 2380 5246 dum
2422 5210 2451 5248 e
2481 5204 2673 5249 contra
2714 5195 2760 5250 si
2808 5195 2963 5263 juxta
3019 5194 3303 5248 medicina:
3349 5196 3493 5263 leges

1906 5286 2048 5340 fame
2078 5287 2279 5356 sitique
2318 5299 2689 5354 coarctantur,
2741 5289 3036 5356 quamdam
3084 5304 3235 5357 spem
3288 5291 3482 5345 salutis

1908 5382 2159 5435 habent:
2194 5381 2277 5433 sic
2311 5381 2405 5449 qui
2459 5381 2511 5434 in
2566 5382 2769 5435 malitia
2808 5383 3019 5447 vivunt,
3069 5384 3114 5436 si
3168 5385 3489 5452 puniuntur,

1906 5490 2058 5544 spem
2084 5473 2349 5542 optimam
2380 5474 2616 5541 habent;
2648 5476 2693 5529 si
2717 5491 2847 5531 vero
2865 5490 2990 5531 cum
3021 5476 3251 5542 malitia,
3284 5475 3494 5531 deliciis

1414 5622 1615 5683 Varini
1642 5621 1952 5684 lectiones
1990 5639 2049 5682 et
2078 5626 2244 5680 nntze

288 5776 331 5807 ³⁷
370 5772 500 5828 Ιῖοιιι
580 5790 629 5834 ι,
665 5772 753 5825 ‘26.
814 5774 856 5804 ³⁸
888 5774 1235 5843 ἀντιμισθίαν
1262 5774 1382 5828 cod.
1442 5774 1800 5828 ἀνταπόδοσιν
1832 5792 1921 5842 γρ.
1954 5805 1964 5813 -

1832 5792 1921 5842 γρ.
1954 5804 2019 5813 -
2042 5792 2131 5840 γρ.
2170 5775 2438 5827 ἀντίδοσιν
2473 5773 2590 5827 cod.
2660 5774 2710 5826 in
2752 5776 2993 5842 margine
3057 5774 3338 5841 hucusque
3370 5773 3492 5828 cod.

213 5848 387 5902 L'oisl.
466 5846 507 5875 ³’
540 5845 830 5913 llucusque
852 5850 1220 5916 apogruphum
1256 5846 1459 5900 codicis
1490 5846 1807 5901 Coislintuni
1838 5846 1889 5899 δι

749 5860 830 5913 [ue
852 5850 1220 5916 apogruphum
1256 5846 1459 5900 codicis
1490 5846 1807 5901 Colsliulztttl
1838 5845 1964 5899 305.
2044 5850 2086 5877 δυ
2115 5846 2265 5898 ἀπίει
2304 5849 2425 5899 t'ud.
