4244 6440
175 394 282 454 803

1350 379 1810 440 CHRONICON.
1847 402 1917 413 --
1955 377 2102 439 LIB.
2146 376 2245 437 ιγ.

3331 344 3436 431 806

175 502 290 550 τῶν
316 499 658 567 μεγιστάνων
677 497 938 551 τοιούτων
962 492 1394 563 τερατομὸρφων
1419 494 1750 562 προσώπων,
1783 493 1827 551 Α

1783 493 1827 551 Α
1859 498 1938 542 tes
1971 487 2315 554 molliterque
2349 484 2631 550 loquentes
2658 481 2800 535 velut
2831 482 3142 535 indecentes
3168 490 3437 549 caputque

173 589 416 660 χρυσοῦς
459 591 757 660 μηνίσκους
791 591 884 640 ἐπὶ
914 589 1226 659 τραχήλων,
1260 587 1421 654 φύσιν
1456 587 1553 654 μὲν
1587 585 1752 653 ἀρρε-

176 699 290 744 νος,
322 680 543 750 θηλείας
574 683 629 735 δὲ
657 681 783 749 ὕψιν
811 681 1030 750 ἔχοντες
1057 680 1150 732 καὶ
1180 677 1569 747 κεκλασμένως
1603 676 1749 744 βαδί-

175 773 368 835 ζοντες
408 775 504 827 καὶ
551 773 950 842 τεθρυμμένως
987 773 1353 841 φθεγγόμενοι
1388 770 1579 838 ῶσπερ
1608 770 1752 820 ὲται-

177 865 328 935 ρίδες
355 866 628 934 ἀπρεπεῖς
657 858 756 916 ὧδε
792 865 1018 916 κάκεῖσε
1048 863 1145 931 τὴν
1177 862 1421 931 κεφαλὴν
1458 859 1756 928 περισείου-

178 969 311 1006 σαι·
375 953 470 1006 καὶ
547 952 787 1021 γελῶσιν
859 952 1116 1023 ἀκρατῶς
1191 969 1250 1002 τε
1320 953 1412 1001 καὶ
1484 948 1751 1010 ἀναιδῶς,

173 1041 571 1112 οίστρηλασίαν
623 1041 896 1112 πρόδηλον
949 1042 1412 1110 ύπεμφαίνοντες,
1467 1039 1590 1092 ὅθεν
1639 1041 1754 1107 μετ’

174 1131 390 1202 ἀνδρῶν
444 1131 544 1202 μὲν
589 1132 664 1194 ὡς
693 1133 952 1199 γυναῖκες
1008 1129 1268 1200 μαλακῶς
1316 1129 1673 1197 εὐναζόμενοι
1709 1130 1752 1160 ’⁵⁸

177 1225 276 1277 καὶ
340 1223 771 1294 μαλακιζόμενοι
841 1225 1187 1294 φθείρονται·
1256 1225 1397 1293 μετὰ
1448 1223 1606 1293 547
1663 1239 1756 1288 γυ·

177 1315 390 1368 ναικῶν
445 1317 520 1378 ὡς
574 1317 817 1385 φύλακες
867 1316 984 1385 ἅμα
1048 1317 1143 1368 καὶ
1191 1317 1546 1385 σωφροσύνης
1597 1314 1757 1383 δῆθεν

182 1409 498 1478 ἰνδάλματα
573 1409 926 1470 καθεύδοντες
999 1409 1371 1479 ἀναισχύντως
1448 1408 1493 1439 ⁸⁸
1545 1409 1756 1476 ἀπηρυ·

179 1500 531 1568 θριασμίνως
565 1501 1090 1568 αίσχροπραγοῦσιν.
1136 1501 1244 1553 Καὶ
1285 1494 1432 1550 οὗτοι
1473 1498 1570 1567 μὲν
1588 1500 1757 1559 οὕτως

178 1589 288 1640 ὑπ’
316 1589 526 1658 ἀνδρῶν
550 1592 779 1643 ἀνοσίων
808 1593 902 1643 καὶ
939 1590 1184 1661 βεϐήλων
1213 1591 1561 1660 φθειρόμενοι
1586 1590 1760 1660 μαλα-

178 1680 426 1743 κίζονται
477 1683 568 1733 καὶ
622 1683 1075 1749 καταμιαίνονται
1125 1683 1211 1734 διὰ
1260 1682 1360 1749 τῆς
1413 1683 1562 1750 παρὰ
1599 1682 1760 1748 φύσιν

178 1771 568 1839 ἀνοσιουργίας
610 1772 702 1825 καὶ
736 1771 1020 1841 βδελυρίας
1058 1788 1074 1804 ·
1111 1773 1266 1826 αὐτοὶ
1320 1773 1375 1824 δὲ
1429 1775 1761 1843 γυναικάρια

1858 581 1962 632 huc
1997 580 2125 631 illuc
2173 577 2441 646 agitantes
2493 577 2874 628 meretricula.
2930 573 3289 627 lmmoderate
3332 574 3435 626 itu-

1856 670 2235 739 pudeuterque
2273 669 2475 728 rident,
2521 666 2865 721 manifestam
2910 668 3322 720 subiudicautes
3369 664 3436 717 li-

1856 762 2132 825 bidinem;
2165 761 2362 814 exinde
2395 776 2519 814 eum
2562 759 2694 813 viris
2728 759 2872 812 velut
2914 761 3170 812 mulieres
3200 759 3437 812 molliter

1855 853 2118 908 cubantes
2168 862 2223 906 et
2273 853 2465 905 molliti
2523 852 2874 920 polluuntur;
2931 865 3056 904 cum
3117 851 3437 904 mulieribus

1857 957 2114 1013 tanquam
2145 945 2404 998 custodes
2433 954 2482 996 et
2521 944 2800 1010 sapientia:
2830 958 2964 996 sane
3003 943 3290 1010 imagines,
3345 943 3437 994 ιε...

1859 1047 2126 1105 puuenter
2152 1038 2508 1098 dormientes,
2550 1036 2914 1088 inverecunde
2946 1035 3123 1103 turpia
3159 1042 3344 1103 agunt.
3378 1033 3440 1085 Et

1859 1130 1939 1182 sic
1999 1129 2084 1182 isti
2121 1144 2146 1181 a
2187 1131 2316 1183 viris
2360 1128 2608 1182 scelestis
2663 1138 2716 1180 et
2760 1129 2970 1195 spurcis
3016 1131 3255 1196 corrupti
3301 1130 3439 1184 rnol-

1859 1221 2069 1274 liuntur
2101 1230 2152 1275 et
2196 1239 2288 1290 per
2321 1221 2602 1274 infamiam
2634 1223 3069 1289 spurcitiamque
3101 1231 3290 1276 contra
3345 1238 3441 1273 na-

1860 1322 2038 1364 turam
2072 1312 2424 1379 polluuntur;
2463 1313 2562 1379 ipsi
2612 1327 2740 1364 vero
2776 1313 3008 1364 miseras
3038 1324 3091 1365 et
3131 1332 3148 1362 ι
3181 1313 3440 1380 peccatis.

1857 1401 2012 1469 juxta
2041 1401 2271 1466 dictum,
2303 1411 2552 1465 onustas,
2591 1420 2608 1452 ι
2647 1401 2916 1455 seducunt
2961 1402 3333 1459 mulierculas.
3391 1416 3440 1455 et

1862 1493 2003 1546 sicut
2056 1492 2335 1547 furibundi
2399 1509 2563 1549 canes
2623 1493 2850 1548 ftedant.
2884 1491 2946 1545 Et
2976 1494 3120 1560 quod
3148 1495 3340 1547 durius
3392 1506 3444 1544 et

1863 1583 2226 1638 miserabilius
2257 1584 2514 1648 est,iude
2575 1588 2652 1638 rei
2714 1598 2766 1638 et
2826 1588 2962 1642 socii
3037 1600 3098 1639 ac
3157 1586 3446 1654 participt's

1865 1673 2000 1725 fiunt
2032 1675 2402 1730 damnationis
2433 1686 2669 1736 internae.
2698 1688 2748 1730 et
2776 1689 3124 1746 corruptoi-es
3156 1688 3210 1731 ct
3250 1693 3411 1732 cori-ti

1865 1767 1962 1833 pti.
2020 1768 2138 1825 Ast.
2186 1782 2218 1820 ο
2273 1766 2584 1820 dementia!
2621 1782 2652 1820 ο
2692 1783 2849 1822 error
2907 1780 2959 1823 et
3010 1770 3294 1823 vecordia!
3347 1771 3446 1822 hos

180 1860 501 1930 ταλαίπωρα
560 1864 650 1913 καὶ
683 1863 727 1896 ⁸ο
791 1882 809 1913 ι
850 1863 1260 1932 σεσωρευμένα,
1303 1865 1442 1916 κατά
1493 1866 1552 1916 τὸ
1612 1869 1764 1938 είρη·
1801 1869 1837 1921 Β

1801 1860 2168 1926 npra-sertim
2226 1869 2283 1912 ut
2339 1861 2612 1928 sapientes
2692 1877 2818 1916 cum
2880 1864 3111 1918 habeant
3175 1863 3445 1924 homines,

183 1951 370 2020 μένον,
415 1952 543 2020 (ἐφ’)
580 1951 925 2021 άμαρτίαιςι
983 1952 1419 2023 καταμολύνουςι
1466 1954 1559 2006 καὶ
1588 1971 1763 2007 κατα-

180 2043 517 2097 ϐλάπτουσιν
550 2038 636 2096 οἷα
669 2044 960 2106 λυσσώδεις
991 2047 1169 2108 κύνες.
1201 2047 1307 2097 Καὶ
1341 2047 1399 2098 τὸ
1419 2046 1480 2116 δὴ
1516 2046 1761 2114 χαλεπῶς

179 2149 342 2203 τερον
375 2137 464 2185 καὶ
496 2133 880 2204 ἐλεεινότερον,
916 2136 1078 2188 αῐτιοι
1109 2135 1358 2188 ἐντεῦθεν
1394 2138 1636 2204 γίνονται
1669 2136 1763 2188 καὶ

183 2225 435 2295 πρόξενοί
469 2244 524 2279 τε
565 2230 656 2281 καὶ
686 2230 899 2297 μέτοχοι
939 2229 1038 2297 τῆς
1102 2229 1408 2298 ἀπεράντου
1462 2230 1760 2293 κολάσεως,

179 2319 324 2371 οἵτε
361 2318 671 2389 φθείροντες
719 2322 813 2373 καὶ
860 2323 908 2372 οί
944 2319 1314 2390 φθειρόμενοι.
1357 2322 1524 2383 Ἀλλ’,
1563 2318 1608 2376 ὧ
1665 2325 1763 2392 τῆς

180 2413 521 2482 ἀφροσύνης,
555 2406 599 2465 ὧ
647 2414 746 2482 τῆς
785 2415 1000 2483 ἀπάτης
1039 2416 1132 2466 καὶ
1183 2416 1598 2485 παραπληξίαςί
1636 2419 1760 2470 τού-

179 2523 309 2568 τους
391 2505 500 2576 γὰρ
591 2504 872 2572 ἄνθρωποι
965 2508 1202 2577 μάλιστα
1296 2508 1650 2577 προύχοντες,
1720 2514 1761 2544 ⁸⁸

181 2597 262 2658 ὡς
355 2595 638 2666 σώφρονας
731 2599 1165 2668 παραδεχόμενοι
1245 2601 1592 2652 πιστεύουσιν
1674 2603 1766 2654 καὶ

182 2689 608 2752 εἰσοικίζουσιν,
677 2690 733 2742 οἴ
785 2706 847 2756 γε
924 2690 1342 2759 εὶσοικιζόμενοι
1402 2694 1493 2744 καί
1552 2695 1769 2762 παρρη-

186 2779 310 2842 σίας
343 2781 702 2848 τυγχάνοντες
727 2782 849 2843 τοὺς
881 2779 1050 2842 ὅντως
1081 2781 1308 2843 δικαίως
1339 2782 1545 2851 ἀρετῆς
1573 2785 1770 2852 ἐπιμε-

188 2869 485 2940 λουμένους
515 2870 796 2941 σώφρονας
819 2871 1018 2941 ἀνδρας
1043 2874 1182 2924 κατὰ
1202 2873 1399 2942 μικρὸν
1416 2873 1768 2936 δελεάσαντες

184 2963 269 3026 εἰς
289 2965 350 3015 τὸ
371 2964 479 3016 τῶν
507 2964 754 3036 Σοδόμων
779 2965 1048 3035 βάραθρον
1071 2966 1470 3032 κατηκόντισαν
1501 2964 1768 3027 ἐλεεινῶς*

187 3055 269 3106 διὸ
291 3053 355 3123 δὴ
388 3054 574 3109 λοιπὸν
601 3057 692 3108 καὶ
715 3057 1066 3126 ἀραρὼτερον
1117 3057 1182 3120 ”,
1221 3057 1362 3108 πάνυ
1397 3075 1455 3122 γε
1485 3058 1576 3109 καλ⁵
1610 3059 1769 3127 νόμος

186 3148 550 3214 εύσγγελικὸς
583 3152 676 3200 καὶ
703 3150 923 3219 ἄριστος
972 3150 1086 3218 βίος
1121 3151 1214 3202 καὶ
1255 3149 1484 3220 εὐσεϐὴς
1525 3150 1772 3203 πολιτεία

189 3237 537 3306 βδελύττεται
567 3215 790 3302 τούτους
825 3241 898 3300 ὡς
928 3215 1204 3310 θεομισετς
1237 3242 1329 3294 κα)⁸
1391 3215 1765 3312 ἀκαθάρτους.
1800 3215 1841 3272 c

189 3325 355 3383 Οὗτοι
385 3333 492 3402 γὰρ
525 3334 780 3402 τοιαύτην
809 3333 1096 3401 ἐξάγιστον
1133 3333 1279 3404 ζωὴν
1328 3337 1770 3406 προτιμήσαντες

190 3423 288 3474 καὶ
315 3424 656 3492 πιλθήσαντες
706 3425 830 3478 ὅσον
857 3422 991 3498 ἧκεν
1045 3427 1131 3479 ἐπ’
1163 3427 1379 3491 αὐτοὺς,
1437 3427 1618 3489 πόλεις
1672 3428 1772 3497 μὲν

188 3515 482 3582 ἠφάνισαν,
541 3518 666 3578 τοὺς
714 3518 1130 3586 σπερματικοὺς
1182 3517 1284 3588 τῆς
1322 3518 1537 3586 φύσεως
1585 3520 1772 3587 λόγους

191 3605 661 3675 παραφθείροντες
693 3611 788 3661 καὶ
816 3608 1162 3679 φθειρόμενοι
1196 3627 1209 3640 ·
1242 3610 1607 3680 εὐανδροῦσαν
1635 3613 1681 3642 ⁵³
1719 3612 1776 3663 δὲ

207 3696 431 3766 Ῥώμην
461 3699 667 3768 ἀνδρῶν
692 3701 757 3760 ⁵³,
789 3703 879 3752 καὶ
909 3700 1125 3772 ἡλικίαν
1156 3704 1248 3754 καὶ
1268 3702 1365 3772 τὴν
1385 3703 1777 3774 ἀρρενοπρεπῆ

191 3789 458 3854 γενναίως
511 3791 666 3860 ἰσχὺν
700 3790 888 3854 δεινῶς
925 3791 1272 3862 ὲξινήλωσαν
1319 3793 1414 3845 καὶ
1462 3794 1646 3855 ἁπλῶς
1677 3795 1778 3864 τὴν

193 3879 450 3933 σύντονον
473 3881 569 3934 καὶ
605 3882 926 3950 σφριγῶσαν
972 3883 1159 3953 ἀκμὴν
1190 3883 1288 3954 τῆς
1320 3886 1570 3954 νεότητος
1596 3885 1774 3955 λυμηο

193 3971 424 4039 νάμενοι
465 3973 721 4042 φανερῶς
752 3974 969 4036 ἀθλίους
1000 3976 1094 4026 καὶ
1119 3975 1557 4041 καταγελάστους
1593 3977 1778 4046 ἐποίη-

195 4081 301 4116 σαν
353 4065 480 4126 τοὺς
505 4065 754 4130 ἁλόντας,
791 4065 882 4128 οὓς
927 4066 1188 4134 φευκτέον
1248 4067 1632 4137 προτροπάδην
1686 4071 1779 4120 καὶ

197 4153 518 4222 βδελυκτέον
543 4156 770 4216 ἐνδίκως
807 4157 932 4218 τοὺς
980 4156 1342 4224 ψυχοκτόνους
1393 4157 1486 4210 καὶ
1532 4175 1779 4226 σωματο-

194 4246 431 4316 φθόρους
470 4251 565 4299 καλ⁵
589 4251 798 4314 ἐναγεῖς
831 4249 990 4310 δντας
1021 4251 1112 4300 καὶ
1145 4247 1241 4316 τῆς
1267 4248 1480 4316 φύσεως
1525 4252 1778 4319 παρακά-

196 4339 432 4408 ράκταςο
459 4339 610 4390 οὐδὲν
650 4343 758 4408 γὰρ
786 4338 1000 4407 ἀληθῶς
1045 4339 1434 4409 μυσαρὼτερον
1472 4339 1502 4407 ἢ
1535 4340 1781 4408 ἀκαθαρ-

193 4431 333 4482 τώτε
343 4447 435 4499 ρον
461 4430 567 4482 τῶν
585 4430 725 4482 οὕτω
753 4432 1165 4500 πορνευομένων
1187 4448 1242 4480 τε
1269 4434 1361 4482 καὶ
1383 4448 1546 4498 πορνε
1557 4433 1777 4484 υόντων·

195 4523 421 4576 εἰώθασι
456 4523 584 4592 γὰρ,
620 4523 695 4585 ὡς
727 4523 941 4593 άληθῶς
965 4525 1052 4574 καὶ
1081 4523 1319 4591 ἀκριϐῶς
1352 4524 1778 4591 μεμαθήκαμεν,
1817 4529 1851 4581 ῐ]

194 4617 258 4668 οὐ
292 4618 452 4685 μόνον
483 4618 528 4668 οί
569 4616 830 4677 σπάδονες
863 4616 958 4667 καὶ
1011 4616 1076 4667 τὰ
1114 4620 1280 4684 μόρια
1339 4615 1432 4683 τῆς
1484 4619 1781 4686 αἰσχρουρ-

194 4711 321 4776 γίας
359 4708 541 4768 ποσῶς
575 4708 789 4776 ἔχοντες
815 4707 1163 4774 ἀσελγαίνειν
1206 4709 1459 4775 ἀμέτρως
1512 4711 1604 4759 καὶ
1646 4710 1780 4760 ἀκο-

198 4798 510 4852 λασταίνειν
541 4796 875 4864 άκορέστως,
916 4796 1050 4848 ἀλλὰ
1080 4799 1172 4846 καὶ
1202 4797 1251 4847 οί
1283 4795 1484 4847 τέλειιν
1508 4796 1778 4847 ἁπόκοποι

197 4893 296 4944 καὶ
347 4891 768 4960 ἐκτετμημένον
824 4891 1076 4958 καθάπερ
1106 4885 1199 4941 οὖν
1249 4889 1344 4940 καὶ
1369 4890 1414 4940 oi
1462 4891 1523 4940 ἐκ
1556 4888 1779 4956 γενετῆς

197 4984 553 5054 ἐστερημένοι
584 4984 780 5047 ταῦτα,
831 4981 932 5052 φεύ
981 4986 1080 5050 τῆς
1140 4983 1375 5051 ἐσχάτης
1424 4981 1657 5043 ἀτοπίας
1691 4981 1784 5034 καὶ

199 5076 628 5146 φρενοϐλαβείας
656 5077 668 5129 l
701 5075 789 5128 διά
843 5073 1024 5143 χειρὸς
1073 5074 1168 5127 καὶ
1221 5074 1504 5125 δακτύλων
1541 5073 1783 5141 φθείρειν

200 5167 367 5239 548
393 5167 492 5230 τάς
531 5168 722 5230 ἀθλίας
756 5169 1022 5236 γυναῖκας
1073 5169 1214 5219 κατά
1250 5168 1349 5237 τὴν
1396 5166 1784 5236 ἀνοσιουργίαν

199 5261 402 5325 αὐτῶν,
431 5259 603 5322 οὕτως
633 5260 897 5328 ἁμμανῶς
923 5262 972 5312 οἱ
997 5259 1200 5313 ἀνόσιοι
1233 5256 1673 5327 κατεργάζεσθαι
1714 5257 1778 5307 ⁵³.

201 5349 385 5422 (141⁵)
438 5351 550 5404 Καὶ
613 5350 770 5404 τοῦτο
801 5350 978 5418 δηλῶν
1005 5352 1033 5403 ὁ
1073 5351 1234 5418 σοφὸς
1263 5349 1535 5421 ἀριδήλως
1581 5349 1685 5419 ἔφη
1711 5351 1776 5401 ⁵³.

1865 1948 2004 2014 apud
2060 1963 2119 2002 sc
2172 1950 2516 2017 recipientes,
2571 1952 2822 2005 tiduciam
2870 1955 3116 2006 tribuunt
3150 1954 3230 2008 eis
3285 1964 3337 2007 et
3395 1954 3447 2006 in

1865 2039 2115 2093 domibus
2147 2041 2260 2093 Suis
2286 2041 2555 2095 collocant
2585 2058 2700 2105 eos,
2730 2043 2822 2111 qui
2855 2060 2976 2096 cum
3026 2044 3081 2096 in
3132 2046 3326 2099 domos
3367 2046 3450 2098 in.

1867 2131 2102 2185 troducti
2135 2141 2264 2185 sunt
2307 2143 2361 2185 et
2411 2133 2718 2187 libertatem
2766 2135 3149 2199 obtinuerunt,
3210 2153 3307 2190 eos
3357 2137 3450 2204 qui

1867 2222 2040 2287 reipsa
2083 2219 2229 2289 juste
2263 2222 2516 2276 virtutem
2559 2225 2810 2278 colebant
2856 2226 3106 2280 homines
3159 2228 3453 2296 prudentes

1867 2313 2128 2381 paulatim
2181 2314 2553 2369 lenocinantes
2591 2316 2644 2368 in
2701 2317 3070 2371 Sodomorum
3128 2319 3450 2373 barathrum

1868 2407 2209 2475 demergunt.
2249 2408 2374 2461 Ideo
2402 2418 2662 2462 caeterum
2694 2421 2747 2462 et
2791 2409 3099 2477 jusu'Ssitue
3151 2411 3236 2465 lex
3288 2426 3454 2465 evan-

1869 2501 2060 2569 gelica,
2090 2501 2466 2568 optimumque
2502 2502 2715 2556 vivendi
2755 2518 2926 2571 genus
2952 2514 3004 2556 et
3031 2505 3118 2571 pia
3163 2520 3455 2559 conversa-

1871 2595 1948 2645 tio
1987 2592 2122 2646 tales
2161 2604 2214 2646 ut
2251 2593 2340 2646 Dei
2374 2594 2625 2648 inimicos
2650 2605 2702 2647 et
2735 2598 2984 2663 impuros
3007 2597 3333 2651 detestatur.
3363 2597 3452 2652 Isti

1870 2684 2014 2737 enim
2076 2683 2385 2752 hujusruodi
2443 2687 2864 2739 abominandam
2926 2688 3089 2740 vitam
3159 2689 3456 2755 praefereu-

1874 2787 1953 2832 tr-s
2034 2789 2087 2832 et
2143 2795 2239 2848 pro
2303 2780 2510 2833 \irihus
2571 2781 2924 2844 adamantes,
2981 2783 3143 2836 urbes
3201 2784 3458 2838 aboleve-

1875 2878 2040 2933 runt,
2106 2871 2395 2925 seminaries
2460 2881 2667 2927 natura:
2737 2884 2818 2926 rat
2842 2889 2975 2928 ones
3047 2889 3461 2946 corrumpentea

1874 2972 1922 3014 et
2003 2961 2102 3030 ipsi
2175 2965 2454 3030 corrupti;
2523 2963 2749 3016 Romani
2823 2975 3006 3018 autent
3082 2966 3213 3019 viris
3285 2971 3460 3020 abon-

1873 3053 2126 3115 dantetn,
2180 3053 2462 3122 ipsius-lue
2509 3054 2888 3122 juventut-m,
2949 3064 3004 3108 et
3066 3057 3231 3110 robur
3308 3061 3460 3113 virile

1878 3148 2073 3200 misere
2156 3159 2664 3214 c0nsunipseruut;
2748 3162 2960 3214 unoque
3024 3149 3188 3200 verbo
3264 3149 3458 3204 fortem

1878 3253 2312 3307 prosperumque
2341 3238 2652 3306 juventutis
2704 3237 2892 3291 ﬂorem
2941 3240 3247 3308 polluentes
3291 3243 3464 3296 maui-

1881 3327 2016 3381 leste
2070 3329 2302 3381 miseros
2364 3336 2418 3380 et
2479 3326 2920 3395 contemptibiles
2994 3325 3294 3380 elleeeruut
3324 3344 3463 3396 quos

1878 3430 2162 3489 ceperunt,
2211 3419 2408 3489 quibus
2469 3419 2786 3474 vertendum
2860 3421 2910 3472 in
2995 3418 3176 3489 fugam
3240 3422 3467 3475 merito—

1879 3528 1986 3580 que
2027 3515 2410 3567 detestandum
2443 3521 2561 3566 crat
2592 3512 2902 3566 animarum
2943 3529 3220 3568 occrsores
3252 3533 3314 3567 ac
3363 3514 3465 3568 fa:-

1879 3605 2099 3659 datores
2124 3619 2440 3673 corporum,
2469 3605 2614 3656 velut
2645 3603 2966 3659 iualedietos
2995 3615 3048 3659 et
3077 3615 3286 3660 natura:
3318 3607 3467 3660 adul-

1881 3696 2325 3752 teratores.Niliil
2361 3696 2504 3750 enim
2535 3694 2795 3749 infamius
2834 3698 3213 3767 impuriusque
3235 3714 3358 3752 vere
3384 3711 3468 3753 est

1882 3806 2044 3860 quam
2076 3793 2155 3844 sic
2183 3790 2464 3858 prostituti
2497 3802 2561 3841 ac
2597 3790 2986 3856 prostituentes
3015 3807 3028 3853 ;
3073 3792 3252 3844 solent
3297 3793 3466 3853 enim,

1883 3896 1942 3936 ιιι
1970 3899 2096 3936 vere
2130 3893 2426 3951 exaeteque
2457 3881 2772 3942 didicimus,
2809 3896 2916 3934 nou
2970 3882 3147 3934 solum
3197 3883 3468 3951 spadones

1881 3987 1936 4029 et
1968 3973 2318 4042 turpitudinis
2351 3972 2646 4040 particulas
2671 3983 2950 4041 utcunque.
2985 3972 3265 4030 habentes.
3294 3973 3424 4027 lasei
3453 4002 3463 4009 ο

1885 4068 1997 4121 vire
2028 4067 2145 4120 sine
2177 4066 2340 4118 modo
2373 4080 2437 4118 ac
2466 4065 2739 4118 libidinari
2775 4066 2980 4134 absque
3037 4080 3319 4130 mensura,
3373 4068 3468 4120 sed

1885 4169 1937 4211 et
1972 4158 2063 4225 qui
2105 4159 2330 4209 omnino
2362 4157 2584 4211 castrati
2612 4167 2664 4210 et
2690 4159 2857 4212 excisi
2905 4168 3056 4212 sunt.
3101 4158 3472 4223 Quemadmo-

1885 4250 2012 4302 dum
2048 4249 2211 4318 igitur
2238 4259 2290 4302 et
2321 4250 2412 4317 qui
2447 4269 2474 4300 ιι
2507 4250 2789 4302 nativitate
2840 4251 2959 4302 isris
2989 4250 3274 4311 orliantur,
3330 4253 3466 4302 eheu

1885 4341 2136 4395 delirium
2201 4349 2253 4393 et
2309 4341 2498 4393 ultima
2557 4340 2866 4393 dementia!
2938 4356 3100 4394 manu
3180 4343 3474 4409 digitisque

1887 4435 2128 4502 polluere
2165 4433 2394 4485 miseras
2422 4433 2772 4486 mulierculas
2804 4433 3112 4486 secundum
3155 4434 3475 4502 improbitas

1891 4533 1996 4577 tem
2031 4539 2186 4575 suam
2212 4561 2224 4583 ,
2262 4524 2340 4575 sic
2395 4523 2446 4576 hi
2504 4524 2719 4576 scelesti
2757 4521 2964 4577 furiose
3019 4524 3196 4577 facere
3239 4541 3473 4578 consue-

1892 4622 2109 4667 verunt.
2149 4613 2212 4666 Et
2251 4613 2356 4666 hoc
2385 4615 2705 4683 signiﬁcans
2736 4615 2954 4682 sapiens
3007 4614 3313 4677 manifeste,
3345 4620 3418 4669 ait
3456 4635 3469 4670 :

1897 4727 1912 4756 ι
1958 4707 2154 4759 Beatus
2184 4712 2472 4758 eunuchus
2505 4705 2594 4772 qui
2634 4722 2741 4759 non
2776 4722 2940 4760 manu
2977 4705 3102 4760 fecit
3155 4708 3361 4769 illicita,
3420 4719 3474 4760 et

1892 4799 2041 4852 beata
2074 4796 2224 4866 virgo
2253 4814 2374 4866 quae
2401 4797 2628 4850 nescivit
2661 4807 2841 4851 torum
2877 4799 2929 4850 in
2964 4799 3184 4851 delicto.
3222 4819 3240 4850 ι
3281 4799 3474 4852 Merito

1893 4892 2055 4957 igtur
2089 4889 2406 4952 eﬂ'etuiuati,
2451 4888 2663 4952 evirati,
2707 4891 3035 4958 audrOgyui,
3093 4890 3236 4944 ferro
3269 4893 3474 4953 deVoti,

1895 4982 2174 5036 tuulierosi
2207 4983 2567 5050 appellantur.
2602 4981 2841 5033 Audiaut
2873 4997 3008 5048 ergo
3042 4983 3187 5050 puri,
3240 4993 3293 5035 et
3347 5000 3474 5052 pru-

1892 5079 2079 5128 dentes
2123 5077 2243 5127 illos
2291 5084 2644 5143 suspectent,
2701 5091 2797 5128 nec
2851 5077 3080 5127 credant
3150 5076 3472 5136 mendacio,

1891 5171 1982 5222 sed
2042 5178 2208 5221 casta:
2263 5169 2484 5236 puritati
2531 5183 2593 5219 ac
2657 5169 3159 5235 pritdeutiaezquid
3213 5181 3359 5220 enim
3409 5171 3476 5226 ab

1895 5260 2106 5328 impuro
2142 5260 2540 5328 purihcabitur,
2565 5268 2609 5312 et
2644 5273 2672 5310 a
2702 5259 2986 5312 mendacio
3019 5260 3147 5328 quid
3176 5275 3360 5312 verum
3392 5261 3478 5311 de-

1894 5353 2284 5404 monstrabitur
2319 5351 2342 5404 ?

209 5468 224 5500 r
261 5449 551 5519 Μακάριος
582 5467 600 5499 ι
648 5447 904 5517 εὐνοῦχος
929 5448 958 5500 ὸ
1007 5447 1080 5517 μὴ
1117 5447 1496 5517 ἐργασάμενος
1547 5447 1604 5498 ὲν
1640 5446 1786 5516 χείρ)⁸
1819 5447 2098 5516 άνόμημα,
2144 5468 2161 5498 ι
2221 5451 2312 5499 καὶ
2352 5449 2618 5520 παρθένος
2687 5448 2805 5516 ἥτις
2839 5446 2938 5500 οὐκ
3008 5446 3148 5513 ἔγνω
3193 5446 3379 5514 κοίτην
3415 5447 3473 5497 ὲν

1367 5584 1564 5644 Varite
1611 5582 1919 5645 lectiones
1965 5591 2026 5646 et
2070 5590 2257 5644 notae.

275 5740 318 5769 δ’
348 5738 726 5807 κοιταζόμενοι
769 5740 864 5790 καὶ
899 5756 958 5808 μ.
995 5738 1211 5793 Glossa.
1272 5739 1329 5808 7“
1362 5736 1454 5788 καί
1478 5737 1498 5787 ‘!
1575 5735 1692 5808 '°_ll
1723 5733 1856 5808 Tim.
1904 5751 1951 5788 Ill

1014 5738 1211 5793 Slossa.
1272 5739 1329 5808 ,δ’
1362 5736 1454 5788 καί
1478 5737 1498 5787 '!
1575 5735 1692 5808 '°_ll
1723 5733 1856 5808 Tim.
1904 5751 1981 5794 ιιι,
2012 5734 2081 5808 6.-
2131 5733 2171 5763 ⁵³
2205 5733 2540 5808 προῦχοντας
2569 5733 2690 5808 cod.

1619 5806 1662 5836 "
1710 5807 1964 5858 εἰώθασιν
2005 5806 2083 5858 \‘t‘l
2118 5807 2570 5874 κατεργάζονται.

209 5809 250 5841 ⁸³
277 5809 594 5882 εὐανδροῦσι
634 5809 756 5864 cod.
790 5807 1046 5880 ἐξανδρ.τ
1117 5809 1164 5840 ⁸⁸
1195 5807 1388 5877 ἀνδρὸς
1421 5809 1537 5861 t'od.

2781 5732 2824 5762 ⁸³
2863 5729 3216 5800 ἁρμοζόντως
3250 5729 3466 5782 Glosaa.

2651 5805 2694 5836 "
2723 5802 2849 5870 Sap.
2892 5817 2972 5860 tit.
3009 5801 3190 5858 H.135.
