4244 6440
756 433 862 499 843
1961 412 2284 477 GEORGII
2324 410 2776 472 HAMARTOLI
3910 393 3987 459 35
4007 394 4034 453 ί

760 538 1105 610 Ᾱίιιιὶορίιωε
1132 533 1369 589 retineor
1400 536 1454 585 et
1483 527 1558 583 illi
1590 532 1843 582 cunctam
1879 523 2112 578 aﬁ‘erunt
2165 520 2336 576 forni-
2365 525 2412 582 Α
2443 519 2525 589 pol
2553 515 2603 582 ξι

2443 519 2525 589 pol.
2553 515 2885 586 ζυγοστάται
2929 514 3144 585 καὶτῆς
3179 513 3508 585 ἀεροπορίας
3531 511 3837 573 δδοστάται,
3864 510 4034 580 μόλις

759 603 1027 691 (tationem
1063 641 1261 690 meam,
1283 634 1335 678 et
1361 635 1578 677 omnem
1619 615 1892 672 carnalem
1917 614 2340 683 culpam,quam
2441 610 2603 664 ἀπελι

2441 609 2793 680 ἀπελυόμεθα
2813 625 2827 640 °
2859 607 3349 678 ἐκδαπανηθέντων
3372 607 3430 659 δὲ
3447 606 3492 638 ⁵⁸
3516 605 3734 659 πάντων
3757 603 3865 657 τῶν
3884 603 4037 669 ἀγα-

762 743 792 781 a
825 724 1038 781 decimo
1071 718 1247 773 mtatis
1273 728 1405 768 meae
1457 723 1602 765 anno
1644 707 1812 760 miser
1878 713 2136 773 operatus
2194 713 2339 755 sum.
2443 701 2550 754 θῶν
2602 753 2603 762 χ

2443 701 2550 754 θῶν
2602 716 2705 769 μου
2755 699 2936 768 ἔργων
2961 698 3058 751 καὶ
3103 698 3243 768 πρὸς
3297 697 3400 767 τὴν
3449 696 3627 766 πῦλην
3657 693 3752 747 τοῦ
3784 693 4033 762 οὐρανοῦ

765 779 1183 872 ἐκουεειὶοηεηι
1220 819 1349 860 vero
1381 818 1480 871 pro
1501 815 1586 855 me
1613 798 1904 869 juvenibus
1928 794 2035 848 illis
2063 788 2344 860 alleganti-
2444 790 2603 859 φθάσι

2444 790 2751 859 φθάσαντες
2815 790 2874 842 ἐν
2975 789 3039 840 τὸ
3072 785 3327 841 τελώνιον
3358 787 3457 856 τῆς
3511 784 3767 858 πορνείας
3802 779 3893 855 ἦν,
3927 802 4036 837 συ-

766 908 867 961 bus
895 915 950 957 et
979 896 1288 955 dicentibus
1308 908 1393 947 me
1409 887 1725 961 paenitentia
1749 894 2066 941 cunctorum
2087 889 2342 951 peccato-
2451 882 2603 952 σχεθε

2451 882 2662 952 σχεθεὶς
2682 880 2788 934 ὑπὸ
2801 889 2911 933 τών
2930 879 3176 948 ζοφερῶν
3203 879 3430 932 ἐκείνων
3445 876 3738 943 Αἰθιόπων,
3755 876 4039 946 προσέφε-

766 1009 888 1050 rum
921 995 973 1045 in
1000 989 1133 1044 urbe
1161 984 1582 1042 commissorum
1616 977 1832 1034 veniam
1849 972 2174 1034 obtinuisse,
2211 967 2347 1024 «Ve-
2450 990 2542 1044 ρον
2571 991 2603 1026 τι

2450 990 2542 1044 ρον
2571 973 2752 1026 πᾶσάν
2776 988 2877 1042 μου
2899 970 3156 1042 πορνείαν
3177 968 3304 1038 (148
3323 969 3374 1035 δ)
3398 969 3491 1023 καὶ
3510 967 3830 1037 σωματικὴν
3852 968 4039 1038 ἀμαρ⁹

768 1102 913 1151 rum,
932 1084 1186 1153 inquiunt
1201 1075 1398 1132 funesti
1415 1072 1811 1130 criminatores,
1829 1077 1950 1136 post
1970 1061 2364 1146 pmnitentiam
2447 1066 2591 1132 τίαν,

2447 1066 2591 1132 τίαν,
2619 1065 2685 1135 ἢν
2720 1063 2827 1119 ἀπὸ
2868 1061 3158 1125 δεκαετοῦς
3216 1061 3410 1132 χρόνου
3453 1061 3552 1129 τῆς
3599 1061 3817 1130 ἡλικίας
3853 1077 3960 1128 μου
3989 1059 4040 1089 ⁵⁸

771 1150 964 1233 rursus
997 1150 1050 1229 in
1095 1169 1425 1226 adulterium
1452 1175 1606 1220 extra
1643 1162 1830 1216 urbem
1853 1159 2039 1227 lapsus
2063 1163 2170 1218 est,
2191 1163 2246 1208 et
2273 1152 2346 1206 ita
2450 1157 2603 1228 διεπε

2450 1157 2834 1228 διεπραξάμην
2861 1156 2889 1208 ό
2913 1153 3119 1217 ἄθλιος.
3161 1151 3643 1222 ’Δπολογουμένων
3675 1151 3733 1204 δὲ
3762 1150 3872 1204 τῶν
3905 1166 4040 1202 νεα-

770 1269 994 1327 interiit.
1027 1285 1045 1318 ι
1071 1263 1225 1332 Quod
1247 1275 1372 1316 cum
1393 1257 1694 1312 audiissent
1719 1249 1916 1321 angeli,
1953 1249 2346 1308 discesserunt,
2449 1246 2603 1302 νίσκυ

2449 1246 2654 1302 νίσκων
2682 1247 2907 1301 ἐκείνων
2944 1245 3085 1315 ὑπὲρ
3109 1245 3248 1314 ἐμοῦ
3295 1246 3392 1298 καὶ
3439 1242 3726 1312 λεγόντων,
3754 1243 3836 1295 ὅτι
3867 1243 3939 1295 τὰ
3979 1244 4042 1294 ἐν

775 1358 1206 1418 inexcusabilem
1258 1367 1345 1406 me
1391 1348 1783 1416 relinquentes,
1819 1340 1973 1411 quasi
1999 1338 2110 1408 jam
2139 1337 2349 1390 nullum
2453 1344 2520 1411 τῇ
2557 1359 2603 1392 π.

2453 1344 2520 1411 τῇ
2557 1340 2712 1394 πόλει
2745 1341 3124 1411 ἁμαρτήματα
3153 1338 3652 1411 συγκεχώρημαι⁸⁰
3689 1339 4042 1408 μετανοήσας

771 1468 912 1524 opus
943 1452 1147 1505 bonum
1210 1443 1520 1499 habentem.
1581 1435 1645 1489 Et
1700 1434 1971 1503 rapientes
2019 1445 2108 1485 me
2139 1426 2356 1482 Ettiio—
2462 1452 2482 1485 ι
2520 1434 2603 1486 Ἀ)

2462 1452 2482 1485 ι
2520 1433 2706 1500 Ἀλλὰ,
2737 1452 2756 1485 ι
2785 1435 2952 1501 φασὶν
2971 1435 3014 1466 ⁸¹
3048 1435 3097 1486 οἱ
3116 1433 3280 1487 δεινοὶ
3308 1433 3628 1503 κατήγοροι,
3649 1451 3668 1482 r
3694 1431 4044 1501 μετανοήσας

775 1520 867 1614 pes
896 1543 994 1604 illi,
1062 1554 1186 1594 cum
1244 1534 1563 1589 verberibus
1613 1543 1698 1582 me
1757 1528 1810 1580 in
1868 1535 2066 1578 terrain
2121 1520 2355 1575 reduxe-
2456 1526 2603 1579 ἔπεσε

2456 1526 2618 1579 ἔπεσε
2648 1525 2810 1581 πάλιν
2827 1527 2875 1558 δ’
2895 1527 2976 1587 είς
3006 1526 3252 1595 μοιχείαν
3279 1525 3384 1590 ἔξω
3398 1525 3498 1594 τῆς
3521 1523 3727 1586 πόλεως
3749 1522 3846 1577 καὶ
3865 1522 4045 1585 οὕτως

774 1613 924 1690 runt.
974 1631 1041 1685 Et
1079 1627 1335 1684 descendi
1399 1638 1493 1693 per
1544 1622 1660 1675 vias
1709 1626 1890 1672 arctas
1920 1630 1985 1670 ac
2017 1613 2355 1673 tenebrosas.
2458 1616 2599 1670 ἀπέθ

2458 1616 2729 1670 ἀπέθανεν
2757 1635 2804 1679 ›,
2840 1617 2980 1686 ὅπερ
3006 1615 3345 1678 ἀκούσαντες
3395 1617 3445 1668 οί
3487 1615 3712 1683 ἄγγελοι
3755 1613 4045 1684 ἀνεχώρη-

773 1727 1146 1784 timidissimas
1206 1715 1370 1789 atque
1423 1712 1879 1770 horrendissimas
1924 1721 2099 1777 usque
2134 1705 2204 1760 ad
2243 1717 2361 1773 spe-
2461 1723 2562 1759 σαν

2461 1723 2562 1759 σαν
2610 1707 2869 1770 ἐάσαντες
2897 1724 2964 1777 με
2986 1707 3032 1738 ⁵³
3079 1707 3491 1774 ἀναπόλογητον
3544 1706 3620 1768 ὡς
3672 1706 3840 1776 μηδὲν
3881 1704 4047 1776 ἔργον

773 1824 966 1877 luncas
1044 1816 1427 1871 subterraneas
1456 1817 1510 1863 et
1547 1819 1798 1861 carceres
1839 1801 2058 1864 interni,
2111 1797 2203 1853 ubi
2234 1812 2362 1867 pec-
2389 1863 2431 1877 __
2461 1797 2603 1864 ἀγαθ

2461 1797 2668 1864 ἀγαθὸν
2709 1797 2927 1868 ἔχοντα.
2975 1799 3088 1852 Kal
3144 1798 3496 1869 ἁρπάσαντές
3557 1815 3626 1866 με
3679 1799 3728 1849 οί
3783 1796 4049 1858 Αἰθίοπες

775 1922 1021 1967 calorum
1046 1905 1241 1962 animae
1265 1900 1665 1957 concluduntur
1692 1897 1746 1950 in
1780 1903 1976 1948 terram
2007 1889 2358 1946 tenebrosam
2389 1863 2433 1919 Β
2462 1893 2603 1944 ἐκεῖν

2462 1863 2681 1957 ἐκεῖνοι,
2711 1863 3009 1952 τόπτοντὲς
3031 1891 3079 1923 ⁸⁵
3108 1863 3196 1961 με⁷
3228 1863 3570 1960 κατήγαγόν
3599 1907 3666 1960 με
3696 1890 3777 1952 είς
3809 1889 3913 1959 τὴν
3940 1890 4048 1957 γῇν

775 2015 831 2060 et
856 1999 1194 2063 horribilem,
1226 1996 1280 2049 in
1332 2003 1534 2048 terram
1581 1988 1832 2059 caliginis
1860 1997 2099 2049 attentis,
2130 1983 2219 2038 ubi
2245 1981 2362 2053 jam
2464 1980 2603 2047 αὖθις

2464 1980 2644 2047 αὖθις.
2880 1984 2990 2037 Καὶ
3017 1983 3065 2016 ⁸⁸
3104 1983 3373 2053 κατῆλθον
3404 1983 3494 2037 διά
3532 2001 3697 2036 τινων
3746 1985 4048 2037 στενωπῶν

777 2111 886 2150 non
931 2093 1114 2146 lumen
1146 2103 1245 2142 nec
1298 2087 1462 2139 vitam
1508 2081 1820 2136 mortalium
1871 2079 2188 2138 videre'est.
2222 2077 2365 2130 sicut

777 2186 1042 2254 scriptum
1097 2192 1202 2244 est,
1250 2177 1342 2233 sed
1423 2175 1577 2230 adest
1636 2170 1953 2226 lamentatio
2018 2178 2073 2224 et
2140 2167 2364 2222 aﬂlictio

779 2285 984 2330 aeterna
1038 2266 1527 2325 ctinconsolabilis
1577 2272 1634 2317 et
1688 2263 1922 2331 gemitus
1945 2256 2366 2327 inexstinguibi-

780 2368 870 2420 lis.
907 2360 1297 2430 Unusquisque
1354 2357 1499 2412 enim
1559 2369 1750 2409 eorum
1806 2352 1901 2422 qui
1939 2349 2052 2404 illic
2084 2358 2214 2404 sunt
2232 2360 2366 2402 suos

781 2469 982 2528 pravos
1009 2460 1164 2506 actus
1197 2447 1495 2503 recordans
1534 2455 1587 2500 et
1621 2453 1880 2514 reputans
1934 2452 2231 2510 quamnam
2271 2436 2368 2506 ju-

781 2544 1167 2602 stiticationem
1235 2539 1385 2608 justo
1452 2537 1622 2606 judici
1699 2535 1924 2598 all‘erat,
1980 2541 2034 2587 et
2090 2531 2368 2602 quomodo

781 2649 998 2706 poenam
1044 2633 1434 2700 sempiternam
1477 2630 1752 2684 sustinere
1801 2626 1996 2696 possit,
2051 2623 2369 2679 terribiliter

783 2726 1124 2784 conscientia
1159 2731 1580 2794 praetorquetur,
1635 2730 1690 2775 et
1720 2721 1963 2789 insuper,
2011 2717 2369 2772 considerans

784 2838 815 2875 ιι
850 2821 963 2874 Deo
1018 2817 1424 2886 separationem
1484 2828 1694 2868 necnon
1738 2827 1768 2866 a
1825 2810 1995 2881 gloria
2052 2819 2368 2864 sanctorum

787 2913 930 2982 ejus,
965 2919 1021 2964 et
1065 2925 1191 2965 cum
1222 2908 1444 2963 diabolo
1487 2907 1823 2976 punitionem
1862 2905 2169 2957 dmmonum
2202 2902 2370 2955 inter-

786 3003 1102 3060 minabilem
1167 3011 1222 3054 et
1279 2998 1646 3060 insolabilem,
1699 2995 1949 3048 tristatur
2013 3003 2070 3046 et
2096 2991 2369 3060 gemiscit.

785 3097 925 3152 Cum
997 3092 1198 3161 quibus
1273 3105 1374 3158 ego
1426 3088 1718 3142 conclusus
1786 3094 1841 3138 et
1906 3079 2370 3153 lacrymabundus

789 3186 956 3240 video
987 3183 1378 3248 duosjuvenes
1437 3180 1562 3233 illos
1611 3177 1896 3231 venientes
1966 3177 2041 3230 ibi
2068 3188 2288 3230 rursum
2317 3182 2374 3227 et
2397 3206 2443 3265 ε

790 3279 916 3333 illos
950 3290 1085 3346 rogo
1121 3283 1178 3328 ut
1225 3288 1288 3328 ex
1322 3271 1410 3324 illa
1453 3270 1730 3324 tremenda
1792 3267 2042 3321 custodia
2078 3265 2375 3336 supplicio-

791 3384 900 3439 que
951 3369 1191 3422 educaut
1239 3378 1347 3427 me,
1411 3373 1470 3418 ut
1502 3361 1878 3431 paenitentiam
1930 3373 2130 3427 agam:
2166 3358 2261 3427 qui
2289 3359 2375 3412 di-

792 3469 924 3514 cunt
950 3459 1016 3513 ad
1049 3473 1136 3512 me
1167 3474 1182 3515 :
1220 3474 1238 3506 ι
1271 3455 1499 3533 Frustra
1547 3467 1706 3522 rogas
1743 3469 1757 3505 :
1793 3465 1954 3506 nemo
2006 3451 2282 3519 egreditur
2306 3450 2373 3503 il-

792 3551 900 3605 linc
932 3564 1105 3618 usque
1125 3548 1190 3601 ad
1217 3559 1560 3600 communem
1581 3543 2058 3597 resurrectionem.
2084 3559 2103 3591 ι
2125 3540 2376 3596 Orationi

793 3652 976 3699 tamen
1009 3641 1156 3694 insto
1186 3639 1430 3692 clamans
1456 3654 1468 3690 :
1509 3654 1527 3687 ι
1548 3632 1883 3690 Miseremini
1911 3632 2066 3698 mihi;
2089 3648 2200 3686 non
2225 3632 2373 3687 enim

791 3732 1032 3789 sciebam
1065 3731 1168 3784 ista
1205 3728 1338 3782 mihi
1388 3727 1503 3781 fore
1558 3735 1784 3780 ventura
1813 3726 2064 3794 ;ideoque
2091 3739 2216 3779 vere
2261 3723 2374 3793 iam

790 3842 857 3880 ex
897 3834 1024 3878 tunc
1054 3836 1142 3877 me
1183 3820 1430 3890 pmnitet,
1459 3828 1515 3873 et
1535 3819 1580 3874 si
1605 3820 1670 3872 ad
1696 3820 1860 3872 vitam
1884 3819 1937 3871 in
1962 3827 2161 3872 terram
2182 3831 2379 3872 rursus

791 3917 1031 3978 redeam,
1058 3912 1273 3968 utilitati
1297 3911 1592 3966 multorum
1622 3925 1737 3964 ero.
1767 3928 1786 3962 ι
1811 3909 1872 3963 Et
1888 3909 1955 3963 ad
1977 3909 2379 3964 miserationem

794 4007 1013 4060 adducti
1047 4004 1224 4073 angeli
1255 4018 1343 4057 me
1377 4004 1646 4056 reducunt
1713 4000 1781 4055 ad
1832 4015 2034 4069 corpus
2067 4016 2079 4051 :
2115 3999 2381 4068 videoque

797 4110 1049 4152 naturam
1085 4096 1282 4150 animae
1321 4109 1454 4150 meae
1509 4094 1786 4164 propriam
1825 4104 2087 4163 tanquam
2114 4092 2380 4163 margari-

797 4199 905 4242 tam
965 4188 1284 4255 iulgentem,
1343 4200 1545 4255 corpus
1599 4195 1780 4239 autem
1841 4194 1999 4254 turpe
2046 4193 2379 4254 tetrumque,

794 4277 939 4330 unde
978 4291 1103 4329 cum
1138 4291 1281 4346 aegre
1320 4273 1518 4328 ferrem
1558 4289 1622 4331 ac
1678 4274 1916 4328 dicerem
1958 4289 2045 4328 me
2080 4289 2190 4327 non
2221 4289 2382 4343 posse

796 4368 999 4421 intrare
1042 4367 1094 4419 in
1133 4367 1265 4421 illud
1316 4374 1537 4436 propter
1582 4365 1878 4421 lwditatem
1924 4367 2043 4434 ejus
2081 4376 2137 4421 et
2190 4367 2384 4438 caligi-

799 4474 945 4524 nem,
979 4460 1168 4513 minati
1227 4468 1354 4514 sunt
1393 4460 1524 4512 mihi
1564 4460 1839 4514 dicentes:
1874 4478 1892 4510 ι
1918 4459 2029 4515 Nisi
2069 4461 2382 4526 intraveris,

2464 2077 2559 2129 καὶ
2582 2076 2874 2129 σκοτεινῶν
2889 2077 2957 2140 ⁵⁸,
2998 2075 3425 2130 δυσωδεστάτων
3470 2077 3615 2129 πάνυ
3653 2075 3750 2129 καὶ
3784 2075 4049 2147 φρικοδε-

2467 2167 2680 2220 στάτων
2714 2168 3066 2222 καταδύσεων
3102 2168 3267 2238 μέχρι
3295 2168 3405 2220 τῶν
3435 2167 3808 2238 καταχθονίων
3839 2170 3900 2221 ἐν
3934 2170 4050 2232 τοῖς

2464 2258 2862 2329 δεσμωτηρίοις
2907 2258 3006 2312 τοῦ
3065 2259 3369 2329 ᾇδου,ἐνθα
3429 2259 3566 2312 εἰσὶν
3621 2260 3678 2314 αί
3727 2259 3898 2329 ψυχαὶ
3940 2259 4051 2312 τῶν

2465 2351 2808 2424 ἁμαρτωλῶν
2833 2352 3335 2422 ἀποκεκλεισμέναι
3373 2353 3456 2417 είς
3493 2355 3598 2423 γῆν
3636 2352 3921 2424 σκοτεινὴν
3955 2355 4050 2407 καὶ

2466 2446 2787 2518 φοϐερὰν⁵’¹,
2837 2448 2920 2510 είς
2966 2448 3070 2515 γῆν
3128 2446 3356 2509 σκότους
3408 2444 3653 2510 αἰωνίου,
3699 2437 3762 2498 οὗ
3807 2445 4052 2498 οὐκέτι⁵⁸

2467 2537 2672 2607 φέγγος
2695 2538 2818 2590 οὐδὲ
2851 2540 2985 2608 ὁρᾷν
3011 2538 3220 2608 βροτῶν
3254 2537 3420 2607 ζωὴν,
3449 2538 3526 2600 ὡς
3560 2539 3895 2607 γέγραπται,
3936 2535 4051 2591 ἀλλ’

2464 2628 2626 2700 ὀδύνη
2681 2629 2777 2682 καὶ
2823 2628 3004 2698 θλίψις
3058 2628 3282 2686 αίώνιος
3325 2632 3423 2683 καὶ
3455 2627 3905 2699 ἀπαραμύθητος
3958 2629 4053 2681 καὶ

2469 2722 2776 2790 στεναγμὸς
2806 2721 3098 2792 ἀσίγητος·
3135 2723 3366 2785 ἕκαστος
3402 2723 3514 2791 γὰρ
3549 2723 3658 2775 τῶν
3697 2724 3881 2775 ἐκεῖσε
3913 2739 4051 2792 μνη-

2471 2812 2716 2881 μονεύων
2735 2815 2834 2876 τὰς
2867 2813 3113 2885 πονηρὰς
3141 2813 3310 2867 αὐτοῦ
3334 2812 3561 2885 πράξεις
3593 2814 3688 2866 καὶ
3708 2814 3911 2867 ἐννοῶν
3934 2813 4053 2873 πῶς

2467 2904 2872 2975 ἀπολογήσεται
2927 2904 3005 2974 τῷ
3057 2905 3345 2974 assum.)
3397 2907 3586 2974 κριτῇ,
3636 2905 3732 2956 καὶ
3795 2903 3914 2967 πῶς
3958 2903 4059 2973 τὴν

2468 2994 2776 3062 ἀπέραντον
2799 2996 3025 3048 κόλασιν
3054 2994 3518 3064 ὑποστήσηται⁸⁹,
3545 2993 3734 3056 δεινῶς
3768 2992 3849 3063 τῷ
3881 3009 4059 3044 συνει-

2468 3085 2580 3138 δότι
2606 3085 3071 3154 προϐασανίζεται
3104 3085 3200 3139 καὶ
3227 3086 3364 3155 πρὸς
3392 3084 3552 3138 τοῦτο
3599 3084 4060 3154 ἀναλογιζόμενος

2470 3178 2565 3231 τὸν
2612 3179 2722 3231 ἀπὺ
2770 3177 2907 3231 Θεοῦ
2951 3179 3232 3248 χωρισμὸν
3275 3177 3504 3246 καὶτῆς
3555 3177 3716 3244 δόξης
3745 3177 3856 3228 τῶν
3887 3176 4060 3243 ἁγίων

2476 3272 2645 3325 αὑτοῦ
2704 3272 2798 3324 καὶ
2825 3271 2925 3337 τὴν
2955 3271 3096 3340 μετὰ
3143 3268 3238 3323 τοῦ
3268 3269 3578 3322 διαδόλουη
3606 3269 3909 3337 καταδίκην
3965 3267 4063 3321 καὶ

2472 3365 2585 3419 τῶν
2604 3364 2879 3433 δαιμόνων
2900 3364 3181 3418 ἄπαυστον
3210 3362 3309 3415 καὶ
3327 3361 3779 3430 ἀπαρηγόρητον,
3805 3359 4060 3412 λυπεῖται

2477 3459 2572 3512 καὶ
2600 3457 2872 3522 στενάζει.
2905 3456 3043 3510 Μεθ’
3060 3449 3136 3509 ὧν
3154 3456 3220 3522 γέ
3245 3472 3329 3508 τοι
3355 3453 3512 3520 κάγὼ
3538 3451 4062 3522 συγκατακλεισθεὶς

2477 3549 2576 3601 καὶ
2601 3545 2814 3599 πενθῶν
2839 3545 2953 3615 ὁρῶ
2981 3545 3111 3608 τοὺς
3137 3543 3233 3597 δύο
3266 3542 3585 3605 νεανίσκους
3617 3542 3860 3605 ἐκείνους
3883 3541 4063 3595 ἐλθόν-

2477 3654 2577 3699 τας
2629 3638 2809 3689 ἐκεῖσε
2857 3637 3055 3701 πάλιν,
3095 3636 3193 3699 οὓς
3212 3636 3254 3667 ⁸⁸
3305 3634 3696 3704 παρακαλέσας
3766 3633 4062 3700 ἐξαγαγεῖν

2475 3731 2577 3799 τῆς
2607 3727 2846 3799 φοϐερᾶς
2877 3729 3098 3798 ἐκείνης
3123 3727 3376 3797 φυλακῆς
3404 3745 3463 3780 τε
3495 3728 3588 3780 καὶ
3615 3725 3867 3796 ἀνάγκης
3912 3727 4062 3788 ὅπως

2483 3823 2820 3892 μετανοήσω,
2851 3819 2902 3872 οἳ
2920 3821 2966 3852 ⁸³
2997 3819 3090 3872 καί
3120 3836 3294 3888 φασιν
3346 3819 3482 3889 πρός
3511 3834 3579 3886 με
3599 3833 3612 3847 ·
3659 3836 3678 3869 ι
3714 3818 3911 3886 Μάτην
3951 3833 4061 3869 πα-

2483 3915 2745 3982 ρακαλεῖς
2768 3927 2785 3942 °
2818 3913 2995 3974 οὐδεὶς
3025 3911 3134 3982 γὰρ
3163 3911 3446 3980 ἐξέρχεται
3477 3909 3586 3962 τῶν
3631 3906 3866 3962 ἐνταῦθα
3901 3907 4065 3976 μέχρι

2478 4005 2581 4072 τῆς
2611 4004 2799 4073 κοινῆς
2829 4003 3203 4064 ἀναστάσεως.
3249 4020 3269 4053 ι
3315 4000 3698 4071 Ἑπιμένοντος
3725 3999 3783 4052 δέ
3810 4016 3916 4067 μου
3928 3999 3974 4030 ⁸³
3997 3999 4062 4066 τῇ

2480 4095 2666 4166 δεήσει
2697 4093 2793 4148 καὶ
2845 4094 3108 4165 βοῶντος·
3149 4113 3168 4146 ι
3192 4095 3486 4164 Ἐλεήσατέ
3512 4110 3580 4162 με
3603 4110 3616 4123 ο
3647 4093 3707 4145 οὐ
3741 4089 3856 4161 γὰρ
3891 4091 4061 4160 ᾔδειν,

2480 4189 2562 4241 ὅτι
2591 4189 2763 4242 ταῦτά
2787 4205 2876 4258 μοι
2907 4185 3253 4258 συμϐήσεται
3309 4187 3404 4238 καὶ
3443 4185 3532 4237 διά
3576 4184 3736 4236 τοῦτο
3765 4180 4062 4253 γνησίως·δ

2482 4280 2590 4332 ἀπὸ
2621 4279 2716 4331 τοῦ
2745 4278 2844 4332 νῦν
2890 4279 3139 4348 μετανοῶ
3169 4281 3267 4330 καὶ
3301 4278 3611 4347 γενήσομαι
3635 4273 3772 4343 πρὸς
3797 4273 4063 4341 ὠφέλειαν

2483 4370 2717 4435 πολλῶν,
2773 4371 2824 4423 εἰ
2865 4370 3004 4440 πρὸς
3047 4369 3148 4440 τὴν
3204 4370 3298 4422 ἐπὶ
3329 4371 3434 4437 γῆς
3474 4367 3620 4436 ζωὴν
3651 4361 3810 4426 αὖθις
3863 4365 4035 4431 ἐπανή

2485 4460 2561 4526 ξω
2583 4460 2649 4512 ⁸⁸.
2688 4478 2708 4510 ι
2741 4461 2849 4514 Καὶ
2899 4459 3312 4529 δυσωπηθέντες
3362 4460 3411 4511 οί
3459 4458 3684 4525 ἀγγελοι
3745 4455 3944 4524 ἀγουσί
3996 4469 4061 4523 με

798 4551 1124 4605 reducenius
1179 4559 1231 4604 te
1278 4551 1331 4604 in
1386 4551 1532 4604 illam
1571 4552 1908 4621 punitionem
1942 4569 1956 4605 :
1996 4554 2136 4606 intra
2191 4553 2378 4621 igitur,
2411 4549 2456 4602 D
2487 4554 2603 4624 πρδ‹

2440 4559 2456 4599 l
2487 4554 2623 4624 πρὸς
2647 4554 2710 4605 τὸ
2741 4553 2902 4622 σῶμα
2930 4553 3028 4605 καὶ
3071 4553 3173 4622 τὴν
3206 4553 3306 4621 μὲν
3325 4550 3370 4580 ⁸⁸
3398 4551 3533 4603 ἰδίαν
3568 4550 3730 4618 φύσιν
3758 4549 3858 4617 τῆς
3885 4548 4060 4617 ψυχῆς

797 4652 858 4696 ut
886 4653 940 4696 et
982 4643 1097 4710 ipse
1135 4645 1320 4698 salvus
1384 4644 1484 4698 ﬁas
1521 4653 1570 4697 et
1638 4643 1868 4699 aliorum
1923 4646 2143 4700 utilitati
2202 4647 2378 4700 inser-

797 4736 937 4796 vias,
969 4735 1112 4788 sicut
1145 4733 1378 4789 Domino
1418 4737 1638 4804 placuit.
1674 4755 1692 4787 ι
1719 4738 1870 4791 Tunc
1901 4738 2054 4792 visus
2092 4753 2215 4791 sum
2256 4748 2377 4791 tan-

797 4844 964 4898 quam
1004 4844 1102 4898 per
1132 4845 1194 4884 os
1216 4831 1524 4900 ingrediens
1549 4841 1603 4884 et
1623 4833 2118 4900 corpus,suseitans
2136 4833 2376 4886 clamare

799 4923 973 4991 cmpi:
1003 4940 1020 4971 ι
1043 4921 1370 4976 Miseremini
1393 4923 1549 4976 mihi.
1578 4941 1596 4974 ι
1623 4923 1887 4978 Omnibus
1914 4933 2095 4978 autem
2124 4939 2374 4994 magnam

801 5012 1221 5080 percipientibus
1267 5011 1578 5076 utilitatem,
1608 5014 1883 5082 magisque
1924 5014 1990 5067 de
2029 5014 2131 5066 bac
2151 5013 2378 5066 terribili

804 5103 1114 5156 narratione
1165 5103 1484 5171 perterritis,
1563 5107 1936 5172 unusquisque
2008 5119 2108 5158 sua
2163 5103 2381 5172 lugebat

2481 4645 2713 4700 ἕὸλεπον
2739 4645 2933 4716 ὥσπερ
2989 4645 3341 4715 μαργαρίτην
3397 4642 3842 4712 ἀστράπτουσαν,
3893 4638 3956 4690 τὸ
4006 4639 4061 4690 δέ

2485 4739 2648 4806 σῶμα
2675 4735 2910 4798 δυσῶδες
2941 4736 3034 4789 καὶ
3061 4734 3486 4806 ἠμαυρωμένον,
3518 4732 3642 4785 ὅθεν
3680 4730 4062 4800 δυσχεραίνον-

2484 4829 2575 4891 τός
2619 4846 2720 4898 μου
2772 4829 2870 4881 καὶ
2930 4829 3183 4896 λέγοντος
3239 4828 3314 4897 μὴ
3361 4826 3624 4879 δύνασθαι
3643 4825 3687 4856 ⁸⁷
3716 4824 3982 4876 είσελθεῖν
4006 4824 4059 4874 ἐν

2486 4922 2638 4989 αὐτῷ
2663 4921 2751 4974 διὰ
2787 4922 2887 4992 τὴν
2917 4921 3157 4989 ζόφωσιν
3209 4920 3377 4973 αὐτοῦ
3434 4919 3530 4972 καὶ
3560 4919 3659 4988 τὴν
3706 4917 3975 4970 δυσωδίαν
3997 4916 4060 4978 ⁸⁵,

2488 5013 2536 5062 οἱ
2562 5011 2618 5062 δὲ
2643 5011 3094 5081 προσηπείλησάν
3123 5027 3214 5079 μοι
3236 5010 3517 5077 λέγοντες·
3549 5025 3569 5060 ι
3597 5007 3661 5060 El
3688 5008 3764 5077 μὴ
3795 5005 4060 5077 εἰσέλθῃς.

2493 5101 2717 5154 πάλιν⁶⁹
2746 5098 3039 5168 ἀπάγομέν
3080 5115 3139 5150 σε
3189 5101 3269 5160 είς
3315 5099 3533 5167 ἐκείνην
3584 5098 3684 5166 τὴν
3727 5096 4060 5164 καταδίκην*

1999 5222 2198 5281 Varia:
2228 5221 2540 5282 lectiones
2570 5227 2632 5282 et
2669 5227 2860 5283 notua.

876 5320 920 5350 ‘“
961 5321 1017 5372 δέ

1056 5337 1158 5392 μου
1181 5320 1431 5392 πάντων.Δ
1456 5321 1549 5375 sed
1567 5337 1680 5375 om.
1717 5339 1818 5391 μου
1837 5323 1977 5376 inter
2005 5324 2229 5389 ἀγαθῶν
2259 5331 2315 5377 et
2349 5319 2525 5392 ἔργων
2555 5321 2617 5376 L.
2717 5322 2764 5354 ⁶⁹

2798 5339 2900 5392 μου
2936 5321 3128 5376 om.L.
3209 5321 3256 5352 ⁵⁰
3290 5337 3672 5392 συγκεχωρητ.
3707 5321 3832 5374 (ξοά-
3913 5322 3956 5351 ’¹
3983 5322 4055 5392 iiii

804 5392 930 5462 (εριΙἶ
980 5390 1050 5462 ,⁵³
1085 5390 1248 5462 πᾲ).ιν
1273 5407 1379 5462 om.
1409 5389 1476 5446 L.
1552 5393 1597 5424 ⁵³
1635 5389 1866 5462 ἀφέντες
1903 5408 1968 5461 με
2022 5389 2433 5462 ἀναπολόγητον
2472 5395 2566 5445 καὶ

2472 5395 2566 5445 καὶ
2605 5393 2679 5462 μή
2728 5389 2812 5446 ιζ
2869 5393 2918 5423 ⁸⁸
2949 5394 3043 5462 κα¹ι
3074 5391 3375 5453 τύπτοντες
3410 5389 3476 5459 με
3508 5389 3827 5462 κατήγαγον
3883 5393 3963 5453 εἰς
3994 5391 4054 5444 li.

804 5461 851 5491 "
891 5458 1263 5532 Ka‘t‘catjtqc
1312 5458 1819 5532 διασκεδασθείσης
1885 5458 2153 5532 κατῆλθον
2211 5461 2272 5514 L.

803 5528 1074 5597 γνοςρεράν
1137 5525 1231 5581 Lf
1345 5530 1391 5561 ⁵⁸
1437 5525 1498 5582 οὗ
1555 5533 1656 5584 οὑκ
1712 5525 1829 5584 ἐστι
1882 5525 2085 5599 φέῖίος
2144 5532 2206 5585 [δ’

2385 5464 2431 5492 ⁸⁸
2459 5462 2554 5514 καὶ
2621 5461 2916 5515 σκοτεινῶν
2963 5461 3061 5514 καὶ
3109 5463 3529 5514 δυσωδιστάτων
3568 5461 3630 5514 L.
3745 5462 3788 5491 ³⁷
3822 5478 3910 5513 σκ.
3970 5463 4057 5512 καὶ

2353 5534 2398 5564 ⁸⁹
2462 5533 2830 5601 ὑποστήσεται
2890 5530 2950 5584 L.

3099 5532 3144 5562 ⁶⁰
3188 5532 3435 5584 διαὸόλου
3482 5532 3577 5583 καὶ.
3626 5531 3736 5583 τῶν
3791 5532 4057 5600 δαιμόνων

805 5600 1120 5671 καταδίκην
1143 5599 1395 5671 ἄπαυστα
1424 5603 1516 5652 καὶ
1545 5603 1943 5671 ἁπαρηγόρητα
1971 5600 2029 5652 L.
2109 5604 2149 5634 ⁶¹
2182 5603 2276 5665 οὓς
2305 5602 2634 5670 δυσωπήσεις
2661 5599 2746 5668 ἐξ.
2775 5619 2843 5671 με
2881 5601 2980 5669 τῆς
3011 5603 3139 5671 (po).
3189 5603 3313 5670 φοδ.
3342 5603 3557 5669 ἐκείνης
3587 5619 3646 5654 τε
3677 5603 3771 5653 καί
3800 5601 3864 5654 L.
3890 5599 3899 5600 ί
3943 5603 3984 5633 ⁶¹
4013 5601 4063 5652 οἶ

803 5684 912 5720 0111.
1145 5670 1286 5749 "En.
1311 5671 1367 5749 δὲ
1399 5674 1462 5739 τῇ
1498 5663 1840 5749 παρακλῇ-σέι
1860 5663 1967 5749 ξκαί
1996 5663 2282 5749 λέγοντος·
2319 5673 2398 5727 ἐλ,
2422 5671 2486 5724 L.
2516 5663 2540 5749 1
2565 5673 2609 5702 “
2633 5663 2875 5740 γνῆσῖως
2900 5663 3218 5749 μὲτεὶνόήσω
3249 5671 3312 5724 L.
3389 5673 3434 5702 ”
3456 5663 3728 5734 ἐπανοξξω
3750 5671 3814 5726 L.
3892 5674 3936 5703 ⁸⁸
3965 5673 4056 5737 μέν

803 5752 910 5788 uni.
936 5735 998 5788 L.

805 5807 1006 5859 εῑσέὶθε
1035 5806 1070 5859 L

1077 5739 1116 5767 ⁵⁷
1139 5737 1392 5792 δύνασθαι
1429 5737 1528 5794 om.
1586 5741 1640 5792 L.

1722 5743 1764 5770 σε
1792 5742 1881 5792 καὶ
1905 5743 2001 5812 τὴν
2031 5744 2294 5795 δυσωδίαν
2355 5759 2464 5798 om.
2525 5741 2583 5795 1,.

2663 5745 2704 5774 δί’
2736 5745 2894 5796 πάλιν
2923 5743 3341 5812 ὑποστρέφεμέν
3394 5759 3450 5794 σε
3482 5746 3559 5805 εἰς
3618 5745 3715 5810 τὴν
3763 5762 3814 5794 κ.
3867 5743 4055 5795 οὐκοῦν
