4244 6440
803 327 914 391 847

2008 322 2329 383 GEORGH
2370 319 2820 379 l'IAMARTOLI

3942 313 4048 377 848

811 451 937 495 runt
976 443 1246 495 habenzet
1271 439 1456 506 lugent
1487 435 1929 492 iuconsolabiles.
1968 435 2172 491 ldcirco
2211 435 2382 488 niaxi-
2413 443 2453 499 Α

2453 432 2657 499 ,πολὺς
2711 432 2805 484 καὶ
2845 431 2874 482 6
2927 430 3149 484 ἐλεῶν⁹¹
3192 430 3400 493 οὐδείς·
3444 433 3697 502 ἐννόησον
3750 433 3856 501 γὰρ
3902 433 4051 494 ὅπως

796 552 894 588 me
925 535 1108 588 felices
1149 532 1383 586 dicimus
1412 531 1590 600 iustos
1625 539 1677 584 et
1721 529 1959 584 infantes
1999 529 2093 597 qui
2132 527 2376 581 moriun-

810 641 931 690 tur,
991 626 1117 693 quia
1177 624 1318 678 calix
1383 623 1576 676 mortis
1627 621 1784 675 nobis
1845 620 2211 691 periculosus,
2266 618 2374 672 illis

801 718 1066 773 salutaris
1131 726 1245 780 cst,
1301 724 1355 771 et
1420 715 1564 784 quod
1624 714 1878 770 omnibus
1930 724 2013 769 est
2077 713 2377 768 formidan-

809 810 975 871 dum,
1048 809 1180 878 ipsis
1241 807 1594 862 desiderabile
1647 816 1764 869 est,
1815 816 1868 862 et
1919 806 2062 876 quod
2124 821 2224 861 nos
2287 805 2376 859 hic

813 902 1074 953 habemus
1109 899 1316 952 timoris
1358 898 1705 967 principium,
1737 897 1869 966 ipsis
1919 906 2002 952 est
2047 896 2374 967 principium

809 990 1036 1054 salutis;
1072 989 1154 1044 sic
1178 988 1290 1044 fere
1315 988 1553 1042 dicentes
1584 1004 1596 1039 :
1637 1003 1654 1036 ι
1677 984 1784 1039 Nos
1819 985 1998 1054 angeli
2023 988 2172 1054 pacis
2199 999 2375 1040 eeor—

810 1095 938 1148 pore
965 1080 1340 1143 deduxerunt;
1380 1092 1478 1132 nos
1534 1077 1740 1144 absque
1795 1090 2028 1131 maerore
2065 1085 2120 1131 et
2172 1076 2376 1145 absque

811 1171 985 1232 ohice,
1015 1171 1187 1223 bonos
1231 1169 1492 1223 habentes
1535 1168 1635 1222 via:
1670 1168 1952 1231 ductores,
1994 1169 2140 1221 aeris
2177 1166 2379 1234 princi-

812 1273 969 1330 patus
1002 1267 1055 1314 et
1082 1266 1383 1329 potestates
1407 1258 1793 1312 transivimus:
1825 1272 1930 1310 non
1969 1261 2112 1310 enim
2155 1257 2377 1310 iuvene-

811 1351 1023 1406 runt‘in
1065 1351 1220 1405 nobis
1249 1349 1391 1418 quod
1417 1349 1731 1418 quaerebant
1760 1358 1855 1401 aut
1882 1348 2200 1418 sperabant,
2230 1346 2377 1400 vide-

811 1452 936 1494 runt
996 1457 1192 1510 purum
1245 1451 1299 1494 et
1355 1439 1762 1494 immaculatum
1814 1453 2014 1508 corpus
2068 1447 2124 1491 et
2163 1435 2375 1492 confusi

809 1539 971 1595 sunt;
1005 1531 1258 1585 viderunt
1302 1531 1565 1584 illibatam
1619 1545 1683 1584 ac
1731 1529 1967 1584 lucidam
2009 1529 2270 1593 animam,
2324 1539 2379 1584 et

808 1623 1179 1687 crubuerunt;
1215 1620 1468 1674 viderunt
1500 1621 1741 1689 linguam
1778 1635 1888 1674 non
1938 1629 2249 1689 corruptam
2276 1636 2375 1674 ne-

2477 522 2616 574 σίσὶν
2646 521 2702 574 αί
2742 520 2915 590 ψυχαὶ
2941 520 3078 572 διότι
3119 520 3533 592 κατεφρόνησαν
3558 519 3651 573 τοῦ
3688 520 3854 588 φόϐου
3872 521 3917 553 ⁹²
3952 521 4047 573 τοῦ

2476 607 2614 662 Θεοῦ
2646 611 2875 664 καὶτῶν
2898 609 3129 663 ἐντολῶν
3153 610 3339 678 αὐτοῦ,
3370 612 3572 680 μικρᾶς
3603 610 3837 674 ἀνέσεως
3863 628 4048 679 παρα-

2479 702 2742 755 καλοῦσαι
2789 705 2975 772 τυχεῖν
3032 703 3128 755 καὶ
3184 704 3260 772 μὴ
3306 704 3695 774 τυγχάνουσαι,
3727 705 3841 759 ἀλλ’
3875 706 3953 765 είς
3981 705 4046 755 τα

2479 795 2812 866 καταχθόνια
2861 797 2964 866 τῆς
3015 798 3118 866 γῆς
3159 796 3457 866 θρηνοῦσαι
3499 797 3598 861 τάς
3638 798 3909 868 ῥᾳθυμίας
3955 799 4047 848 καὶ

2475 887 2575 948 τὶς
2599 887 2817 956 τρυφὰς
2849 889 2944 939 καὶ
2967 887 3066 949 τάς
3106 887 3364 958 πορνείας
3394 889 3574 941 αὐτῶν
3605 891 3700 941 καὶ
3728 889 3825 949 τὰς
3853 888 4042 946 λοιπὰς

2476 979 2815 1046 κακουργίας
2837 1018 2852 1041 ,
2899 977 3137 1046 ἀνόνητα
3182 979 3538 1047 μετανοοῦσιν
3563 982 3646 1047 ἐφ’
3680 974 3760 1041 οἷς
3800 979 4046 1039 κακοῖς⁹¹

2475 1067 2835 1138 διεπράξαντο
2891 1069 2986 1121 καὶ
3036 1067 3327 1122 πενθοῦσιν
3357 1070 3797 1140 ἀπαρηγόρητοι.
3835 1069 3934 1122 Διά
3967 1084 4045 1120 τοι

2474 1161 2634 1213 τοῦτο
2682 1161 2919 1230 μάλιστα
2961 1159 3343 1230 μακαρίζομεν
3368 1162 3494 1222 τοὺς
3521 1159 3764 1222 δικαίους
3802 1161 3895 1212 καὶ
3923 1161 4045 1220 τοὺς

2477 1250 2703 1320 νηπίους
2724 1251 2773 1282 ⁸⁸
2821 1251 3312 1321 ἀποθνήσκοντας,
3365 1252 3555 1322 ἐπειδὴ
3613 1252 3672 1304 τὸ
3729 1251 3859 1319 παρ’
3917 1252 4044 1319 ήμῖν

2478 1344 2735 1412 ποτήριον
2767 1341 2862 1394 τοῦ
2897 1343 3130 1398 θανάτου
3166 1342 3531 1408 ἐπικίνδυνον,
3563 1345 3694 1413 παρ’
3742 1345 3972 1406 ἐκείνοις
4001 1343 4043 1374 ’³

2475 1434 2594 1486 ἐστὶ
2619 1435 2887 1503 σωτήριον
2910 1436 3004 1487 καὶ
3030 1435 3090 1488 τὸ
3124 1436 3277 1505 παρά
3310 1437 3444 1488 πᾶσι
3475 1435 3720 1502 φρικτὸν,
3749 1435 3879 1504 παρ’
3910 1434 4046 1487 ἐκεί-

2477 1543 2586 1586 νοις
2641 1525 3011 1596 ὲπιθυμητόν·
3068 1527 3164 1578 καὶ
3214 1527 3350 1596 ὅπερ
3407 1528 3566 1597 ἡμεῖς
3616 1525 3813 1596 ἔχομεν
3841 1527 4046 1578 ἐκεῖθεν

2475 1618 2649 1687 ἀρχὴν
2705 1618 3000 1688 τιμωρίας,
3029 1618 3157 1688 παρ’
3187 1618 3416 1682 ἐκείνοις
3444 1617 3598 1671 ἐστὶν
3620 1619 3666 1650 ’⁸
3698 1617 3841 1688 ἀρχὴ
3874 1634 4045 1685 σωτη-

807 1729 912 1782 que
963 1715 1205 1769 dolosam
1249 1723 1303 1767 et
1351 1714 1660 1778 siluerunt;
1702 1712 2057 1767 transivimus
2099 1721 2155 1766 et
2193 1712 2374 1781 parvi.

2479 1708 2634 1778 ρίας·
2672 1709 2834 1776 μόνον
2873 1708 2996 1777 οὐχὶ
3037 1709 3288 1778 λέγοντες
3308 1708 3354 1742 ’⁷
3380 1727 3393 1742 ο
3433 1728 3451 1761 ι
3500 1709 3677 1780 Ἠμᾶς
3702 1710 3927 1777 ἄγγελοι
3979 1712 4046 1760 εξ-

807 1806 1063 1859 duximus
1097 1819 1229 1869 eos;
1284 1804 1682 1873 praeterivimus
1732 1815 1786 1859 et
1838 1803 2134 1859 cecinimus
2169 1805 2250 1859 eis
2295 1804 2375 1858 di-
2405 1785 2444 1838 Β

2477 1804 2690 1873 ρηνικοὶ
2721 1803 3051 1874 διεχώρισαν
3091 1807 3155 1856 ὲκ
3182 1805 3274 1858 τοῦ
3307 1804 3556 1872 σώματος
3582 1821 3596 1836 ·
3630 1807 3789 1876 ήμετς
3829 1805 4046 1864 ἀλύπως

807 1906 992 1950 centes
1026 1913 1038 1948 :
1077 1913 1096 1947 ι
1137 1896 1460 1949 Benedictus
1503 1895 1784 1964 Dominus,
1821 1896 1915 1965 qui
1956 1911 2064 1950 non
2101 1895 2251 1950 dedit
2278 1912 2378 1951 nos

2474 1900 2567 1950 καὶ
2604 1897 3015 1967 ἀνεμποδίστως
3068 1896 3424 1967 παρήλθομεν
3473 1898 3574 1962 τὰς
3625 1898 3799 1968 ἀρχὰς
3832 1898 3928 1949 καὶ
3953 1898 4046 1956 τὰς

811 1989 860 2040 in
903 1987 1137 2056 praedam
1185 1988 1443 2042 dentibus
1493 1988 1730 2042 illorum.
1756 2008 1774 2040 ι
1811 2019 1879 2028 -
1919 2007 1937 2039 ι
1962 1987 2213 2058 Laqueus
2250 2002 2380 2042 con-

2475 1987 2721 2054 ἐξουσίας
2771 1986 2866 2040 τοῦ
2923 1987 3107 2058 ἀέρος,
3145 1987 3384 2055 ἀγαθοὺς
3428 1989 3657 2057 ὁδηγοὺς
3707 1988 3959 2057 ἔχοντες·
3990 1988 4045 2037 0-3

809 2081 968 2134 tritus
997 2089 1081 2135 est
1119 2089 1172 2134 et
1206 2095 1304 2134 nos
1338 2080 1553 2134 liberati
1579 2094 1788 2134 sumus.
1825 2099 1843 2132 ›
1898 2078 2049 2136 Unde
2096 2080 2380 2135 obviantes

2475 2083 2585 2153 γὰρ
2614 2077 2771 2152 εὖρον
2800 2084 2859 2135 έν
2889 2083 3020 2152 ἡμῖν
3052 2085 3190 2152 ὅπερ
3205 2082 3252 2113 ’⁸
3277 2082 3509 2153 ἐζήτουν
3539 2083 3572 2152 ἢ
3611 2082 3840 2152 ἤλπιζον
3864 2096 3879 2110 ⁸
3914 2079 4047 2133 εἶδεν

808 2170 984 2238 angeli
1035 2171 1330 2232 exsultant,
1365 2170 1499 2240 justi
1548 2180 1904 2235 concurrunt,
1941 2171 2114 2226 sancti
2142 2171 2383 2240 gaudent

2479 2173 2750 2244 ἀμίαντον
2779 2175 2875 2225 καὶ
2905 2174 3146 2243 καθαρὸν
3191 2173 3253 2224 τὸ
3306 2173 3462 2243 σῶμα
3527 2172 3620 2226 καὶ
3665 2171 4044 2242 ᾐσχύνθησαν

809 2271 862 2314 et
910 2263 1103 2316 aiunt:
1139 2280 1157 2313 ι
1196 2264 1339 2318 Bene
1378 2273 1645 2317 venerunt
1689 2265 1848 2318 amici
1902 2263 2105 2318 Christi
2145 2275 2375 2318 a'tcrno-

2483 2258 2623 2316 εῐδον
2652 2262 2895 2333 ἄφθορον
2935 2264 3030 2315 καὶ
3076 2263 3338 2333 λαμπρὰν
3373 2262 3474 2333 τὴν
3503 2262 3682 2333 ψυχὴν
3709 2263 3806 2315 καὶ
3837 2263 4048 2330 ἐνετρά-

808 2366 1039 2420 rumque
1065 2353 1333 2408 bonorum
1366 2353 1633 2408 haeredes.
1675 2371 1694 2403 ι

2485 2371 2667 2424 πησαν
2689 2369 2703 2384 ⁶
2742 2353 2886 2407 εἶδον
2919 2353 3020 2424 τὴν
3061 2353 3318 2422 γλῶσσαν
3347 2353 3576 2408 ἄσπιλον
3606 2355 3699 2406 καὶ
3730 2353 3917 2407 ἄδολον
3960 2354 4048 2406 καὶ

808 2446 1165 2516 ὲφιμώθησαν
1191 2465 1204 2478 ·
1240 2447 1593 2518 παρήλθομεν
1625 2449 1720 2501 καὶ
1749 2448 2178 2519 ηῦτελίσαμεν⁹⁹
2236 2449 2458 2510 αὐτούς·
2495 2449 2756 2520 διέϐημεν
2795 2451 2862 2502 δι’
2884 2449 3066 2502 αὐτῶν
3129 2451 3220 2503 καὶ
3287 2450 3663 2519 κατεψάλομεν
3714 2451 3898 2503 αὐτῶν
3956 2452 4049 2517 ςά-

810 2553 1032 2599 σκοντες
1053 2538 1067 2565 ¹
1100 2556 1111 2568 :
1153 2538 1486 2606 «Εὐλογητὸς
1519 2538 1745 2608 Κύριος,
1767 2539 1823 2601 ὃς
1851 2541 1950 2592 οὐκ
1985 2539 2186 2592 ἔδωκεν
2205 2541 2352 2609 ἡμᾶς
2392 2539 2473 2603 εις
2505 2540 2677 2611 θήραν
2706 2541 2821 2602 τοῖς
2845 2539 3057 2592 ὀδοῦσιν
3078 2538 3256 2590 αὐτῶν
3279 2556 3326 2589 οι
3349 2567 3420 2577 —-
3442 2539 3512 2606 «ἡ
3547 2544 3711 2605 παγὶς
3740 2538 4045 2605 συνετρίϐη,

807 2630 902 2682 καὶ
952 2630 1109 2699 ἡμεῖς
1162 2631 1584 2702 ὲρῤύσθημενσ²
1645 2651 1663 2683 ι
1706 2631 1828 2684 ὅθεν
1897 2635 1994 2686 καὶ
2035 2635 2084 2686 oi
2154 2632 2664 2704 προσαπατῶντες⁸
2707 2632 2929 2700 ἄγγελοι
2967 2631 3222 2701 ἐχαιρογδ
3265 2630 3468 2702 (149ιι),
3529 2629 3724 2682 δίκαιοι
3775 2629 4048 2697 κατησπέ-

809 2723 982 2784 ζοντο,
1012 2723 1147 2775 ὅσιοι
1169 2723 1190 2754 ⁸
1218 2727 1611 2794 συνετέρποντο
1636 2723 1885 2793 λέγοντες
1908 2740 1981 2799 ’τοι
2013 2724 2211 2788 Καλῶς
2253 2721 2425 2795 ἦλθον
2463 2725 2514 2776 oi
2558 2724 2703 2792 φίλοι
2736 2724 2829 2776 τοῦ
2859 2725 3093 2793 Χριστοῦ
3124 2725 3218 2776 καὶ
3251 2723 3358 2776 τῶν
3390 2722 3627 2775 αίωνίων
3680 2722 3903 2789 ἀγαῦῶν
3927 2721 4045 2789 κλη-

808 2812 1048 2884 ρονόμοι.
1085 2833 1103 2866 ι
2791 2816 2798 2824 ’

877 2887 1139 2962 Similiter
1166 2919 1345 2963 autem
1377 2919 1431 2964 et
1463 2909 1778 2981 Gregorius,
1811 2912 2119 2982 Theologus
2172 2915 2374 2978 dictus,

2555 2909 2576 2938 ⁸
2617 2908 2694 2976 (2)
2744 2908 2855 2960 Καὶ
2901 2907 3085 2976 μέντοι
3111 2908 3204 2961 καὶ
3252 2909 3279 2960 6
3313 2907 3413 2978 τῆς
3452 2907 3730 2974 θεολογίας
3765 2907 4048 2976 ἐπώνυμος

794 3000 1162 3069 ,in.epitaphio
1214 3001 1435 3055 Caesarii
1487 3002 1673 3056 fratris
1702 3005 1825 3057 ait:
1869 3022 1888 3056 ι
1919 3001 2105 3060 Fidem
2154 3006 2376 3074 sapien-

2481 3000 2783 3072 Γρηγόριος
2812 3002 2869 3055 ὲν
2898 3001 2975 3071 τῷ
3004 3000 3278 3071 ἐπιταφίῳ
3310 2999 3407 3053 τοῦ
3436 3002 3668 3070 ἀδελφοῦ
3719 3003 4047 3072 Καισαρείου

810 3075 932 3146 tum
955 3093 1301 3147 sermonibus
1347 3094 1542 3160 habeo,
1572 3094 1720 3162 quod
1768 3098 1948 3150 omnis
1997 3098 2177 3150 anima
2234 3076 2448 3152 bonac

2480 3090 2714 3160 φάσκει·
2759 3108 2778 3140 ι
2805 3091 3071 3160 ιῐείθομαι
3123 3093 3304 3160 σοφῶν
3343 3093 3546 3161 λόγοις,
3587 3096 3669 3147 ὅτι
3712 3097 3864 3147 πᾶσα
3907 3095 4050 3162 ψυχῆ

809 3183 1010 3250 Deique
1037 3183 1234 3245 amica,
1267 3193 1554 3252 postquam
1580 3185 1827 3254 corporis
1858 3186 2090 3247 vinculis
2121 3188 2376 3254 liberata,

808 3273 973 3325 rebus
1035 3272 1267 3326 terrenis
1320 3274 1620 3341 eximitur,
1679 3276 1865 3329 statim
1926 3269 1989 3331 in
2043 3278 2375 3333 conscientia

807 3359 1126 3429 visioneque
1183 3360 1680 3429 ipsam‘manentis
1738 3364 1866 3418 boni
1922 3364 2159 3433 devenit,
2217 3374 2375 3438 quasi

805 3451 948 3517 quod
977 3453 1239 3504 obscurat
1265 3450 1565 3505 clariﬁcato
1594 3452 1676 3506 vel
1722 3452 1985 3522 deposito,
2034 3455 2220 3509 nescio
2246 3457 2378 3524 quid

805 3543 874 3595 sit
905 3540 1215 3605 dicendum,
1273 3543 1579 3597 mirabilem
1631 3549 1921 3613 quamdam
1977 3546 2378 3616 iucunditatem

805 3633 972 3685 sentit
1003 3642 1056 3685 et
1082 3623 1339 3698 exsultat,
1392 3634 1731 3703 libenterque
1775 3636 1923 3689 vadit
1952 3638 2018 3689 ad
2055 3653 2213 3692 suum
2267 3639 2376 3693 Do-

805 3724 1038 3788 minum,
1090 3733 1410 3792 przesenlem
1461 3724 1624 3779 vitam
1676 3737 1736 3780 ut
1770 3728 2059 3796 quemdam
2100 3745 2374 3786 carcerem

806 3817 999 3868 durum
1042 3815 1377 3884 relinquens,
1409 3824 1464 3870 et
1491 3817 1863 3874 circumdatas
1898 3822 2177 3876 excutiens
2227 3835 2376 3877 catc-

807 3921 925 3970 nas,
956 3907 1155 3975 quibus
1183 3907 1527 3975 cogitationis
1555 3909 1668 3968 ,alae.
1713 3912 2200 3992 p|;:epediebarittir,
2231 3923 2286 3967 et
2321 3915 2374 3967 in

807 3997 1192 4066 imaginatione
1218 3999 1618 4067 quodammodo
1641 3996 1768 4069 jam'
1801 4012 2082 4057 reservata
2121 4003 2377 4063 felicitate

806 4086 1025 4141 fruitur.
1065 4107 1084 4139 ι
1310 4137 1336 4174 μ

876 4249 994 4303 Non
1048 4263 1207 4303 secus
1256 4258 1435 4302 autem
1484 4264 1714 4319 magnus
1762 4250 2097 4308 Athanasius
2153 4254 2206 4308 in
2258 4255 2374 4312 Vita

809 4342 984 4395 sancti
1020 4341 1240 4395 Antonii
1275 4341 1453 4394 dicit:
1493 4359 1512 4393 ι
1551 4341 1686 4396 Cum
1723 4343 1788 4397 ad
1823 4345 2012 4398 horam
2065 4361 2267 4401 nonam
2317 4358 2377 4402 ut

811 4439 994 4485 oraret
1050 4431 1405 4494 ascendisset,
1467 4430 1703 4500 seipsum
1752 4445 1932 4488 mente
1979 4437 2150 4491 sensit
2199 4433 2453 4493 eleva-D

811 4531 962 4584 tum;
996 4530 1050 4574 et
1078 4522 1401 4576 mirabiliter
1427 4533 1611 4576 astans
1657 4539 1777 4577 sese
1819 4533 2076 4594 tanquam
2123 4537 2276 4582 extra
2324 4545 2385 4585 se

811 4613 1048 4679 positum
1090 4611 1225 4665 vidit
1270 4622 1324 4665 et
1363 4623 1621 4681 tanquam
1679 4613 1732 4666 in
1788 4629 1916 4668 aera
1974 4631 2005 4670 a
2055 4618 2381 4685 quibusdam

811 4702 1103 4758 abductum
1128 4717 1142 4766 ;
1178 4702 1374 4757 deinde
1397 4717 1620 4758 severos
1648 4703 1912 4772 quosdam
1938 4720 2002 4760 ac
2032 4709 2298 4764 terribiles
2328 4712 2382 4766 in

812 4809 936 4847 aere
971 4803 1181 4848 stantes
1234 4796 1545 4862 ipsumque,
1610 4808 1677 4847 ne
1728 4797 2052 4863 praeteriret,
2117 4799 2381 4868 impedire

813 4884 1075 4938 volentes.
1107 4883 1438 4939 Ductoribus
1498 4892 1678 4938 autem
1743 4889 2240 4957 propugnantibus,
2301 4893 2379 4946 illi

2481 3182 2622 3249 καλή
2653 3198 2712 3233 τε
2739 3181 2834 3233 καὶ
2858 3181 3132 3252 θεοφιλὴς,
3150 3183 3371 3235 ἐπειδὰν
3403 3185 3496 3236 τοῦ
3523 3185 3820 3254 συνδέσμου
3834 3185 4048 3237 λυθεῖσα

2479 3269 2756 3338 σώματος,
2800 3269 2952 3338 (τῶν)
2988 3269 3196 3322 ἐνθένδε
3227 3270 3542 3340 ἀπαλλαγῇ,
3571 3271 3734 3332 εὐθὺς
3773 3274 3829 3324 ἐν
3872 3289 4051 3323 συναι-

2479 3360 2670 3430 σθήσει
2696 3360 2793 3413 καὶ
2828 3360 3036 3430 θεωρία
3067 3361 3161 3413 τοῦ
3197 3362 3452 3430 μένοντος
3498 3363 3668 3432 αὐτὴν
3701 3361 3869 3415 καλοῦ
3908 3365 4052 3428 γίνεο

2476 3468 2565 3502 ται
2609 3452 2652 3514 ⁷,
2702 3451 2799 3504 ἀτε
2854 3451 2948 3504 τοῦ
3000 3452 3420 3516 ἐπισκοτοῦντος
3487 3455 3968 3522 ἀνακαθαρθέντος
4014 3456 4045 3522 ἢ

2476 3541 2842 3605 ἀποτεθέντος
2871 3543 3112 3595 ⁸-οῦκ
3165 3540 3263 3597 οἶδ’
3311 3545 3396 3596 ὅτι
3446 3545 3542 3597 καὶ
3599 3545 3780 3612 λέγειν
3832 3546 3938 3616 χρὴ
3985 3575 4051 3584 -

2478 3632 2796 3701 θαυμασίαν
2836 3633 2960 3686 τινὰ
2998 3634 3192 3704 ἡδονήν
3248 3635 3435 3705 ἥδεται
3482 3635 3579 3689 καὶ
3617 3635 3913 3703 ἀγάλλεται
3958 3636 4051 3687 καὶ

2477 3724 2635 3787 ἵλεως
2660 3723 2824 3794 580
2845 3728 3013 3795 χωρεῖ
3042 3726 3178 3794 πρὸς
3199 3726 3290 3779 τὸν
3316 3728 3513 3797 ἑαυτῆς
3543 3729 3830 3797 δεσπότην,
3864 3727 4050 3797 ὥσπερ

2475 3832 2529 3867 τι
2559 3815 2931 3886 δεσμωτήριον
2978 3817 3217 3885 χαλεπὸν
3261 3818 3354 3871 τὸν
3402 3819 3638 3872 ἐνταῦθα
3692 3820 3806 3888 βίον
3857 3821 4052 3873 ἀπολι-

2477 3907 2656 3960 ποῦσα
2689 3909 2783 3960 καὶ
2814 3908 2914 3970 τάς
2968 3897 3364 3979 περικειμένας
3412 3912 3824 3980 ἁποσεισαμένη
3857 3913 4051 3976 πέδας,

2477 3999 2568 4068 ὑφ’
2594 3992 2668 4051 ὧν
2689 4000 2750 4052 τὸ
2777 4000 2876 4070 τῆς
2904 4001 3143 4064 διανοίας
3167 4004 3369 4072 πτερὸν
3412 4003 3753 4064 καθείλκετο,
3796 4006 3892 4056 καὶ
3939 3999 4051 4056 οἷον

2476 4091 2578 4160 ήδη
2606 4093 2672 4161 τῇ
2708 4091 2977 4162 φαντασίᾳ
3005 4094 3312 4164 καρποῦται
3341 4094 3439 4164 τὴν
3463 4095 3840 4164 ἀποκειμένην
3875 4112 4050 4163 μακα-

2478 4186 2701 4251 ριότητα
2737 4184 2778 4235 ⁸.
2793 4200 2812 4233 ι

2551 4275 2594 4305 ’⁸
2621 4273 2698 4344 (⁵)
2736 4275 2971 4343 Ὁμοίως
2999 4275 3058 4327 δὲ
3119 4277 3214 4330 καί
3239 4279 3267 4330 6
3302 4276 3479 4347 μέγας
3516 4278 3836 4341 Ἀθάνασιος
3878 4279 3937 4329 ὲν
3977 4280 4055 4347 τῷ

2479 4361 2579 4433 βίῳ
2606 4365 2698 4416 τοῦ
2740 4367 2900 4433 ἀγίου
2953 4367 3243 4421 ’Δντωνίου
3295 4369 3481 4436 λέγει’
3531 4371 3836 4432 «Ἀναστὰς
3875 4371 3914 4399 ¹¹
3974 4371 4054 4430 είς

2479 4458 2787 4526 προσευχήν
2820 4457 2950 4528 περὶ
2979 4457 3127 4529 ὥραν
3175 4457 3218 4511 θ’
3253 4460 3448 4528 ήσθετο
3490 4462 3683 4513 ἑαυτὸν
3731 4463 4055 4530 ἁρπαγέντα

2482 4545 2547 4612 τῇ
2582 4545 2791 4617 διανοίᾳ
2815 4562 2828 4575 ο
2876 4548 2973 4600 καὶ
3006 4548 3323 4616 παραδόξως
3363 4553 3404 4582 ⁹¹
3436 4551 3606 4614 ἑστὼς
3640 4550 3873 4604 ἔϐλεπεν
3922 4555 4057 4615 ἑαυ-

2480 4633 2576 4685 τὸν
2601 4635 2790 4705 ὥσπερ
2821 4637 3022 4703 ἔξωθεν
3044 4638 3241 4691 ἑαυτοῦ
3276 4642 3565 4710 γενόμενον
3593 4643 3686 4696 καὶ
3719 4642 3794 4704 ὡς
3840 4645 3920 4705 εἰς
3935 4637 4056 4694 *τὸν

2479 4723 2618 4793 ἀέρα
2647 4726 3090 4796 ἀφοδηγούμενον
3123 4730 3166 4760 ¹⁸
3202 4729 3308 4782 ὑπό
3334 4747 3516 4796 τινων,
3542 4728 3660 4783 εἶτα
3695 4735 3931 4802 πικροὺς
3961 4735 4054 4784 καὶ

2478 4813 2688 4878 δεινοὺς
2720 4818 2960 4880 ἑστῶτας
2988 4821 3045 4871 ἑν
3077 4819 3154 4889 τῷ
3199 4821 3320 4888 ἀέρι
3357 4826 3449 4874 καὶ
3501 4822 3756 4884 θέλοντας
3797 4823 3841 4852 ³⁸
3890 4824 4054 4875 αὐτὸν

2486 4906 2728 4961 κωλῦσαι
2757 4909 2798 4942 ¹¹
2824 4909 2967 4963 ὥστε
3009 4911 3084 4981 μὴ
3130 4911 3401 4982 διαὸἦναι.
3457 4914 3577 4968 Τῶν
3608 4915 3663 4966 δὲ
3713 4914 4052 4984 ὀδηγοὺντων

1983 5028 2187 5088 νει-ἰῶ
2215 5029 2521 5099 lectiones
2561 5047 2624 5102 et
2665 5051 2856 5106 notua.

883 5175 931 5208 ιι
976 5174 1034 5227 σο
1061 5173 1436 5246 λύων-οὐδείς·
1499 5175 1623 5246 ιννίε
1677 5174 1783 5246 γὰρ

812 5243 876 5300 L.
974 5247 1019 5279 ⁸⁵
1042 5244 1312 5316 -νηπίῳς
1343 5246 1465 5299 cod.
1580 5244 1624 5316 θ’
1650 5243 1807 5316 ,παρ’

1844 5177 1961 5255 πῶς
1996 5181 2061 5255 ιὲ.
2098 5181 2157 5234 ἐν
2205 5183 2336 5253 ᾅδου
2394 5187 2456 5255 ψ.
2506 5188 2572 5242 L.
2679 5193 2725 5223 "

1891 5249 2122 5332 ἐκείνοις
2181 5249 2642 5332 ἐπαινετδνμκαὶ-
2710 5263 2757 5314 6.
2796 5249 2869 5332 ’ή.
2940 5268 2986 5318 ὲ.

3785 5198 3833 5229 ’³
3865 5199 4052 5257 κακῶς

3615 5268 3660 5298 ⁹⁶
3706 5268 3858 5319 ἐστίν
3917 5270 4050 5320 civi-

2783 5210 2845 5259 φ.
2906 5195 3002 5249 καὶ
3051 5198 3151 5265 τῆς
3183 5196 3291 5250 ὲντ.
3324 5195 3420 5249 τοῦ
3450 5195 3586 5265 Θεοῦ
3614 5196 3673 5249 L.

3054 5264 3133 5326 εἰς
3177 5268 3257 5326 είς
3311 5267 3374 5317 ὲκ
3448 5264 3509 5320 L.

812 5330 1010 5406 Ζταησις
1129 5313 1134 5314 ⁷
1179 5315 1222 5346 ³⁷
1243 5314 1465 5406 ιλέγονλτ.
1502 5315 1624 5406 ςοό.
1650 5313 1891 5406 λέγουσι.
1968 5319 2014 5351 ³⁸
2037 5319 2180 5401 ἅπερ
2222 5323 2306 5387 ἐξ.
2340 5328 2433 5380 καὶ

2459 5327 2590 5406 ὴλπ.
2621 5329 2684 5406 L_.
2714 5403 2725 5406 _
2748 5313 3532 5406 ⁷ο·ἔξαιῖοίρἧἱτιὶσᾷᾗενῖᾇ.
3609 5323 3625 5366 ⁸
3657 5313 3761 5391 Ps:

813 5386 833 5461 ξ
857 5382 1212 5461 Ξρρύςθημεν
1240 5383 1489 5461 ἐντεῦθεν

813 5453 967 5504 ’Τοῦ
996 5453 1257 5519 Θεολόγου
1304 5456 1390 5507 ed.
1436 5453 1781 5509 Coloniensis
1835 5456 1993 5516 1690,
2031 5458 2071 5511 Ι.

819 5522 867 5555 ⁸ο
897 5522 1002 5573 Τοῦ
1042 5521 1198 5588 ἁγίου
1241 5522 1554 5575 Ἀθανασίου
1605 5525 1693 5578 eti.
1750 5524 1861 5578 Col.
1889 5527 2045 5582 1686.
2081 5521 2253 5586 ΙΙ’488
2287 5533 2348 5589 ι).

1681 5384 1702 5414 ³
1729 5384 2221 5456 προσαπαντῶντες
2248 5384 2371 5450 cod.
2403 5406 2456 5450 et
2484 5384 2553 5451 'L.

2141 5476 2196 5529 p.
2250 5462 2352 5518 175
2399 5464 2463 5519 C.

2659 5402 2680 5432 ‘
2711 5403 2792 5471 ἐχ.
2821 5403 3044 5469 ἄγγελοι
3074 5402 3142 5456 LL

3259 5407 3280 5436 ⁸
3313 5408 3361 5458 ό.
3401 5423 3519 5458 συν.
3553 5407 3806 5472 ἀγγέλοις
3847 5407 3963 5475 λεγ.
3987 5405 4049 5458 L.

2564 5470 2581 5542 ',
2607 5470 2873 5542 γενομένη
2902 5473 2996 5528 Gr-
3073 5474 3148 5542 ’ἡ

3192 5473 3286 5530 Gr.
3355 5477 3410 5546 _’
3445 5479 3825 5546 μακαριότητα
3850 5473 3960 5530 om.
3989 5475 4051 5528 ι..

2453 5537 2494 5567 ¹¹
2542 5537 2709 5614 Ἀ-λ.
2733 5537 2958 5614 Μέλλων
2983 5545 3089 5610 γάρ
3113 5537 3240 5596 ποτε
3280 5537 3478 5597 ἐσθίειν
3497 5546 3524 5595 6
3545 5537 3800 5614 Os'ocpéoo;
3853 5545 4053 5599 Ἀντώ-

1527 5594 1613 5687 ὼ..ι
1639 5593 1882 5687 θέρίους]
1933 5597 2002 5687 ιι.¹
2030 5603 2287 5660 amittens
2328 5605 2453 5674 ήοθε

2453 5624 2547 5663 ετο.
2611 5591 2668 5639 λ’
2700 5591 3470 5685 έέρἆδᾶξοῦῙιιίῗῖίόἐήῖζ
3499 5591 4048 5687 Ᾱὶιῖἓιῖἇὲηγῗὼἶι.

818 5662 860 5692 ⁸⁵
887 5661 1144 5716 θελόντων
1170 5661 1346 5716 τοίνυν
1367 5664 1488 5717 Atb.
1569 5666 1613 5696 ¹⁵
1647 5661 1881 5720 κωλύειν
1904 5669 2024 5723 cod.
