4244 6440
254 395 361 457 849

1428 387 1889 449 ΟἩΒΟΝΙΕΟΝ.
1926 410 1993 425 -·
2034 391 2177 448 LIB.
2222 391 2317 450 IV.

3394 391 3518 453 850'

254 504 698 573 διαμαχομένων,
740 499 982 570 ἀπῄτουν
1014 500 1213 552 ἐκεῖνοι
1249 498 1430 565 λόγον,
1460 501 1506 550 εἰ
1541 501 1615 567 μὴ
1669 496 1832 551 ὑπεύ-
1860 496 1911 556 Α

1822 525 1832 536 -
1860 496 1911 556 Α
1937 500 2203 554 rationem
2238 497 2611 568 requirebant,
2644 516 2823 557 annon
2844 502 2978 572 ipsis
2998 503 3318 558 tributarius
3340 515 3498 557 esset.

255 594 413 657 θυνος
440 594 623 656 αὐτοῖς
661 592 745 664 εἴη
773 611 787 624 ·
848 593 1188 662 βουλομένων
1227 586 1321 644 οὖν
1363 592 1543 644 αὐτῶν
1597 592 1830 658 συνᾶραι

257 685 415 751 λόγον
439 683 547 736 ἀπὸ
584 686 683 754 τῆς
711 685 1019 751 γεννήσεως
1056 683 1243 745 αὑτοῦ,
1268 682 1343 735 ὀύ
1393 682 1730 751 συνεχώρουν
1781 682 1829 733 οἱ

256 774 349 825 τὸν
392 774 674 826 ’Λντώνιον
704 774 1025 843 ὁδηγοῦντες
1052 790 1064 805 ·
1108 794 1126 827 t
1160 774 1240 826 Τά
1274 774 1376 844 μὲν
1398 776 1438 806 ⁸⁵
1460 775 1566 827 ἀπὸ
1586 773 1683 841 τῆς
1710 788 1831 839 γεν-

254 865 467 932 νήσεως
504 864 689 929 αὐτοῦ,
720 866 990 934 λέγοντες,
1014 868 1042 919 6
1068 868 1273 936 Κύριος
1310 866 1643 933 ἀπήλειψεν.
1684 865 1826 931 ἅφθη

253 948 317 1007 οὗ
333 956 390 1008 δέ
419 956 611 1024 γέγονε
648 957 881 1027 μοναχδς
905 956 1098 1027 καὶτῷ
1115 957 1235 1026 Θεῷ
1262 955 1517 1009 συνέθετο
1540 955 1602 1018 ¹⁸,
1626 953 1830 1019 ἐξέστω

253 1048 480 1115 ποιῆσαι
510 1046 686 1114 λόγον.
720 1065 737 1098 ι
770 1048 901 1116 (Καὶ
930 1048 1018 1118 δὴ)
1051 1048 1173 1100 τότε
1217 1046 1669 1117 κατηγορούντων
1710 1045 1828 1113 (αύ-

253 1135 372 1205 τοῦ)
424 1136 519 1189 καὶ
571 1137 646 1208 μὴ
677 1139 1033 1208 ἐλεγχόντων,
1079 1138 1337 1208 ἐλευθέρα
1363 1139 1588 1206 γέγονεν
1636 1138 1668 1207 ἡ
1712 1138 1830 1200 ὁδὸς

256 1226 405 1295 αύτῷ
438 1229 532 1281 καὶ
562 1229 863 1293 ἀκώλυτος.
896 1231 1004 1284 Καὶ
1033 1230 1199 1293 εὐθὺς
1229 1225 1371 1283 εἶδεν
1410 1230 1604 1283 ἐαυτὸν
1647 1230 1687 1261 ¹⁹
1723 1230 1831 1284 ὦσ-

254 1333 366 1388 περ
398 1321 697 1389 ἐρχόμενον
724 1322 805 1385 είς
833 1322 1029 1375 ἐαυτὸν
1060 1322 1153 1375 καὶ
1184 1321 1278 1375 τοῦ
1314 1322 1411 1391 μὲν
1462 1324 1657 1390 φαγεῖν
1704 1323 1831 1373 ἐπε-

254 1406 470 1469 λάθετο,
520 1408 702 1478 ἐμεινε
747 1412 848 1481 (δέ)
891 1412 951 1465 τδ
998 1411 1186 1467 λοιπὸν
1245 1413 1345 1482 τῆς
1391 1414 1609 1483 ἡμέρας
1646 1416 1739 1466 καὶ
1787 1416 1829 1445 ⁸⁸

254 1497 386 1566 ὅλης
429 1499 527 1566 τῆς
582 1502 776 1565 νυκτὸς
830 1502 1122 1573 εὐχόμενος
1161 1508 1255 1559 καὶ
1290 1506 1593 1568 στενάζων.
1635 1504 1829 1558 Ἐθαύ-

259 1590 400 1657 μαζε
429 1592 470 1622 ¹¹
497 1591 553 1644 δέ
575 1591 922 1662 λογιζόμενος
955 1595 1090 1665 πρὸς
1114 1595 1300 1658 ποίους
1328 1595 1479 1647 ἐστὶν
1510 1597 1541 1667 ἡ
1565 1594 1712 1666 πάλη
1739 1597 1833 1650 καὶ

255 1680 347 1732 διὰ
377 1680 560 1736 πόσων
606 1684 783 1737 πόνων
833 1684 945 1756 ἔχει
993 1703 1079 1750 τις
1119 1685 1374 1753 διαϐῆναι
1417 1687 1509 1739 τὸν
1549 1687 1689 1756 ἀέρα
1738 1687 1831 1739 καὶ

255 1771 668 1841 ἐμνημόνευσεν
700 1776 781 1827 ὅτι
821 1776 978 1830 τοῦτό
1009 1778 1180 1840 ἐστιν,
1214 1777 1242 1830 ὂ
1266 1778 1453 1845 ἐλεγεν
1486 1779 1831 1840 ἀπόστολος¹¹

261 1864 437 1917 «κατὰ
478 1865 569 1917 τὸν
617 1865 859 1937 ἄρχοντα
901 1870 999 1936 τῆς
1046 1866 1295 1931 ἐξουσίας
1346 1867 1439 1920 τοῦ
1481 1867 1677 1938 ἀέροςι
1706 1885 1717 1897 ·
1777 1871 1836 1921 ἐν

254 1954 433 2025 τούτῳ
463 1951 574 2028 γὰρ
605 1959 632 2011 6
672 1960 869 2028 ἐχθρὸς
898 1959 1011 2029 ἔχει
1050 1960 1152 2031 τὴν
1195 1959 1449 2030 ἐξουσίαν
1501 1962 1557 2013 ἐν
1616 1958 1692 2031 τῷ
1735 1961 1838 2031 μά-

256 2047 448 2131 χεσθαι
473 2050 569 2102 καὶ
586 2052 880 2122 πειρᾶσθαι
916 2052 1235 2106 διακωλύειν
1279 2052 1406 2114 τοὺς
1434 2051 1835 2123 διερχομένους.

256 2139 381 2193 ὅθεν
410 2142 454 2173 ’³
492 2142 729 2212 μάλιστα
762 2144 995 2213 παρῄνει
1034 2144 1209 2211 λέγων
1230 2145 1297 2173 ³⁸·
1339 2162 1357 2195 t
1380 2144 1704 2198 ’Δναλάϐετε
1729 2146 1834 2214 τὴν

258 2233 564 2286 πανοπλίαν
593 2234 686 2289 τοῦ
721 2234 877 2299 Θεοῦ,
912 2236 999 2290 ἵνα
1050 2235 1338 2305 (δυνηθῆτε
1388 2236 1712 2305 ἀντιστῆναι
1765 2239 1834 2306 τῇ

256 2327 441 2398 ἡμέρα
472 2330 538 2399 τῇ
563 2331 841 2401 πονηρᾷ»,
869 2332 1035 2399 ὅπως)
1092 2330 1260 2402 μηδὲν
1309 2332 1450 2402 ἔχων
1494 2334 1523 2385 6
1564 2331 1758 2404 ἐχθρὸς
1792 2332 1837 2363 ⁸⁸

260 2419 439 2486 λέγειν
469 2423 599 2492 περὶ
633 2422 790 2492 ἡμῶν
828 2421 1032 2490 φαῦλον
1086 2424 1466 2495 καταισχυνθῇ
1508 2425 1555 2456 ⁸⁸
1586 2440 1600 2456 ·
1639 2454 1710 2465 -
1748 2424 1839 2477 Διὸ

255 2512 438 2565 τοίνυν
467 2514 764 2578 ἀνενδότως
816 2516 1164 2587 ἐπιμένωμεν
1199 2519 1243 2549 ⁸⁷
1276 2519 1342 2587 τῇ
1398 2518 1630 2587 ἀσκήσει
1674 2518 1718 2549 ³⁸
1753 2534 1837 2585 γι-

256 2601 560 2665 ιώσκοντες
591 2604 697 2669 ὅτι,
734 2605 831 2657 ἐὰν
890 2607 1020 2675 μίαν
1065 2606 1281 2675 ἡμέραν
1331 2604 1724 2676 ἀμελήσωμεν,
1775 2606 1836 2657 ού

254 2694 345 2746 διὰ
376 2695 465 2747 τὸν
502 2696 846 2766 παρελθόντα
879 2699 1072 2766 χρόνον
1114 2699 1247 2767 ἡμῖν
1279 2699 1649 2769 συγχωρήσει,
1701 2698 1837 2751 ἀλλά

265 2783 356 2836 διὰ
390 2786 487 2855 τὴν
521 2786 781 2855 ἀμέλειαν
808 2788 967 2858 581
1005 2789 1126 2842 καθ’
1154 2789 1313 2859 ἡμῶν
1348 2792 1376 2843 6
1406 2790 1539 2851 Θεὸς
1586 2791 1834 2857 ἀγανακ-

255 2875 413 2945 τήσει
448 2877 671 2945 μᾶλλον.
707 2878 862 2931 Οὕτω
888 2882 997 2948 γαρ
1028 2880 1085 2932 ἐν
1111 2879 1190 2949 τῷ
1228 2880 1493 2951 Ἰεζεκιὴλ
1524 2882 1570 2914 ²⁹
1597 2882 1838 2950 ἡκούσα-

261 2982 395 3033 μενι
431 2967 574 3021 οὕτω
600 2969 694 3023 καὶ
741 2970 944 3035 Ἰούδας
969 2972 1012 3002 ³ο
1047 2971 1303 3025 ἀπώλεσε
1339 2972 1429 3025 διά
1480 2972 1655 3027 νύκτα
1707 2973 1837 3043 μίαν

258 3054 383 3106 ὅλου
410 3054 502 3108 τοῦ
536 3057 904 3128 παρελθόντος
931 3060 1125 3130 χρόνου
1148 3062 1238 3114 τὸν
1260 3063 1508 3132 κάματον
1533 3078 1547 3093 ο
1582 3062 1701 3115 ούδέ
1728 3064 1837 3132 γὰρ

258 3148 294 3242 6
318 3148 510 3219 ἐχθρὸς
542 3151 699 3220 ἡμῶν
736 3153 933 3221 ἀμελεῖ
978 3155 1077 3222 τῆς
1119 3154 1239 3242 καθ’
1275 3154 1487 3225 ἡμέραν
1532 3156 1572 3187 ³¹
1616 3154 1837 3224 φροντίο
1866 3184 1909 3242 C

260 3236 374 3299 ζων
403 3242 675 3306 ἀπωλείας
698 3244 952 3308 πάντοτε,
984 3247 1078 3298 καὶ
1117 3232 1211 3299 ἐάν
1244 3246 1285 3277 ³⁸
1314 3246 1650 3316 ἀμελοῦντας
1686 3248 1837 3316 ἡμᾶς

260 3332 505 3404 εὑρήσει,
550 3336 925 3407 σφοδροτέρως
955 3338 1257 3393 ἐπιτίθεται
1284 3356 1296 3368 ·
1335 3340 1412 3400 είς
1436 3339 1492 3391 δέ
1522 3339 1585 3391 τὸ
1623 3338 1699 3409 μὴ
1728 3339 1839 3392 ὀλι-

263 3426 464 3491 γωρεῖν
494 3426 664 3496 ἡμᾶς,
691 3426 860 3480 καλὸν
900 3430 961 3480 τὸ
996 3427 1355 3482 ἀποστολικὸν
1376 3427 1540 3498 ῥητὸν
1564 3430 1654 3481 ἀεὶ
1672 3429 1715 3459 ³³
1746 3446 1841 3497 με·

261 3512 423 3582 λετᾷν
470 3515 551 3546 ³⁸·
618 3514 783 3568 «Καθ’
835 3516 1050 3587 ἡμέραν
1131 3517 1466 3588 ἀποθνήσκω
1491 3536 1535 3571 ι.
1583 3519 1680 3569 Ἂν
1731 3518 1840 3587 γὰρ

262 3604 423 3672 ἡμεῖς
456 3605 531 3669 ώς
560 3605 997 3675 ἀποθνήσκοντες
1030 3608 1151 3661 καθ’
1172 3610 1387 3679 ἡμέραν
1425 3608 1599 3670 οὕτως
1633 3607 1838 3677 ζῶμεν,

262 3695 360 3763 οὐχ
398 3696 818 3767 ἀμαρτήσομεν.
858 3698 1014 3753 Ἐστι
1045 3698 1101 3753 δὲ
1147 3699 1208 3752 τὺ
1236 3696 1533 3767 λεγόμενον
1576 3697 1839 3752 τοιοῦτον·

263 3786 384 3839 Ἵνα
414 3788 540 3840 καθ’
560 3788 773 3859 ἡμέραν
799 3790 1140 3862 ἐγειρόμενοι
1188 3791 1262 3862 μὴ
1294 3791 1607 3861 νομίζωμεν
1628 3790 1674 3822 ⁸⁸
1704 3791 1843 3859 φθά-

262 3893 381 3929 νειν
406 3878 507 3949 τὴν
540 3880 778 3950 ἑσπέραν
810 3884 905 3935 καὶ
956 3882 1118 3935 πάλιν
1168 3883 1457 3952 μέλλοντες
1491 3883 1535 3914 ³⁸
1561 3882 1845 3935 ἀνακλίνε-

270 3969 399 4022 σθαι
435 3970 605 4041 (150⁸)
640 3971 715 4042 μὴ
756 3973 1087 4042 ἐγείρεσθαι.
1140 3974 1295 4029 Μετά
1327 3976 1386 4030 δέ
1424 3976 1597 4030 ταῦτα
1632 3976 1673 4008 ⁸⁷
1726 3975 1845 4029 δια-

266 4064 463 4129 λέξεως
493 4064 642 4134 αὐτῷ
670 4082 800 4119 ποτε
831 4066 1132 4135 γενομένης
1176 4068 1316 4136 πρός
1368 4084 1522 4130 τινας
1576 4068 1707 4139 περὶ
1745 4067 1847 4135 τῆς

265 4156 544 4224 διαγωγῆς
568 4155 667 4226 τῆς
697 4156 877 4228 ψυχῆς
899 4158 993 4211 καλ⁵
1024 4160 1174 4221 ποῖος
1201 4159 1339 4229 μετὰ
1363 4160 1463 4230 τὴν
1495 4160 1847 4231 ἀναχώρησιν

267 4245 424 4297 ἐσται
462 4245 599 4316 αὐτῇ
629 4247 814 4312 τόπος,
846 4251 911 4317 τῇ
946 4248 1072 4317 ἐξῆς
1126 4248 1281 4302 νυκτὶ
1327 4251 1483 4303 καλεῖ
1535 4268 1621 4314 τις
1686 4251 1849 4304 αὑτὸν

268 4336 474 4391 ἀνωθεν
503 4338 708 4405 λέγων·
750 4339 1008 4403 «Ἔξελθε
1046 4340 1113 4405 ³⁸,
1163 4340 1434 4411 Ἀντώνιε,
1480 4344 1575 4396 καὶ
1611 4343 1795 4413 βλέπε.
1823 4362 1841 4396 ι

270 4432 376 4483 Καὶ
397 4431 461 4501 δὴ
496 4432 727 4496 ἐξελθὼν
766 4433 859 4485 καὶ
884 4432 1195 4502 ἀναϐλέψας
1243 4432 1347 4487 εἶδέ
1380 4451 1504 4487 τινα
1544 4434 1756 4504 μακρὸν
1802 4434 1846 4466 ³⁸

1939 590 2202 645 Volebant
2230 592 2395 661 igitur
2429 591 2496 646 ab
2526 593 2697 661 ipsius
2732 596 3012 648 nativitate
3042 595 3310 649 rationem
3351 609 3503 662 qum-

1934 699 2086 750 rere;
2120 687 2216 740 sed
2242 686 2336 755 qui
2360 686 2633 741 ducebant
2664 688 2962 742 Antonium
2984 702 3089 740 non
3115 688 3506 755 permiserunt.

1932 779 2221 834 dicentes:
2262 798 2281 831 (
2316 779 2389 833 Ea
2430 781 2648 849 quidem
2700 795 2824 849 quae
2867 780 2935 833 ab
2996 780 3169 848 ipsius
3225 778 3504 832 nativitate

1932 877 2078 933 sunt,
2114 870 2377 925 Dominus
2408 871 2629 927 delevit.
2662 873 2741 926 Ex
2773 886 2883 941 quo
2917 885 3043 924 vero
3074 871 3248 924 factus
3276 878 3360 923 est
3389 883 3505 921 mo-

1932 960 2142 1015 nachus
2168 969 2222 1015 et
2270 960 2379 1015 Deo
2407 960 2644 1021 dicatus.
2697 964 2859 1018 liceat
2906 962 3133 1017 reddere
3180 960 3499 1013 rationem.»

1933 1051 1997 1104 Et
2028 1059 2158 1105 tunc
2184 1052 2289 1105 illis
2317 1052 2737 1107 criminantibus
2768 1054 2943 1121 ipsum
2968 1062 3021 1105 et
3047 1067 3151 1106 non
3176 1051 3506 1104 convincen-

1933 1142 2095 1204 tibus,
2127 1142 2229 1211 ipsi
2272 1143 2438 1198 libera
2465 1153 2518 1197 et
2555 1154 2739 1213 aperta
2794 1144 2876 1197 via
2908 1144 3044 1197 facta
3088 1153 3189 1196 εει.
3228 1142 3290 1194 Et
3320 1142 3502 1194 statim

1934 1233 2284 1302 semetipsum
2320 1244 2576 1302 tanquam
2623 1235 2688 1287 ad
2738 1250 2796 1289 se
2843 1242 3204 1288 revertentem
3250 1234 3403 1295 vidit,
3453 1240 3507 1286 et

1935 1322 2085 1378 cibos
2126 1339 2345 1380 sumere
2385 1341 2495 1380 non
2543 1326 2950 1391 recordabatur,
3020 1324 3113 1379 sed
3160 1324 3368 1393 reliquo
3420 1326 3509 1375 dic

1935 1424 2149 1484 totaque
2183 1429 2342 1472 nocte
2378 1418 2640 1473 remansit
2670 1434 2834 1473 orans
2865 1427 2918 1473 ct
2946 1432 3189 1488 gemens.
3214 1416 3508 1470 Mirabatur

1934 1519 2115 1565 autem
2138 1517 2397 1578 reputans
2426 1510 2690 1565 adversus
2727 1510 2919 1580 quales
2949 1509 3205 1563 inimicos
3238 1508 3309 1562 sit
3338 1507 3510 1562 collu-

1934 1600 2124 1665 CIatio,
2161 1613 2376 1653 necnon
2407 1614 2502 1668 per
2538 1614 2678 1667 quos
2711 1600 2928 1653 labores
2976 1598 3174 1651 habeat
3217 1596 3339 1663 quis
3382 1609 3510 1646 aera

1935 1687 2340 1756 trajiciendum,
2375 1696 2428 1742 et
2457 1688 2779 1743 recordatus
2808 1695 2892 1742 est
2912 1687 3017 1741 hoc
3041 1700 3163 1740 esse
3194 1685 3339 1753 quod
3379 1683 3515 1736 dixit

1937 1778 2252 1844 Apostolus,
2296 1796 2315 1829 ι
2341 1778 2639 1834 secundum
2670 1778 2968 1847 principem
3000 1774 3287 1845 potestatis
3306 1773 3505 1828 aeris.»

1940 1866 1994 1919 In
2026 1866 2131 1923 hoc
2170 1868 2316 1921 enim
2362 1875 2682 1936 potestatem
2721 1866 2883 1920 habet
2915 1865 3171 1919 inimicus
3201 1874 3258 1917 ut
3314 1873 3515 1931 pugnet

1939 1970 1991 2015 et
2015 1968 2244 2015 conetur
2271 1959 2532 2028 impedire
2555 1967 2932 2023 transeuntes;
2968 1957 3110 2011 unde
3132 1955 3369 2010 maxime
3387 1956 3519 2009 hor-

1939 2061 2082 2107 tatur
2124 2052 2308 2107 dicens
2342 2050 2633 2120 Apostolus
2667 2067 2720 2104 :t
2758 2050 3002 2117 Accipite
3031 2058 3365 2103 armaturam
3419 2044 3512 2098 Dei

1940 2152 2001 2197 ut
2028 2143 2249 2212 possitis
2282 2141 2538 2198 resistere
2559 2144 2612 2196 in
2638 2141 2727 2197 die
2755 2141 2920 2203 malo,
2958 2159 2976 2193 ι
3009 2141 3081 2195 ita
3120 2148 3179 2193 ut
3211 2137 3349 2192 nihil
3399 2153 3516 2191 om-

1940 2236 2067 2290 nino
2129 2235 2334 2291 habens
2397 2235 2689 2289 adversum
2740 2248 2837 2288 vos
2891 2233 3145 2288 inimicus
3202 2232 3512 2287 erubescat.

1938 2324 2124 2396 itaque
2156 2326 2275 2381 sine
2298 2325 2624 2380 remissione
2648 2339 3057 2394 perseveremus
3090 2324 3143 2377 in
3175 2323 3334 2378 bonis
3352 2337 3511 2377 exer-

1937 2419 2105 2483 citiis,
2128 2418 2384 2481 scientes,
2414 2418 2694 2486 quoniam,
2724 2417 2767 2472 si
2805 2432 2972 2471 unttm
3008 2417 3150 2471 diem
3184 2416 3520 2485 negligentes

1941 2527 2153 2574 sumus,
2183 2526 2290 2564 non
2320 2510 2391 2563 ob
2443 2510 2776 2578 prteteritnm
2826 2520 3042 2579 tempus
3094 2508 3363 2577 ignoscet,
3423 2509 3517 2562 sed

1940 2612 2158 2672 propter
2184 2602 2572 2671 negligentiam
2628 2600 2917 2655 adversum
2978 2614 3079 2653 nos
3139 2598 3280 2653 Deus
3343 2598 3519 2669 magis

1941 2695 2225 2749 irascetur.
2262 2693 2354 2747 Sic
2391 2693 2537 2748 enim
2584 2692 2636 2747 in
2684 2691 2932 2747 Ezechiel
2964 2691 3319 2757 audivimus;
3355 2691 3433 2746 sic
3469 2702 3524 2745 et

1939 2784 2107 2841 Judas
2137 2785 2188 2839 in
2220 2800 2327 2840 una
2356 2795 2518 2840 nocte
2551 2785 2720 2839 totius
2762 2785 3019 2854 praeteriti
3063 2782 3324 2853 temporis
3367 2783 3522 2837 labo-

1942 2890 2057 2929 rem
2080 2874 2333 2944 perdidit.
2359 2873 2477 2929 Non
2504 2874 2648 2928 enim
2669 2873 3032 2944 praetermittit
3050 2873 3304 2926 inimicus
3333 2881 3521 2926 noster

1941 2968 2074 3038 quin
2115 2967 2360 3037 quatidie
2400 2967 2759 3037 perditionem
2801 2977 3045 3021 nostram
3095 2965 3410 3028 meditetur,
3445 2972 3523 3026 et,

1940 3061 1983 3116 si
2016 3060 2352 3129 negligentes
2406 3074 2507 3115 nos
2540 3058 2833 3121 invenerit,
2867 3067 2996 3113 tunc
3025 3056 3322 3111 violentius
3353 3056 3527 3124 impe-

1942 3153 2029 3205 tit.
2076 3149 2144 3206 Ut
2198 3161 2378 3205 antem
2423 3165 2529 3204 non
2576 3150 2848 3205 incuriose
2892 3164 3140 3217 agamus,
3192 3147 3394 3201 bonum
3439 3156 3526 3200 est

1944 3242 2150 3297 dictum
2181 3240 2539 3311 apostolicum
2564 3256 2778 3312 semper
2825 3240 3076 3295 meditari
3128 3257 3143 3294 :
3209 3258 3227 3291 ι
3266 3236 3524 3304 Quotidie

1945 3334 2169 3389 morior.
2204 3352 2223 3384 ι
2264 3332 2320 3388 Si
2356 3335 2502 3387 enim
2553 3348 2655 3387 nos
2711 3331 2868 3400 quasi
2927 3330 3170 3400 quotidie
3220 3329 3524 3383 morientes

1944 3426 2023 3481 sic
2054 3425 2307 3490 vivimus,
2347 3438 2453 3479 non
2513 3422 2894 3494 peccabimus;
2931 3430 2984 3477 et
3021 3420 3125 3476 tale
3152 3430 3236 3476 est
3267 3418 3401 3474 illud
3442 3419 3528 3472 di-

1944 3528 2116 3580 ctum,
2154 3528 2215 3572 ut
2248 3517 2491 3587 quotidie
2511 3516 2798 3586 vigilantes
2827 3529 2934 3569 non
2966 3522 3216 3584 putemus
3242 3527 3525 3582 vesperam

1945 3615 2231 3683 attingere,
2272 3628 2373 3667 nec
2428 3624 2648 3667 rursum
2700 3608 2995 3665 recubituri
3042 3621 3267 3676 surgere
3322 3606 3529 3675 c0gite-

1944 3719 2089 3760 mus.
2132 3702 2383 3758 Posthac
2422 3709 2632 3764 autem,
2668 3700 2853 3754 habito
2890 3700 2958 3753 ab
2997 3698 3117 3768 ipso
3163 3712 3286 3753 cum
3322 3697 3525 3766 aliqui-

1946 3796 2049 3851 bus
2084 3795 2359 3863 colloquio
2406 3794 2475 3847 de
2519 3791 2753 3846 transitu
2794 3789 2992 3845 animae
3036 3799 3090 3844 et
3129 3788 3198 3844 de
3258 3788 3389 3844 loce-
3432 3787 3529 3857 qui

1948 3896 2072 3957 post
2097 3885 2302 3940 exitum
2355 3884 2406 3938 ei
2453 3882 2670 3937 iuturus
2719 3891 2820 3947 est,
2868 3889 3027 3935 nocte
3065 3879 3315 3950 sequenti
3369 3888 3533 3934 vocat

1949 3979 2075 4049 quis
2107 3992 2233 4032 eum
2279 3975 2517 4046 desuper
2565 3974 2793 4030 dicens:
2827 3990 2845 4025 ι
2885 3972 3176 4043 Egredere,
3214 3970 3437 4036 Antoni,
3476 3982 3531 4025 et

1950 4070 2091 4125 vide.
2132 4086 2151 4121 ι
2189 4066 2257 4123 Et
2286 4083 2410 4122 cum
2440 4081 2692 4137 egressus
2720 4063 3045 4135 aspexisset,
3076 4062 3209 4117 vidit
3237 4062 3530 4132 qnemdaut

1951 4170 2175 4232 aspectu
2206 4162 2431 4232 longum
2463 4169 2518 4215 et
2551 4160 2848 4215 terribilem
2882 4164 3143 4221 stantem,
3177 4167 3231 4211 et
3260 4156 3527 4226 quosdam

1952 4254 2307 4309 ascendentes
2345 4251 2499 4324 quasi
2528 4252 2841 4307 sublevatos
2867 4251 2991 4311 alis,
3035 4258 3089 4303 et
3129 4248 3280 4302 illum
3333 4262 3531 4301 manus

1952 4344 2355 4406 extendentem,
2413 4349 2468 4396 et
2516 4341 2655 4395 alios
2698 4340 2919 4409 quidem
2964 4338 3033 4393 ab
3079 4337 3171 4391 illo
3220 4336 3533 4405 impeditos.

1954 4437 2091 4490 alios
2124 4446 2302 4490 autem
2364 4432 2779 4502 supervolantes
2837 4439 2892 4484 et
2932 4434 3148 4484 tandem
3198 4443 3389 4482 secure
3442 4442 3534 4480 sn-

173 4869 181 4875 .
274 4801 759 4873 ὕπεριπτωμινους
808 4802 904 4857 καὶ
966 4805 1286 4875 ἀμερίμνως
1328 4803 1515 4857 λοιπὸν
1576 4801 1851 4870 ἀναγομέ·

267 4526 347 4595 τῷ
363 4526 491 4579 εῖδει
522 4526 618 4579 καὶ
660 4526 893 4597 φοϐερὸν
919 4527 1154 4589 ἑστῶτα,
1184 4527 1575 4584 ἀναϐαίνοντας
1610 4529 1668 4580 δέ
1699 4543 1848 4590 τινας
1876 4536 1929 4595 1)

1876 4536 1929 4595 1)
1957 4524 2268 4595 praduetos.
2298 4524 2363 4578 Et
2397 4537 2564 4592 super
2595 4523 2681 4576 his
2710 4523 2931 4592 quidem
2966 4534 3230 4590 procerus
3262 4518 3350 4571 ille
3399 4516 3533 4570 den-

271 4619 458 4689 ὦσπερ
488 4620 926 4691 ἐπτερωμένους,
955 4621 1209 4675 κάκεῖνον
1253 4621 1564 4674 ἐκτείνοντα
1591 4621 1688 4683 τὰς
1734 4622 1849 4689 χεῖ-

1961 4617 2105 4672 tibus
2135 4615 2419 4681 fremebat,
2452 4614 2546 4669 sed
2582 4628 2745 4684 super
2792 4612 3168 4666 delabentibus
3216 4609 3532 4671 imitabatur;

274 4730 378 4782 ρας
410 4713 500 4766 καὶ
530 4713 657 4777 τοὺς
692 4714 792 4783 μὲν
828 4714 1205 4784 κωλυομένους
1240 4712 1371 4783 παρ’
1402 4711 1592 4777 αὑτοῦ,
1626 4714 1752 4775 τοὺς
1795 4711 1851 4765 δέ

1959 4716 2013 4763 et
2043 4706 2183 4761 facta
2206 4714 2291 4761 est
2313 4720 2419 4759 vox
2447 4703 2637 4759 dicens
2678 4718 2693 4756 :
2738 4721 2756 4754 ι
2787 4700 2997 4772 Reputa
3047 4701 3250 4764 visum,
3275 4698 3529 4752 Antoni.)

1962 4799 2048 4862 Et,
2085 4805 2272 4867 aperta
2325 4796 2429 4866 ipsi
2485 4793 2861 4864 intelligentia,
2911 4792 3170 4860 cognovit
3225 4791 3533 4844 animarum

273 4908 426 4957 νους·
460 4894 555 4948 καὶ
575 4895 667 4949 ἐπὶ
699 4896 798 4966 μὲν
829 4898 942 4960 τοῖς
970 4895 1234 4960 τοιούτοις
1258 4895 1439 4967 ἐτριζε
1464 4895 1593 4957 τοὺς
1632 4894 1852 4955 ὀδόντας

1958 4906 2079 4946 esse
2133 4889 2446 4953 transitum,
2504 4900 2899 4956 procerumque
2955 4893 3193 4937 stantem
3251 4882 3532 4936 inimicum

274 4990 303 5042 6
331 4989 543 5060 μακρὸς
572 4991 797 5055 ἐκεῖνος,
842 4989 937 5044 ἐπὶ
994 4989 1051 5043 δέ
1096 4991 1207 5054 τοῖς
1246 4989 1650 5043 ἀποπίπτουσιν
1700 4986 1852 5057 ἔχαι-

1958 4983 2175 5054 generis
2207 4981 2380 5036 nostri
2412 4980 2712 5045 diabolum,
2745 4976 2958 5047 quisibi
2988 4976 3265 5045 subjectos
3300 4974 3533 5044 prehen-

1438 5123 1632 5184 Varite
1655 5120 1963 5184 lectiones
2004 5126 2067 5179 et
2106 5122 2296 5179 notaa.

354 5248 398 5331 ξσ
428 5245 739 5331 λ.’ἐκείιεοις
771 5244 1043 5331 κρηιεςτά
1086 5245 1184 5331 μέν
1235 5246 1358 5330 Atlt.
1462 5243 1598 5325 η-ἐξ
1639 5242 1764 5331 μὴ.
1875 5242 1917 5275 ⁸⁸
1939 5238 2415 5331 ἐπηγγιείλμτιοιτῷ
2444 5237 2718 5331 Θεῴἑὶη.
2899 5234 2998 5319 καὶ.
3041 5232 3177 5331 πῖδξ
3278 5231 3489 5331 ἐστύζτῇ
3521 5245 3536 5259 ·

280 5321 377 5373 καὶ
768 5291 1402 5387 δῐῶξ”’Ᾰξτιῐκῖιό;”ἷόὲε
1463 5291 1598 5383 τῷἾ
1785 5330 1843 5380 φ.
2095 5291 2502 5387 ἐπιλαθόμενος
2536 5291 2699 5387 ίᾼιιι.
2758 5305 3008 5387 “"hxu't
3073 5291 3170 5356 δι”
3202 5305 3267 5387 6-
3300 5301 3533 5387 v.“Atlt.

282 5371 325 5424 δ’
374 5388 455 5443 Ἑ.
515 5386 625 5457 γὰρ
670 5371 903 5455 ’βλέπων
951 5404 1010 5441 π.
1082 5371 1283 5457 πόσους
1356 5371 1525 5457 Atlt._'
1560 5371 1631 5457 ης
1660 5371 1935 5457 Ephfdtt,‘

1856 5371 2051 5457 tt,‘2.V
2094 5381 2140 5457 ξ³
2193 5380 2263 5431 δι’
2320 5371 2472 5457 ὅκαί
2526 5380 2657 5457 ΑιΙιΖ
2726 5378 2804 5457 ’³⁵
2867 5373 3007 5457 Epit.
3077 5388 3147 5457 vt‘,
3203 5372 3319 5456 l5...
3363 5372 3411 5457 ς’
3446 5371 3532 5457 ἐχ.

283 5478 349 5517 π.
488 5440 548 5525 φῖ
594 5440 743 5528 ’ὁ-’ἐ.
802 5456 931 5528 All).
1000 5440 1006 5441 ⁷
1055 5456 1150 5528 7“_
1178 5440 1550 5525 καταισχυνθῇ
1706 5440 1756 5528 Ἀ
1820 5452 1863 5484 ³⁷
1903 5440 1959 5528 ἐς

1861 5453 1863 5460 ⁷
1903 5440 2295 5528 νέπιμείν-ωμεν
2346 5449 2468 5528 cn_d.
2539 5518 2580 5528 η
2614 5448 2658 5479 ’³
2690 5448 2866 5528 “ἀ..γ.
2914 5440 2969 5528 “ε’5
3022 5459 3075 5528 τι
3122 5445 3179 5528 ἐν
3225 5441 3323 5528 μιᾷ
3353 5440 3537 5528 ἡμέρᾳ

285 5488 349 5517 π.
385 5488 435 5528 η.
488 5488 548 5525 γ.
619 5488 647 5509 υ
697 5488 743 5513 ι.
802 5488 929 5508 mu.
1180 5488 1550 5525 κυιιυιιυχυννη
1611 5488 1671 5507 υ.
1921 5488 1945 5503 ε

285 5528 476 5596 ἀμ.Ι..
551 5528 595 5559 ¹⁹
635 5526 726 5580 Ez.
773 5525 967 5596 “1.20.
1048 5526 1257 5582 "Gen.
1312 5540 1540 5581 xxxvnt.
1619 5525 1664 5596 ³ν¹
1696 5524 1798 5593 τῆς
1864 5521 1961 5596 καθ

2504 5518 2580 5596 _"
2620 5488 3082 5596 καὶ-’ἀμίΑ

286 5580 536 5668 ῖέᾶὲῗμ.
574 5599 626 5666 ρ.
678 5598 740 5651 L.
774 5580 779 5581 ν
840 5580 885 5629 δ’
912 5580 935 5649 l
958 5580 1088 5653 Cor.
1118 5580 1215 5653 xiv.
1439 5598 1485 5628 "
1524 5580 1840 5668 νομίζοντες
1860 5592 1939 5668 ὅθ’
1963 5580 2339 5668 ἐωςςέσπέρᾲς
2372 5589 2468 5668 καὶ
2501 5589 2591 5668 ὅτε
2618 5606 2674 5657 μ.
2716 5580 3176 5668 κοιμηθῆναικμή

296 5648 553 5745 derivaret;
574 5648 724 5745 Ἴῐτρθζις
757 5668 930 5745 ςύτόν-
968 5668 1102 5723 Alli.
1137 5669 1176 5699 ³⁷
1209 5648 1383 5722 ταύτα
1411 5668 1537 5720 Alli.
1590 5648 2182 5745 ⁵³⁸”Ἐ«ιξ..’τοίνυνξζῇδει
2237 5648 2347 5745 γάρ
2387 5658 2531 5745 τίσιν
2568 5648 3535 5745 ὑποίξούείνξῲειὲεγκαὶχέθξώριηὲε

289 5721 420 5865 Atii;
497 5721 644 5863 “'31.;
670 5721 942 5864 ἀετιδῆΛκμὶ
1144 5721 1531 5807 καιφθάνοντα
1568 5738 1726 5808 μέχρι
1756 5721 1864 5790 ⁴ἰών
1896 5721 2139 5802 νεφελῶν
2170 5721 2261 5784 καῖ
2292 5721 2377 5785 ἀν.
2412 5730 2537 5785 Atlt.
2574 5727 2732 5784 -16
2764 5726 2855 5780 καὶ
2894 5721 3198 5785 διελθόντας
3235 5722 3284 5775 λ.
3323 5722 3379 5775 ἁ.
3404 5721 3536 5773 ἀνά-

290 5829 389 5865 γισ
428 5827 517 5865 αι·
594 5829 648 5863 tt.
692 5828 781 5863 ουν
903 5827 939 5863 ι.

290 5813 517 5873 γισθαι·
558 5812 648 5863 ἐπὶ
692 5808 781 5863 οὖν
815 5811 939 5864 Alli.
