4244 6440
328 412 437 474 853

1493 413 1952 473 CIIRONICOV.
1991 439 2057 449 —
2098 416 2241 475 LIB.
2292 415 2383 475 IV.

3455 419 3563 480 854

326 544 410 579 τοι
440 527 471 595 ἦ
514 528 729 591 ἐκεῖνοι,
766 526 971 597 ταύτην
1007 526 1415 593 ἀποκομίσωσιν
1474 525 1893 594 φυλαχθησομέ-

1928 535 1967 595 Α
1998 527 2049 579 in
2076 527 2477 596 quojudicandi
2503 528 2837 583 adstalrimus
2863 544 3070 589 omnes,
3106 543 3155 583 ct
3175 530 3296 584 inde
3312 531 3377 583 ad
3404 544 3556 584 a-tcr-

328 635 429 685 νην
469 617 511 647 ⁸⁷
543 616 649 678 ἕως
675 617 780 685 τῆς
817 615 1137 679 τελευταίας
1161 616 1408 685 εκρίσεως
1431 616 1497 679 ⁸⁸,
1544 616 1665 668 καθ’
1701 616 1768 685 ἣν
1822 617 1901 678 είς

328 708 512 778 κρίσιν
539 708 1007 778 παραστησόμεθα
1034 706 1196 778 583
1222 708 1444 770 πάντες,
1478 708 1558 768 είς
1580 706 1678 775 τὴν
1703 706 1749 739 ⁸⁸
1768 706 1898 759 αίώ-

326 816 439 854 νιον
461 798 609 870 ζωήν
644 816 703 852 τε
739 800 836 853 καὶ
896 801 1202 854 ἀνάπαυσιν
1256 800 1288 868 ἢ
1337 800 1418 862 είς
1467 799 1566 867 τὴν
1595 799 1898 867 ἀπέραντον

329 890 502 957 φλόγα
563 890 744 959 (1501))
797 890 890 944 τοῦ
946 891 1117 961 πυρὸς
1170 890 1620 961 ἀπαχθησόμεθα,
1672 891 1807 959 ὅπερ
1864 892 1893 943 ό

327 981 460 1043 θεὸς
494 980 813 1051 βουλόμενος
858 982 1136 1047 ὑποδεῖξαι
1167 982 1253 1036 διά
1278 999 1422 1045 τινος
1450 983 1621 1035 τύπου
1659 997 1901 1049 σωματι-

326 1068 451 1134 κοῦ,
481 1070 902 1139 παρεσκεύασεν
927 1072 987 1124 ἐν
1011 1073 1077 1141 τῇ
1107 1070 1200 1123 τοῦ
1230 1070 1504 1133 Μωῦσέως
1529 1071 1755 1141 τελευτῇ
1794 1086 1899 1137 φα-

329 1161 487 1228 νῆναι
514 1160 607 1213 τὸν
641 1161 985 1232 ἀρχάγγελον
1028 1164 1251 1232 Μιχαὴλ
1307 1163 1719 1232 διακρινόμενον
1771 1163 1899 1231 περὶ

327 1250 425 1303 τοῦ
455 1250 705 1321 σώματος
734 1252 898 1306 αὑτοῦ
928 1254 1023 1306 καὶ
1052 1255 1143 1307 τὸν
1192 1256 1428 1325 πονηρὸν
1467 1254 1897 1325 ἀντιπράττοντα

325 1343 557 1413 δαίμονα
573 1347 668 1399 καὶ
701 1346 875 1416 τούτῳ
897 1353 990 1401 τὸν
1012 1349 1230 1418 Μιχαὴλ
1267 1347 1469 1415 ἀγαθὸν
1507 1347 1738 1415 ἄγγελον
1768 1348 1897 1401 ὄντα

327 1440 782 1509 προσυπαντῆσαι
837 1442 929 1496 καὶ
968 1443 1330 1510 ἀποσοϐῆσαι,
1388 1440 1525 1494 ἀλλά
1556 1440 1653 1510 ’τῷ
1704 1441 1897 1511 Κυρίῳ

326 1528 437 1580 τῶν
465 1530 602 1582 ὅλων
632 1534 1036 1602 παραχωρῆσαι
1083 1534 1185 1602 τῆς
1226 1533 1347 1586 κατ’
1385 1532 1596 1585 ἐκείνου
1622 1532 1854 1601 κρίσεως
1880 1548 1893 1561 ·

326 1618 479 1683 ὅπως
506 1622 595 1675 διά
616 1622 806 1676 τούτου
855 1624 901 1656 ⁷ο
935 1624 1218 1694 μάθωμεν,
1257 1626 1333 1687 ὡς
1390 1625 1507 1677 ἐστι
1561 1641 1644 1686 τις
1688 1623 1898 1691 ἀγωνία

326 1712 426 1779 τῆς
455 1712 631 1783 ψυχῆς
671 1714 808 1783 μετά
834 1715 933 1783 τὴν
954 1714 1133 1780 ἔξοδον
1164 1715 1259 1769 καὶ
1288 1716 1368 1768 ὅτι
1399 1715 1505 1785 χρὴ
1526 1714 1614 1767 διά
1634 1714 1743 1767 τῶν
1764 1716 1897 1781 ἀγα-

2001 634 2124 671 nam
2152 620 2313 671 vitam
2344 629 2396 673 et
2421 620 2663 688 requiem
2694 620 2775 671 vel
2808 621 2871 672 ad
2912 637 3200 688 perennem
3239 621 3378 687 ignis
3414 622 3562 673 nulli-

2002 725 2144 762 mam
2179 710 2513 763 abducemur
2547 727 2559 763 :
2597 711 2741 779 quod
2771 709 2910 765 Deus
2935 713 3116 779 aliquo
3148 721 3271 781 typo
3298 713 3563 779 corporali

1999 802 2308 871 significare
2336 802 2542 865 volens,
2602 806 2805 869 paravit
2869 804 2921 856 in
2981 802 3147 872 Moysi
3179 813 3350 857 morte
3373 804 3561 865 videri,

2000 893 2314 948 Michaelem
2345 893 2727 961 archangelum
2759 898 2826 949 de
2849 910 3075 962 corpore
3098 896 3230 963 :ejus
3282 896 3565 961 disputau-

2000 994 2129 1049 tem,
2175 995 2223 1038 et
2258 1000 2482 1054 pravum
2514 985 2811 1041 daemonem
2844 988 3330 1047 contradicentem,
3372 996 3425 1039 et
3476 984 3563 1038 isti

1996 1075 2199 1129 bonum
2234 1076 2483 1146 angelum
2522 1075 2833 1131 Michaelem
2868 1089 3268 1138 occurrentem,
3328 1091 3564 1144 eumque

1995 1166 2049 1219 in
2105 1165 2283 1235 fugam
2323 1167 2632 1235 pellentem,
2692 1169 2784 1222 sed
2838 1169 3081 1223 omnium
3143 1168 3370 1222 Domino
3417 1168 3561 1235 judi-

1994 1257 2137 1312 cium
2186 1257 2448 1312 adversus
2488 1259 2637 1313 illum
2676 1260 3095 1328 permittentem.
3151 1260 3253 1313 Per
3314 1260 3415 1310 hoc
3465 1270 3565 1309 nos

1994 1351 2238 1405 ediscere
2272 1351 2484 1405 volebat
2518 1349 2809 1421 quamdam
2845 1350 3044 1403 anima:
3069 1350 3413 1403 luctationem
3442 1360 3566 1400 esse

1995 1450 2117 1510 post
2144 1442 2347 1495 exitum
2390 1456 2598 1510 nosque
2624 1440 2819 1495 debere
2856 1440 3015 1495 bonis
3070 1439 3328 1507 operibus
3384 1434 3563 1504 parari

1994 1534 2060 1587 ad
2099 1533 2452 1589 obtinendam
2485 1534 2851 1602 evangelicam
2892 1534 3266 1587 defensionem
3303 1530 3567 1584 adversus

1994 1625 2269 1679 daemones
2307 1625 2399 1693 qui
2429 1639 2653 1694 prorsus
2706 1624 2972 1677 invidiose
3027 1636 3320 1691 amareque
3374 1628 3565 1674 contra

1996 1730 2096 1769 nos
2119 1714 2375 1770 fremunt.
2412 1735 2430 1766 ι

328 1802 439 1855 θῶν
464 1803 642 1875 ἔργων
677 1806 1062 1875 ἐτοιμαζέσθαι
1083 1808 1218 1877 πρὸς
1272 1808 1335 1860 τὸ
1392 1808 1493 1877 τῆς
1553 1805 1962 1874 εύαγγελικῆςν¹
1999 1807 2148 1877 ημᾶς
2210 1807 2491 1877 ἐπιτυχεῖν
2556 1807 2895 1877 συμμαχίας,
2943 1806 3049 1861 τῶν
3109 1806 3375 1876 δαιμόνων
3447 1795 3566 1856 καθ’

327 1894 484 1963 ⁴ἡμῶν
513 1896 899 1965 ἐπιτριζόντων
919 1898 1196 1968 φθονερῶς
1222 1898 1317 1952 καὶ⁵
1343 1900 1554 1967 πικρῶς
1577 1900 1655 1961 είς
1685 1898 1884 1951 ἅπαν.»

398 1986 445 2018 ’³
476 1986 551 2057 (7)
578 1988 740 2056 Λέγει
765 1989 858 2042 οῦν
888 1992 980 2044 καὶ
1004 1993 1033 2045 ό
1066 1992 1239 2062 μέγας
1272 1993 1612 2062 όμολογητὴς
1640 1988 1894 2060 Μάξιμος

1928 1994 1965 2049 Β
2067 1986 2204 2041 Dicit
2230 1987 2393 2040 etiam
2428 2000 2656 2054 magnus
2689 1985 2971 2041 confessor
3012 1985 3276 2039 Maximus
3311 1987 3376 2039 ad
3406 1987 3573 2041 Joan-

326 2078 463 2147 πρὸς
496 2078 757 2144 Ἰωάννην
804 2081 1252 2153 κουϐικουλάριον
1287 2099 1301 2115 ·
1351 2082 1511 2147 «Τίς,
1558 2080 1893 2152 ἀγαπητὲη,

326 2168 439 2221 τῶν
470 2171 601 2223 κατ’
632 2172 735 2242 ἐμὲ
772 2172 961 2242 ρύποις
1002 2175 1047 2204 ⁷⁸
1086 2174 1507 2245 ἁμαρτημάτων
1537 2173 1901 2243 κατεστιγμέ-

325 2281 415 2325 νος
434 2266 494 2317 οὐ
522 2265 770 2332 φοϐεῖται
792 2267 891 2336 τὴν
918 2268 1028 2322 τῶν
1058 2270 1229 2337 ἀγίων
1249 2271 1498 2339 ἀγγέλων
1514 2271 1805 2324 ἐπίστασιν
1828 2270 1898 2333 ’⁸,

326 2354 417 2423 ὑφ’
448 2349 523 2409 ὧν
557 2356 700 2411 κατά
725 2358 876 2412 θείαν
908 2359 1087 2430 ψῆφον
1115 2361 1214 2432 τῆς
1240 2362 1288 2396 ’⁸
1341 2362 1488 2430 ζωῆς
1520 2363 1582 2415 τὸ
1617 2363 1791 2433 πέρας
1816 2362 1899 2414 δε-

325 2445 579 2516 χόμενος,
622 2450 711 2519 βίᾳ
768 2452 865 2505 τοῦ
924 2454 1175 2523 σώματος
1233 2458 1349 2525 μετ’
1402 2457 1574 2527 όργῆς
1623 2454 1901 2520 ἐξωθεῖται

326 2540 421 2588 καὶ
461 2538 535 2607 μὴ
567 2538 929 2610 βουλόμενος;
982 2544 1065 2607 τίς
1106 2545 1573 2617 κεκηληδωμένην
1612 2548 1657 2579 ⁷⁷
1713 2546 1897 2617 ἐαυτῷ

329 2631 792 2701 συνεπιστάμενος
837 2633 883 2666 ⁷⁸
914 2636 1013 2705 τὴν
1066 2636 1397 2706 συνείδησιν,
1440 2639 1502 2691 ού
1541 2638 1745 2693 δέδοικε
1800 2640 1901 2713 τὴν

328 2718 617 2788 ὠμοτάτην
643 2725 687 2754 "
715 2724 826 2777 τῶν
854 2727 1113 2795 πονηρῶν
1159 2728 1429 2798 δαιμόνων
1475 2730 1523 2763 ⁸⁸
1573 2730 1901 2802 βαρϐαρώδη

330 2808 652 2881 ὑπάντησιν,
696 2815 929 2868 ἐκάστου
970 2816 1014 2849 ⁸¹
1057 2817 1261 2873 τούτων
1285 2821 1428 2873 κατά
1456 2821 1549 2874 τδν
1583 2822 1721 2892 ἀόρα
1765 2824 1901 2892 μετά

326 2900 429 2968 τὴν
455 2900 633 2965 ἔξοδον
656 2907 790 2974 πρὸς
820 2907 1013 2960 ἑαυτὸν
1043 2909 1089 2941 ⁸³
1122 2910 1355 2978 ἀφειδῶς
1373 2911 1474 2982 τὴν
1506 2912 1699 2966 ἀθλίαν
1723 2914 1903 2984 ψυχὴν

329 2992 580 3057 ἕλκοντος
605 2997 803 3068 καὶτῷ
836 3000 1043 3071 ἐλέγχῳ
1074 3001 1183 3055 τῶν
1216 3004 1354 3075 αὐτῇ
1403 3004 1449 3036 ⁸³
1492 3008 1902 3077 πεπραγμένων

332 3087 783 3157 καταισχύνοντος
806 3094 900 3145 καὶ
945 3094 1131 3162 πάσης
1202 3094 1564 3164 ἐμποιοῦντος
1596 3098 1731 3168 αὐτῇ
1789 3098 1903 3161 τοῖς

331 3178 424 3230 ἐπὶ
479 3183 590 3244 τοῖς
653 3181 941 3251 μέλλουσιν
999 3186 1229 3259 ἀγαθοῖς
1284 3186 1500 3251 ἐλπίδος
1554 3186 1798 3258 ἐλεεινὴν
1853 3189 1903 3221 ⁸⁵

332 3267 680 3337 ἀπόγνωσιν;
711 3291 730 3325 ι
768 3304 838 3313 --
872 3275 1056 3329 «Μετά
1077 3277 1133 3331 δὲ
1172 3276 1270 3348 τὴν
1300 3280 1597 3349 γινομένην
1630 3280 1773 3333 κατά
1811 3280 1902 3334 τὸν

333 3356 473 3427 ἀέρα
496 3360 633 3431 πρὸς
654 3364 722 3415 τὰ
750 3366 1092 3433 πνευματικά
1128 3368 1228 3437 τῆς
1249 3370 1512 3439 πονηρίας
1539 3369 1836 3438 διάγνωσίν
1853 3372 1900 3403 ⁸⁸

331 3465 392 3501 τε
437 3452 533 3504 καὶ
585 3454 1007 3528 λογοθέτησινή
1062 3460 1199 3529 πρὸς
1243 3460 1337 3514 τὸν
1374 3460 1506 3531 ᾅδην
1549 3464 1901 3528 κατάπτωσις

335 3538 639 3610 διαδέχεται
678 3546 773 3596 καὶ
804 3546 1155 3615 παροίκησις,
1209 3550 1267 3601 ἐν
1314 3543 1359 3617 ᾧ
1419 3549 1597 3621 σκότῳ
1654 3553 1811 3622 βαθεί
1855 3554 1901 3587 ⁸⁸

309 3624 619 3701 ’[διάγουσι]
650 3631 692 3664 ⁸⁷
726 3636 820 3687 καὶ
860 3634 1141 3708 βαρυτάτῃ
1171 3639 1319 3708 σιγῇ,
1352 3641 1563 3710 τροφὴν
1592 3640 1811 3709 ἔχουσαι
1846 3644 1901 3696 al

334 3720 514 3774 ἐκεῖσε
537 3722 583 3754 ⁸³
612 3725 1143 3798 καταδεδικασμέναι
1167 3728 1336 3799 ψυχαὶ
1365 3731 1492 3794 τοὺς
1537 3732 1902 3802 δριμυτάτους

336 3813 673 3880 στεναγμοὺς
707 3814 803 3867 καὶ
828 3817 898 3869 τὰ
926 3818 1235 3886 πικρότατα
1265 3819 1476 3890 δάκρυα
1524 3822 1619 3873 καὶ
1658 3823 1758 3890 τὴν
1809 3824 1901 3875 ἐπὶ

334 3903 444 3965 τοῖς
459 3902 503 3935 ⁸⁸
532 3904 725 3968 δεινοῖς
750 3911 1079 3980 κατήφειαν,
1116 3912 1469 3982 ἐκδεχόμεναι
1488 3913 1576 3967 διά
1599 3916 1801 3977 παντὸς
1817 3914 1904 3965 ούο

335 3993 424 4046 δέν
459 3995 687 4067 ἄλλοκῆ
706 4000 877 4070 μόνην
899 4001 999 4071 τὴν
1014 4002 1055 4033 ⁹¹
1077 4004 1168 4056 ἐπί
1192 4002 1357 4075 585
1386 4007 1452 4075 τῇ
1480 4005 1668 4077 δικαίᾳ
1682 4008 1726 4038 ’⁸
1738 4006 1903 4077 ψήφῳ

334 4084 551 4140 δικαίαν
585 4089 943 4145 ἀνταπόδοσιν
987 4093 1053 4147 ’³.
1098 4094 1318 4164 Ταύτην
1356 4094 1402 4129 ⁸⁵
1447 4091 1540 4149 οὖν
1590 4097 1904 4168 συνίστησιν

334 4176 517 4241 αὐτοῖς
543 4179 644 4246 τὴν
665 4181 944 4237 ἄπαυστον
973 4184 1020 4215 ’⁸
1045 4183 1223 4254 λύπην
1253 4186 1349 4238 καὶ
1372 4184 1565 4256 ὀδύνην
1587 4188 1619 4257 ἡ
1652 4190 1754 4259 τῆς
1776 4190 1907 4240 άνα-

336 4271 579 4336 στάσεως
606 4274 783 4339 ἐλπὶς,
816 4276 850 4345 ἡ
880 4276 979 4345 τῆς
1016 4278 1253 4346 φοϐερᾶς
1289 4278 1502 4348 ἡμέρας
1526 4278 1762 4349 Χριστοῦ
1801 4297 1907 4334 πα·-

337 4361 554 4429 ρουσίας
581 4364 786 4434 ἡμέρα,
814 4366 849 4435 ἡ
896 4368 1312 4439 φρικωδεστάτη
1332 4368 1378 4401 ⁸⁸
1424 4369 1770 4439 παράστασις
1810 4370 1905 4424 καὶ

336 4452 467 4521 περὶ
493 4453 601 4505 τῶν
640 4455 993 4526 βεϐιωμένων
1031 4459 1252 4513 πάντων
1283 4460 1572 4528 ἀπολογία,
1601 4461 1724 4513 καθ’
1757 4462 1823 4531 ἢν
1855 4463 1904 4514 oi

2000 2076 2529 2133 nemcubicularium
2554 2094 2568 2130 :
2599 2075 2781 2142 «Quis,
2814 2075 3029 2143 dilecte,
3049 2085 3394 2145 peccatorum
3422 2092 3571 2129 meo-

1999 2184 2122 2223 rum
2156 2169 2409 2223 sordibus
2464 2169 2768 2223 maculatus
2822 2182 2929 2221 non
2982 2169 3199 2221 timeret
3252 2178 3568 2222 sanctorum

1999 2273 2277 2314 accessum
2311 2258 2652 2327 angelorum,
2687 2272 2718 2309 a
2747 2257 2969 2325 quibus,
2993 2273 3057 2310 ex
3086 2257 3269 2311 divina
3298 2260 3567 2312 sententia

1996 2352 2121 2405 vitae
2146 2350 2309 2405 linem
2346 2349 2653 2417 accipiens,
2692 2359 2914 2403 coactus
2954 2359 3007 2403 et
3052 2350 3254 2404 invitus
3283 2367 3311 2404 e
3342 2366 3573 2420 corpore

1998 2456 2121 2496 cum
2142 2442 2219 2495 ira
2234 2440 2559 2509 expellitur?
2586 2438 2719 2504 Quis
2746 2440 3073 2494 maculatam
3100 2441 3202 2495 sibi
3232 2443 3572 2510 persenliens

2000 2532 2409 2596 conscientiam,
2446 2547 2553 2585 non
2610 2540 2877 2586 metueret
2928 2532 3199 2587 malorum
3264 2533 3570 2588 daemonum

1999 2624 2436 2679 crudelissimum
2476 2638 2541 2679 ac
2570 2624 2860 2679 barbarum
2909 2639 3222 2689 occursum,
3245 2638 3575 2694 unoquoque

2000 2732 2191 2771 eorum
2230 2732 2327 2785 per
2358 2731 2485 2770 aera
2533 2724 2656 2784 post
2700 2717 2905 2770 exitum
2936 2715 3002 2769 ad
3059 2730 3117 2771 se
3154 2716 3410 2770 miseram
3451 2716 3575 2770 ani-

2003 2822 2146 2861 mam
2180 2805 2470 2861 crudeliter
2506 2805 2773 2872 trahente,
2802 2814 2855 2861 et
2891 2806 3137 2863 convicio
3164 2805 3431 2860 factorum
3456 2807 3575 2875 ejus

2002 2911 2122 2952 eam
2146 2895 2532 2960 confundente,
2562 2904 2725 2966 atque
2751 2896 2930 2951 omnis
2964 2897 3079 2965 spei
3116 2898 3169 2949 in
3222 2896 3403 2950 futura
3434 2897 3573 2951 bona

2004 2988 2391 3044 demissionem
2421 2988 2471 3043 ei
2505 2986 2868 3058 suggerente?
2896 3006 2914 3038 ι
2946 3017 3015 3028 -
3039 3007 3057 3039 ι
3091 2986 3221 3043 Post
3250 2997 3433 3042 autem
3492 2988 3575 3042 fa-

2004 3094 2146 3136 ctam
2174 3083 2227 3135 in
2259 3095 2383 3136 aere
2414 3079 2707 3150 spirituum
2759 3080 3015 3149 nequitia:
3041 3079 3481 3150 disquisitionem
3512 3095 3577 3135 ac

2006 3173 2273 3226 rationem
2317 3171 2559 3226 succedit
2588 3170 2654 3225 ad
2686 3169 2891 3224 inferos
2921 3170 3106 3239 lapsus
3143 3179 3198 3224 et
3225 3170 3572 3231 inhabitatio,

2008 3264 2100 3316 ubi
2147 3261 2341 3330 spissis
2370 3260 2609 3316 tenebris
2652 3269 2708 3315 et
2758 3260 3027 3315 altissimo
3074 3261 3279 3331 degunt
3335 3262 3574 3327 silentio,

1928 3332 1971 3390 (δ
2004 3357 2184 3412 cibum
2227 3357 2493 3413 habentes
2524 3356 2721 3411 animae
2752 3356 2840 3411 bic
2870 3356 3139 3411 damnata:
3191 3358 3576 3412 acerbissimos

2002 3450 2237 3521 gemitus
2284 3450 2770 3517 amarissimasque
2828 3451 3098 3518 lacrymas
3148 3460 3203 3504 et
3251 3459 3573 3504 extraneum

2003 3538 2555 3609 opprobriummihil
2586 3555 2824 3609 unquam
2878 3541 3025 3595 aliud
3086 3542 3414 3611 accipientes
3469 3542 3573 3598 nisi

1999 3630 2206 3699 justam
2249 3642 2317 3682 ex
2352 3627 2497 3697 justa
2536 3614 2802 3683 sententia
2854 3630 3376 3683 remunerationem.
3426 3630 3577 3683 Hanc

2005 3724 2171 3793 igitur
2215 3721 2596 3778 incessabilem
2630 3719 2911 3775 tristitiam
2951 3734 3015 3774 ac
3062 3720 3307 3775 dolorem
3357 3720 3578 3775 exacuit

2004 3812 2426 3869 resurrectionis
2452 3827 2603 3881 spes,
2632 3810 2893 3866 terribilis
2920 3810 3026 3866 diei
3058 3811 3325 3866 adventus
3375 3810 3575 3865 Christi

2004 3904 2359 3975 exspectatio,
2390 3903 2792 3958 formidandum
2814 3902 3105 3972 judicium,
3134 3912 3186 3958 et
3215 3902 3460 3957 omnium
3486 3905 3577 3971 qui

2004 3999 2257 4053 vixerunt
2293 3996 2564 4067 apologia,
2588 3996 2744 4065 juxta
2772 4009 2936 4065 quam
2965 3994 3056 4048 alii
3085 4010 3113 4047 a
3147 3995 3349 4049 dextris
3374 3992 3581 4050 Judicis

2006 4088 2229 4143 stabunt
2273 4096 2327 4142 et
2371 4085 2660 4141 ineffabilia
2712 4086 2852 4138 bona
2903 4086 3172 4155 promissa
3222 4085 3576 4151 obtinebunt;

2006 4180 2097 4233 alii
2142 4194 2271 4234 vero
2327 4193 2356 4232 a
2404 4178 2643 4233 sinistris
2690 4177 2914 4232 stabunt
2961 4186 3016 4231 et
3070 4177 3347 4232 habebunt
3400 4177 3579 4247 ignem

2006 4280 2293 4333 aeternum,
2356 4270 2607 4323 tenebras
2658 4269 2980 4331 exteriores,
3032 4285 3274 4325 vermem
3308 4271 3402 4340 qui
3444 4287 3581 4326 nun-

2007 4379 2171 4435 quam
2201 4362 2427 4427 dormit,
2460 4362 2748 4417 stridorem
2781 4362 3046 4430 dentium,
3080 4364 3371 4419 continuos
3401 4364 3580 4427 ﬂetus,

2008 4456 2401 4526 sempiternum
2428 4455 2778 4525 Opprobrium
2815 4470 2878 4509 ac
2908 4456 3269 4525 punitionem.
3305 4456 3431 4510 Haec
3482 4456 3582 4510 ita-

336 4541 436 4610 μὲν
467 4543 532 4594 ἐκ
556 4543 747 4610 δεξιῶν
775 4546 871 4601 τοῦ
901 4548 1091 4619 κριτοῦ
1125 4552 1485 4623 σταθήσονται
1509 4553 1552 4583 ⁸⁷
1585 4553 1681 4605 καὶ
1709 4551 1901 4623 λήψον-

2009 4562 2117 4616 que
2154 4546 2592 4616 praemeditantes
2618 4555 2671 4600 et
2698 4555 3033 4615 reputantes,
3071 4548 3266 4601 merito
3305 4546 3491 4601 dolent
3517 4562 3581 4602 ac

335 4652 425 4687 ται
456 4637 564 4689 τῶν
593 4638 920 4710 ἀπορρήτων
959 4643 1183 4708 ἀγαθῶν
1208 4645 1308 4707 τὰς
1337 4644 1699 4713 ἐπαγγελίας,
1751 4646 1802 4699 οί
1848 4646 1901 4699 δὲ

1941 4661 1983 4717 ο
2011 4640 2381 4709 lacrymantur
2426 4638 2574 4692 velut
2610 4638 2878 4691 damnatae
2939 4646 3102 4706 atque
3155 4638 3578 4703 inexcusabiles,

337 4723 437 4792 τὴν
470 4725 767 4797 ἀριστερὰν
800 4730 990 4784 στάσιν
1020 4732 1296 4802 λαχόντες,
1321 4734 1385 4787 τὺ
1431 4734 1541 4805 πῦρ
1579 4734 1641 4787 τὸ
1662 4733 1903 4797 αἰώνιον,

335 4816 400 4867 τὸ
426 4814 694 4890 ἐξώτερον
723 4821 912 4886 σκότος
946 4821 1066 4895 [καὶ⁵
1092 4824 1186 4877 τὸν
1209 4824 1509 4895 ἀκοίμητον
1542 4824 1826 4896 σκώληκα]
1855 4827 1903 4859 ’⁸

2010 4744 2120 4783 non
2150 4727 2334 4783 audita
2362 4726 2629 4797 Sapientis
2656 4727 2973 4796 disciplina,
3028 4729 3260 4783 dicentis
3289 4746 3304 4784 :
3342 4747 3360 4779 ι
3392 4728 3580 4794 Quod-

2012 4836 2227 4891 cunque
2288 4820 2466 4875 facere
2529 4828 2709 4891 potest
2768 4835 2965 4877 manus
3026 4831 3139 4889 tua,
3207 4836 3306 4892 pro
3372 4822 3580 4877 viribus

1503 4958 1703 5019 Variae
1744 4956 2049 5019 lectiones
2094 4963 2155 5016 et
2196 4960 2383 5015 notua.

376 5056 443 5159 ᾧ
469 5054 1795 5159 .φυ³ξξξὲῖξσίὲοέι(ἐα)..ειῖέ;..-ξξγὲέιθησξμέπιιτ

344 5125 523 5194 εὴνᾷἀ.
584 5126 731 5194 ζωήν
778 5142 840 5178 τε
889 5155 960 5167 -
1004 5125 1314 5181 ἀνάπαυσιν
1361 5125 1472 5184 oni.
1503 5125 1513 5129 ⁷
1542 5125 1605 5183 Ι..
1711 5125 1757 5160 ’⁸

338 5262 385 5293 ’⁸
408 5266 729 5338 ἐπιστασίαν
760 5264 855 5338 Ma
926 5266 981 5338 ξ’
1030 5262 1310 5338 παρούσης
1341 5268 1407 5321 Μ.

1878 5058 2287 5113 custodiendam
2348 5052 2493 5107 Mon.
2588 5054 2633 5087 °°

344 5127 438 5193 τὴν
468 5127 523 5176 ἀ.
584 5127 731 5194 ζωήν
778 5142 840 5178 τε
889 5155 960 5167 -
1004 5128 1314 5181 ἀνάπαυσιν
1361 5127 1472 5184 oni.
1504 5127 1511 5129 ⁷
1542 5127 1605 5183 L.
1681 5127 1757 5212 ."'°
1800 5129 2007 5183 τούτων
2060 5127 2120 5181 Ι...

336 5192 729 5317 essent
760 5194 864 5318 ις’·
912 5195 981 5296 1-.
1865 5198 2120 5321 .5373...

1590 5284 1831 5339 κεκηλιο.
1865 5284 1985 5339 cog.
2011 5284 2071 5339 κε

2695 5056 2907 5127 ἡμέρας
2970 5058 3093 5127 cod.
3159 5067 3214 5111 et
3263 5058 3325 5111 L.
3429 5060 3473 5092 ⁶⁹
3498 5060 3578 5122 εἰς

2661 5125 2720 5196 ἡ.
2769 5125 2820 5179 σ.
2872 5127 2963 5180 ἐπ.
3016 5126 3077 5181 L.
3186 5128 3230 5158 ”
3280 5127 3385 5181 Τοῦ
3418 5129 3576 5196 ἀγίου

2206 5195 2250 5267 ξι
2288 5194 2618 5267 ῂγαπημένε
2675 5194 2745 5248 Μ.
2821 5196 2905 5267 ﬂ“
2965 5197 3064 5265 ἐμὲ
3132 5198 3314 5265 ἔργοις
3370 5194 3478 5267 ἀμ.
3514 5197 3576 5253 L.

2076 5260 2349 5336 ψηλιδηιέ.
2376 5331 2397 5336 _
2440 5262 2483 5293 ⁷⁸
2513 5279 2776 5336 συνεπαγ.
2819 5260 3009 5336 M._"‘
3039 5267 3137 5336 τὴν
3164 5260 3429 5336 ὡμότητα
3466 5268 3578 5319 τῶν

2215 5127 2233 5157 τ
2246 5126 2261 5155 ¹
2313 5122 2609 5193 ἀγγελικῖκ

339 5331 728 5411 κ.-δαιμονίων
775 5337 867 5388 καὶ
918 5331 1229 5459 βοέϐορώόη
1266 5331 1378 5389 ’ύπ.
1414 5339 1497 5392 ἐκ.
1549 5331 1739 5391 τούτου
1798 5337 1858 5391 L.
1931 5336 1976 5368 '°
2018 5331 2210 5389 δ.’καὶ
2260 5331 2535 5401 βάρϐαρον
2565 5332 2847 5454 ἒ¹μπτωσιν
3043 5331 3169 5418 ξδἐ.
3214 5331 3354 5389 κατᾶ
3395 5339 3487 5389 τὸν

339 5418 532 5456 τουτον
573 5420 634 5459 μ.
670 5404 747 5458 Μ.
826 5406 872 5437 ⁸⁸
902 5407 951 5459 ἐ.
1017 5406 1321 5459 ιασπώντος
1345 5409 1443 5459 τὴν
1472 5410 1527 5459 ἀ.
1558 5408 1619 5459 ὡ.
1650 5407 1721 5459 Μ.
1798 5408 1844 5439 ⁸³
1873 5406 2043 5459 αὐτῆς
2078 5404 2141 5459 L.
2214 5404 2261 5440 ⁸⁵
2279 5402 2359 5455 ὲλ.
2398 5416 2511 5455 om.
2562 5402 2589 5455 θ
2616 5444 2631 5459 .
2700 5404 2746 5435 ⁸⁵
2779 5403 2826 5457 δ.
2864 5423 2963 5459 τηε
3002 5424 3110 5459 των
3159 5409 3217 5458 ἐν
3246 5405 3349 5459 ἆδη
3382 5405 3575 5459 ψυγων

1017 5426 1034 5459 ι

337 5401 532 5456 τοῦτον
572 5420 634 5471 μ.
670 5404 747 5458 Μ.
826 5406 872 5437 ⁸⁸
902 5401 951 5460 ἐ.

336 5543 387 5591 ἐ.
429 5559 483 5595 κ.

1040 5406 1321 5471 ασπώντος
1345 5409 1443 5478 τὴν
1472 5410 1527 5462 ἀ.
1558 5408 1619 5477 ψ.
1650 5407 1721 5462 Μ.
1798 5408 1844 5478 δέ
1873 5406 2011 5478 αὐτῆ

338 5475 728 5547 καταστάσεως
756 5471 1553 5547 ἀκριϐὴςᾼάνατύπωσιςῦπως
1573 5471 1648 5531 ’ἐν
1684 5495 1769 5533 σκ.
1800 5477 1870 5531 Μ.
1943 5471 2163 5547 ⁸⁶’βαθύ
2193 5472 2345 5547 cod.__
2386 5471 2705 5547 ’ξ’-διάγουσι
2737 5489 2847 5527 om.
2994 5471 3313 5547 διάγωσιν]

522 5543 580 5609 ψ.
610 5540 960 5615 εΔι-πικξοηιξ
992 5545 1063 5600 Μ.
1141 5548 1187 5578 ⁸⁸
1225 5550 1317 5600 ἐπὶ
1342 5540 1552 5610 τούτοις
1592 5566 1643 5601 κ.
1680 5548 1749 5602 Μ.
1829 5549 1873 5579 ⁹⁰
1904 5547 1961 5602 ἀ.
1999 5540 2096 5615 μὲν
2125 5546 2173 5599 ό.
2203 5562 2260 5615 μ.
2286 5541 2357 5615 ,δὲ
2396 5540 2465 5595 Μ.

2019 5424 2043 5467 ς
2078 5404 2141 5459 L.
2214 5404 2261 5440 ⁸⁵
2279 5402 2359 5455 ὲλ.
2398 5416 2511 5455 om.
2562 5402 2631 5459 M.
2700 5404 2746 5435 ⁸⁵
2779 5403 2826 5457 δ.
2864 5406 2963 5473 τῆς
3002 5406 3110 5459 τῶν
3159 5409 3217 5458 ἐν
3246 5405 3311 5475 ᾇδ
3382 5405 3575 5475 ψυχῶν

2026 5476 2163 5530 Βαθύ
2193 5472 2309 5529 cod.
2386 5472 2431 5501 ⁸⁷
2456 5471 2705 5530 διάγουσι
2737 5489 2847 5527 om.
2887 5474 2950 5529 L.
2994 5476 3255 5530 διάγωσιν
3288 5421 3355 5530 LP.
3435 5475 3481 5507 ⁸⁸
3519 5478 3574 5527 αἱ

2542 5489 2705 5538 ιγουσι
2737 5489 2847 5527 om.
2887 5478 2950 5529 L.
2994 5478 3255 5542 διάγωσιν
3288 5478 3355 5530 Μ.
3435 5478 3481 5507 ⁵⁸
3519 5478 3574 5527 αἱ

2542 5544 2587 5574 ⁹¹
2613 5546 2710 5613 τήν
2745 5559 2853 5597 0m.
2885 5544 2944 5599 L.
3032 5546 3077 5577 "
3102 5545 3221 5613 θεία
3255 5545 3325 5599 Μ.
3401 5547 3449 5578 ⁸⁸
3476 5561 3575 5597 κα-

336 5602 603 5689 τάκρισιν-
634 5612 704 5667 Μ.
790 5617 836 5689 ’ξ
874 5616 938 5670 Τ.
987 5634 1038 5689 σ.
1067 5617 1165 5688 τὴν
1198 5618 1248 5671 λ.
1276 5618 1323 5689 ,ἡ
1360 5616 1430 5672 Μ.
1506 5602 1551 5651 ’⁵
1579 5618 1677 5689 τὴν
1723 5602 2162 5689 ἀνάπαυστονιι.
2203 5602 2215 5615 ’
2253 5613 2299 5645 ’⁸
2331 5612 2520 5689 φλκῆὶ
2560 5602 2884 5689 πανένδόξου
2918 5634 2975 5669 π.
3005 5602 3363 5689 τοῦ-ᾏρισζτρῧ
3402 5631 3573 5689 μεγα-

339 5680 553 5760 λειότης
581 5684 614 5753 ἡ
645 5700 743 5760 φρΖ
774 5684 872 5756 τῆς
902 5680 1136 5758 κρίσεως
1180 5680 1359 5759 ἡμέρα
1398 5722 1459 5731 —-
1493 5689 1591 5760 τῆς
1634 5680 1841 5743 ἑαυτῶν
1886 5686 2242 5757 συνειδήσεως
2287 5680 2407 5734 καθ’
2456 5680 2522 5736 M-
2599 5683 2643 5714 ’⁷
2682 5684 2968 5750 σταθέντες
3019 5686 3066 5741 λ·
3112 5686 3178 5739 M-

341 5750 433 5807 ἁκ.
468 5750 553 5808 ait.
583 5750 701 5810 om;
724 5753 786 5810 L.

3272 5686 3313 5716 9“
3360 5688 3452 5737 καὶ
3483 5687 3571 5737 τὸν
