4244 6440
276 397 377 456 85Ἱ

1449 399 1917 461 CIIRONICON.
1960 425 2026 435 -··
2069 403 2213 466 LIB.
2261 405 2357 465 ιν.

3429 403 3532 465 858

275 509 462 569 αὐτοῖς
481 507 524 539 ³⁸
551 507 1027 578 εὐκαταφρόνητος
1052 510 1302 576 φανεῖται
1330 509 1437 563 τῶν
1469 510 1630 564 θείων
1653 511 1851 578 λογίων
1881 528 1926 584 Δ

1881 528 1926 584 Δ
1957 513 2247 581 legislatio,
2270 514 2364 569 sed
2387 512 2624 581 perditas
2643 530 2866 570 suarutn
2887 514 3201 584 passionum
3228 512 3532 582 voluptates

274 602 310 670 ὴ
345 599 699 669 θεσμοθεσία,
725 601 820 662 τὰς
843 600 1145 670 ὀλλυμένας
1173 600 1230 654 δέ
1266 600 1374 654 τῶν
1410 603 1626 656 οἰκείων
1659 603 1848 654 παθῶν

273 688 468 758 ηδονάς
527 689 732 758 ἐτέροις
765 689 1062 759 ὀφθαλμοῖς
1093 694 1566 762 ἐπισκοπήσαντες
1610 693 1707 744 καὶ
1750 693 1850 760 τὴν

277 779 430 850 ἱερὰν
471 780 615 848 ζωὴν
663 774 728 849 ἦς
775 781 1016 849 ἀνοήτως
1066 781 1549 848 ἐκπεπτώκασιδθ,
1606 782 1847 849 μακαρία

278 889 491 939 σαντες,
528 871 776 934 ἐλεεινῶς
807 874 898 925 καὶ
925 872 1238 945 ἀϐουλήτως
1267 875 1308 906 ⁸³
1343 874 1779 944 ἀποχωρίζονται
1805 875 1847 904 ⁸³

277 967 373 1020 τοῦ
410 967 538 1037 τῇδε
567 965 704 1034 βίου,
739 967 875 1034 πρὸς
905 966 1166 1036 οὐδεμίαν
1187 967 1231 998 ’⁵³
1270 967 1422 1035 ἰερὰν
1455 967 1646 1019 ἐλπίδα
1672 984 1850 1036 χειρα-

276 1060 622 1128 γωγούμενοι
678 1059 764 1112 διά
818 1059 916 1128 τὴν
969 1059 1252 1130 χειρίστην
1309 1058 1477 1130 ζωήν.
1527 1060 1745 1112 Τούτων
1793 1059 1848 1110 δὲ

275 1152 489 1215 οὐδενὸς
523 1151 811 1221 γινομένου
854 1152 996 1204 κατά
1047 1152 1148 1213 τάς
1203 1151 1493 1221 κοιμήσεις
1523 1150 1630 1203 τῶν
1687 1149 1849 1219 ἰερῶν

277 1246 488 1315 ἀνδρῶν
513 1245 580 1311 ⁸⁸,
612 1245 705 1314 ἀφ’
734 1239 809 1300 ὧν
837 1247 864 1298 ὁ
893 1244 1030 1314 πρὸς
1051 1246 1109 1297 τὸ
1128 1246 1298 1316 πέρας
1330 1245 1620 1314 ἐρχόμενος
1647 1243 1715 1307 ⁸⁸,
1745 1243 1850 1294 τῶν

278 1335 495 1386 οἰκείων
524 1334 751 1401 ἀγώνων
777 1334 1116 1404 εὐφροσύνης
1137 1336 1286 1404 ἱερᾶς
1310 1331 1732 1404 ἀποπληροῦται
1758 1333 1851 1384 καὶ

281 1429 380 1477 σὺν
412 1426 568 1494 ήδονῇ
598 1425 763 1496 πολλῇ
791 1425 926 1495 πρὸς
949 1426 1047 1496 τὴν
1093 1426 1210 1478 όδδν
1265 1411 1534 1478 ἐπιϐαίνει
1566 1426 1665 1495 τῆς
1698 1424 1852 1494 ἱερᾶς

280 1513 725 1579 παλιγγενεσίας.
760 1533 778 1565 ι

349 1605 532 1674 ⁵⁸(ἰί)
567 1606 744 1674 Ὅπερ
792 1601 887 1660 οῦν
930 1605 1025 1659 καὶ
1078 1605 1106 1659 δ
1164 1604 1306 1668 θεῖος
1369 1605 1622 1674 Διάδοχος
1673 1604 1851 1676 δηλῶν

281 1698 503 1764 φάσκει·
537 1717 555 1749 t
615 1699 740 1750 Ἐὰν
791 1693 884 1751 οῦν
939 1697 1015 1768 μὴ
1062 1698 1380 1768 πρεπόντως
1430 1698 1851 1766 μετανοήσωμεν

282 1794 379 1846 και
413 1792 542 1864 περὶ
573 1791 678 1846 τῶν
713 1793 1000 1863 ἁμαρτιῶν
1026 1792 1069 1823 ⁵⁷
1098 1791 1259 1862 ἡμῶν
1298 1791 1518 1845 πάντων
1548 1792 1713 1862 586
1743 1795 1853 1858 ἐξο-

1959 606 2080 661 aliis
2129 605 2304 660 oculis
2336 605 2607 660 intuentes
2657 617 2712 659 et
2759 617 2999 662 sanctam
3037 607 3204 660 vitam
3235 619 3266 660 θ
3310 619 3415 673 qua
3448 605 3531 659 in-

1959 697 2106 750 sulse
2131 696 2469 761 deciderunt,
2500 698 2711 751 beatam
2754 697 3170 765 proclamantes,
3208 695 3535 750 miserabili-

1961 797 2040 842 ter
2071 798 2124 842 et
2155 788 2320 842 invite
2348 804 2411 842 ex
2446 789 2546 842 hac
2586 790 2696 842 vita
2733 788 3064 857 eripiuntur,
3095 787 3162 841 ad
3189 788 3390 842 nullam
3445 803 3534 841 sa-

1959 895 2106 934 cram
2131 895 2278 950 spem
2308 882 2377 934 ob
2401 881 2690 949 pessimam
2713 881 2874 935 vitam
2902 881 3145 935 adducti.
3173 877 3318 933 Nihil
3351 889 3533 934 autem

1958 985 2148 1024 eorum
2209 971 2275 1025 ad
2328 980 2640 1025 sanctorum
2694 972 2977 1027 hominum
3025 971 3392 1025 dormitiones
3450 987 3534 1024 re-

1961 1061 2118 1130 spicit
2153 1079 2165 1114 :
2202 1077 2266 1115 ex
2300 1061 2429 1124 illis,
2464 1061 2557 1130 qui
2594 1063 2841 1130 pervenit
2865 1061 2933 1116 ad
2985 1061 3170 1124 finem,
3200 1063 3266 1116 de
3295 1062 3535 1131 propriis

1960 1153 2352 1207 certaminibus
2386 1161 2577 1208 sancta
2627 1154 2864 1222 repletur
2911 1153 3276 1208 exsultatione
3315 1165 3368 1207 et
3407 1169 3528 1208 cum

1954 1243 2298 1314 iucunditate
2356 1245 2525 1299 multa
2572 1245 2640 1299 ad
2691 1260 2860 1300 sacra:
2915 1245 3346 1315 regenerationis
3389 1245 3532 1302 viam

1962 1335 2322 1404 progreditur.
2356 1354 2375 1386 ι
2439 1395 2449 1406 ι

2092 1501 2100 1530 l

2028 1591 2183 1658 Quod
2224 1593 2387 1646 etiam
2432 1591 2651 1647 divinus
2700 1591 3010 1648 Diadochus
3062 1592 3382 1656 ostendens,
3411 1594 3527 1649 ait:

1966 1702 1984 1736 ι
2009 1684 2064 1739 Si
2096 1684 2258 1754 igitur
2305 1698 2411 1739 non
2443 1686 2830 1752 convenienter
2855 1686 3127 1754 egerimus
3161 1685 3531 1754 paenitentiam

1961 1786 2014 1831 et
2043 1777 2107 1830 de
2141 1777 2352 1830 cunctis
2392 1777 2629 1845 peccatis
2664 1778 2868 1832 nostris
2901 1791 3008 1830 non
3056 1776 3346 1831 fecerimus
3396 1793 3530 1830 cono

284 1883 735 1954 μολογησώμεθα,
769 1883 973 1936 δειλίαν
1006 1883 1126 1936 τινά
1152 1883 1347 1953 ἄδηλον
1369 1884 1426 1934 ἐν
1447 1881 1524 1952 τῷ
1552 1882 1731 1952 καιρῴ
1755 1885 1854 1952 τῆς
1883 1881 1929 1939 Β
1959 1911 1960 1918 η

1883 1881 1929 1939 Β
1959 1865 2270 1930 fessionem,
2310 1868 2602 1937 quemdam
2628 1867 3009 1922 absconditum
3043 1877 3245 1922 metum
3271 1868 3323 1922 in
3353 1867 3533 1923 exitus

282 1975 462 2040 ἐξόδου
502 1978 559 2028 ἐν
591 1977 802 2037 ἑαυτοῖς
835 1972 880 2006 ⁸⁸
909 1975 1238 2044 εὑρήσομεν.
1273 1974 1392 2044 Χρὴ
1419 1974 1475 2026 δὲ
1515 1976 1660 2045 ἡμᾶς
1690 1973 1851 2043 εὐχε-

285 2069 412 2122 σθαι
443 2069 567 2130 τοὺς
597 2067 936 2137 ἀγαπῶντας
972 2068 1061 2120 τὸν
1091 2067 1295 2136 Κύριον
1320 2069 1413 2121 καὶ
1443 2067 1488 2100 ¹⁵⁹
1523 2069 1680 2130 ἐκτὸς
1713 2083 1853 2120 «av-

282 2166 375 2226 τὸς
408 2161 758 2232 εὑρίσκεσθαι
790 2161 976 2229 φόϐου·
1027 2163 1054 2214 ὁ
1088 2163 1196 2230 γάρ
1246 2161 1302 2214 ἐν
1343 2161 1493 2230 φόϐῳ
1526 2161 1854 2230 εὑρισκόμε-

285 2272 396 2317 νος,
431 2254 650 2324 εῦδηλος
679 2254 723 2285 ⁸ο
751 2254 837 2307 ὃτι
871 2253 1009 2323 πρὸς
1055 2254 1384 2323 ταρταρίους
1423 2253 1689 2324 ἄρχοντας
1717 2255 1855 2306 ἀπε-

283 2346 559 2399 λεύσεταιο
589 2347 621 2416 ἡ
653 2345 708 2398 δέ
734 2346 790 2398 ἐν
811 2348 878 2416 τῇ
901 2347 1090 2416 ἀγάπῃ
1120 2344 1214 2397 τοῦ
1244 2343 1381 2397 Θεοῦ
1409 2344 1852 2414 ἁγαλλιωμένη⁸¹

283 2440 432 2509 ψυχὴ
455 2440 499 2470 ⁸²
518 2441 574 2491 ἐν
585 2441 648 2507 τῇ
683 2437 803 2508 ὥρᾳ
823 2438 926 2506 τῆς
944 2437 1279 2502 ἀναλύσεως,
1312 2437 1496 2490 ἐπάνω
1521 2436 1628 2488 τῶν
1645 2452 1856 2487 σκοτει-

285 2532 394 2585 νῶν
409 2533 456 2563 ⁸³
481 2531 724 2602 πράξεων
741 2531 959 2584 πάντων
989 2530 1378 2600 εὑρισκομένη,
1401 2530 1535 2599 πρὸς
1555 2529 1680 2591 τοὺς
1697 2527 1858 2596 ἀγγέ-

285 2626 412 2686 λους
433 2624 528 2693 τῆς
544 2625 763 2694 εἰρήνης
786 2623 1008 2675 ἔσπευδε
1036 2622 1080 2655 ⁸⁸
1109 2622 1244 2690 μετὰ
1264 2623 1432 2691 χαρᾶς
1454 2621 1545 2674 καί
1575 2623 1850 2690 φέρεται.»

361 2719 406 2749 ⁵⁵
447 2718 557 2785 (ἰὲ)
581 2716 687 2771 Καί
721 2733 783 2782 γε
805 2715 993 2776 Νεῖλος
1017 2711 1171 2777 αὖθις
1200 2715 1245 2746 ⁵⁸
1276 2718 1420 2784 ἱερός
1444 2731 1632 2783 φησιν’
1672 2733 1689 2765 ι
1730 2716 1856 2765 Ὀν-

286 2825 394 2870 τως
436 2805 813 2877 φοϐερώτατον
857 2805 917 2858 τὸ
950 2803 1044 2858 τοῦ
1096 2804 1328 2859 θανάτου
1390 2806 1712 2874 μυστήριον,
1769 2805 1857 2856 ὅτε

287 2901 397 2952 τῶν
433 2899 810 2952 ἀπαιτούντων
843 2896 943 2967 τὴν
989 2896 1168 2967 ψυχὴν
1215 2897 1260 2928 ⁸⁷
1317 2895 1611 2951 ἐπιστασία
1651 2895 1860 2966 φοϐερά

291 2993 504 3060 συνέχει
545 2993 591 3023 ⁸⁸
639 2992 972 3060 φρίττουσαν
1022 2989 1191 3059 αὐτὴν
1230 2989 1367 3058 πρὸς
1402 2988 1498 3058 τὴν
1533 2988 1731 3052 ἔξοδον,
1768 2988 1861 3041 καὶ

286 3084 518 3151 δείματα
576 3084 671 3134 καὶ
729 3083 983 3151 σχήματα
1039 3079 1418 3151 φοϐερώτατα,
1465 3081 1552 3132 ὅτε
1605 3079 1860 3149 δαίμονες

287 3175 639 3238 ὀνειδίζοντες
697 3173 794 3243 τὴν
818 3173 1098 3241 ἁμαρτίαν
1132 3175 1229 3225 καὶ
1252 3173 1390 3241 πρὸς
1415 3174 1640 3235 ἑαυτοὺς
1667 3173 1856 3225 ’ἑλκου-

290 3286 376 3320 σιν
407 3265 760 3328 ἀπειλοῦντες
796 3265 839 3298 ⁸⁸
863 3266 943 3328 εἰς
961 3265 1129 3334 ἀνηδῆ
1152 3263 1244 3316 καὶ
1265 3262 1566 3334 σκυθρωπά
1593 3264 1766 3334 χωρία
1786 3263 1855 3326 σο.

1959 1964 2202 2024 tempore
2252 1956 2305 2010 in
2336 1957 2492 2010 nobis
2520 1957 2884 2010 inveniemus.
2940 1957 3165 2025 Oportet
3215 1966 3396 2011 autem
3435 1971 3534 2010 nos

1957 2062 2116 2102 orare
2152 2046 2443 2117 diligentes
2479 2045 2764 2101 Dominum
2792 2056 2846 2101 et
2877 2057 3026 2101 extra
3051 2062 3266 2103 omnem
3300 2048 3534 2102 inveniri

1962 2139 2211 2194 timorem
2240 2155 2255 2206 ;
2286 2137 2377 2208 qui
2416 2138 2560 2193 enim
2589 2138 2644 2193 in
2678 2147 2821 2193 metu
2855 2139 3146 2205 reperitur,
3199 2140 3424 2194 evidens
3451 2145 3538 2192 est

1956 2246 2080 2285 eum
2112 2232 2176 2284 ad
2212 2240 2481 2284 tartareos
2514 2230 2793 2300 principes
2825 2231 3126 2284 abiturum.
3171 2231 3366 2285 Anima
3402 2244 3535 2283 vero

1957 2340 2078 2394 quae
2104 2325 2157 2376 in
2187 2323 2569 2378 dissolutionis
2600 2324 2735 2377 hora
2766 2325 2817 2377 in
2851 2324 3091 2378 amicitia
3141 2324 3233 2378 Dei
3269 2325 3531 2385 exsultat,

1960 2431 2126 2485 supra
2156 2423 2350 2468 cuncta
2387 2415 2731 2470 tenebrarum
2762 2430 2924 2485 Opera
2958 2417 3180 2470 inventa
3218 2415 3286 2469 ad
3309 2414 3533 2485 angelos

1959 2508 2107 2576 pacis
2140 2521 2266 2562 cum
2302 2507 2497 2576 gaudio
2528 2505 2752 2561 festinat
2779 2516 2832 2560 et
2858 2506 3052 2561 fertur.
3085 2526 3103 2557 ι

2031 2719 2096 2772 Et
2120 2717 2274 2772 Nilus
2304 2724 2529 2772 sanctus
2558 2716 2752 2771 iterum
2778 2715 2912 2769 dicit
2943 2732 2958 2769 :
2999 2733 3017 2766 ι
3051 2716 3190 2770 Vere
3212 2712 3535 2768 tremendis-

1961 2812 2160 2866 simum
2186 2809 2378 2863 mortis
2405 2808 2748 2878 mysterium,
2771 2823 2894 2862 cum
2919 2807 3156 2862 animam
3190 2803 3534 2874 poscentium

1963 2902 2243 2958 tremenda
2317 2902 2604 2970 praesentia
2663 2901 2968 2955 circumdat
3021 2915 3140 2954 eam
3205 2898 3271 2952 ad
3327 2897 3534 2950 exitum

1964 2993 2370 3061 trepidantem;
2412 2990 2956 3057 horrendissimaque
3015 2989 3348 3060 spectacula,
3406 3002 3533 3040 cum

1961 3085 2256 3147 daemones,
2306 3085 2698 3151 exprobrantes
2732 3090 3014 3151 peccatum
3047 3091 3099 3136 et
3133 3081 3428 3140 minantes,
3465 3078 3532 3130 ad

1962 3192 2021 3230 se
2055 3175 2275 3229 trahunt
2310 3175 2456 3228 illam
2502 3175 2555 3228 in
2591 3174 2768 3228 tristia
2813 3173 3165 3241 desolataque
3199 3172 3337 3234 loca,
3379 3171 3446 3224 ita
3479 3177 3540 3224 nt

1959 3265 2370 3336 antejudicium
2407 3274 2600 3334 stupor
2627 3266 2694 3320 ad
2733 3265 3070 3334 punitionem
3114 3263 3364 3325 sufﬁciat,
3408 3276 3532 3316 cum

288 3360 365 3420 ώς
402 3358 508 3426 πρὸ
537 3359 636 3425 τῆς
674 3356 910 3425 βασάνου
957 3355 1058 3422 τὴν
1101 3352 1443 3421 κατάπληξιν
1488 3351 1676 3420 ἰκανὴν
1717 3345 1859 3403 εἰναι
1958 3380 1964 3408 ε

1858 3389 1859 3398 ι
1958 3359 2293 3413 conscientia
2323 3358 2388 3411 ad
2419 3369 2642 3427 peccata
2672 3359 2971 3428 respiciens
2999 3358 3217 3427 dignam
3251 3354 3534 3422 culparum

290 3451 426 3521 πρὸς
456 3449 699 3511 κόλασιν,
731 3449 869 3516 ὅτεή
891 3448 932 3478 ⁶¹
960 3445 1263 3513 συνείδησις
1278 3443 1650 3514 ἐπιτρέφουσα
1677 3442 1857 3511 (ιϐιδ)
1960 3453 1966 3501 1

1960 3448 2200 3502 futuram
2273 3463 2487 3516 pcenam
2560 3447 2901 3504 reformidat.
2961 3446 3096 3500 Hinc
3130 3448 3274 3499 enim
3334 3457 3535 3512 corpus

291 3541 429 3612 πρὸς
481 3541 550 3593 τά
593 3538 1040 3609 πλημμελήματα
1071 3539 1114 3572 ⁸⁸
1163 3536 1357 3607 τρέμει
1395 3536 1493 3606 τὴν
1535 3535 1673 3602 πρὸς
1707 3534 1862 3597 ἀξίαν
1955 3543 1967 3610 j

1955 3543 2104 3610 jacet
2133 3541 2330 3595 sudore
2359 3557 2716 3610 conspersum
2750 3542 2953 3596 laboris
2977 3539 3254 3594 interioris
3273 3537 3426 3604 signa
3444 3537 3538 3588 de-

291 3636 400 3687 τῶν
449 3634 854 3703 ἡμαρτημένων
897 3629 1322 3699 παραμένουσαν
1370 3629 1610 3682 κόλασιν.
1671 3628 1863 3680 Ἔνθεν
1963 3651 1967 3688 1

1860 3648 1863 3666 ’
1963 3644 2294 3697 monstrans,
2314 3644 2368 3688 et
2390 3634 2677 3689 invisibilis
2703 3632 3124 3703 perturbationis
3142 3645 3261 3700 quae
3282 3628 3536 3685 videntur

292 3725 402 3796 γὰρ
436 3724 616 3792 ἱδρῶτι
667 3725 846 3775 κείται
877 3721 936 3773 τὸ
965 3721 1124 3790 σῶμα
1169 3720 1475 3790 διάϐροχον,
1518 3721 1720 3789 σημεῖα
1747 3719 1857 3771 δει-
1967 3746 1968 3781 ;

1967 3728 2252 3784 manifesta
2270 3741 2397 3784 sunt
2415 3730 2633 3786 indicia.
2654 3729 2789 3785 Hinc
2802 3729 3260 3798 quemadmodum
3279 3725 3372 3795 qui
3390 3739 3538 3778 ama-

291 3819 425 3873 κνῦν
457 3818 501 3849 ⁸³
538 3817 632 3869 τοῦ
663 3816 812 3868 ἔνδον
839 3814 1109 3884 καμάτου,
1162 3815 1256 3866 καὶ
1303 3816 1402 3881 τῆς
1433 3813 1630 3883 ἀδήλου
1673 3813 1718 3844 ⁸⁸
1754 3828 1856 3864 τα-
1966 3835 1967 3870 j

1966 3833 2086 3872 rum
2149 3828 2502 3888 gustaverunt
2563 3819 2841 3889 poculum,
2899 3816 3256 3872 invisibilitati
3341 3814 3537 3867 animai

295 3910 466 3980 ραχῆς
505 3909 573 3962 τὰ
599 3909 852 3980 δρώμενα
899 3906 1202 3977 παρέχεται
1256 3905 1498 3974 πρόδηλα
1555 3905 1856 3974 τεκμήρια.
1959 3925 1971 3954 ι

1959 3910 2168 3964 vultum
2223 3921 2581 3980 componunt,
2615 3921 2669 3966 et
2715 3912 2789 3966 ibi
2820 3926 2941 3982 quae
2977 3919 3263 3980 apparent,
3320 3909 3535 3962 tristem

306 3999 610 4064 Ἐντεῦθεν,
693 3998 944 4068 καθάπερ
1009 3997 1058 4049 οἰ
1145 3986 1535 4064 τῶν’πικρῶν
1587 3996 1859 4064 ἀπογευό-
1959 3999 1976 4055 i

1959 3999 2106 4056 illius
2136 4002 2550 4073 dispositionem
2600 4004 2852 4068 tradunt,
2886 4017 2952 4058 ex
2989 4002 3164 4055 forma
3197 3999 3342 4055 enim
3371 4013 3539 4067 appa-

294 4109 442 4162 μενοι
529 4090 838 4161 φαρμάκων
925 4087 1300 4156 ἀποστύφουσι
1386 4090 1452 4157 τῇ
1509 4087 1716 4157 ἁειδείᾳ
1797 4086 1858 4139 τὸ
1959 4107 1970 4145 ι

1959 4094 2152 4160 rentis,
2178 4095 2518 4164 exprimente
2547 4094 2920 4149 characterem
2956 4100 3203 4163 aspectu,
3239 4105 3393 4148 suam
3415 4091 3539 4145 abs-

292 4184 583 4253 πρόσωπον
613 4185 712 4252 τῆς
745 4182 946 4252 ψυχῆς,
984 4180 1120 4248 πρὸς
1149 4180 1215 4249 ἢν
1251 4178 1408 4248 ἔσχον
1437 4180 1501 4232 ἐκ
1531 4177 1640 4231 τῶν
1669 4178 1857 4248 ὀφθέν-
1956 4198 1968 4236 ι

1283 4196 1408 4248 σχον
1437 4180 1501 4232 ἐκ
1531 4177 1640 4231 τῶν
1669 4178 1857 4248 ὀφθὲν-
1956 4183 2229 4238 conditam
2266 4186 2537 4240 tristitiam
2572 4185 2906 4240 manifestat.
2940 4204 2957 4236 ι

287 4296 396 4331 των
424 4279 468 4308 ⁸⁸
495 4279 610 4330 ἐκεῖ
641 4277 883 4346 χαλεπὴν
912 4275 1171 4338 διάθεσιν,
1229 4273 1557 4341 τυπωσάσης
1607 4273 1698 4325 τὸν
1767 4278 2093 4348 χαρακτῆρα
2145 4278 2242 4349 τῆς
2283 4279 2460 4348 ὅψεως
2520 4279 2564 4313 ⁸⁸
2595 4278 2672 4348 τῷ
2724 4279 2971 4349 σχήματι
3047 4278 3143 4331 τοῦ
3205 4276 3536 4347 φαινομένου

285 4374 387 4444 τὴν
410 4374 608 4439 ἑαυτῆς
638 4370 1028 4441 φανερώσασαν
1050 4370 1092 4400 ⁸⁷
1181 4369 1571 4438 κεκρυμμένην
1596 4366 1771 4421 ἀνίαν.
1809 4386 1828 4418 ι

362 4466 406 4497 ⁸⁸
443 4464 555 4532 (l3)
587 4463 742 4516 Οὕτω
767 4479 831 4530 γε
869 4463 973 4532 μὴν
996 4463 1091 4515 καὶ
1116 4462 1144 4514 ὁ
1178 4461 1564 4530 Χρυσόστομος
1604 4459 1710 4530 ἔφη
1749 4463 1853 4514 πά-
1885 4465 1934 4524 Ι)
2034 4466 2038 4514 ἶ

1885 4465 1934 4524 ι)
2034 4461 2122 4516 Sic
2145 4461 2307 4516 etiam
2325 4460 2747 4531 Chrysostomus
2777 4476 2992 4517 rursum
3015 4462 3122 4517 ait:
3154 4480 3172 4512 ι
3201 4464 3279 4515 An
3317 4463 3538 4517 nescitis

290 4559 398 4609 λινο
423 4575 439 4607 t
468 4557 584 4610 Ούκ
609 4557 724 4609 ἰστε
743 4554 858 4617 πῶς
875 4555 932 4605 ἐν
963 4556 1030 4624 τῇ
1050 4552 1336 4622 τελευταίᾳ
1357 4552 1541 4622 ἡμέρᾳ
1565 4551 1857 4622 συστρέφει
1960 4576 1966 4607 ι

1960 4554 2233 4625 quomodo
2265 4553 2316 4605 in
2359 4553 2551 4606 ultimo
2592 4553 2678 4606 die
2732 4564 2951 4620 peccata
3003 4553 3376 4621 constringant
3417 4555 3538 4608 ani-

289 4649 468 4717 ψυχὴν
497 4651 540 4679 ⁶⁹
571 4649 968 4716 ἀμαρτήματας
1006 4647 1122 4708 πὼς
1153 4646 1396 4698 κάτωθεν
1427 4646 1527 4714 τὴν
1560 4645 1790 4712 καρδίαν
1813 4647 1859 4678 ⁷ο
1963 4662 1965 4696 1

1963 4645 2144 4698 mam?
2175 4644 2444 4713 quomodo
2474 4657 2568 4696 cor
2596 4641 2854 4696 deorsum
2889 4641 3145 4696 trahant?
3183 4642 3336 4695 Unde
3368 4645 3537 4697 multa

291 4741 577 4803 ἀνακινεί;
615 4739 780 4791 Ὅθεν
808 4737 1042 4806 δείματα
1093 4738 1262 4790 πολλά
1294 4739 1443 4790 ἐστιν
1491 4738 1713 4793 ἀκούειν
1737 4741 1860 4793 τότε
1962 4753 1967 4790 1

1962 4736 2126 4791 refert
2150 4735 2442 4800 horrenda,
2476 4748 2686 4789 necnon
2721 4743 2848 4788 tunc
2881 4733 3060 4789 vultus
3093 4733 3335 4803 aspicere
3393 4735 3536 4802 cogit

290 4832 622 4901 διηγουμένη
655 4832 696 4862 ⁷¹
730 4830 825 4883 καὶ
847 4830 999 4898 seu;
1038 4829 1294 4898 φοϐερὰς,
1323 4823 1400 4882 ὧν
1432 4830 1553 4882 ούδέ
1602 4831 1696 4900 τὴν
1721 4830 1858 4885 θεω-
1963 4842 1966 4879 l

1963 4826 2298 4889 tremendos,
2341 4841 2573 4895 quorum
2615 4833 2894 4894 aspectum
2931 4822 3076 4879 ferre
3109 4834 3387 4893 nequeunt
3438 4825 3535 4877 ab-

297 4921 419 4992 ρίαν
450 4921 636 4976 λοιπὸν
688 4922 945 4993 φέροντες
985 4922 1033 4974 οἰ
1066 4921 1340 4986 ἀπιόντες,
1379 4921 1476 4974 καὶ
1517 4922 1616 4992 τὴν
1664 4923 1854 4994 κλίνην
1964 4939 1973 4972 ι

1964 4930 2194 4976 euntes:
2226 4921 2422 4976 lectum
2469 4918 2643 4988 ipsum
2688 4918 2858 4972 multo
2893 4932 3020 4972 cum
3076 4915 3295 4973 fremitu
3356 4919 3539 4989 exagi-

1503 5086 1704 5148 νει-ἰῶ
1744 5086 2049 5150 lectiones
2075 5092 2134 5146 et
2167 5094 2356 5148 notua.

366 5242 408 5270 ³⁹
449 5240 629 5300 αὐτοῖς
657 5253 765 5290 om.
797 5235 857 5290 L.
936 5236 979 5267 ⁸⁹
1007 5235 1437 5290 άποπεπτώκασι
1467 5237 1587 5290 cod.
1618 5244 1671 5290 et
1702 5235 1760 5289 L.

295 5313 341 5342 ιι
371 5311 455 5361 ἀν,
499 5309 660 5375 dare;
707 5308 804 5371 μὲν
836 5309 864 5360 ὁ
903 5304 966 5359 D.
1067 5307 1109 5338 "
1159 5307 1459 5375 ἀρχόμενος
1492 5307 1616 5361 cod.

294 5379 578 5433 Bibl.Max.
605 5374 669 5429 ν.
694 5376 834 5430 884ῗ
947 5377 990 5408 ⁸⁷
1038 5374 1452 5445 ἁμαρτημάτων
1491 5375 1549 5430 L.

1863 5237 1903 5310 ‘_‘
1948 5235 2357 5310 αὐτοϐουλήτως
2387 5234 2464 5310 L._
2497 5238 2593 5310 _r"
2632 5237 2887 5310 ἀποσχιζ.
2925 5237 3006 5310 Da
3084 5237 3131 5270 “
3168 5239 3439 5310 μηδεμίαν
3476 5240 3536 5296 L.

1712 5306 1758 5337 "
1791 5307 1898 5359 Τοῦ
1930 5306 2202 5376 Διαδόχου.
2228 5307 2468 5376 episcOpi
2497 5306 2749 5362 Pliotices
2793 5312 2858 5362 de
2890 5306 3537 5376 perfectione'spirituali.

1653 5376 1698 5462 ξ·
1727 5377 1910 5458 αὐτοῖς
1938 5377 2080 5462 cod.
2165 5375 2368 5462 “'xai
2396 5375 2528 5462 31ηζ
2557 5376 2653 5462 ι...
2706 5378 2766 5462 ,³⁸
2833 5379 3056 5448 εὔδηλον
3108 5381 3188 5433 ὅτι
3231 5375 3367 5449 πρὸς
3414 5381 3540 5441 τοὺς

293 5467 451 5518 ταρτ.
485 5446 547 5500 L.
587 5448 667 5528 -"
704 5446 982 5515 ἀγαλμένη
1018 5444 1089 5498 ἰλζ
1155 5447 1200 5477 ⁸³
1227 5447 1258 5514 ἡ
1290 5447 1436 5515 ψυχή
1489 5447 1546 5500 L,
1621 5448 1665 5478 δι
1703 5446 1890 5498 πασῶν
1934 5463 1969 5497 π

298 5518 359 5571 L.
436 5520 482 5552 ⁸⁵
509 5517 613 5589 Του
648 5516 801 5589 ἁγίου
835 5514 1068 5589 Νείλου
1104 5584 1118 5589 _
1169 5516 1214 5546 “
1246 5519 1279 5589 ό
1302 5517 1444 5589 ἱερὸς
1474 5516 1596 5589 ἔφη,
1643 5518 1722 5571 ’0.
1753 5517 1969 5589 ,φόϐερόε

1863 5464 1890 5495 ν
1934 5445 2188 5515 πράξεων
2235 5444 2295 5498 L.
2393 5447 2441 5479 “
2469 5447 2566 5513 τῆς
2606 5447 2828 5519 εἰρήνης
2879 5444 3153 5516 ἐπείγεται
3199 5444 3338 5518 μετά
3387 5469 3440 5519 χ.
3478 5467 3535 5515 φ.

1859 5517 1990 5589 ἱερόν
2023 5517 2138 5568 ἐστι
2173 5515 2233 5589 _[..
2328 5516 2372 5549 "
2404 5520 2434 5585 ή
2465 5515 2609 5588 ψυχή
2641 5517 2696 5570 L.
2803 5520 2850 5551 ⁸⁸
2880 5519 3077 5589 συνεχῆ
3112 5519 3172 5574 L.
3206 5521 3304 5589 τήν
3336 5535 3442 5573 om.
3473 5519 3535 5575 L.

299 5533 359 5571 L.
436 5533 482 5552 "
523 5533 613 5567 ιου
648 5533 801 5583 αγιου
838 5533 1024 5568 nemos
1048 5533 1068 5568 ῖ
1169 5533 1214 5546 ·-
1249 5533 1274 5566 ο
1302 5533 1444 5583 ιερος
1474 5533 1596 5584 εφη.
1648 5533 1722 5571 'U.
1762 5533 1971 5583 cpoosprr

295 5590 343 5622 ”
381 5586 726 5645 ἀπειλοῦντες
758 5585 833 5648 ὼς
873 5587 1069 5654 ἀμειδῆ
1104 5584 1162 5641 L.
1193 5656 1199 5658 _
1241 5585 1284 5616 ‘°
1314 5587 1642 5658 σκυθρωπὴν
1691 5585 1894 5658 φώραν-
1935 5584 1971 5637 L

1867 5533 1990 5583 ερον
2023 5533 2138 5568 εστι
2175 5533 2233 5568 ι..
2328 5533 2367 5549 τ’
2404 5534 2434 5585 η
2465 5533 2609 5588 ψυχη
2641 5533 2696 5570 ιλ.
2803 5533 2850 5551 ὀ
2880 5536 3077 5589 συνεχη
3112 5533 3172 5574 ιι.
3206 5533 3304 5589 τήν
3336 5535 3442 5573 om.
3473 5533 3535 5575 ιι.

1863 5604 1894 5658 ι-
1935 5584 1994 5637 L.
2023 5586 2269 5658 -τ-Αχώρα
2321 5593 2440 5658 coll.
2473 5589 2690 5654 xospia?
2764 5591 2804 5621 "
2842 5591 2871 5656 ἡ
2921 5606 3030 5643 om.
3069 5589 3130 5644 L.
3207 5591 3250 5623 "
3287 5590 3539 5658 πεπλημ-

301 5658 582 5728 μελημένοι
609 5685 676 5696 -—-
711 5659 1081 5728 περιμένουσα
1124 5656 1344 5728 κόλασιν
1377 5654 1465 5710 La
1515 5657 1559 5687 “
1587 5654 1936 5728 δεικνύων-1η
1990 5655 2061 5728 _“
2091 5654 2252 5723 δήλου
2283 5657 2403 5728 coll.
2486 5659 2529 5688 "
2564 5658 2628 5728 ὲκ
2649 5658 2756 5711 τῶν
2784 5654 2903 5712 ἐκεῖ
2933 5661 3186 5728 χαλεπῶν
3220 5661 3279 5714 L.
3316 5654 3532 5728 (χαλεπ.

300 5724 443 5792 rod.)
478 5725 598 5794 ἔσχε
641 5724 812 5780 cod}-
863 5726 1152 5792 χαλεπῶνῗ
1225 5729 1268 5757 ⁶⁶
1291 5728 1462 5793 ὂψεως
1497 5729 1588 5780 καὶ
1613 5727 1690 5791 τῷ
1725 5743 1808 5794 σχ.
1846 5724 1901 5778 Ιι.
1984 5726 2026 5756 ⁸⁷
2060 5725 2447 5793 φανερωσάσης
2476 5745 2526 5780 κ.
2551 5727 2732 5781 ἄνοιαν
2759 5729 2818 5783 Ιι.

2902 5733 2945 5762 ⁸⁸
2982 5732 3085 5784 Τοῦ
3111 5734 3223 5801 Χρυ
3234 5729 3536 5798 σοστόμουτ

299 5797 340 5827 ⁸⁸⁵
378 5785 620 5864 ψυχή’ἰι.
704 5797 742 5824 το
781 5785 1126 5867 τῆξκαρὸἱσς
1166 5800 1246 5852 ἀν.
1282 5785 1343 5850 ὁ(
1371 5785 1460 5849 καὶ
1493 5798 1538 5853 ὃ.
1592 5785 1799 5851 πολλῶν
1839 5796 1893 5848 L.
1980 5798 2016 5826 ⁷¹
2063 5785 2430 5865 διηγουμένων
2484 5797 2539 5851 L.
