4244 6440
775 379 878 440 859
896 408 898 411 ·

1969 377 2294 437 GEORGII
2335 378 2788 438 IIAMARTOLI

3920 373 4039 436 860

775 510 928 562 tant,
995 507 1050 550 et
1114 498 1250 552 truci
1312 498 1464 551 vultu
1534 507 1779 553 astantes
1853 500 2170 559 intuentur.
2233 500 2424 558 ani-A

2379 501 2424 558 Α
2455 496 2626 567 αὐτὴν
2661 496 2797 566 μετά
2837 496 3037 565 πολλῆς
3084 497 3183 566 τῆς
3226 495 3403 566 ῥύμης
3435 498 3751 550 τινάσσουσι
3788 497 3884 548 καὶ
3931 511 4035 562 φ)-

779 606 862 642 ma
919 590 1144 644 interius
1177 590 1501 642 conturbata
1570 604 1742 658 neque
1804 590 1870 642 de
1922 605 2149 659 corpore
2203 591 2350 644 exire

776 682 1007 736 volente.
1107 680 1161 735 Si
1246 683 1390 734 enim
1451 690 1631 735 truces
1682 695 1804 734 eum
1868 681 2111 735 videmus
2179 681 2352 735 homi-

778 760 875 826 nes
926 772 1386 840 pertimescimus,
1445 775 1682 824 minaces
1740 772 1961 840 angelos
2025 785 2352 841 severasque

778 865 1072 918 astantium
1102 866 1374 933 potentias
1394 872 1695 925 cernentes,
1733 865 1863 932 quid
1889 878 1993 917 non
2038 865 2352 918 timebimus

779 957 908 1008 dum
944 971 971 1008 τι
1009 971 1236 1022 corpore
1276 956 1651 1025 separabimur
1692 965 1747 1009 et
1795 957 1974 1009 anima
2016 956 2351 1022 detrahetur,

780 1050 947 1101 multa
980 1048 1072 1102 sed
1107 1047 1308 1102 frustra
1341 1049 1737 1118 ingemiscens?
1769 1066 1788 1099 ι

850 1307 1068 1380 Necnon
1101 1339 1330 1396 magnus
1378 1325 1608 1380 Basilius
1665 1325 1913 1380 hortatur
1950 1325 2136 1383 dicens
2169 1343 2183 1381 :
2223 1346 2243 1380 ι
2279 1327 2357 1382 Ne

783 1418 949 1484 igitur
975 1415 1192 1470 dill'eras
1226 1417 1292 1470 de
1333 1418 1418 1470 die
1454 1418 1506 1469 in
1539 1416 1704 1478 diem,
1763 1434 1829 1471 ne
1881 1418 2091 1474 incidas
2142 1421 2194 1472 in
2231 1435 2356 1475 eum

782 1521 943 1574 quem
985 1521 1093 1558 non
1129 1515 1412 1573 exspectas
1442 1505 1624 1570 diem;
1661 1515 1808 1570 tunc,
1845 1522 1967 1561 cum
2001 1507 2253 1562 deserent
2307 1519 2358 1565 te

783 1598 905 1649 vita:
941 1594 1116 1649 fontes
1145 1603 1199 1647 et
1231 1595 1500 1664 angustiae
1534 1596 1773 1664 undique
1803 1605 1966 1652 erunt
2013 1605 2067 1651 et
2105 1598 2357 1654 inconso-

784 1686 960 1739 labilis
990 1684 1234 1748 aﬂlietio,
1261 1686 1676 1754 desperantibus
1725 1685 1972 1750 medicis,
2007 1687 2358 1758 propinquis-

2453 587 2615 657 (ἱερὸν
2658 588 2889 658 ἐνορῶσι
2943 590 3058 650 τοῖς
3107 587 3398 658 παροῦσιν.
3448 587 3545 656 τῆς
3583 585 3764 656 ψυχῆς
3802 583 3953 637 ἔνδον
3988 585 4035 615 ’³

2453 681 2652 750 ἑαυτῆς
2697 679 2944 750 ὠθούσης
2983 681 3077 734 καὶ
3224 678 3486 748 θελούσης
3516 678 3902 749 ἀπορραγῆναι
3933 676 4032 730 τοῦ

2455 772 2730 843 σώματος·
2761 775 2812 826 εί
2854 774 2964 844 γὰρ
2991 772 3314 842 ἀνθρώπους
3346 771 3620 841 φοϐεροὺς
3669 770 3966 839 ξη,,ορεῖ,,η.ες
3985 767 4034 798 1a

2453 866 2826 933 δεδιττόμεθα,
2880 865 3146 934 ἀγγέλους
3191 865 3600 934 ἀπειληφόρους
3644 861 3739 912 καὶ
3766 861 4033 928 δυνάμεις

2453 958 2766 1026 ἀποτόμους
2796 957 2906 1009 τῶν
2947 953 3477 1027 παραπεμπομένων
3512 951 3820 1020 βλέποντες,
3860 947 4032 1017 587

2453 1052 2504 1103 τί
2546 1050 2606 1103 ού
2634 1050 2952 1120 πεισόμεθα,
2982 1049 3291 1118 ἑλκομένων
3319 1046 3364 1077 ⁷⁸
3393 1044 3551 1114 ἡμῶν
3573 1043 3682 1098 ἀπὸ
3711 1041 3807 1094 τοῦ
3844 1039 4035 1108 σῶμα·

2454 1160 2545 1206 τος
2595 1144 2691 1195 καὶ
2741 1140 3118 1212 χωριζομένης
3166 1141 3266 1210 τῆς
3306 1137 3506 1208 ψυχῆς,
3539 1134 3708 1188 πολλά
3760 1130 4033 1200 ἀποδυροο

2460 1235 2627 1305 μένης
2650 1235 2695 1266 ⁷⁸
2727 1235 2846 1288 ἐκεῖ
2871 1235 2964 1287 καὶ
2998 1233 3209 1303 μάτηνς
3243 1250 3262 1283 ι

2528 1327 2573 1358 ’⁸
2603 1327 2715 1397 (Μ)
2743 1327 2856 1382 Καὶ
2885 1327 3072 1394 μέντοι
3109 1327 3204 1378 καὶ
3225 1325 3254 1378 ό
3300 1324 3472 1393 μέγας
3509 1321 3782 1382 Βασίλειος
3822 1335 4033 1388 παραισ

2459 1418 2540 1469 νεῖ
2571 1416 2765 1484 λέγων’
2815 1433 2834 1468 t
2859 1415 2952 1486 Μὴ
2990 1415 3038 1447 "
3091 1415 3275 1468 τοίνυν
3311 1412 3577 1467 ἀνάϐαλλε
3624 1413 3669 1445 ⁷³
3719 1411 3936 1482 ἡμέραν
3972 1408 4034 1472 ἐξ

2459 1510 2694 1581 ἡμέρας,
2729 1509 2816 1562 ἵνα
2847 1509 2921 1579 μὴ
2955 1508 3205 1578 ἐμπέσῃς
3231 1507 3312 1569 είς
3349 1506 3417 1576 ἠν
3454 1505 3514 1558 ού
3561 1505 3863 1576 προσδοκᾷς
3895 1502 4033 1573 ἠμέ-

2463 1622 2588 1673 ραν,
2617 1603 2785 1672 ἡνίκα
2827 1602 2925 1672 μὲν
2953 1599 3292 1656 ἀπολείπωσί
3332 1615 3389 1650 σε
3421 1599 3477 1650 αἱ
3508 1598 3551 1629 ⁷⁸
3589 1595 3683 1650 τοῦ
3717 1595 3817 1666 ζῇν
3871 1597 4036 1664 ἀφορ-

2465 1697 2584 1766 μαὶ,
2611 1694 2815 1764 ἀπορία
2843 1693 2899 1745 δὲ
2932 1690 3196 1745 πάντοθεν
3229 1690 3326 1744 καὶ
3361 1687 3542 1758 θλίψις
3573 1687 4031 1758 ἀπαραμύθητος,

785 1791 892 1845 que
926 1776 1376 1845 desperantibus;
1439 1791 1563 1829 cum
1621 1775 1768 1845 gra'vi
1798 1777 1964 1830 halitu
2021 1779 2360 1850 paralysique
2393 1837 2432 1856 n

2359 1808 2360 1813 ‘
2393 1837 2432 1856 η
2462 1786 2848 1856 ἀπειρηκότων
2882 1783 2980 1855 μὲν
3026 1781 3251 1851 ἰατρῶν,
3283 1780 3667 1849 ἀπειρηκότων
3714 1779 3769 1832 δέ
3802 1778 3915 1832 τῶν
3955 1779 4035 1831 ol-

786 1877 997 1935 eaptus,
1029 1867 1160 1922 febri
1191 1867 1348 1933 intus
1376 1876 1586 1931 urente,
1614 1882 1681 1921 ex
1714 1868 1827 1921 imo
1876 1869 2037 1924 corde
2066 1885 2271 1939 gemes,
2308 1881 2363 1926 et
2393 1867 2434 1892 ”

2359 1912 2363 1925 ι
2393 1867 2434 1892 ν
2465 1880 2647 1944 κείων,
2680 1879 2770 1932 ὅτε
2805 1875 2997 1946 πυκνῷ
3017 1876 3063 1907 ⁸⁰
3087 1875 3328 1943 ἄσθματι
3360 1874 3456 1926 καὶ
3489 1871 3636 1942 ξηρῷ
3662 1871 4035 1941 συνεχόμενος,

787 1974 894 2012 non
927 1957 1020 2026 qui
1052 1958 1366 2011 consoletur
1407 1958 1688 2023 invenies;
1731 1960 1996 2014 clamabis
2041 1975 2172 2016 voce
2221 1961 2364 2017 lassa

791 2051 1072 2119 tenuique,
1105 2058 1157 2103 et
1189 2065 1297 2104 non
1331 2050 1434 2105 erit
1461 2051 1550 2119 qui
1595 2052 1777 2105 audiat
1810 2069 1824 2104 :
1869 2065 2030 2106 omne
2084 2053 2227 2122 quod
2257 2069 2285 2105 a
2313 2063 2366 2109 te

791 2142 954 2196 fuerit
1022 2143 1225 2197 dictum
1298 2153 1555 2212 tanquam
1630 2144 1880 2198 delirium
1962 2155 2363 2202 contemnetur.

791 2234 963 2289 Nemo
993 2236 1159 2306 igitur
1192 2245 1243 2290 te
1270 2236 1504 2304 decipiat
1533 2237 1787 2292 inanibus
1843 2238 2106 2308 vanisque
2151 2239 2364 2307 verbis;

793 2329 1138 2396 superveniet
1181 2330 1324 2383 enim
1383 2328 1477 2382 tibi
1535 2329 1710 2384 subita
1748 2345 1917 2396 mors,
1967 2343 2018 2385 et
2057 2330 2182 2386 linis
2222 2331 2368 2386 velut

797 2431 1091 2490 tempestas
1121 2422 1350 2490 parebit.
1384 2422 1568 2476 Veniet
1599 2423 1743 2476 enim
1779 2424 1951 2478 tristis
1985 2425 2227 2494 angelus,
2256 2425 2371 2480 vio-

794 2513 969 2567 lenter
1007 2513 1282 2568 abducens
1327 2514 1730 2584 detrahensque
1773 2516 2011 2569 animam
2057 2525 2203 2569 tuam
2247 2531 2371 2586 pec-

795 2604 932 2659 catis
978 2604 1308 2669 devinctatn,
1346 2620 1489 2675 saepe
1535 2608 1914 2676 respicientem
1953 2608 2020 2668 ad
2060 2611 2368 2678 praasontia,

799 2697 1136 2763 multumque
1165 2699 1440 2753 dolentem
1474 2700 1680 2769 absque
1726 2715 1879 2764 voce,
1931 2703 2231 2772 gemituum
2279 2719 2373 2758 or-

798 2803 939 2858 gano
975 2789 1200 2858 jamjam
1242 2791 1521 2859 impedito.
1559 2791 1603 2846 0
1647 2800 1910 2859 quantum
1958 2802 2012 2848 te
2065 2794 2369 2849 Iacerabis!

797 2889 1062 2950 quantum
1095 2896 1279 2949 gemes
1301 2882 1530 2946 frustra,
1559 2885 1625 2937 de
1652 2884 1793 2938 male
1819 2884 2135 2940 deliberatis
2158 2897 2211 2939 et
2241 2887 2376 2943 actis

800 2971 1102 3040 pmnitens!
1135 2973 1291 3028 Tunc
1321 2974 1471 3029 dices
1507 2974 1560 3027 in
1587 2989 1825 3029 maerore
1847 2978 2030 3032 cordis
2054 2978 2130 3030 tui
2164 2995 2178 3032 :
2219 2997 2237 3029 ι
2265 2976 2373 3042 Vm,

800 3079 880 3118 vae
939 3065 1098 3130 mihi,
1167 3080 1234 3120 eo
1306 3067 1452 3136 quod
1521 3067 1664 3122 istud
1724 3082 1886 3137 grave
1966 3069 2171 3133 peccati
2237 3086 2378 3127 onus

2466 1973 2701 2044 πυρετοῦ
2733 1971 2778 2005 ⁸⁸
2820 1972 2889 2026 τὰ
2923 1969 3079 2023 ἔνδον
3103 1968 3383 2040 μυχῶντος
3413 1967 3482 2029 δ’,
3513 1964 3774 2036 στενάξῃς
3801 1963 3902 2034 μὲν
3932 1963 4038 2017 ἀπὸ

2471 2064 2642 2135 μέσης
2663 2063 2916 2135 καρδίας,
2962 2063 3055 2116 τὸν
3096 2062 3154 2114 δὲ
3187 2057 3636 2127 συλλυπούμενον
3666 2057 3766 2126 οὐχ
3801 2054 4038 2125 εὒρήσης

2468 2157 2562 2210 καὶ
2608 2156 2819 2227 φθέγξῃ
2871 2154 3057 2225 μέντοι
3089 2170 3155 2222 γε
3187 2153 3233 2185 ⁸³
3265 2152 3463 2204 λεπτὸν
3504 2149 3599 2202 καὶ
3639 2147 3893 2218 ἀδρανὲς,
3923 2148 3951 2200 ὁ
3985 2146 4040 2199 δὲ

2468 2247 2682 2302 ἀκούων
2727 2249 2829 2301 οὐκ
2871 2247 3039 2300 ἐστιν·
3072 2246 3182 2299 πᾶν
3221 2243 3278 2296 δέ
3307 2241 3366 2297 τὸ
3401 2241 3736 2311 λαλούμενον
3768 2238 3922 2310 παρά
3948 2254 4040 2291 σου

2468 2342 2542 2404 ὡς
2592 2341 2994 2411 παραφροσύνη
3031 2336 3481 2407 καταφρονεῖται.
3524 2333 3735 2403 Μηδεὶς
3784 2327 3881 2386 οῦν
3919 2331 4043 2395 ἐξα-

2470 2437 2695 2489 πατὰ-ιω
2728 2450 2788 2486 σε
2835 2433 3013 2494 κενοῖς
3065 2431 3246 2499 λόγοις
3273 2429 3320 2461 ⁸⁸
3358 2428 3454 2481 καὶ
3508 2425 3781 2497 ματαίοις*
3820 2421 4048 2492 ἐπιστή-

2474 2543 2628 2579 σεται
2666 2525 2774 2594 γάρ
2802 2541 2885 2577 σοι
2926 2522 3170 2592 ἀφνίδιος
3215 2519 3440 2590 ὄλεθρος
3476 2518 3633 2587 καὶὴ
3694 2513 4046 2584 καταστροφὴ

2471 2619 2673 2688 ὁμοίως
2704 2616 2984 2684 καταιγίδι
3012 2616 3200 2684 παρεῖο
3233 2612 3353 2682 ἥξει
3386 2611 3499 2680 γὰρ
3524 2608 3759 2678 ἄγγελος
3794 2607 4050 2676 κατηφὴς

2474 2709 2704 2777 ἀπάγων
2726 2707 2920 2778 βιαίως
2951 2707 3046 2760 καὶ
3087 2705 3267 2774 σύρων
3290 2720 3383 2756 σου
3425 2703 3525 2772 τὴν
3544 2699 3722 2771 ψυχὴν
3758 2698 4050 2767 δεδεμένην

2471 2804 2594 2865 ταῖς
2616 2800 2941 2873 ἁμαρτίαις,
2975 2796 3155 2850 πυκνά
3188 2796 3236 2827 ⁸⁵
3265 2791 3786 2864 μεταστρεφομένην
3824 2790 3960 2858 πρὸς
3981 2787 4050 2839 τά

2474 2887 2575 2946 ὦδε
2604 2894 2696 2945 καὶ
2719 2889 3056 2959 ὀδυρομένην
3077 2887 3208 2941 ἀνευ
3236 2885 3443 2955 φωνῆς,
3471 2881 3567 2936 τοῦ
3597 2882 3834 2953 ὀργάνου
3860 2879 4053 2932 λοιπὸν

2475 2986 2585 3040 τῶν
2640 2985 2858 3054 θρήνων
2914 2978 3393 3040 ἀποκλεισθέντοςο
3443 2969 3488 3029 ὦ
3544 2974 3688 3028 πόσα
3751 2969 4059 3042 σπαράξεις

2480 3076 2730 3140 σεαυτὸν,
2760 3068 2806 3128 ὧ
2832 3074 2976 3127 πόσα
3012 3070 3288 3136 στενάξεις
3318 3069 3600 3136 ἄπρακτα,
3657 3063 3934 3135 μετανοῶν
3959 3063 4061 3116 ἐπὶ

799 3169 912 3210 non
976 3156 1308 3226 abjeceriml
1369 3155 1463 3212 Vae
1533 3158 1667 3212 mibi
1729 3158 1876 3228 quod
1948 3161 2193 3215 maculas
2266 3176 2448 3243 nunc

2405 3186 2448 3243 ο
2479 3168 2594 3231 τοῖς
2636 3164 2827 3226 κακῶς
2871 3161 3211 3234 βουλευθεῖσι
3248 3159 3343 3214 καὶ
3389 3157 3735 3228 πραχθεῖσιν.
3784 3149 3885 3243 βία
3911 3154 4063 3223 ἐρεῖς

801 3249 1059 3304 laverim!
1117 3265 1152 3305 ο
1203 3265 1369 3320 prava
1424 3250 1656 3305 consilia
1707 3265 1771 3305 ac
1822 3249 2061 3305 hedera!
2123 3267 2248 3306 nam
2309 3254 2379 3307 ob

803 3352 1240 3396 momentaneam
1294 3343 1499 3411 peccati
1533 3341 1970 3406 delectationem,
2013 3343 2066 3396 in
2113 3354 2374 3398 mternum

805 3435 1020 3502 puuiar.
1074 3433 1156 3488 0b
1213 3434 1394 3488 carnis
1443 3433 1777 3504 voluptatem
1819 3443 1875 3488 et
1928 3443 2119 3488 aestum
2174 3441 2380 3489 aeterno

805 3525 1068 3595 subjiciar
1117 3526 1246 3596 igni.
1299 3525 1514 3581 Iustum
1561 3535 1648 3582 est
1701 3525 1799 3582 Dei
1850 3525 2166 3595 judicium:
2217 3541 2381 3581 voca-

807 3621 925 3684 bar,
960 3629 1014 3674 et
1064 3635 1171 3674 non
1221 3621 1545 3686 audiebam;
1602 3621 2053 3676 contestabantur
2112 3619 2268 3683 mihi,
2329 3630 2384 3674 et

807 3728 908 3785 ego
953 3712 1220 3766 ridebam.
1260 3730 1278 3764 ι
1347 3711 1472 3766 Ilaec
1522 3722 1578 3768 et
1617 3712 1818 3769 sitnllia
1858 3713 2007 3767 dices
2051 3719 2202 3765 tuam
2261 3711 2382 3780 plo-

809 3805 986 3858 rando
1025 3813 1254 3871 sortem,
1312 3814 1440 3858 ante
1477 3804 1852 3875 penitentiam
1912 3813 2232 3874 praareptus.
2276 3803 2386 3858 Ita-

809 3912 917 3967 que
964 3899 1230 3952 miserere
1277 3899 1353 3952 tui
1389 3898 1696 3965 habetoque
1734 3897 1789 3952 in
1839 3906 2023 3951 mente
2075 3897 2218 3950 diem
2253 3896 2387 3950 ulti-

811 4005 985 4055 mum,
1018 4005 1084 4046 ac
1115 3992 1451 4046 tremendam
1483 4005 1610 4045 vere
1659 3991 2028 4056 miseramque
2073 3990 2251 4044 exitus
2302 3989 2388 4044 lu-

812 4083 1104 4138 ctationem
1127 4093 1182 4138 et
1203 4082 1641 4149 suﬂocationem,
1667 4091 1720 4138 et
1738 4083 1946 4152 agonia;
1971 4081 2184 4146 horam,
2206 4096 2390 4150 prom-

811 4182 1073 4244 ptamque
1109 4173 1204 4228 Dei
1231 4175 1580 4239 sententiam,
1613 4183 1668 4228 et
1695 4173 1919 4242 angelos
1964 4172 2304 4239 festinantes,
2334 4182 2389 4228 et

812 4267 1050 4320 animam
1104 4275 1238 4322 tunc
1282 4266 1479 4322 misere
1513 4265 1898 4322 conturbatam
1930 4277 1996 4320 ac
2033 4265 2386 4335 exagitatam,

813 4370 868 4414 et
893 4360 1046 4415 valde
1072 4369 1398 4415 trementem
1431 4376 1495 4415 ac
1519 4360 1818 4416 desolatam
1871 4369 1925 4415 et
1951 4360 2188 4414 inaniter
2219 4359 2394 4429 ι)ωηί-

816 4463 1042 4519 tentem,
1072 4468 1198 4510 cum
1221 4455 1332 4524 jam
1357 4456 1502 4510 nulla
1533 4465 1618 4510 est
1649 4454 1872 4510 utilitas.
1903 4474 1922 4508 ι

2481 3260 2542 3313 ἐν
2566 3261 2635 3328 τῇ
2695 3255 2855 3328 ὀδύνῃ
2897 3256 2999 3324 τῆς
3049 3253 3281 3324 καρδίας
3321 3269 3416 3305 σου
3449 3251 3517 3282 ⁸⁸⁸
3556 3268 3575 3301 t
3616 3244 3706 3313 Δῐ,
3746 3242 3802 3302 aI
3835 3263 3926 3316 με,
3982 3246 4066 3317 μὴ

2482 3349 2792 3422 ἀπορῤίψαι
2842 3347 2907 3403 τὸ
2965 3345 3103 3418 βαρὺ
3151 3343 3311 3400 τοῦτο
3368 3342 3590 3414 φορτίον
3640 3341 3740 3410 τῆς
3783 3338 4065 3409 ἁμαρτίας

2482 3439 2541 3497 aI
2564 3443 2609 3475 "
2638 3458 2706 3514 με
2736 3441 2838 3504 τὰς
2892 3439 3122 3510 κηλίδας
3157 3436 3233 3509 μὴ
3272 3433 3718 3500 ἀποπλύνασθαι,
3745 3425 3792 3486 ὦ
3828 3432 3938 3484 τῶν
3960 3448 4070 3484 πο-

2483 3534 2666 3605 νηρῶν
2710 3530 3101 3603 βουλευμάτων
3139 3528 3236 3582 καὶ
3286 3523 3790 3591 συναλλαγμάτωνί
3823 3521 3912 3574 διὰ
3949 3522 4068 3591 γὰρ

2487 3627 2823 3698 πρόσκαιρον
2860 3622 3137 3694 ἁμαρτίας
3161 3619 3485 3678 ἀπόλαυσιν,
3514 3617 3733 3670 αίώνιον
3771 3612 4071 3684 βασανίζο-

2490 3736 2610 3790 μαιο
2645 3719 2736 3773 διὰ
2760 3717 2967 3788 σαρκὸς
2984 3715 3180 3787 ἡδονὴν
3206 3712 3303 3767 καὶ
3326 3711 3576 3783 πύρωσιν
3597 3709 3675 3780 τῷ
3700 3707 3905 3776 αἰωνίῳ
3929 3706 4073 3776 πυρὶ

2485 3812 2879 3883 παραδίδομαι·
2921 3808 3109 3862 δικαία
3135 3809 3171 3876 ἡ
3212 3805 3396 3874 κρίσις
3426 3804 3520 3856 τοῦ
3556 3801 3716 3855 Θεοῦ·
3749 3798 4074 3866 ἐκαλούμην

2485 3907 2582 3962 καὶ
2612 3906 2712 3976 οὐχ
2743 3903 3038 3974 ὑπήκουον·
3067 3896 3506 3968 διεμαρτύραντό
3542 3910 3655 3965 μοι,
3685 3891 3797 3960 ἐγὼ
3815 3891 3872 3944 δέ
3895 3907 4072 3943 κατε-

2485 3995 2681 4066 γέλων.
2723 4013 2742 4046 »
2787 3991 2975 4047 Ταῦτα
3033 3989 3133 4043 καὶ
3186 3988 3258 4041 τά
3319 3984 3542 4040 τοιαῦτα
3593 3984 3740 4053 ἐρεῖς
3769 3980 4077 4036 ἀποκλαιό-

2492 4106 2652 4160 μενος
2672 4085 2904 4140 σεαυτὸν
2928 4083 3016 4148 ἂν,
3041 4078 3520 4153 προαναρπασθεὶς
3539 4076 3641 4143 τῆς
3668 4072 3977 4145 μετανοίας.
4000 4101 4076 4112 -

2489 4177 2701 4233 Οὐκοῦν
2735 4176 2959 4245 ἐλέησον
2983 4171 3213 4226 σεαυτὸν
3240 4169 3339 4223 καὶ
3377 4167 3510 4222 λάὁε
3533 4167 3600 4236 δὴ
3624 4166 3705 4229 είς
3731 4164 3941 4217 ἐννοιαν
3968 4161 4078 4232 τὴν

2489 4270 2727 4340 ἐσχάτην
2766 4266 3006 4338 ἡμέραν,
3040 4262 3140 4333 τὴν
3184 4261 3360 4323 δντως
3413 4257 3866 4328 φρικωδεστάτην
3899 4252 3944 4286 ⁸⁸
3976 4257 4078 4307 καὶ

2477 4361 2862 4431 ἐλεεινοτέραν
2885 4358 2934 4392 ⁸⁸
2955 4356 3056 4425 τῆς
3087 4353 3293 4419 ἐξόδου,
3344 4351 3514 4421 (152⁸)
3536 4349 3632 4403 καὶ
3668 4348 3922 4417 συνοχὴν,
3977 4347 4080 4400 καὶ

2493 4454 2753 4524 πνιγμδν,
2797 4452 2898 4506 καὶ
2929 4446 3328 4520 ψυχωρραγίας
3378 4444 3426 4478 ⁸⁵
3465 4443 3616 4511 ὥραν
3654 4443 3749 4496 καὶ
3791 4441 4078 4508 ἀπόφασιν

814 4548 950 4620 Θεοῦ
1002 4549 1459 4617 κατεπείγουσαν,
1501 4551 1596 4604 καὶ
1625 4549 1898 4617 ἀγγέλους
1965 4547 2421 4619 ἐπισπεύδοντας,
2459 4549 2557 4605 καὶ
2609 4546 2794 4619 ψυχὴν
2836 4545 2898 4600 ἐν
2966 4541 3183 4605 τούτοις
3241 4537 3432 4602 δεινῶς
3477 4535 3913 4607 θορυϐουμένην,
3977 4534 4077 4586 καὶ

813 4647 1136 4714 ἰλιγγιῶσαν
1169 4648 1265 4700 καὶ
1298 4648 1608 4719 τρέμουσαν
1659 4648 1868 4719 σφόδρα
1905 4647 2002 4701 καὶ
2029 4646 2362 4718 ἀποροῦσαν,
2396 4649 2493 4702 καὶ
2521 4647 2783 4719 ἀνόνητον
2810 4644 2856 4678 ’⁸
2911 4638 3391 4714 μετανωῦσανότι
3423 4633 3617 4704 δφελος
3653 4631 3830 4685 οὐδέν.
3859 4648 3880 4682 ι

1121 4758 1449 4817 CCXXXIII.
1489 4759 1718 4833 Regnum
1767 4761 2100 4818 Heraclonaz.

893 4855 1024 4909 Post
1076 4852 1521 4920 Constantinum,
1587 4854 1822 4910 Heraelii
1896 4855 2091 4922 lilium,
2151 4857 2397 4927 regnavit

822 4939 1156 5001 lleraclonas
1217 4958 1343 4998 eum
1401 4941 1634 5000 Martina
1693 4955 1866 5001 matre
1925 4946 2205 5002 mensibus
2255 4962 2394 5016 qua-

820 5046 947 5090 tuor

896 5127 1129 5189 Senatus
1161 5142 1344 5189 autem
1368 5133 1963 5204 dejecitﬂeraclonam,
1997 5143 2072 5202 et,
2108 5134 2402 5205 amputatis

2782 4755 2946 4812 ΣΛΓ.
3010 4751 3306 4809 Βασιλεία
3347 4742 3698 4815 Ἠρακλωνᾶ
3723 4745 3794 4796 θ’.

2572 4853 2740 4926 588
2770 4850 2818 4882 ”
2863 4845 3021 4902 Μετά
3070 4840 3507 4901 Κωνσταντῖνον,
3562 4835 3681 4926 υίδν
3729 4829 4077 4926 Ἡρακλείου,

2501 4919 2850 4998 ἐϐασίλευσεν
2888 4932 3245 5006 Ἠρακλωνᾶς
3283 4929 3400 4999 ἅμα
3428 4924 3682 4997 Μαρτίνῃ
3713 4922 3883 4994 μητρὶ
3911 4919 4080 4974 αὐτοῦ

2509 5030 2773 5197 “navigii.
2793 5122 2851 5176 δέ
2883 5119 3185 5188 σύγκλητος
3217 5113 3479 5168 ἀπώσατο
3519 5106 3901 5167 Ἠρακλωνᾶν,
3921 5105 3969 5136 ’δ
4007 5106 4088 5174 ρι.

2001 5279 2202 5341 Varia;
2253 5276 2559 5339 lectiones
2602 5277 2666 5334 et
2710 5275 2903 5331 notae.

902 5401 945 5472 ’ξ
969 5402 1026 5472 ἐν
1055 5402 1220 5472 ἐαυτῇ
1247 5401 1312 5457 L.
1406 5402 1450 5434 ⁷³
1472 5401 1703 5472 ἀνδρώτι
1719 5400 1742 5453 ?
1761 5399 2047 5472 ἀνευρόντι
2061 5399 2166 5472 ἳίῐδτ

830 5559 920 5615 τος
962 5542 1023 5596 L.
1108 5544 1152 5576 ⁸³
1180 5563 1322 5615 μοιχ.
1352 5543 1513 5615 codd
1587 5543 1634 5575 ”

2263 5399 2308 5429 "
2333 5391 2728 5467 “Woch.
2793 5391 2842 5423 "
2872 5381 3211 5467 δὲυροιεένης
3240 5374 3459 5467 dri.“-
3494 5369 4082 5467 εἶτοέίέξφέἐνξξξεξῗ·

832 5471 876 5501 τι
902 5470 1010 5524 Τοῦ
1046 5458 1586 5538 ἀγίοιϊθασιλειουι·
1625 5472 1671 5503 τ’
1707 5458 1915 5542 Μὴ,μῆ
1939 5471 1999 5542 ι..
2057 5471 2104 5503 τ·
2140 5469 2442 5523 ἀναδάλλου
2464 5458 2532 5542 L.
2588 5458 2650 5542 "3
2676 5458 2965 5542 αζοπι-ἑι·

1672 5559 1736 5610 γε
1780 5539 1913 5597 ὀπὴ(
1938 5539 2000 5594 L.
2085 5541 2133 5574 “
2165 5543 2342 5610 κενοῖς
2364 5540 2486 5610 aut

3041 5440 3088 5485 δ’
3119 5440 3430 5512 πυκνῶςί.
3507 5446 3553 5479 ⁸⁸
3585 5440 3824 5511 πυρετοῦ
3853 5440 4086 5512 ὁμύχον;

2527 5508 2588 5606 ξι.
2633 5505 3109 5606 λῗὶῗτξξδῖιειφν.
3131 5523 3213 5576 δλ.
3245 5505 3337 5606 μ’
3383 5518 3432 5606 ξς
3460 5505 4048 5606 πίξιιλνςῇεξίςξμρξιῲὶ
4063 5505 4085 5557 τ

833 5576 920 5664 ῖὶῖ’
962 5576 1023 5646 ῖί
1057 5632 1150 5667 σου
1173 5576 1333 5667 5333'-
1352 5576 1507 5667 ἳὲιΐί
1548 5629 1663 5683 μοι,
1683 5576 2340 5683 ¹ἶιέ’ἶὲπῖ›”ῥριψτις“ιέῗ”’
2359 5576 2609 5683 ’ττιῑέ
2633 5576 3066 5683 ῖπέἒῖξῠῧᾷσδσῖι
3084 5576 3333 5683 ,ἤιξε-,ἔτι
3351 5576 4001 5683 .ffﬁﬁhi'jllfmfﬁi
4028 5576 4086 5683 I‘f

834 5685 877 5714 εδ
911 5685 1285 5755 ἐλεεινοτάτην
1307 5685 1425 5739 cod.
1467 5674 1810 5755 ἐλεέινότητα
1836 5681 1898 5755 ι..
1934 5674 2287 5755 calidum,
2306 5693 2510 5755 compct

1307 5685 1425 5739 eod.
1467 5674 1810 5755 ἐλεεινότήτα
1836 5681 1898 5755 1..
1934 5674 2627 5755 ei_'é)_:e'é_tv01,compcttdiq
2657 5674 2978 5755 male_lecto.

1882 5754 1927 5784 "
1983 5753 2218 5807 Rubrica
2277 5752 2392 5807 lucc
2427 5741 2579 5803 deest
2611 5748 2664 5800 in
2718 5743 2839 5798 cod.
2902 5749 2950 5794 et
2998 5741 3051 5794 in

2216 5823 2257 5856 ετ
2290 5821 2417 5878 Ced.
2446 5815 2762 5889 75532323.

828 5756 882 5827 ξ’,
924 5757 1161 5827 ἀνόνητα
1327 5757 1468 5827 ὅταν,
1504 5755 1619 5822 οφ]
1743 5753 1802 5806 L.

833 5825 1031 5892 755,16
1068 5825 1085 5883 ξ
1119 5827 1402 5883 Βασιλεύει
1428 5826 1479 5894 δὲ
1516 5827 1602 5880 'll.
1630 5825 1726 5879 σὺν
1755 5841 1810 5895 μ.
1845 5825 1900 5879 Μ
1961 5842 2021 5895 μ.
2059 5830 2132 5889 ς’-

3084 5645 3697 5733 ·είψυχορραγίειν-εεῖ·
3720 5645 4001 5733 Man:
4030 5645 4084 5733 ιτ

3081 5717 3473 5791 Μοὶι.“ρὶἰνπ’τ,
3517 5725 3670 5781 1706.
3729 5724 3776 5755 η
3803 5717 3927 5777 ait.
3962 5717 4085 5775 Ced-
