4244 6440
738 404 842 467 867

1940 401 2263 464 GEORGII
2304 399 2750 463 HAMARTOLI

3905 397 4020 460 868

736 518 1034 589 colligen‘s,
1091 528 1121 568 a
1191 512 1394 569 Judatis
1467 512 1691 584 quidem
1784 514 2201 576 monarchiam,
2266 515 2329 568 ab

2438 512 2530 567 καὶ
2565 511 2979 581 Νεστοριανοις,
3015 509 3111 563 καὶ
3142 508 3478 579 πανταχόθεν
3498 510 3920 580 ὲρανισάμενος,
3959 512 4022 576 εξ

737 608 960 662 Arionis
1006 604 1242 659 Verbum
1277 614 1332 660 et
1378 603 1645 676 Spiritum
1678 613 1915 684 creatos,
1968 621 1997 659 a
2045 604 2329 659 Nestoria-

745 702 832 755 nis
892 700 1419 770 anthropolatriam,
1487 700 1591 755 sibi
1659 699 1977 768 religionem
2034 699 2224 765 finxit,
2276 700 2331 752 et

742 789 1033 862 theologia:
1090 802 1352 861 praetextu
1406 800 1622 860 gentem
1684 792 2005 855 associans,
2071 805 2186 857 eos,
2246 789 2329 842 vi-

742 897 836 938 ros
886 899 951 939 ac
985 884 1268 949 mulieres,
1320 882 1640 938 circumcidi
1686 883 1892 947 docuit,
1938 898 2106 936 unum
2150 882 2329 937 solum

744 975 976 1029 adorare
1030 975 1223 1042 Deum,
1289 976 1570 1031 Christum
1632 976 1943 1041 honorare,
2017 976 2161 1030 sicut
2236 975 2329 1031 Dei

742 1067 1004 1133 Verbum,
1053 1083 1165 1122 non
1212 1076 1393 1123 autem
1446 1069 1666 1132 Filium,
1723 1076 1778 1121 et
1824 1067 2086 1136 Spiritum
2142 1068 2331 1122 conci-

742 1176 899 1230 pere.
928 1162 1198 1229 prolatum
1250 1169 1306 1214 et
1348 1161 1403 1214 in
1449 1175 1576 1214 aere
1616 1158 1901 1224 diﬁusum,
1956 1176 2062 1214 non
2111 1161 2165 1215 in
2199 1159 2332 1215 sub-

745 1250 945 1306 stantia
976 1260 1266 1306 contentos
1309 1266 1408 1305 ncc
1452 1252 1602 1306 Patri
1646 1253 2162 1315 cousubstantiales,
2205 1266 2333 1307 san-

744 1351 889 1396 ctam
934 1351 1115 1396 autem
1162 1342 1441 1414 Virginem
1484 1343 1708 1398 Mariam
1756 1360 1862 1398 non
1905 1346 2087 1398 dicere
2138 1342 2334 1411 Deipa-

746 1448 889 1505 ram,
912 1433 1006 1487 sed
1042 1447 1161 1485 eam
1215 1434 1396 1486 Aaron
1419 1441 1473 1486 et
1504 1432 1677 1509 Moysi
1702 1447 1953 1487 sororem
1983 1447 2291 1502 supponere
2317 1450 2331 1498 ;

750 1536 849 1574 nec
876 1520 1151 1589 baptizari
1192 1536 1294 1574 nec
1340 1520 1644 1576 Sabbatum
1694 1524 1970 1578 custodire
1996 1523 2203 1585 docuit,
2231 1537 2333 1577 nec

746 1610 1015 1678 legalibus
1049 1619 1144 1665 aut
1176 1612 1509 1682 evangelicis
1534 1614 1778 1668 moribus
1800 1627 2023 1687 operam
2052 1612 2203 1677 dare,
2237 1611 2335 1667 sed

746 1717 969 1757 crucem
1033 1706 1335 1759 abhorrere
1396 1713 1450 1760 et
1505 1706 1756 1761 umbram
1811 1705 2114 1761 Salvatoris
2164 1706 2334 1762 fuisse

751 1795 1073 1849 cruciﬁxam
1104 1796 1377 1852 conﬁteri.
1408 1797 1672 1851 Caeterum
1695 1798 1933 1865 injunxit
1964 1799 2044 1853 eis
2061 1806 2132 1884 ,ιιι
2155 1798 2334 1852 omni-

2432 603 2707 658 Ἰουδαίων
2737 603 2838 673 μὲν
2870 600 3195 672 μοναρχίαν,
3223 601 3283 665 ἐξ
3312 602 3615 671 Ἀρειανῶν
3642 602 3699 654 δὲ
3725 602 3889 669 λόγον
3923 602 4022 656 καί

2434 695 2655 763 πνεῦμα
2682 692 3044 757 κτιστά,·ίιπὺ
3094 694 3151 746 δὲ
3201 693 3593 761 Νεστοριανῶν
3653 693 3993 763 ἀνθρωπολα

2431 787 2643 857 τρείαν,
2682 783 2861 854 ἑαυτῷ
2893 786 3195 854 θρησκείαν
3230 788 3628 855 περιποιεῖται,
3660 786 3755 837 καὶ
3786 787 4015 854 προφά-

2434 894 2519 929 σει
2560 877 2897 944 θεογνωσίας
2950 876 3415 945 εἰσποιησάμενος
3444 875 3506 928 τδ
3556 877 3710 940 ἔθνος
3764 878 4017 943 ἐδίδαξεν

2433 971 2632 1033 αὐτοὺς
2656 969 3110 1040 περιτέμνεσθαι,
3172 969 3268 1021 καὶ
3317 968 3519 1040 ἄνδρας
3573 971 3667 1021 καὶ
3718 972 4017 1037 γυναῖκας,

2434 1066 2529 1116 καὶ
2560 1063 2656 1116 ἕνα
2694 1064 2856 1132 μόνον
2908 1063 3242 1132 προσκυνεῖν
3301 1061 3436 1114 Θεὸν
3489 1063 3586 1115 καὶ
3631 1061 3725 1113 τὸν
3773 1064 4023 1131 Χριστίν

2434 1157 2599 1225 τιμᾷν
2628 1154 2702 1218 ὡς
2734 1154 2893 1225 593
2919 1154 3094 1221 Λόγον
3128 1152 3268 1223 (τοῦ)
3299 1151 3437 1204 Θεοῦ
3467 1151 3636 1221 (μὲν),
3666 1151 3763 1221 οὐχ
3801 1150 3845 1182 ⁸⁸
3880 1151 4017 1205 Υίὸν

2434 1249 2490 1302 δὲ
2530 1250 2599 1313 ⁸⁹,
2643 1249 2738 1302 καὶ
2769 1247 2997 1316 Πνεῦμα
3028 1245 3368 1317 προφορικδν
3414 1246 3507 1297 καὶ
3532 1246 3614 1306 είς
3634 1246 3773 1314 ἀέρα
3808 1245 4017 1314 χεόμε-

2434 1359 2526 1393 νον
2557 1342 2831 1404 ὑπονοεῖν,
2869 1342 2968 1395 οὐκ
3002 1341 3349 1393 ὲνυπόστατα
3379 1339 3447 1402 δθ,
3484 1338 3605 1391 οὐδὲ
3646 1338 3724 1407 τῷ
3751 1338 3931 1406 Πατρλ⁵
3973 1340 4021 1370 ⁵⁸

2433 1432 2719 1501 ὁμοούσια,
2754 1432 2852 1502 τὴν
2886 1434 2944 1486 δὲ
2966 1432 3130 1500 ἁγίαν
3154 1432 3437 1501 Παρθένον
3462 1431 3681 1499 Μαρίαν
3724 1430 3798 1498 μὴ
3833 1429 4023 1495 λέγειν

2434 1526 2721 1587 Θεοτόκον,
2752 1526 2891 1579 ἀλλὰ
2937 1528 3036 1596 τὴν
3073 1524 3288 1592 ’Δαρὼν
3325 1525 3423 1577 καὶ
3472 1524 3721 1587 Μωσέως
3774 1522 4022 1592 ἀδελφὴν

2437 1617 2871 1687 (ὑπολαμϐάνειν
2902 1613 3090 1686 εἶναι),
3128 1616 3263 1686 μηδὲ
3294 1615 3680 1687 βαπτίζεσθαι,
3720 1616 3857 1686 μηδὲ
3880 1615 4019 1669 σαϐ-

2437 1708 2685 1773 ϐατίζειν
2718 1710 2941 1778 (αὐτοὺς
2971 1709 3258 1778 ἐδίδαξεν),
3296 1708 3435 1779 μηδὲ
3469 1709 3514 1740 ⁸¹
3544 1711 3656 1771 τοῖς
3703 1711 3955 1777 νομικοῖς
3986 1708 4018 1777 ἢ

2436 1801 2819 1869 εὐαγγελικοῖς
2847 1801 3031 1854 ἔθεσιν
3082 1800 3493 1865 ἐπακολουθεῖν,
3545 1800 3684 1853 ἀλλὰ
3731 1799 4023 1870 βδελύττε-

750 1885 855 1938 bus
889 1886 1116 1968 omnino
1144 1900 1176 1941 a
1202 1887 1320 1957 lege
1357 1888 1651 1957 prohibitis
1695 1876 2091 1960 participareﬂt
2137 1900 2329 1960 praeter

2438 1893 2563 1947 σθαι
2592 1892 2684 1946 τὸν
2716 1893 2950 1961 σταυρὸν
2982 1894 3078 1945 καὶ
3109 1891 3209 1962 τὴν
3263 1893 3425 1945 σκιὰν
3477 1890 3865 1963 ἐσταυρῶσθαι
3920 1888 4019 1942 τοῦ

751 1976 1006 2045 porcinas
1036 1992 1254 2045 carnes,
1278 1988 1333 2033 et
1366 1979 1492 2036 vino
1523 1994 1759 2050 prorsus
1789 1981 2151 2036 abstinerent.

2442 1984 2699 2055 Σωτῆρος
2727 1986 2778 2077 2³
2808 1986 3117 2055 ὁμολογεῖν.
3151 1985 3601 2055 Παρηγγυήσατο
3625 1984 3681 2035 δὲ
3704 1986 3886 2045 αὐτοῖς
3923 1982 4023 2035 καὶ

754 2068 911 2142 [τῶν]
936 2071 983 2104 ⁸⁸
1009 2072 1241 2126 καθόλου
1302 2074 1384 2144 τῷ
1454 2074 1606 2145 νόμῳ
1676 2076 2153 2147 ἀπηγορευμένων
2198 2081 2492 2148 μετασχεῖν
2534 2082 2580 2114 ⁸³
2635 2068 2776 2154 uti»
2834 2082 2948 2137 ὑῶν
3001 2082 3202 2154 κρεῶν,
3249 2082 3380 2154 οίνῳ
3453 2081 3509 2134 δὲ
3567 2082 3890 2135 παντάπασι
3943 2080 4019 2150 μὴ

751 2159 991 2231 χρῆσθαι
1020 2162 1090 2218 ⁸⁸.

824 2255 1126 2327 Postquam
1176 2258 1385 2329 aliquid
1444 2260 1761 2331 huiusmodi
1818 2262 2163 2328 invenisset,
2216 2279 2337 2320 sese

754 2350 894 2405 dixit
945 2349 1148 2407 factum
1203 2354 1444 2422 paradisi
1507 2356 1959 2423 clavicularium,
2006 2368 2337 2428 quaprOpter

755 2440 810 2493 in
856 2440 946 2494 die
1000 2441 1216 2509 iudicii,
1270 2453 1563 2513 postquam
1612 2445 1838 2516 ,Moyses
1890 2463 2016 2503 cum
2078 2448 2341 2506 lsraelitis

749 2530 1045 2598 adfuisset,
1095 2533 1241 2588 sicut
1290 2536 1427 2605 legis
1477 2547 1918 2608 transgressores
1970 2554 2145 2609 poenae
2196 2541 2338 2612 ignis

752 2625 941 2679 traditi
992 2624 1239 2693 fuerint;
1274 2627 1602 2697 iterumque,
1645 2628 1806 2687 Jesus
1850 2635 2061 2688 steterit
2107 2635 2163 2688 in
2207 2650 2341 2689 con-

752 2729 946 2787 spectu
979 2718 1096 2785 Dei,
1123 2728 1179 2774 et
1202 2719 1526 2789 Christiani,
1561 2726 1820 2793 quoniam
1864 2739 2051 2783 essent
2081 2729 2198 2783 ausi
2234 2729 2340 2784 tale

753 2809 916 2863 ﬁbris
935 2818 1189 2865 tonomen
1210 2812 1533 2878 attribuere,
1559 2814 1986 2884 dogmatizantes
2010 2833 2134 2872 eum
2167 2817 2338 2873 Deum

758 2907 812 2954 et
841 2899 1040 2954 Filium
1057 2900 1173 2967 Dei,
1197 2913 1253 2958 et
1268 2902 1502 2959 Verbum
1527 2907 1893 2975 incarnatum,
1912 2917 1966 2963 et
1987 2910 2335 2977 cruciﬁxum,

757 2995 1015 3063 gehenna:
1042 2999 1184 3064 ignis
1216 2996 1400 3052 traditi
1438 2998 1547 3052 sint
1568 3015 1583 3064 ;
1606 3000 1799 3054 deinde
1841 3016 1962 3056 sese
1989 3002 2124 3055 dicit
2156 3019 2186 3056 a
2226 3003 2337 3059 Deo

757 3086 930 3141 fuisse
958 3097 1227 3154 vocatum,
1261 3095 1315 3143 et
1371 3089 1527 3143 valde
1556 3090 1732 3160 pium,
1766 3100 1952 3161 utpote
1983 3093 2149 3148 t0tius
2187 3094 2339 3163 ipso-

2512 2266 2558 2298 ⁸⁷
2592 2264 2673 2338 (7)
2706 2263 2961 2317 Τοιοῦτόν
2990 2283 3042 2316 τι
3083 2263 3495 2334 μυθευσάμενος
3535 2265 3729 2317 ἑαυτὸν
3771 2262 3818 2299 ⁸⁸
3863 2265 4023 2319 κλει-

2440 2355 2633 2427 δοῦχον
2660 2356 2794 2424 φησὶ
2824 2354 3157 2423 γεγενῆσθαι
3188 2352 3282 2406 τοῦ
3333 2352 3666 2423 παραδείσου
3721 2354 3788 2418 ⁸⁸,
3825 2353 4021 2422 διόπερ

2425 2451 2584 2503 “κατα
2620 2449 2720 2519 τὴν
2760 2449 2977 2518 ἡμέραν
3015 2448 3111 2517 τῆς
3152 2446 3391 2517 κρίσεως
3421 2444 3560 2516 μετὰ
3579 2447 3641 2498 τὸ
3664 2446 4021 2517 παραστῆναι

2439 2543 2535 2595 τὸν
2561 2542 2801 2595 Μωῦσέα
2834 2542 2933 2593 σὺν
2958 2545 3069 2602 τοῖς
3102 2540 3467 2609 Ἰσραηλίταις
3490 2540 3587 2592 καὶ
3634 2539 3711 2602 ὡς
3764 2538 4024 2609 παραϐά-

2442 2652 2541 2698 τας
2561 2635 2654 2687 τοῦ
2695 2623 2963 2703 νόμου’τῇ
2993 2633 3215 2686 κολάσει
3260 2630 3356 2683 τοῦ
3388 2635 3563 2700 πυρὸς
3615 2630 4020 2702 παραδοθῆναι,

2446 2724 2603 2788 αὖθίς
2636 2724 2739 2795 (τε)
2775 2724 2984 2795 Ἰησοῦν
3037 2723 3388 2792 παραστῆναι
3436 2721 3481 2753 ⁸⁸
3524 2722 3838 2791 ἔμπροσθεν
3874 2721 4023 2790 (τοί)

2445 2814 2584 2868 Θεοῦ
2614 2816 2681 2881 ⁸⁸,
2714 2815 2838 2877 τοὺς
2886 2814 2941 2866 δὲ
2986 2814 3351 2884 Χριστιανοὺς
3394 2812 3471 2872 ὠς
3520 2810 3766 2863 τοιοῦτον
3806 2811 4019 2879 τολμήο

2448 2923 2650 2969 σαντας
2685 2906 3019 2976 προστρῖψαι
3043 2906 3121 2974 τῷ
3156 2902 3383 2974 Χριστῷ
3420 2905 3597 2971 ὄνομα
3626 2905 3723 2957 καὶ
3751 2902 3885 2955 Θεὸν
3911 2903 4026 2953 αὐ-

2444 2999 2536 3051 τὸν
2589 3000 2685 3050 καὶ
2716 2997 2845 3050 Υίὸν
2870 2998 3006 3049 Θεοῦ
3063 2997 3158 3049 καὶ
3209 2998 3387 3064 Λόγον
3442 2994 3871 3066 σεσαρκωμένον
3921 2994 4027 3046 καὶ

2448 3088 2832 3157 σταυρωθέντα
2859 3088 3327 3157 δογματίσαντας,
3348 3092 3417 3159 τῇ
3450 3087 3545 3140 τοῦ
3600 3087 3772 3158 πυρὸς
3822 3084 4028 3156 γεέννῃ

759 3192 881 3231 rum
914 3179 1091 3247 gentis
1139 3187 1423 3234 auctorem
1479 3180 1717 3249 pietatis,
1762 3180 1934 3237 fuisse
1964 3182 2267 3247 laudatum,
2293 3199 2322 3240 e

2449 3179 2858 3249 παραδοθῆναι·
2889 3176 3013 3232 εἶτα
3040 3178 3235 3232 ἑαυτόν
3263 3194 3431 3247 φησιν
3468 3177 3575 3229 ὑπὸ
3615 3173 3714 3227 τοῦ
3744 3171 3880 3226 Θεοῦ
3925 3188 4028 3222 κε-

760 3269 885 3323 ideo
914 3269 1156 3337 paradisi
1185 3270 1598 3325 clavicularium
1632 3272 1803 3327 fuisse
1838 3272 2068 3341 factum;
2104 3284 2158 3329 et
2184 3287 2336 3345 post-

756 3375 923 3427 quam
970 3360 1262 3429 paradisus
1295 3362 1365 3415 ab
1430 3362 1549 3431 ipso
1594 3362 1786 3419 fuisset
1818 3374 2062 3433 apertus,
2103 3366 2338 3423 intrasse

758 3463 884 3503 cum
919 3449 1041 3518 ipso
1062 3451 1140 3504 ait
1176 3465 1364 3505 revera
1399 3453 1744 3521 septuaginta
1779 3454 1948 3508 millia
1968 3455 2060 3524 qui
2091 3465 2338 3525 poterant

759 3540 827 3593 ad
852 3540 956 3594 hoc
976 3540 1265 3609 proﬁcere,
1298 3532 1525 3598 caeteros
1561 3555 1741 3597 autem
1761 3543 2138 3615 dijudicandos
2160 3550 2257 3612 ait,
2285 3558 2339 3605 et

758 3629 980 3699 quidem
1030 3631 1209 3701 iustos
1256 3634 1515 3704 ambigue
1563 3634 1773 3690 deliciis
1830 3635 1963 3702 frui,
2023 3650 2339 3709 peccatores

762 3729 944 3775 autem
979 3732 1249 3794 repertos,
1288 3725 1485 3793 pannis
1524 3726 1592 3781 ad
1627 3726 1762 3781 colla
1795 3728 2061 3798 alligatis,
2092 3731 2146 3784 in
2174 3744 2339 3801 para-

759 3815 942 3869 disum
998 3816 1149 3884 ipsos
1192 3817 1421 3882 intrare,
1454 3825 1510 3873 et
1561 3820 1662 3874 hos
1702 3822 2078 3887 eognominari
2112 3821 2339 3878 libertos

763 3905 858 3961 Dei
880 3916 933 3960 et
956 3904 1247 3960 Mahometi
1270 3923 1286 3973 ;
1311 3916 1421 3963 tres
1437 3922 1603 3977 porro
1624 3923 1747 3964 esse
1771 3909 1967 3966 ﬁuvios
1985 3911 2039 3964 in
2062 3912 2333 3981 paradiso,

761 3998 917 4064 dicit,
986 4013 1156 4052 unum
1207 3989 1414 4065 mellis,
1465 4000 1611 4055 aliud
1640 4001 1796 4056 lactis
1841 4012 1895 4057 et
1937 4002 2166 4057 alterum
2200 4005 2333 4069 vini,

764 4099 825 4143 ut
858 4091 1239 4159 unusquisque
1283 4092 1349 4147 ad
1390 4093 1602 4147 libitum
1638 4098 1811 4163 possit
1848 4096 1995 4149 unde
2040 4096 2167 4151 velit
2201 4098 2339 4151 bau-

762 4183 872 4237 rire
904 4192 960 4237 et
995 4182 1239 4252 expleri;
1283 4184 1541 4240 mulieres
1578 4194 1759 4240 autem
1793 4201 1914 4241 esse
1943 4202 2067 4242 cum
2101 4188 2254 4258 ipsis,
2285 4198 2340 4244 et

763 4286 1031 4327 exornare
1082 4286 1272 4327 eorum
1322 4289 1533 4340 comas,
1577 4286 1631 4330 et
1666 4279 1890 4332 omnino
1915 4293 2107 4334 curare
2151 4280 2343 4348 volup.

769 4374 925 4421 tuosa
978 4380 1248 4434 corpora;
1300 4367 1414 4422 haec
1446 4367 1548 4422 iSte
1582 4369 1735 4423 carni
1790 4370 2029 4433 deditus,
2076 4371 2336 4425 libidino-

766 4473 884 4523 sus,
906 4468 961 4512 et
987 4459 1194 4527 peccati
1217 4474 1445 4515 servus:
1472 4460 1692 4516 Judaeos
1714 4472 1894 4518 autem
1921 4472 1973 4517 et
1995 4463 2339 4518 Christianos

2447 3270 2681 3342 κλῆσθαι
2716 3270 2864 3340 μάλα
2887 3268 3121 3338 θεοσεϐῆ
3171 3271 3215 3301 ⁸³
3250 3269 3327 3332 ὡς
3354 3267 3447 3321 τοῦ
3503 3266 3710 3327 παντὸς
3756 3262 3945 3318 αὐτῶν
3977 3262 4029 3294 ⁸⁸

2446 3368 2631 3431 ἔθνους
2661 3370 2834 3421 αῐτιον
2866 3366 2912 3397 ⁸⁸
2948 3362 3261 3425 θεοσεϐείας
3310 3360 3628 3430 ὑπάρξαντα
3674 3354 4028 3410 ἐπαινεῖσθαι

2444 3462 2543 3515 καὶ
2574 3459 2767 3513 τούτου
2787 3459 2949 3529 χάριν
2995 3453 3307 3523 κλειδοῦχον
3352 3450 3449 3504 τοῦ
3490 3448 3819 3519 παραδείσου
3857 3460 4030 3512 γεγε-

2446 3552 2645 3622 νῆσθαι
2668 3564 2683 3580 ⁶
2712 3550 2806 3602 καί
2841 3566 2906 3618 γε
2937 3548 3076 3618 μετὰ
3105 3545 3168 3598 τὸ
3221 3544 3313 3597 ὑπ’
3346 3540 3515 3597 αὐτοῦ
3562 3540 3658 3593 τὸν
3693 3537 4030 3607 παράδεισον

2445 3638 2807 3710 ἀνεῳχθῆναι,
2843 3634 3259 3708 συν[εισ]ελθεῖν
3285 3632 3434 3703 αὐτῷ
3467 3631 3706 3702 (πάντως
3734 3631 3827 3680 καὶ
3854 3628 4030 3679 ἀκαν-

2445 3731 2743 3803 τιρρήτως)
2771 3735 2816 3782 o'
2841 3727 3086 3799 χιλιάδας
3109 3726 3321 3797 (φησὶν)
3348 3726 3475 3785 τοὺς
3501 3720 3833 3788 δυναμένους
3857 3720 4031 3785 ἐφορ-

2450 3824 2624 3894 μῆσαι
2686 3821 2823 3893 πρὸς
2863 3818 3045 3885 τοῦτο,
3102 3818 3232 3879 τοὺς
3274 3817 3333 3869 δὲ
3387 3815 3611 3877 λοιποὺς
3659 3810 4031 3882 κριθήσεσθαι

2446 3917 2673 3987 φάσκει,
2712 3914 2809 3967 καὶ
2848 3913 2977 3975 τοὺς
3000 3912 3101 3982 μὲν
3130 3910 3383 3971 δικαίους
3415 3905 3737 3977 ἀμφιϐόλως
3763 3907 3859 3972 τῆς
3884 3919 4027 3969 τρυ-

2447 4010 2556 4079 φῆς
2583 4006 2918 4071 ἀπολαῦσαι,
2941 4007 3070 4067 τοὺς
3093 4004 3151 4056 δὲ
3175 4000 3605 4073 εὑρισκομένους
3635 3996 4027 4066 ἁμαρτωλοὺς,

2449 4098 2717 4152 πιττάκια
2746 4098 2806 4149 ὲν
2835 4099 2950 4159 τοῖς
2986 4094 3282 4165 τραχήλοις
3325 4092 3688 4162 περιέχοντας
3730 4086 4026 4153 δεδεμένα,

2449 4194 2528 4256 είς
2556 4192 2650 4245 τὸν
2707 4188 3040 4260 παράδεισον
3093 4186 3296 4249 αὐτοὺς
3350 4184 3619 4236 εἰσελθεῖν
3646 4183 3742 4234 καὶ⁷
3794 4179 4029 4239 τούτους

2447 4282 2884 4353 ἐπονομάζεσθαι
2912 4278 3313 4347 ἀπελευθέρους
3342 4274 3439 4327 τοῦ
3461 4271 3598 4327 Θεοῦ
3627 4273 3722 4325 καὶ
3758 4269 3849 4323 τοῦ
3877 4271 4035 4323 Μου-

2448 4373 2678 4444 χούμετ,
2720 4369 2861 4425 εἶναι
2904 4371 2961 4423 δὲ
3000 4368 3049 4439 γ’
3084 4368 3365 4437 ποταμοὺς
3395 4366 3441 4398 ⁸⁸
3488 4367 3548 4417 ὲν
3793 4362 3873 4430 τῷ
3911 4378 4026 4413 πα-

2453 4466 2686 4536 ραδείσῳ
2714 4464 2903 4533 φησὶν,
2938 4463 3036 4515 ἕνα
3094 4460 3335 4531 μέλιτος,
3366 4459 3462 4510 καὶ
3515 4457 3680 4510 ἄλλον
3720 4454 4023 4523 γάλακτος,

767 4551 913 4620 ligna
970 4550 1113 4621 ignis
1164 4550 1341 4606 factos
1394 4559 1694 4620 reservari;
1752 4554 2128 4610 Samaritanos
2152 4569 2329 4610 excre-

2450 4558 2543 4610 καὶ
2608 4556 2837 4624 ὕστερον
2875 4553 3046 4616 οἴνου,
3111 4551 3251 4623 πρὸς
3288 4550 3348 4602 τὸ
3395 4548 3485 4601 ἐπ’
3536 4544 3787 4610 ἐξουσίαν
3854 4544 4028 4615 (ἔχειν

768 4651 951 4696 menta
975 4656 1274 4711 eorumque
1321 4655 1536 4700 Stercus
1579 4662 1611 4700 e
1656 4648 1909 4715 paradiso
1951 4647 2240 4716 expellere,
2273 4662 2342 4703 ne

769 4732 1022 4788 fmtescat
1070 4735 1398 4804 paradisus,
1456 4754 1902 4809 unumquemque
1964 4756 2113 4802 vero,
2180 4750 2343 4809 prout

771 4828 859 4881 hic
900 4826 1122 4891 vixerit,
1181 4830 1298 4883 sive
1345 4830 1398 4883 in
1465 4830 1687 4895 divitiis,
1744 4830 1860 4886 sive
1911 4833 1964 4885 in
2007 4832 2233 4901 penuria
2288 4842 2341 4887 et

772 4920 1002 4988 ingloria
1031 4920 1362 4987 conditione,
1389 4922 1579 4976 eodem
1617 4924 1778 4977 modo
1808 4923 1919 4977 illic
1949 4925 2153 4978 vivere.

2446 4648 2677 4701 ἕκαστον
2711 4646 2835 4700 ὅθεν
2866 4645 3117 4714 βούλεται
3147 4645 3400 4711 μετέχειν
3426 4639 3543 4708 καὶ)
3569 4637 4028 4707 ὲμπιμπλάσθαι,

2448 4742 2544 4805 τὰς
2563 4740 2619 4793 δὲ
2650 4739 2695 4772 ⁸⁸
2728 4741 2995 4806 γυναῖκας
3028 4738 3217 4798 αὐτοῖς
3267 4735 3509 4787 συνεῖναι
3549 4732 3646 4785 καὶ
3700 4730 4027 4799 φιλοκαλεῖν

2447 4831 2629 4887 αὐτῶν
2655 4831 2756 4894 τὰς
2779 4831 2956 4900 κόμας
2977 4829 3073 4883 καὶ
3095 4828 3413 4900 (παντοίως)
3433 4827 3765 4897 θεραπεύειν
3790 4826 4026 4898 (αὐτῶν)

2447 4925 2517 4977 τὰ
2549 4925 2808 4996 φιλήδονα
2857 4923 3089 4993 σώματα
3118 4923 3168 4992 (ὁ
3224 4924 3557 4994 σαρκόφρων
3614 4924 3709 4975 καὶ
3761 4921 4027 4991 ἐμπαθὴς

772 5014 871 5066 καὶ
903 5012 1089 5077 δοῦλος
1127 5013 1228 5084 τῆς
1294 5016 1634 5087 άμαρτίας)·
1687 5018 1816 5080 τοὺς
1850 5017 1907 5071 δὲ
1948 5018 2242 5082 Ἰουδαίους
2276 5018 2371 5073 καὶ
2414 5019 2776 5089 Χριστιανοὺς
2839 5018 2974 5083 ξύλα
3034 5018 3128 5073 τοῦ
3188 5019 3359 5089 πυρὸς
3408 5019 3756 5088 γενομένους,
3803 5017 4031 5071 dmut-

773 5107 1013 5177 φθῆναι⁸
1038 5107 1167 5172 τοὺς
1188 5108 1232 5143 ⁸⁷
1289 5111 1634 5181 Σαμαρείτας
1685 5114 1791 5185 ἔφη
1841 5115 1978 5185 πρὸς
2015 5116 2086 5168 τὰ
2140 5115 2374 5185 ὲκφόρια
2410 5116 2506 5169 καὶ
2545 5116 2642 5186 τὴν
2697 5114 2906 5186 κόπρον
2949 5114 3133 5169 αὐτῶν
3190 5114 3286 5168 τοῦ
3325 5114 3665 5184 παραδείσου
3704 5113 4021 5179 ἐκϐάλλειν,

1924 5208 2125 5267 Varias
2170 5205 2483 5267 lectiones
2525 5214 2588 5267 et
2631 5214 2822 5267 notae.

844 5303 890 5336 “
924 5304 1000 5365 ὡς
1031 5303 1158 5357 add.
1183 5302 1317 5362 Ccd.

772 5375 816 5447 ξ’
849 5374 1142 5445 Γεννήτορι
1183 5376 1317 5447 ϐοά.
1414 5376 1467 5447 ,⁸⁸
1503 5378 1639 5447 μήτε
1691 5378 1749 5430 δέ
1800 5378 1931 5432 ced-

1505 5304 1618 5380 ἀλλ’
1642 5307 1835 5380 ὠςᾼὲκ
1866 5308 2210 5380 Πνεύματοςῳ
2236 5309 2393 5377 ἁγίου
2450 5310 2848 5380 γεγενημένον·
2912 5308 3069 5377 λόγον
3108 5308 3165 5361 δέ
3202 5307 3337 5380 Ced.

2037 5380 2085 5411 ⁸³
2101 5376 2329 5463 ,τοῦ-’Χε

2425 5376 2496 5460 τοῦ
2559 5376 2832 5463 ὁμζλϋειί.
2873 5376 3279 5463 κοίζΕινειιιεςείίἱ
3329 5377 3474 5463 quod
3521 5377 3726 5463 dicitur.
3756 5376 4025 5463 [inmania

3442 5306 3490 5339 ⁸⁸
3530 5310 3853 5361 ὲνυποστατ.
3891 5308 4021 5361 cod.

778 5444 1343 5528 Ξειιιιῑθιὲιέ.τι.ιξυι›ὶε.
1362 5444 1529 5528 sdital
1565 5444 1575 5447 ’
1606 5448 1653 5528 f.‘
1676 5449 1770 5528 διαὶ
1801 5465 1855 5501 κ·
1883 5448 2140 5528 Ἒῶνηθ⁰ἀ’
2214 5450 2264 5528 ἱὶ
2300 5444 2329 5503 ἀ

2425 5450 2530 5528 τῷν
2559 5444 2808 5528 μετέχειν
2832 5450 2922 5528 at}.
2949 5467 3041 5528 κρ.
3064 5444 3313 5528 χοιρείων
3343 5444 3475 5501 Cet].
3535 5447 3597 5528 _'_‘
3619 5446 4018 5528 χρᾶσθαιιροίι,

773 5515 817 5546 ιτ
846 5514 979 5581 cett.
1014 5514 1502 5581 mni—741,14.
1604 5517 1650 5550 η
1688 5519 1736 5571 ι.

1766 5536 1824 5587 φ.
1859 5520 1945 5571 κλ.
1975 5519 2105 5573 Ced.

2222 5518 2331 5549 ⁸9-
2385 5521 2473 5549 ιιι-⁸.
2515 5536 2546 5549 υ
2604 5522 2642 5549 l‘

773 5521 816 5546 "
846 5521 979 5568 (led.
1014 5521 1502 5581 740,1l—7H,M.
1604 5521 1650 5550 ⁵⁸
1688 5521 1736 5571 ὲ.
1766 5536 1824 5587 φ.
1859 5521 1945 5571 κλ.
1975 5521 2105 5573 Ced.
2222 5521 2265 5549 ⁵⁸
2292 5538 2351 5574 π.
2385 5521 2479 5573 καὶ
2515 5536 2567 5572 κ.
2604 5522 2737 5575 Ced.
2835 5521 2881 5552 ⁵⁸
2923 5522 3017 5574 καὶ.
3053 5521 3392 5588 άρνησάμενι

773 5585 875 5636 οὐκ
908 5578 1064 5636 εἶπεν
1093 5587 1284 5638 ἑαυτὸν
1318 5585 1458 5641 εἶναι
1497 5587 1626 5640 Υίὸν
1652 5588 1746 5641 τοῦ
1776 5589 1912 5641 Θεοῦ
1936 5590 2069 5644 Ced.
2144 5590 2188 5621 "
2220 5588 2271 5642 θ.
2297 5593 2391 5642 καὶ
2419 5589 2514 5642 τοῦ
2543 5593 2666 5645 cod.
2746 5591 2790 5622 ⁸³
2818 5590 2979 5643 αὐτὸν
3012 5590 3144 5645 Ccd.
3223 5586 3267 5617 “
3282 5588 3392 5640 αἰτί

2835 5520 2881 5552 ⁵⁸
2923 5516 3017 5574 καὶ.
3053 5516 3436 5588 άρνησᾼάμενον
3482 5516 3606 5571 add.
3640 5517 3772 5588 μου.
3851 5516 3893 5546 ⁸⁸
3929 5516 4017 5588 ὅτι

3464 5587 3513 5640 θ.
3548 5585 3855 5653 ὑπάρξαντι
3884 5586 4017 5642 cod.

773 5605 875 5636 ουκ
908 5605 1064 5636 ειπεν
1093 5605 1284 5638 εαυτον
1318 5605 1458 5641 ειναι
1506 5605 1528 5639 l
1549 5605 1626 5640 ιον
1652 5605 1746 5641 του
1776 5605 1912 5641 υεου
1936 5605 2069 5644 Leu.
2144 5605 2188 5621 "
2220 5605 2271 5642 υ.
2297 5605 2391 5642 και
2419 5609 2514 5642 του
2543 5605 2666 5645 cou.
2746 5605 2790 5622 "
2818 5605 2979 5643 αυτον
3012 5605 3144 5645 μου.
3223 5605 3267 5617 "
3282 5605 3392 5640 αιτι
3464 5605 3513 5640 υ.
3548 5605 3855 5653 υπαρςαντι
3884 5605 4017 5642 ('ou.

773 5655 822 5731 ‘_’
854 5661 901 5731 γθ
927 5656 1366 5731 παραδείσουςίὲν
1384 5659 1477 5731 ’τῷ
1506 5675 1566 5711 π.
1589 5658 1854 5731 ηφλυαρεῖ
1905 5661 1950 5712 ὲ.
2013 5678 2071 5728 μ.
2128 5660 2226 5712 καὶ
2267 5660 2453 5730 ἕτερον
2488 5678 2543 5728 γ.
2576 5662 2669 5713 καὶ
2713 5662 2901 5731 ἕτερον
2932 5662 2978 5712 ό.
3031 5679 3091 5713 π.
3126 5661 3185 5712 τὸ
3221 5660 3342 5731 μετῖ
3385 5605 3632 5731 ἔξουσίας
3664 5656 4017 5731 sumsum?”

773 5726 906 5803 fed.
945 5798 956 5803 _
987 5726 1153 5803 “uti;
1193 5744 1246 5780 κ.
1286 5730 1339 5781 ἁ.
1371 5728 1504 5784 Ccd.
1584 5728 1624 5758 ⁸⁷
1655 5726 2168 5801 τοῖζΣαμαρέίταις
2200 5734 2320 5786 cuii.
2356 5726 2528 5799 λέγων
2565 5748 2624 5782 π.
2652 5732 2713 5785 τὸ
2743 5726 2995 5803 ἐκφέρειν
3024 5732 3123 5801 τὴν
3151 5726 3294 5784 κζά.
3328 5729 3391 5779 ὲκ
3433 5728 3527 5781 τοῦ
3563 5746 3621 5783 π.
3659 5727 3707 5779 ὁ.
3756 5729 3832 5799 μὴ
3874 5728 4012 5779 ἐπο-

775 5795 906 5863 ζέση
936 5798 983 5849 ἑ.
1015 5797 1145 5852 Oed.
