4244 6440
254 416 358 480 869

1420 409 1885 470 CHRONICON.
1928 433 1994 444 -
2037 410 2183 468 LIB.
2228 410 2324 469 IV.

3394 407 3499 473 870

254 532 399 590 ὅπως
440 525 503 578 ἂν
536 522 610 593 μὴ
634 519 946 583 ἐποζέσειεν
978 522 1005 573 ὁ
1036 520 1386 589 παράδεισος,
1416 519 1646 571 ἕκαστον
1674 519 1730 570 δέ
1786 519 1860 581 ὡς
1900 516 1967 569 ἂν
1989 517 2224 570 ἐνταῦθα
2257 515 2508 585 βιώσειεν
2539 518 2606 581 ⁸⁸,
2673 517 2783 569 εί;ε
2814 518 2871 568 ἐν
2903 516 3137 587 πλούτῳ,
3178 518 3285 570 εἴτε
3312 520 3370 571 ἐν
3406 538 3500 573 πε-

256 622 347 693 νίᾳ
375 619 468 671 καὶ
490 613 699 684 ἀδοξία,
734 614 827 666 τὸν
863 613 1028 665 αὐτὸν
1052 615 1253 681 τρόπον
1293 615 1475 666 ἐκεῖσε
1507 612 1551 643 ⁸⁸
1592 612 1824 677 διάγειν.

329 716 374 746 ⁷⁸
406 716 483 787 (8)
515 715 683 778 Οὗτος
718 708 814 766 οὖν
844 715 872 766 ό
895 708 1196 778 θεοστυγὴς
1233 706 1327 759 καὶ
1372 703 1747 774 ἐμϐρόντητος
1780 703 1824 733 ’⁸
1861 729 1902 783 Α
2004 699 2005 703 “

1822 724 1824 732 ν
1861 729 1902 783 Α
2004 698 2103 752 Hic
2127 698 2291 768 igitur
2316 698 2510 767 impius
2534 709 2587 753 et
2621 700 2912 762 fanaticus,
2942 709 3132 767 praeter
3156 704 3257 758 ista
3291 720 3498 771 omnia,

258 807 418 877 (πρὸς
443 809 655 870 τούτοις
684 804 872 873 πᾶσιν)
903 804 947 833 τ’
990 800 1190 862 παντὸς
1221 796 1430 864 ἀγαθοῦ
1453 797 1548 847 καὶ
1583 793 1826 863 πονηροῦ

258 898 354 951 τὸν
412 898 547 951 Θεὸν
608 898 789 969 (1551))
837 894 1011 949 αἴτιον
1082 891 1347 960 ὑπάρχειν
1402 886 1827 957 ἐτερατολόγησε

260 990 512 1049 καὶτοὺς
550 990 755 1059 λῃστὰς
804 988 900 1039 καὶ
948 983 1279 1054 φαρμακοῦς
1332 979 1428 1032 καὶ
1486 980 1645 1039 ὅσους
1675 978 1722 1009 ⁷³
1762 978 1828 1029 ἂν

258 1081 743 1151 ἀπηγορευμέναις
796 1077 841 1109 ⁷⁵
905 1076 1136 1137 ἁλόντας
1194 1072 1459 1141 πράξεσιν
1499 1068 1831 1140 ἀναιρουμέ-

259 1191 386 1235 νους
420 1172 603 1235 ίδοιεν,
639 1191 657 1224 ι
680 1171 859 1237 Οῦτω,
892 1168 1078 1238 φησιν,
1100 1164 1337 1237 ἔγραψεν
1356 1164 1384 1215 ό
1411 1163 1543 1224 Θεὸς
1567 1163 1662 1213 καὶ
1687 1178 1822 1230 προ-

258 1266 430 1338 ὡρισε
453 1265 738 1334 γενέσθαι,
774 1264 870 1317 καὶ
910 1262 1084 1325 οὕτως
1108 1258 1402 1313 ἀποθανεῖν
1430 1254 1631 1316 αὐτοὺς
1666 1254 1829 1321 ⁴1γὸου-

256 1357 415 1409 λήθη.
453 1374 471 1407 ι

444 1374 741 1515 ’ᾏγάσαιτο
778 1447 824 1479 ⁷⁵
858 1445 903 1498 δ’
934 1444 999 1498 ἂν
1025 1459 1110 1504 τις
1141 1441 1285 1511 μάλα
1313 1438 1400 1513 (δὴ
1441 1433 1537 1492 οῦν
1578 1434 1830 1505 εἰκότως)

255 1537 358 1609 τὴν
386 1540 659 1611 τοσαύτην
685 1540 780 1593 καὶ
814 1534 1155 1609 τηλικαύτην
1183 1532 1366 1605 (ίσχύν
1387 1549 1446 1585 τε
1483 1531 1599 1600 καὶ)
1626 1529 1828 1600 διαρκῆ

257 1629 363 1698 τῆς
412 1630 630 1699 ἀπάτης
684 1631 729 1662 ’⁸
785 1628 879 1682 τοῦ
936 1626 1205 1695 Θεομάχου
1252 1623 1347 1676 καὶ
1407 1622 1831 1692 ματαιόφρονος,

263 1720 501 1789 μάλιστα
542 1722 589 1754 π
624 1722 682 1774 δέ
715 1720 954 1790 ἐσχάτην
991 1716 1296 1786 παράνοιάν
1334 1712 1436 1785 (τε)
1476 1714 1569 1765 καὶ
1624 1728 1833 1780 κτηνω-

1933 787 2221 852 cuiuslibet
2249 789 2377 842 boni
2410 798 2464 843 et
2515 792 2637 843 mali
2677 792 2843 846 Deum
2891 807 3014 847 esse
3050 804 3321 851 auctorem
3347 797 3505 852 fabu-

1935 880 2077 934 latns
2124 892 2205 934 est
2251 890 2306 935 et
2352 882 2396 935 si
2443 896 2582 951 quos
2614 884 2851 938 latrones
2882 893 2936 938 et
2973 886 3241 940 veneﬁcos
3286 899 3339 941 et
3368 890 3502 945 alios

1932 968 2278 1025 infandorum
2298 980 2515 1025 actuum
2539 989 2659 1028 reos
2676 974 2884 1028 videret
2909 978 3083 1045 capite
3130 979 3312 1047 plecti,
3340 998 3357 1031 ι
3385 980 3504 1045 Sic,

1932 1061 2132 1123 aiehat,
2168 1062 2387 1131 scripsit
2421 1062 2563 1119 Deus
2609 1073 2661 1118 ct
2689 1066 2934 1134 praevidit
2981 1068 3119 1134 ﬁeri,
3162 1078 3215 1124 et
3246 1070 3319 1125 ita
3364 1072 3500 1126 mori

1930 1165 2025 1205 eos
2064 1152 2252 1205 voluit.
2295 1172 2312 1203 ι

2005 1430 2293 1485 Miraretur
2323 1433 2445 1500 quis
2484 1432 2835 1489 meritissimo
2868 1436 3027 1490 talem
3070 1452 3133 1493 ac
3164 1446 3365 1493 tantam
3401 1442 3504 1494 du-

1933 1524 2265 1593 rahilemque
2293 1527 2583 1594 potentiam
2616 1529 2821 1582 erroris
2850 1530 3054 1584 inimici
3086 1531 3176 1585 Dei
3216 1543 3267 1587 et
3296 1535 3505 1589 vanilo-

1933 1614 2051 1682 qui,
2074 1618 2309 1668 maxime
2348 1631 2476 1670 vero
2509 1632 2820 1685 supremam
2864 1619 3190 1676 dementiam
3224 1638 3286 1679 ac
3333 1627 3506 1694 stupi-

1933 1705 2155 1759 ditatem
2188 1720 2378 1760 eorum
2409 1708 2501 1773 qui
2538 1724 2707 1777 usque
2757 1726 2902 1763 nunc
2932 1712 3079 1766 illius
3116 1714 3287 1767 errori
3318 1716 3505 1770 deser-

258 1808 383 1861 δίαν
407 1809 518 1861 τῶν
550 1809 713 1879 μέχρι
737 1809 834 1863 νῦν
861 1810 925 1879 τῇ
962 1809 1157 1860 τούτου
1193 1805 1373 1876 πλάνῃ
1408 1802 1831 1872 δεδουλωμένων

1820 1819 1831 1850 ι
1939 1797 2113 1861 \iunt,
2139 1813 2373 1868 eumque
2406 1810 2661 1869 tanquam
2691 1801 2922 1855 validam
2952 1804 3262 1858 acdivinam
3289 1805 3496 1877 religio-

259 1901 357 1953 καὶ
386 1899 463 1964 ὡς
513 1902 744 1971 ἰσχυράν
797 1899 1137 1971 (θρησκείαν)
1189 1898 1285 1951 καὶ
1340 1896 1493 1950 θείαν
1553 1895 1759 1965 ταύτην
1787 1895 1831 1926 ⁷⁸

1824 1895 1831 1925 ι
1936 1901 2057 1941 nem
2088 1890 2248 1943 stulte
2277 1892 2610 1947 existimant.
2642 1892 2850 1946 Etenim
2876 1894 2941 1947 ad
2973 1896 3130 1948 tidem
3162 1895 3500 1953 verissimam

258 1992 512 2061 ἀφρόνως
561 1993 904 2063 ἡγουμένων.
969 1991 1113 2062 Πρὸς
1173 1991 1282 2061 γὰρ
1336 1990 1434 2059 τὴν
1474 1989 1645 2051 ὅντως
1671 2004 1829 2056 τρια-
1933 2007 1934 2016 ι

1828 2018 1829 2021 η
1933 1985 1988 2031 et
2020 1992 2234 2031 sacram
2293 1980 2663 2049 divinitnsque
2714 1982 2969 2036 traditam
3023 1984 3307 2039 manifeste
3350 1986 3504 2039 clau-

256 2082 400 2153 ληθῆ
425 2085 469 2115 ⁷⁸
498 2102 555 2137 τε
586 2086 681 2137 καὶ
718 2086 869 2156 ἱερὰν
903 2086 998 2139 καὶ
1030 2084 1427 2155 θεοὸράὸευτον
1460 2083 1646 2136 πίστιν
1671 2083 1830 2152 ἐναρ-
1867 2088 1906 2143 Β

1867 2088 1906 2143 Β
1936 2065 2075 2121 dunt
2135 2067 2323 2123 oculos
2374 2071 2621 2125 homines
2676 2075 2929 2126 excaecati
2966 2084 3018 2128 et
3068 2074 3410 2144 insipientes.
3440 2079 3506 2131 ait

257 2173 372 2240 γῶς
400 2175 922 2244 ἀποτυφλώττουσιν
962 2177 1011 2229 oi
1052 2174 1435 2244 ἐσκοτισμένοι
1490 2172 1588 2226 καὶ
1638 2171 1834 2225 ἀσύνε-

1831 2201 1834 2209 .
1934 2161 2247 2214 mendacem
2301 2172 2480 2216 autem
2516 2165 2719 2217 cultum
2755 2174 2811 2218 et
2860 2166 3300 2223 adinventionein
3336 2173 3507 2239 impo-

254 2283 364 2330 τοι,
398 2267 537 2336 πρὸς
567 2268 623 2321 δὲ
654 2267 754 2339 τὴν
780 2268 1140 2339 ψευδώνυμον
1175 2267 1432 2337 λατρείαν
1461 2267 1557 2319 καὶ
1598 2265 1835 2318 πλαστο-

1833 2294 1835 2302 ι
1930 2253 2094 2308 storis
2136 2251 2418 2307 adhaerent
2444 2254 2691 2307 homines
2716 2254 2847 2309 viles
2880 2265 2935 2309 et
2962 2257 3245 2323 excordes,
3277 2258 3343 2311 ad
3401 2273 3509 2312 nu-

255 2359 447 2426 λογίαν
470 2360 565 2414 τοῦ
613 2363 851 2429 φένακος
895 2362 1259 2434 προσέχουσιν
1285 2361 1334 2412 οί
1360 2360 1586 2411 δείλαιοι
1612 2359 1707 2411 καὶ
1740 2357 1832 2427 βα·
1927 2366 1931 2410 t

1927 2359 2024 2414 gas
2051 2354 2105 2400 et
2158 2346 2389 2415 ineptias
2436 2345 2800 2417 profanasque
2841 2346 3051 2402 fabulas
3103 2350 3296 2405 misere
3343 2352 3508 2419 plau-

258 2451 564 2520 ρυκάρδιοι,
618 2454 779 2522 (πρός
834 2453 935 2520 μὲν
974 2453 1104 2515 τούς
1155 2450 1350 2513 ὕθλους
1382 2451 1430 2481 ⁸⁸
1480 2451 1577 2503 καὶ
1620 2451 1829 2518 λήρους
1927 2460 1934 2490 ⁴

1927 2440 2138 2503 dentes,
2175 2437 2244 2493 ad
2274 2454 2559 2493 sermones
2596 2439 2862 2494 divinitus
2903 2442 3196 2510 inspiratos
3229 2453 3282 2497 et
3313 2444 3508 2497 saluti-

258 2542 356 2592 καὶ
389 2540 654 2611 βεὸήλους
684 2544 1023 2611 κενοφωνίας
1055 2524 1103 2595 oi
1131 2543 1524 2612 χαιρεπίκακοι
1556 2540 1824 2593 καταθέλ-

1936 2527 2079 2584 fcros
2112 2543 2210 2583 nec
2238 2544 2425 2583 aurem
2459 2530 2683 2583 omnino
2717 2530 3035 2585 submittere
3063 2529 3317 2585 ferentes.
3364 2532 3502 2586 Eum

258 2648 470 2699 γοντες,
506 2636 642 2703 πρὸς
671 2635 797 2697 τοὺς
832 2635 1270 2705 θεοπαραδόχους
1320 2633 1415 2686 καὶ
1458 2630 1827 2702 σωτηριώδεις

1935 2622 2079 2674 enim
2106 2621 2200 2690 qui
2230 2637 2353 2677 vere
2386 2624 2525 2676 Dcus
2552 2631 2656 2687 est,
2683 2623 2776 2691 qui
2808 2638 2903 2692 per
2934 2624 3102 2691 legem
3129 2634 3183 2677 et
3216 2624 3506 2693 prophetas

257 2724 453 2791 λόγους
479 2726 601 2777 οὐδὲ
629 2726 727 2794 τὴν
745 2727 914 2795 ἀκοὴν
938 2728 1222 2778 ὑποθεῖναι
1250 2724 1582 2793 τοπαράπαν
1606 2724 1829 2793 ἀνέχον-
1936 2714 2225 2767 manifeste
2297 2713 2618 2782 praedicatur
2680 2723 2734 2767 et
2792 2716 3067 2781 creditur,
3152 2715 3404 2784 rejiciunt
3455 2725 3511 2769 et

257 2810 409 2882 τες)’
441 2814 533 2865 τὸν
561 2814 669 2882 γὰρ
702 2814 874 2878 ὅντως
917 2814 1048 2867 ὄντα
1090 2815 1245 2879 Θεὸν,
1286 2815 1376 2866 τὸν
1405 2814 1495 2866 διὰ
1535 2813 1701 2882 νόμου
1740 2814 1835 2866 κοιλ⁵
1932 2850 1933 2853 η

1833 2851 1835 2862 .
1932 2816 2339 2874 aspernantur;
2372 2822 2497 2861 eum
2532 2820 2661 2861 vero
2693 2809 2784 2876 qui
2823 2818 3012 2862 contra
3064 2809 3231 2863 Deum
3263 2820 3367 2875 est,
3415 2810 3509 2879 qui

260 2902 423 2973 595
479 2905 779 2974 προφητῶν
832 2905 1075 2974 ἐκδήλως
1137 2904 1546 2974 κηρυττόμενόν
1610 2919 1671 2955 τε
1743 2904 1837 2957 καὶ
1934 2947 1936 2953 ,

1831 2941 1837 2954 .
1934 2900 2064 2955 furit
2110 2912 2163 2955 et
2208 2904 2489 2957 evidenter
2556 2918 2586 2956 a
2638 2902 2797 2957 furiis
2850 2902 3085 2972 agitatur
3131 2912 3186 2957 et
3247 2904 3507 2973 loquitur,

261 2996 674 3065 πιστευόμενον,
743 2996 1253 3065 ἀπωθούμενοικαὶ
1308 2995 1834 3064 καταψηφιζόμενοι,
1934 3009 1937 3045 1

1934 2994 2307 3061 imprudentes
2351 3010 2415 3048 ac
2462 2994 2653 3049 furiosi
2696 3010 2821 3049 cum
2870 2995 3067 3065 gaudio
3099 3004 3153 3048 et
3192 2995 3371 3050 studio
3410 2996 3510 3049 ad-

259 3086 353 3138 τὸν
386 3087 631 3140 ἀντίθεον
674 3086 769 3140 καὶ
816 3086 1101 3156 μεμηνότα
1135 3083 1279 3157 [καὶ]
1311 3087 1562 3155 φανερῶς
1585 3084 1689 3137 ὐπὸ
1727 3085 1837 3137 τῶν
1938 3087 2182 3139 mittunt.

261 3175 523 3248 Ἐρινύων
556 3178 599 3210 ⁸⁸
631 3179 1030 3249 ὲνεργούμενον
1061 3180 1156 3233 κα).
1189 3178 1563 3249 φθεγγόμενον
1628 3178 1677 3231 σί
1728 3178 2069 3250 κακόφρονες
2114 3180 2208 3233 καὶ
2242 3179 2537 3244 λυσσώδεις
2586 3179 2867 3250 ἐρασμίως
2933 3181 3233 3251 γεγηθότες
3260 3180 3306 3211 ⁸⁸
3338 3193 3511 3250 προσ-

265 3269 461 3323 ίενται.

333 3359 380 3391 ⁸³
412 3360 524 3432 (10)
576 3364 711 3416 Ποία
741 3364 851 3433 γὰρ
901 3364 1260 3423 θεόπνευστος
1313 3364 1504 3433 Γραφὴ
1564 3365 1697 3433 περὶ
1740 3359 1835 3414 τοῦ
1865 3374 1907 3431 C

1865 3374 1907 3431 α
2010 3360 2268 3425 Quaenam
2314 3362 2457 3414 enim
2509 3362 2771 3429 inspirata
2821 3361 3102 3431 Scriptura
3147 3365 3213 3418 de
3262 3364 3429 3433 impio
3459 3366 3512 3421 et

262 3452 562 3515 δυσσεϐοῦς
608 3456 704 3505 καὶ
760 3457 1172 3523 παραπαίοντος
1212 3453 1540 3522 Μουχούμετ
1580 3453 1835 3523 προδιεσ-

1940 3452 2208 3505 delirante
2261 3450 2569 3505 Mabometo
2622 3454 2904 3521 prolocuta
2928 3454 3053 3509 est?
3106 3454 3241 3520 Quis
3294 3457 3513 3512 divinus

261 3544 509 3611 τείλατο;
561 3545 593 3614 ἦ
646 3547 797 3607 ποῖος
851 3545 1141 3607 θεσπέσιος
1196 3546 1361 3597 αὐτὸν
1415 3546 1705 3613 προφήτης
1760 3544 1838 3606 ὡς

1940 3539 2206 3607 propheta
2238 3554 2364 3593 eum
2397 3548 2455 3593 ut
2488 3540 2704 3607 pietatis
2738 3542 3053 3609 magistrum
3091 3544 3517 3611 praenuntiavit?

263 3634 585 3689 διδάσκαλον
611 3636 897 3699 εὐσεϐείας
922 3637 1361 3707 προανήγγειλεν
1387 3654 1403 3703 ;
1437 3635 1651 3692 Οὐκοῦν
1674 3638 1836 3689 είπά-

262 3741 447 3778 τωσαν
502 3727 553 3778 οί
617 3726 880 3796 ἀμέτοχοι
940 3727 1121 3795 πάσης
1184 3726 1337 3796 ἱερᾶς
1389 3725 1683 3788 ἐπιπνοίας
1741 3727 1838 3778 καὶ

268 3817 525 3887 μυήσεως
543 3816 659 3881 πῶς
683 3818 810 3879 τοὺς
831 3817 939 3870 ἀπὸ
966 3818 1139 3886 ’Λδάμ
1158 3817 1253 3870 καὶ
1286 3816 1449 3886 μέχρι
1475 3816 1572 3886 τῆς
1592 3816 1835 3883 Χριστοῦ

266 3908 573 3976 παρουσίας
604 3912 891 3979 προφήτας
924 3908 1175 3977 ἀσμένως
1205 3907 1367 3977 δῆθεν
1422 3907 1836 3977 ἀποδεχόμενοι,

264 3997 358 4050 τὸν
391 3999 489 4066 μὲν
542 3998 635 4050 ὐπ’
680 4000 860 4051 αὐτῶν
923 3998 1226 4069 διαρρήδην
1269 3997 1839 4068 προαναφωνούμενον

266 4088 502 4159 Χριστὸν
547 4090 643 4142 καὶ
672 4089 722 4121 ⁸⁸
750 4089 885 4143 Θεὸν
936 4089 1318 4158 ἐξαρνοῦνται,
1347 4088 1439 4143 τὸν
1485 4090 1542 4143 δὲ
1574 4090 1838 4143 κάκιστον

267 4178 363 4230 καὶ
388 4178 664 4248 μοχθηρὸν
704 4180 795 4232 καὶ
842 4178 978 4248 μηδὲ
1038 4181 1099 4231 τὸ
1139 4178 1361 4231 σύνολον
1403 4179 1542 4251 πρὸς
1581 4179 1627 4212 ⁸⁵
1654 4180 1836 4232 αὐτῶν

266 4271 674 4339 ὀνομαζόμενον
701 4274 793 4323 καὶ
823 4288 1001 4341 προση
1012 4273 1340 4340 μαινόμενον
1366 4270 1441 4334 ὡς
1465 4273 1773 4342 θεομύστην
1791 4271 1837 4301 ⁸⁸

268 4360 609 4429 ἐξοχώτατον
650 4364 744 4414 καὶ
808 4362 1180 4431 ἀληθέστατον
1244 4361 1481 4424 πίστεως
1519 4362 1839 4416 διδάσκαλον

270 4454 629 4521 ἀποδέχονται
657 4455 751 4505 καὶ
789 4453 861 4515 ὡς
888 4452 1187 4523 εὐεργέτην
1231 4452 1609 4517 ἐκθείαζουσιν
1638 4455 1687 4507 oi
1719 4455 1842 4508 ἀνό-

274 4561 379 4596 σιοι
416 4546 509 4597 καὶ
536 4543 845 4614 δυσώνυμοι
975 4546 1176 4614 μᾶλλον
1232 4544 1478 4613 εἴπωμεν
1513 4544 1839 4613 ἀνώνυμοι).

1941 3628 2134 3685 Dieant
2178 3630 2341 3700 igitur
2374 3630 2450 3684 illi
2487 3645 2657 3685 sacrae
2686 3633 2869 3687 omnis
2908 3633 3281 3702 inspirationis
3305 3644 3360 3690 et
3395 3651 3515 3708 my-

1940 3720 2092 3774 sterii
2126 3730 2376 3789 expertes
2411 3722 2683 3791 quomodo
2713 3725 3001 3791 prophetas
3036 3725 3106 3779 ab
3135 3726 3308 3781 Adam
3339 3742 3515 3796 usque

1941 3808 2009 3862 ad
2041 3809 2242 3864 Christi
2274 3811 2565 3864 adventum
2602 3812 2831 3866 libenter
2860 3813 3207 3881 accipientes,
3241 3813 3395 3867 illum
3444 3815 3517 3869 ab

1943 3903 2074 3971 ipsis
2092 3914 2276 3972 aperte
2302 3904 2615 3973 praedictum
2633 3904 2913 3960 Christum
2947 3920 3012 3959 ac
3032 3904 3199 3959 Deum
3234 3918 3513 3977 renegent,

1940 4004 1995 4049 et
2018 3996 2315 4065 pessimum
2347 4011 2412 4050 ac
2442 4011 2779 4065 perversum,
2814 3996 2881 4049 ab
2912 3996 3025 4051 illis
3048 4012 3149 4050 nec
3171 3997 3514 4051 nominatum

1940 4102 2044 4141 nec
2069 4087 2458 4158 signiﬁcatum,
2494 4089 2636 4143 sicut
2671 4088 2995 4159 inspiratum
3040 4098 3093 4143 et
3120 4090 3513 4159 przecellentein

1939 4177 2063 4231 fidei
2117 4179 2436 4248 magistrum
2484 4180 2775 4247 accipiunt,
2814 4190 2868 4234 ct
2900 4180 3047 4233 velut
3083 4180 3515 4247 benefactoreni,

1941 4271 2221 4324 celebrant
2253 4270 2307 4323 lii
2361 4270 2513 4340 impii
2562 4286 2795 4340 quorum
2848 4286 3045 4325 nomen
3103 4274 3387 4327 sinistrum
3430 4274 3517 4327 vcl

1942 4361 2128 4431 potius
2157 4362 2365 4416 nullum
2397 4372 2497 4417 est.

345 4634 390 4665 ⁸⁷
425 4634 536 4703 (H)
587 4634 1062 4703 Ἀνακρινέτωσαν
1098 4633 1155 4685 δὲ
1189 4634 1237 4684 οί
1265 4632 1573 4703 ἀδιάκριτοι
1605 4634 1700 4687 καὶ
1736 4651 1834 4702 μα·
2016 4672 2021 4687 .

2016 4635 2270 4691 .ludicent
2324 4645 2505 4690 autem
2555 4635 2807 4693 homines
2865 4637 2942 4691 illi
2997 4638 3177 4694 stolidi
3238 4639 3514 4697 furentes-

274 4723 485 4787 νιῶδεις
516 4726 610 4776 καὶ
641 4726 709 4776 τὰ
739 4724 831 4775 ὐπ’
864 4724 1034 4776 αὐτοῦ
1082 4722 1368 4793 μανιωδῶς
1417 4724 1514 4775 καὶ
1562 4723 1839 4785 δυσσεϐῶς
1874 4738 1918 4793 ι)
1948 4755 1950 4774 ι

1836 4740 1839 4779 :
1874 4738 1918 4793 ι)
1948 4743 2054 4797 que
2096 4744 2159 4781 ea
2198 4742 2319 4795 qua:
2348 4727 2554 4782 furiose
2601 4729 2861 4798 ct‘impie
2903 4731 2970 4783 ab
3016 4730 3132 4798 ipso
3180 4743 3306 4786 sunt
3346 4733 3512 4798 dicta,

276 4817 511 4887 ρηθέντα
531 4816 823 4887 ληρήματα
855 4816 952 4869 καὶ
982 4813 1290 4883 λεγέτωσαν
1315 4814 1475 4867 ποίαν
1517 4815 1842 4883 συμφωνίαν
1943 4835 1952 4888 ι

1840 4834 1842 4847 ν
1943 4821 2407 4888 pronuntientque
2434 4822 2647 4889 qualem
2690 4823 3101 4877 consonantiam
3137 4827 3247 4878 haec
3282 4827 3516 4881 habeant

274 4909 460 4977 ἔχουσι
507 4908 688 4977 (πρὸς)
739 4909 809 4961 τά
854 4907 1230 4978 θεοπαράδοτα
1268 4906 1445 4974 λόγια.
1495 4905 1552 4958 Ὀ
1599 4905 1701 4975 μὲν
1732 4905 1839 4976 γὰρ
1944 4932 1950 4960 ι

1944 4926 2067 4966 cum
2100 4912 2331 4981 eloquiis
2362 4927 2393 4966 a
2440 4911 2547 4967 Deo
2599 4913 2827 4967 naditis.
2866 4914 3092 4971 Divinas
3135 4919 3279 4971 enim
3333 4934 3517 4974 sermo

276 4996 417 5058 θεῖος
450 4998 603 5064 λόγος
634 4998 1067 5069 ἀναφανδὸν(ὲκ)
1089 4998 1331 5049 διδάσκει
1363 4996 1480 5065 (καὶ
1503 4996 1841 5065 διαπρυσίως
1942 5018 1952 5055 ι

1839 5015 1841 5021 ·
1942 5001 2230 5056 manifeste
2264 5003 2423 5057 docet
2475 5012 2530 5057 et
2562 5003 2864 5059 clarissime
2900 5008 3156 5074 praedicat
3195 5006 3360 5061 Deum
3392 5024 3515 5064 esse

276 5090 642 5160 χρησμοδοτεί
666 5091 1003 5159 σαφέστατα)
1034 5090 1125 5142 τὸν
1155 5089 1289 5143 Θεὸν
1313 5091 1581 5159 ὑπάρχειν
1598 5088 1838 5142 ἀναίτιον
1941 5106 1952 5145 ι

1941 5091 2147 5146 nullius
2196 5093 2323 5145 mali
2377 5107 2625 5155 causam,
2663 5104 2716 5147 et
2769 5094 3042 5147 hominem
3091 5097 3365 5165 propriam
3402 5113 3520 5152 suae

278 5184 481 5245 παντὸς
514 5183 684 5236 κακοῦ
710 5184 804 5237 καὶ
840 5183 933 5237 τὸν
962 5184 1249 5252 ἄνθρωπον
1291 5181 1644 5248 αὐτεξούσιον
1697 5176 1836 5232 εἶναι
1945 5201 1954 5239 ε

1945 5186 2136 5240 salutis
2176 5194 2271 5239 aut
2302 5185 2621 5254 perditionis
2655 5184 2854 5239 habere
2895 5183 3227 5242 facultatem.
3265 5188 3358 5243 llle
3388 5204 3519 5243 vero

1467 5322 1664 5383 Variae
1698 5321 2002 5385 lectiones
2044 5328 2311 5383 etnotae.

377 5453 421 5482 ⁸⁸
489 5449 625 5505 ἐϐίω
694 5448 823 5502 Ced.
929 5451 972 5482 "
1017 5452 1240 5503 κάκεῖσε
1317 5449 1365 5502 δ.
1420 5466 1506 5518 τρ.
1580 5447 1711 5503 Ced.
1841 5450 1883 5480 ⁷⁰
1930 5450 2053 5504 Ced.

1841 5450 1883 5480 ⁷⁰
1930 5450 2059 5504 Ced.
2134 5448 2331 5519 7H,”
2370 5478 2431 5487 —
2464 5448 2551 5501 i8.
2676 5450 2729 5519 “7
2776 5448 3163 5519 ἑμόρόντιστος
3243 5454 3364 5509 cod.
3421 5458 3514 5507 καὶ

287 5522 626 5591 παμμίαρος.
675 5520 863 5591 fatal.
886 5520 987 5591 ἐκῖ
1015 5520 1135 5573 cod.
1212 5522 1256 5553 ⁷³
1285 5521 1381 5591 καὶ
1413 5517 1547 5591 τούς
1568 5519 1763 5581 ἀλλους
1793 5521 1890 5572 ἀπ.
1920 5522 2099 5591 πρ.νὰ.
2142 5517 2288 5591 οῦτω
2332 5518 2638 5591 φλυαρείρ
2674 5518 2853 5591 ἄθεος
2877 5517 2959 5586 ἐγ.
3004 5523 3167 5584 αὐτὸς
3195 5524 3221 5573 ὀ
3253 5524 3383 5584 Θεὸς
3423 5528 3521 5577 καὶ

280 5588 378 5655 πρ.
414 5588 526 5642 ἀπ.
573 5590 626 5659 ἀ.
660 5588 795 5659 βοά.
871 5589 914 5620 ⁷⁸
962 5590 1405 5659 ἀπηγορωμένας
1444 5589 1690 5651 ἀλῶντας
1734 5591 1855 5644 cod.
1904 5590 1956 5643 ιε

1842 5629 1855 5642 .
1904 5590 1969 5643 19
2003 5590 2132 5644 Cod.
2188 5588 2646 5651 741,19—742ﬁ.
2749 5590 2791 5622 ⁷⁵
2840 5590 3142 5657 θαυμάσειε
3190 5592 3232 5643 δ’
3267 5594 3333 5645 ἄν
3382 5593 3514 5649 Cod.

300 5657 760 5724 74I,l9—74‘2,6.
838 5661 885 5691 ⁷⁸
916 5677 969 5715 τ.
1004 5657 1303 5731 δζάπάσην
1336 5659 1431 5712 τοῦ
1462 5658 1594 5713 Oed.
1670 5661 1721 5731 τ’,
1759 5660 1962 5727 μᾶλλον

1842 5660 1962 5713 λλον
1987 5661 2119 5712 (Sed.
2199 5659 2242 5690 ⁷⁸
2268 5660 2361 5726 ἀφ’
2395 5662 2613 5731 τηυειι.
2664 5659 2736 5731 λη
2763 5659 3091 5731 ἀληθῗῆνῼειι.
3169 5662 3213 5692 ⁸⁸
3248 5663 3513 5731 φλυαρίας

283 5730 561 5805 Scholion.
615 5728 1367 5805 ﬁ“patyopévtovﬁcholion.
1444 5729 1779 5805 “quam;
1817 5732 1939 5805 cod.

1840 5732 1939 5805 10d.-
1974 5731 2070 5805 κεῖ
2100 5730 2433 5805 γεγηθφῖωί
2452 5728 2581 5805 δρα·
2610 5728 2874 5805 ηδ’,αςιῆ
2895 5730 3225 5805 muti—16;
3261 5728 3270 5805 Ῐ
3297 5732 3343 5763 ⁸⁵
3383 5728 3516 5805 Χρι-

281 5802 408 5853 στὸν
446 5800 575 5851 Θεόν
606 5798 734 5853 Ccd.
815 5801 859 5830 ⁸³
904 5817 948 5853 σ.
987 5801 1079 5851 ὐπ’
1110 5802 1161 5852 ἀ.
1197 5798 1673 5870 μνημον;υόμενον
1709 5801 1782 5863 ὡς
1818 5800 1949 5855 Cod.

1627 5798 1673 5853 >ν
1709 5801 1782 5863 ὡς
1818 5800 1949 5855 Ct‘d.
2029 5801 2072 5829 ⁸⁸
2101 5802 2190 5851 καί
2238 5800 2360 5852 atltl.
2396 5798 2528 5851 Cetl.
2609 5800 2653 5830 ³⁷
2686 5801 2811 5853 (led.
2848 5800 3047 5866 742,16
3074 5802 3303 5868 «753,9.
