4244 6440
741 375 851 439 879

1968 376 2013 434 G
2028 375 2295 437 EORGII
2341 377 2441 436 ΗΛ
2454 376 2790 438 MARTUH

3914 386 4027 446 880

814 486 967 543 Unde
1007 488 1163 542 divus
1202 489 1628 559 (llwysostomus
1679 487 1743 540 ad
1801 486 2005 541 dictmn
2055 487 2321 541 verbum:
2358 496 2376 547 ,Α

2504 492 2548 521 ⁶⁹
2584 491 2699 562 (12)
2741 492 2908 545 Ὅθεν
2953 493 3046 545 καὶ
3099 494 3144 523 ⁷⁸
3179 494 3208 546 ό
3241 494 3384 558 θεῖος
3410 495 3797 566 Χρυσόστομος
3832 497 3917 567 είς
3968 500 4031 550 τὸ

746 600 764 631 ι
798 579 875 635 Ex
907 578 1037 634 Sion
1097 580 1308 649 species
1343 580 1559 636 decoris
1584 580 1757 649 ejus,»
1798 578 1977 649 inquit
2012 595 2025 632 :
2059 597 2077 630 ι
2114 579 2324 632 Etenim

741 671 1047 741 antiquitus
1068 670 1264 726 exinde
1288 668 1381 726 Dei
1416 670 1556 726 facta
1586 681 1671 725 est
1699 670 1934 740 species,
1964 670 2112 724 velut
2134 670 2324 733 altare,

742 762 941 818 Sancta
993 774 1344 826 sanctorum,
1402 771 1747 819 sacerdotum
1817 762 2143 828 multitudo,
2216 772 2325 818 tota

738 856 929 927 religio
961 862 1244 926 totumque
1301 856 1545 923 regimen
1597 858 1834 924 antiqum
1888 857 2040 926 legis,
2079 857 2327 909 incensa-

740 948 921 1002 Iiones
956 957 1010 1001 et
1052 948 1395 1012 holocausta,
1449 948 1636 1018 hymni
1692 948 1833 1003 sacri
1882 959 1936 1002 et
1986 948 2323 1018 psalmudiae,

743 1043 1109 1109 universaque
1141 1040 1340 1094 dehinc
1386 1049 1440 1093 et
1497 1039 1681 1094 futura
1736 1040 2119 1109 prazdescripta
2176 1049 2328 1095 sunt.

736 1134 1039 1202 Postquam
1089 1142 1271 1187 autem
1327 1132 1531 1186 veritas
1580 1132 1822 1195 advenit,
1862 1133 2057 1185 exinde
2095 1134 2331 1201 sumpsit

741 1226 980 1294 initium,
1013 1227 1212 1281 exinde
1255 1239 1387 1279 crux
1432 1224 1633 1291 illuxit,
1673 1225 1870 1280 exinde
1914 1225 2062 1280 mille
2098 1226 2329 1279 virtutes

738 1321 1075 1373 cnituerunt.
1116 1320 1416 1390 Propterea
1462 1334 1682 1390 quoque
1714 1319 1781 1372 de
1826 1320 2067 1373 secunda
2122 1318 2325 1371 Christi

739 1411 1086 1480 legislatione
1119 1427 1355 1481 magnus
1405 1412 1576 1466 Isaias
1609 1409 1782 1463 dixit:
1817 1428 1837 1460 ι
1872 1410 1948 1462 Ex
1983 1409 2111 1463 Sion
2159 1410 2331 1463 exibit

739 1505 846 1568 lex,
881 1512 935 1557 et
982 1506 1206 1558 verbum
1238 1504 1450 1559 Domini
1488 1504 1556 1559 de
1601 1500 1929 1566 Jerusalem,
1966 1513 2019 1557 et
2062 1503 2332 1571 judieallit

742 1596 795 1647 iu
840 1595 1022 1649 medio
1056 1595 1321 1666 gentium.
1371 1615 1390 1649 ι
1443 1594 1575 1650 Sion
1616 1595 1764 1649 enim
1810 1595 1881 1649 ibi
1928 1603 2084 1648 vocat
2111 1609 2328 1648 omnem

744 1689 1014 1757 regionem
1042 1698 1095 1743 et
1126 1691 1465 1760 adiacentem
1495 1689 1545 1743 ei
1584 1688 1899 1744 Judaeorum
1951 1690 2328 1759 metrOpolim.

741 1781 954 1837 Exinde
983 1796 1239 1850 namque,
1284 1782 1430 1835 sicut
1467 1796 1533 1836 ex
1568 1778 1806 1850 quodam
1842 1779 2087 1834 claustro
2115 1782 2333 1835 veloces

2431 580 2642 649 φάσκον
2678 584 2844 652 ῥητόν
2894 584 2977 614 τί·
3036 604 3053 635 ι
3117 583 3213 637 Ἐκ
3272 585 3412 639 Σιὼν
3468 587 3502 656 ὴ
3552 587 3859 657 εὐπρέπεια
3920 587 4028 658 τῆς

2430 672 2770 743 ὼραιότητος
2802 675 2995 740 αὑτοῦ,
3033 695 3051 727 ι
3087 677 3286 746 φησίνο
3325 694 3343 727 ι
3384 678 3495 732 Καὶ
3522 677 3633 748 γὰρ
3660 680 3755 731 ἐπί⁵
3782 679 3883 748 τῆς
3914 697 4029 731 πα-

2430 765 2592 830 λαιᾶς
2635 766 2850 820 ἐκεῖθεν
2882 767 2977 820 τοῦ
3021 768 3160 822 Θεοῦ
3184 771 3231 801 τ’
3271 770 3499 837 γέγονεν
3533 771 3869 842 ἐμπρέπεια,
3905 767 4029 824 οἷον

2432 856 2459 906 ὁ
2494 858 2697 927 βωμὸς,
2732 858 2800 910 τά
2832 858 3001 928 ’Λγια
3035 858 3147 913 τῶν
3177 861 3372 929 ἁγίων,
3399 862 3433 931 ἡ
3472 859 3701 931 λατρεία
3736 863 3888 914 πᾶσα
3924 871 4031 914 και

2432 948 2465 1016 ἡ
2501 948 2750 1001 πολιτεία
2773 949 2873 1019 τῆς
2906 951 3149 1013 παλαιᾶς
3181 953 3513 1022 νομοθεσίας
3553 954 3624 1011 ⁷³.
3664 953 3856 1023 ἱερέων
3882 952 4031 1022 πλῆ-

2434 1040 2527 1102 θος
2554 1040 2620 1103 ⁷⁵,
2656 1041 2842 1094 θυσίαι
2872 1042 2917 1073 ⁷⁸
2953 1044 3046 1095 καὶ
3093 1043 3489 1109 όλοκαύτωσις,
3523 1048 3618 1099 καὶ
3663 1043 3823 1114 ὕμνοι
3854 1047 4025 1115 ιεροτν

2432 1132 2529 1183 καὶ
2557 1131 2895 1201 ψαλμῳδίαι,
2918 1136 3017 1187 καὶ
3044 1135 3227 1189 πάντα
3254 1135 3323 1188 τά
3352 1136 3568 1190 ἐκεῖθεν
3612 1137 3709 1190 καὶ
3736 1136 3847 1188 τῶν
3880 1136 4019 1205 μελο

2433 1221 2643 1277 λόντων
2669 1224 2717 1256 ¹¹⁶
2748 1225 3249 1303 προδιιεγέγραπτο.
3293 1228 3515 1300 Ἐπειδὴ
3557 1229 3615 1281 δέ
3645 1230 3690 1261 ⁷⁷
3721 1232 3755 1298 ἠ
3787 1229 4026 1298 ἀλήθεια

2434 1318 2844 1384 παραγέγονεν,
2885 1318 3098 1373 ἐκεῖθεν
3135 1323 3239 1391 τὴν
3269 1321 3450 1391 ἀρχὴν
3490 1320 3703 1386 ἐλαϐεν,
3736 1323 3955 1374 ἐκεῖθεν
3999 1324 4031 1372 ό

2436 1409 2674 1478 σταυρὸς
2716 1411 2983 1481 ἔλαμψεν,
3011 1411 3226 1465 ἐκεῖθεν
3265 1411 3337 1464 τά
3377 1413 3549 1482 μυρία
3590 1411 4027 1484 κατορθώματα.

2432 1500 2531 1553 Διέι
2562 1500 2628 1571 δὴ
2665 1502 2824 1556 τοῦτο
2860 1504 3114 1574 παὶπερὶ
3145 1505 3245 1576 τῆς
3276 1504 3517 1575 Χριστοῦ
3558 1504 3823 1575 δευτέρας
3857 1523 4029 1575 νομο-

2434 1590 2624 1655 θεσίας
2679 1578 2708 1645 ό
2762 1594 2939 1662 μέγας
2995 1594 3229 1660 Ἡσαΐας
3285 1597 3451 1668 φησίν
3501 1596 3582 1631 ⁷⁸·
3637 1616 3657 1649 ‹
3704 1598 3799 1651 Ἐκ
3835 1598 4030 1668 (155δ)

2434 1683 2578 1738 Σιὼν
2617 1685 2964 1750 ἐξελεύσεται
2994 1687 3183 1757 νόμος,
3216 1688 3311 1743 καὶ
3359 1689 3535 1759 Λόγος
3579 1690 3785 1760 Κυρίου
3818 1690 3877 1754 ἐξ
3922 1692 4027 1742 Ἰε-

2439 1776 2745 1847 ρουσαλὴμ,
2781 1780 2878 1832 καὶ
2924 1783 3103 1850 κρινεῖ
3148 1782 3428 1849 άναμέσον
3460 1782 3570 1836 τῶν
3600 1782 3791 1838 ἐθνῶν.
3828 1801 3846 1832 ›
3881 1784 4032 1835 Σιὼν

739 1882 795 1926 et
823 1872 1038 1927 alacres
1067 1872 1218 1940 equi.
1259 1871 1496 1942 apostoli
1535 1871 1589 1926 in
1637 1884 1856 1925 omnem
1893 1879 2094 1924 terram
2143 1870 2329 1924 emissi
2362 1861 2376 1919 1

2437 1868 2548 1939 γάρ
2604 1870 2840 1924 ἐνταῦθα
2880 1869 3176 1943 ὀλόκληρον
3228 1872 3378 1939 λέγει
3431 1873 3493 1926 τὸ
3543 1874 3743 1945 χωρίον
3789 1876 3882 1927 καὶ
3922 1875 4033 1943 τὴν

740 1972 909 2029 sunt;
943 1965 1072 2020 hinc
1106 1964 1369 2019 miracula
1398 1962 1579 2019 facere
1606 1971 1922 2033 coeperant,
1950 1962 2040 2017 hic
2065 1962 2223 2030 {facta
2250 1971 2332 2017 est

742 2056 1027 2113 salutifera
1066 2057 1277 2121 Passio,
1308 2055 1683 2117 liesurrectio,
1713 2054 2014 2119 Ascensio;
2056 2053 2145 2108 hic
2174 2068 2334 2108 exor-

742 2152 833 2204 dia
876 2150 1071 2204 salutis
1112 2160 1348 2214 nostra},
1382 2149 1469 2203 hic
1502 2147 1823 2219 mysteriosa
1858 2147 2113 2216 dogmata
2154 2146 2332 2215 primo

742 2242 1031 2313 praedicata
1074 2252 1223 2307 sunt,
1262 2242 1349 2296 hic
1378 2244 1617 2310 primum
1654 2238 1925 2295 revelatus
1964 2248 2049 2293 est
2077 2236 2239 2293 Pater
2271 2247 2328 2293 et

742 2333 961 2404 agnitus
990 2333 1310 2404 uuigenitus
1336 2331 1529 2397 Filius,
1558 2340 1614 2386 et
1640 2333 1765 2385 data
1790 2342 1875 2386 est
1906 2341 2058 2384 tanta
2089 2328 2329 2398 Spiritus

742 2427 939 2495 gratia,
960 2436 1012 2499 et
1042 2426 1114 2477 ibi
1140 2440 1448 2478 scrnmnem
1473 2424 1539 2477 de
1558 2423 1937 2493 spiritualibus
1963 2423 2329 2485 nudaveruut,

745 2531 960 2569 necnon
1005 2517 1274 2570 donorum
1315 2527 1369 2570 et
1404 2526 1731 2585 potestatum
1773 2528 1827 2570 et
1875 2515 2187 2570 futurorum
2234 2518 2332 2570 bo‘

745 2625 943 2662 norum
994 2611 1494 2678 repromissiouesj.
1557 2624 1679 2679 quae
1730 2611 1917 2662 omnia
1977 2609 2148 2664 decus
2210 2609 2331 2676 ejus

742 2704 878 2758 dicit
910 2722 925 2758 :
960 2718 1201 2775 namque
1228 2702 1323 2758 Dei
1359 2701 1714 2773 pulchritudo
1731 2711 1786 2756 et
1818 2702 2006 2767 decor,
2032 2703 2248 2758 bonitas
2277 2713 2332 2757 et

748 2796 1065 2850 humanitas
1119 2806 1176 2851 et
1235 2795 1300 2850 ad
1353 2810 1547 2851 oumes
1602 2795 1980 2851 beneﬁcentia.
2035 2798 2137 2850 Hic
2167 2796 2331 2865 igitur

717 2889 961 2960 .culpam
992 2890 1318 2959 lapsumque
1340 2889 1533 2943 Adami
1566 2904 1792 2951 sanans,
1822 2898 1874 2943 et
1928 2888 2329 2943 velocissimam

730 2983 901 3059 ;quasi
928 2981 1130 3036 alatam
1162 2992 1479 3036 sanctorum
1522 2982 2003 3051 congregationem
2046 2992 2100 3035 et
2131 2996 2329 3036 occur-

729 3064 866 3129 :sum
901 3074 956 3127 in
996 3088 1099 3129 suo
1129 3075 1374 3128 secundo
1424 3073 1664 3126 adventu
1710 3070 2170 3142 prmsigniﬁcans,
2201 3073 2279 3125 ait
2314 3089 2329 3126 :

749 3188 771 3221 ι
812 3167 914 3224 Ubi
948 3183 1174 3239 corpus,
1201 3168 1316 3222 illic
1351 3166 1831 3236 eongregabuntur
1868 3175 1929 3220 et
1967 3166 2187 3232 aquilae.
2218 3183 2236 3216 ι

2440 1961 2863 2030 παρακειμένην
2917 1961 3069 2032 αὑτῷ
3138 1963 3479 2035 μητρόπολιν
3544 1965 3655 2017 τῶν
3722 1964 4029 2019 Ἰουδαίων.

2453 2048 2696 2102 Ἐκεῖθεν
2744 2050 2853 2120 γὰρ
2880 2052 2950 2115 ⁷³,
2977 2052 3174 2124 ὥσπερ
3219 2056 3282 2107 ἐκ
3310 2054 3559 2125 βαλϐῐδός
3589 2072 3734 2119 τινος
3764 2056 4031 2126 εὖδρομοι

2441 2142 2599 2195 ἵπποι
2643 2142 2928 2207 εὐσταλεῖς
2950 2145 3025 2209 ⁸ο,
3047 2147 3098 2198 ot
3126 2147 3420 2201 ἀπόστολοι
3460 2149 3543 2211 είς
3571 2147 3674 2217 τὴν
3695 2150 3738 2180 ³³
3760 2151 4031 2219 οἰκουμέ-

2438 2249 2538 2302 νην
2597 2232 2822 2288 ἆπασαν
2893 2234 3366 2310 ἐξεπέμφθησαν*
3416 2238 3631 2295 ἐκεῖθεν
3686 2238 3757 2294 τὰ
3813 2244 4034 2311 σημεῖα

2440 2328 2616 2379 ποιεῖν
2649 2328 2920 2397 ἧρξαντο·
2955 2331 3073 2383 ἐκεῖ
3116 2331 3311 2400 γέγονε
3353 2335 3415 2386 τὸ
3452 2335 3725 2405 σωτήριον
3748 2334 3918 2397 πάθος
3956 2336 4032 2400 ⁸⁸,

2438 2420 2470 2488 ή
2503 2419 2802 2482 ἀνάστασις
2836 2420 2904 2485 ⁸³,
2938 2423 2971 2491 ἠ
3009 2423 3310 2494 ἀνάληψις
3364 2425 3482 2478 ἐκεῖ
3515 2426 3580 2479 τά
3613 2429 3876 2497 προοίμια
3921 2428 4035 2494 ti;

2437 2513 2717 2581 ἡμετέρας
2751 2512 3029 2582 σωτηρίας
3070 2528 3084 2543 ·
3118 2516 3236 2567 ἐκεῖ
3263 2517 3333 2569 τὰ
3366 2518 3660 2588 ἀπόρρητα
3707 2519 3871 2589 602
3896 2519 4038 2587 δόγ-

2442 2621 2587 2674 ματα
2617 2605 2987 2675 κηρύττεσθαι
3020 2607 3120 2677 τὴν
3150 2608 3327 2678 ἀρχὴν
3377 2608 3570 2665 ἐλαϐον
3593 2614 3640 2645 ⁸⁸
3663 2629 3677 2642 ’
3713 2615 3828 2664 ἐκεῖ
3872 2616 4041 2680 πρῶ-

2436 2716 2530 2752 τον
2566 2701 2933 2771 ἀπεκαλύφθη
2980 2703 3175 2772 Πατὴρ
3207 2704 3304 2756 καὶ
3337 2704 3648 2774 ἐγνωρίσθη
3681 2707 4035 2774 Μονογενὴ;,

2441 2792 2541 2846 καὶ
2572 2792 2731 2863 ἐδόθη
2773 2795 3015 2864 τοσαύτη
3057 2796 3380 2866 Πνεὺματος
3429 2800 3589 2867 χάρις
3615 2799 3711 2850 καὶ
3748 2800 3839 2851 τὸν
3890 2805 4037 2867 περὶ

2437 2885 2547 2938 τῶν
2577 2887 2894 2957 ἀσωμάτων
2916 2890 3034 2941 ἐκεῖ
3057 2888 3215 2956 λόγον
3237 2892 3282 2922 ⁸⁸
3301 2891 3637 2960 ἐγύμναζον,
3654 2892 3749 2943 καὶ
3777 2890 4033 2961 δωρεῶν,

2440 2980 2536 3032 καὶ
2564 2980 2853 3046 δυνάμεων
2879 2982 2975 3033 καὶ
2998 2981 3107 3033 τῶν
3149 2981 3456 3051 μελλόντων
3484 2981 3705 3051 ἀγαθῶν
3725 2982 3825 3044 τὰς
3857 2984 4040 3048 ἐπαγο

2439 3073 2653 3141 γελίας,
2707 3071 2856 3143 ἅπερ
2894 3072 3119 3125 ἅπαντα
3165 3072 3339 3143 αὑτῆς
3382 3074 3727 3146 ὡραιότητας
3747 3074 3795 3106 ⁸⁸
3840 3074 4035 3137 λέγει·

2440 3163 2639 3228 κάλλος
2666 3163 2710 3195 ⁸⁷
2746 3163 2855 3235 γὰρ
2902 3164 3042 3217 Θεοῦ
3088 3166 3186 3219 καὶ
3218 3165 3494 3237 ὡραιότης
3537 3168 3571 3237 ἡ
3605 3166 3901 3235 ἀγαθότης,
3923 3172 4038 3219 καὶ

636 3252 639 3259 ’
747 3260 829 3330 (ἡ)
863 3258 1278 3329 φιλανθρωπία,
1307 3261 1404 3311 καὶ
1429 3261 1463 3329 ή
1497 3260 1578 3320 εἰς
1628 3257 1838 3318 πάντας
1869 3256 2186 3324 εὐεργεσία·
2214 3257 2335 3329 ἐπεῖ
2372 3256 2555 3308 τοίνυν
2616 3256 2676 3308 τὸ
2702 3257 2957 3326 πταῖσμα
2976 3259 3073 3311 καὶ
3094 3256 3156 3309 τὺ
3185 3257 3390 3327 πτῶμα
3410 3258 3456 3290 ⁸⁸
3519 3256 3616 3310 τοῦ
3663 3258 3835 3328 Ἀδὰμ
3865 3258 4038 3328 θερα-

748 3355 959 3420 πεύσας
990 3354 1085 3408 καὶ
1113 3352 1215 3424 τὴν
1234 3353 1502 3421 ταχίστην
1528 3349 1721 3420 ὥσπερ
1758 3349 1804 3380 ⁸⁸
1829 3348 2139 3419 ὑπόπτερον
2212 3347 2528 3401 συνέλευσιν
2595 3348 2703 3401 τῶν
2737 3348 2909 3415 ἁγίων
2970 3346 3067 3400 καὶ
3142 3348 3450 3419 ὑπάντησιν
3487 3352 3544 3403 ἐν
3570 3354 3637 3418 τῇ
3675 3348 3721 3418 β’
3745 3352 4039 3420 παρουαξᾳ

746 3449 916 3504 αὑτοῦ
942 3445 1367 3518 προὺποφαίνων
1384 3442 1431 3474 ⁸⁸
1454 3442 1700 3510 ἐλεγευοι
1720 3459 1731 3471 ·
1761 3457 1779 3489 ι
1807 3439 1984 3492 Ὅπου
2011 3439 2072 3491 τὸ
2097 3425 2323 3508 πτῶμα,
2364 3439 2485 3499 ἐκεῖ
2525 3435 2963 3507 συναχθήσονται
2996 3436 3138 3506 (καὶ)
3167 3437 3217 3490 οἱ
3248 3437 3419 3492 ἀετοί.
3456 3456 3476 3489 ι

822 3544 922 3599 llic
955 3557 1174 3614 quoque
1196 3541 1472 3597 scicmlum
1495 3549 1575 3592 est
1596 3537 2208 3606 (Adami),_cunctorum
2236 3540 2333 3587 tlu-
2363 3553 2376 3603 ς

2513 3535 2626 3604 (-15)
2687 3534 2840 3587 Ἐκεῖ
2881 3533 2939 3586 δὲ
2984 3533 3123 3603 μηδὲ
3159 3532 3256 3586 τοῦ
3292 3534 3417 3587 Νῶε
3454 3538 3524 3600 ’³,
3550 3535 3645 3589 τοῦ
3679 3537 3895 3590 πάντων
3918 3540 4034 3606 ἀρε-

750 3639 831 3693 cis
863 3638 1168 3700 hominum,
1189 3648 1311 3689 esse
1333 3632 1625 3694 tumulum,
1668 3627 1807 3683 sicut
1829 3640 1947 3697 post
1970 3628 2233 3682 diluvium
2266 3628 2335 3681 ab

748 3748 813 3787 ea
846 3732 1045 3789 tradita
1090 3739 1175 3783 est
1225 3728 1366 3782 ﬁrma
1400 3746 1411 3780 :
1445 3726 1677 3794 ideoque
1722 3722 1998 3785 Christus,
2058 3721 2336 3790 inquisitis

751 3826 1003 3880 humana:
1048 3823 1239 3876 mortis
1284 3818 1592 3891 principiis,
1641 3817 1693 3869 in
1737 3816 1883 3869 dicto
1930 3814 2165 3868 Calvarii
2190 3815 2334 3876 loco,

751 3919 1060 3988 passionem
1095 3914 1355 3983 suscepit,
1393 3922 1452 3965 ut
1491 3910 1582 3965 ubi
1619 3910 1903 3963 hominum
1938 3906 2215 3977 corruptio
2242 3921 2333 3961 ce-

730 4001 905 4079 perat
947 4008 1184 4072 initium,
1237 4006 1388 4060 illinc
1413 4017 1631 4074 quoque
1668 4002 1774 4055 vita
1832 4000 2127 4069 divinaque
2181 4000 2332 4068 regni

751 4103 1016 4158 cmlorum
1053 4098 1369 4168 praedicatio
1409 4096 1667 4150 oriretur.

821 4386 913 4440 Sic
945 4384 1108 4439 etiam
1146 4383 1305 4436 divus
1348 4375 1683 4432 Athanasius
1728 4374 1796 4428 de
1830 4371 2034 4427 Christi
2076 4373 2333 4441 passione

750 4479 867 4533 ait:
906 4494 925 4528 ι
978 4475 1055 4527 Eo
1087 4473 1232 4543 quod
1284 4486 1390 4525 non
1432 4468 1559 4523 alibi
1603 4467 1810 4537 patitur
1838 4464 2092 4519 Christus
2133 4479 2233 4519 nec
2277 4465 2330 4518 in

751 4570 861 4624 alio
891 4564 1230 4635 cruciﬁgitur
1280 4562 1403 4615 loco
1452 4574 1616 4629 quam
1658 4558 1712 4612 in
1758 4557 1880 4613 loco
1932 4555 2190 4621 Calvarii,
2222 4571 2333 4627 quo

753 4659 1106 4715 Hebraeorum
1142 4654 1384 4725 magistri
1427 4652 1620 4706 Adami
1658 4651 1850 4705 dicunt
1885 4665 2006 4705 esse
2041 4649 2331 4715 tumulum,

752 4754 827 4808 ibi
854 4752 1001 4807 enim
1029 4765 1153 4803 eum
1190 4756 1312 4818 post
1352 4743 1789 4799 maledictionem
1839 4757 1961 4797 esse
2002 4744 2331 4798 tumulatum

751 4841 1207 4903 allii-mererent;
1244 4845 1529 4905 propterea
1567 4836 1737 4889 miror
1771 4833 1873 4886 loci
1904 4835 2327 4902 proprietatem:

2438 3627 2610 3699 χηγοῦ
2647 3627 2990 3699 ἀνθρώπων,
3037 3629 3130 3681 τὸν
3180 3629 3354 3698 τάφον
3406 3632 3707 3699 ἀγνοῆσαι,
3752 3634 3829 3697 ὠς
3879 3638 4034 3703 μετὰ

2438 3723 2530 3774 τὸν
2556 3721 2949 3790 κατακλυσμὸν
2989 3720 3086 3774 ἀπ’
3119 3722 3292 3792 αὑτῆς
3331 3722 3646 3793 διαδοθῆναι
3670 3726 3769 3795 τὴν
3794 3727 3995 3797 φήμην
4014 3744 4030 3757 ο

2437 3812 2630 3884 διόπερ
2657 3815 2685 3865 ό
2712 3812 2916 3884 Κύριος
2942 3812 3042 3876 τάς
3065 3813 3255 3884 ἀρχὰς
3280 3815 3378 3867 τοῦ
3409 3814 3757 3887 ἀνθρωπίνου
3785 3817 4030 3871 θανάτου

2438 3908 2741 3977 ἐρευνήσας
2764 3908 2843 3969 είς
2875 3906 2968 3959 τὸν
3014 3905 3312 3976 λεγόμενον
3348 3908 3593 3978 Κρανίου
3631 3910 3799 3963 τόπον
3822 3910 3885 3962 τὸ
3915 3913 4035 3965 πά-

2438 3999 2531 4063 Θος
2564 3998 2806 4065 ἐδέξατο,
2833 3999 2922 4052 ἵνα
2957 4000 3017 4052 ἐν
3050 3992 3096 4066 ᾧ
3123 3999 3275 4070 τόπῳ
3298 4002 3330 4071 η
3354 3999 3541 4071 φθορά
3568 4002 3680 4054 τῶν
3717 4003 4033 4072 ἀνθρώπων

2436 4092 2536 4162 τὴν
2570 4090 2750 4162 ἀρχὴν
2791 4089 2976 4154 ἔλαϐε,
3015 4089 3227 4143 ἐκεῖθεν
3257 4085 3352 4144 καὶ
3387 4092 3420 4159 ή
3458 4092 3574 4159 ζωὴ
3602 4094 3695 4145 καὶ
3722 4093 3784 4145 τὸ
3817 4093 3987 4163 θεοκή
4012 4125 4030 4136 ο

2441 4200 2639 4253 ρυκτον
2678 4183 2945 4253 κήρυγμα
2996 4182 3096 4248 τῆς
3151 4183 3433 4253 βασιλείας
3486 4184 3598 4237 τῶν
3634 4185 3883 4256 οὐρανῶν
3917 4187 4032 4257 ἄρ-

2438 4276 2596 4345 ξηται
2622 4275 2689 4328 ’³.

2508 4370 2555 4401 r.
2587 4369 2698 4438 (ιι)
2756 4369 3033 4432 Ὡσαύτως
3081 4370 3177 4423 καὶ
3224 4372 3252 4423 ὁ
3295 4368 3629 4440 θεορρήμων
3690 4371 4029 4435 Ἀθανάσιος

2437 4461 2518 4524 είς
2552 4461 2612 4513 τὸ
2650 4460 2823 4520 πάθος
2850 4461 2896 4493 ⁸³
2937 4461 3179 4531 Χριστοῦ
3214 4460 3399 4528 λέγει·
3441 4479 3459 4512 ‹
3495 4463 3703 4531 Διόπερ
3726 4463 3772 4493 ’⁸
3798 4464 3899 4515 οὑκ
3921 4465 4030 4517 ἀλ-

2438 4552 2632 4622 λαχόσε
2657 4553 2858 4622 πάσχει
2884 4553 3144 4624 Χριστὸς,
3172 4552 3297 4606 οὕτε
3320 4554 3427 4624 μὴν
3446 4556 3526 4617 εἰς
3558 4554 3721 4606 ἄλλον
3745 4554 4023 4625 σταυροῦ-

2437 4660 2527 4696 ται
2562 4644 2728 4697 τόπον
2771 4644 2805 4713 ἢ
2860 4645 2941 4706 είς
2982 4642 3076 4695 τὸν
3126 4645 3169 4677 ³⁷
3203 4644 3445 4714 Κρανίου
3485 4645 3675 4710 τόπον,
3722 4647 3780 4697 ἐν
3814 4640 3922 4713 ᾧ⁹⁸
3949 4648 4022 4716 δὴ

2449 4732 2723 4804 Ἐϐραίων
2754 4736 2804 4787 οί
2836 4734 3153 4787 διδάσκαλοι
3183 4735 3278 4788 τοῦ
3339 4736 3511 4807 Ἀδάμ
3562 4754 3727 4805 quam
3752 4734 3889 4790 εἶναι
3926 4742 4022 4792 τὸν

2438 4828 2609 4895 τάφον
2632 4843 2643 4854 ·
2673 4857 2738 4866 --
2768 4828 2887 4880 ἐκεῖ
2935 4827 3046 4897 γὰρ
3080 4828 3247 4881 αὑτὸν
3288 4833 3429 4898 μετά
3462 4834 3562 4900 τὴν
3592 4832 3837 4900 κατάραν
3860 4833 4027 4884 τετά-

750 4934 979 4989 decebat
1006 4933 1154 4986 enim
1179 4927 1457 4983 Christum
1484 4927 1718 4995 primum
1740 4924 2017 4979 hominem
2070 4938 2334 4977 renovare
2367 4916 2376 4966 1

2441 4920 2577 4988 φθαι
2623 4920 3101 4973 διαϐεϐαιοῦνται·
3129 4950 3201 4962 -
3235 4920 3326 4974 διὰ
3343 4921 3507 4976 τοῦτο
3522 4924 3567 4956 ⁹⁹
3604 4923 3871 4992 θαυμάξω
3922 4926 4025 4977 τοῦ

753 5024 1022 5078 volentem
1075 5022 1127 5075 iu
1178 5035 1243 5073 cu
1286 5018 1394 5087 pati
1423 5018 1564 5069 loco.
1596 5033 1615 5066 ι
1673 5014 1884 5069 Etcum
1940 5013 2184 5068 Adamus
2235 5014 2336 5068 hoc

2442 5011 2609 5064 τόπου
2642 5014 2742 5081 τὴν
2775 5012 3115 5081 οἰκειότητα·
3152 5012 3260 5064 ἔδει
3290 5014 3398 5083 γὰρ
3424 5015 3515 5068 τὸν
3556 5016 3764 5086 Κύριον
3786 5018 4031 5071 iuvat?»

1952 5182 2151 5242 Varia:
2195 5182 2525 5259 lectiones.
2547 5191 2609 5244 et
2640 5191 2831 5246 uotae.

824 5350 868 5380 συ
904 5345 1033 5403 Ced.
1074 5342 1496 5408 uss—750,7.

753 5418 879 5473 add.
911 5418 1043 5472 Ced.
1121 5417 1165 5447 ⁷⁵
1196 5415 1357 5466 θυσία
1382 5416 1515 5467 Uezl.
1597 5414 1641 5443 "
1672 5413 1767 5463 καὶ
1796 5413 1864 5463 τὰ

752 5490 931 5542 τοίνυν
977 5487 1085 5541 (Sed
1097 5527 1109 5540 .

750 5560 796 5591 ”
823 5557 1011 5611 ἔλαϐεν
1040 5556 1170 5613 Oed.
1248 5554 1293 5587 ⁸⁸
1323 5554 1372 5606 λ.
1401 5555 1447 5606 ἐ.
1489 5555 1620 5608 (led.
1696 5553 1745 5584 ⁸³
1774 5554 1838 5605 ὠ.
1869 5551 1961 5603 τοῦ
1993 5551 2129 5602 Θεοῦ
2159 5550 2288 5604 Cod.

1580 5343 1625 5373 το
1654 5341 1821 5396 ’Ὅθεν
1849 5341 1911 5412 δή
1934 5342 2058 5394 cod.

1909 5412 2171 5480 μέλλοντα
2202 5412 2309 5463 (led
2322 5450 2334 5464 .

1202 5484 1249 5515 ⁸⁸
1274 5487 1320 5536 ἐ.
1354 5485 1447 5535 καὶ
1481 5484 1630 5536 εὑστ.
1682 5484 1719 5534 ἰ.
1774 5482 1906 5535 Ccd.
1986 5482 2029 5519 ἰ
2064 5482 2144 5542 εἰς
2184 5483 2284 5550 τὴν
2316 5480 2361 5532 ό.
2396 5480 2450 5532 ἀ.
2487 5483 2536 5532 ot
2563 5481 2828 5550 anﬂed.

2390 5551 2436 5581 ⁸⁷
2467 5550 2637 5619 κάλλη
2660 5548 2788 5604 Ccd.
2868 5550 2913 5581 ⁸⁸
2940 5551 3139 5619 πτῶμα
3169 5551 3267 5603 καὶ
3294 5568 3388 5603 πτ.
3419 5550 3549 5604 (Sed.
3626 5550 3671 5581 "
3699 5550 3762 5605 ὠ.
3798 5556 3892 5605 καὶ
3918 5556 4020 5607 ὑπ.

2134 5342 2173 5370 ⁷³
2209 5338 2296 5394 Ps.
2330 5355 2383 5402 ι,
2417 5338 2469 5391 2.
2548 5341 2593 5371 ⁷³
2626 5341 2740 5408 γ.ἡ
2773 5340 2865 5393 τοῦ
2900 5340 3035 5393 Θεοῦ
3068 5342 3199 5395 (Ied.
3280 5341 3323 5371 "
3351 5340 3444 5394 καί
3469 5339 3597 5393 add.
3636 5340 3766 5393 Ced.
3846 5343 3891 5371 ‘“
3922 5346 4025 5397 κ;ί

2454 5412 2494 5441 ⁷⁷
2525 5412 2616 5463 καί
2670 5412 2795 5464 add.
2825 5412 2956 5465 σω.
3036 5412 3079 5442 ⁷⁸
3107 5411 3259 5477 λέγει
3287 5409 3417 5464 Ced.
3457 5409 3557 5462 lsa.
3596 5427 3651 5472 ιι,
3677 5411 3728 5463 5.
3831 5415 3877 5443 τ’
3922 5415 4023 5466 Ἐκ

2931 5482 2975 5512 ⁸³
3002 5481 3095 5533 καί
3154 5481 3281 5535 add.
3310 5480 3441 5535 Ced.
3519 5480 3563 5511 ⁸³
3592 5480 3687 5532 καί
3726 5483 3849 5535 add.
3885 5486 4019 5537 titul.

750 5630 857 5683 τῶν
884 5631 937 5681 ἀ.
986 5643 1035 5682 σ.
1066 5626 1198 5680 Oed.
1275 5625 1322 5656 "
1357 5626 1412 5677 ἀ.
1440 5628 1778 5695 προῦᾷπεμφ.
1823 5620 2250 5695 ῼιειΙηΔυμΜαι.
2279 5636 2369 5695 xxI

2466 5621 2555 5676 28,
2576 5694 2583 5695 ί
2605 5693 2614 5695 _
2637 5622 2683 5695 ξ·
2722 5622 2932 5695 sese;
2975 5622 3068 5695 _'f
3090 5624 3377 5695 hucusque
3398 5621 3810 5695 ⁸εἰειια-ίοιίε
3844 5624 4021 5695 Chry—

751 5713 997 5754 sostomo
1040 5696 1264 5749 laudati.
1358 5695 1403 5728 "
1426 5691 1557 5748 Ced.
1590 5693 1915 5753 750,8—17.
1970 5691 2131 5744 ’9.’δὲ
2164 5692 2257 5744 καὶ
2287 5694 2314 5743 ό

748 5771 872 5823 ὅθεν
896 5768 1015 5821 οὑδὲ
1044 5768 1099 5820 ἀ.
1143 5782 1204 5820 π.
1227 5766 1347 5819 οῦδέ
1381 5768 1456 5829 εἰς
1484 5781 1535 5819 τ.
1583 5781 1665 5816 στ.
1744 5764 1789 5795 ’⁷
1820 5766 1900 5822 εἰς
1920 5762 2015 5815 τοῦ
2051 5778 2140 5831 κρ.
2176 5762 2306 5814 Ced.

2355 5694 2532 5762 μέγας
2574 5691 2688 5745 Ἀθ.
2766 5692 2810 5725 ’⁵
2840 5693 2934 5745 τοῦ
2963 5691 3094 5746 Cetl.

2416 5755 2464 5794 ν’*
2489 5763 2550 5813 ὃν
2595 5763 2672 5815 'E.
2707 5765 2753 5814 οἱ
2780 5762 2827 5817 δ.
2868 5782 2923 5833 φ.
2954 5763 3046 5816 τοῦ
3090 5765 3172 5816 Ἀ.
3208 5755 3335 5816 ἐξτ.
3374 5764 3499 5817 Ath.
3535 5755 3658 5828 ὲνῷ
3690 5762 3752 5833 δὴ
3781 5764 3890 5815 τῶν
3935 5764 4021 5817 Ἐι

3201 5689 3357 5761 ⁹⁶,,έιΙ.
3397 5689 3521 5745 Par.
3552 5690 3690 5761 1698
3727 5692 3811 5748 Ill.
3832 5695 3902 5747 90
3932 5689 3976 5747 tt
4002 5714 4019 5748 τ

750 5844 797 5893 οἱ
828 5841 876 5894 δ.
917 5857 973 5909 φ.
1011 5838 1105 5892 τοῦ
1144 5840 1225 5893 Ἀ.
1260 5839 1305 5892 ὲ.
1347 5838 1439 5889 τὸν
1471 5852 1523 5890 τ.
1559 5834 1692 5892 Ced.
1775 5834 1819 5865 θ’
1852 5834 1988 5904 ὅπερ
2030 5835 2077 5886 εἰ
2110 5834 2283 5895 οὑτως
2330 5831 2376 5903 ἔ)

2434 5852 2439 5885 ι
2476 5833 2527 5887 θ.
2564 5834 2693 5888 Alli.
