4244 6440
239 415 350 481 889

1419 409 1887 472 CHROXﬂON.
1920 434 1991 446 -ο
2033 412 2178 471 LIB.
2226 415 2326 473 IV.

3388 410 3512 475 ‘890

242 528 465 597 λέγουσι
524 524 665 581 κατὰ
721 524 982 593 ἀλήθειαν
1038 522 1133 593 τὴν
1183 522 1345 591 ἀγίαν
1399 523 1621 591 Μαρίαν
1676 522 1819 591 (τὴν)
1852 528 1894 583 Α

1852 528 1894 583 Α
1926 536 2174 580 sanciam
2222 524 2444 580 Man-iam
2498 524 2807 593 Deiparam,
2864 539 2961 580 nec
3022 540 3087 578 ex
3120 538 3181 577 ea
3232 523 3508 577 Christum

242 620 531 681 Θεοτόκον,
562 618 682 671 οὐδὲ
716 615 773 681 ἐξ
807 617 975 685 αὐτῆς
1010 611 1367 686 σαρκωθῆναι
1391 615 1481 667 τὸν
1507 614 1732 683 Κύριον.

317 713 362 743 ⁸³
396 712 471 781 (7)
503 710 895 780 Βλασφημοῦσι
925 708 982 760 δὲ
1014 708 1110 761 καὶ
1139 709 1219 771 είς
1269 707 1335 761 τὰ
1369 707 1489 760 θεῖα
1538 706 1821 777 μυστήρια

238 808 335 870 ’ἧς
378 805 541 871 ἁγίας
574 803 861 865 κοινωνίας
904 802 1000 855 τοῦ
1029 800 1213 872 τιμίου
1242 799 1497 870 σώματος
1532 800 1625 853 καὶ
1650 802 1821 871 αἱμα-

244 914 331 961 to;
368 895 463 948 τοῦ
494 895 699 964 Κυρίου
748 893 906 963 ήμῶν
942 894 1120 964 Ἰησοῦ
1156 893 1417 964 Χριστοῦ,
1460 893 1709 960 λέγοντες
1742 893 1824 946 ὅτι

240 991 308 1041 τὰ
346 989 569 1060 ῥήματα
600 987 767 1040 αὐτοῦ
801 986 830 1039 6
874 985 1079 1056 Κύριος
1126 986 1302 1049 διδοὺς
1337 987 1449 1049 τοῖς
1496 985 1823 1048 ἀποστόλοις

242 1079 439 1148 ἔλεγε·
486 1098 505 1130 ι
540 1078 769 1144 Λάϐετε,
826 1079 1031 1148 φάγετε
1074 1078 1140 1144 ³⁵,
1182 1078 1335 1131 πίετε
1371 1080 1469 1131 οὐκ
1516 1079 1683 1147 ἄρτον
1733 1077 1829 1130 καὶ

244 1161 413 1230 οἶνον,
461 1184 480 1217 ι
524 1166 617 1218 καὶ
668 1166 787 1235 οὐχί
828 1166 881 1198 ⁸⁸
918 1182 1052 1233 φασι
1097 1167 1476 1237 προσάγεσθαι
1526 1170 1691 1238 ἄρτον
1738 1168 1829 1221 καὶ

250 1251 415 1312 οἶνον.

324 1350 488 1420 609
543 1352 589 1383 "
646 1351 722 1422 (8)
782 1352 1213 1424 Βλασφημοῦσιν
1260 1355 1304 1386 ⁸⁷
1360 1359 1443 1417 εἰς
1498 1355 1591 1406 τὸν
1652 1353 1832 1423 τίμιον

255 1443 511 1512 σταυρὸν,
548 1443 823 1511 λέγοντες,
853 1446 937 1500 ὅτι
968 1447 1201 1518 σταυρὸς
1232 1449 1261 1500 6
1286 1447 1524 1518 Χριστός
1565 1449 1734 1511 ἐστιν,
1767 1448 1829 1499 ού

253 1534 363 1605 χρὴ
386 1535 441 1589 δὲ
470 1536 896 1608 προσκυνεῖσθαι
922 1538 985 1592 τὸ
1016 1539 1172 1604 ξύλον
1200 1540 1278 1604 ὡς
1306 1540 1758 1611 κεκατηραμένον
1784 1540 1830 1573 ⁵⁸

254 1626 512 1696 ὄργανον.

331 1719 375 1751 ⁸⁹
406 1721 481 1790 (9)
516 1719 655 1784 Τοὺς
685 1723 731 1753 ⁸ο
756 1724 1042 1795 προφήτας
1075 1743 1167 1779 και
1198 1726 1368 1796 (τοὺς)
1394 1726 1614 1790 λοιποὺς
1647 1726 1837 1796 ἁγίους

1929 619 2098 675 inisse
2155 619 2517 673 incarnatum.

1996 712 2383 783 Blasphemant
2460 713 2624 766 etiam
2678 711 2729 764 in
2785 711 2969 765 divina
3039 709 3292 779 mysteria
3347 723 3514 761 sacrae

1930 804 2335 860 communionis
2386 802 2607 873 pretiosi
2659 806 2905 871 corporis
2960 810 3015 855 et
3072 800 3354 869 sanguinis
3414 799 3514 850 Do-

1931 900 2065 953 mini
2099 899 2268 953 nostri
2324 895 2457 952 Jcsu
2514 896 2738 961 Christi,
2794 895 3033 948 dicentes
3080 892 3367 947 Dominum
3395 908 3519 961 apo-

1930 991 2084 1047 stolis
2132 990 2468 1060 praebentem
2510 1004 2606 1042 sua
2647 987 2808 1041 verba
2856 985 3060 1039 dixisse
3112 1004 3125 1038 :
3196 1003 3214 1035 ‹
3249 984 3511 1051 Accipite,

1933 1082 2225 1146 comedite,
2265 1081 2457 1143 bibite,
2491 1095 2598 1133 non
2627 1093 2818 1149 panem
2847 1088 2899 1133 et
2935 1077 3113 1130 vinum
3148 1095 3161 1142 ;
3210 1097 3226 1127 ι
3255 1086 3307 1129 et
3332 1075 3519 1129 dicunt

1934 1188 2043 1229 non
2093 1173 2218 1229 addi
2271 1188 2465 1245 panem
2513 1182 2565 1227 et
2614 1172 2820 1227 vinum.

2006 1360 2389 1429 Blasphemant
2434 1358 2486 1411 in
2532 1357 2823 1427 pretiosam
2854 1370 3092 1420 crucem,
3125 1355 3368 1409 dicentes
3396 1368 3505 1406 cru-

1937 1468 2053 1509 cem
2083 1466 2205 1507 esse
2226 1451 2531 1513 Christum,
2554 1458 2608 1504 et
2653 1463 2757 1503 non
2798 1446 3132 1501 adorandum
3162 1460 3283 1500 esse
3314 1445 3520 1513 lignum

1938 1544 2094 1617 quasi
2127 1544 2477 1599 maledictum
2509 1546 2961 1597 instrumentum.

2009 1738 2309 1806 Prophetas
2340 1745 2394 1791 et
2420 1746 2643 1789 creteros
2675 1739 2898 1788 sanctos
2929 1730 3215 1799 abjiciunt,
3264 1734 3525 1797 praetcrea

256 1812 678 1923 ἀποϐάλλονται,
731 1814 812 1923 ἔτι
849 1816 911 1923 δὲ
967 1816 1106 1888 (καὶ)
1146 1819 1238 1872 τὸν
1280 1818 1433 1887 ἅγιον
1482 1819 1711 1889 Πέτρον,
1744 1819 1836 1872 τὸν
1871 1869 1912 1923 Β

1871 1869 1912 1923 Β
1940 1832 2103 1887 etiam
2120 1838 2364 1884 sanctum
2389 1826 2627 1891 Petrum,
2658 1839 2911 1896 magnum
2934 1819 3526 1892 apostolorumprinci-

260 1902 433 1973 μέγαν
480 1906 959 1974 πρωταπόστολον,
1007 1909 1168 1961 πλέον
1225 1909 1443 1963 πάντων
1485 1912 1580 1963 καὶ
1630 1911 1837 1980 δυσφη-

262 1994 423 2063 μοῦσι
468 1998 562 2049 καὶ
600 1998 1004 2054 ἀποϐάλλονται
1042 2002 1109 2065 ⁸³,
1146 2002 1206 2067 ἐξ
1242 2003 1424 2057 αὐτῶν
1475 2005 1680 2074 μηδένα
1714 2004 1839 2057 τινὰ

257 2088 321 2139 ὲν
354 2088 511 2157 μέρει
532 2087 643 2141 τῶν
676 2089 1001 2159 σωζομένων
1035 2087 1197 2157 εἶναι,
1228 2094 1503 2161 λέγοντες,
1536 2092 1839 2164 καθολικὴν

259 2180 559 2249 ἐκκλησίαν
610 2183 679 2239 τά
725 2185 938 2239 ἑαυτῶν
996 2186 1249 2257 συνέδρια
1300 2188 1436 2258 πρὸς
1480 2189 1627 2259 ήμᾶς
1678 2190 1736 2243 ἐν
1775 2191 1839 2260 τῇ

258 2271 563 2344 ἀλληγορία
632 2275 813 2329 αὐτῶν
884 2274 1180 2345 λέγοντες“
1232 2279 1371 2351 πρὸς
1440 2280 1669 2343 ἑαυτοὺς
1731 2279 1841 2350 γὰρ

258 2363 461 2417 ἐκεῖνοι
491 2366 797 2436 προσευχὰς
824 2368 869 2399 ⁸³
892 2368 1073 2421 αὐτῶν
1104 2368 1341 2437 λέγουσι,
1373 2370 1660 2441 βάπτισμα
1692 2372 1749 2425 δὲ
1778 2373 1841 2426 τὰ

262 2457 485 2525 ῥήματα
524 2458 618 2511 τοῦ
646 2459 1004 2528 Εὐαγγελίου,
1039 2462 1223 2526 καθώς
1272 2482 1437 2534 φησιν
1472 2466 1498 2517 6
1529 2464 1733 2536 Κύριος
1764 2466 1808 2497 ⁸⁸
1828 2481 1841 2494 ο

276 2567 297 2600 ι
340 2550 481 2616 Ἐγώ
512 2552 629 2619 είμι
662 2552 724 2605 τὸ
753 2552 897 2623 ὕδωρ
930 2554 991 2607 τὸ
1019 2554 1147 2619 ζῶν.
1189 2574 1207 2608 ι

340 2643 385 2674 ιδ
413 2643 524 2713 (i0)
562 2644 748 2698 Ταῦτα
803 2647 981 2700 πάντα
1028 2652 1123 2701 καὶ
1172 2651 1357 2704 πλεῖον
1406 2654 1451 2683 ⁸⁵
1488 2652 1714 2720 τούτων,
1754 2656 1841 2708 ὅτε

266 2737 615 2806 φωραθῶσιν,
655 2738 1085 2810 ἀλληγοροῦσινο
1119 2741 1254 2795 ἀλλά
1288 2744 1394 2815 χρὴ
1439 2746 1707 2816 νουνεχῶς
1748 2747 1844 2799 καὶ

263 2832 637 2901 διωρισμένως
654 2833 835 2895 αὐτοῖς
862 2833 1134 2904 (157ιθ)είς
1160 2837 1337 2891 πάντα
1365 2838 1847 2905 διαλέγεσθαιΚαὶ

267 2929 379 2996 γὰρ
400 2928 492 2981 καὶ
510 2928 571 2981 τὸ
599 2928 791 2998 ψεῦδος
818 2930 1123 3001 προχείρως
1141 2931 1352 3001 ἔχουσιν
1375 2933 1447 2994 ὡς
1468 2935 1631 3004 νόμον
1649 2936 1848 2988 οίκεῖον

266 3018 499 3072 πάντοτε
554 3021 618 3084 ⁸⁸,
676 3020 889 3090 μάλισθ’
952 3022 1015 3089 ⁸⁷,
1061 3024 1149 3076 ὅτε
1214 3023 1510 3093 βιασθῶσι,
1568 3024 1848 3094 διαψευδό-

273 3128 423 3178 μενοι
462 3113 506 3143 ⁸⁸
545 3112 814 3179 λέγοντες,
858 3114 1040 3176 καθὼς
1086 3116 1182 3169 ἐὰν
1216 3116 1639 3187 προσταγοῶσιν
1665 3118 1696 3186 ἦ
1726 3136 1851 3188 προ·

1945 1939 2087 1994 pem,
2121 1923 2295 1992 magis
2319 1936 2481 1990 quam
2514 1933 2708 1976 omnes
2730 1917 3139 1972 calumniantur
3158 1924 3212 1969 et
3241 1913 3524 1983 abjiciunt.

1946 2017 2021 2072 Ex
2058 2017 2169 2070 illis
2210 2013 2482 2069 neminem
2514 2012 2568 2066 in
2607 2019 2760 2081 parte
2789 2010 3125 2065 salvatorum
3165 2021 3289 2061 esse
3314 2007 3524 2059 dicunt.

1943 2109 2028 2164 Ad
2064 2125 2163 2164 nos
2225 2106 2516 2177 allegorice
2576 2105 2765 2159 dicunt
2836 2100 3162 2155 catholicam
3228 2097 3530 2153 Ecclesium

1944 2205 2190 2273 ipsorum
2224 2200 2475 2271 synedria
2510 2215 2527 2263 ;
2558 2198 2624 2251 ad
2656 2212 2715 2252 se
2742 2196 2886 2250 enim
2938 2196 3015 2249 illi
3075 2209 3205 2248 suas
3249 2193 3530 2248 orationes

1943 2296 2155 2358 dicunt,
2186 2293 2568 2363 baptismaque
2602 2288 2764 2343 verba
2814 2286 3119 2357 Evangelii,
3152 2286 3293 2341 sicut
3324 2284 3396 2339 ait
3431 2284 3529 2338 Do-

1947 2386 2130 2441 minus
2164 2403 2176 2438 :
2216 2402 2235 2438 ι
2272 2384 2381 2454 Ego
2412 2397 2532 2437 sum
2561 2396 2697 2451 aqua
2732 2378 3034 2433 \‘ivilicans.
3071 2395 3090 2429 ι

2035 2666 2161 2721 Haec
2206 2661 2391 2717 omnia
2439 2659 2657 2728 aliaque
2724 2655 2928 2727 plura,
2999 2668 3122 2709 cum
3195 2650 3532 2722 explicantur

1948 2758 2251 2827 allegorice,
2276 2760 2577 2822 exponunt.
2634 2748 2861 2818 Oportet
2918 2756 3098 2802 autem
3157 2746 3433 2816 sapienter
3481 2754 3535 2798 et

1949 2853 2207 2908 distincte
2255 2863 2378 2902 cum
2438 2846 2570 2914 ipsis
2598 2843 2651 2898 in
2682 2842 2938 2898 omnibus
2975 2842 3276 2910 disputare.
3308 2838 3533 2907 Semper

1948 2948 2091 3003 enim
2132 2948 2183 2998 in
2215 2952 2467 3013 promptu
2541 2936 2884 2992 mendacium
2940 2936 3139 2988 habent
3167 2931 3331 2987 veluti
3362 2931 3537 3001 legem

1950 3038 2053 3094 sibi
2105 3035 2422 3106 propriam,
2474 3030 2710 3084 maxime
2755 3043 2879 3083 cum
2933 3034 3215 3096 urgentur,
3265 3024 3533 3084 dicentes,

1953 3146 2013 3185 se
2041 3129 2364 3182 mentientes
2396 3122 2615 3192 quando
2643 3119 3011 3175 necessarium
3041 3118 3123 3172 vel
3150 3117 3277 3171 utile
3306 3116 3533 3175 ducunt,

269 3202 520 3272 τραπῶσι
564 3204 629 3269 ⁸⁸,
658 3204 984 3275 ἀνέγκλητοι
1030 3208 1182 3277 ὄντες
1228 3210 1359 3278 παρ’
1395 3210 1627 3272 ἑαυτοῖς.
1660 3211 1847 3274 Οὕτως
1878 3208 1921 3269 C

1878 3208 1921 3269 Ο
1954 3219 2094 3288 apud
2129 3214 2453 3282 semetipsos
2501 3226 2625 3265 esse
2700 3210 3045 3263 innocentes.
3086 3207 3177 3260 Sic
3228 3206 3372 3259 enim
3403 3206 3534 3273 ipsis

271 3296 381 3366 γὰρ
435 3297 619 3359 αὐτοῖς
665 3299 693 3349 6
722 3296 915 3369 Μάνης
958 3298 1002 3328 ⁷ο
1057 3300 1401 3369 παρέδωκεν,
1434 3302 1516 3354 ὅτι
1567 3303 1683 3357 Ούκ
1733 3303 1849 3372 είμὶ

271 3387 383 3454 ἑγὼ
440 3388 771 3460 ἄσπλαχνοςι
836 3390 1022 3459 φησὶν,
1076 3391 1152 3454 ὡς
1203 3392 1440 3462 Χριστὸς
1495 3398 1521 3448 6
1576 3396 1744 3447 εἰπών
1771 3398 1847 3428 ⁷¹’

281 3478 501 3542 «Ὅστις
526 3480 593 3534 ἄν
624 3498 691 3550 με
709 3483 1015 3552 ἀρνήσηται
1045 3482 1356 3553 ἔμπροσθεν
1393 3486 1501 3537 τῶν
1520 3487 1848 3557 ἀνθρώπων,

273 3572 581 3643 ἀρνήσομαι
623 3573 787 3627 αὑτὸν
833 3574 1021 3639 κάγώ·
1070 3594 1089 3627 ι
1123 3575 1237 3627 ἀλλ’
1267 3577 1378 3645 ἐγὼ
1417 3579 1462 3609 ⁷³
1515 3577 1611 3630 τοῦ
1657 3579 1853 3649 ἀρνου-

278 3662 439 3729 μένου
477 3678 542 3732 με
565 3663 876 3735 ἔμπροσθεν
901 3666 1011 3717 τῶν
1037 3665 1345 3738 ἀνθρώπων
1381 3670 1477 3722 καὶ
1501 3669 1602 3741 τὴν
1642 3671 1855 3725 οἰκείαν

278 3752 551 3824 σωτηρίαν
583 3756 964 3825 ποριζομένου,
998 3757 1075 3821 ὡς
1099 3759 1173 3829 μὴ
1210 3761 1550 3831 ἀρνουμένου
1584 3780 1673 3833 με,
1718 3764 1856 3832 μετὰ

280 3848 453 3915 χαρᾶς
507 3847 873 3917 προσδέξομαι
914 3850 961 3881 ⁷⁸
998 3851 1091 3904 καὶ
1147 3852 1246 3923 τὴν
1296 3853 1601 3925 ἀνάκλησιν
1649 3856 1746 3910 καὶ
1797 3857 1857 3910 τὸ

276 3938 472 4008 ψεῦδος
500 3941 574 4003 ὡς
597 3942 699 4011 τὴν
726 3942 859 4011 πρὸς
894 3942 993 4011 ἐμὲ
1023 3944 1317 4014 ὁμολογίαν
1348 3946 1641 4004 ἀνεύθυνον
1674 3949 1742 4003 ⁷⁵.

354 4033 401 4065 ⁷⁸
436 4033 547 4105 (11)
594 4034 830 4105 Ὁμοίως
862 4036 1049 4106 μέντοι
1096 4038 1194 4091 καὶ
1226 4039 1272 4071 ⁷⁸
1303 4041 1718 4112 πρεσϐυτέρους
1765 4046 1860 4097 καί

280 4125 502 4188 λοιποὺς
561 4128 725 4196 ἱερεῖς
773 4129 900 4190 τοὺς
955 4129 1001 4161 ⁷⁷
1054 4131 1184 4200 παρ’
1234 4133 1366 4199 ἡμῖν
1414 4133 1858 4189 ἀποϐάλλονταιο

280 4218 480 4269 ἐκεῖνοι
508 4217 564 4270 δὲ
589 4218 636 4249 ⁷⁸
662 4219 788 4281 τοὺς
826 4221 991 4290 ἱερεῖς
1038 4221 1219 4274 αὐτῶν
1267 4224 1311 4254 ⁷⁸
1364 4226 1735 4295 συνεκδήμους
1776 4227 1863 4281 λέ-

281 4325 437 4374 γουσι
490 4309 586 4363 καὶ
633 4311 935 4381 νοταρίους,
972 4312 1302 4383 ἀδιαφόρους
1344 4315 1391 4347 ⁸ο
1448 4320 1616 4372 πᾶσιν
1676 4320 1863 4383 αὐτοῖς

281 4398 444 4461 ὄντας
476 4400 641 4471 610
674 4402 767 4453 καὶ
792 4402 903 4463 τοῖς
931 4400 1177 4471 σχήμασι
1212 4404 1308 4455 καὶ
1338 4406 1457 4467 ταῖς
1484 4406 1723 4471 διαίταις
1764 4411 1861 4461 καὶ

286 4495 433 4565 πάσῃ
467 4498 536 4565 τῇ
561 4496 655 4549 τοῦ
684 4495 871 4549 λοιποῦ
912 4495 1029 4557 βίου
1055 4504 1394 4573 κατασκευῇ.

1953 3313 2136 3367 Matres
2163 3306 2385 3368 tradidit
2406 3305 2578 3359 :«Non
2610 3318 2729 3358 sum
2757 3316 2879 3371 ego,
2917 3300 3112 3369 inquit,
3146 3298 3537 3351 immisericons

1953 3404 2095 3458 sicut
2170 3400 2442 3460 Christus,
2533 3394 2623 3465 qui
2682 3392 2863 3447 dixit:
2907 3411 2923 3442 ι
2960 3389 3062 3456 Qui
3099 3402 3191 3443 me
3258 3388 3533 3456 negaverit

1954 3508 2140 3549 coram
2173 3490 2489 3545 hominibus
2521 3496 2573 3540 et
2602 3503 2701 3557 ego
2739 3486 2947 3554 negabo
2986 3499 3132 3538 cum.
3171 3503 3189 3533 ι
3243 3483 3355 3550 Ego
3410 3494 3537 3534 vero

1958 3584 2209 3657 negantis
2235 3599 2320 3638 me
2354 3597 2540 3637 coram
2571 3578 2884 3635 hominibus
2913 3586 2967 3631 et
2999 3575 3275 3645 pr0priam
3306 3576 3539 3629 salutem

1960 3676 2279 3748 quaerentis,
2335 3676 2491 3745 quasi
2522 3688 2630 3728 non
2687 3672 3008 3742 abnegantis
3044 3684 3153 3733 me,
3184 3682 3309 3721 cum
3342 3666 3542 3735 gaudio

1958 3768 2255 3838 suscipiam
2290 3774 2346 3821 et
2374 3764 2776 3820 invocationem
2795 3771 2849 3817 et
2877 3759 3243 3824 mendacium,
3277 3766 3536 3826 tanquam

1959 3862 2256 3917 innocuam
2286 3858 2350 3912 ad
2384 3872 2472 3912 me
2510 3855 2938 3911 confessionem.
2977 3872 2995 3905 ι

2035 4042 2166 4096 item
2229 4037 2580 4107 presbyteros
2628 4045 2971 4105 caeterosque
3029 4033 3340 4089 sacerdotes
3398 4031 3542 4101 apud

1966 4149 2063 4189 nos
2089 4139 2339 4201 receptos
2404 4129 2679 4199 rejiciunt.
2738 4129 2829 4183 lsti
2892 4142 3022 4183 vero
3076 4124 3384 4181 sacerdotes
3412 4139 3540 4178 suos

1964 4226 2151 4280 dicunt
2208 4221 2549 4278 contribules
2605 4230 2659 4274 et
2722 4220 3003 4283 notarios,
3055 4218 3372 4274 consimiles
3423 4231 3539 4269 om-

1966 4319 2124 4373 nibus
2184 4316 2318 4386 ipsis
2350 4323 2404 4369 et
2454 4313 2638 4368 habitu
2720 4324 2773 4368 et
2819 4313 3080 4383 regimine
3108 4320 3160 4366 ct
3209 4310 3359 4365 omni
3424 4308 3544 4362 vitae

1966 4409 2317 4467 commercio.

354 4587 423 4618 ⁸⁶⁹
446 4587 559 4659 (12)
603 4584 825 4659 Ἔχουσι
857 4590 913 4643 δὲ
950 4591 1127 4646 πάντα
1150 4593 1218 4647 τὰ
1246 4593 1340 4647 τοῦ
1377 4593 1715 4662 Εὗαγγελίου
1758 4597 1856 4649 καὶ
1887 4573 1940 4631 D

1887 4573 1940 4631 D
2040 4592 2252 4649 llabent
2316 4602 2493 4648 autem
2571 4590 2754 4646 omnia
2845 4590 3120 4661 Evangelii
3190 4600 3242 4645 et
3297 4590 3546 4657 Apostoli

285 4679 379 4733 τοῦ
423 4681 750 4735 Ἀποστόλου
806 4684 947 4753 ρητά
992 4684 1317 4755 διάστροφα,
1368 4685 1556 4757 [πρὸς]
1606 4688 1673 4740 τὰ
1727 4691 1860 4759 παρ’

288 4772 420 4840 ἡμῖν
455 4771 496 4803 ⁸⁷
527 4772 654 4824 ὄντα
681 4773 917 4839 ἐναντία,
946 4776 1077 4845 παρ’
1107 4776 1289 4829 αὐτῶν
1315 4776 1371 4830 δὲ
1418 4778 1751 4831 συντεθέντα
1786 4780 1862 4843 ὼς

289 4865 450 4935 δῆθεν
479 4866 790 4937 ἁρμόζοντα
813 4871 932 4932 ταῖς
960 4869 1190 4932 οἰκείαις
1228 4872 1409 4924 αὐτῶν
1443 4872 1754 4943 αἱρέσεσιν·
1788 4873 1865 4937 ῶς

291 4958 401 5028 γὰρ
432 4958 648 5029 εἴρηται
674 4961 740 5030 τῇ
783 4964 957 5032 γραφῇ
999 4962 1092 5015 καὶ
1130 4964 1246 5026 τοῖς
1280 4962 1480 5031 λόγοις,
1515 4964 1690 5026 οὕτως
1724 4965 1863 5017 εἰσὶν

292 5048 410 5122 [ὡς]
433 5051 526 5105 καὶ
550 5048 663 5123 [τὰ]
687 5052 817 5122 παρ’
847 5055 977 5122 ἡμῖν
1002 5054 1504 5126 ἀπαράλλακτα,τά
1526 5056 1581 5109 δὲ
1614 5058 1863 5127 νοήματα

1973 4688 2136 4743 verba
2194 4687 2422 4741 distorta
2470 4693 2526 4740 et
2555 4684 2635 4739 eis
2682 4698 2806 4761 gnte
2836 4694 2962 4738 sunt
3012 4682 3152 4747 apud
3214 4697 3309 4736 nos
3328 4692 3539 4735 contra-

1974 4780 2074 4844 ria,
2107 4779 2175 4832 ab
2210 4779 2343 4847 ipsis
2386 4785 2566 4831 autem
2621 4773 2884 4843 disposita
2925 4775 3073 4827 velut
3110 4788 3242 4828 sane
3288 4774 3402 4828 suis
3434 4773 3541 4826 liae-

1974 4872 2188 4926 resibus
2225 4871 2636 4925 concordantia.
2667 4870 2822 4925 Sicut
2865 4871 3011 4923 enim
3044 4870 3249 4922 dictum
3277 4876 3379 4931 est,
3412 4868 3541 4922 scri-

1972 4973 2129 5033 ptura
2188 4964 2478 5033 veritisque
2530 4963 2645 5018 haec
2692 4962 2766 5017 ita
2802 4963 2950 5016 velut
2997 4962 3138 5032 apud
3173 4976 3273 5016 nos
3339 4964 3546 5030 integra

1973 5068 2120 5123 sunt,
2173 5059 2267 5113 sed
2303 5057 2587 5113 sententiae
2625 5057 3059 5126 distorquentur,
3085 5054 3543 5123 quemadmodum

1477 5198 1676 5259 Variae
1708 5196 2013 5259 lectiones
2044 5203 2103 5259 et
2129 5202 2317 5257 notae.

396 5345 442 5376 ⁸³
503 5342 634 5397 Ced.
699 5342 997 5404 759,!8—
1057 5342 1126 5395 3'5
1179 5360 1192 5394 :

296 5413 429 5482 φησί
462 5414 594 5468 Ced.
626 5412 745 5479 οὐχὶ
785 5430 877 5481 φη.
918 5412 1037 5467 cod.

1257 5344 1390 5410 φασὶ
1443 5343 1518 5407 δέ,
1577 5342 1767 5399 Petrus
1822 5344 2037 5399 Siculus

1131 5413 1178 5443 ⁵⁵
1211 5412 1342 5466 Ced.
1385 5413 1585 5475 759,24
1620 5444 1690 5453 —
1724 5413 1906 5477 760,2.
1972 5414 2169 5467 Petrus
2217 5411 2455 5466 Siculus.

291 5484 416 5539 co.l.
490 5484 535 5517 "
568 5482 698 5537 Ced.
734 5482 1022 5548 760,2—9.
1068 5482 1261 5551 Petrus
1296 5484 1551 5538 Siculus:
1590 5484 1847 5551 Πέμπτον
1884 5484 1955 5539 cf.

2573 5341 2619 5371 “
2662 5341 2757 5392 καί
2815 5339 2939 5392 add.
2988 5338 3120 5392 Ced.

2562 5411 2607 5441 ⁵⁷
2638 5409 2694 5462 δὲ
2751 5411 2844 5461 καί
2884 5410 3005 5461 add.
3051 5409 3180 5461 (Sed.

2104 5360 2115 5395 τ
2180 5342 2470 5411 Τέταρτον.
2573 5341 2757 5411 ⁵⁸,καί
2815 5339 2943 5411 ΜΗ.
2988 5338 3155 5411 Ced._
3225 5338 3390 5411 “__06
3446 5338 3545 5407 χρὴ

2000 5417 2169 5467 ’etrus
2217 5408 2455 5466 Siculus.
2562 5411 2607 5441 "
2638 5409 2694 5462 δὲ
2751 5411 2844 5461 καί
2884 5410 3005 5461 add.
3051 5409 3180 5461 (Sed.
3272 5408 3318 5439 ⁸⁸
3350 5424 3545 5476 κατηρ.

2000 5500 2051 5553 p.
2086 5481 2172 5535 50.
2211 5482 2381 5553 _‘°_6é
2566 5480 2745 5553 Qed.”
2779 5480 2821 5511 “
2859 5478 3296 5553 ἀποστρέφονται
3330 5477 3547 5553 ὲξ-Οοςί.

366 5553 414 5623 ε’
455 5569 551 5623 πρ·
585 5552 739 5623 αὐτὰ.
770 5552 825 5623 λλ.
866 5552 1000 5623 Ceu.
1078 5550 1344 5623 “19m,
1386 5553 1568 5613 14,27.
1598 5547 1695 5614 vn;
1724 5554 1792 5607 σε
1824 5554 1895 5609 cr.
1934 5547 2042 5617 νιξε

1865 5554 1895 5607 r.
1934 5547 2125 5617 “:51.
2192 5552 2250 5623 και
2292 5551 2422 5605 Cud.
2453 5551 2778 5623 reos—2o.
2836 5550 2904 5623 _"
2940 5547 3109 5623 πλείω
3143 5548 3278 5623 sed.
3331 5549 3404 5623 _°_-
3441 5547 3541 5623 μέν

293 5622 420 5679 add.
452 5622 582 5679 (Sed.

293 5694 442 5761 λέγω
487 5694 612 5747 add.
647 5692 777 5747 Ced.

659 5624 702 5657 "
724 5621 781 5675 δέ
812 5622 939 5677 add.
981 5623 1112 5678 Ced.
1189 5622 1233 5654 ⁸⁸
1260 5623 1353 5676 καί
1380 5625 1500 5677 add.
1523 5623 1655 5677 Ced.
1734 5625 1775 5655 "
1803 5624 1896 5676 καί
1934 5623 2060 5678 add.
2097 5622 2225 5676 (Sed.
2304 5623 2335 5652 "

1871 5624 1896 5675 ,ί
1934 5623 2060 5678 add.
2097 5622 2225 5676 (Sed.
2304 5623 2350 5653 '°
2381 5624 2409 5673 6
2454 5622 2528 5673 M'
2564 5624 2618 5673 ἁ.
2650 5638 2706 5672 π.
2741 5619 2873 5674 Cetl.
2954 5621 2993 5651 ⁷³
3022 5618 3290 5681 Matthd,
3331 5618 3421 5671 33.
3499 5617 3547 5647 "

848 5692 900 5742 ."'
943 5694 1168 5763 δέχομαι
1207 5691 1336 5747 Ced.
1418 5694 1461 5724 ”
1495 5693 1808 5755 ἀνευθύνως
1848 5695 1975 5749 Ced.
2020 5692 2319 5746 ἁνευθυνῶ.

292 5764 426 5819 (Sed.
505 5764 550 5796 ⁷⁷
578 5764 685 5817 τῶν
722 5762 853 5831 παρ’
891 5762 1031 5819 (led.
1098 5763 1143 5793 ⁷⁸
1180 5764 1270 5816 καί
1308 5764 1430 5817 add.
1473 5765 1602 5818 Ged.
1682 5766 1724 5796 "
1775 5764 1968 5825 αὐτούς

775 5762 853 5831 αρ’
891 5762 1031 5819 (led.
1098 5763 1143 5793 ⁷⁸
1180 5764 1270 5816 καί
1308 5764 1430 5817 add.
1473 5765 1602 5818 Ged.
1682 5766 1724 5796 "
1775 5764 1975 5825 αὐτούς
2006 5764 2131 5817 (Sed.
2176 5765 2297 5815 αὐτ.
2332 5763 2451 5817 cod.

2395 5693 2440 5722 ⁷⁵
2474 5691 2604 5746 Cet].
2642 5689 3103 5753 760,20—761J.
3188 5689 3235 5720 ⁷⁸
3265 5687 3379 5751 τοις
3416 5687 3542 5741 add.

2532 5764 2576 5793 "°
2618 5760 2933 5831 ἀδιαφόροις
2984 5760 3104 5814 cod.
3145 5757 3341 5814 Petrus
3383 5756 3539 5812 Sim.

299 5836 427 5888 ius:
465 5835 657 5890 Ἕκτον
708 5834 853 5889 conf.
893 5851 939 5901 p.
997 5834 1082 5888 7'2.
1165 5832 1386 5889 "‘Ced.
1443 5834 1727 5899 7t‘vl,l~-7.
1806 5835 1844 5865 θ’
1895 5836 2021 5906 ὑμῖν
2069 5834 2197 5888 Ucd.
