4244 6440
204 391 327 453 "929

1429 388 1890 446 CIIIIONIIION.
1928 416 1991 422 -
2035 391 2171 447 LIII.
2224 392 2316 447 Μ’.

3366 394 3477 455 930

212 515 377 570 μενος
420 496 618 550 αὐτίκα
650 498 739 549 τὸν
782 497 1131 568 πατριάρχην
1160 496 1462 564 διηγήσατο
1494 494 1631 564 μετά
1663 496 1788 547 πολ-
1821 511 1862 562 Α
1895 513 1922 549 c

1846 514 1862 561 ι
1895 513 2015 549 eum
2048 499 2236 549 multis
2268 500 2518 566 laeiymis
2553 514 2665 552 inec
2702 509 2882 553 narrat
2913 518 2922 552 :
2966 520 2981 549 ι
3026 499 3153 554 .\Iihi
3192 500 3290 553 hac
3320 514 3477 555 nocte

210 590 321 643 λῶν
343 588 597 658 δακρύων
624 588 856 641 ινώπιον
888 588 1089 651 παντὸς
1116 587 1208 639 τοῦ
1227 585 1357 638 λαοῦ
1391 586 1565 653 λέγων
1582 584 1786 647 οὕτως’

221 703 240 733 ι
279 682 568 752 Θεωρῆσαί
620 698 713 752 μοι
756 681 800 713 ³¹
828 683 896 752 τῇ
942 683 1094 732 νυκτὶ
1138 677 1314 750 ταύτῃ
1364 680 1789 749 προσευχομένη)

211 774 355 826 κατὰ
403 773 554 827 θείαν
602 774 867 825 ἔκστασιν
918 773 1084 825 τόπον
1132 774 1277 837 τινὰ,
1329 776 1391 825 ἐκ
1443 771 1635 835 δεξιῶν
1690 772 1790 839 μὲν

207 865 406 933 ἔχοντα
442 864 774 933 παράδεισον
798 864 1134 933 ἀνεξήγητον
1158 865 1352 924 κάλλος
1375 863 1786 931 περικείμενον,

208 954 271 1018 ἐξ
307 954 605 1022 εὐωνύμων
860 954 915 1006 δὲ
970 956 1224 1023 κάμινον,
1275 950 1342 1023 ἦς
1380 956 1411 1021 ή
1460 950 1592 1019 φλὸξ
1623 953 1787 1021 μέχρι

206 1046 318 1096 τῶν
353 1045 591 1112 νεφελῶν
619 1047 912 1115 ἀνήρχετο,
948 1048 1040 1098 καὶ
1072 1046 1163 1097 τὸν
1193 1045 1597 1113 τελευτήσαντα
1623 1046 1786 1097 πλού-

209 1154 326 1187 σιον
350 1137 541 1188 τοῐτον
573 1137 736 1206 μέσον
786 1136 882 1188 τοῦ
917 1136 1252 1207 παραδείσου
1286 1136 1381 1189 καὶ
1411 1138 1510 1205 τῆς
1548 1134 1783 1203 φοϐερᾶς

210 1231 503 1295 ἱστάμενον
529 1230 785 1300 καμίνου,
813 1231 908 1282 καὶ
929 1228 1102 1281 πολλὰ.
1126 1229 1451 1290 στενάζοντα
1476 1229 1570 1281 καὶ
1606 1228 1784 1280 πυκνὰ

208 1323 349 1391 πρὸς
384 1322 474 1373 τὸν
502 1322 835 1391 παράδ;ισον
883 1321 1269 1375 ἀποϐλέποντα
1291 1338 1302 1345 ·
1341 1322 1397 1373 ἐν
1439 1320 1517 1389 τῷ
1542 1318 1634 1372 οὖν
1666 1336 1785 1372 στεο

207 1413 394 1475 νάζειν
424 1412 589 1464 αὑτὸν
621 1413 716 1463 καὶ
758 1410 1070 1480 ὀδύρεσθαι,
1104 1411 1216 1481 ὀρῶ
1242 1427 1364 1462 τινα
1395 1408 1784 1478 λαμπροφόρον

206 1504 512 1556 ἐπιστάντα
536 1503 632 1556 καὶ
657 1504 886 1570 λέγοντα
912 1503 1048 1573 πρὸς
1082 1504 1244 1555 αὐτόν
1264 1518 1277 1530 '
1313 1519 1330 1552 t
1361 1500 1425 1553 TI
1457 1498 1635 1570 μάτην
1667 1515 1785 1552 στε-

207 1595 415 1656 νάζεις,
441 1595 725 1665 ἄνθρωπε;
757 1594 865 1647 ἰδοὺ
898 1596 1006 1663 γὰρ
1038 1594 1127 1646 διὰ
1152 1593 1249 1663 τὴν
1282 1592 1654 1661 ἐλεημοσύνην
1690 1609 1781 1644 σου

206 1688 524 1758 ἐλυτρώθης
550 1691 646 1758 τῆς
679 1690 930 1757 γεέννης,
967 1688 1055 1740 διὰ
1086 1687 1141 1740 δὲ
1177 1686 1239 1739 τὸ
1275 1685 1350 1756 μὴ
1388 1686 1694 1754 ἀποστῆναί
1725 1702 1781 1737 σε

204 1782 307 1849 τῆς
354 1781 671 1851 ἀκαθάρτου
707 1783 801 1833 καὶ
848 1782 1109 1850 βδελυρᾶς
1160 1779 1441 1848 πορνείας,
1478 1778 1780 1848 ἐστερήθης

1898 590 2138 656 precanti
2213 606 2307 657 per
2370 589 2607 643 divinam
2674 594 2937 644 exstasim
2999 592 3185 645 videre
3256 589 3481 659 contigit

1897 682 2075 734 lucum
2130 682 2419 751 quemdam
2479 682 2635 751 cujus
2686 683 2753 736 ad
2803 694 3007 750 partem
3062 685 3306 737 dextram
3361 693 3478 736 erat

1897 774 2180 840 paradisus
2243 775 2594 830 inenarrabili
2643 785 2873 831 ornatus
2915 775 3361 843 pulchritudine;
3411 776 3477 827 ad

1895 866 2177 921 sinistram
2211 883 2341 919 vero
2360 866 2551 921 fornax
2584 868 2743 936 cujus
2767 867 2987 921 ﬂamma
3016 881 3190 935 usque
3206 869 3271 919 ad
3302 867 3476 919 nubes

1892 957 2238 1010 ascendebat.
2280 956 2581 1011 Defunctus
2612 956 2785 1023 dives,
2821 957 3032 1011 medius
3056 965 3207 1010 stans
3255 956 3469 1023 paradi-

1893 1064 2015 1102 sum
2048 1049 2192 1101 inter
2224 1064 2286 1101 ac
2323 1048 2662 1104 tremendam
2692 1048 2994 1114 fornacem,
3027 1049 3258 1103 multutn
3293 1063 3475 1115 geme-

1897 1140 2278 1194 batetCi-ebm
2326 1141 2642 1210 paradisum
2693 1141 3036 1211 respiciebat.
3096 1138 3231 1193 Dum
3272 1138 3353 1193 sic
3398 1138 3476 1192 Ia-

1891 1242 2169 1287 rnentatur
2243 1244 2299 1288 et
2361 1234 2552 1302 ejulat,
2617 1233 2773 1288 video
2847 1234 3137 1303 quemdam
3196 1232 3478 1301 splendide

1900 1326 2153 1381 vestitum
2211 1328 2259 1381 ei
2319 1337 2587 1382 astantem
2650 1341 2715 1381 ac
2786 1326 3055 1380 dicentem
3105 1344 3173 1377 ει
3211 1326 3349 1390 Quid
3393 1324 3477 1377 in-

1888 1432 2104 1471 cassum
2153 1417 2353 1487 ploras,
2404 1418 2607 1472 borno?
2650 1418 2788 1473 Ecce
2842 1419 2989 1471 enim
3049 1424 3269 1485 propter
3327 1417 3475 1470 elec-

1894 1525 2177 1580 niosynam
2209 1520 2359 1564 tuam
2382 1512 2692 1580 redemptus
2719 1526 2777 1565 es
2808 1527 2837 1564 a
2868 1511 3113 1580 gebenna
3135 1525 3157 1574 ’ς
3192 1510 3318 1578 quia
3347 1523 3476 1563 vero

1889 1614 1996 1654 nan
2040 1602 2295 1654 destitisti
2342 1602 2407 1655 ab
2456 1602 2667 1671 impura
2718 1611 2774 1653 et
2820 1602 3037 1654 sordida
3082 1600 3474 1662 fornicatione,

1898 1692 2156 1762 paradiso
2191 1694 2436 1762 privatus
2479 1708 2560 1748 es.
2602 1712 2619 1744 ι
2657 1692 2753 1746 His
2798 1692 3020 1753 auditis,
3073 1694 3377 1759 patriarcha
3424 1703 3477 1745 et

1886 1786 1979 1855 qui
2015 1800 2139 1840 cum
2176 1803 2241 1841 eo
2271 1788 2519 1847 aderant,
2553 1801 2753 1855 magno
2779 1796 2987 1840 terrore
3021 1786 3281 1853 perculsi,
3317 1786 3384 1837 ad
3416 1800 3474 1839 se

202 1878 298 1930 τοῦ
341 1878 694 1954 παραδείσου.
736 1898 751 1927 ι
798 1907 866 1918 —-
900 1876 1012 1930 Καὶ
1044 1875 1221 1928 ταῦτα
1262 1876 1290 1926 ὃ
1340 1890 1399 1926 τε
1440 1874 1782 1943 πατριάρχης
1818 1875 1861 1927 Β
1896 1878 1922 1928 Il

1846 1876 1861 1926 ι
1896 1875 2124 1930 invicem
2154 1877 2412 1931 dicebant
2448 1895 2460 1930 :
2500 1895 2517 1926 ι
2551 1876 2742 1931 Justus
2773 1893 2857 1940 es,
2897 1876 3147 1938 Domine,
3177 1885 3229 1928 et
3264 1886 3470 1929 tectum

205 1970 303 2019 καὶ
334 1971 380 2019 οἱ
417 1970 515 2020 σὺν
557 1968 710 2038 αὑτῷ
743 1967 1099 2029 ἀκούσαντες,
1133 1966 1285 2036 φόϐῳ
1324 1965 1549 2036 μεγάλῳ
1586 1981 1782 2032 συσχε-

201 2060 412 2123 οέντες,
450 2061 587 2130 πρὸς
625 2060 893 2129 ἀλλήλους
926 2060 1113 2128 ελεγον
1137 2075 1150 2090 °
1194 2079 1212 2110 ι
1252 2060 1470 2123 Δίκαιος
1496 2059 1542 2088 ³⁸
1567 2052 1638 2121 εἷ,
1668 2056 1783 2110 Κύ-

200 2169 314 2221 ριε,
345 2154 439 2204 καὶ
475 2152 650 2215 εὐθείς
688 2157 743 2206 αἱ
783 2153 997 2222 κρίσεις
1040 2169 1157 2207 σου.
1197 2173 1215 2205 ι
1248 2154 1485 2214 Δικαξως
1510 2150 1604 2205 οὖν
1630 2152 1725 2203 καὶ
1754 2152 1781 2203 ὁ

215 2248 544 2306 Ἀπόστολος
577 2247 730 2313 ἔλεγε
768 2245 813 2276 ³³
836 2262 851 2277 ο
887 2265 905 2297 ι
935 2246 1170 2313 Φεύγετε
1200 2246 1300 2318 τὴν
1348 2246 1605 2315 πορνείαν
1626 2260 1641 2275 ο
1674 2245 1783 2297 πᾶν

204 2337 520 2405 ἁμάρτημα
554 2336 582 2388 ὃ
612 2338 709 2389 ἐὰν
758 2338 961 2406 ποιήσῃ
994 2338 1304 2409 ἄνθρωπος,
1336 2335 1492 2397 ἐκτὸς
1537 2334 1633 2388 τοῦ
1674 2337 1782 2389 σώ-

207 2428 379 2494 ματός
436 2442 611 2477 εστιν·
665 2428 692 2479 ὀ
753 2427 809 2479 δὲ
862 2426 1143 2497 πορνεύων
1196 2428 1274 2487 εἰς
1332 2427 1393 2478 τὸ
1436 2426 1563 2479 ῑδ.ον
1623 2426 1783 2496 σῶμα

202 2521 533 2585 ἁμαρτάνει.
565 2538 583 2570 ι
621 2521 728 2572 Καὶ
769 2521 877 2588 γὰρ
904 2520 932 2570 ὁ
962 2519 1095 2581 Θεὸς
1129 2520 1187 2571 ὲν
1212 2519 1291 2589 τῷ
1316 2522 1465 2589 νόμῳ
1494 2521 1786 2590 παρεγγυᾷ

204 2612 513 2678 φάσκωνΑι
534 2613 787 2665 (Γίνεσθε
812 2612 981 2679 ἅγιοι,
1006 2614 1085 2665 ὅτι
1106 2613 1215 2679 ἐγὼ
1238 2615 1574 2683 ἆγιόςείμιη
1599 2612 1710 2665 καίσ
1736 2612 1783 2642 ³⁵

210 2706 315 2757 «ού
336 2706 727 2777 πορνεύσῃς,ού
757 2706 1210 2778 μοιχεύσῃςοικαξ
1229 2706 1295 2736 ’³⁸
1320 2707 1463 2759 ιΟύκ
1485 2710 1634 2758 ἔσται
1658 2724 1785 2775 πορ-

204 2816 259 2849 vs
277 2798 328 2849 ἔα
353 2800 460 2851 ἀπὸ
483 2798 802 2868 θυγατέρων
836 2800 1077 2869 Ἰσραὴλ,
1097 2799 1190 2851 καὶ
1209 2798 1307 2850 ούκ
1325 2799 1477 2851 ἔσται
1501 2798 1781 2868 πορνεια³⁷

204 2890 316 2941 ἀπὸ
358 2890 489 2942 υἱῶν
537 2891 779 2961 Ἰσραήλ.
821 2909 839 2942 ι
876 2919 945 2930 -
975 2888 1084 2942 Ποῦ
1129 2888 1223 2941 νῦν
1259 2891 1396 2941 εἰσιν
1426 2889 1477 2940 οἱ
1507 2889 1781 2957 λέγοντες,

204 2984 289 3034 ὅτι
326 2982 439 3033 Κᾶν
468 2985 774 3053 πορνεύσω,
793 2982 932 3035 ποιῶ
967 2980 1362 3052 ἐλεημοσύνην,
1390 2983 1485 3034 καὶ
1513 2980 1781 3050 σωζομαις

225 3076 283 3127 '0
341 3084 451 3146 γάρ
502 3078 672 3141 δντως
730 3078 983 3149 ἐλεήμων
1056 3077 1250 3130 ἑαυτὸν
1305 3076 1511 3144 ὀφείλει
1564 3076 1783 3146 πρῶτον

207 3168 429 3233 ἐλεῆσαι
455 3185 468 3197 ο
522 3172 838 3239 γέγραπται
876 3169 920 3201 ³⁸
956 3170 1099 3239 γάρ·
1150 3189 1167 3219 ι
1206 3168 1443 3221 Διώκετε
1495 3168 1594 3239 τὴν
1627 3168 1782 3236 ἐλεη-

212 3260 456 3331 μοσύνην
487 3264 581 3315 καὶ
613 3263 706 3315 τὸν
746 3262 1044 3331 ἁγιασμὸν,
1087 3255 1162 3314 ὦν
1196 3262 1366 3331 χωρὶς
1390 3258 1565 3322 οὐδεὶς
1592 3260 1782 3330 δψεται

204 3354 301 3405 τὸν
338 3356 563 3424 Κύριον.
606 3375 624 3407 ι
674 3355 887 3409 Ούκοῦν
918 3355 1072 3408 οὐδὲν
1105 3355 1380 3424 ὠφελήσει
1420 3353 1489 3407 τὸ·
1520 3353 1783 3424 ἀργύριον

1891 1968 2160 2035 judicium
2188 1979 2362 2022 tuum.
2400 1986 2419 2019 ›
2460 1968 2652 2021 Merito
2685 1968 2852 2037 igitur
2886 1968 3106 2021 dicebat
3129 1967 3425 2035 Apostolus
3459 1982 3473 2018 :

1901 2078 1919 2110 ι
1958 2060 2151 2130 Fugite
2209 2060 2633 2114 fornicationem
2672 2079 2686 2116 :
2723 2075 2885 2113 omne
2938 2070 3242 2129 peccatum,
3297 2060 3476 2128 quod-

1894 2169 2109 2223 cunque
2144 2155 2331 2208 fecerit
2381 2154 2566 2219 Itomo,
2598 2164 2749 2207 extra
2781 2170 2984 2222 corpus
3018 2162 3137 2212 est;
3170 2153 3263 2221 qui
3291 2161 3473 2205 autem

1894 2245 2214 2310 fornicatur,
2251 2247 2304 2299 in
2330 2261 2528 2314 eorpus
2554 2261 2714 2300 suum
2762 2257 2977 2315 peccat.
3015 2265 3032 2294 ι
3072 2245 3289 2297 Etenim
3338 2244 3478 2297 Deus

1894 2338 1947 2391 in
1987 2339 2102 2407 lege
2136 2338 2379 2407 praecipit
2415 2338 2598 2391 dicens
2629 2354 2641 2389 :
2681 2356 2698 2387 ι
2731 2336 2915 2390 Sancti
2952 2345 3150 2399 estote,
3195 2339 3325 2403 quia
3374 2349 3475 2403 ego

1893 2440 2119 2484 sanctus
2163 2446 2322 2495 sum;
2360 2449 2377 2480 ι
2413 2438 2502 2484 cl:
2544 2448 2561 2481 ι
2590 2430 2708 2483 Νοιι
2756 2430 3152 2493 fornicaberis;
3189 2442 3297 2481 n0n
3338 2442 3475 2481 mm-

1892 2525 2178 2587 chaberis;
2225 2543 2244 2575 ι
2293 2534 2345 2577 et
2391 2541 2453 2577 τι
2486 2524 2601 2577 Non
2647 2524 2821 2577 aberit
2883 2524 3171 2575 fornicatio
3202 2536 3231 2575 a
3265 2521 3477 2574 filiabus

1894 2615 2094 2679 Israel,
2158 2632 2255 2669 nec
2306 2617 2596 2671 fornicatio
2659 2631 2687 2668 a
2732 2616 2857 2669 filiis
2904 2615 3088 2669 Israel.
3126 2634 3143 2664 ι
3189 2611 3288 2666 Ubi
3332 2629 3478 2665 nune

1892 2708 2133 2762 dicentes
2164 2723 2177 2759 :
2207 2708 2472 2773 Quamvis
2511 2708 2810 2761 fornicatur
2844 2708 2969 2771 sim,
2998 2706 3140 2760 facio
3175 2709 3477 2774 eleemusy-

1895 2816 2045 2863 nam,
2085 2801 2311 2869 proinde
2343 2801 2527 2853 salvus
2551 2801 2687 2854 ero?
2715 2801 2817 2867 Qui
2851 2801 2996 2853 enim
3019 2815 3144 2854 vere
3165 2802 3479 2854 misericors

1893 2902 1995 2955 est,
2030 2894 2116 2945 sui
2142 2893 2315 2961 ipsius
2346 2894 2582 2962 primum
2607 2894 2768 2947 debet
2794 2897 3076 2957 misereri;
3108 2897 3370 2964 scriptum
3395 2902 3478 2949 est

1892 2986 2035 3037 cnim
2070 3001 2085 3037 :
2126 3003 2145 3036 ι
2178 2984 2481 3054 Sequimini
2511 2986 2912 3057 eleemosynam
2937 2997 2991 3042 et
3021 2988 3476 3050 sanctimuniam,

1893 3078 2009 3130 sine
2040 3076 2238 3146 quibus
2266 3093 2429 3133 nemo
2460 3080 2665 3134 videbit
2689 3078 2883 3133 Deum.
2925 3098 2943 3131 ι
2983 3079 3126 3135 Nihil
3160 3080 3322 3149 igitur
3350 3094 3475 3148 pro-

1891 3167 2031 3221 derit
2061 3169 2291 3237 pecunia
2318 3170 2444 3222 data
2479 3170 2547 3221 ab
2598 3169 2899 3224 immundis
2931 3170 3185 3224 manibus
3210 3179 3264 3223 et
3295 3170 3477 3223 anima

1810 3240 1853 3295 ε
1890 3274 2000 3313 non
2049 3263 2351 3329 peenitente
2397 3262 2735 3331 impurisque
2794 3265 3055 3332 operibus
3108 3264 3387 3333 inquinata
3422 3270 3476 3313 et

1890 3366 2168 3427 corrupta.

205 3451 483 3520 διδόμενον
522 3455 585 3505 ὲκ
634 3452 836 3524 χειρῶν
897 3451 1160 3524 ῥυπαρῶν
1206 3453 1302 3505 καὶ
1364 3450 1545 3522 ψυχῆς
1613 3451 1990 3522 ἀμετανοήτου
2039 3454 2219 3523 (164⁸)
2290 3454 2385 3505 καὶ
2434 3454 2859 3525 μεμολυσμένης
2928 3455 3023 3507 καὶ
3064 3454 3473 3524 διεφθαρμένης

208 3547 314 3599 ὑπὸ
343 3547 449 3599 τῶν
474 3547 805 3618 ἀκαθάρτων
838 3547 1036 3617 ἔργων.

632 3664 796 3720 SNB’.
828 3666 966 3734 Περὶ
1018 3666 1243 3737 δεσμοῦ
1288 3667 1353 3722 ⁸⁹.

308 3785 328 3815 °
378 3783 626 3851 Ἐγένετο
683 3783 739 3835 δὲ
793 3784 887 3835 καὶ
936 3784 995 3835 ὲν
1038 3785 1104 3852 τῇ
1163 3781 1378 3853 μεγάλῃ
1422 3781 1606 3853 Ῥώμῃ
1642 3800 1783 3836 κατα

206 3876 414 3939 ταύτας
447 3877 543 3938 τὰς
577 3874 791 3945 ἡμέρας
820 3891 875 3928 τι
916 3875 1161 3929 τοιοῦτον
1183 3892 1195 3905 ·
1226 3877 1477 3945 Μοναχός
1505 3893 1591 3940 τις
1628 3879 1781 3946 ἀφω-

206 3970 471 4041 ρισμένος
495 3968 535 3999 δι
562 3969 668 4020 ὑπὸ
698 3970 1005 4040 Γρηγορίυυ
1035 3968 1129 4021 τοῦ
1153 3970 1315 4023 πάπα
1339 3969 1503 4041 642
1531 3969 1605 4034 ὡς
1631 3970 1783 4041 παρὰ

203 4062 433 4131 γνώμην
468 4060 558 4112 τοῦ
599 4060 912 4130 ἡγουμένου
954 4059 1120 4113 αὐτοῦ
1156 4060 1252 4113 καὶ
1287 4063 1440 4131 παρὰ
1464 4062 1554 4114 τὸν
1580 4062 1785 4131 θεσμὸν

203 4152 301 4204 τοῦ
350 4154 721 4221 μονοστηρίου
769 4150 865 4203 τοῦ
911 4149 1077 4203 αὑτοῦ
1108 4151 1416 4223 Γρηγορῐου
1446 4152 1681 4220 ποιήσας
1715 4154 1781 4206 ⁵³.

205 4245 346 4297 Μετ’
377 4243 565 4309 ὀλίγας
615 4240 707 4297 οὖν
755 4242 974 4312 ἡμέρας
1006 4240 1361 4312 ἐτελεύτησεν
1396 4244 1424 4294 ὁ
1463 4242 1779 4313 ἁφορισθεὶς

208 4338 444 4407 μοναχός
466 4352 479 4366 °
512 4339 647 4405 ὅπερ
685 4335 924 4397 ἀκούσας
959 4339 987 4386 ο
1017 4335 1204 4396 πάπας
1234 4334 1487 4404 μεγάλως
1512 4335 1779 4405 ἐλυπήθη,

203 4434 291 4484 ὅτι
328 4430 534 4499 ἀπῆλθε
572 4429 893 4498 δεδεμένος’
931 4430 1024 4483 καὶ
1062 4428 1281 4499 γράψας
1322 4430 1380 4480 ὲν
1406 4429 1584 4501 χάρτῃ
1618 4429 1784 4499 εὐχὴν

204 4525 442 4575 λύουσαν
483 4522 647 4574 αὑτὸν
681 4520 776 4574 τοῦ
808 4521 1032 4590 δεσμοῦ,
1058 4520 1230 4574 ἔδωκέ
1254 4536 1360 4572 τινι
1383 4520 1493 4573 τῶν
1521 4521 1783 4575 διακόνων

2405 3668 2603 3723 CCLII.
2639 3669 2714 3722 De
2736 3670 2957 3722 vinculo.

1993 3803 2025 3840 n
2054 3786 2243 3841 etcbus
2280 3784 2387 3839 illis
2422 3785 2475 3837 in
2506 3798 2699 3853 magna
2744 3783 2915 3837 Roma
2954 3783 3057 3837 hoc
3108 3786 3306 3841 evenit.
3346 3785 3474 3842 Erat

1891 3879 2113 3949 quidam
2156 3877 2459 3932 monachus
2490 3892 2519 3930 a
2550 3875 2817 3947 Gregorio
2855 3892 2989 3945 papa
3026 3880 3473 3934 excommunica-

1890 3982 1998 4039 tus,
2050 3973 2178 4043 quia
2234 3971 2525 4040 hegumeni
2570 3970 2744 4040 jussis
2787 3979 2842 4024 et
2893 3970 3093 4039 regulae
3157 3964 3473 4026 monasterii

1882 4066 2129 4135 ejusdem
2162 4062 2410 4134 Gregorii
2439 4077 2546 4116 non
2581 4062 3069 4129 obtemperaverat.
3110 4061 3239 4116 Post
3271 4078 3475 4129 paucos

1886 4158 2000 4210 dies
2025 4156 2161 4210 obiit
2184 4155 2691 4209 exeommunicatus
2714 4157 3052 4217 monachus;
3077 4154 3221 4222 quod
3247 4156 3474 4209 audiens

1889 4261 2026 4317 papa
2067 4247 2301 4316 graviter
2354 4246 2528 4299 duluit
2585 4244 2728 4315 quod
2786 4244 3007 4299 abiisset
3058 4245 3317 4300 vinctus:
3353 4247 3474 4300 ideo

1887 4338 2137 4391 scribens
2181 4341 2426 4392 chartam
2460 4336 2609 4389 illum
2644 4350 2673 4388 a
2708 4335 2929 4389 vinculo
2975 4336 3299 4398 solventem,
3350 4352 3471 4391 eam

1889 4428 2036 4483 dedit
2084 4428 2300 4483 cuidam
2345 4429 2579 4481 diacono
2609 4426 2795 4481 dicens
2825 4443 2838 4479 :
2879 4444 2897 4478 ι
2930 4426 2971 4489 I,
3004 4436 3056 4481 et
3109 4428 3223 4496 lege
3260 4443 3380 4482 eam
3418 4429 3471 4481 in

1893 4519 2143 4588 sepulcro
2188 4519 2434 4574 defuncti
2480 4519 2684 4572 fratris.
2727 4537 2745 4569 ι
2781 4517 2902 4583 Quo
2935 4516 3097 4582 facto,
3132 4519 3471 4588 hegumenus

207 4617 415 4669 εἰπών’
451 4635 469 4667 ι
501 4614 766 4681 ’Δπελθε,
815 4614 913 4667 καὶ
972 4613 1248 4682 ἀνάγνωθι
1304 4613 1477 4682 αὑτήν
1530 4614 1575 4646 ⁸³
1601 4614 1659 4666 ὲν
1705 4614 1785 4685 τῷ
1818 4630 1861 4685 ι)
1890 4627 1919 4663 v

1846 4633 1861 4682 ι
1890 4611 2033 4663 videt
2065 4612 2118 4663 in
2149 4611 2360 4664 somnis
2414 4609 2662 4674 fratrem,
2697 4610 2857 4679 eique
2902 4609 3035 4663 dicit
3066 4626 3079 4663 :
3121 4628 3139 4661 ι
3167 4610 3344 4665 Maesti
3376 4627 3470 4665 su-

205 4711 369 4777 τάφῳ
393 4708 487 4761 τοῦ
523 4708 820 4771 τεθνεῶτος
849 4706 1104 4775 ἀδελφοῦ.
1142 4724 1161 4759 ι
1195 4705 1306 4758 Καὶ
1331 4704 1527 4758 τούτου
1557 4705 1785 4775 γενομέ-

206 4819 302 4855 νου
337 4802 532 4870 Θεωρεῖ
562 4803 590 4853 ὁ
621 4799 925 4869 ἡγούμενος
964 4797 1084 4851 κατ’
1105 4797 1240 4867 ὄναρ
1272 4797 1365 4849 τὸν
1397 4795 1654 4865 ἀδελφὸν,
1689 4795 1787 4848 καὶ

206 4896 358 4961 λέγει
388 4892 539 4965 αὐτῷ
578 4906 591 4921 ·
626 4911 644 4943 ι
670 4892 862 4961 Λύπην
901 4889 1098 4960 ἔχομεν
1132 4891 1262 4959 περὶ
1293 4887 1410 4951 σοῦ,
1451 4888 1669 4956 ἀδελφὴ,
1702 4888 1786 4939 ὅτι

204 4988 495 5055 δεδεμένος
537 4984 895 5053 ὲτελεύτησας
920 4998 933 5012 ·
971 4983 1094 5035 sint
1142 4980 1236 5034 οὖν
1269 4983 1405 5051 ἡμῖν
1451 4980 1569 5044 πῶς
1600 4980 1782 5051 ὑπάρ-

206 5094 347 5147 χεις.
392 5095 409 5125 ι
455 5077 513 5128 '0
560 5076 616 5128 δὲ
662 5074 990 5143 ἀποκριθεὶς
1028 5070 1184 5126 εἶπεν
1211 5087 1223 5101 ·
1263 5091 1279 5124 ι
1320 5074 1554 5137 Ὄντως,
1581 5072 1782 5143 πάτερ,

204 5176 289 5236 εἰς
324 5170 366 5200 ⁵⁸
398 5170 648 5240 φυλακήν
685 5170 836 5240 ήμην
867 5169 972 5233 ἓως
1021 5167 1121 5237 τῆς
1155 5166 1310 5238 χθές’
1342 5168 1586 5236 σήμερον
1612 5166 1669 5219 δὲ
1693 5166 1781 5218 διὰ

1892 4718 2013 4757 mus
2045 4702 2111 4756 de
2143 4710 2213 4765 te,
2246 4701 2436 4769 frater,
2473 4717 2539 4756 eo
2569 4702 2712 4771 quod
2746 4705 2960 4756 vinctus
2985 4701 3223 4768 obieris;
3253 4704 3341 4757 die
3372 4702 3471 4772 igi-

1891 4803 1980 4848 tur
2004 4794 2161 4847 nobis
2184 4800 2457 4862 quomodo
2483 4802 2535 4847 te
2560 4794 2782 4847 habeas.
2817 4812 2837 4846 ι
2877 4794 2970 4847 Ille
3000 4794 3339 4862 respondens
3359 4794 3469 4849 ait:

1895 4904 1913 4939 ι
1955 4884 2112 4952 Vere,
2169 4885 2349 4953 Pater,
2406 4886 2463 4940 in
2514 4901 2735 4941 carcere
2767 4886 2843 4941 fui
2898 4901 3074 4956 usque
3114 4888 3266 4951 heri;
3309 4887 3472 4943 hodie

1890 4995 2018 5034 vero
2040 4994 2068 5032 a
2101 4978 2321 5035 Christo
2366 4980 2583 5036 solutus
2623 4996 2770 5035 sum.
2802 4998 2821 5033 ι
2864 4980 2919 5035 Id
2948 4980 3288 5050 hegumenus
3318 4996 3473 5052 papae

1887 5072 2149 5136 narravit,
2180 5073 2522 5142 innotuitque
2561 5072 2841 5135 omnibus,
2891 5087 2999 5141 qua
3034 5072 3165 5126 hora
3199 5074 3469 5127 diaconus

1889 5165 2191 5219 oralionem
2218 5165 2420 5235 legerat
2458 5166 2509 5218 in
2548 5164 2779 5227 tumulo,
2811 5172 2941 5217 tunc
2972 5160 3191 5216 vinculo
3226 5162 3466 5217 solutum

1402 5308 1598 5369 Variae
1640 5307 1945 5370 lectiones
1975 5313 2037 5367 et
2082 5315 2268 5369 natae.

280 5460 543 5530 ³¹ἒτυχεῖ
641 5458 684 5530 ξ’
733 5455 938 5519 δίκαιος
986 5486 1066 5530 Ᾱ--
1122 5474 1216 5530 σου
1274 5472 1497 5518 ουκ-ιιι,
1562 5453 1829 5530 I§_7__um.
1884 5451 2031 5530 Sla_v_.

2138 5455 2181 5485 ⁸³
2224 5455 2243 5509 I
2289 5453 2414 5508 Cur.
2478 5470 2553 5519 vr,
2609 5454 2696 5509 18.
2808 5453 2849 5484 ”
2897 5452 3023 5507 Lev.
3087 5467 3159 5512 si,
3213 5451 3316 5516 44;
3373 5468 3464 5515 υ,

205 5533 360 5598 7.9.6,
403 5521 473 5584 al‘
518 5527 709 5583 ισεσθε
744 5530 832 5599 vel
879 5530 925 5599 ὲ.
973 5528 1027 5581 ἁ.
1090 5529 1173 5599 vel
1230 5534 1276 5582 ὲ.
1324 5546 1412 5599 μοι
1470 5529 1521 5599 ἁ.
1604 5527 1646 5557 ³⁸
1680 5523 1776 5599 Es.
1830 5539 1921 5588 xx,

1846 5539 1921 5588 EX,
1952 5523 2067 5599 “1‘3;
2124 5523 2285 5596 Deut.
2327 5544 2376 5591 ν,
2424 5525 2516 5599 _I8.
2596 5525 2640 5599 ’ξ
2670 5525 2825 5599 Deut.
2890 5538 3073 5599 XXVIII,
3120 5521 3184 5599 Δ17
3226 5524 3463 5599 ,πόρνην

474 5601 515 5633 ³⁷
552 5598 835 5672 πορνεύων
1105 5598 1151 5629 ³⁸
1183 5588 1348 5671 γέγῤ,
1400 5628 1466 5639 --
1496 5595 1770 5665 ἁγιασμόν
1804 5610 1914 5647 om.
1949 5588 2098 5650 Slav.
2124 5592 2129 5596 ’
2154 5588 2380 5665 εἰρήνην
2419 5596 2469 5650 δ.
2506 5598 2647 5667 μετὰ
2687 5597 2906 5648 πάντων
2949 5593 3047 5645 καὶ
3082 5594 3174 5645 τὸν
3216 5592 3269 5645 ἁ.
3315 5588 3377 5647 οὗ

207 5700 345 5755 Ileb.
383 5715 474 5761 vn,
512 5698 596 5751 IlI.
672 5697 716 5727 ⁸⁹
755 5712 813 5749 π.
846 5696 942 5748 τοῦ
1000 5695 1313 5766 ἀφορισμοῦ
1358 5694 1453 5748 τοῦ
1506 5695 1663 5747 πάπα
1692 5691 1760 5748 II.
1813 5691 1868 5753 9.,

208 5774 366 5800 -.-.-..
418 5770 639 5800 -n.:.....,.
694 5766 793 5800 ι)...-
870 5766 1004 5800 nni:
1102 5769 1145 5795 ιο
1187 5767 1317 5800 mm.
1416 5766 1517 5800 ιιδιι
1552 5767 1612 5800 ιιι
1652 5763 1752 5800 atat
1785 5764 1848 5800 ις

206 5774 369 5825 πάπα
418 5770 639 5838 Ῥώμης
692 5766 814 5820 I’ar.
870 5766 1027 5819 I705.
1102 5769 1145 5795 “
1187 5767 1339 5837 Ulyc.
1413 5766 1612 5826 515,”)
1650 5765 1867 5825 53I,I5.

205 5844 396 5900 αὑτὸν.
430 5842 517 5895 τὸν
549 5841 777 5909 χάρτην,
822 5838 914 5893 sed
950 5844 1018 5891 cl.
1057 5844 1069 5886 l
1138 5836 1217 5891 I2.
1296 5839 1336 5866 “
1366 5837 1471 5899 ἓως
1530 5840 1626 5905 τήν
1684 5838 1805 5890 cod.

206 5774 369 5825 πάπα
418 5770 639 5838 Ῥώμης
692 5766 814 5820 I’ar.
870 5766 1027 5819 Ποῦ.

1927 5708 1987 5742 π.
2028 5707 2081 5763 τέ
2129 5692 2364 5761 μοναχοῦ
2396 5691 2489 5744 τοῦ
2536 5691 2929 5763 ἀφορισθέντος
2958 5690 3097 5763 Ηύπδ
3159 5688 3466 5763 Γρηγοριου

1971 5764 2012 5792 δ’
2048 5758 2157 5833 ἧνῖθ
2262 5758 2304 5794 ⁸⁵
2359 5758 2683 5833 ποιήσαντος
2728 5761 2850 5815 cod.
2954 5761 2999 5791 "
3026 5762 3146 5814 αύτ.
3179 5762 3303 5815 cod.
3359 5758 3463 5812 scl.
