4254 6444
231 389 340 448 949

1426 392 1883 455 CHRONICON.
1926 419 1995 431 —
2033 396 2176 457 LIB.
2223 401 2320 460 ιν.

3353 404 3465 466 950

231 494 499 548 Htozdxov
531 495 750 567 Μαρίαν
782 495 1209 568 ιπικαλουμένου
1241 495 1334 549 καὶ
1385 500 1518 552 πᾶσι
1553 516 1798 569 παρακε-
1826 501 1874 560 Α
1903 517 1911 555 l

1786 530 1798 540 -
1826 501 1874 560 Α
1903 514 2105 572 mante,
2161 515 2214 561 ct
2243 515 2503 572 astantes,
2541 511 2681 578 quod
2722 518 2968 580 oporteat
2998 527 3115 567 eam
3151 512 3368 583 proprie
3409 525 3466 572 ut

231 585 528 654 λευομένου
560 588 655 640 καὶ⁸
693 587 1113 654 δογματίζοντος
1146 588 1219 650 ὡς
1252 588 1356 660 χρὴ
1395 591 1660 658 τιμᾶσθαι
1706 591 1800 643 καὶ

233 677 660 744 προσκυνεῖσθαι
683 676 758 741 ὡς
783 679 985 750 κυρίως
1001 679 1260 733 Θεοτόκον
1280 682 1374 750 τὴν
1394 680 1800 752 Ἀειπαρθένον,

229 767 429 832 δεινῶς
455 769 549 821 καὶ
575 769 824 839 χαλεπῶς
855 770 953 840 τὴν
981 769 1170 824 ἀθλίαν
1219 771 1385 827 αὖτοῦ
1413 774 1593 844 ψυχὴν
1631 774 1801 845 ἀπέρ-

232 863 385 928 ρηιιο
1659 892 1662 896 ι
1751 881 1760 886 ·

308 951 419 1020 (49)
458 954 590 1022 Περὶ
625 945 686 1006 οὗ
725 952 818 1005 καὶ
855 954 883 1005 ὀ
934 954 1074 1016 θεῖος
1109 955 1421 1023 Νικηφόρος
1457 958 1800 1029 πατριάρχης

235 1046 862 1108 Κωνσταντινουπόλεως
893 1048 1070 1100 το;άδε
1106 1048 1270 1115 φησίν
1295 1049 1369 1117 (a)
1391 1065 1402 1078 ·
1440 1068 1456 1100 ι
1503 1051 1721 1121 Ἐπειδὴ
1747 1053 1802 1104 δὲ

231 1152 362 1188 τινα
392 1137 541 1204 παρά
589 1139 701 1199 τοῖς
737 1139 1141 1207 Χριστομάχοις
1173 1141 1609 1212 περιθρυλλείται
1659 1144 1804 1214 άπερ

232 1227 420 1288 αὐτοῖς
449 1227 477 1279 ό
506 1227 598 1280 τοῦ
638 1228 865 1295 ψεύδους
911 1230 1090 1298 πατὴρ
1125 1233 1446 1299 ἐμπνεύσειε
1469 1274 1485 1298 ,
1528 1238 1659 1303 φέρε
1712 1239 1805 1290 καὶ

233 1316 412 1370 ταῦτα
465 1318 909 1388 διασκεψώμεθα.
943 1322 1384 1391 Καταψεύδονται
1419 1327 1527 1398 γὰρ
1571 1328 1661 1380 διὰ
1709 1329 1804 1399 τὴν

233 1411 317 1468 αἱς
347 1409 580 1478 Χριστὸν
623 1411 716 1463 καὶ
758 1412 858 1479 τὴν
900 1413 1224 1483 ’Ἐκκλησίαν
1260 1417 1424 1470 αὑτοῦ
1475 1419 1630 1488 ὕϐριν
1680 1422 1806 1490 χρόο

233 1516 364 1560 νους
402 1501 700 1570 μηκίστους
748 1505 842 1557 καὶ
890 1508 1349 1577 παρατεταμένην
1384 1509 1527 1580 ζωὴν
1572 1513 1665 1566 καὶ
1692 1514 1806 1582 βίον

233 1590 448 1660 εὐπαθῆ
504 1595 873 1664 μεμετρῆσθαι
905 1596 980 1665 τῷ
1009 1598 1281 1668 Μαμωνᾷ,
1309 1600 1398 1652 καὶ
1435 1601 1731 1671 εὐημερίας
1760 1604 1802 1637 ³⁸

233 1684 319 1746 είς
349 1682 516 1753 ἀκρον
546 1685 758 1752 ἐλάσαι,
788 1686 938 1750 νίκας
968 1705 1027 1740 τε
1053 1689 1193 1741 κατὰ
1219 1689 1515 1759 ϐαρϐάρων
1540 1693 1688 1764 αὐτῷ
1717 1696 1807 1750 καὶ

233 1774 710 1845 ἀνδραγαθήματα
757 1779 832 1841 ὡς
879 1779 1106 1834 πλεῖστα
1166 1783 1584 1852 ἐπιγράφονται,
1623 1788 1658 1839 ἆ
1693 1791 1806 1851 τοῖς

237 1863 517 1932 σώφροσιν
547 1867 666 1919 οὐδὲ
711 1871 790 1932 εἰς
839 1870 1103 1937 ἀκρόασιν
1148 1871 1400 1942 ἔρχεσθαι
1450 1876 1678 1932 δίκαιον.
1720 1879 1807 1942 Ὠς

231 1956 283 2007 δ’
315 1955 381 2009 ἀν
424 1958 533 2010 τῶν
580 1959 1026 2032 ἀπλουστέρωνῆ
1074 1966 1464 2036 ἀμαθεστέρων
1516 1970 1667 2032 τινάς
1696 1975 1806 2034 τοῖς

235 2051 304 2101 ἐκ
334 2049 433 2119 τῆς
457 2051 672 2120 ἀπάτης
701 2054 1083 2122 ἀναπλασμοῖς
1116 2057 1214 2127 μὴ.
1240 2058 1549 2126 βλάπτοιεν,
1587 2061 1807 2127 τούτους

234 2141 634 2207 ἀπευθύνοντες
667 2145 898 2199 ἕκαστον
941 2147 1136 2211 δεινοῖς
1165 2149 1344 2217 λόγοις
1377 2152 1604 2216 ἑαυτοὺς
1638 2172 1806 2223 φενα-

235 2232 489 2297 κίζοντας
524 2235 914 2306 ἀποφαίνωμεν
943 2240 1056 2301 τοῖς
1091 2241 1504 2312 ματαιόφροσιν.
1539 2246 1659 2298 ’Ὁτι
1708 2247 1806 2314 μὲν

234 2328 351 2395 γὰρ
381 2323 474 2380 οὖν
526 2329 736 2381 ἐκείνου
781 2331 886 2383 πᾶν
918 2332 1141 2400 αἰσχρὸν
1184 2333 1395 2400 γέγονε,
1432 2334 1717 2404 βδελυκτός
1748 2355 1805 2389 τε

233 2418 360 2487 θεῷ
415 2421 508 2472 καὶ
561 2420 816 2488 ἀγγέλοις
871 2424 963 2476 καὶ
1015 2423 1323 2494 ἀνθρώποις
1377 2428 1490 2490 τοῖς
1528 2429 1807 2481 εὐσεϐέσιν

233 2510 504 2580 ὑπῆρχεν,
525 2511 624 2564 οὐκ
653 2513 993 2582 ἀσυμφανές.
1024 2517 1130 2568 Καὶ
1153 2517 1259 2587 γὰρ
1286 2518 1364 2580 είς
1391 2519 1458 2571 τά
1484 2519 1580 2588 τῆς
1606 2523 1806 2589 σαρκὸς

234 2604 389 2670 πάθη
415 2609 876 2676 κατασυρόμενος,
902 2609 994 2660 καὶ
1026 2612 1138 2672 τοῖς
1167 2611 1643 2680 ἀπηγορευμένοις
1667 2612 1807 2682 ὄαρο

234 2694 429 2764 ὀάροις
466 2697 560 2748 καὶ
595 2697 817 2767 Ἕλλησι
855 2699 1014 2766 σῶμα
1049 2701 1140 2751 καὶ
1181 2701 1358 2768 ψυχὴν
1390 2703 1416 2753 ὀ
1449 2702 1679 2765 δείλαιος
1708 2706 1806 2773 ἐμ-

237 2785 640 2854 μολυνόμενος,
698 2789 798 2859 τὴν
859 2790 967 2842 τῶν
1039 2791 1248 2858 ἀλόγων
1307 2791 1460 2854 ζώων
1523 2795 1806 2863 παρήλασε

234 2878 563 2945 κτηνωὸίαν.
591 2880 697 2931 Καὶ
720 2881 892 2934 ταῦτα
924 2882 1022 2934 οὐκ
1055 2881 1223 2948 ὀλίγοι
1255 2883 1361 2934 τῶν
1389 2887 1807 2954 παραιτησαμέ-

233 2986 346 3020 νων
370 2970 415 2999 ³⁸
439 2969 586 3038 αὐτῷ
619 2971 781 3038 μέχρι
805 2972 964 3041 δεῦρο
991 2975 1269 3042 περιόντες
1301 2977 1804 3044 ὲπαγγελλέτωσαν,

235 3057 376 3111 Μεθ’
398 3052 473 3112 ὧν
507 3060 602 3113 καὶ
635 3061 806 3115 τᾶλλα
836 3062 903 3114 δι’
933 3061 967 3112 ἃ
995 3066 1120 3133 περὶ
1149 3065 1209 3117 τὸ
1245 3067 1401 3134 σῶμα
1433 3067 1580 3136 αὐτῷ
1610 3071 1808 3139 κατήν-

1904 593 2183 666 Deiparam
2237 607 2291 654 et
2309 614 2522 668 semper
2553 599 2824 670 Virginem
2868 604 3153 668 limior-are,
3206 617 3459 662 monente

1905 689 2135 757 turpiter
2159 701 2212 744 et
2236 705 2378 760 aegre
2405 691 2656 747 miseram
2685 691 2921 746 animam
2958 694 3205 748 reddidit.

1977 968 2051 1022 De
2085 983 2193 1037 quo
2217 979 2271 1024 et
2293 970 2509 1025 divinus
2533 970 2868 1040 Nicephorus
2896 970 3202 1040 patriarcha
3231 971 3468 1041 Cpolita-

1903 1074 2009 1113 nus
2033 1061 2102 1112 ita
2128 1060 2398 1129 loquitur:
2433 1079 2450 1110 ι
2482 1060 2745 1127 Quoniam
2771 1077 2898 1117 vero
2915 1061 3238 1118 abinimicis
3264 1061 3467 1116 Christi

1904 1150 2163 1204 nonnulla
2198 1151 2475 1218 jactantur
2512 1166 2578 1205 ex
2638 1151 2902 1206 mendacii
2966 1154 3205 1221 parentis
3254 1153 3462 1215 afﬂatu.

1905 1257 2001 1309 age
2042 1256 2170 1294 vero
2190 1241 2300 1309 jam
2329 1241 2632 1311 cujusmodi
2655 1242 2765 1295 sint
2789 1257 2852 1297 ea
2883 1243 3308 1298 consideremus.
3333 1242 3467 1299 Nam

1905 1332 1970 1383 ad
1998 1330 2201 1384 Christi
2233 1331 2445 1385 Domini
2489 1330 2852 1400 Ecclesia'que
2893 1332 3277 1385 contumeliam
3316 1348 3470 1386 men-

1908 1423 1992 1476 tiri
2033 1423 2132 1475 ista
2173 1423 2370 1487 solent,
2403 1424 2673 1477 diuturna:
2705 1422 2825 1477 vitze
2850 1424 3024 1491 spatia
3053 1438 3178 1477 cum
3222 1423 3474 1477 maximis

1907 1514 2277 1580 voluptatibus
2317 1512 2556 1581 pessimo
2589 1513 2714 1566 huic
2742 1511 3065 1566 Hammona:
3096 1528 3216 1568 esse
3247 1528 3475 1570 conces-

1906 1621 1988 1671 sa,
2014 1604 2372 1674 eumdemque
2400 1602 2673 1658 felicitatis
2701 1618 2914 1657 summa
2943 1605 3254 1675 contigisse.
3284 1605 3388 1661 Sed
3418 1618 3472 1660 et

1908 1699 2149 1768 insignes
2191 1696 2258 1751 de
2309 1695 2560 1751 Barbaris
2616 1696 2892 1761 victorias,
2949 1707 3004 1752 et
3031 1700 3244 1768 egregia
3307 1699 3472 1753 multa

1910 1789 2150 1843 facinora
2193 1787 2455 1852 tribuunt,
2493 1804 2612 1857 quae
2665 1802 2734 1842 ne
2771 1788 2957 1842 auditu
3012 1790 3232 1858 quidem
3267 1804 3364 1857 par
3397 1798 3478 1842 est

1911 1881 2213 1934 admittere.
2261 1878 2366 1934 Sed
2395 1895 2460 1933 ne
2501 1879 2922 1948 imperitioribus
2953 1880 3286 1947 minimeque
3319 1879 3476 1932 malis

1910 1973 2226 2029 hominibus
2242 1987 2302 2026 ea
2332 1972 2608 2025 mendacia
2635 1971 2808 2025 fraudi
2845 1973 2974 2036 sint,
3008 1972 3369 2039 redarguendi
3400 1971 3474 2022 illi

1910 2060 2067 2115 nobis
2095 2068 2275 2126 erunt,
2311 2069 2368 2114 ut
2393 2071 2725 2129 quantopere
2757 2075 2814 2115 se
2845 2060 2944 2129 ipsi
2970 2060 3223 2115 inanibus
3254 2061 3337 2114 his
3363 2075 3477 2112 ser-

1911 2153 2166 2207 monibus
2199 2151 2548 2206 Iuditicentur
2569 2152 2897 2218 intelligant.
2924 2150 3087 2220 Igitur
3114 2153 3295 2204 omnia
3327 2151 3475 2204 illius

1909 2258 2071 2310 quam
2131 2243 2446 2312 turpissima
2476 2241 2663 2308 fuisse,
2718 2256 2952 2310 eumque
2991 2241 3122 2305 Deo.
3165 2244 3368 2312 angelis
3415 2259 3478 2298 ae

1912 2337 2180 2405 religiosis
2199 2335 2512 2389 hominibus
2531 2333 2919 2388 exsecrabilem
2948 2334 3240 2395 exstitisse.
3276 2350 3478 2403 nequa-

1909 2445 2073 2499 quam
2098 2440 2179 2484 est
2205 2428 2515 2482 obscurum.
2543 2425 2676 2480 Nam
2698 2443 2820 2481 cum
2841 2427 2988 2480 minii
3009 2443 3067 2482 se
3108 2428 3159 2481 in
3190 2427 3475 2482 libidinum

1910 2537 2105 2590 genere
2142 2521 2431 2583 volutaret,
2479 2519 2655 2588 iisque
2681 2535 2879 2587 corpus
2916 2535 3075 2572 suum
3128 2529 3182 2573 et
3233 2520 3474 2572 animum

1909 2622 2299 2682 conspurcaret
2349 2627 2470 2682 quae
2510 2620 2618 2665 tam
2653 2609 2912 2664 Barbaris
2967 2625 3129 2679 quam
3184 2609 3477 2680 gentilibus

1910 2714 2035 2759 sunt
2073 2704 2254 2764 vetita.
2288 2702 2446 2770 longe
2477 2705 2706 2770 pecudes
2737 2701 2882 2767 ipsas
2913 2699 3153 2755 fuaditate
3177 2700 3474 2769 superavit.

1910 2795 2084 2862 Atque
2117 2794 2230 2846 hate
2266 2807 2370 2844 non
2396 2790 2550 2858 pauci
2576 2790 2666 2858 qui
2698 2804 2820 2842 cum
2850 2804 2913 2843 co
2945 2790 3264 2843 vixeruntet
3287 2792 3477 2846 hodie-

1911 2901 2017 2955 que
2051 2895 2342 2953 supersunt
2364 2882 2638 2936 testificari
2662 2890 2950 2949 poterunt;
2973 2897 3070 2936 nec
3112 2898 3218 2936 non
3251 2890 3303 2938 et
3326 2884 3475 2938 varia

1912 2976 2155 3043 corporis
2201 2975 2541 3027 incommoda
2588 2973 2807 3042 quidem
2850 2972 2990 3025 idem
3043 2972 3145 3025 fuit
3184 2972 3478 3026 obnoxius.

1914 3068 2198 3124 Doloribus
2220 3066 2362 3120 enim
2393 3081 2454 3119 ac
2487 3064 2838 3128 cruciatibus,
2875 3062 2966 3132 qui
3001 3062 3258 3132 explicari
3291 3063 3478 3117 dicen-

234 3164 428 3217 τησαν.
457 3148 645 3213 Πόνοις
675 3152 781 3222 γὰρ
804 3153 897 3204 καὶ
924 3153 1211 3223 ἀλγηδόσιν
1244 3157 1526 3227 ἀρρήτοις,
1558 3156 1643 3211 οἶα
1665 3161 1810 3223 εἰκὸς
1838 3175 1884 3234 (ζ

1797 3175 1884 3234 :C
1915 3161 1984 3214 do
2040 3167 2334 3228 nequeunt,
2387 3155 2827 3215 excarnificatus,
2888 3153 3195 3222 tujusmodi
3233 3154 3477 3208 ulcerosa

234 3239 367 3303 τοὺς
437 3240 786 3312 ὴλκωμένους
840 3246 1107 3315 πάσχειν,
1166 3247 1500 3318 βαλλόμενος
1555 3254 1808 3322 πονήρως

235 3330 380 3397 ἄγαν
410 3333 502 3385 καὶ
551 3334 868 3403 ἀνηκέστως
917 3337 1168 3399 διέκειτο,
1199 3341 1292 3391 καί
1333 3357 1454 3393 τινα
1490 3343 1672 3410 (I67b)
1703 3344 1810 3395 τῶν

241 3422 424 3489 μελῶν
453 3423 556 3476 ὑπὸ
586 3426 681 3493 τῆς
719 3425 1002 3490 ἐλκὼσεως
1035 3429 1128 3480 καὶ
1157 3428 1502 3499 διαϐρώσεως
1525 3434 1809 3504 ἀπερρυη-

237 3516 417 3568 κότων
451 3515 598 3586 αὐτῷ
650 3516 896 3580 ἐλεεινῶς
929 3520 1332 3590 κατετρύχετοβ
1363 3524 1726 3591 συνεχέστατα
1755 3526 1810 3578 δὲ

237 3604 348 3658 ὑπὸ
390 3605 497 3658 τῶν
539 3607 830 3677 Ἐριννύων
867 3610 1356 3679 ὲκδειματούμενος
1379 3613 1588 3682 πικρῶς
1616 3631 1676 3666 τε
1718 3617 1812 3668 καὶ

236 3699 463 3760 ἀῦπνως
507 3699 769 3762 πολλάκις
820 3699 910 3752 τὸν
958 3703 1273 3770 νυκτερινὶν
1325 3705 1517 3774 καιρὸν
1569 3706 1808 3775 διήνυσε.

239 3788 532 3858 Παρεὶσθω
562 3789 629 3842 τὰ
658 3789 753 3842 νῦν
777 3791 958 3857 λέγειν
991 3791 1052 3842 τὸ
1084 3792 1180 3860 τῆς
1209 3792 1415 3862 διαίτης
1452 3795 1610 3864 ἀηδές
1635 3812 1691 3847 τε
1719 3798 1812 3849 καὶ

238 3882 557 3950 αἴσχιστον·
599 3883 735 3953 ὅπερ
765 3882 874 3952 γὰρ
911 3882 976 3936 ἂν
1006 3883 1140 3955 πρὸς
1185 3884 1410 3955 ἀριστον
1445 3885 1700 3956 βρώσεως
1743 3888 1810 3955 ³³,

237 3976 302 4027 οὐ
355 3973 554 4038 τελέως
610 3975 920 4028 καταποθὲν
968 3978 1121 4048 παρά
1167 3979 1290 4041 τοὺς
1346 3980 1577 4048 ἑμετοὺς
1615 3981 1813 4049 ιφθανε

239 4063 586 4134 κρινόμενον.
812 4065 883 4120 Τὸ
914 4068 971 4121 δὲ
1007 4069 1134 4138 περὶ
1167 4068 1293 4132 τοὺς
1339 4070 1814 4141 ὑπηρετουμὲνους

243 4157 442 4226 ἰταμὸν
473 4160 566 4212 καὶ
605 4158 871 4230 θηριῶδες
895 4160 986 4214 τοῦ
1025 4162 1228 4232 τρόπου
1266 4163 1359 4216 καὶ
1387 4163 1484 4232 τῆς
1510 4163 1814 4233 ὑπηρεσίας

237 4249 304 4301 τὸ
327 4247 762 4316 δυσαχθὲστατον
795 4249 911 4312 πῶς
945 4251 1010 4304 ἄν
1032 4268 1116 4312 τις
1144 4250 1288 4304 εἴποι
1318 4251 1408 4322 [τὰ
1437 4251 1675 4320 φέροντα
1709 4253 1814 4305 σώ-

243 4335 454 4408 μαται;
488 4338 721 4403 Μάστιξι
749 4338 857 4410 γάρ
892 4340 1126 4410 ἑκάστης
1163 4341 1376 4411 ἡμέρας
1412 4341 1634 4404 πολλαῖς
1681 4343 1810 4395 πολ-

239 4430 354 4482 λῶν
405 4430 785 4494 κατεξαίνοντο
823 4431 1085 4500 σώματασ
1136 4433 1230 4484 καὶ
1284 4431 1382 4495 τὰς
1435 4432 1587 4500 δ’ζμεις
1637 4433 1813 4486 παίων

1914 3265 2141 3320 corpora
2170 3248 2371 3318 perpeti
2406 3253 2828 3301 consentaneum
2857 3253 2958 3310 est,
3007 3245 3239 3314 pessime
3274 3259 3337 3298 ac
3359 3246 3480 3298 sine

1914 3343 2022 3396 ullo
2041 3340 2279 3394 remedio
2310 3351 2423 3392 erat
2456 3336 2700 3391 affectus.
2727 3337 2907 3400 Quare
2947 3334 3205 3387 nonnulla
3237 3333 3480 3387 membra

1915 3433 2186 3485 ulceribus
2220 3429 2382 3483 adesa
2423 3443 2487 3482 ac
2510 3435 2832 3494 consumpta
2876 3440 2998 3479 cum
3029 3422 3354 3478 intolerabili
3379 3423 3481 3475 du-

1914 3525 2027 3577 lore
2060 3521 2391 3585 diffluebant,
2429 3519 2522 3573 sed
2555 3528 2606 3572 et
2641 3525 2897 3586 perpetuo
2942 3515 3276 3585 intr-mperiis
3305 3514 3487 3582 agita-

1916 3627 1999 3669 lus
2057 3616 2376 3684 plerumque
2412 3620 2600 3664 noctes
2629 3610 2907 3662 insomnes
2949 3623 3012 3661 ac
3067 3606 3482 3661 molestissimas

1914 3705 2163 3761 ducebat.
2200 3702 2404 3757 Omitto
2443 3702 2617 3754 victus
2666 3700 3014 3753 acerbitatem
3072 3714 3134 3753 ac
3195 3699 3482 3765 turpitudi-

1915 3813 2034 3852 nem
2068 3815 2082 3850 :
2116 3795 2378 3865 quidquid
2405 3793 2549 3846 enim
2574 3792 2626 3844 in
2651 3790 2880 3860 prandio
2904 3789 3006 3842 cibi
3034 3803 3126 3857 per
3153 3786 3338 3841 fauces
3369 3797 3480 3841 tra-

1911 3890 2134 3960 jecerat,
2157 3887 2208 3940 id
2241 3884 2469 3939 subinde
2492 3882 2786 3936 vomitibus
2803 3879 3148 3934 excernebat.
3174 3876 3308 3930 Nam
3337 3875 3482 3930 illam

1918 3982 1970 4036 in
2011 3978 2242 4034 famulos
2264 3976 2629 4044 arrogantiam
2673 3987 2737 4026 ac
2768 3970 3038 4025 feritatem
3073 3981 3234 4038 atque
3281 3968 3334 4022 in
3363 3969 3482 4022 exi-

1917 4072 2106 4143 gendis
2137 4068 2415 4137 obsequiis
2443 4065 2814 4119 morositatem
2851 4064 2976 4134 quis
3006 4061 3228 4132 assequi
3255 4059 3486 4114 dicendo

1916 4163 2120 4235 possit?
2159 4160 2517 4215 Cmdcbantur
2549 4157 2790 4226 quotidie
2823 4156 2990 4226 virgis
3031 4153 3277 4224 pluribus
3312 4150 3487 4221 Pluri-

1917 4270 2129 4311 morum
2181 4265 2432 4320 corpora.
2485 4248 2539 4301 ln
2585 4262 2724 4318 quos
2787 4246 2876 4300 ille
2926 4245 3118 4315 pugnis
3159 4253 3212 4298 et
3246 4242 3488 4296 calcibus

1918 4346 2161 4403 insiliens
2195 4343 2366 4396 nihilo
2399 4355 2457 4397 se
2489 4338 2790 4395 carnivoris
2817 4337 3003 4392 bestiis
3029 4336 3297 4391 mitiorem
3351 4349 3488 4404 prte-

1919 4442 2112 4496 siabat.
2143 4437 2272 4503 lam}
2295 4436 2662 4490 membrorum
2704 4433 3100 4501 oculorumque
3121 4429 3487 4484 mutilationes

241 4525 493 4591 πυγμαῖς
525 4523 621 4576 καὶ
653 4521 751 4589 λὰξ
779 4523 1133 4591 ἑναλλόμενος
1158 4523 1308 4575 οὐδὲν
1333 4523 1439 4575 τῶν
1465 4524 1814 4594 σαρκοϐόρων
1840 4516 1892 4576 Ι)
1920 4573 1921 4580 η

1802 4516 1985 4586 tDac
2044 4531 2247 4599 reliqua
2295 4529 2347 4582 id
2395 4541 2565 4594 genus
2595 4525 2789 4578 acerba
2839 4523 3126 4592 supplicia.
3161 4530 3276 4575 tum
3323 4523 3482 4574 inno-

242 4614 454 4684 θηρίων
478 4613 987 4685 φιλανθρωπότερον
1015 4615 1300 4683 ἔπραττεν.
1343 4615 1439 4669 Ἐκ
1471 4615 1735 4685 στόματος
1756 4616 1812 4668 δὲ

245 4707 428 4776 μελῶν
481 4707 577 4759 καὶ
608 4707 901 4777 ὀφθαλμῶν
953 4709 1251 4776 πηρώσεις,
1287 4709 1381 4759 καὶ
1426 4709 1495 4759 τὰ
1527 4708 1662 4760 ἄλλα
1711 4708 1811 4759 ὅσα

242 4798 394 4852 δεινὰ
417 4799 769 4869 κολαστήρια,
791 4800 880 4852 καὶ
902 4800 1114 4867 σφαγὰς
1134 4799 1350 4862 ἀδίκους
1371 4799 1580 4869 ἀνδρῶν
1593 4797 1807 4862 ἀθώων,

244 4889 343 4942 καὶ
371 4891 498 4953 τοὺς
522 4889 611 4943 διὰ
640 4873 810 4959 πυρδξ
849 4890 1213 4960 πικροτάτους
1250 4888 1536 4953 θανάτους,
1575 4889 1809 4958 μάλιστα

1920 4630 2104 4676 centes
2129 4619 2377 4673 homines
2415 4616 2558 4672 ferro
2590 4616 2819 4670 flammis
2851 4616 3226 4678 interemptos,
3258 4626 3488 4678 praescr-

1921 4715 2014 4767 tim
2048 4711 2408 4773 orthodoxos,
2436 4709 2564 4779 quid
2589 4709 2776 4763 attinet
2800 4706 3018 4760 dicere?
3045 4705 3254 4758 Etenim
3287 4704 3488 4756 furoris

1917 4803 2065 4859 illius
2106 4802 2366 4857 satellites
2424 4816 2487 4854 ac
2550 4799 2784 4853 ministri
2841 4813 3000 4852 nasos
3050 4795 3484 4866 quamplurimas

1924 4894 2126 4948 sanctis
2181 4893 2313 4947 viris
2364 4892 2637 4946 abscissos
2681 4892 2732 4943 in
2794 4890 2968 4951 disco,
3023 4898 3081 4941 ut
3109 4889 3237 4941 olim
3287 4887 3485 4941 Herodi

243 4984 304 5037 δὲ
335 4983 476 5036 κατά
507 4984 617 5036 τῶν
640 4983 1066 5054 δρθοδοξούντων
1096 4982 1598 5051 ἐπιδεικνυμένους,
1632 4982 1684 5035 τί
1712 4983 1817 5053 χρὴ
1916 4986 1923 5039 l

1805 4999 1817 5053 λ
1916 4985 2277 5040 Prmenrsoris
2306 4993 2490 5053 caput,
2525 4983 2604 5037 sic
2631 4996 2772 5035 novo
2806 4980 3004 5034 Herodi
3035 4978 3339 5032 suavissimi
3367 4977 3485 5032 loco

247 5073 348 5127 καὶ
406 5071 624 5140 λέγειν;
673 5074 736 5126 0t
774 5074 882 5145 γὰρ
936 5075 1033 5144 τῆς
1085 5075 1280 5140 μανίας
1317 5071 1483 5126 αὑτοῦ
1535 5073 1818 5143 δυσμενεῖς

245 5166 594 5219 ὑπασπισταὶ
625 5165 721 5218 καὶ
767 5165 1054 5237 δορυφόροι
1107 5168 1261 5236 ῥῖνας
1305 5165 1401 5234 μὲν
1449 5165 1524 5226 ὠς
1563 5164 1823 5226 πλείστας

245 5254 556 5327 ἀνθρώπων
581 5255 742 5310 ὁσίων
777 5259 1163 5326 ἀποτεμόντες,
1199 5257 1387 5326 ὥσπερ
1424 5257 1522 5327 τὴν
1549 5256 1642 5309 τοῦ
1678 5258 1821 5326 Προ-

245 5347 453 5418 δρόμου
495 5349 665 5404 πάλαι
717 5348 959 5420 κεφαλὴν
995 5349 1231 5418 Ἡρώδῃ,
1280 5349 1424 5402 οὕτω
1464 5350 1556 5400 καὶ
1606 5347 1684 5419 τῷ
1738 5349 1824 5417 ἐφ’

1917 5079 2160 5133 numeris
2189 5077 2511 5132 oﬂ‘erebant.
2549 5075 2628 5128 Ad
2655 5075 2768 5128 haec
2799 5072 2994 5127 tﬂossa
3027 5072 3296 5140 plerisque
3327 5070 3479 5122 lumi-

1923 5183 1990 5222 na
2027 5169 2421 5235 ambustasque
2464 5179 2651 5232 genas,
2703 5171 2756 5216 et
2812 5163 3137 5216 exhaustum
3165 5158 3486 5226 sanguinem

1923 5264 2194 5311 testantur
2227 5255 2261 5308 ii
2289 5253 2380 5323 qui
2408 5255 2460 5307 in
2503 5253 2826 5307 hodiernum
2856 5251 2997 5304 dicm
3026 5264 3212 5305 earum
3246 5247 3481 5301 cladium

1923 5346 2148 5416 vestigia
2189 5336 2600 5399 circumferunt.
2654 5341 2914 5397 Inusitata
2960 5357 3093 5409 puri.
3174 5338 3485 5392 thorrcnda

1463 5486 1656 5545 Varia)
1699 5485 2007 5547 lectiones
2049 5488 2108 5544 et
2147 5488 2339 5543 notae.

327 5632 369 5664 "
399 5630 650 5702 εὐμερίον
692 5631 871 5700 vulgo.
950 5632 991 5661 ³¹
1015 5629 1550 5700 συνδιαιτησαμένων
1585 5627 1859 5685 Petavius.
1937 5631 1980 5662 ³³

821 5649 871 5684 u.
950 5632 991 5661 ³¹
1015 5629 1550 5700 συνδιαιτησαμένων
1585 5627 1859 5685 Petavius.
1937 5631 1980 5662 ³³
2012 5629 2341 5701 προσάροττο
2363 5629 2447 5698 βρ.
2471 5627 2501 5680 ?'

317 5770 390 5828 (a)
419 5767 469 5818 in
498 5768 829 5818 Artirrhettco
852 5781 902 5818 nt
932 5766 1038 5815 adv.
1066 5764 1437 5816 Constantinum
1463 5763 1839 5827 Copronymum,
1867 5762 2166 5828 Patrologiw
2205 5771 2239 5814 t.
2264 5765 2315 5825 C,
2341 5765 2435 5815 col.
2461 5760 2574 5825 503,
2599 5767 2650 5812 et
2678 5761 2879 5826 plenius
2905 5760 2999 5811 col.
3039 5759 3144 5810 9S9.
3172 5757 3305 5810 Eutr.
3333 5756 3484 5806 Γιτη.
