4254 6444
824 393 924 457 951

2032 395 2356 453 GEORGII
2400 393 2848 453 ΗΔΜΛΒΤΟΙᾸ

3978 409 4088 470 959

823 509 1019 564 mortis
1049 520 1244 575 genera
1272 508 1341 560 ab
1365 510 1553 560 eodem
1577 505 1881 572 excogitata
1919 522 2027 559 nun
2071 505 2230 559 modo
2258 519 2392 572 pro-

2499 506 2656 575 ἡμῶν
2703 507 2918 577 Ἡρώδῃ
2974 506 3085 560 οἷον
3116 510 3288 579 δῶρον
3324 514 3418 580 ἡδὺ
3471 515 3564 565 καὶ
3605 515 3913 582 ἐπέραστον
3951 521 4073 572 exe.

823 600 987 654 funda
1017 607 1218 652 norunt
1249 598 1440 660 maria,
1471 596 1562 650 sed
1596 607 1648 650 et
1693 597 1809 667 ipsa
1836 597 2228 667 propemodum
2262 611 2393 650 saxa

829 704 1125 760 personare
1146 689 1415 743 videnlur.
1435 687 1590 753 Quod
1617 705 1746 744 vero
1774 691 1841 744 ad
1867 705 1961 745 eas
1990 692 2244 744 victorias
2273 707 2392 760 rpe-

797 791 926 844 ,εισι
963 796 1100 850 quas
1131 780 1273 834 illius
1306 779 1548 836 fautores
1596 782 1770 836 rabidi
1810 797 1873 837 ac
1903 781 2093 836 furiosi
2123 784 2392 838 ‘lromines

814 872 956 926 falso
1004 873 1126 926 huic
1176 873 1458 942 aﬂiugunt,
1515 885 1570 926 ut
1619 876 1686 928 de
1731 891 1792 926 ea
1830 877 2022 940 loquar
2073 891 2196 944 quae
2250 877 2391 930 inter

816 978 1008 1017 omnes
1050 965 1320 1032 prmeipua
1357 975 1627 1026 censetur,
1655 966 1925 1033 ejusmodi
1967 977 2116 1022 sunt.
2156 969 2292 1023 Cum
2320 969 2385 1023 ad

813 1055 1216 1122 prOpulsandos
1247 1057 1609 1110 occidentales
1639 1057 1877 1128 Scythia:
1907 1063 2136 1128 populos
2166 1060 2388 1129 expedi-

817 1151 1017 1202 tionem
1048 1158 1320 1217 parasset,
1362 1151 1607 1204 collectis
1655 1153 1911 1206 omnibus
1934 1155 2105 1222 copiis
2131 1154 2389 1208 commis-

817 1255 988 1306 soque
1049 1255 1174 1294 cum
1227 1242 1380 1296 hoste
1432 1244 1636 1312 pra-lio,
1671 1245 1888 1312 qualem
1938 1246 2062 1299 inde
2102 1248 2384 1300 victoriam

813 1327 1076 1398 retulerit,
1110 1351 1231 1404 qua:
1270 1336 1334 1388 ad
1385 1337 1487 1390 hoc
1537 1347 1752 1404 tentpus
1806 1348 2105 1404 supersunt
2159 1341 2384 1408 vestigia

819 1425 1119 1481 declarant.
1143 1428 1298 1496 Itque
1325 1430 1488 1480 etiam
1521 1429 1680 1482 hodie
1706 1444 1837 1483 cava
1865 1431 1951 1483 illa
1982 1432 2048 1484 ad
2086 1432 2384 1486 Acheloum

812 1518 1001 1570 urbem
1035 1533 1096 1570 ac
1122 1517 1380 1588 depressa
1405 1521 1658 1588 planities
1685 1522 1905 1584 indicit,
1931 1536 2194 1576 cmsorum
2225 1539 2388 1576 mem-

810 1609 923 1664 bris
964 1625 1028 1663 eo
1087 1621 1330 1680 tempore
1388 1621 1662 1666 constrata
1719 1632 1731 1667 :
1771 1628 1896 1666 nam
1927 1616 2218 1669 universus
2248 1631 2385 1683 pene

811 1707 1184 1759 Romanorum
1213 1706 1481 1758 exercitus
1515 1706 1838 1776 Scytharum
1873 1705 2066 1773 gladiis
2094 1706 2384 1761 confossus

805 1809 921 1852 est.
946 1800 1098 1863 Quod
1135 1801 1178 1852 si
1205 1799 1342 1852 forte
1375 1801 1632 1869 exiguum
1669 1799 1926 1868 quiddam
1950 1808 2003 1853 et
2027 1810 2384 1854 contemnen-

805 1887 933 1942 dum
964 1892 1031 1942 ab
1053 1904 1116 1942 eo
1146 1902 1353 1958 gestum
1389 1901 1490 1954 est,
1526 1891 1796 1959 ejusmodi
1836 1890 1978 1946 istud
2005 1890 2124 1945 fuit.
2165 1892 2379 1946 Postea-

805 1997 968 2051 quam
1007 1979 1312 2037 Orientales
1349 1983 1613 2038 barbaros
1645 1999 1675 2038 a
1712 1985 1944 2038 ducibus
1969 1987 2085 2038 suis
2116 1984 2382 2039 dissidere

803 2076 1070 2142 comperit
1099 2085 1151 2128 et
1183 2075 1322 2128 civili
1354 2076 1494 2128 bello
1538 2076 1810 2134 distineri.
1847 2077 2075 2131 latronis
2104 2092 2253 2131 more
2279 2091 2380 2146 poo-

802 2162 910 2216 tius
965 2178 1126 2232 quam
1177 2164 1522 2234 imperatoris
1567 2167 1618 2218 in
1669 2165 1982 2220 Armeniam
2056 2175 2108 2219 et
2162 2165 2375 2232 Syriam

801 2251 1132 2309 furibundus
1177 2255 1445 2325 irrumpit,
1504 2258 1690 2326 ibique
1749 2257 2048 2312 incolarum
2104 2258 2379 2311 deditione

801 2348 1080 2413 occupatis
1110 2350 1315 2418 aliquot
1353 2350 1589 2405 castellis
1619 2351 1837 2407 eosdem
1858 2353 1980 2406 illos
2003 2353 2056 2406 in
2085 2351 2375 2407 Thraciam

799 2450 1155 2507 transportat.
1185 2439 1307 2496 Haec
1336 2452 1463 2495 sunt
1499 2441 1658 2497 istius
1693 2445 1930 2498 hominis
1970 2445 2186 2514 egregia
2214 2445 2375 2509 facta,

800 2533 912 2585 haec
951 2535 1322 2588 commentitia
1385 2535 1450 2589 de
1485 2536 1728 2588 hostibus
1786 2545 1988 2605 tropaea
2024 2554 2037 2591 :
2081 2536 2373 2604 ejusmodi,

800 2629 1041 2695 inquam,
1079 2637 1352 2696 suntquae
1403 2628 1695 2681 insolenter
1731 2629 1820 2682 ille
1852 2638 2043 2683 contra
2087 2628 2370 2682 veritatem

797 2729 850 2776 et
883 2721 1134 2788 pietatem
1199 2721 1420 2775 molitus
1462 2730 1563 2775 est.
1609 2719 1824 2774 Etenim
1862 2721 1993 2776 citra
2025 2722 2191 2775 ullam
2225 2736 2376 2774 verc-

796 2814 1050 2868 cundiatn
1082 2823 1271 2867 contra
1310 2814 1473 2866 Deum
1509 2813 1808 2866 bacchatus
1847 2822 1929 2866 est
1966 2827 2262 2880 sacrasque
2288 2825 2374 2864 res

794 2906 840 2959 ei
875 2917 1134 2972 tanquam
1158 2905 1383 2959 donaria
1433 2913 1803 2958 consecratas.
1847 2904 1988 2969 Quin
2011 2905 2175 2958 etiam
2207 2919 2375 2971 auge-

796 3002 960 3053 licum
1008 2999 1138 3053 illud
1179 3008 1233 3053 et
1269 2998 1633 3068 apostolicum
1673 2998 1994 3052 monasticae
2041 2999 2166 3051 vita:
2201 3014 2372 3068 genus

795 3094 959 3148 homo
990 3109 1019 3146 a
1052 3092 1161 3147 Deo
1194 3104 1514 3148 exsecratus
1542 3106 1605 3146 ac
1641 3091 1910 3161 profanus
1930 3100 1983 3146 et
2007 3107 2036 3144 a
2062 3091 2370 3146 Christiana

2503 597 2659 666 μιζον
2708 597 2802 650 ἐπὶ
2861 597 3111 662 πίνακος.
3181 599 3508 670 Ὀςθαλμῶν
3563 602 3862 674 ἐξορύξας,
3901 609 3949 640 ³⁵
3987 613 4083 662 καὶ

2496 691 2767 757 γενειάδος
2798 690 3204 761 ἐμπυρισμοὺς,
3237 695 3329 746 καὶ
3381 695 3629 764 αἰμάτων
3665 696 3942 767 ἐκχύσεις,
3983 703 4081 752 καὶ

2497 783 2869 852 μαρτυροῦσιν
2913 785 2963 836 οἰ
3007 787 3170 854 μέχρι
3203 788 3296 839 καὶ
3323 786 3419 839 νῦν
3454 789 3523 841 τά
3554 789 3798 858 σύμϐολα
3835 795 4079 860 περιφέ-

2492 892 2706 944 ροντες.
2744 876 3022 938 Θανάτους
3052 877 3109 929 δέ
3141 879 3348 945 βιαίους
3379 879 3486 932 τῶν
3511 880 3768 934 τοιούτων
3808 887 3901 937 καὶ
3925 885 4080 948 ἐξαι-

2493 968 2642 1029 σίους
2688 971 2716 1020 ὀ
2766 969 2864 1037 τῆς
2920 968 3199 1038 Θαλάσσης
3255 971 3413 1039 βυθὸς
3468 974 3776 1034 ἐπίσταται,
3837 978 3886 1026 οί
3929 976 4076 1028 λίθοι

2492 1057 2805 1128 κράξουσιν.
2855 1062 2952 1121 Ἀς
3003 1060 3060 1114 δὲ
3110 1062 3570 1131 περιπλάττουσιν
3627 1065 3775 1135 αὐτῷ
3813 1067 3974 1127 νίκας
4026 1069 4074 1120 οἰ

2490 1149 2848 1220 ἐμϐρόντητοι
2884 1151 2927 1183 ⁸⁸
2959 1153 3053 1204 καὶ
3085 1152 3380 1212 λυσσώδεις
3410 1156 3712 1224 ὁμόφρονες
3755 1157 3946 1221 αὐτοῦ,
3984 1160 4073 1211 ἴνα

2491 1245 2620 1312 μιᾶς
2649 1242 2750 1313 τῆς
2779 1243 3079 1313 κρατίστης
3107 1247 3287 1298 αὐτῶν
3331 1247 3779 1316 ἐπιμνησθῶμεν,
3813 1251 4071 1303 τοιαῦται

2487 1337 2664 1387 εἰσιν·
2709 1335 2926 1404 Ἐπειδὴ
2991 1337 3407 1403 παρεσκεύαστο
3445 1340 3580 1407 πρὸς
3631 1339 3690 1392 τδ
3724 1342 3780 1392 ἐν
3827 1340 4069 1410 δυσμαῖς

2489 1426 2878 1496 είσῳκισμένον
2924 1426 3190 1480 Σκυθικὸν
3231 1428 3386 1492 ἑθνος
3415 1432 3750 1499 ἀμύνασθαι,
3793 1433 4068 1501 ύπαθροὶο

2489 1519 2572 1583 ζει
2603 1519 2712 1571 πᾶν
2737 1519 2796 1572 τὸ
2848 1520 2939 1572 ὑπ’
2969 1519 3137 1572 αὐτοῦ
3169 1519 3214 1551 ³⁸
3253 1523 3596 1590 στράτευμα,
3628 1525 3722 1575 καὶ
3753 1525 3835 1586 εἰς
3880 1527 4071 1593 χεῖρας

2487 1629 2546 1664 τε
2575 1615 2688 1675 τοῖς
2715 1612 2994 1680 πολεμίοις
3022 1611 3133 1676 ίὼν,
3161 1615 3345 1665 ὁποῖον
3371 1615 3520 1683 αὐτῷ
3545 1615 3639 1666 τοῦ
3669 1615 3910 1682 πολέμου
3932 1615 4072 1682 κρό-

2490 1722 2577 1768 τος
2604 1705 2990 1780 κατώρθωται,
3017 1709 3287 1777 μαρτνρεῖ
3309 1707 3376 1758 τὰ
3403 1707 3698 1776 φαινόμενα
3727 1725 3739 1738 ·
3768 1708 3931 1776 μέχρι
3961 1709 4069 1777 γὰρ

2486 1801 2578 1852 καὶ
2603 1802 2842 1869 τήμερον
2867 1801 2934 1852 τά
2963 1804 3104 1854 κατὰ
3133 1802 3232 1870 την
3275 1800 3506 1870 ’Λχελὼν
3535 1801 3874 1870 καλουμένην
3912 1803 4069 1854 πόλιν

2483 1893 2640 1947 κοῖλα
2688 1896 2783 1947 καὶ
2832 1893 3132 1961 πεδιάσιμα
3190 1897 3386 1966 χωρία,
3443 1895 3476 1948 ἆ
3516 1896 3623 1946 τῶν
3679 1895 3994 1964 εἰρημένων
4025 1897 4064 1928 ³¹

2483 1983 2705 2048 ἐδέξατο
2754 1984 2824 2035 τὰ
2876 1983 3051 2047 κῶλας
3108 1983 3294 2049 σαφῶς
3349 1982 3816 2035 ὑποδεικνύουσιν.
3859 1983 4067 2050 Ἔργον

2485 2079 2591 2146 γὰρ
2622 2077 2720 2146 τῆς
2750 2075 3028 2143 Σκυθικῆς
3063 2075 3338 2146 μαχαίρας
3370 2076 3515 2128 ᾶπαν
3564 2075 3752 2142 σχεδὸν
3779 2075 3841 2127 τὸ
3891 2075 4063 2143 στράο

2481 2185 2656 2236 τευμα
2689 2168 2798 2219 τῶν
2834 2167 3125 2235 Ῥωμαίων
3172 2168 3421 2233 γέγονεν.
3466 2169 3526 2220 Εἰ
3557 2167 3612 2220 δέ
3646 2183 3697 2218 τι
3734 2166 3929 2235 μικρὸν
3971 2167 4065 2218 καί

2479 2262 2540 2312 οὔ
2573 2261 2716 2312 πάνυ
2755 2259 3035 2328 ἀξιόλογον
3089 2259 3338 2326 ἔδρασεν,
3388 2261 3544 2311 τοῦτο
3603 2259 3907 2320 ἐστι’τους
3955 2259 4067 2327 γὰρ

2480 2352 2619 2424 πρὸς
2663 2351 2930 2415 ἀνατολάς
2959 2351 3245 2414 οἰκοῦντας
3287 2351 3600 2422 ϐαρϐάρους
3648 2349 3900 2419 ἀκηκοὼς
3931 2354 4066 2418 περὶ

2479 2443 2608 2507 τοὺς
2652 2445 2886 2508 οἰκείους
2939 2445 3214 2515 ἡγεμόνας
3256 2445 3742 2507 διαστασιάζοντας
3780 2443 3872 2495 καὶ
3923 2444 4065 2510 πρὸς

2485 2535 2569 2588 τὸν
2597 2536 2857 2605 ἐμφύλιον
2882 2538 3118 2604 πόλεμον
3140 2535 3592 2604 ἀσχολουμένους,
3623 2533 4066 2604 λῃστρικώτερόν

2482 2647 2600 2691 πως
2630 2628 2894 2698 μᾶλλονῆ
2941 2628 3453 2699 στρατηγικώτερον
3492 2629 3568 2690 ὼς
3623 2627 3840 2679 λυσσῶν
3889 2626 4066 2678 ἐπιὼν

2477 2723 2589 2784 τοῖς
2634 2721 2928 2790 ’Δρμενίας
2980 2724 3075 2774 καὶ
3119 2722 3320 2790 Συρίας
3379 2720 3634 2789 χωρίοτς,
3663 2719 3773 2770 τῶν
3826 2717 4066 2776 ἐκείνοις

2477 2813 2754 2882 φρουρίων
2809 2814 2958 2883 αἰρεῖ
3011 2814 3272 2884 ὁμολογία
3324 2813 3432 2864 τῶν
3470 2811 3905 2882 προσοικούντων
3963 2810 4062 2860 καὶ

2476 2907 2569 2957 ἐπὶ
2603 2905 2701 2975 τὴν
2733 2906 2956 2974 Θρᾴκην
2995 2906 3193 2967 αὐτοὺς
3226 2906 3529 2973 μετήγαγε.
3563 2901 3800 2956 Τοςαῦτα
3836 2901 3935 2968 μὲν
3964 2896 4062 2953 οὖν

2474 2997 2544 3049 τὰ
2569 2998 2780 3048 ἐκείνου
2807 2995 3284 3065 ἁνδραγαθήματα
3312 2997 3408 3050 καὶ
3438 2997 3506 3047 τὰ
3539 2997 3659 3047 κατ’
3691 2995 3902 3064 ἐχθρῶν
3933 3012 4066 3063 σχε-

2471 3087 2766 3156 διαζόμενα
2802 3091 3058 3157 τρόπαια.
3286 3087 3524 3140 Τοιαῦτα
3565 3089 3654 3140 καὶ
3686 3089 3752 3139 τὰ
3789 3089 3925 3140 κατὰ
3963 3088 4066 3154 τῆς

793 3185 1056 3255 religione
1089 3188 1222 3241 l'a'so
1256 3187 1678 3250 cognominatus
1734 3185 1976 3238 illaudati
2011 3185 2372 3253 appellatione

2477 3180 2737 3249 ἀληθείας
2775 3180 2872 3232 καὶ
2910 3178 3197 3240 εὐσεϐείας
3225 3180 3612 3249 νεανιεύματα.
3664 3179 4066 3246 ’Δπηναισχύνο

792 3277 1002 3331 notavit
1047 3297 1059 3330 :
1096 3277 1434 3331 abominatio
1479 3277 1624 3330 enim
1669 3275 1942 3345 peccatori
1972 3284 2056 3328 est
2087 3274 2284 3343 pietas,
2323 3283 2377 3327 et

790 3380 1016 3425 sanctus
1031 3371 1280 3439 impurus
1297 3380 1379 3425 est
1394 3369 1533 3439 apud
1549 3368 1860 3424 sceleratos.
1879 3365 1997 3420 Jaut
2013 3382 2141 3420 vero
2158 3366 2374 3436 qualem

791 3464 844 3514 in
882 3477 978 3517 eos
1012 3462 1355 3532 tyrannidem
1409 3462 1732 3519 exercuerit.
1762 3461 1889 3528 quis
1929 3475 2030 3529 pro
2061 3459 2281 3522 merito,
2317 3467 2374 3512 et

791 3563 915 3607 ante
945 3554 1076 3615 dixi,
1105 3567 1534 3606 commemorare
1570 3552 1781 3621 possit?
1811 3550 2024 3619 Quippe
2051 3550 2373 3603 conventio-

787 3660 886 3700 nes
910 3646 1030 3699 illas
1065 3654 1327 3715 pactaque
1350 3644 1552 3714 quibus
1585 3645 1770 3698 divino
1807 3659 1864 3698 se.
1892 3643 2102 3698 numini
2131 3642 2374 3697 obstrin-

788 3748 984 3791 xerant
1016 3740 1575 3798 rescittderecoaetos.
1608 3754 1670 3793 ac
1697 3739 1870 3793 sacris
1899 3738 2146 3792 vestibus
2178 3746 2372 3792 exutos

791 3831 1054 3885 luit-orum
1075 3832 1140 3885 ad
1167 3832 1374 3886 cultum
1411 3833 1518 3886 lata
1545 3831 1657 3900 lege
1681 3831 1924 3886 nefarius
1965 3831 2054 3885 ille
2073 3831 2369 3886 transtulit.

788 3925 921 3990 Qua:
953 3941 1080 3979 vero
1134 3926 1202 3979 ad
1255 3926 1519 3980 honorem
1557 3923 1652 3978 Dei
1711 3927 2008 3979 constituta
2059 3933 2217 3979 erant
2255 3939 2374 3978 mo-

786 4019 1054 4080 nasteria,
1081 4033 1143 4070 ea
1175 4018 1227 4071 in
1260 4017 1496 4072 militum
1526 4017 1828 4073 diversoria
1869 4028 1924 4072 et
1959 4035 2224 4086 equorum
2258 4027 2371 4073 sta-

787 4110 915 4162 bula
948 4121 998 4163 et
1036 4110 1262 4163 latrinas
1294 4118 1607 4176 stercoreus
1645 4119 1701 4164 et
1736 4125 1764 4164 a
1807 4117 2053 4166 stercore
2086 4111 2370 4181 engnomi-

784 4214 951 4256 natus
1000 4203 1289 4256 convertit.
1331 4199 1572 4257 Tandem
1631 4219 1755 4258 cum
1804 4203 2074 4258 scelerum
2138 4219 2365 4257 suorum

784 4301 837 4344 et
867 4292 1220 4345 exsecrabilis
1247 4295 1369 4346 vitae
1397 4293 1692 4347 terminum
1729 4293 2022 4363 attigisset,
2073 4303 2363 4348 acutarum

785 4383 1020 4437 febrium
1049 4386 1334 4440 ardoribus
1347 4395 1670 4444 exaestuans.
1691 4402 1745 4456 gr
1759 4390 1949 4441 hennzr
1963 4388 2234 4455 ﬂammas,
2249 4404 2369 4458 qua:

784 4492 843 4532 se
868 4488 990 4546 post
1032 4478 1198 4531 vitam
1235 4491 1544 4548 exrepturz
1600 4489 1776 4545 erant,
1834 4481 2010 4536 oculis
2044 4481 2366 4549 usurpabat.

2482 3289 2616 3342 τησε
2673 3275 2781 3342 γὰρ
2827 3273 2968 3325 κατὰ
2996 3289 3054 3324 τε
3096 3272 3188 3325 τοῦ
3226 3271 3362 3324 Θεοῦ
3408 3275 3600 3342 μανεὶς
3639 3272 3733 3324 καὶ
3777 3270 3918 3323 κατὰ
3947 3271 4067 3322 τῶν

2480 3366 2642 3435 ιερῶν
2682 3365 2894 3433 ἀνδρῶν
2929 3364 3040 3417 τῶν
3084 3363 3273 3432 ῶσπερ
3307 3365 3456 3434 αύτῷ
3486 3364 3854 3433 ἀναθημάτων
3882 3380 4064 3431 προσο

2475 3457 2743 3526 ηκόντων.
2783 3457 2895 3509 Καὶ
2925 3457 2985 3508 τὸ
3021 3456 3316 3522 ἁγγελικὸν
3355 3456 3419 3526 δὴ
3451 3455 3612 3509 τοῦτο
3641 3458 3738 3508 καὶ
3765 3457 4065 3508 ἀποστολι-

2479 3549 2574 3602 κὸν
2611 3549 2710 3601 τοῦ
2746 3547 3042 3619 μοναχικοῦ
3069 3547 3186 3616 βίου
3221 3548 3406 3618 σχῆμα
3439 3547 3858 3618 βδελυττόμενος
3881 3548 3908 3598 ό
3940 3547 4066 3598 θεο-

2478 3644 2648 3712 μισής
2699 3659 2760 3695 τε
2809 3643 2904 3695 καὶ
2948 3641 3198 3711 βέϐηλος,
3230 3644 3520 3712 ἐπώνυμον
3567 3643 3669 3711 τῆς
3717 3641 4063 3703 θεοσεϐείας,

2473 3738 2535 3790 τὸ
2563 3736 2976 3806 ἀμνημόνευτον
2997 3736 3180 3796 αὐτοῖς
3206 3735 3518 3804 ἐπέγραψεν
3542 3735 3734 3804 ὄνομα.
3769 3735 4064 3803 Βδέλυγμα

2475 3829 2583 3897 γὰρ
2631 3827 2974 3896 ἁμαρτωλῶν
3017 3826 3319 3889 θεοσέϐεεα,
3370 3829 3460 3879 καὶ
3502 3830 3529 3880 ό
3557 3829 3702 3890 ὅσιος
3740 3828 4065 3898 ἀκάθαρτος

2475 3921 2630 3990 παρὰ
2681 3919 3037 3988 κακούργοις.
3079 3915 3182 3970 Οἷα
3231 3919 3287 3970 δὲ
3325 3920 3460 3990 πρὸς
3513 3920 3712 3980 αὐτοὺς
3759 3922 4062 3989 τυραννίδα

2472 4012 2645 4065 ἐπιὼν
2673 4011 2701 4062 ό
2753 4010 3018 4080 τύραννος
3049 4011 3267 4079 ἔδρασε,
3294 4011 3376 4074 τίς
3427 4011 3513 4075 ἄν,
3563 4012 3638 4073 ὡς
3682 4012 3837 4082 ἔφην,
3886 4013 4062 4078 ἀξίως

2471 4102 2835 4173 διηγήσεται;
2873 4103 2983 4164 Τάς
3021 4118 3078 4154 τε
3115 4104 3224 4171 γὰρ
3265 4103 3416 4171 παρὰ
3461 4103 3582 4171 Θεῷ
3629 4103 4062 4171 ἐπηγγελμένας

2474 4196 2655 4258 αὐτοῖς
2686 4194 2978 4265 ὁμολογίας
3010 4195 3182 4265 (1138⁸)
3205 4198 3300 4247 καὶ
3332 4198 3602 4262 συνθήκας
3632 4197 3845 4248 ἀθετεῖν
3871 4196 4064 4248 ἐκϐια-

2474 4289 2723 4359 ζόμενος.
2761 4289 2854 4342 καὶ
2896 4288 2958 4341 τὸ
2996 4288 3143 4357 ἱερὸν
3175 4289 3360 4357 σχῆμα
3391 4289 3806 4359 ἀπορρίψαντας
3852 4289 3911 4340 τὸ
3945 4291 4062 4341 τῶν

2473 4380 2677 4433 λαῖκῶν
2705 4385 2732 4429 δ
2763 4381 3084 4450 παράνομος
3118 4380 3483 4450 ἐνομοθέτησε
3521 4380 4062 4448 μεταμφιέννυσθαι.

2473 4476 2555 4528 Τὰ
2599 4474 2658 4528 δὲ
2712 4477 2796 4537 εἰς
2843 4474 3003 4538 δόξαν
3055 4474 3149 4528 τοῦ
3201 4474 3337 4527 Θεοῦ
3397 4474 3657 4544 ἱδρυμένα
3717 4475 4062 4544 μοναστήρια

781 4583 848 4624 ac
906 4571 1184 4640 pervigilis
1235 4571 1382 4624 illius
1423 4572 1625 4626 vermis
1674 4587 1895 4627 morsus
1952 4575 2364 4642 quodammodo

2473 4569 2827 4639 στρατιωτῶν
2873 4570 3162 4640 οἰκητήρια
3191 4571 3285 4621 καὶ
3320 4570 3654 4622 ίπποστάσια
3693 4567 3789 4620 καὶ
3833 4570 4061 4635 κοπρῶο

781 4664 1072 4726 sentiebat,
1112 4665 1166 4716 in
1206 4664 1509 4718 horrendos
1537 4665 1757 4719 assidue
1796 4665 2064 4719 clamores
2096 4681 2162 4720 ac
2194 4665 2361 4720 vehe-

780 4765 996 4811 mentes
1023 4771 1336 4825 erumpens,
1369 4773 1489 4827 qua:
1516 4768 1670 4812 erant
1697 4757 1956 4827 gehennae
1976 4759 2222 4827 qua-dam
2255 4758 2359 4812 ini-

789 4848 891 4902 tia.
914 4848 1015 4903 Tot
1044 4849 1206 4918 igitur
1229 4851 1506 4919 tantisque
1525 4850 1734 4904 deliciis
1752 4850 2134 4918 arquiescens.
2158 4851 2361 4919 quibus

781 4937 1181 4995 Diocletianum
1218 4952 1268 4995 et
1285 4941 1670 4995 Maximiauunt
1693 4942 1821 4996 olim
1852 4943 2178 4997 immurtuos
2203 4959 2358 4998 acceo

779 5034 983 5100 pimus,
1030 5044 1195 5100 atque
1255 5034 1358 5088 huc
1398 5034 1560 5087 modo
1607 5033 1749 5087 tnale
1785 5035 2004 5102 perieus
2057 5036 2238 5089 malus
2269 5035 2356 5088 ille

777 5125 1213 5192 turpissimaque
1243 5126 1789 5195 sceleratissitnatque
1826 5126 1948 5180 vita:
1976 5125 2137 5179 linem
2165 5140 2354 5180 conse-

775 5222 938 5267 cutus
967 5225 1069 5277 est,
1094 5215 1258 5269 homo
1284 5216 1483 5270 Christi
1513 5225 1940 5285 sanctorumque
1970 5214 2094 5283 ejus
2111 5218 2354 5270 omnium

779 5308 1036 5365 inimicus
1068 5321 1232 5380 atque
1267 5311 1438 5366 hostis
1469 5310 1896 5366 inlensissitnus.
1929 5328 1948 5360 ε

2471 4681 2568 4725 νας
2598 4665 2628 4716 ό
2663 4663 2964 4732 κοπρόνους
3016 4664 3111 4715 καὶ
3143 4664 3503 4732 κοπρώνυμος
3561 4663 3881 4731 πεποίηκεν.
3915 4660 4061 4714 εἶτα

2471 4757 2610 4826 πρὸς
2636 4756 2711 4824 τῷ
2745 4754 2887 4807 τέλει
2915 4755 3022 4807 τῶν
3059 4754 3245 4808 κακῶν
3279 4754 3373 4807 καὶ
3405 4753 3498 4806 τοῦ
3533 4753 3857 4822 θεοστυγοῦς
3883 4755 4063 4807 αὐτοῦ

2468 4848 2588 4919 βίου
2627 4847 2947 4917 γενόμενος,
2998 4851 3091 4902 καὶ
3125 4847 3380 4915 πυρετῶν
3430 4846 3654 4915 ὀξύτητι
3689 4847 3784 4899 καὶ
3837 4845 4058 4913 φλογώ-

2469 4959 2586 4994 σεσι
2643 4941 3221 5012 καταπιμπραμενος.
3289 4942 3392 5008 τῆς
3457 4939 3817 5009 ἐκδεξομένης
3883 4941 4057 4992 αὐτὸν

2466 5035 2694 5103 γεέννης
2759 5033 3043 5104 προδήλως
3100 5031 3195 5102 τὴν
3245 5032 3420 5102 φλόγα
3477 5032 3860 5102 προθεώμενος
3913 5050 4058 5086 κατ-

2466 5126 2775 5196 ωπτρίξετο
2798 5128 2893 5178 καὶ
2912 5126 3008 5179 τοῦ
3036 5126 3338 5196 ἀκοιμήτου
3366 5124 3650 5194 σκώληκος
3672 5125 3740 5176 τὰ
3764 5123 4056 5193 δήγματα,

2471 5220 2725 5272 σύντονόν
2762 5237 2818 5272 τε
2855 5219 2949 5272 καὶ
2985 5221 3353 5289 γεγωνότερον
3383 5218 3592 5271 ἐκϐοῶν
3626 5218 4055 5287 ἐνδελεχέστατα

2466 5311 2564 5382 τῆς
2597 5311 2823 5380 γεέννης
2855 5310 3029 5365 ταῦτα
3063 5312 3130 5363 τὰ
3165 5309 3436 5379 προαύλια
3466 5312 3559 5362 καὶ
3587 5309 3872 5378 προοίμια.
3899 5309 4052 5360 Ta-J-

777 5419 903 5466 ταις
935 5400 1029 5457 οὖν
1069 5406 1162 5457 καὶ
1191 5403 1488 5466 τοσαύταις
1555 5402 1879 5464 εὐπαθείαις
1931 5401 2468 5472 ἐπαναπαυσάμενος
2496 5442 2511 5466 ,
2543 5400 2634 5469 ὑφ’
2661 5395 2737 5454 ὧν
2769 5401 2834 5472 δὴ
2873 5403 2969 5454 καὶ
3040 5401 3426 5469 Διοκλητιανόν
3488 5417 3546 5452 τε
3575 5403 3668 5453 καὶ
3697 5400 4054 5468 Μαξιμιανδν

777 5497 1233 5561 ωντελεσθέντας
1288 5495 1754 5568 άκούομεν,οῦτω
1805 5495 1992 5556 κακῶς
2058 5495 2155 5549 καὶ
2189 5495 2392 5559 ἀθλίως
2465 5493 2841 5565 ἀπολλύμενος
2903 5494 3273 5563 καταστρίυει
3341 5493 3430 5546 τὸν
3487 5492 3767 5562 αἴσχιστόν
3827 5509 3887 5544 τε
3953 5498 4052 5544 καὶ

1975 5613 2174 5676 \‘aritn
2219 5611 2534 5676 lectiones
2575 5617 2637 5674 et
2679 5621 2871 5675 notat.

849 5749 890 5781 ἰ
925 5745 1217 5817 sesama»
1255 5745 1299 5797 δ’
1336 5745 1632 5817 ἐξορύξας,
1671 5746 1874 5801 omisso
1901 5743 1988 5798 καί
2014 5756 2133 5815 post
2161 5742 2384 5813 ἱκχύσει

2483 5744 2524 5777 ’⁵
2559 5742 2938 5814 ἰμϐρόντιστοι
2993 5743 3168 5809 vulgo.

777 5821 956 5889 μδνιιιν
979 5818 1001 5869 ?

3255 5742 3293 5772 ”
3326 5737 3521 5808 αὑτῷῬ
3602 5739 3640 5770 ⁸⁷
3676 5736 3782 5794 τῶν
3831 5740 4044 5810 ἀνῃρη-
