4254 6444
225 443 328 503 973

1383 436 1840 501 CHRONlCON.
1883 462 1930 471 ὀ
1991 438 2134 498 LIB.
2178 438 2274 496 ιν.

3332 440 3334 442 ’
3353 432 3458 495 975

294 556 370 622 (9)
417 555 742 624 Ἐρχομὲνου
774 555 827 608 δὲ
859 557 899 587 ³⁸
924 558 1089 609 αὐτοῦ
1122 557 1210 609 διὰ
1254 558 1346 609 τοῦ
1379 558 1662 618 σταλέντος
1697 556 1790 624 βα·
1822 556 1869 615 Α
1968 563 1974 597 ⁴

1775 585 1790 593 -
1822 556 1869 615 Α
1968 554 2102 606 Cum
2143 563 2323 605 autem
2364 553 2576 619 navigio
2617 558 2800 605 rectus
2830 551 2896 604 ab
2932 551 3256 619 imperatore
3290 553 3455 605 misso

218 647 429 698 σιλικοῦ
453 648 728 716 χελανδίου
757 650 816 700 ὲν
835 652 903 718 τῇ
931 650 1126 718 Πρώτῃ
1153 651 1303 718 νήσῳ
1329 650 1407 710 είς
1433 650 1492 700 τὸ
1519 649 1788 717 μοναστή-

218 753 336 797 ριον
382 738 566 799 αὐτοῦ,
619 739 647 789 ὅ
699 735 764 808 ἦν
803 741 964 802 αὐτὸς
1009 743 1448 804 κατασκευάσας,
1510 740 1786 801 Λυκάονες

218 842 366 888 τινες
412 828 603 896 ἄνδρες
642 829 673 899 ἦ
731 831 930 897 μᾶλλον
981 832 1154 884 εἰπεῖν
1214 832 1595 901 λυκάνθρωποι
1625 834 1787 883 ἐκτυ-

218 919 446 986 φλοῦσιν
471 920 630 972 αὐτὸν
665 921 817 990 παρὰ
859 923 1084 990 γνώμην
1112 923 1206 975 τοῦ
1257 923 1517 993 βασιλέως
1545 941 1558 954 ·
1582 924 1662 975 διὸ
1696 923 1789 974 καὶ

219 1010 365 1081 λύπῃ
401 1011 566 1081 πολλῇ
608 1013 889 1081 συσχεθεὶς
929 1015 976 1084 (ὁ
1009 1014 1347 1084 Νικηφόρος)
1375 1057 1388 1078 ,
1425 1018 1633 1078 πάντας
1669 1015 1790 1084 μεθ’

219 1101 402 1168 ὅρκων
430 1101 794 1172 ὲπληροφόρει
823 1105 1061 1158 ἀναίτιον
1089 1103 1226 1157 εἶναι
1253 1107 1416 1158 αὐτὸν
1435 1106 1528 1160 τοῦ
1548 1106 1788 1158 τοιούτου

220 1190 531 1258 δράματος·
567 1196 868 1264 τεκμήριον
920 1195 978 1246 δὲ
1046 1195 1138 1248 ἐπὶ
1181 1197 1294 1258 τοῖς
1339 1197 1672 1266 λεγομένοις,
1707 1197 1788 1247 ὃτι

221 1281 474 1334 οὐδέποτε
505 1285 626 1336 τινὰ
650 1285 973 1354 Χριστιανὸν
999 1286 1248 1352 φαίνεται
1279 1287 1542 1355 φονεύσας
1565 1287 1597 1356 ἢ
1631 1288 1791 1354 μέλος

223 1371 387 1422 αὐτοῦ
441 1374 788 1426 παντάπασιν
841 1375 1287 1446 ἀκρωτηριάσας,
1331 1376 1559 1447 εὐσεϐὴς
1617 1378 1791 1446 ὑπάρ-

221 1477 332 1526 χων
353 1463 500 1528 ’ἄγαν
532 1465 623 1515 καὶ
655 1469 1090 1536 χριστιανὸφιλος
1124 1472 1283 1523 πάνυ.

295 1553 340 1582 ³⁸
374 1554 484 1622 (Nl)
523 1556 642 1624 Ἐφ’
662 1553 723 1612 οὗ
743 1559 785 1590 ³³
803 1561 859 1612 ἐν
875 1561 949 1630 τῷ
969 1560 1015 1628 γ’
1041 1561 1149 1616 ἔτει
1195 1564 1293 1632 τῆς
1317 1561 1482 1614 αὐτοῦ
1515 1562 1791 1631 βασιλείας

224 1645 249 1694 6
285 1645 390 1696 τῶν
455 1647 793 1721 Σαρακηνῶν
859 1653 1134 1725 φύλαρχος
1201 1654 1534 1725 παρεγένετο
1595 1655 1653 1705 έν
1713 1651 1792 1721 τῷ

237 1734 474 1807 ’Λμορίῳ
510 1741 644 1808 μετὰ
678 1742 963 1812 δυνάμεως
995 1747 1216 1814 πολλῆς.

293 1826 339 1858 ³³
369 1830 477 1898 (Η)
526 1831 742 1900 Ἐξῆλθε
776 1835 831 1888 δὲ
883 1835 977 1888 καὶ
1021 1836 1063 1866 ³⁸
1108 1835 1418 1904 Νικηφόρος
1462 1837 1507 1869 ³⁸
1547 1836 1706 1906 (πρὸς
1733 1837 1791 1888 τὸ

227 1921 551 1990 Δορύλαιον)
603 1923 851 1992 δηλώσας
903 1925 981 1994 τῷ
1043 1926 1523 1997 πρωτοσυμὸούλῳ
1572 1926 1744 1980 ταῦτα
1775 1941 1790 1956 ο

227 2030 246 2061 ι
289 2012 410 2065 ἰνα
443 2014 494 2065 τί
521 2017 823 2084 ἐπιχαίρεις
856 2021 974 2081 ταῖς
1012 2019 1244 2081 ἀδικίαις
1266 2021 1358 2074 καὶ
1385 2022 1500 2074 ταῖς
1529 2021 1796 2087 αἱματεκ-

225 2105 460 2170 χυσίαις,
506 2106 578 2174 μὴ
612 2107 949 2177 ἀρκούμενος
987 2113 1065 2174 είς
1096 2111 1164 2164 τὰ
1188 2112 1315 2178 ίδια,
1361 2112 1496 2165 ἀλλά
1522 2113 1795 2184 παραϐαί-

227 2211 340 2256 νεις
361 2196 518 2263 ὅρους
535 2198 654 2230 ³⁷·³⁹
687 2200 773 2268 (17
791 2204 802 2252 l
817 2201 866 2268 δ)
897 2202 1158 2271 ἀρχαίους
1177 2202 1270 2254 καὶ
1287 2203 1599 2273 πατρῴους;
1639 2205 1795 2266 Ποῖος

227 2288 348 2354 γάρ
380 2303 438 2340 σε
461 2289 502 2320 ⁸ο
526 2292 811 2359 προφήτης
836 2292 976 2353 θεῖος
1005 2292 1176 2346 ταῦτα
1213 2297 1386 2348 ποιεῖν
1402 2296 1606 2360 ἐδίδαξε
1627 2313 1642 2362 ;
1662 2296 1796 2366 Οὐχὶ

225 2379 546 2448 Μουχούμετ
576 2384 603 2432 6
630 2385 908 2453 προφήτης
932 2383 1070 2459 [σου]
1120 2387 1457 2457 παρήγγειλε
1476 2389 1638 2459 675
1663 2391 1794 2459 Xpt-

225 2471 440 2523 στιανὸν
483 2472 557 2534 ὡς
585 2472 810 2539 ἀδελφὸν
852 2474 893 2504 ⁸⁸
929 2476 1071 2544 ἔχειν
1119 2479 1210 2528 καὶ
1255 2478 1469 2544 λέγειν;
1515 2479 1605 2547 Μὴ
1632 2482 1738 2547 γὰρ
1769 2481 1796 2531 6

223 2562 442 2614 πάντων
469 2563 796 2633 δημιουργὸς
810 2566 939 2629 Θεὸς
975 2567 1019 2598 δ’
1043 2571 1135 2618 καὶ
1155 2567 1455 2637 προνοητὴς
1471 2570 1796 2638 ἀμφοτέρων

223 2651 451 2721 αίμασιν
468 2653 766 2724 ἀνθρώπων
792 2657 991 2721 ἀδίκως
1026 2659 1411 2728 ὲκχυνομόνοις
1449 2662 1663 2729 χαίρεις
1703 2661 1792 2729 Μὴ

222 2742 433 2810 γένοιτο
461 2745 473 2798 l
506 2746 573 2796 Ἦ
599 2746 647 2780 ⁸³
669 2747 935 2814 ἀργυρίου
970 2750 1062 2801 καὶ
1093 2751 1316 2818 χρυσίου
1349 2751 1566 2803 καὶτῶν
1591 2751 1795 2802 λοιπῶν

220 2833 616 2902 ὐστερούμενος
647 2836 866 2904 ἐξῆλθες
913 2838 1170 2906 ἀδικῆσαι
1218 2841 1345 2902 τοὺς
1401 2841 1568 2909 μηδὲν
1601 2841 1793 2910 ἀδική-

223 2926 428 2986 σαντάς
470 2942 564 2985 σε;
604 2928 864 2994 Καίτοιγε
924 2930 992 2981 τὰ
1023 2931 1284 2984 κάλλιστα
1337 2934 1429 2984 καὶ
1464 2932 1795 3001 δυσπόριστα

221 3015 321 3066 καὶ
349 3016 479 3083 ἡμῖν
517 3016 562 3046 ⁸⁵
591 3017 869 3086 ὲπέραστα
903 3023 1227 3089 κατακόρως
1261 3022 1422 3091 ἔχεις.
1462 3023 1524 3076 Et
1568 3022 1623 3075 δέ
1651 3039 1794 3086 τινος

219 3103 334 3153 τῶν
363 3105 646 3172 ἡμετέρων
679 3105 874 3168 ὲνδεῶς
907 3108 953 3138 ⁸³
984 3109 1147 3179 ἔχεις,
1184 3111 1387 3164 αὐτίκα
1428 3128 1510 3163 σοι
1545 3110 1592 3142 ⁸⁸
1625 3113 1794 3182 παρέ-

1896 646 1950 698 in
1990 646 2183 698 Proteu
2217 644 2445 696 inSulam
2481 645 2796 711 appulisset,
2847 652 2900 695 et
2953 643 3016 696 ad
3066 645 3454 698 monasterium

1893 739 2032 802 quod
2084 737 2211 788 olim
2265 735 2582 788 condiderat
2615 736 2969 802 pervenisset,
3019 734 3300 804 Lycaones
3332 737 3456 803 qui-

1896 830 2016 881 dam
2074 830 2321 882 homines
2378 828 2459 882 vel
2511 829 2694 896 potius
2744 827 3107 896 lycantbmpi,
3141 828 3330 881 oculos
3384 826 3458 880 illi

1895 929 2120 983 eruunt,
2153 920 2326 972 inscio
2383 919 2728 989 imperatore.
2797 918 2918 970 Ideo
2977 931 3175 986 magno
3233 917 3458 971 affectus

1894 1011 2081 1065 dolore
2113 1010 2448 1078 Nicepliorus
2494 1008 2855 1080 jurejurando
2881 1008 3138 1062 omnibus
3173 1008 3460 1062 allirmarit

1894 1118 1953 1156 se
1988 1104 2148 1170 hujus
2194 1103 2451 1156 facinoris
2501 1102 2844 1155 innocentem
2888 1115 3026 1154 esse.
3069 1101 3244 1170 l‘lujus
3275 1113 3456 1153 autem

1894 1191 2218 1244 assertionis
2268 1192 2466 1244 veritas
2513 1205 2576 1242 ex
2623 1205 2687 1243 eo
2731 1189 3023 1242 innotescit
3070 1190 3211 1256 quod
3249 1190 3459 1242 nullum

1896 1298 2136 1350 unquam
2174 1282 2440 1336 occidisse
2468 1281 2840 1334 Christianum
2871 1282 3048 1336 dictus
3091 1281 3184 1344 sit,
3232 1296 3329 1335 nec
3361 1297 3458 1334 ex-

1895 1383 2066 1428 trema
2125 1375 2461 1442 praecidisse,
2545 1383 2728 1441 utpote
2809 1374 3178 1442 maximopere
3231 1373 3352 1442 pius
3408 1384 3460 1427 et

1892 1461 2323 1516 Christianorum
2361 1463 2588 1516 amicus.

1968 1553 2120 1608 Anno
2150 1553 2268 1622 ejus
2300 1555 2448 1622 regni
2477 1554 2635 1608 tertio
2654 1554 3049 1609 Saracenorum
3073 1555 3178 1609 dux
3209 1557 3263 1608 in
3295 1573 3457 1610 manu

1895 1643 2069 1697 valida
2104 1653 2292 1698 contra
2319 1645 2602 1698 Amorium
2631 1645 2798 1698 venit.

1967 1832 2132 1887 Movit
2178 1842 2231 1887 et
2275 1835 2388 1904 ipse
2439 1833 2774 1902 Nicepliorus
2821 1841 3008 1887 contra
3047 1833 3350 1904 Dorylasum
3407 1844 3460 1889 et

1897 1926 2299 1996 protosymbolo
2332 1927 2383 1979 in
2417 1927 2560 1980 hunc
2591 1927 2813 1980 modum
2855 1926 3072 1994 scripsit
3106 1943 3118 1978 :
3159 1925 3460 1990 «Quorsum

1898 2019 2161 2088 injustitia
2197 2027 2251 2074 et
2281 2019 2520 2073 caedibus
2555 2019 2780 2088 gaudes,
2839 2035 2944 2071 non
2993 2028 3283 2072 contentus
3329 2020 3459 2081 tuis,

1897 2107 2142 2175 ﬁnesque
2191 2114 2401 2160 veteres
2471 2115 2527 2161 et
2593 2116 2850 2175 paternos
2913 2106 3133 2161 transis.
3197 2106 3458 2172 Quisnam

1895 2197 2114 2270 divinus
2139 2207 2286 2252 vates
2337 2197 2452 2252 haec
2481 2206 2534 2252 te
2560 2213 2718 2268 agere
2745 2196 2952 2266 jussit?
3011 2197 3198 2252 Nonne
3237 2188 3464 2252 Muebu-

1897 2296 2007 2341 met
2050 2296 2179 2341 tuus
2229 2296 2381 2342 vates
2427 2302 2641 2342 omnem
2679 2287 3050 2342 Christianum
3089 2296 3141 2341 te
3172 2304 3268 2357 pro
3299 2288 3465 2342 fratre

1897 2377 2098 2432 habere
2126 2387 2288 2445 atque
2312 2391 2610 2446 agnoscere
2655 2377 2853 2446 jubet?
2891 2378 2972 2431 An
3003 2378 3248 2432 omnium
3283 2380 3463 2448 Opim

1900 2465 2042 2520 Deus
2086 2477 2138 2521 et
2191 2475 2548 2537 utrorumque
2602 2482 2788 2522 curam
2826 2483 3038 2538 gerens,
3079 2470 3344 2538 sanguine
3371 2471 3467 2524 bo-

1900 2559 2104 2612 minum
2148 2559 2344 2628 injuste
2401 2559 2526 2615 fuso
2581 2560 2883 2615 deleCtatur
2916 2559 2938 2612 l
2975 2560 3169 2615 Absit!
3230 2562 3311 2614 An
3345 2561 3466 2616 ideo

1897 2649 2075 2704 exiisti
2111 2650 2272 2704 domo
2318 2651 2514 2719 injuria
2553 2650 2848 2706 aﬂ'ecturus
2895 2665 2991 2705 eos
3017 2666 3046 2705 a
3077 2653 3278 2721 quibus
3306 2654 3466 2710 laesus

1897 2754 2006 2793 non
2035 2755 2118 2805 es,
2146 2740 2272 2808 quia
2318 2755 2475 2803 auro,
2508 2749 2730 2810 argento
2768 2739 2956 2795 aliisve
2991 2740 3150 2795 rebus
3181 2741 3468 2814 indigeas?

1896 2831 2061 2899 Atqui
2095 2833 2488 2899 pretiosissima
2534 2847 2764 2900 quaeque
2793 2842 2850 2886 et
2881 2832 3039 2887 nobis
3086 2834 3267 2900 magni
3320 2837 3467 2890 msti-

1899 2931 2043 2975 mata
2078 2931 2386 2990 paratuque
2433 2921 2674 2976 difﬁcilia
2706 2921 2922 2975 abunde
2974 2923 3240 2990 possides.
3307 2923 3465 2990 Quod

1899 3012 1944 3067 si
1972 3025 2079 3081 qua
2113 3027 2172 3065 re
2201 3023 2385 3065 nostra
2435 3027 2572 3080 opus
2608 3013 2799 3077 babes,
2839 3016 3024 3067 statim
3062 3029 3162 3069 nos
3210 3031 3329 3069 eam
3367 3017 3463 3069 tibi

1897 3109 2149 3155 amanter
2206 3102 2593 3170 praebebimus.
2661 3101 2779 3157 Non
2841 3118 2970 3173 ergo
3018 3106 3242 3173 perinde
3297 3120 3359 3160 ac
3419 3107 3466 3161 si

223 3195 390 3263 ξομεν
419 3197 459 3226 ιτ
493 3196 795 3264 φιλοξενίας
821 3201 865 3246 ιβ
896 3202 1105 3270 τρόπῳ.
1147 3203 1237 3271 Μὴ
1276 3203 1456 3254 τοίνυν
1486 3204 1562 3266 ὼς
1591 3204 1791 3258 ἁθάνα-
1821 3217 1866 3279 c
1900 3193 1903 3245 Ξ

1784 3236 1791 3245 .
1821 3217 1866 3279 C
1900 3193 2234 3247 immortales
2261 3207 2506 3248 essemus
2534 3193 2776 3263 nullique
2815 3194 2924 3249 Deo
2964 3195 3167 3250 subditi
3192 3197 3330 3251 inter
3363 3214 3464 3254 nos

219 3303 307 3339 τοι
348 3290 440 3341 καὶ
484 3290 633 3344 ἄθεοι
681 3292 801 3343 κατ’
854 3292 1100 3362 ἀλλήλων
1138 3293 1302 3363 (ἀντι)
1340 3296 1785 3366 στρατευώμεθα,

220 3379 319 3431 καὶ
352 3379 442 3430 τὸν
489 3381 554 3431 ὲκ
586 3381 858 3450 δαιμόνων
907 3382 953 3414 ⁸⁸
1001 3383 1239 3453 πόλεμον
1287 3387 1351 3437 ὲκ
1381 3385 1578 3454 φθόνου
1612 3387 1794 3456 μιμώ-

223 3469 367 3537 μεθα
393 3487 408 3502 ο
450 3473 684 3539 γίνωσκε
714 3474 759 3505 ⁸⁸
791 3475 872 3527 ὅτι
905 3475 1102 3544 μικρὸν
1136 3475 1363 3546 ὓστερον
1393 3478 1792 3548 τελευτήσομεν

221 3563 321 3614 καὶ
353 3565 488 3632 πρὸς
524 3565 735 3633 Κριτὴν
757 3564 1056 3618 ἀδέκαστον
1087 3566 1519 3635 ἀπελευσόμεθα,
1564 3569 1624 3630 ὃς
1655 3571 1792 3622 ἀπο-

218 3649 387 3703 δώσει
439 3653 654 3722 ἑκάστῳ
704 3655 847 3707 κατά
895 3657 964 3708 τὰ
1009 3655 1146 3724 ἔργα
1195 3658 1383 3712 αὑτοῦ.
1419 3676 1436 3709 ι
1485 3657 1671 3712 Ταῦτα
1698 3661 1791 3714 τοῦ

222 3740 491 3806 βασιλέως
527 3742 842 3813 Νικηφόρον
887 3745 1304 3811 ἀποστείλαντος
1348 3748 1391 3778 ⁸⁸
1427 3749 1566 3816 μετὰ
1603 3750 1794 3819 δώρων

219 3831 407 3893 τ;νῶν,
431 3833 460 3883 6
488 3835 689 3902 Ἄραψ,
722 3834 1046 3902 ἀγαθυνθεὶς
1078 3839 1168 3890 καὶ
1197 3839 1623 3904 ἀνταποστείλας
1646 3842 1794 3912 δῶρα

223 3922 456 3975 πλείστά
480 3941 536 3974 τε
557 3927 649 3976 καὶ
669 3924 960 3995 θαυμαστὰ
978 3929 1044 3991 ⁸²,
1072 3931 1191 3998 μετ’
1213 3931 1438 4001 είρήνης
1464 3930 1790 4001 ὑπέστρεψε,

219 4012 322 4080 τὴν
351 4014 665 4083 Νικηφόρου
701 4015 916 4068 σύνεσιν
940 4016 1377 4087 ὐπερθαυμάζων
1409 4019 1477 4071 ³⁸.

296 4100 344 4132 ⁸⁸
374 4103 485 4171 (ίῖ)
525 4104 636 4172 Τῆς
674 4104 730 4155 δὲ
769 4107 813 4137 "
850 4106 1084 4175 Εῑρήνης
1123 4109 1189 4174 τῇ
1227 4107 1415 4178 ἐξορίςι
1446 4110 1493 4141 ⁸⁸
1519 4110 1585 4163 ἐκ
1613 4110 1788 4181 λύπης

223 4195 321 4246 καὶ
355 4195 595 4262 ἀθυμίας
627 4194 1032 4264 τελευτησάσης
1064 4199 1122 4248 ὲν
1153 4197 1347 4266 Λέσϐῳ
1369 4201 1434 4268 τῇ
1466 4199 1634 4269 νήσῳ,
1657 4202 1790 4253 ὅπου

219 4282 289 4356 ἦν
322 4287 728 4357 φρουρουμένη,
767 4289 1098 4357 μετεκόμισε
1130 4288 1191 4340 τδ
1223 4290 1382 4358 σῶμα
1417 4291 1588 4359 αὐτῆς
1624 4294 1652 4343 6
1693 4292 1791 4362 βα-

223 4379 412 4440 σιλεύο
437 4382 494 4430 ὲν
520 4381 584 4446 τῇ
622 4382 756 4448 μονῇ
787 4381 885 4447 τῆς
925 4382 1270 4448 Πριγκήπου,
1307 4381 1376 4449 ἢν
1413 4382 1551 4452 αὐτὴ
1590 4383 1792 4452 ᾠκοδό-

224 4487 389 4537 μησε.
445 4469 657 4537 Σφόδρα
708 4469 818 4538 γάρ
871 4469 1100 4540 εὐσεϐὴς
1141 4471 1237 4523 καὶ
1297 4471 1586 4541 φιλάρετος
1633 4473 1787 4537 οὖσα,

1894 3285 2289 3354 depugnemus,
2349 3287 2617 3340 malorum
2645 3288 2951 3341 daemonum
3002 3287 3144 3343 bella
3198 3291 3463 3345 adversus

1896 3375 2150 3429 homines
2203 3375 2434 3441 imitati;
2488 3387 2762 3432 memento
2797 3392 2896 3434 nos
2931 3379 3097 3447 paulo
3129 3392 3250 3450 post
3297 3385 3468 3438 mori-

1896 3475 2046 3519 turos
2076 3475 2129 3520 et
2159 3482 2344 3522 coram
2377 3467 2559 3536 judice
2614 3471 3009 3539 incorruptibili
3055 3474 3329 3531 sistendos
3367 3477 3462 3546 qui

1896 3556 2084 3611 reddet
2110 3557 2404 3626 unicuique
2427 3557 2726 3613 secundum
2757 3573 2921 3627 opera
2941 3576 3090 3616 sua.»
3128 3563 3221 3619 His
3243 3564 3460 3632 litteris,

1895 3648 2096 3716 quibus
2144 3659 2198 3702 et
2249 3647 2388 3702 dona
2443 3650 2688 3719 quaedam
2740 3660 2896 3705 erant
2931 3652 3161 3722 adjecta,
3216 3655 3460 3724 placatus

1898 3739 2072 3793 Arabs
2112 3741 2347 3808 plurima
2377 3750 2430 3794 et
2463 3741 2729 3794 mirabilia
2758 3758 2982 3797 munera
3025 3745 3265 3802 vicissim
3298 3747 3464 3805 Nice-

1896 3827 2071 3898 phoro
2131 3831 2298 3893 misit.
2366 3833 2663 3886 admiratus
2724 3834 2843 3902 ejus
2903 3851 3166 3905 acumen,
3221 3851 3462 3911 et—pace

1897 3921 2034 3974 facta
2065 3922 2336 3978 discessit.

1968 4110 2121 4164 lrene
2169 4111 2374 4165 interea
2428 4112 2618 4166 exsule
2669 4115 2724 4166 in
2780 4114 2956 4170 insula
3006 4115 3201 4180 Lesbo,
3253 4120 3302 4172 in
3355 4137 3460 4190 qua

1896 4199 2327 4265 custodiebatur,
2376 4210 2615 4266 mortua,
2657 4215 2856 4270 corpus
2892 4205 3010 4272 ejus
3057 4206 3355 4274 imperator
3403 4211 3458 4264 in

1895 4292 2286 4345 monasterium
2323 4290 2590 4362 Principis
2625 4295 2808 4349 retulit
2838 4295 2906 4348 ab
2948 4297 3060 4363 ipsa
3113 4299 3459 4356 aediﬁcatum.

1895 4380 2028 4434 Nam
2082 4397 2181 4450 pro
2230 4381 2430 4453 insigni
2479 4384 2680 4452 pietate
2711 4400 2776 4438 ac
2805 4387 3000 4442 virtute
3043 4403 3140 4442 sua
3168 4393 3335 4446 multa
3366 4411 3463 4462 pro

1894 4473 2217 4542 recipiendis
2261 4473 2564 4543 peregrinis
2590 4484 2645 4528 et
2675 4473 2924 4529 fovendis
2953 4479 3178 4534 senibus
3212 4483 3481 4547 aedilicia;

222 4562 396 4612 πολλὰ
419 4560 724 4630 ξενοδοχεῖα
759 4561 853 4612 καὶ
910 4564 1247 4631 γηροκομεῖα
1291 4565 1386 4615 καὶ
1452 4565 1790 4634 μοναστήρια
1825 4563 1868 4618 D
1899 4582 1902 4613 :

1781 4582 1790 4616 t
1825 4563 1868 4618 D
1899 4577 2170 4616 annonam
2201 4577 2421 4631 quoque
2454 4564 2710 4619 leviorem
2740 4567 3020 4636 redegerat
3049 4569 3262 4639 aliaque
3296 4574 3461 4626 multa

221 4653 600 4706 κατεσκεύασε
663 4654 757 4704 καὶ
809 4653 990 4722 φόρων
1049 4653 1355 4722 κουφισμὸν
1407 4656 1451 4686 ⁵⁷
1510 4655 1604 4706 κα)⁵
1652 4655 1786 4708 ἄλλα

224 4745 452 4796 πλεῖστα
487 4744 885 4813 κατορθώματα
911 4745 977 4797 ⁸⁸.

1898 4655 2156 4724 praeclare
2191 4654 2330 4711 facta
2361 4655 2624 4710 ediderat.

1410 4882 1604 4944 Varias
1635 4882 1942 4946 lectiones
1984 4891 2043 4946 et
2087 4890 2274 4945 notae.

304 5059 342 5088 "
373 5056 509 5142 ’1ὀῦ⁹
547 5057 614 5136 6%.~
670 5056 1140 5142 παραγενομένου.
1177 5057 1236 5142 ἐν
1280 5059 1348 5142 τῇ

1408 5057 1476 5138 ΠΙ.
1556 5073 1603 5110 ν.
1670 5059 1807 5138 πρὸς
1886 5059 1986 5138 τῂν
2063 5060 2248 5138 po!th
2285 5060 2349 5138 ἢν

2422 5058 2582 5121 αὐτὸς
2661 5058 3036 5112 κατεσκεύασε
3129 5061 3456 5129 προάστειον

225 5126 396 5199 οὖσαν
437 5125 642 5199 αὐτοῦ,
713 5125 1068 5193 ὲκτυφλοῦται
1122 5127 1227 5178 ὑπὸ
1279 5125 1573 5199 Λυκαόνων
1625 5127 1787 5199 τινών
1841 5125 2034 5199 γνώμῃ
2065 5125 2193 5180 τού
2225 5129 2272 5198 β.
2308 5125 2397 5182 διὸ
2427 5129 2521 5181 ἐπὶ
2551 5131 2616 5198 τῇ
2671 5129 2897 5199 τοιαύτῃ
2953 5125 3241 5199 ὑποκρίσει
3295 5132 3455 5198 δῆθεν

225 5196 488 5265 λυπηθεὶς
520 5213 579 5246 π.
626 5215 684 5262 μ.
713 5199 760 5248 6.
793 5199 1240 5265 ὲπληροφόρησεν
1292 5199 1381 5249 ἀν.
1431 5197 1486 5249 ἁ.
1546 5197 1591 5249 ὲ.

1654 5196 1744 5248 νοῦ
1792 5184 1970 5264 τ.’δρ.’
2004 5184 2034 5248 δ
2069 5184 2338 5266 μηδέποτε
2382 5184 2691 5266 εὐορκήσας
2738 5184 3180 5262 (ἶθό.”55,12-ί7.
3259 5184 3454 5255 ³⁸έο6.

226 5270 272 5299 ³³
303 5265 502 5338 Τούτῳ*
541 5265 759 5338 τῴ-ἕᾉτει
793 5267 887 5338 (δξ)
920 5266 1128 5338 ’Λαρὼίν
1238 5265 1390 5338 λτῶν-
1426 5265 1674 5338 Ἀράβων
1709 5267 1946 5338 ἀρχηγὸς
2001 5265 2399 5338 ἐπεστράτευσε
2445 5265 2614 5330 κατά,
2651 5268 2957 5336 Ῥωμανίας
3003 5285 3061 5336 μ.
3106 5269 3361 5338 χιλιάδων
3389 5279 3455 5334 τ’,

224 5356 279 5392 κ.
303 5353 348 5408 τ,
380 5336 432 5386 λ.
466 5334 918 5408 Cetl.54,15719.
994 5333 1199 5408 'fCed.
1237 5333 1398 5408 34.19
1425 5334 1613 5408 55,l6.
1685 5333 1904 5408 "face.

1772 5333 1948 5408 STCed.
2030 5337 2074 5368 “
2108 5333 2262 5408 Ν.’ὲν
2281 5339 2587 5408 ἀπογνώσει
2608 5339 2676 5391 τά
2702 5333 2924 5408 γείνναῖα
2947 5333 3045 5404 τῆς
3080 5333 3452 5408 ταλαιπωρίας

225 5405 672 5475 ἐπιδεικνύμενος
696 5408 789 5457 καὶ
810 5405 873 5472 δὴ
903 5406 1243 5473 σκεψάμενος
1278 5405 1488 5472 πέμπει
1526 5407 1661 5474 πρὸς
1693 5407 1855 5458 αὐτὸν
1895 5407 2122 5475 εἰρήνην
2144 5407 2416 5471 γενέσθαι,
2442 5407 2490 5459 6.
2523 5407 2695 5470 οὕτως
2735 5407 2866 5460 Ced.

1007 5477 1047 5506 ⁸³
1079 5476 1154 5537 ὡς
1184 5476 1270 5528 ἀδ.
1326 5477 1372 5527 ὲ.
1429 5491 1479 5542 χ.
1539 5478 1714 5526 πάντα
1764 5475 1856 5528 καί
1898 5474 2026 5529 Ced.

426 5544 469 5575 “
504 5552 596 5596 καὶ
617 5548 671 5612 ἡ.
708 5545 754 5596 δ.
790 5546 883 5596 καὶ
913 5547 1001 5597 ἐπ.
1022 5544 1151 5599 Ced.
1186 5544 1484 5613 εὐπόριστα
1507 5545 1626 5598 cod.
1703 5545 1748 5576 "
1767 5545 1950 5612 ἐνδεὴς
1974 5544 2106 5600 siCe

426 5618 676 5682 στοργίας
708 5615 836 5668 Ced.
868 5615 996 5669 Leo.
1104 5615 1148 5645 δ’
1181 5615 1300 5666 κατ’
1357 5613 1662 5684 ἀνθρώπων
1717 5615 1848 5670 Ced.
1912 5613 2038 5668 Leo.

1769 5545 1950 5612 ἐνδεὴς
1974 5544 2168 5600 siCed.
2246 5546 2291 5578 “
2313 5565 2394 5598 σοι
2421 5563 2530 5601 om.
2561 5548 2691 5602 Ced.
2727 5546 2856 5601 Leo.
2933 5545 2979 5575 ⁸⁷
3002 5547 3286 5616 παρέξωμ.
3325 5544 3449 5601 cod.

1769 5617 1848 5670 ed.
1912 5613 2038 5668 Leo.
2137 5617 2182 5647 '°
2217 5616 2579 5682 γινώσκοντες
2623 5615 2753 5672 Ced.
2803 5615 2935 5670 Leo.
3035 5617 3078 5648 “
3111 5619 3290 5670 inter.
3319 5617 3449 5672 ϐοάς

225 5478 273 5508 ⁵ο
318 5491 400 5527 σοι
427 5503 497 5515 -
523 5474 607 5544 εῖρ

225 5548 326 5599 cod
335 5586 348 5600 .

224 5617 270 5646 δ’
295 5617 676 5682 φιλοστοργίας
708 5615 836 5668 Ced.
868 5615 996 5669 Leo.

228 5689 274 5718 "
303 5685 580 5752 θαυμάσια
615 5686 744 5738 (led.

613 5492 744 5542 ηκεν
779 5475 910 5528 Ced.

843 5685 887 5716 ⁵³
919 5685 1352 5757 ὑπερθαυμάσας
1389 5684 1744 5753 ζύπερθαυμά
1772 5686 1919 5757 cod.)

2947 5408 3063 5438 "°”
3085 5409 3280 5474 ὅρκους
3317 5412 3448 5465 (Sed.

2135 5477 2180 5510 δ’
2216 5494 2274 5528 π.
2311 5477 2461 5538 Θεὸς,
2497 5480 2524 5529 6
2559 5478 2606 5530 6.
2643 5477 2734 5530 καί
2763 5476 2896 5530 Ced.
2938 5545 2943 5546 ί
2974 5545 2977 5546 ν
3005 5475 3048 5507 ⁸³
3089 5479 3148 5529 Εί
3183 5479 3451 5546 ἀργυρίου

2137 5617 2182 5647 ⁵⁸
2217 5616 2579 5682 γινώσκοντες
2623 5615 2753 5672 Ced.
2803 5615 2935 5670 Leo.
3035 5615 3290 5670 πεπιστ.
3319 5617 3456 5672 Ced-

2025 5686 2070 5716 “
2095 5685 2222 5756 803.
2300 5687 2345 5718 ”
2377 5688 2456 5755 Τῇ
2486 5687 2543 5739 δὲ
2577 5687 2618 5738 θ’
2659 5687 2750 5738 τοῦ
2794 5684 3103 5756 Αὐγούστου
3137 5686 3306 5756 μηνὸς
3339 5690 3450 5752 (του

225 5755 273 5839 ος
296 5759 468 5819 ἔτους)
504 5758 564 5805 ἐκ
592 5755 643 5838 λ.
815 5756 1250 5839 ἀπετελεύτησεν
1289 5757 1344 5806 ὲν
1371 5756 1436 5839 τῇ
1463 5757 1601 5839 αὐτῇ
1627 5757 1687 5808 Λ.
1728 5773 1784 5824 μ.
1821 5756 1879 5808 δὲ
1902 5754 1980 5807 ’τὸ
2007 5771 2057 5807 σ.
2083 5754 2215 5812 Ced.
2250 5754 2492 5822 51,941.
2571 5758 2616 5790 "
2650 5759 2749 5826 τὴν
2779 5756 2995 5824 ἐξορίαν
3023 5755 3131 5811 Leo
3161 5754 3218 5808 ιν
3247 5757 3314 5825 τῇ
3345 5757 3402 5824 ἐξ
3429 5758 3452 5811 τ

226 5829 270 5858 ⁸⁷
304 5811 638 5893 κουφξσμούς
674 5827 806 5880 Ced.
886 5825 930 5857 ⁵⁸
972 5811 1370 5895 κατωρθώσατο
1397 5811 1527 5879 Ced.
1575 5811 1585 5826 ⁸
