4254 6444
187 391 296 453 997

1367 382 1829 446 (ΖιΙιιΟΝωΟΝ.
1872 405 1939 417 -
1982 382 2124 439 LlB.
2168 382 2268 439 IV.

3355 377 3460 441 998

183 501 604 570 ταλαμϐάνεται
637 501 926 567 θεοστυγὲς
962 500 1160 567 δόγμα,
1187 499 1330 558 οὐδὲ.
1365 500 1492 549 ὅσον
1519 498 1598 559 εἰς
1633 496 1771 562 μνή-
1804 498 1847 550 Α

1804 498 1847 550 Α
1877 513 2187 581 quicunque
2243 510 2518 564 memoriae
2569 519 2921 571 succurrunt,
2957 511 3225 580 pessimos
3292 513 3463 564 scele-

187 610 304 659 ιιην
339 591 563 660 ἀφῖχθαι
597 591 706 642 τῶν
743 589 1000 658 πονηρῶν
1024 592 1117 641 καὶ
1153 587 1415 657 μυσαρὼν
1454 587 1774 653 συνταγμα-

183 705 326 748 των,
379 683 559 752 ἀλλ’ἢ
625 684 786 753 μόνον
822 685 963 736 κατά
1005 681 1106 750 τὴν
1169 681 1366 750 δούλην
1418 680 1623 748 ταύτην
1681 679 1775 730 καὶ

187 777 707 848 ἠνδραποδισμένην
732 778 827 826 καὶ
861 773 928 825 τά
957 773 1082 826 θεῖα
1108 773 1228 825 κατ’
1259 771 1509 836 ἐξουσίαν
1541 770 1772 833 παίζου-

185 885 317 932 σαν,
356 871 410 920 ὲν
516 868 575 917 τὸ
602 865 850 934 ἐμπαθὲς
877 866 972 917 καὶ
1012 864 1284 935 πρόσυλον
1319 863 1377 916 τὸ
1407 866 1450 896 ⁷³
1500 862 1632 931 περὶ
1670 863 1774 929 γῆν

186 977 323 1028 στρε
335 961 566 1028 φάμενον
592 961 683 1010 καὶ
719 956 1098 1024 ἰλυσπώμενον
1122 959 1308 1023 γήϊνον
1328 957 1423 1008 καὶ
1447 955 1775 1018 ἀλαζονικὸν

185 1054 289 1103 καὶ
314 1051 665 1119 ὑπερήφανον
720 1049 1051 1117 πρυτανεύει
1079 1049 1357 1118 φρόνημα,
1395 1047 1525 1100 ἔνθα
1560 1049 1621 1099 τὸ
1652 1047 1778 1115 φίλ·

190 1162 385 1206 αυτον,
411 1145 472 1196 τὸ
499 1142 762 1212 φίλαρχον
781 1144 846 1206 ⁷³,
877 1143 939 1194 τὸ
963 1143 1264 1211 φιλήδονον,
1324 1142 1384 1194 τὸ
1417 1139 1775 1208 φιλόδοξον⁷⁸,

189 1241 230 1306 ἡ
263 1241 483 1289 πάντων
547 1237 890 1304 καταθύμιος
938 1236 985 1267 ⁷⁸
1050 1235 1379 1297 ἀπόλαυσις,
1438 1234 1500 1285 τὸ
1557 1234 1779 1285 πάντων

191 1330 406 1383 ἐθέλειν
433 1330 624 1398 ἄρχειν
655 1330 753 1382 καὶ
790 1329 930 1398 μηδὲ
963 1328 1100 1398 πρδς
1127 1327 1298 1381 αὑτοῦ
1328 1327 1467 1379 Θεοῦ
1501 1327 1774 1397 ἄρχεσθαι

193 1425 294 1475 καὶ
328 1426 360 1492 ἡ
383 1425 481 1491 τῆς
513 1422 864 1492 ἀνθρωπίνης
894 1421 1050 1491 δόξης
1077 1422 1125 1453 ’⁸
1156 1421 1188 1491 ἢ
1238 1413 1439 1490 μᾶλλον
1486 1421 1662 1472 εἰπεῖν
1694 1422 1778 1472 αἰ-

193 1516 404 1584 σχύνης
437 1518 630 1585 κτῆσις
659 1516 754 1568 καὶ
777 1516 1129 1586 περιποίησις
1159 1531 1172 1545 ·
1205 1514 1418 1567 ἐνθεν”’⁷
1451 1516 1482 1584 ἠ
1511 1515 1656 1568 κατά
1683 1514 1778 1566 τοῦ

190 1607 334 1657 Θεοῦ
367 1608 460 1659 καὶ
499 1607 609 1658 τῶν
640 1606 812 1672 ἁγίων
882 1605 1037 1677 ὕϐρις
1107 1607 1202 1658 καὶ
1250 1608 1349 1677 τῆς
1397 1607 1726 1677 Ἐκκλησίας
1754 1608 1780 1658 ὁ

191 1694 436 1764 διωγμός
461 1712 476 1726 ο
511 1697 765 1749 ἐντεῦθεν
800 1697 1336 1767 κατακυριευόμενον
1395 1699 1426 1767 ἢ
1479 1697 1782 1768 τυραννού-

199 1803 366 1855 μενον
397 1788 456 1840 τὸ
487 1788 750 1857 ὑπήκοον,
784 1793 897 1852 τοῖς
923 1790 1151 1843 ἐκείνων
1195 1792 1241 1822 ⁷⁸
1286 1790 1518 1859 δόγμασι
1561 1791 1654 1842 καὶ
1695 1790 1782 1843 θε-

196 1879 410 1950 λήμασι
446 1881 782 1936 ὑποκύπτειν
816 1882 1156 1947 ἐκϐιάζεται,
1189 1877 1264 1935 ὧν
1294 1883 1482 1935 ἕνεκεν
1511 1883 1572 1934 τὸ
1609 1883 1783 1952 ἐμψυ-

196 1990 296 2040 χον
325 1975 688 2043 κεχάλκευται
721 1976 814 2027 καὶ
855 1976 1204 2044 έσχεδίασται
1234 1978 1276 2010 ⁷⁸
1305 1975 1491 2040 ὅπλον,
1528 1976 1772 2046 σχήματι

203 2065 309 2132 μὲν
335 2065 428 2117 τοῦ
458 2067 980 2135 σωματοφυλακτεῖν
1013 2068 1060 2098 ⁸ο
1088 2068 1473 2138 ἠθροισμένον,
1509 2069 1628 2130 ταῖς
1662 2069 1716 2120 δὲ
1737 2069 1780 2099 ⁶¹

199 2157 488 2226 ἀληθείαις
521 2157 616 2211 τοῦ
649 2162 942 2230 ἐκπορθεῖν
968 2159 1066 2228 τὴν
1125 2161 1460 2230 Ἐκκλησίαν
1496 2158 1783 2232 [Χριστοῦ]

201 2251 300 2301 καὶ
334 2248 542 2318 ληΐζειν
601 2252 1046 2320 ὲπινενοημένον,
1100 2254 1376 2322 προφάσει
1429 2253 1523 2305 τοῦ
1567 2270 1784 2322 συμπεο

205 2344 576 2412 ριγράφεσθαι
639 2345 738 2415 τὴν
803 2344 1043 2413 Χριστοῦ
1094 2345 1327 2413 θεότητα
1367 2348 1423 2397 ὲν
1485 2347 1550 2414 τῇ
1612 2346 1783 2398 εἰκόνι

203 2436 690 2506 παραληροῦντες·
950 2439 1026 2502 ὠς
1059 2441 1111 2491 εῖ
1159 2457 1242 2502 τις
1303 2440 1396 2491 καὶ
1437 2439 1498 2491 τὸ
1559 2439 1786 2508 ἡλιακὸν

203 2531 365 2582 τοῦτο
396 2530 461 2602 δὴ
515 2533 611 2584 καὶ
645 2533 690 2562 δ’
737 2533 1035 2595 δισκοειδὲς
1083 2533 1243 2601 σῶμα
1293 2534 1689 2602 γεγραμμένον
1729 2533 1786 2584 ἕν

202 2639 313 2673 τινι
341 2624 512 2692 τόπῳ,
547 2622 728 2686 καθὼς
757 2624 814 2676 ἐν
850 2642 994 2677 τισιν
1023 2625 1217 2692 ὁρᾶται
1272 2626 1618 2694 γιγνόμενον,
1653 2624 1789 2676 ὑπο-

201 2712 430 2775 δείξειεν
456 2715 522 2775 ⁸³,
551 2716 910 2783 ἐδογμάτισεν
938 2716 1003 2768 ἂν
1029 2719 1124 2767 καί
1145 2717 1244 2785 τὴν
1274 2717 1366 2768 τοῦ
1399 2717 1576 2783 φωτὸς
1599 2717 1789 2769 οὐσίαν

205 2807 303 2856 καὶ
337 2805 514 2874 αὐγὴν
556 2807 974 2874 συγγράφεσθαι
1027 2809 1122 2859 καί
1183 2808 1630 2877 περιγράφεσθαι
1660 2808 1706 2839 ⁸³
1750 2807 1784 2874 ἢ

207 2897 429 2959 πάντως
461 2899 525 2950 ἐκ
558 2897 653 2950 τοῦ
681 2898 835 2968 ἡλίου
855 2898 916 2952 τὸ
941 2899 1054 2966 φῶς
1083 2899 1490 2967 ἀποτέμνεσθαι
1515 2916 1528 2929 ·
1563 2900 1594 2969 ἢ
1628 2899 1790 2952 πάλιν

208 2991 409 3042 ἀκτῖνα
447 2989 601 3059 ἡλίου
634 2991 679 3021 ⁸⁸
724 2991 860 3060 πρὸς
905 2990 1120 3061 δένδρον
1165 2991 1615 3061 προσϐάλλουσαν
1669 2991 1790 3056 ίδοι,

204 3084 259 3134 εἰ
308 3082 612 3151 ἐκτμηθείη
652 3083 714 3134 τὸ
769 3083 986 3153 δένδρον
1031 3083 1099 3150 ⁸⁸,
1141 3084 1655 3154 συνεκκοπήσεσθαι
1695 3083 1792 3136 καὶ

1885 603 2270 671 stissimosque
2332 605 2582 673 populos,
2638 605 2741 658 nisi
2791 613 3005 658 tantum
3053 603 3194 672 apud
3248 614 3462 673 gentem

1884 693 2024 748 hanc
2059 696 2331 753 servilem.
2372 695 2659 761 dejectam,
2698 711 2760 750 ac
2819 695 2928 748 Deo
2974 704 3238 758 quantum
3291 704 3468 762 potest

1886 785 2221 849 irridenlem,
2249 785 2338 839 ubi
2376 785 2764 854 cupiditatibus
2817 782 3126 852 indulgens,
3154 784 3466 838 materialia

1885 889 2208 949 terrenaque
2238 889 2518 948 appetens,
2550 877 2699 932 humi
2730 886 2971 946 reptans,
2997 877 3376 946 superhusque
3413 885 3466 928 ct

1885 987 2148 1040 arrogans
2202 981 2394 1041 regnat
2455 971 2699 1039 spiritus,
2751 970 2845 1027 ubi
2901 985 3055 1022 amor
3116 969 3200 1023 sui
3269 967 3464 1037 ipsius,

1882 1077 2035 1115 amor
2093 1062 2489 1115 dominationis
2547 1064 2995 1128 voluptatumque
3043 1067 3097 1110 et
3151 1060 3464 1119 honorum,

1885 1155 1976 1208 ubi
2026 1154 2282 1207 omnibus
2326 1152 2612 1222 indulgent
2669 1151 3011 1218 libidinibus,
3057 1150 3316 1203 omnibus
3369 1164 3467 1201 vo-

1884 1247 2003 1300 lunt
2038 1248 2309 1314 imperare
2334 1260 2433 1299 nec
2465 1245 2566 1313 ipsi
2602 1244 2713 1297 Deo
2745 1244 3052 1312 subjacere,
3083 1248 3138 1296 et
3165 1243 3463 1294 humanam

1883 1338 2133 1406 gloriam,
2159 1353 2250 1391 seu
2280 1337 2462 1406 potius
2481 1336 2860 1406 ignominiam,
2885 1335 3165 1402 acquirere
3191 1333 3462 1386 nituntur.

1884 1432 2013 1486 Inde
2043 1432 2307 1486 adversus
2331 1430 2496 1484 Deum
2521 1440 2572 1484 et
2594 1439 2780 1484 sancta
2805 1427 3169 1491 contumeliae,
3194 1435 3246 1480 ct
3278 1424 3468 1478 Eccle-

1884 1525 1976 1578 siae
2027 1523 2334 1592 persecutio
2361 1540 2376 1586 ;
2406 1523 2528 1575 inde
2557 1524 2695 1575 victa
2743 1520 3157 1589 perdomitaque
3193 1517 3468 1581 voluntas,

1885 1617 2102 1670 illorum
2145 1614 2429 1682 subjacere
2456 1613 2671 1682 cogitur
2700 1613 3049 1680 dogmatibus
3079 1627 3144 1664 ac
3174 1610 3472 1664 voluntati-

1887 1706 2008 1770 bus,
2041 1714 2260 1772 propter
2290 1717 2412 1771 qum
2440 1702 2705 1757 terribilia
2744 1702 3148 1755 fabricaverunt
3181 1709 3237 1754 et
3274 1714 3474 1769 appro-

1887 1806 2214 1868 peraverunt
2261 1810 2433 1859 arma,
2485 1796 2539 1850 in
2578 1796 2760 1863 specie
2809 1793 3029 1864 quidem
3061 1809 3162 1864 pro
3219 1796 3470 1851 custodia

1887 1904 2176 1956 corporum
2229 1890 2475 1952 collecta,
2539 1903 2730 1941 revera
2792 1896 2972 1940 autem
3025 1897 3340 1954 comparata
3396 1887 3464 1939 ad

1883 1980 2206 2035 vastandam
2255 1980 2705 2049 spoliandamqne
2777 1977 3088 2040 ecclesiam,
3135 1977 3299 2031 stulte
3332 1992 3472 2045 pra:-

1885 2083 2132 2129 texentes
2150 2072 2350 2129 Christi
2374 2072 2710 2127 divinitatem
2733 2071 2784 2125 in
2805 2072 3042 2140 imagine
3064 2071 3466 2126 circumscribi.

1886 2167 2118 2223 Perinde
2136 2182 2196 2220 ac
2215 2167 2258 2220 si
2279 2167 2402 2236 quis
2430 2166 2607 2220 solare
2630 2165 2735 2219 hoc
2755 2174 2810 2218 et
2836 2165 2990 2219 disco
3007 2164 3183 2218 simile
3201 2179 3399 2233 corpus
3421 2166 3474 2217 in

1887 2261 2074 2329 aliqua
2096 2260 2218 2313 loco
2239 2258 2596 2327 descriptum,
2621 2257 2762 2312 sicut
2794 2257 2847 2310 in
2885 2256 3214 2326 quibusdam
3240 2257 3473 2323 videtur,

1889 2351 2248 2415 ostendendo,
2283 2351 2636 2405 contenderet
2654 2350 2789 2404 lucis
2812 2350 3108 2405 essentiam
3130 2365 3194 2403 ac
3216 2349 3476 2418 splendo-

1891 2463 2000 2501 rcm
2029 2444 2304 2500 conscribi
2329 2453 2382 2497 et
2409 2443 2814 2510 circumscribi,
2850 2435 3002 2497 aut'a
3026 2442 3142 2497 sole
3172 2441 3354 2496 lumen
3383 2442 3479 2495 ab-

1891 2539 2064 2601 scidi;
2120 2537 2389 2592 veladium
2420 2536 2554 2592 solis
2589 2537 2654 2590 ad
2690 2536 2941 2590 arborem
2971 2550 3356 2605 repercussum
3399 2536 3482 2590 vi-

1888 2629 2043 2695 dens,
2068 2630 2278 2683 succisa
2298 2628 2492 2682 arbore
2512 2626 2673 2680 simul
2691 2637 2747 2681 et
2763 2626 2976 2680 radium
3001 2626 3241 2680 conscidi
3257 2625 3476 2680 demen-

1893 2729 1972 2774 ter
1995 2721 2377 2774 arbitraretur.
2410 2717 2475 2771 Et
2504 2718 2584 2772 sic
2612 2727 2790 2771 tamen
2819 2717 2886 2771 de
2911 2717 3033 2785 igne
3059 2732 3122 2770 ac
3152 2718 3217 2771 de
3250 2718 3482 2787 quibus.-

1895 2816 2017 2867 dam
2043 2813 2165 2866 aliis
2180 2811 2575 2881 opinabuntur,
2595 2818 2656 2863 ut
2681 2810 2876 2862 merito
2893 2826 2921 2862 a
2942 2810 3128 2878 pueris
3152 2810 3483 2879 nugantibus

1895 2906 2195 2960 illudantur
2249 2915 2504 2973 tanquam
2564 2901 2990 2970 imprudentiora
3045 2901 3367 2955 sentientes.
3422 2900 3482 2955 Si

1894 2997 2039 3053 enim
2061 2997 2137 3052 ita
2165 2997 2233 3052 de
2264 2994 2503 3067 praafatis
2523 3009 2622 3048 nec
2647 2992 2784 3056 lleri,
2817 3007 2918 3047 nec
2947 2991 3148 3057 videri,
3187 3007 3289 3048 nec
3319 2994 3482 3046 etiam

1896 3091 2002 3146 dici
2055 3098 2252 3162 potest,
2293 3099 2499 3159 quanto
2540 3086 2714 3155 magis
2763 3083 3133 3139 de'ineﬂ'abili
3184 3084 3483 3155 divinaque

204 3174 311 3244 τὴν
338 3174 531 3226 ἀκτῖνα
563 3176 933 3244 παραφρόνως
976 3176 1258 3246 ἐνομίσθη.
1299 3178 1408 3230 Καὶ
1461 3175 1643 3245 μέντοι
1692 3175 1788 3226 καὶ
1821 3198 1864 3256 C

1821 3198 1864 3256 α
1900 3193 2095 3238 natura
2126 3192 2219 3238 aut
2263 3184 2331 3236 de
2360 3179 2713 3234 inenarrabili
2748 3178 3230 3248 inexplicabilique
3278 3177 3481 3233 Christi

207 3263 310 3316 ἐπὶ
341 3264 512 3333 πυρὸς
541 3265 636 3318 καὶ
668 3266 844 3318 ἄλλων
878 3267 1039 3318 τινῶν
1078 3266 1550 3337 διανοηθήσονται,
1590 3267 1676 3318 ἵνα
1707 3267 1791 3318 ὲν-

205 3357 377 3418 δίκιυς
405 3360 555 3427 παρα
585 3359 794 3411 παίδων
832 3358 1140 3422 παιζόντων
1191 3359 1615 3430 παιχθὴσωνται
1659 3376 1790 3426 φρο-

209 3448 432 3511 νοῦντες
465 3450 870 3520 ἀσυνετώτερα.
905 3452 965 3503 Εἰ
1023 3451 1132 3521 γὰρ
1173 3452 1267 3504 ἐπὶ
1318 3453 1429 3503 τῶν
1477 3451 1792 3521 εἰρημένων

207 3537 340 3590 οὔτε
375 3539 620 3605 γίνεσθαι
654 3539 779 3592 οὔτε
808 3540 1039 3610 ὁρᾶσθαι
1064 3541 1311 3606 πέφυκεν
1340 3541 1463 3593 οὕτε
1500 3540 1605 3611 μὴν
1632 3541 1790 3607 λέγε-

209 3632 340 3684 σθαι
371 3634 555 3701 χώραν
586 3633 695 3696 ἕξει
720 3633 788 3697 ⁸⁷,
822 3637 974 3702 πόσῳ
1001 3633 1202 3703 μᾶλλον
1226 3634 1320 3685 ἐπὶ
1343 3634 1443 3702 τῆς
1475 3635 1790 3704 ἀπορρήτου

211 3728 311 3775 καὶ
346 3725 496 3786 θείας
536 3725 754 3792 φύσεως
789 3725 820 3795 ἢ
856 3727 949 3778 ἐπὶ
981 3727 1082 3795 τῆς
1107 3725 1393 3796 ἀφράστου
1417 3726 1514 3778 καὶ
1546 3727 1796 3796 ὰνερμη-

212 3816 407 3869 νεῦτου
439 3818 678 3886 Χριστοῦ
717 3819 1036 3886 οἰκονομίας
1075 3818 1250 3871 ταῦτα
1310 3819 1554 3890 λέγεινῆ
1588 3821 1793 3872 ἐννοεῖν

210 3909 454 3962 ἁδᾶνατα
491 3909 585 3962 καί
616 3911 1046 3980 ἀνεπιχείρητα·
1111 3911 1230 3962 οὐδὲ
1258 3911 1304 3941 ⁸⁸
1347 3911 1720 3977 σαρκούμενος
1761 3911 1792 3980 ἢ

216 4004 443 4070 πάσχων
474 4003 616 4073 ὑπὲρ
647 4004 826 4072 ἡμῶν,
853 4002 932 4072 τῷ
958 4003 1172 4071 σώματι
1208 4005 1383 4074 τούτῳ
1421 4004 1465 4036 ⁸⁵
1505 4005 1747 4056 πέπονθε
1779 4018 1793 4032 ο

211 4095 338 4145 ἐπεὶ
373 4093 516 4148 οὕτω
555 4111 618 4161 γε
649 4096 742 4146 καὶ
772 4096 822 4146 εἰ
850 4094 1138 4164 ἄνθρωπος
1165 4095 1224 4147 τὸ
1247 4097 1292 4126 ⁹⁰
1323 4095 1445 4147 καθ’
1470 4098 1621 4165 ἡμᾶς
1650 4099 1798 4148 εἰκο-

213 4184 354 4246 νίζοι
390 4186 430 4214 ⁸³
467 4185 544 4254 τῷ
573 4186 807 4254 σώματι,
839 4185 1054 4256 ἀνάγκη
1081 4187 1176 4239 καὶ
1209 4187 1308 4255 τὴν
1339 4187 1516 4258 ψυχὴν
1548 4206 1796 4241 συνεικοο

213 4275 462 4338 νίζεσθαι
498 4277 529 4345 ἢ
569 4277 790 4340 παντως
823 4277 1179 4346 τεθνήξεσθαι
1211 4278 1594 4350 χωριζομένην
1625 4283 1670 4313 ³³
1699 4299 1709 4310 ·
1745 4285 1796 4335 τί

213 4370 328 4436 γὰρ
364 4367 550 4437 ἕτερον
585 4369 815 4432 θάνατος
863 4368 896 4439 ἢ
931 4371 1210 4439 χωρισμὸς
1241 4370 1425 4440 ψυχῆς
1459 4374 1567 4425 ἀπὸ
1604 4372 1796 4442 σώμα-

213 4475 348 4524 τος;
397 4459 559 4511 Ὅθεν
599 4464 656 4513 έν
703 4460 918 4524 τούτοις
959 4462 1241 4529 φαίνονται
1294 4464 1581 4532 προδήλως
1641 4467 1798 4519 οὐδὲν

1897 3275 2204 3331 meonomia
2241 3275 2366 3328 talia
2398 3274 2580 3327 dicere
2609 3279 2705 3326 aut
2744 3270 2985 3340 cogitare
3011 3271 3235 3324 omnino
3273 3271 3484 3340 impos-

1898 3370 2058 3423 sibile
2119 3375 2224 3422 est.
2273 3365 2462 3435 Neque
2510 3380 2680 3431 enim,
2722 3363 3042 3417 incarnatus
3084 3372 3138 3417 et
3184 3378 3281 3432 pro
3326 3365 3487 3419 nobis

1897 3463 2136 3531 patiens,
2168 3473 2397 3528 corpore
2419 3457 2521 3512 hoc
2561 3456 2754 3511 iictitio
2783 3470 2978 3524 passus
3009 3466 3124 3522 est;
3161 3455 3405 3525 alioquin
3438 3453 3486 3509 si

1897 3554 2025 3623 quis
2059 3568 2160 3607 nos
2200 3564 2432 3620 corpore
2461 3556 2905 3617 reprzesentaret,
2956 3548 3121 3602 simul
3147 3557 3202 3601 et
3236 3549 3480 3603 animam

1901 3642 2279 3716 repraesentari
2301 3652 2596 3712 Oporteret,
2624 3643 2728 3705 vel,
2753 3642 2931 3695 anima
2955 3650 3223 3711 separata,
3240 3657 3489 3696 essemus

1902 3738 2161 3791 mortui:
2205 3735 2335 3804 quid
2390 3736 2535 3788 enim
2587 3734 2734 3787 aliud
2786 3748 2935 3788 mors
2979 3748 3144 3802 quam
3208 3733 3486 3802 separatio

1903 3832 2097 3883 animae
2120 3844 2150 3882 a
2176 3828 2444 3892 corpore?
2465 3826 2619 3881 Unde
2644 3826 2698 3878 in
2727 3826 2829 3879 hoc
2859 3825 3152 3878 manifeste
3176 3835 3358 3892 patent
3389 3826 3488 3877 im-

1901 3922 1976 3990 pii
2001 3921 2205 3990 pariter
2236 3929 2289 3974 et
2313 3919 2484 3989 ignari
2517 3919 2751 3986 :qnippe
2785 3918 2875 3986 qui
2911 3917 3167 3970 nesciunt
3217 3926 3485 3986 quantum

1900 4012 2233 4080 descriptum
2259 4026 2288 4063 a
2318 4010 2735 4076 circumscripto
2767 4018 2816 4062 et
2840 4007 3156 4061 describere
3190 4022 3220 4060 a
3249 4008 3490 4061 circum—

1905 4104 2190 4159 scribendo
2220 4103 2384 4162 distet
2416 4116 2480 4155 ac
2508 4102 2800 4168 discrepet,
2833 4101 3065 4168 ideoque
3104 4100 3316 4168 decepti
3342 4114 3483 4152 vana

1903 4197 2175 4250 effutiunt.
2221 4194 2394 4247 Porro
2445 4195 2532 4247 ubi
2581 4208 2819 4262 unquam
2864 4193 3113 4245 auditum
3172 4203 3255 4260 est
3281 4208 3482 4259 corpus

1904 4289 2140 4344 describi
2175 4297 2228 4342 et
2270 4287 2648 4341 circumscribi
2687 4302 2792 4339 non
2831 4285 3040 4354 posse?
3075 4295 3169 4338 aut
3205 4287 3485 4353 quomodo

1906 4381 2154 4450 corporis
2200 4389 2394 4433 natura
2439 4391 2494 4432 et
2551 4379 2689 4432 ratio
2721 4379 3036 4433 servabitur
3084 4381 3129 4432 si
3174 4380 3487 4444 liujusmodi

1909 4488 2017 4526 non
2074 4472 2308 4541 gaudeat
2360 4469 2822 4540 praprietatibus?
2870 4469 2970 4535 Qui
3005 4471 3168 4538 igitur
3204 4471 3484 4524 Lhristum

215 4549 383 4621 ἧττον
412 4552 745 4616 ἀσεϐοῦντες
800 4555 832 4623 ἢ
872 4555 1301 4625 ἀμαθαίνοντεςο
1355 4558 1417 4608 οὑ
1452 4559 1560 4626 γὰρ
1618 4561 1798 4611 ίσασιν
1835 4551 1879 4606 D

1835 4551 1879 4606 ί)
1906 4579 2135 4631 corpore
2183 4563 2418 4616 describi
2456 4569 2551 4614 aut
2607 4561 2984 4614 circumscribi
3016 4570 3194 4628 negat,
3232 4563 3310 4614 vel
3361 4564 3489 4628 quid

215 4646 343 4697 ὅσον
368 4646 616 4712 γραπτοῦ
651 4648 747 4698 καὶ
780 4651 1168 4718 περιγραπτοῦ
1195 4649 1290 4701 τοῦ
1321 4667 1381 4702 τε
1413 4652 1653 4719 γράφειν
1705 4654 1800 4704 καὶ

219 4739 593 4805 περιγράφειν
627 4739 687 4788 τὸ
721 4739 926 4802 ἰδιάζον
978 4743 1071 4792 καὶ
1103 4742 1526 4811 διηλλαγμένον,
1585 4747 1682 4796 καὶ
1715 4745 1803 4799 διὰ

216 4830 384 4881 τοῦτο
416 4830 832 4902 φενακιζόμενοι
889 4835 1366 4903 ματαιολογοῦσιν.
1404 4837 1512 4888 Ποῦ
1548 4837 1605 4889 δὲ
1662 4838 1802 4900 ὅλως

221 4924 384 4993 σῶμα
408 4924 656 4993 ἄγραφον
689 4925 721 4994 ἢ
757 4926 1138 4996 ἀπερίγραφον
1167 4932 1231 4982 ἐκ
1252 4931 1346 4982 τοῦ
1387 4931 1585 4994 παντὸς
1609 4931 1802 4994 αἰῶνος

220 5016 526 5083 ἡκουσται;
561 5017 593 5086 ἢ
631 5015 748 5080 πῶς
772 5021 800 5070 ό
826 5019 919 5070 τοῦ
940 5022 1190 5089 σώματος
1218 5019 1466 5091 ὅροςκαὶ
1499 5025 1656 5092 λόγος
1688 5023 1794 5076 σωὲ

221 5107 481 5178 θήσεται,
525 5111 572 5162 εἰ
617 5107 692 5179 μὴ
717 5112 892 5163 ταῦτα
927 5113 1080 5181 ἔχοις
1126 5114 1183 5165 Ὀ
1212 5115 1392 5167 τοίνυν
1432 5117 1506 5187 μὴ
1559 5117 1802 5180 δοξάζων

221 5202 534 5269 γράφεσθαι
566 5202 597 5272 ἢ
633 5203 1069 5274 περιγράφεσθαι
1098 5209 1187 5259 τὸν
1218 5208 1452 5274 Χριστὸν
1485 5210 1720 5279 σώματι,
1750 5207 1783 5278 ἢ

1908 4656 1980 4708 sit
2012 4668 2213 4722 corpus
2266 4653 2497 4721 ignorat,
2545 4650 2881 4719 proindeque
2931 4658 3134 4704 rectam
3182 4665 3291 4703 non
3327 4651 3488 4703 habet

1909 4745 2259 4813 opinionem;
2294 4744 2375 4795 vel
2411 4758 2609 4811 corpus
2643 4756 2980 4810 cognoscens
3009 4741 3203 4795 anima:
3237 4751 3489 4794 naturam

1909 4853 2015 4891 non
2047 4846 2230 4891 servat
2278 4836 2559 4906 integram.
2603 4834 2706 4900 Qui
2735 4849 2863 4904 ergo
2899 4834 3184 4887 conﬁtetur
3208 4834 3488 4888 Christum

1910 4932 2278 5000 assumpsisse
2304 4943 2506 4997 corpus
2539 4928 2756 4996 corpori
2787 4936 2979 4980 nostro
3007 4926 3206 4989 simile,
3235 4941 3357 4978 cum
3387 4926 3491 4978 hoc

1905 5035 2154 5078 nostrum
2183 5022 2418 5077 describi
2439 5029 2492 5075 et
2509 5019 2883 5075 circumscribi
2904 5027 3090 5086 queat,
3108 5032 3330 5071 necessa
3341 5023 3421 5070 rio
3438 5027 3492 5069 et

1911 5116 2115 5170 Christi
2136 5128 2336 5182 corpus
2363 5112 2598 5166 describi
2618 5121 2674 5164 et
2691 5109 3064 5163 circumscribi
3087 5123 3244 5177 posse
3264 5107 3493 5160 conﬁtc-

1899 5209 2044 5262 bitur
2078 5228 2090 5263 :
2123 5209 2168 5262 si
2221 5222 2325 5260 non
2377 5206 2672 5276 posterius,
2724 5218 2854 5271 ergo
2893 5215 2990 5255 nec
3028 5201 3180 5270 prius
3210 5201 3490 5264 concedet,

1387 5307 1586 5367 Varias
1614 5309 1924 5369 lectiones
1956 5317 2023 5368 et'
2066 5311 2256 5368 noue.

294 5404 339 5480 ξ’
371 5420 471 5480 πρ..
501 5403 625 5480 τῶν·
651 5405 840 5480 πζγῆν
869 5407 1252 5480 στρεφομένων
1284 5409 1377 5459 καὶ
1408 5409 1800 5480 ἰλυσπωμένων
1834 5412 1921 5464 ed.

221 5474 375 5550 δοξον
411 5476 533 5550 add.
588 5475 648 5550 (ΣΪ
679 5478 829 5550 ⁸519.
883 5474 1310 5550 ⁷⁵⁷καταθυμίων
1341 5480 1426 5550 ed.
1489 5481 1533 5510 ⁷⁸
1559 5474 1682 5534 δ.ά.
1718 5500 1774 5550 μ.
1808 5481 1901 5535 ὲ.(

482 5476 533 5526 d.
588 5475 648 5550 (ΣΪ
679 5478 829 5550 ⁸519.
883 5474 1310 5550 ⁷⁵⁷καταθυμίων
1341 5480 1426 5550 ed.
1489 5481 1533 5510 ⁷⁸
1559 5474 1682 5534 δ.ά.
1718 5500 1774 5550 μ.
1808 5485 1853 5533 ὲ.
1876 5480 2009 5535 Ced.
2036 5479 2157 5533 510.

2024 5411 2073 5440 ⁷³
2114 5409 2172 5460 τὸ
2207 5406 2490 5475 φίλαρχον,
2523 5406 2583 5456 τὸ
2623 5404 2885 5475 φίλαυτον
2910 5400 2968 5456 C.
3002 5397 3245 5475 5l0.__“
3276 5391 3492 5475 ἧ-κενό-

2255 5479 2295 5508 ⁷⁷
2330 5467 2579 5528 ἐντεῦθεν
2635 5467 2710 5527 ld.
2801 5474 2844 5502 ⁷⁸⁸
2878 5475 2989 5530 τοῖς
3048 5467 3255 5520 ἐκεῖθεν
3297 5468 3346 5518 δ.
3410 5468 3487 5517 ld.

223 5535 720 5620 ἶ⁹ἓσκεδέοξσςεοίᾀε
765 5535 1323 5620 ⁸⁰ᾳχημαῖοφυὶῖοεκήν
1345 5549 1404 5602 Ρ.
1432 5553 1551 5605 cod.
1581 5535 1900 5620 etprz'eccdei

1810 5552 1964 5604 :denti
1991 5567 2160 5620 σχημ.
2216 5548 2257 5620 δέ
2283 5546 2340 5600 δέ
2372 5563 2482 5620 om.
2518 5546 2685 5620 (Sensi.
2726 5544 2846 5620 διο.
2913 5535 3490 5620 81531.0(]:10li‘fuu5é?

219 5614 311 5666 διὰ
350 5631 398 5668 τ.
425 5616 585 5667 Coisl.
624 5617 745 5669 510.
825 5614 872 5648 ⁸³
904 5614 1225 5683 ὑποδείξαςῖ

221 5687 271 5758 ξ.
301 5686 528 5758 ὀέ-οοιιι,
563 5686 676 5757 ᾔδει
710 5689 758 5738 εἰ
801 5691 915 5742 ἐκτ.
955 5690 1016 5739 τὸ
1034 5688 1082 5739 δ.
1120 5707 1168 5740 σ.
1204 5690 1267 5741 Ρ.
1309 5690 1431 5752 ἰἴδοι,
1462 5693 1569 5743 ὲντ.
1607 5692 1663 5744 δὲ
1695 5693 1754 5743 τὸ
1779 5693 1831 5746 θ.
1858 5709 2078 5758 συνεγκ.
2113 5693 2198 5743 ed.

221 5756 268 5785 "
292 5755 452 5806 τοῦτο
478 5756 538 5808 Ρ.
573 5755 784 5809 τούτων
805 5776 856 5809 τι
887 5759 946 5813 (3.

1306 5620 1350 5649 εδ
1386 5625 1478 5672 καὶ
1511 5639 1568 5674 π.
1593 5615 1703 5676 om.
1732 5623 1900 5675 Coisl.
1937 5615 2060 5674 51οζ
2083 5615 2174 5650 ”⁸⁵
2214 5619 2293 5672 sie
2322 5618 2444 5670 cod.
2480 5625 2531 5668 et
2561 5615 2620 5667 Ρ.

1040 5759 1086 5789 ’⁸
1117 5759 1220 5810 τῶν
1257 5778 1309 5811 κ.
1337 5762 1389 5828 ἡ.
1441 5763 1699 5824 εἰκονίζοι
1729 5781 1780 5814 τ.
1815 5780 1864 5814 σ.
1894 5764 1979 5815 ed.
2016 5764 2074 5814 τὸ
2107 5780 2156 5813 κ.
2189 5762 2244 5830 ἡ.
2273 5759 2321 5821 ὲ,
2360 5776 2408 5810 σ.
2451 5759 2506 5808 Po

222 5825 465 5892 ζομίνων
499 5829 560 5878 ed
621 5830 883 5900 χωριζόμ.
942 5832 1062 5884 ςῡό.
1116 5825 1483 5916 χωριζόμενον
1537 5833 1704 5886 Coisl.
1763 5833 1888 5886 510.

2655 5616 2706 5684 ἡ.
2735 5614 2888 5666 εἵπου
2917 5610 3123 5684 δένδρῳ
3153 5607 3238 5684 ed.
3290 5609 3365 5684 ,θ
3389 5607 3492 5684 ἤδη

2296 5689 2338 5719 ⁸⁷
2375 5687 2502 5754 ἐξῆν
2533 5676 2687 5750 (εο.Ι.,’
2711 5684 2852 5748 ἕξειν
2883 5685 2945 5734 Ρ.
3026 5682 3071 5712 ⁸⁸
3097 5676 3210 5748 ’γάρ
3240 5677 3364 5730 add.
3398 5676 3489 5728 ed.

2362 5776 2390 5786 -
2451 5759 2485 5786 υ
2609 5757 2649 5786 οι
2688 5756 2772 5786 ει..
2825 5752 2970 5786 nam
3021 5749 3124 5786 am
3251 5747 3296 5778 οι
3325 5761 3489 5786 vniat.

2687 5756 2794 5806 εἰκ.
2825 5752 2992 5807 Coisl.
3021 5749 3146 5804 510.
3251 5749 3296 5778 ”
3325 5761 3494 5815 χωρι-
