4240 6422
237 417 374 480 1917

1438 414 1902 477 CHRONICON.
1942 435 2006 452 -ί
2048 415 2193 474 LIB.
2241 414 2340 476 Vl.

3363 412 3502 477 1218

233 550 396 599 πους,
434 535 524 585 καὶ
559 532 826 598 ἐγίνωσκε
851 534 1031 585 πάντα
1059 533 1154 584 καὶ
1184 533 1483 600 ὲστερέωσε
1519 531 1608 582 τὸν
1638 525 1818 597 λογισ-

1927 528 2213 594 sccbatque
2237 505 2418 600 omnia
2445 534 2498 578 et
2529 539 2626 578 sua
2659 527 2906 582 firmabat
2948 525 3198 581 consilia.
3230 525 3296 579 Ut
3318 540 3497 583 autem

237 632 338 693 μον
369 625 556 679 αὑτοῦ.
585 626 692 678 Καὶ
716 623 804 677 ἴνα
841 623 992 696 δείξῃ
1019 618 1269 693 ποταπὴν
1305 622 1557 691 ἀνδρείαν
1585 624 1680 675 καὶ
1703 623 1820 674 τό)-

238 697 357 787 μίαν⁸
374 720 585 789 ἔχουσιν
609 720 657 771 oi
695 716 978 788 Ῥωμαῖοι,
999 717 1153 769 οὐδὲν
1171 716 1454 784 ἐπέμεινεν
1481 716 1567 767 ἵνα
1591 715 1824 768 ἔλθωσιν

233 813 432 863 ἐκεῖνοι
472 812 559 862 ἐπ’
601 809 786 874 αὑτὸν,
826 810 940 863 ἀλλ’
988 808 1112 870 οὐδὲ
1144 808 1442 860 ἐδειλίασεν
1487 807 1554 858 vi
1605 809 1820 877 στραφῇ

233 903 431 961 ὀπίσω,
457 900 577 953 οὐδὲ
607 901 797 968 ἠγάπα
818 899 886 950 vi
917 898 1268 952 ἀποκλείεται
1298 897 1403 948 ἔσω
1429 897 1508 959 είς
1535 897 1592 948 τὸ
1623 896 1824 947 παλάτι

237 994 333 1044 καὶ
361 993 426 1044 vi
452 991 760 1062 κρύπτεται
807 981 998 1059 ὥσπερ
1047 987 1322 1059 τρυφερὸν
1360 986 1615 1054 κοράσιον
1641 1000 1654 1013 ·
1689 985 1824 1036 ἀλλά

235 1084 336 1144 τὰς
364 1084 556 1151 τρίχας
581 1082 682 1150 τῆς
716 1080 956 1149 κεφαλῆς
977 1066 983 1074 ’
1002 1079 1167 1133 αὑτοῦ
1200 1079 1297 1141 τάς
1325 1095 1453 1130 ποτε
1483 1076 1824 1150 μυρισμένας

236 1172 446 1240 ἔϐαψαν
471 1173 514 1202 ⁸⁷
539 1171 710 1233 αὑτὰς
735 1172 790 1222 αί
813 1170 1016 1238 πάχναι
1042 1169 1139 1243 καὶ
1161 1165 1370 1236 δροσίαι
1388 1167 1488 1236 τῆς
1511 1168 1711 1235 αὐγῆς,
1731 1166 1827 1217 καὶ

235 1264 270 1330 ἡ
295 1261 432 1331 σάρξ
452 1261 618 1314 αὑτοῦ
637 1261 747 1314 ἀπὸ
777 1261 871 1312 τὸν
903 1259 1182 1330 κονιορτὸν
1204 1259 1300 1312 καὶ
1325 1259 1434 1312 ἀπὸ
1453 1259 1562 1312 τῶν
1588 1259 1827 1328 ἱδρώτων

237 1350 515 1421 ἑκδάρθηο
551 1352 645 1404 καὶ
688 1352 749 1403 τὸ
801 1351 1097 1420 πρόσωπον
1149 1351 1315 1403 αὐτοῦ
1361 1350 1692 1430 ἠμαύρωσεν
1721 1351 1828 1402 ἀπὸ

233 1443 337 1511 τὴν
360 1443 536 1513 πυράν
562 1441 655 1496 τοῦ
680 1443 851 1512 ἡλίου.
895 1441 1208 1496 Ἀπέστειλε
1249 1443 1304 1495 δὲ
1336 1442 1428 1495 δύο
1461 1433 1824 1512 στρατηγοὺς,

234 1534 467 1586 ἕκαστον
720 1536 859 1605 μετά
903 1534 1257 1604 καϐαλαρίων
1294 1534 1590 1600 ἐκλεκτῶν,
1618 1535 1826 1588 δώδεκα

235 1626 506 1695 χιλιάδας,
553 1628 736 1690 καθὼς
770 1628 1129 1698 όρθώσουσιν,
1164 1629 1251 1680 ἶνα
1277 1627 1478 1698 εὕρωσι
1504 1629 1826 1697 ,μονοπάεια

232 1719 346 1770 ἀπὸ
368 1720 565 1781 τόπους
586 1720 890 1783 δυσϐάτους
916 1722 1011 1774 καὶ
1039 1722 1104 1773 vi
1131 1722 1336 1791 σύρωσι
1354 1721 1423 1772 τὰ
1453 1721 1621 1787 ἄλογα
1647 1720 1826 1773 αὐτῶν

234 1812 330 1862 καὶ
359 1813 424 1864 vi
456 1812 732 1864 ἀναϐῶσιν
781 1814 862 1875 είς
889 1812 948 1864 τὸ
987 1811 1114 1883 ὄρος
1148 1812 1330 1876 πεζοὶ,
1372 1811 1500 1864 ἔνθα
1539 1813 1640 1865 οὐκ
1672 1812 1819 1880 εἴχα-

233 1918 322 1952 σιν
359 1903 409 1953 οί
446 1901 714 1974 βάρϐαροι
753 1903 1030 1975 προσοχὴν
1059 1903 1090 1974 ἢ
1124 1903 1406 1973 λογισμὸν,
1436 1905 1528 1956 καὶ
1551 1907 1616 1957 vi
1648 1923 1814 1956 κατα-

230 1995 407 2045 ιᾴὠσιν
430 1995 537 2046 ἀπὸ
562 1995 758 2057 τόπους
789 1994 882 2057 οὓς
909 1995 1124 2046 θέλουσι
1155 1996 1320 2065 σύρον
1349 1997 1547 2058 αὐτοὺς
1575 1998 1622 2048 οἱ
1685 1997 1818 2064 7:96-

233 2087 400 2140 εὲοδοι.
451 2086 508 2138 ὐ
549 2087 604 2139 δὲ
657 2087 844 2157 ἕτερος
899 2089 1206 2158 στρατηγὸς
1258 2089 1710 2158 ὁμοίως-ἐτάχθη
1756 2093 1819 2140 vi

233 2181 422 2252 ὑπάγῃ
454 2181 547 2232 καὶ
572 2181 733 2241 αὐτὸς
767 2180 838 2231 δι’
869 2180 1040 2250 ἄλλης
1089 2180 1209 2233 ί.δοῦ
1241 2181 1305 2232 vi
1344 2183 1488 2252 πέσῃ
1523 2184 1708 2234 ὲπάνω
1740 2185 1818 2242 εἰς

233 2271 334 2341 τὴν
370 2273 623 2339 φύλαξιν,
659 2274 792 2326 ὅπου
830 2274 1057 2343 ἐκράτει
1099 2275 1190 2326 τὸν
1234 2275 1423 2341 πόρον,
1457 2277 1550 2325 καὶ
1585 2276 1650 2327 vi
1698 2277 1819 2336 τοὺς

230 2364 440 2415 δώσουν
463 2363 634 2419 οὓτως
657 2365 925 2430 ἐπιδέξια,
964 2367 1098 2417 ὃπου
1131 2365 1253 2416 οὐδὲ
1290 2366 1393 2418 κᾶν
1425 2361 1505 2427 εἷς
1545 2367 1601 2430 ἐξ
1640 2367 1819 2418 αὐτῶν

231 2462 411 2512 εἰπεῖν
447 2461 512 2511 vi
547 2459 712 2528 μηδὲν
750 2461 1005 2529 γλητώσῃ
1043 2461 1109 2512 νά
1141 2462 1326 2530 ὑπάγῃ
1377 2477 1668 2527 μαντατον.
1713 2463 1822 2512 Καὶ

232 2556 262 2604 ὁ
321 2554 416 2620 μὲν
463 2553 677 2617 πρῶτος
717 2555 890 2623 ἐπῆρε
924 2555 981 2604 τὸ
1029 2554 1154 2622 ὅρος
1196 2557 1291 2606 καὶ
1329 2555 1419 2606 ἐπ’
1473 2555 1604 2606 αὐτὸ
1651 2554 1817 2624 ἀνέϐη

237 2649 378 2714 μετά
418 2649 670 2717 χιλιάδων
703 2648 768 2715 ιβ’
796 2663 810 2676 ⁸
839 2652 929 2700 καὶ
955 2649 1174 2715 ἐγένετο
1209 2649 1420 2718 μεγάλη
1451 2649 1540 2718 βία
1569 2649 1709 2700 ὥστε
1753 2652 1818 2700 vi

230 2741 497 2793 οιαϐὠσιν
529 2742 660 2793 αὐτὸ
684 2743 786 2804 ἕως
810 2742 1024 2812 ἡμέρας
1056 2746 1204 2810 τρεῖς
1227 2760 1239 2772 ’
1287 2743 1379 2794 καὶ
1409 2744 1818 2810 ἑνυκτοπάτησε
1842 2775 1854 2801 ,-

235 2835 332 2882 καὶ
366 2831 571 2901 κατέϐη
610 2835 690 2894 εἰς
721 2833 819 2901 τὴν
851 2834 1018 2901 ἀλλην
1054 2833 1284 2899 μεραίαν
1340 2837 1432 2884 καὶ
1462 2836 1817 2902 ἐγκρνμάτο-

235 2940 332 2974 σεν
362 2926 442 2985 εἰς
468 2924 634 2975 τόπον
664 2926 980 2994 σύνδενδρον
1009 2928 1103 2977 καὶ
1130 2927 1394 2994 κρυπτόν.
1439 2927 1545 2977 Καὶ
1575 2927 1621 2978 οἱ
1657 2926 1819 2976 Βούλ-

232 3032 398 3085 γαροι
445 3013 586 3086 ἦσαν
616 3017 865 3085 πλησίον,
899 3018 1014 3070 ἀλλ’
1051 3020 1153 3070 οὐκ
1202 3020 1415 3085 εῐχασιν
1455 3018 1664 3087 εἶδησίν
1697 3037 1818 3071 τινα

233 3113 368 3179 περὶ
386 3111 612 3163 τούτων.
649 3111 706 3161 Ὀ
728 3111 784 3161 δὲ
811 3110 970 3172 ἄλλος
999 3103 1128 3178 εὗρε
1157 3112 1250 3163 καὶ
1280 3112 1441 3172 αὐτὸς
1472 3112 1672 3173 τόπους
1699 3111 1818 3163 λίαν

232 3203 533 3266 δυσκόλους
573 3203 670 3255 καλ⁴
716 3202 1046 3264 δυσϐάτουςο
1085 3204 1237 3272 ὅμως
1275 3205 1412 3270 μετὰ
1454 3193 1658 3257 σίοποῦ
1688 3202 1819 3255 πολ·
1848 3226 1892 3286 C

232 3297 332 3350 λοῦ
363 3297 543 3366 ἐδιέϐη
573 3299 769 3360 αὐτοὺς
803 3299 896 3350 καὶ
945 3297 1162 3364 ἀπῆγεν
1211 3297 1318 3348 ἀπὸ
1348 3297 1439 3348 τοῦ
1467 3297 1669 3350 ἔσωθεν
1716 3299 1812 3366 μέ·-

237 3407 388 3461 90°C.
412 3390 542 3444 ἔνθα
569 3387 637 3461 ἦν
670 3392 703 3461 ή
741 3390 1002 3459 φύλαξις·
1033 3394 1126 3444 καὶ
1161 3392 1297 3459 πρὸς
1326 3390 1476 3460 ὤραν
1511 3392 1607 3459 τῆς
1641 3391 1815 3459 αὐγῆς

234 3482 448 3534 ἔδωκαν
475 3483 541 3534 τὰ
592 3483 797 3551 δργανα
833 3484 928 3535 καὶ
967 3482 1036 3534 τὰ
1099 3480 1381 3548 παιγνίδια
1431 3480 1523 3533 τοῦ
1559 3481 1814 3549 πολέμου.

238 3576 350 3628 Καὶ
380 3575 728 3644 ἐφοϐήθησαν
771 3577 819 3627 οἱ
874 3573 1178 3643 Βούλγαροι
1213 3574 1383 3641 φόϐον
1420 3575 1597 3643 μέγαν
1629 3575 1707 3636 είς
1758 3574 1819 3626 τὸ

239 3669 568 3721 ἀνέλπιστον
613 3670 812 3722 κακόν*
871 3669 1152 3738 ἐπήϐησαν
1202 3667 1334 3733 γοῦν
1371 3669 1420 3720 οί
1465 3667 1722 3738 Ῥωμαῖοι
1771 3670 1820 3721 οἱ

241 3762 427 3815 ὲπάνω
456 3761 634 3814 αὐτῶν
663 3760 1101 3814 καὶ-ἐκύκλωσαν
1131 3761 1350 3822 αὐτοὺς,
1380 3763 1474 3814 καὶ
1501 3761 1696 3824 ἀλλους
1723 3760 1821 3829 μὲν

240 3856 506 3924 ἔσφαξαν,
533 3856 725 3917 ἄλλους
753 3855 810 3909 δὲ
838 3854 1068 3908 ἐπίασαν
1086 3871 1098 3881 ο
1124 3856 1219 3907 καὶ
1258 3853 1377 3906 οὐδὲ
1413 3849 1492 3918 εἷς
1516 3855 1822 3923 ἐγλήτωσεν

245 3951 353 4000 ἀπὸ
406 3951 503 4010 τὰς
558 3953 746 4017 χεῖρας
799 3947 1000 4000 αὐτῶν.
1062 3947 1172 4000 Καὶ
1225 3946 1398 4008 οὕτως
1447 3945 1718 4014 ἐχάλασαν
1763 3945 1822 3996 τὸ

243 4044 384 4113 δὲμα
405 4060 418 4073 ο
449 4042 544 4094 καὶ
567 4042 596 4092 ό
631 4040 883 4111 βασιλεὺς
905 4038 980 4090 ὢν
1011 4041 1230 4107 ἕτοιμος
1267 4039 1406 4106 μετά
1451 4037 1546 4088 τοῦ
1583 4039 1818 4104 φοσάτου

245 4135 464 4204 εἰσῆλθε
490 4136 582 4186 καὶ
626 4135 839 4200 ἀπῆγεν
873 4131 1012 4200 μετὰ
1055 4131 1365 4200 προθυμίας
1414 4130 1555 4183 κατὰ
1583 4129 1676 4180 τοῦ
1724 4146 1819 4196 με·

247 4233 411 4294 γάλου
442 4228 651 4280 ἐκείνου
689 4227 928 4295 φοσάτου
957 4225 1048 4278 καὶ
1085 4224 1258 4286 οὕτως
1294 4223 1668 4291 ἀπερχόμενος
1703 4223 1821 4274 καθ’

245 4323 364 4373 ὁδὸν
390 4323 664 4390 ὑπήντησε
711 4319 838 4381 τοὺς
887 4316 1256 4383 καϐαλαρίους
1295 4317 1426 4367 ὃπου
1459 4316 1685 4384 ἦρχοντο
1739 4315 1824 4366 δια

251 4413 460 4479 βίγλαν,
506 4414 598 4463 καὶ
631 4411 854 4462 ἐπίασεν
883 4411 1162 4470 ἅπαντας·
1209 4410 1304 4460 καὶ
1344 4407 1460 4476 μετ’
1505 4408 1688 4474 ὀλίγον
1717 4407 1823 4458 πά-

248 4507 331 4556 ).tv
369 4506 679 4573 ὑπήντησεν
721 4501 913 4562 ἄλλους
972 4499 1192 4564 ἑκατὸν,
1245 4499 1437 4568 βίγλας
1478 4500 1574 4551 καὶ
1627 4499 1822 4560 αὐτοὺς

1929 599 2528 686 οειειιόοτείίιυοιιιοηι
2579 616 2959 674 fortitudinem
2994 629 3048 673 et
3085 619 3374 674 audaciam
3405 623 3497 675 ba-

1928 712 2087 765 beant
2129 708 2382 775 Romani,
2445 724 2553 763 non
2582 711 2916 780 etspectavit
2966 712 3140 766 donec
3172 714 3224 767 in
3259 714 3497 783 seipsutn

1927 790 2111 856 hostes
2147 804 2438 865 irruerent,
2472 817 2570 856 nec
2602 803 2780 855 timuit
2828 818 2895 855 ne
2933 812 3361 872 retroageretur,
3401 820 3501 859 nec

1931 893 2097 945 voluit
2148 891 2349 946 includi
2405 891 2457 944 in
2515 893 2718 961 palatio
2749 902 2800 946 ct
2850 895 3112 968 occultari
3161 906 3217 948 ut
3264 897 3497 950 delicata

1929 985 2103 1054 puella
2133 1001 2145 1048 ;
2186 985 2279 1039 sed
2308 999 2522 1038 comam
2559 984 2752 1052 capitis
2785 987 2866 1039 sui
2901 987 3030 1039 olim
3079 989 3369 1056 unguentis
3403 991 3501 1046 de-

1929 1078 2154 1136 libutam
2201 1093 2344 1131 nunc
2401 1077 2594 1154 pruina
2651 1086 2705 1131 et
2755 1093 2877 1132 rore
2916 1082 3183 1133 matutino
3217 1081 3499 1152 irrigabat,

1929 1185 2058 1222 caro
2087 1169 2207 1237 ejus
2241 1170 2464 1238 pulvere
2511 1169 2920 1224 acrsudoribus
2963 1172 3294 1240 rugabatur;
3323 1175 3502 1229 vultus

1929 1261 2112 1314 calore
2178 1261 2308 1316 solis
2366 1261 2637 1315 obscurus
2689 1261 2872 1315 ﬁebat.
2927 1262 3071 1316 Misit
3124 1274 3305 1318 autem
3364 1267 3503 1321 duos

1928 1352 2116 1414 duces,
2152 1364 2444 1422 utrumque
2494 1369 2619 1407 cum
2655 1352 2944 1408 duodecim
2995 1356 3239 1424 equitum
3273 1357 3502 1413 delecto-

1930 1460 2049 1497 rum
2090 1445 2356 1508 millibus,
2398 1453 2456 1498 ttt
2497 1455 2646 1499 recta
2686 1454 2981 1515 pergerent
3030 1447 3093 1498 ad
3146 1448 3504 1503 inveniendus

1932 1535 2176 1589 tramites
2217 1537 2286 1588 ob
2352 1536 2594 1590 locorum
2641 1538 3015 1592 difficultatem
3064 1542 3502 1607 angustissimos,

1931 1639 2095 1698 utque
2145 1630 2430 1682 traherent
2476 1646 2647 1698 equos
2695 1647 2845 1699 suos,
2887 1642 2941 1685 et
2984 1642 3222 1686 montem
3274 1635 3506 1704 pedibus

1929 1722 2308 1784 ascendereut,
2341 1722 2429 1774 ubi
2466 1723 2682 1775 barbari
2718 1739 2826 1775 non
2862 1727 3320 1792 praestolabantur
3345 1739 3398 1781 et
3436 1744 3502 1782 ne

1931 1813 2359 1883 suspicabantur
2375 1814 2593 1885 quidem
2606 1855 2618 1878 ,
2644 1831 2705 1869 ac
2721 1816 3117 1870 descenderent
3141 1817 3208 1871 de
3230 1819 3363 1889 locis
3384 1834 3504 1889 qua:

1929 1924 2196 1975 occupare
2220 1909 2377 1962 vellet
2400 1910 2657 1983 praevium
2695 1911 2932 1962 hostium
2954 1925 3166 1979 agmen.
3196 1912 3347 1964 Alter
3375 1928 3503 1967 vero

1929 2002 2035 2054 dux
2065 2002 2267 2068 pariter
2293 2001 2484 2070 jussus
2506 2009 2587 2054 est
2618 1991 2908 2055 succedere
2940 2005 3046 2056 alia
3066 2005 3173 2065 via,
3198 2005 3264 2057 ad
3301 2006 3504 2060 irrum-

1930 2093 2163 2162 pendum
2203 2094 2254 2145 in
2285 2094 2541 2146 custodes
2577 2093 2666 2160 qui
2714 2093 3003 2146 transitum
3054 2098 3415 2163 occumbant,
3453 2110 3507 2152 et

1931 2185 1995 2237 ad
2037 2199 2131 2239 eos
2160 2185 2502 2239 dextrorsum
2552 2185 2632 2238 sic
2666 2185 3110 2253 aggrediendum,
3159 2197 3216 2240 ut
3269 2203 3334 2241 ne
3363 2191 3504 2242 ullus

1930 2276 2147 2343 quidem
2203 2293 2265 2328 ex
2313 2278 2395 2328 eis
2431 2278 2747 2328 mandatum
2783 2278 2933 2330 daret
2987 2287 3045 2331 ut
3100 2280 3393 2348 quiSquam
3445 2298 3505 2336 se

1934 2365 2057 2434 fuga
2110 2368 2459 2420 subduceret.
2493 2368 2646 2419 l’rior
2676 2368 2895 2436 quidem
2939 2382 3224 2439 occuparit
3265 2384 3500 2427 montem

1930 2460 1983 2512 in
2034 2475 2269 2526 emnque
2322 2464 2568 2512 ascendit
2625 2476 2750 2513 cum
2799 2461 3089 2516 duodecim
3137 2466 3396 2529 millibus,
3451 2478 3505 2521 et

1931 2569 2123 2622 magna
2178 2554 2226 2602 vi
2277 2552 2417 2606 enisi
2461 2562 2609 2614 sunt,
2662 2554 2733 2605 ita
2783 2563 2840 2606 ut
2883 2555 3024 2606 intra
3056 2566 3165 2608 tres
3209 2556 3326 2610 dies
3361 2558 3503 2610 hunc

1932 2645 2256 2714 transgressi
2304 2647 2413 2696 sint
2449 2661 2462 2707 ;
2497 2656 2549 2698 et
2586 2654 2748 2696 noctu
2784 2647 3052 2713 processit
3114 2648 3504 2716 descenditque

1933 2738 1984 2788 in
2028 2737 2254 2789 alterunt
2309 2747 2541 2804 partem,
2574 2745 2628 2788 et
2675 2750 2807 2788 suos
2847 2738 3132 2790 abscondit
3162 2739 3212 2790 in
3259 2740 3376 2792 loco
3410 2741 3502 2792 ab-

1927 2829 2040 2882 dito
2074 2839 2126 2883 et
2181 2829 2465 2882 arboribus
2507 2829 2737 2882 consito.
2778 2829 2991 2896 Bulgari
3040 2841 3195 2882 erant
3247 2833 3501 2897 proximi,

1929 2922 2020 2972 sed
2087 2921 2290 2973 nullam
2347 2921 2620 2973 habebant
2673 2921 2888 2972 illorum
2928 2923 3196 2974 notitiam.
3229 2924 3504 2976 l’osterior

1929 3025 2057 3064 vero
2090 2998 2294 3064 invenit
2316 3019 2369 3063 et
2391 3013 2504 3079 ipse
2521 3010 2638 3064 loca
2661 3010 2978 3066 difficillima
3003 3023 3056 3066 et
3079 3019 3363 3082 pet-ardua,
3383 3032 3505 3086 quae

1929 3112 2110 3156 tamen
2141 3119 2332 3171 magna
2353 3119 2476 3157 cum
2502 3107 2809 3157 constantia
2830 3106 3071 3170 transiit,
3108 3116 3161 3158 et
3193 3108 3414 3161 recessit
3435 3097 3506 3160 ab

1929 3193 2176 3246 intermori
2205 3205 2356 3261 parte
2390 3193 2479 3246 ubi
2514 3203 2630 3247 erat
2659 3196 2904 3247 custodia
2940 3212 2953 3260 ;
2986 3211 3046 3247 ac
3067 3197 3304 3250 dilui-uio
3330 3197 3506 3265 primo

1922 3287 2238 3340 cecinerunt
2267 3286 2490 3353 organis
2527 3268 2805 3354 tibiisque.
2840 3285 3068 3354 Bulgar'r
3091 3300 3268 3342 autem
3303 3305 3506 3360 magno

1922 3378 2156 3446 perculsi
2209 3386 2337 3431 sunt
2390 3387 2605 3430 terrore
2650 3377 2720 3430 ob
2765 3377 3100 3444 inopinatam
3155 3354 3501 3448 perniciem:

1923 3470 2106 3537 itaque
2159 3470 2438 3524 irruerunt
2485 3469 2536 3521 in
2598 3483 2693 3522 eos
2725 3467 2979 3533 Romani,
3015 3486 3224 3538 eosque
3262 3474 3497 3528 circum-

1924 3571 2210 3624 venerunt,
2241 3569 2296 3614 et
2344 3560 2481 3614 alios
2547 3559 2976 3626 trucidaverunt,
3025 3562 3162 3615 alios
3218 3576 3502 3631 ceperunt,

1926 3671 2022 3709 nec
2055 3655 2201 3709 ullus
2231 3672 2296 3709 ex
2333 3657 2547 3708 illorum
2585 3656 2843 3732 manibus
2863 3656 3069 3726 eil'ugit.
3105 3657 3196 3712 Sic
3229 3659 3501 3713 vinculum

1925 3763 2032 3815 quo
2085 3748 2514 3816 impediebantur
2580 3747 2883 3800 solverunt.
2959 3733 3264 3817 Imperator
3317 3759 3500 3805 autem

1927 3849 2147 3906 paratus
2168 3852 2292 3892 cum
2325 3838 2441 3892 suis
2468 3839 2640 3906 copiis
2662 3839 2965 3907 penetravit
2991 3849 3043 3890 et
3081 3841 3346 3906 processit
3365 3856 3502 3895 con.

1927 3933 2152 3986 lideuter
2177 3941 2367 3984 contra
2404 3931 2555 3983 illum
2606 3931 2882 3999 ingentem
2939 3932 3266 3995 exercitum,
3315 3932 3504 4002 sicque

1929 4023 2208 4092 profectus
2240 4024 2432 4076 obvios
2472 4023 2663 4074 habuit
2721 4022 2934 4089 equites
2979 4022 3072 4090 qui
3129 4023 3505 4088 praecedebant

1927 4117 2163 4185 primum
2215 4130 2432 4184 agtneu.
2506 4127 2710 4181 eosque
2760 4129 2954 4166 omnes
3028 4115 3153 4167 fecit
3209 4115 3460 4181 captivos
3485 4099 3520 4179 ς’

1929 4210 2089 4277 paulo
2121 4217 2241 4274 post
2289 4221 2480 4258 rursus
2513 4206 2754 4260 occurrit
2810 4205 2932 4260 aliis
2987 4218 3233 4270 centum,
3295 4207 3360 4260 ad
3394 4207 3506 4276 pri-

1931 4315 2075 4352 mum
2127 4313 2318 4367 agmen
2374 4307 2428 4350 et
2477 4297 2609 4364 ipsis
2660 4298 3075 4364 pertinentibus,
3119 4313 3258 4367 quos
3299 4301 3504 4367 pariter

1927 4391 2092 4459 Ct'pil.
2143 4390 2357 4458 Bulgat‘i
2418 4390 3013 4453 iuterea,coutidentes
3066 4392 3168 4443 sibi
3219 4406 3505 4459 superesse

1931 4498 2163 4551 prunum
2200 4497 2418 4550 agmen,
2453 4490 2608 4534 erant
2639 4481 2840 4542 securi,
2874 4492 2927 4534 et
2956 4482 3220 4535 sedebant
3250 4484 3366 4536 sine
3394 4485 3502 4538 uila

246 4598 427 4656 ὄντας,
461 4596 554 4646 καὶ
607 4594 800 4646 ἐπξασε
853 4593 949 4644 καὶ
1003 4592 1220 4652 αὐτούς.
1264 4590 1326 4641 Οἱ
1374 4589 1674 4660 Βούλγαροι
1731 4588 1821 4640 οὖν

1930 4573 2236 4627 formidine.
2291 4571 2589 4641 Imperator
2640 4574 2838 4626 iterum
2875 4581 3036 4626 noctu
3085 4575 3341 4642 perrexit,
3391 4576 3502 4642 pri-

250 4686 578 4757 θαρροῦντες
608 4686 690 4737 ὅτι
720 4686 906 4755 ἔχουσι
949 4683 1162 4753 βίγλας,
1200 4679 1340 4753 ἦσαν
1375 4682 1696 4750 ἀμέριμνοι,
1733 4682 1826 4732 καὶ

250 4778 572 4841 ἐκαθέζοντο
607 4777 734 4845 δίχα
771 4776 937 4845 φόϐον
972 4777 1115 4829 τινά.
1161 4775 1269 4826 Καὶ
1303 4775 1330 4826 ό
1373 4773 1632 4843 βασιλεὺς
1668 4772 1826 4823 πάλιν

249 4872 658 4940 ἐνυκτοπάτησε
718 4871 810 4922 καὶ
861 4867 996 4938 πρὸς
1036 4867 1187 4936 ὥραν
1251 4866 1348 4934 τῆς
1398 4865 1572 4933 αὐγῆς
1628 4865 1827 4917 ἐδωκεν

250 4963 434 5014 Ξπάνω
473 4963 550 5021 είς
582 4961 782 5021 αὐτοὺς
810 4959 966 5026 ἄφνω
1014 4959 1108 5010 καὶ
1144 4957 1254 5009 ἀπὸ
1281 4955 1375 5007 τοῦ
1426 4957 1612 5025 ἐτέρου
1664 4957 1825 5026 μέρος

248 5060 274 5107 ό
303 5053 802 5125 ὲγκρυματωμένος
839 5051 1141 5121 στρατηγὸς
1181 5051 1415 5120 ὁμοίωςο
1455 5053 1550 5101 καὶ
1595 5049 1820 5119 εὑρέθη-

251 5163 352 5198 σαν
372 5145 423 5196 oi
453 5143 753 5213 Βούλγαροι
781 5142 1173 5211 ἀναρμάτωτοι
1204 5142 1299 5194 καὶ
1334 5139 1699 5210 βεϐαρημένοι
1725 5139 1818 5191 τοῦ

253 5238 422 5290 ὕπνου
470 5237 561 5289 καὶ
612 5235 884 5306 ὥρμησαν
941 5234 1006 5285 vi
1057 5235 1328 5300 φεύγουνσ
1385 5231 1480 5283 καὶ
1529 5231 1745 5298 ἐγένετο
1789 5232 1822 5298 ἡ

253 5325 514 5395 συντριϐὴ
566 5326 659 5376 καὶ
708 5327 739 5393 ἡ
781 5326 996 5390 ἀνάγκη
1036 5322 1216 5374 «ιζ-τῶν
1248 5322 1341 5372 καὶ
1385 5323 1412 5373 ό
1441 5320 1604 5388 φόϐος
1655 5319 1828 5372 πολλὰ

258 5419 469 5489 μέγας·
527 5419 621 5470 καὶ
674 5418 774 5469 οὑκ
824 5416 1128 5484 ὲγίνωσκαν
1189 5413 1292 5467 ποῦ
1371 5413 1675 5479 ὐπάγωσιν,
1737 5413 1830 5466 καὶ

256 5510 493 5558 ἱπιπταν
523 5507 600 5566 εἰς
636 5506 761 5568 τοὺς
784 5505 1058 5574 ποταμοὺς
1084 5505 1175 5556 καὶ
1208 5503 1496 5572 ἐπνίγοντο
1526 5519 1540 5533 °
1575 5503 1669 5555 καὶ
1695 5520 1823 5554 κατ-

254 5601 485 5669 έσφαξεν
509 5598 669 5668 871
702 5594 784 5661 εἷς
818 5599 908 5651 τὸν
951 5596 1110 5652 ἀλλον
1136 5614 1151 5628 ·
1187 5598 1280 5651 καὶ
1311 5599 1358 5649 οί
1398 5597 1658 5664 Ῥωμαῖοι
1692 5613 1820 5651 κατα

1929 4679 2129 4733 moque
2178 4664 2420 4717 diluculo
2469 4663 2654 4716 subito
2709 4662 2764 4715 in
2815 4662 2937 4716 illos
2991 4663 3151 4716 irruit
3196 4664 3504 4732 pariterque

1926 4758 2092 4812 simul
2132 4770 2195 4810 ex
2237 4755 2452 4810 insidiis
2483 4769 2777 4822 erumpens
2808 4755 2940 4808 dux.
2971 4751 3188 4823 Reperti
3221 4767 3346 4807 sunt
3375 4752 3503 4807 Boi-

1927 4851 2042 4920 gari
2105 4849 2342 4903 inermes
2395 4858 2447 4899 et
2483 4829 2700 4899 "somno
2759 4845 2987 4916 gravati,
3039 4857 3505 4914 capessetuutque

1928 4939 2133 5008 fugam,
2187 4949 2238 4992 et
2303 4936 2500 4990 invasit
2555 4951 2650 4990 eos
2689 4936 3061 4990 consternatio
3114 4937 3402 5006 ittOpiaquc
3451 4946 3502 4990 et

1932 5040 2108 5084 terror
2156 5029 2427 5082 maximus
2456 5044 2471 5079 :
2521 5027 2834 5081 nesciebant
2861 5026 3002 5079 enim
3032 5041 3141 5094 quo
3169 5030 3501 5092 recederent,

1922 5125 2300 5190 cadebantque
2349 5121 2403 5173 in
2463 5119 2656 5174 fluvios
2698 5129 2751 5172 et
2793 5119 3202 5188 mergebantur,
3246 5128 3300 5173 et
3363 5120 3503 5174 alius

1925 5217 2090 5269 alium
2137 5213 2464 5282 jugulabat;
2513 5223 2565 5265 et
2614 5210 2846 5264 Romani
2914 5211 3273 5281 proﬂigabant
3320 5226 3412 5265 eos
3450 5222 3503 5265 et

1927 5305 2434 5362 itnmisericorditer
2490 5304 2870 5368 trucidabant;
2927 5316 2980 5358 et
3039 5305 3363 5358 ceciderunt
3410 5304 3501 5357 illa

1928 5401 2014 5454 die
2060 5401 2306 5453 Romano
2351 5397 2529 5467 gladio
2567 5406 2784 5448 centum
2820 5407 2874 5449 et
2929 5396 3204 5465 sexaginta
3244 5396 3554 5449 barbaro-"

1937 5510 2055 5548 tum
2087 5491 2277 5555 millia,
2305 5490 2374 5545 ita
2406 5497 2465 5544 ut
2493 5487 2711 5542 ﬂutrriua
2739 5503 2836 5558 pro
2867 5488 3021 5559 aquis
3051 5488 3368 5556 sanguinem
3388 5487 3503 5542 vol-

1936 5597 2142 5645 vercnt.
2172 5583 2333 5656 Fugit
2361 5586 2720 5649 illorumdux,
2741 5592 3103 5650 ceperuntque
3132 5579 3359 5666 Romani
3382 5592 3500 5635 tcu-

1449 5734 1646 5796 Varite
1672 5731 1980 5794 lectiones
2011 5735 2070 5790 et
2109 5735 2295 5787 notae.

327 5865 370 5898 ’τ
404 5865 640 5937 πειράντ
