4240 6422
210 473 345 542 1251

1388 467 1853 531 CHRONICON.
1895 491 1964 504 -
2003 468 2155 530 LIB.
2197 472 2299 534 VI.

3302 468 3404 536 125
3416 472 3452 534 8

209 588 381 650 σέλιος
432 585 662 656 ὑποψίαν
706 584 979 654 παρέσχεν
1023 581 1097 645 ὡς
1147 581 1296 648 παρὰ
1343 579 1438 633 τοῦ
1486 580 1770 648 λογοθέτου
1800 586 1883 642 At

1800 586 1847 642 Α
1874 579 2016 633 dedit
2050 587 2107 632 ut
2137 595 2165 634 a
2192 580 2460 648 logotheta
2488 595 2694 635 veneno
2735 581 2980 637 sublatus
3013 601 3025 636 :
3057 596 3225 653 quare
3253 582 3344 637 hic
3375 586 3452 639 ah

208 679 486 749 φαρμάκῳ
526 677 794 748 ἀνῄρητο’
828 677 910 730 διὸ
954 676 1046 729 καὶ
1095 675 1249 745 παρὰ
1265 675 1310 704 ⁸⁵
1345 674 1453 726 τῶν
1493 672 1573 742 τῷ
1622 673 1772 725 Ῥου-

210 770 372 831 σελίῳ
398 770 782 840 προσηκόντων
814 768 891 838 τῷ
937 768 1264 838 Βοτανειάτῃ
1306 765 1655 836 παραδοθεὶς,
1694 766 1774 826 είς

214 863 343 931 μίαν
370 858 519 932 [τῶν]
555 861 661 930 πρὸ
689 859 788 928 τῆς
821 858 1094 928 βασιλίδος
1131 858 1243 911 τῶν
1270 857 1477 921 πόλεως
1504 857 1774 924 κειμένων

209 955 390 1023 νήσων
435 951 826 1021 περιορίζεται.
884 951 944 1003 ()ί
1005 950 1064 1003 δέ
1127 967 1189 1016 γε
1236 949 1364 1019 περὶ
1413 948 1504 1001 τὸν
1557 948 1778 1017 βασιλέα

207 1042 528 1107 δεδοικότες,
562 1043 633 1104 ὡς
663 1043 742 1104 είς
775 1042 896 1111 ὄψιν
935 1041 1214 1094 ἐλεύσεται
1248 1041 1326 1111 τῷ
1351 1040 1579 1110 βασιλεῖ,
1610 1053 1779 1108 προσο

209 1135 547 1202 ληφθήσεται
607 1135 701 1187 καὶ
756 1134 963 1197 πάντας
1019 1134 1527 1203 παραγκωνίσεται,
1589 1132 1779 1183 ὑποτι-

213 1226 368 1279 θέλσι
394 1229 469 1294 τῷ
504 1227 856 1299 Βοτανειάτῃ,
877 1226 1173 1298 ἀμυθήτων
1195 1226 1451 1297 εὐπορεῖν
1480 1223 1778 1294 χρημάτων

212 1318 304 1368 τὶν
331 1317 642 1387 λογοθὲτην,
675 1319 771 1371 καὶ
798 1317 972 1370 ταῦτα
992 1317 1068 1387 τῷ
1097 1315 1362 1386 βασιλικῷ
1390 1315 1586 1385 χρῆναι
1608 1329 1779 1383 προσ-

213 1406 499 1476 ενεχθῆναι
551 1407 783 1477 ταμείῳ.
835 1408 1117 1461 Στέλλεται
1158 1408 1338 1459 τοίνυν
1383 1405 1412 1456 6
1460 1403 1780 1474 Στραϐορω-

217 1499 411 1566 μανὸς,
445 1499 618 1568 μέγας
641 1499 1027 1569 ὲταιρειάρχης
1072 1500 1196 1551 τότε
1227 1498 1547 1568 γενόμενος,
1577 1496 1782 1564 ἐρωτή-

215 1604 324 1640 σων
347 1589 436 1640 τὸν
467 1588 753 1658 ἄνθρωπον
776 1589 878 1658 ὅπη
906 1588 1053 1658 αὺτῷ
1075 1589 1144 1642 τὰ
1173 1588 1274 1658 χρή
1286 1605 1430 1658 ματα
1454 1587 1782 1656 κέκρυπται.

215 1677 283 1729 Oi
313 1677 368 1728 δὲ
401 1680 528 1748 περὶ
562 1677 654 1731 τὸν
704 1679 928 1747 βασιλέα
978 1678 1071 1742 οὓς
1113 1679 1209 1732 καὶ
1237 1678 1530 1730 δεδοικέναι
1559 1676 1659 1744 τὴν
1690 1673 1784 1727 :06

216 1765 502 1832 λογοοέτου
556 1767 862 1836 παρουσίαν
911 1769 939 1820 6
992 1767 1150 1836 λόγος
1197 1766 1630 1837 προδιηγήσατο,
1667 1763 1787 1816 πεί-

218 1855 369 1908 Θουσι
421 1856 512 1909 τὸν
562 1857 1032 1929 Στραϐορωμανδν
1060 1857 1269 1911 ἀνελεῖν
1291 1857 1381 1910 τὸν
1408 1855 1692 1926 ἄνθρωπον
1722 1856 1785 1907 ὲκ

1885 669 2082 724 Urselii
2121 670 2324 726 familia
2363 672 2629 727 Botaniati
2668 673 2917 738 traditus,
2964 675 3018 727 in
3049 689 3208 729 unam
3240 672 3457 731 insula-

1890 774 2008 814 rum
2057 771 2184 817 ante
2216 762 2430 818 urbium
2471 764 2713 835 reginam
2745 765 2972 821 sitarum
3003 767 3294 838 relegatur.
3341 769 3456 824 lm-

1888 857 2156 923 peratoris
2213 866 2389 911 autem
2443 859 2680 912 ministri
2732 861 2984 915 timentes
3036 875 3103 915 ne
3157 861 3454 932 imperato-

1889 946 1964 1000 ris
1983 949 2156 1003 oculis
2215 948 2303 1003 ille
2345 949 2600 1018 placeret,
2641 963 3118 1022 assumereturque
3167 963 3223 1009 et
3263 969 3458 1012 omnes

1889 1039 2128 1106 ejiceret,
2175 1039 2436 1108 eflingnnt
2483 1041 2748 1098 Botaniati
2803 1043 3127 1111 logothetam
3173 1047 3460 1104 immensis

1891 1129 2166 1185 abundare
2198 1130 2422 1198 divitiis,
2442 1147 2642 1202 easque
2664 1135 2719 1188 in
2742 1135 2935 1189 aerario
2959 1135 3224 1200 imperiali
3267 1140 3459 1208 reponi

1891 1222 2109 1276 debere.
2161 1222 2392 1278 Mittitur
2429 1225 2612 1293 itaque
2646 1224 3126 1292 Straboromanus,
3169 1237 3300 1285 tunc
3342 1246 3462 1286 ma-

1891 1328 2030 1383 gnus
2086 1314 2458 1378 licueriarcha,
2531 1316 2905 1371 sciscitaturus
2971 1319 3039 1373 ab
3092 1320 3315 1376 homine
3364 1321 3461 1376 ubi

1892 1415 2022 1471 opes
2073 1419 2203 1459 suas
2247 1405 2644 1461 abscondisset.
2682 1405 2917 1462 Ministri
2947 1424 3078 1463 vero
3113 1410 3460 1480 imperatoria

1894 1508 2034 1562 quos
2067 1495 2353 1566 logothetze
2383 1499 2731 1564 praesentiam
2774 1500 2966 1554 timere
2995 1515 3164 1570 supra
3197 1501 3462 1564 diximus,

1895 1584 2124 1638 suadent
2175 1584 2598 1641 Straboromano
2625 1599 2682 1642 ut
2706 1591 2855 1643 omni
2888 1601 3046 1660 pacto
3086 1593 3260 1646 virum
3294 1594 3467 1649 interc

1895 1671 2061 1726 liciat.
2092 1670 2140 1728 ls
2165 1682 2369 1739 autem,
2401 1690 2523 1729 cum
2551 1677 2846 1746 appulisset
2881 1679 2948 1731 ad
2984 1679 3242 1746 insulam,
3276 1683 3329 1735 in
3354 1698 3462 1752 qua

1897 1763 2062 1818 homo
2089 1763 2394 1831 exsulabat,
2420 1767 2566 1822 hunc
2593 1778 2699 1822 tam
2727 1769 2858 1824 dirae
2891 1771 3124 1840 subjecit
3149 1774 3462 1842 quaestioni,

1898 1859 1957 1907 ut
1991 1855 2044 1908 in
2095 1857 2232 1925 ipsis
2266 1859 2552 1914 tormentis
2597 1862 2975 1931 exspiraverit,
3020 1867 3274 1934 quamvis
3309 1866 3465 1936 polli-

218 1950 420 2019 τρόπου
478 1951 675 2013 παντός
705 1968 718 1982 ’
754 1951 812 2014 ὃς
859 1953 954 2004 καὶ
983 1951 1279 2021 γενόμενος
1315 1950 1476 2015 ,κατὰ
1504 1951 1604 2020 τὴν
1639 1949 1798 2018 νῆσον
1828 1957 1872 2016 Β

1771 1967 1798 2002 ν
1828 1957 1872 2016 Β
1901 1956 2118 2002 ceretur
2152 1963 2211 2002 se
2237 1950 2419 2005 omnia
2461 1951 2510 2004 vi
2540 1951 2883 2023 chirographi
2915 1957 3192 2023 daturum,
3245 1959 3292 2012 si
3323 1974 3445 2029 quae

218 2039 278 2092 ὲν
385 2041 734 2110 περιώριστο,
782 2042 963 2105 ἐτάζει
995 2041 1084 2094 τὸν
1110 2042 1275 2111 ἄνδρα
1330 2041 1472 2094 οὕτω
1504 2039 1771 2109 σφοδρῶς,

1895 2038 2058 2092 stioni
2096 2041 2439 2096 eximeretur.
2475 2041 2567 2096 Sic
2594 2042 2758 2112 igitur
2788 2045 2877 2099 ille
2904 2047 3085 2116 periit.

214 2135 290 2197 ὼς
334 2135 391 2186 ἐν
415 2137 608 2199 αὐταῖς
677 2140 797 2201 ταῖς
842 2138 1095 2208 βασάνοις
1112 2137 1477 2206 ἐναποψύξαι·
1522 2133 1803 2189 καὶταῦτα
1840 2133 2270 2204 ὑπισχνούμενον
2301 2138 2353 2169 ⁵⁸
2379 2136 2457 2201 ὡς
2479 2139 2654 2192 πάντα
2672 2139 2786 2210 δοίη
2836 2141 3259 2216 ἐνυπογράφως,
3290 2149 3335 2202 εί
3371 2150 3463 2204 τὸν

220 2219 459 2297 δτασμὸν
500 2229 887 2302 [δια]ιρεύξοιτο
910 2247 926 2264 ο
955 2233 982 2285 6
1007 2231 1103 2302 μὲν
1123 2224 1217 2284 06v
1272 2231 1443 2293 οὕτως
1489 2227 1788 2282 ἀπόλωλεν.

296 2322 342 2352 ³⁷
367 2321 478 2393 (17)
523 2322 569 2354 ⁸⁸
628 2325 690 2376 Οί
740 2324 796 2377 δὲ
853 2324 1130 2394 Κομνηνοὶ
1179 2326 1207 2376 6
1269 2324 1538 2384 ’Ῑσαάκιος
1593 2321 1686 2373 καὶ
1716 2319 1789 2391 [ὁ]

233 2409 468 2474 Ἀλέξιος
521 2413 967 2483 ὑπερϐαλλόντως
1041 2415 1178 2484 πρὸς
1231 2413 1324 2466 :06
1381 2413 1645 2482 βασιλέως
1696 2411 1790 2466 καὶ

222 2502 512 2571 τετίμηντο
558 2504 653 2556 καὶ
705 2506 1047 2574 ἐστέργοντο,
1105 2505 1200 2556 καὶ
1257 2502 1536 2572 διαδόχους
1593 2501 1789 2562 αὐτοὺς

221 2589 320 2657 τῆς
356 2589 630 2657 βασιλείας
661 2593 933 2662 ὠνόμαζε.
971 2593 1061 2646 Διὸ
1100 2594 1193 2646 καὶ
1226 2594 1373 2662 παρὰ
1400 2592 1512 2645 τῶν
1539 2591 1667 2659 περὶ
1699 2590 1790 2642 τὸν

225 2680 586 2754 Βοτανειάτην
656 2686 901 2756 σφοδρῶς
960 2685 1382 2748 ὲϐασκαίνοντο,
1445 2684 1540 2736 καὶ
1592 2683 1792 2751 μᾶλλον

223 2773 377 2842 παρὰ
409 2773 516 2825 τῶν
551 2773 859 2842 εἰρημένων
882 2772 974 2825 δύο
1004 2772 1207 2825 δούλων
1237 2770 1426 2833 αὐτοῦ,
1452 2770 1500 2821 οἳ
1530 2771 1624 2822 καὶ
1657 2770 1794 2837 πρὸς

225 2867 431 2917 ἐκεῖνον
462 2867 588 2928 τοὺς
617 2866 818 2935 ἄνδρας
872 2865 1173 2930 διέϐαλλον,
1206 2865 1281 2925 ὡς
1312 2861 1604 2932 τυραννίδα
1637 2860 1794 2928 μελε-

223 2956 454 3019 τῶντας,
487 2957 582 3010 καὶ
609 2957 708 3027 τὴν
740 2959 821 3019 είς
864 2957 1063 3018 αὐτοὺς
1115 2953 1210 3008 :06
1262 2953 1524 3023 βασιλέως
1553 2950 1793 3004 διάθεσιν

227 3046 546 3117 ὑπώρυττόν
595 3065 655 3101 τε
707 3050 800 3101 καὶ
831 3047 1243 3118 ζπαρεσάλευον.
1283 3048 1350 3098 Ὃ
1398 3046 1616 3112 γνόντες
1644 3038 1788 3095 οὗτοι

227 3140 319 3191 καὶ
370 3141 525 3208 μήτι
583 3139 799 3191 πάθωσι
836 3139 1182 3208 πτοηθέντες,
1232 3137 1306 3199 ὡς
1360 3136 1414 3188 δὲ
1464 3135 1642 3202 λόγος,
1694 3135 1787 3185 καὶ

1969 2317 2239 2374 Comneni
2269 2329 2450 2374 autem
2483 2321 2703 2378 lsaacus
2727 2331 2781 2378 et
2801 2323 3025 2381 Alexius
3049 2328 3117 2382 ab
3141 2330 3467 2400 imperatore

1897 2411 2132 2465 maxime
2172 2412 2582 2467 honorabantur
2627 2415 3058 2487 amabanturque
3134 2423 3285 2491 regni
3338 2438 3467 2479 suc-

1898 2516 2144 2557 cessores
2181 2517 2273 2558 cos
2311 2513 2561 2559 vocante.
2613 2504 2800 2575 Itaque
2831 2509 3023 2564 aulicis
3055 2525 3252 2581 magno
3313 2526 3469 2569 erant

1898 2592 1952 2645 in
1983 2591 2128 2660 odio,
2162 2608 2223 2648 ac
2254 2597 2552 2661 praesertim
2584 2596 2822 2663 przefatis
2857 2599 3071 2654 duobus
3096 2602 3217 2670 ejus
3241 2604 3414 2661 servis
3447 2624 3461 2659 :

1901 2683 1994 2752 qui
2047 2683 2191 2753 apud
2235 2686 2383 2739 hunc
2419 2686 2543 2741 illos
2581 2687 2727 2743 viros
2780 2689 3257 2749 calumniabantur
3308 2696 3466 2764 quasi

1901 2778 2242 2844 tyrannidem
2308 2778 2662 2844 aﬂ‘ectarent,
2743 2781 2795 2834 in
2861 2796 3065 2852 eosque
3123 2787 3464 2856 imperatoris

1901 2862 2253 2918 offensionem
2297 2865 2630 2920 excitabant.
2661 2866 2779 2933 Quo
2821 2870 3027 2934 audito,
3065 2872 3164 2938 illi,
3217 2889 3284 2928 ne
3329 2875 3463 2944 quid

1900 2954 2027 3007 mali
2079 2955 2182 3008 sibi
2238 2955 2544 3022 accideret,
2602 2966 2653 3011 et
2718 2965 2775 3012 ut
2829 2958 3048 3026 dicitur,
3096 2961 3208 3032 jam
3257 2965 3463 3033 pridem

1900 3046 2048 3115 regni
2086 3047 2394 3115 cupidinem
2443 3044 2709 3114 foventes,
2743 3051 3086 3107 manifestato
3113 3055 3309 3122 quibus
3333 3071 3464 3111 con-

1895 3135 2131 3190 ﬁdebant
2185 3153 2284 3192 suo
2347 3138 2594 3202 consilio,
2646 3140 2851 3207 egressi
2900 3152 3027 3196 sunt
3077 3158 3142 3198 ex
3199 3146 3354 3209 urbe,
3412 3158 3468 3201 et

227 3228 395 3281 πάλαι
448 3229 578 3298 παρ’
618 3231 830 3292 ἑαυτοῖς
873 3231 964 3282 τὸν
1019 3231 1117 3299 τῆς
1173 3227 1453 3298 βασιλείας
1501 3228 1792 3295 τρέφοντες
1821 3259 1901 3320 C.

1821 3259 1867 3320 ο
1896 3226 2246 3297 Adrianopoli
2276 3237 2453 3298 capta,
2502 3230 2567 3284 ad
2600 3246 2657 3285 se
2701 3242 2870 3285 totum
2904 3233 3017 3289 fere
3051 3238 3353 3291 exercitum
3385 3248 3466 3292 at-

225 3317 424 3390 έρωτα,
452 3324 550 3374 καὶ
577 3321 757 3384 ἄλλοις
786 3317 866 3384 οἷς
897 3321 1162 3392 ἐθάρρουν
1188 3321 1249 3373 τδ
1281 3320 1553 3390 βούλευμα
1604 3335 1792 3371 κοινω-

229 3413 476 3481 σάμενοι,
507 3412 734 3481 ἐξῆλθον
763 3415 862 3481 τῆς
889 3413 1123 3474 πόλεως·
1153 3412 1246 3464 καὶ
1274 3413 1371 3481 τὴν
1398 3411 1552 3464 πόλιν
1585 3412 1794 3481 Ἀδρια-

227 3506 321 3559 νοῦ
371 3507 787 3576 κατειληφότες,
815 3507 979 3576 900
1013 3508 1094 3567 είς
1142 3507 1368 3566 ἑαυτοὺς
1422 3505 1484 3558 τὸ
1525 3521 1790 3574 στρατιω-

226 3597 373 3648 τικδν
409 3597 626 3667 ξύμπαν
671 3599 858 3666 σχεδὸν
897 3598 1277 3649 ἐπεσπάσαντο
1299 3613 1314 3625 ·
1347 3598 1441 3651 καὶ
1488 3597 1790 3667 ἀναγορεύ-

227 3705 346 3740 εται
388 3689 636 3757 βασιλεὺς
670 3692 697 3741 ὁ
747 3687 976 3751 ’Λλέξιος
1004 3688 1098 3740 τοῦ
1149 3688 1392 3757 μείζονος
1434 3689 1794 3758 προτιμηθεὶς

229 3779 482 3847 ἀδελφοῦ,
517 3782 597 3832 ὅτι
644 3797 704 3831 τε
739 3780 1097 3849 προσέκειντο
1153 3780 1328 3850 τούτῳ
1374 3783 1421 3832 οἱ
1464 3781 1794 3850 στρατιῶται

233 3870 430 3939 μᾶλλον
462 3870 536 3931 ὡς
584 3870 1100 3940 στρατηγικωτέρῳ,
1129 3872 1224 3922 καὶ
1254 3871 1334 3922 ὅτι
1371 3871 1571 3939 σπουδῇ
1603 3888 1660 3922 τε
1703 3873 1796 3922 καὶ

229 3963 554 4032 ὑποσχέσεσι
588 3962 738 4030 παρὰ
778 3963 885 4014 τῶν
945 3963 1073 4031 περὶ
1111 3962 1272 4014 αὑτὸν
1305 3962 1791 4032 μεθειλκύσθησαν.

230 4053 415 4116 Οὕτως
448 4054 539 4106 οὖν
567 4054 895 4124 ἀναρρηθεὶς
933 4055 960 4104 6
1007 4053 1260 4115 Ἀλέξιος,
1281 4056 1372 4105 καὶ
1395 4053 1487 4105 τοῦ
1525 4054 1793 4107 Ἰσαακῐου

235 4146 310 4216 μὴ
343 4148 480 4198 πάνυ
511 4163 561 4198 τι
597 4147 731 4216 πρὸς
759 4146 858 4215 τὴν
892 4147 1194 4217 ἀνάρρησιν
1228 4147 1673 4216 δυσχεράναντος,
1699 4149 1795 4217 τὴν

233 4240 479 4310 βασιλίδα
533 4239 944 4306 καταλαμϐάνει
975 4240 1070 4292 καὶ
1106 4241 1243 4309 πρὸς
1287 4241 1603 4312 πολιορκίαν
1632 4242 1796 4310 ¹ἡτοί-

231 4349 426 4401 μαστο.
483 4331 540 4383 Ὀ
582 4333 639 4384 δὲ
688 4333 1045 4402 Βοτανειάτης
1088 4336 1200 4395 τοῖς
1248 4333 1484 4401 τείχεσιν
1527 4333 1793 4401 ἐπέστησε

231 4425 474 4492 φύλακας
521 4440 533 4453 ·
586 4420 724 4494 ἦσαν
784 4425 839 4476 δὲ
887 4425 1016 4494 περί
1052 4427 1096 4457 ⁸⁸
1123 4442 1246 4477 τινα
1284 4424 1493 4494 πύργον
1545 4424 1682 4494 πρὸς
1728 4427 1794 4494 τῇ

233 4518 376 4588 πύλῃ
411 4519 508 4586 τῆς
539 4517 766 4582 πόλεως,
789 4520 822 4589 ἢ
845 4519 1084 4587 Χαρσίου
1127 4519 1394 4580 καλεῖται,
1429 4517 1797 4585 φυλάσσοντες

1897 3330 2200 3375 traxerunt.
2267 3319 2421 3376 Tunc
2469 3322 2734 3376 salutatur
2763 3324 3055 3392 imperator
3091 3327 3314 3384 Alexius
3353 3344 3469 3383 ma<

1890 3413 1997 3481 jori
2062 3414 2398 3482 antepositus
2462 3412 2639 3480 fratri,
2706 3426 2818 3469 tum
2886 3418 3016 3485 quia
3068 3421 3262 3474 melius
3312 3431 3465 3475 erant

1897 3503 2073 3559 affecti
2105 3507 2304 3560 milites
2337 3506 2390 3559 in
2421 3521 2541 3560 eum
2574 3515 2759 3576 utpote
2795 3508 2918 3562 belli
2961 3509 3296 3577 peritiorem,
3347 3524 3460 3568 tum

1896 3596 2021 3664 quia
2057 3597 2237 3651 studio
2277 3604 2330 3650 et
2370 3594 2654 3665 promissis
2697 3597 2974 3654 fautorum
3008 3602 3128 3671 ejus
3168 3605 3345 3661 allecti
3375 3622 3462 3660 cs-

1896 3697 2039 3740 sent.
2085 3687 2177 3741 Sic
2208 3688 2366 3756 igitur
2394 3688 2756 3758 proclamatus
2801 3691 3044 3759 Alcxius,
3076 3693 3260 3750 lsaaco
3305 3712 3462 3766 aequo

1898 3778 2081 3831 animo
2115 3778 2338 3856 ferente,
2377 3779 2661 3848 ncCupavit
2692 3781 2972 3850 imperium
3019 3800 3186 3855 seque
3213 3788 3279 3841 ad
3314 3790 3462 3844 urbis

1896 3870 2238 3924 obsidionem
2317 3872 2570 3924 accinxit.
2638 3873 2948 3928 Botaniates
3009 3892 3136 3931 vero
3190 3881 3462 3935 mmnihus

1897 3962 2190 4030 praeposuit
2227 3963 2501 4015 custodes.
2540 3961 2709 4016 Porro
2759 3965 2947 4030 turris,
2982 3967 3082 4021 sita
3115 3983 3278 4038 prope
3311 3971 3461 4025 urbis

1898 4064 2105 4122 partam
2140 4071 2261 4122 qua:
2293 4053 2505 4107 Charsii
2549 4067 2789 4119 vocatur,
2829 4059 3238 4114 custodiebatur
3291 4078 3320 4115 a
3355 4062 3456 4117 Ne-

1900 4146 2074 4199 initzis
2108 4145 2357 4216 (Ncmitzi
2391 4155 2547 4198 erant
2577 4148 2799 4201 natione
2824 4149 3007 4217 Celtze)
3034 4169 3049 4203 :
3082 4151 3136 4203 hi
3167 4166 3290 4205 cum
3322 4154 3462 4206 ami-

1897 4239 1975 4291 cis
2002 4238 2263 4291 Comneni
2295 4238 2543 4292 collocuti
2568 4248 2696 4293 sunt
2723 4238 2789 4291 de
2820 4244 2951 4293 urbe
2984 4243 3286 4310 prodenda.
3309 4244 3462 4299 Mane

1896 4329 2061 4398 igitur
2107 4329 2239 4383 feria
2274 4329 2460 4397 quinta
2488 4327 2712 4397 Majoris
2763 4327 3124 4385 Hebdomadze
3164 4334 3461 4389 salutiferw

1899 4420 2194 4476 Salvatoris
2240 4423 2414 4476 nostri
2452 4421 2746 4487 Passionis,
2781 4423 2881 4477 viri
2924 4423 3186 4478 Conmeni
3226 4428 3461 4480 exterio-

1900 4527 2012 4566 rem
2045 4529 2260 4566 murum
2302 4514 2604 4582 oppositum
2661 4515 2794 4566 turri
2822 4530 2851 4567 a
2891 4512 3149 4570 Nemitzis
3181 4519 3464 4573 custodita:

231 4610 718 4678 Νέμιτζοι-Ξθνος
753 4609 796 4660 δ’
829 4611 878 4662 οἱ
901 4609 1162 4680 Νέμιτζοι
1185 4611 1228 4642 ⁸⁸
1281 4609 1629 4662 Κελτικὸν-ο
1650 4603 1795 4661 οὗτοι
1829 4605 1870 4659 D
1900 4625 1905 4659 :

1787 4627 1795 4660 ι
1829 4605 1870 4659 D
1900 4607 2137 4676 aggressi
2184 4618 2309 4660 sunt
2333 4606 2484 4674 juxta
2515 4605 2953 4661 conventioxxem.
3007 4607 3108 4671 Qui
3138 4623 3266 4662 vero
3319 4610 3461 4665 hunc

233 4701 407 4769 λάθρα
462 4704 572 4762 τοῖς
621 4703 748 4770 περὶ
789 4702 912 4762 τοὺς
947 4702 1267 4771 Κομνηνοὺς
1317 4700 1794 4768 ἑκοινολογήσαντο

235 4795 364 4862 περὶ
415 4793 704 4863 προδοσίας
765 4795 862 4861 τῆς
921 4793 1146 4854 πόλεως.
1179 4793 1385 4843 "Etust
1407 4791 1499 4844 06v
1527 4791 1668 4843 κατὰ
1697 4789 1795 4858 τὴν

235 4884 476 4955 μεγάλην
534 4885 790 4952 πέμπτην
861 4884 960 4952 τῆς
1029 4883 1319 4951 ἑϐδομάδος
1377 4881 1470 4933 τοῦ
1529 4881 1794 4946 σωτηρίου

233 4978 437 5039 πάθους
461 4978 552 5028 τοῦ
580 4978 829 5047 Σωτῆρος
860 4976 1037 5044 ἡμῶν,
1069 4975 1116 5026 οί
1144 4975 1239 5041 μὲν
1271 4975 1399 5041 περὶ
1435 4975 1555 5034 τοὺς
1579 4974 1798 5042 Κομνη-

232 5072 355 5132 νοὺς
381 5070 456 5138 τῷ
490 5071 606 5121 κατ’
629 5070 855 5136 ἄντικρυ
888 5065 980 5117 τοῦ
1014 5068 1163 5137 παρὰ
1191 5067 1296 5117 τῶν
1327 5064 1616 5129 Νεμίτζων
1641 5080 1796 5116 κατε·

233 5163 466 5232 χομένου
502 5162 711 5231 πύργου
763 5162 1012 5230 ὲξωτέρῳ
1042 5161 1209 5228 τείχει
1239 5157 1609 5224 προσέϐαλλον
1653 5157 1792 5208 κατὰ

236 5256 504 5324 σύνθημα,
538 5256 600 5306 Oi.
626 5254 669 5305 δ’
701 5255 1006 5320 ὲφεστωτες
1042 5251 1190 5317 αὺτῴ
1219 5250 1340 5310 τοὺς
1361 5249 1792 5318 προσϐάλλοντας

231 5346 455 5399 ἔϐαλλον
506 5346 600 5399 καί
660 5347 920 5414 ἀπεῖργον
977 5344 1071 5396 τοῦ
1130 5341 1408 5411 προσιέναι
1467 5340 1670 5409 ἀγχοῦ·
1718 5339 1793 5400 ὡς

228 5434 277 5486 6'
315 5435 417 5487 ὑπὸ
450 5435 556 5487 τῶν
580 5434 865 5503 Νεμίτζων
902 5434 964 5484 ἐκ
993 5431 1083 5485 τοῦ
1115 5433 1322 5499 πύργου
1352 5431 1399 5481 οἱ
1431 5431 1485 5482 ἐν
1518 5429 1595 5498 τῷ
1622 5431 1787 5498 τείχει

229 5528 535 5591 ἐϐάλλοντο,
572 5529 646 5595 μὴ
679 5523 778 5579 οἷοί
819 5541 874 5577 τε
907 5525 1056 5585 ὅντες
1110 5524 1204 5576 καὶ
1257 5522 1391 5591 πρὸς
1449 5522 1575 5583 τοὺς
1633 5523 1789 5583 ἐκτὸς

1903 4714 2117 4753 murum
2173 4699 2566 4768 protegebant,
2631 4698 2982 4753 ascendentes
3035 4701 3360 4766 dejiciebant
3409 4716 3463 4757 ct

1895 4793 1962 4845 ab
2005 4806 2225 4845 accessu
2276 4789 2672 4858 prohibebant;
2731 4787 2825 4842 sed
2861 4805 2982 4843 cum
3022 4805 3050 4842 a
3085 4789 3346 4847 Ncmitzis
3394 4810 3459 4848 ex

1896 4891 2043 4935 turre
2083 4881 2202 4933 telis
2250 4879 2640 4948 impeterentur
2664 4877 2804 4930 muri
2845 4877 3182 4943 defensores,
3215 4896 3323 4934 non
3363 4898 3459 4935 va-

1896 4973 2066 5027 lentes
2099 4971 2261 5026 simul
2293 4972 2546 5025 resistere
2569 4970 2808 5023 externis
2838 4970 3164 5022 adversariis
3208 4979 3260 5024 et
3307 4973 3460 5027 oblu-

1901 5065 2034 5119 ctari
2061 5063 2482 5131 internisjacula
2513 5063 2562 5113 in
2590 5062 2735 5129 ipsos
2757 5075 2786 5113 a
2806 5061 2990 5113 dextra
3021 5062 3458 5122 immittentibus.

1901 5171 1929 5209 a
1965 5165 2157 5207 coriatn
2204 5155 2543 5206 destiterunt.
2585 5150 2736 5203 Tunc
2787 5152 3046 5204 montium
3095 5168 3461 5221 aggressorcs,

1901 5247 2182 5316 applicatis
2235 5261 2389 5298 muro
2444 5243 2609 5296 scafis
2656 5244 3032 5307 ascenderunt,
3069 5254 3461 5315 portarumque

1904 5354 2055 5392 seras
2116 5337 2397 5391 securibus
2454 5335 2820 5399 abscidentes,
2881 5336 3092 5389 facilem
3157 5338 3457 5406 conjuratis

1900 5439 2224 5498 aperuerunt
2283 5427 2508 5480 aditum.
2562 5425 2684 5492 Quo
2746 5428 2883 5490 viso,
2923 5431 3062 5481 inuri
3116 5429 3308 5481 interni
3372 5445 3464 5484 cu-

1898 5523 2103 5589 stodes,
2131 5521 2359 5591 gregarii
2396 5520 2641 5574 homines
2684 5528 2738 5574 et
2759 5523 3001 5592 plerique
3027 5522 3148 5575 belli
3171 5521 3353 5588 rudes,
3383 5525 3461 5576 vtl

1428 5671 1624 5730 Variae
1673 5672 1978 5734 lectiones
2024 5675 2083 5730 et
2128 5671 2318 5727 noue.

306 5804 348 5837 ἰ
381 5801 505 5851 πεοί
541 5797 661 5849 Par.
708 5795 860 5849 1708.
941 5799 986 5826 ⁸⁸
1019 5795 1446 5862 ὑπισχνουμένου
1489 5792 1620 5843 Znn.
1670 5806 1761 5832 -·’
1795 5795 1850 5843 ὲν
1877 5790 2220 5854 ἁπογοάφοις
2267 5786 2401 5840 Ζοιι.
2477 5785 2519 5814 ⁸⁷
2551 5783 2704 5866 108d.

306 5876 335 5910 η
393 5849 465 5910 ιι⁸
518 5869 554 5910 l-‘.
611 5870 705 5910 ‘2?“
762 5871 821 5910 Α-
901 5867 945 5897 ιο
990 5884 1045 5910 υ.-
1076 5865 1159 5910 [ὼε
1206 5881 1322 5910 cm.
1362 5865 1407 5910 οι
1445 5880 1524 5910 στ-
1556 5862 1688 5910 Ζυιι.
1768 5865 1808 5894 ιο
1846 5861 1994 5910 παρά.
2027 5859 2158 5910 Ζοιι.
2238 5859 2277 5889 ⁶¹
2305 5854 2574 5910 Νέαετζοι
2605 5856 2688 5910 bis

1768 5865 1808 5894 ‘°
1846 5861 1994 5930 ποιρὰ
2027 5859 2158 5914 Ζυιι.

226 5876 335 5927 250
392 5862 465 5936 Β,
516 5869 554 5921 l'l
611 5870 707 5922 231
759 5871 822 5920 Α.
901 5867 945 5897 ⁶⁹
990 5884 1047 5934 μ,
1076 5865 1159 5926 ιὼς
1206 5881 1322 5934 στρ.
1362 5865 1407 5917 0i
1445 5880 1524 5916 στ.
1556 5862 1688 5916 Ζυιι.

557 5963 819 6024 ΡΑτιιοι..
865 5961 982 6021 Gn.
1027 5959 1150 6018 CX.

2813 5785 2855 5815 ⁸⁸
2886 5783 3007 5837 Par.
3068 5784 3198 5838 1708
3231 5815 3293 5823 --
3324 5783 3457 5841 Ζοιι.

2238 5859 2277 5889 ⁶¹
2305 5854 2574 5928 Νέμετζοι
2605 5855 2688 5910 bis
2726 5854 2860 5911 Zon.

3007 5944 3081 6006 40
