4240 6422
764 411 904 480 1259

1977 403 2301 468 GEORGII
2340 403 2791 466 HAMARTOLI

3890 412 4031 476 1260

761 529 1011 598 potius-e
1052 525 1171 580 foro
1214 533 1269 578 et
1313 521 1523 594 vulgari
1565 519 1909 576 multitudine
1967 519 2328 583 conﬂuentes,
2365 519 2409 574 Δ

2365 519 2409 574 Α
2438 517 2791 570 ἀνθίστασθαι
2825 517 2919 570 καὶ
2953 520 3087 588 πρὸς
3127 519 3254 582 τοὺς
3297 520 3455 583 ἐκτὸς
3499 522 3917 592 ἀπομάχεσθαι,
3967 513 4028 576 ἐξ

760 621 855 675 alii
919 616 1352 681 descenderunt,
1411 616 1504 670 alii
1584 629 1644 668 se
1706 612 2103 684 praeipitantes
2179 609 2336 678 fuge-

764 716 910 763 runt.
974 706 1130 762 Unde
1188 720 1219 760 a
1277 705 1550 776 plerisque
1603 700 2006 771 impedimentis
2056 698 2332 768 expediti,

761 802 941 868 ipsum
992 797 1309 851 interiorem
1350 808 1566 846 murum
1599 791 1861 847 Comneni
1917 791 2116 845 milites
2167 805 2334 844 occu-

763 897 1051 958 paverunt,
1083 885 1451 955 reseratisque
1483 887 1684 955 pariter
1715 883 1880 953 hujus
1929 885 2127 952 portis,
2159 882 2333 934 intra-

761 989 959 1034 verunt
1007 981 1059 1033 in
1111 978 1301 1032 urbem
1351 978 1682 1048 quicumque
1721 975 1950 1030 aderant
1990 982 2093 1041 ;et
2146 974 2332 1028 statim

760 1075 826 1125 ad
879 1086 1042 1140 opum
1075 1071 1434 1139 direptionem
1491 1077 1854 1121 cucurrerunt
1909 1065 2332 1134 ingredientium

758 1163 1045 1217 commista
1106 1158 1416 1222 multitudo,
1461 1173 1524 1212 ex
1561 1157 1885 1221 Thracibus,
1923 1155 2332 1219 Macedonibus,

760 1254 1128 1322 Romanisque
1167 1253 1289 1307 aliis
1321 1262 1375 1306 et
1397 1252 1642 1306 barbaris
1672 1258 1940 1313 concreta;
1979 1249 2122 1302 baud
2155 1250 2334 1301 minus

761 1346 956 1400 infensi
994 1344 1206 1400 civibus
1251 1344 1367 1398 suis
1444 1357 1610 1412 quam
1663 1341 1867 1395 hostes.
1902 1339 2116 1393 Etenim
2162 1354 2334 1408 usque

760 1438 829 1494 ad
887 1437 1170 1506 sanguinis
1215 1435 1534 1490 effusionem
1583 1432 1852 1502 processit
1888 1432 2112 1494 malum,
2141 1441 2196 1485 et
2225 1431 2334 1485 vir-

761 1530 913 1600 gines
937 1529 1042 1583 Deo
1067 1535 1400 1582 consecrata:
1427 1540 1550 1579 cum
1580 1525 1861 1594 sacrilegio
1880 1524 2155 1579 deﬂorata:
2179 1531 2332 1588 sunt,

761 1634 808 1677 et
856 1622 1111 1675 mulieres
1154 1620 1287 1674 viris
1350 1617 1656 1686 conjuncta:
1691 1632 1785 1684 per
1825 1615 1934 1669 vim
1997 1615 2334 1692 fmdata:,et

760 1714 960 1781 templa
985 1712 1171 1766 divina
1200 1709 1600 1765 decoramentis
1631 1709 1861 1777 spoliata
1890 1724 1904 1771 ;
1945 1717 1999 1762 et
2045 1723 2114 1762 ne
2155 1693 2332 1762 sacris

755 1804 974 1874 quidem
1022 1802 1286 1856 calicibus
1331 1807 1716 1870 pepercerunt.
1766 1798 1860 1852 sed
1908 1806 1963 1851 et
2024 1797 2126 1852 bos
2155 1795 2334 1866 impu-

755 1893 1063 1950 dentissimi
1085 1903 1139 1946 et
1159 1900 1378 1948 sanctas
1395 1890 1606 1961 phialas
1629 1894 1925 1944 incruenta:
1946 1903 2010 1943 ac
2040 1888 2334 1943 tremenda:

754 1987 945 2055 plenas
975 1983 1178 2038 hostia:
1209 1981 1576 2052 diripuerunt,
1609 1980 1946 2035 eﬂ'undentes
1980 1995 2136 2035 sacra
2169 1993 2335 2049 super

756 2086 984 2129 terram.
1019 2073 1404 2142 Quoscumque
1443 2087 1573 2126 vero
1625 2081 1911 2126 senatores
1939 2071 2130 2126 obvios
2159 2070 2332 2125 habe-

754 2175 896 2230 rent.
922 2181 1016 2222 eos
1057 2167 1218 2223 mulis
1243 2166 1642 2236 imposuerunt,
1682 2164 1896 2235 aliquos
1921 2162 2085 2219 etiam
2131 2162 2333 2218 vestitu

755 2267 1040 2324 cxuentes,
1069 2272 1165 2328 per
1209 2257 1418 2312 medias
1442 2255 1557 2310 vias
1609 2254 1926 2309 Seminudos
1955 2262 2007 2307 et
2054 2253 2333 2323 pedestres

753 2349 1113 2418 reliquerunt.
1141 2347 1208 2402 Et
1230 2349 1334 2404 hoc
1357 2364 1452 2419 per
1471 2357 1641 2402 totam
1654 2348 1797 2402 diem
1816 2347 2016 2401 factum
2035 2355 2154 2412 est;
2180 2356 2236 2400 et
2249 2360 2333 2400 ca-

753 2439 974 2493 lamitas
997 2453 1171 2508 usque
1184 2438 1253 2492 ad
1270 2436 1613 2507 Bosphorum
1635 2438 1898 2505 pervenit,
1924 2435 2064 2491 facta
2082 2449 2334 2490 commu-

755 2534 842 2586 nis
859 2542 912 2586 et
936 2531 1259 2585 universalis
1284 2546 1300 2596 ;
1325 2545 1391 2585 ac
1418 2528 1663 2584 nonnulli
1682 2528 1846 2582 etiam
1867 2543 2041 2598 usque
2063 2529 2130 2582 ad
2145 2527 2334 2581 Phi-la-

750 2622 1026 2691 delphiam
1049 2623 1253 2676 etultra
1273 2633 1650 2677 cucurrerunt.
1673 2620 1940 2674 Omnibus
1954 2627 2135 2674 autem
2149 2618 2215 2672 ad
2237 2633 2333 2688 po-

755 2713 1052 2783 pulandum
1076 2714 1361 2782 dispersis,
1391 2714 1650 2767 Comneni
1670 2711 1779 2766 fere
1800 2713 1898 2766 soli
1923 2727 2045 2765 cum
2063 2711 2330 2780 paucissi-

751 2807 860 2859 mis
896 2805 1188 2859 (omitibus
1217 2811 1618 2868 remanserunt,
1663 2812 1826 2871 atque
1851 2801 2093 2856 Taurum
2124 2801 2328 2871 adepti,

755 2897 895 2950 ultra
928 2897 1220 2965 procedere
1268 2913 1376 2950 non
1407 2899 1524 2949 ausi
1572 2903 1700 2950 sunt
1729 2911 1744 2948 :
1779 2894 1916 2948 adeo
1946 2895 2092 2950 enim
2123 2894 2333 2948 viribus

758 2990 824 3043 ad
875 3004 1112 3059 pugnam
1167 2998 1324 3044 erant
1381 2988 1680 3054 imminuti,
1735 2995 1793 3040 ut
1828 2987 1874 3041 si
1935 2986 2030 3054 qui
2071 3000 2163 3040 eos
2200 2993 2331 3038 tunc

753 3091 940 3136 essent
969 3082 1165 3144 adorti,
1186 3080 1346 3135 facile
1376 3095 1472 3135 eos
1497 3082 1771 3148 cepissent
1801 3087 1853 3131 et
1884 3078 2099 3132 vinctos
2131 3078 2198 3131 ad
2229 3076 2332 3131 Bo-

753 3172 1017 3226 taniatein
1051 3173 1355 3228 duxissent.
1407 3170 1512 3225 Sed
1555 3171 1702 3239 quod
1739 3169 1880 3224 Deus
1923 3170 2156 3234 volebat,
2204 3184 2328 3222 mu-

755 3266 860 3318 tari
894 3279 1000 3319 non
1026 3275 1258 3335 poterat.
1290 3265 1600 3318 Botaniates
1623 3271 1901 3331 comperto
1928 3263 2335 3317 Comnenorum

759 3358 1017 3419 adventu,
1049 3357 1158 3410 exit
1185 3371 1214 3410 e
1247 3357 1470 3425 palatio,
1500 3355 1726 3424 alijectis
1750 3370 1873 3424 qure
1907 3353 2048 3410 forte
2077 3355 2335 3426 portabat

755 3448 1045 3517 purpureis
1072 3447 1481 3513 calceamentis,
1521 3445 1798 3515 proleCtus
1827 3457 1908 3502 est
1939 3448 1993 3500 in
2052 3457 2330 3501 monasteo

754 3537 896 3589 rium
930 3534 1246 3605 Periblepti,
1276 3537 1435 3605 cujus
1466 3537 1601 3607 ipse,
1630 3548 1752 3605 post
1803 3536 2105 3591 Romanum
2160 3538 2330 3609 Argy-

755 3627 1006 3696 ropulum
1052 3629 1461 3696 imperatorem,
1501 3629 1777 3683 secundus
1824 3627 2002 3683 factus
2025 3637 2109 3684 est
2145 3630 2325 3684 domi-

752 3735 904 3786 nus;
934 3720 1007 3773 ibi
1050 3733 1268 3774 comam
1310 3720 1520 3783 tondet,
1547 3729 1838 3790 vestesque
1892 3727 2088 3783 mutat,
2135 3737 2328 3778 mona-

753 3810 982 3867 chorum
1045 3810 1278 3864 induens
1320 3825 1585 3879 pannum,
1635 3821 1689 3864 et
1722 3822 2008 3882 postquam
2048 3814 2123 3868 ibi
2155 3816 2327 3871 vixis-

2437 606 2768 678 ὑπερδεξίων
2799 607 2879 670 είς
2929 608 3130 671 αὐτοὺς
3171 609 3584 675 ἀκοντίζοντας,
3611 613 3893 666 ἐνέδωκαν
3922 614 4023 682 τῆς

2435 697 2635 767 ὁρμῆς.
2671 699 2734 748 Ol
2763 696 2820 749 δὲ
2843 698 3302 768 τειχομαχοῦντες
3345 701 3604 770 κλίμαξιν
3650 704 3852 757 αὐτίκα
3887 706 4028 772 πρὲς

2435 789 2498 842 τὸ
2516 791 2693 859 τεῖχος
2717 789 2965 860 ἀνῄεσαν
2996 791 3092 842 καὶ
3133 791 3202 843 τὰ
3233 793 3458 864 κλεῖθρα
3483 795 3593 846 τῶν
3616 795 3807 848 πυλῶν
3839 797 4026 848 διατε-

2441 880 2634 949 μόντες
2683 880 2970 934 πελέκεσιν
3001 881 3190 934 ἄνετον
3217 887 3329 945 τοῖς
3364 886 3688 955 συνομόταις
3735 890 4027 956 παρέσχον

2435 972 2537 1040 τὴν
2571 971 2794 1024 είσοδον.
2827 973 3006 1042 Ὅπερ
3069 973 3268 1036 ἰδόντες
3313 975 3364 1026 οί
3402 976 3493 1027 τὸν
3533 979 3684 1040 ἐντὸς
3725 979 4029 1045 τηροῦντες

2439 1061 2726 1131 περίϐολον
2782 1061 3085 1129 σύγκλυδες
3143 1063 3458 1134 ἄνθρωποι,
3511 1069 3608 1118 καὶ
3658 1066 3922 1135 πολέμων
3979 1069 4029 1118 cl

2439 1153 2684 1216 πλείονες
2734 1153 2957 1217 ἀδαεῖς,
3003 1155 3036 1223 ἢ
3097 1156 3300 1222 μᾶλλον
3357 1155 3415 1220 ἐξ
3480 1157 3763 1224 ἀγοραῐων
3830 1158 4027 1226 ἀθροιο

2438 1244 2659 1308 σθέντες
2704 1247 2804 1298 καὶ
2850 1245 3090 1316 πληθύος
3136 1247 3453 1315 δημότιδος,
3499 1248 3549 1300 οί
3587 1251 3688 1317 μὲν
3739 1254 4027 1314 κατιόντες

2435 1336 2663 1406 ᾤχοντο,
2694 1339 2744 1390 οἱ
2788 1338 2845 1391 δὲ
2877 1338 2971 1391 καὶ
3011 1339 3243 1402 ἑαυτοὺς
3271 1341 3591 1408 ἐπισφαλῶς
3631 1347 4026 1413 κατακρημνί-

2436 1428 2622 1492 ζοντες
2653 1428 2902 1496 ἔφευγον.
2944 1429 3108 1482 Ὅθεν
3145 1432 3286 1484 κατά
3316 1433 3516 1501 πολλὴν
3547 1433 3640 1485 τοῦ
3677 1435 4026 1497 κωλύσοντος

2436 1514 2672 1583 ἐρημίαν
2713 1515 2810 1567 καὶ
2849 1516 2941 1567 τόν
2968 1517 3120 1580 ἐντὸς
3152 1518 3441 1588 περίϐολον
3477 1523 3526 1572 οἱ
3577 1522 3706 1592 περὶ
3739 1526 3872 1584 τοὺς
3921 1525 4028 1576 Κο-

2440 1608 2674 1675 μνηνους
2703 1609 3097 1678 παρειλήφασι,
3130 1611 3350 1672 καὶτὰς
3391 1611 3583 1663 τούτου
3625 1612 3800 1674 πύλας
3817 1613 4026 1680 ὁμοίως

2437 1699 2880 1762 ἀναπετάσαντες
2931 1700 3108 1771 βατὴν
3141 1702 3242 1773 τὴν
3292 1703 3448 1755 πόλιν
3482 1703 3644 1755 παντί
3694 1720 3799 1755 που
3853 1705 4027 1772 παρέ-

2438 1804 2666 1857 σχοντο·
2696 1791 2799 1842 καὶ
2844 1790 3044 1842 αὐτίκα
3094 1791 3234 1861 πρὸς
3267 1791 3582 1862 διαρπαγὴν
3639 1794 3951 1862 χρημάτων
3976 1796 4024 1844 ci

2369 1872 2410 1928 Β
2440 1881 2778 1946 εἰσελθόντες
2819 1883 3139 1954 ῶρμήκασι,
3173 1885 3482 1955 σύμμικτον
3509 1885 3734 1954 πλῆθος,
3768 1888 3831 1937 ἐκ
3874 1886 4026 1956 Θρα-

2441 1973 2554 2027 κῶν
2603 1991 2666 2027 τε
2719 1976 2814 2028 καὶ
2858 1976 3186 2029 Μακεδόνων
3237 1977 3336 2029 καὶ
3399 1975 3690 2046 Ῥωμαίων
3719 1976 3900 2028 ἀλλων
3930 1977 4026 2029 καὶ

2440 2063 2736 2138 βαρϐάρων
2761 2067 3108 2136 συνεστηκὸς,
3138 2067 3293 2122 οὐδὲν
3318 2069 3542 2137 ἄμεινον
3573 2067 3854 2136 πολεμίων
3887 2071 4025 2138 τρῖς

2439 2161 2567 2222 τοὺς
2603 2159 2911 2230 ὁμοφύλους
2939 2157 3330 2231 διατιθέμενοι.
3373 2162 3484 2214 Καὶ
3513 2162 3677 2231 μέχρι
3713 2160 3878 2230 901
3915 2164 4027 2231 γὰρ

2439 2242 2721 2320 ἐκχύσεως
2749 2251 3005 2321 αίμάτων
3032 2253 3402 2322 προύχώρησε
3434 2254 3497 2305 τὸ
3525 2254 3722 2320 κακὸν,
3758 2256 3854 2304 καὶ
3883 2269 4026 2318 παρ-

2439 2341 2580 2396 θένοι
2601 2342 2661 2396 δὲ
2689 2343 2770 2414 τῷ
2803 2343 2924 2415 Θεῷ
2947 2343 3360 2416 καθιερωμέναι
3394 2345 3610 2407 ἀσεϐῶς
3649 2345 4022 2414 ἐμιάνθησαν,

2439 2434 2537 2489 καὶ
2603 2438 2862 2502 γυναῖκες
2916 2436 3144 2507 ἀνδράσι
3203 2436 3632 2508 συνεζευγμέναι
3696 2438 3838 2506 πρὸς
3901 2437 4024 2505 βίαν

2438 2527 2812 2598 ύϐρίσθησαν’
2865 2530 2964 2583 καὶ
3012 2529 3148 2581 θεῖοι
3182 2529 3304 2582 ναοὶ
3325 2529 3416 2583 τὸν
3448 2531 3654 2599 κόσμον
3683 2528 3869 2581 αὐτῶν
3899 2531 4024 2580 ἐσυο

2437 2618 2682 2688 λήθησαν
2702 2637 2717 2651 ·
2745 2620 2842 2673 καὶ
2868 2619 2991 2672 οὐδὲ
3011 2620 3120 2672 τῶν
3141 2620 3317 2689 ἁγίων
3342 2623 3642 2692 κρατήρων
3682 2621 4019 2689 ἀπέσχοντο,

2432 2709 2575 2764 ἀλλά
2599 2710 2696 2763 καὶ
2715 2709 2944 2772 τούτους
2973 2712 3023 2763 oi.
3046 2711 3346 2780 πάντολμοι
3381 2712 3606 2773 καὶτὰς
3637 2712 3791 2781 ἱερὰς
3818 2712 4022 2777 φιάλας

2435 2807 2538 2876 τῆς
2557 2807 2903 2875 ἀναιμάκτου
2931 2808 3024 2860 καὶ
3046 2806 3355 2876 φρικώδους
3383 2807 3574 2868 θυσίας
3602 2806 3829 2876 πλήρεις
3865 2806 4024 2874 διήρ-

2437 2899 2634 2967 παζον,
2653 2898 2939 2968 ἐκχέοντες
2959 2899 3028 2951 τὰ
3056 2898 3190 2966 am
3222 2899 3364 2952 κατά
3379 2897 3505 2965 γῆς.
3531 2898 3641 2950 Καὶ
3658 2899 3806 2958 ὅσοις
3835 2897 3895 2949 δὲ
3920 2895 4022 2964 τῆς

2438 2989 2730 3058 γερουσίας
2783 2989 3106 3058 συνήντων,
3152 2989 3547 3049 κατασπῶντες
3599 2987 3712 3040 τῶν
3774 2988 4022 3056 ἡμιόνων

2437 3081 2678 3145 αὐτοὺς,
2728 3081 2908 3142 ἐνίους
2941 3079 3000 3133 δέ
3032 3096 3098 3149 γε
3145 3081 3243 3132 καὶ
3296 3080 3661 3141 ἀποδύοντες,
3710 3080 3771 3129 ἐν
3820 3081 4021 3147 μέσαις

2435 3175 2558 3236 ταῖς
2603 3174 2828 3240 ἀγυιαῖς
2881 3173 3011 3226 είων
3049 3173 3397 3242 ἡμιγύμνους
3429 3188 3488 3224 τε
3527 3173 3620 3223 καὶ
3655 3169 3882 3232 πεζούς,
3911 3171 4022 3222 Καὶ

2433 3266 2612 3318 ταῦτα
2668 3266 2794 3318 καθ’
2839 3265 2969 3334 ὅλην
3021 3264 3122 3335 τὴν
3175 3264 3396 3334 ἡμέραν
3426 3262 3770 3332 ἑπράττετο’
3811 3262 3912 3313 καὶ
3956 3261 4018 3312 τὸ

2430 3355 2606 3408 δεινὸν
2619 3355 2666 3386 ⁶¹
2691 3357 2821 3424 ἀχρι
2849 3354 2944 3408 τοῦ
2980 3354 3111 3418 Bob;
3141 3355 3468 3422 ἐπεφθάκει,
3499 3353 3789 3422 γινόμενον
3831 3354 4019 3404 κοινόν

2427 3465 2488 3500 τε
2522 3446 2617 3501 καὶ
2642 3446 2958 3520 umnam:
2990 3447 3092 3516 ἢδη
3119 3446 3179 3500 δέ
3213 3463 3358 3510 τινες
3384 3448 3479 3498 καὶ
3519 3446 3682 3516 μέχρι
3717 3443 3813 3496 τοῦ
3847 3445 4018 3497 Φιλα-

2430 3540 2625 3608 δέλφου
2643 3540 2687 3570 ⁸⁸
2739 3539 2774 3610 ἢ
2814 3541 2910 3592 καὶ
2955 3539 3291 3609 προσωτέρω
3338 3539 3680 3608 ἀπέδραμον.
3715 3537 3779 3590 Oi
3813 3536 3873 3589 δὲ
3907 3538 4017 3590 Ko-

2434 3633 2628 3702 μνηνοὶ
2681 3633 2763 3694 είς
2815 3630 2916 3701 τὴν
2967 3631 3250 3701 προνομὴν
3303 3628 3713 3682 σκεδασθέντων
3761 3629 4013 3694 πάντων,

2423 3721 2633 3795 [μόνοι]
2674 3722 2774 3776 σὺν
2813 3721 3211 3792 εὐαριθμήτοις
3237 3722 3444 3791 σφόδρα
3471 3721 3587 3784 τοῖς
3627 3723 3758 3789 περὶ
3806 3721 4016 3782 αὐτοὺς

2424 3814 2860 3916 κατελείφθησαν
2883 3831 2898 3845 ο
2950 3815 3047 3867 καὶ
3103 3815 3210 3877 ἕως
3261 3813 3356 3866 τοῦ
3421 3812 3640 3886 Ταύρου
3701 3812 4012 3882 γενόμενοι,

754 3909 838 3956 set
858 3902 1198 3970 aliquandiu,
1225 3902 1501 3970 pulverem
1528 3903 1742 3972 pulveri
1765 3905 2019 3970 reddidit,
2043 3915 2096 3960 et
2121 3907 2324 3962 ibidem
2422 3929 2428 3945 ι

2422 3902 2759 3979 προὸωτέρω
2811 3906 3037 3960 ἀπιέναι
3102 3907 3203 3959 οὐκ
3249 3906 3599 3976 ἐπθάρρουν
3621 3906 3700 3971 ⁸⁸,ο
3750 3905 4015 3958 τοσοῦτον

754 3993 1000 4062 sepultus
1040 4001 1142 4047 est.
1173 3993 1438 4048 Comneni
1465 4009 1617 4061 vero,
1650 3997 1865 4052 nemine
1897 3999 1980 4053 eis
2013 4001 2320 4066 resistente,
2421 4019 2428 4031 ε

2421 4003 2530 4071 γὰρ
2579 4001 2843 4070 ἐψίλωντο
2895 3999 3195 4070 ἀξιομάχου
3265 3998 3582 4070 δυνάμεως,
3637 3997 3714 4061 ὡς
3777 4000 3828 4050 εί
3889 3999 4013 4052 τότε

754 4086 972 4156 regibus
989 4101 1109 4140 sese
1136 4087 1564 4156 adscripserunt,
1582 4101 1786 4156 eosque
1807 4086 1967 4143 facile
1983 4091 2318 4147 adamussim
2427 4124 2428 4129 η

2427 4095 2641 4158 τούτοις
2689 4094 2928 4162 ἐπῆλθόν
2981 4111 3148 4159 τινες,
3184 4094 3316 4165 ῥᾷον
3343 4093 3409 4146 ἀν
3463 4086 3608 4146 εἷλον
3659 4095 3864 4156 αὐτοὺς
3917 4096 4013 4146 καὶ

751 4187 1127 4247 αιίιυανετυηι.
1160 4177 1311 4230 Talia
1341 4178 1419 4232 eis
1443 4177 1663 4232 fuerunt
1691 4180 1864 4246 initia,
1887 4183 2078 4239 talisin
2101 4184 2320 4238 urbium

2428 4189 2682 4260 δεσμίους
2701 4187 2782 4257 τῷ
2802 4188 3128 4257 Βοτανειάτῃ
3152 4188 3528 4257 προσήγαγον.
3561 4185 3723 4238 ’Δλλά
3760 4189 3823 4238 τὺ
3851 4187 4013 4249 δόξαν

750 4270 997 4338 reginam
1064 4270 1368 4338 ingressus,
1421 4271 1543 4325 talis
1589 4272 1655 4326 ad
1706 4273 1996 4343 imperium
2033 4293 2318 4342 ascensus.

2429 4285 2531 4356 ἠδη
2586 4281 2710 4350 Θεῷ
2761 4279 3179 4349 μετατραπῆναι
3229 4278 3331 4331 ούκ
3374 4273 3464 4348 ἦν.
3499 4277 3692 4331 Ἔνθεν
3721 4294 3806 4329 τοι
3847 4280 3876 4330 6
3913 4279 4012 4347 μὲν

748 4362 1109 4433 Βοτανειάτης
1155 4362 1344 4431 μαθὼν
1377 4363 1486 4417 τῶν
1519 4366 1824 4436 Kay.quch
1855 4371 1954 4440 τὴν
1998 4373 2319 4445 είσέλευσιν,
2363 4379 2580 4434 ἄπεισιν
2616 4373 2814 4426 αὐτίκα
2870 4371 2982 4424 τῶν
3023 4369 3336 4440 βασιλείων,
3374 4367 3544 4422 αὑτοῦ
3607 4385 3712 4422 που
3751 4368 3919 4440 ῥίψας
3976 4371 4013 4422 ἀ

750 4458 997 4510 ὑπεδεῖτο
1059 4462 1407 4529 φοινικόχροα
1459 4460 1684 4515 πέδιλα⁸
1736 4466 1829 4517 καὶ
1889 4469 1970 4531 εἰς
2027 4471 2126 4542 τὴν
2176 4474 2275 4543 τῆς
2314 4472 2686 4544 Περιϐλέπτου
2752 4468 2970 4541 [μονὴν]
3025 4465 3301 4532 ἀπελθὼν,
3329 4461 3398 4537 ἦς
3462 4467 3692 4532 ἐκεῖνος,
3729 4468 3875 4534 μετά
3917 4466 4011 4519 τὸν

747 4555 889 4606 κατὰ
938 4556 1063 4616 τοὺς
1099 4555 1398 4624 Ἀργυροῦς
1439 4551 1719 4626 Ῥωμανὸν
1763 4559 1970 4614 ἐκεῖνον
2015 4565 2108 4618 τὸν
2157 4568 2558 4640 αὐτοκράτορα,
2611 4567 2836 4638 κτήτωρ
2891 4563 3147 4635 δεύτερος
3189 4562 3552 4634 ἐχρημάτισε.
3615 4564 3865 4633 κείρεται
3902 4562 4010 4636 [τε]

744 4645 846 4714 τὴν
877 4644 1038 4713 τρίχα
1090 4645 1184 4696 καὶ
1217 4646 1680 4714 μεταμφιέννυται
1710 4651 1810 4718 τὴν
1845 4653 2042 4723 στολὴν
2064 4695 2080 4721 ,
2143 4659 2431 4727 τριϐώνιον
2461 4662 2604 4714 κατά
2665 4657 3001 4729 μονάζοντας
3059 4655 3438 4725 ἐνδυσάμενος,
3505 4655 3636 4708 ἔνθα
3682 4656 3779 4708 καὶ
3813 4659 4012 4727 χρόνον

746 4736 990 4798 ἐπιϐιούς
1021 4754 1144 4790 τινα
1171 4739 1260 4792 τὸν
1293 4737 1426 4808 χοῦν
1450 4740 1683 4794 ἀπέθετο
1713 4743 1790 4814 τῷ
1812 4745 1917 4814 χοϊ,
1958 4750 2154 4817 ταφεὶς
2184 4755 2314 4823 παρ’
2353 4754 2494 4825 αὐτῇ
2517 4769 2536 4786 ο
2564 4753 2614 4805 oi
2646 4752 2705 4804 δέ
2739 4749 3019 4821 Κομνηνοὶ
3083 4749 3311 4819 μηδενὸς
3334 4748 3515 4811 αὐτοῖς
3572 4747 4008 4817 ἀντιϐαίνοντος,

745 4831 858 4890 τοῖς
886 4830 1210 4898 ἀνακτόροις
1265 4833 1832 4903 προσπεφοιτήκασιν,
1859 4839 2260 4913 ἀταλαιπώρως
2297 4845 2510 4908 τούτοις
2563 4842 2855 4906 ἐπιϐάντες
2903 4841 3001 4896 καὶ
3049 4841 3271 4911 ὁμαλῶς
3301 4842 3395 4895 καὶ
3441 4841 3583 4910 μετά
3651 4841 3859 4912 πολλῆς
3909 4846 4009 4912 τῆς

745 4919 1040 4990 λείοτητος.
1094 4922 1332 4976 Τοιαῦτα
1387 4924 1541 4990 σφίσι
1593 4926 1663 4978 τὰ
1714 4929 1974 4998 προσόδια
2003 4933 2050 4964 ⁸⁸
2099 4935 2316 5003 γέγονε,
2354 4935 2584 4993 τοιαῦτα
2610 4936 2679 4989 τά
2710 4936 2791 5000 είς
2822 4935 2924 5005 τὴν
2989 4935 3237 5006 βασιλίδα
3294 4935 3404 4988 τῶν
3447 4936 3654 4988 πόλεων
3685 4939 4008 5007 εἰσιτήριαο

743 5013 971 5068 τοιαῦτα
1010 5014 1107 5085 τῆς
1133 5014 1410 5084 βασιλείας
1441 5018 1774 5092 ἐπιϐατήρια
1807 5023 1871 5079 ⁸⁸.

1903 5183 2102 5243 Varim
2146 5181 2460 5246 lectiones
2501 5192 2565 5246 et
2607 5190 2800 5245 nntm.

814 5340 996 5424 ξξΛγεν.
1012 5342 1246 5424 ἀτοινόν-
1268 5345 1736 5424 (ἄποινεΞνςΞλ-Ρπ.
1769 5349 1920 5405 ΠΟΒ.
2002 5351 2046 5382 ⁸³
2067 5351 2418 5421 Φιλαδελφίαν
2448 5351 2584 5409 Ζοη.
2664 5351 2709 5382 ⁸⁵
2733 5352 2894 5408 ἀπεθ.
2927 5352 3064 5409 Zon.
3141 5355 3183 5385 ⁶³
3222 5355 3534 5424 προεισόδια
3575 5353 3708 5410 Zon.
3783 5356 3831 5388 “
3870 5355 3998 5413 Par.

746 5410 885 5468 i708
912 5436 978 5454 '--
1012 5411 1150 5470 Zon.
1181 5410 1285 5469 251⁷
1309 5417 1530 5472 Δ-9σ32
1556 5410 1626 5474 Β.
