4240 6422
227 457 358 523 1261

1389 449 1854 514 CHRONICON.
1888 442 1975 487 -’
1999 449 2147 513 LIB.
2190 449 2326 512 VII.

3327 447 3463 513 1262

1529 766 1969 856 ΒΙΒΛΙΟΝ
2043 763 2157 852 Z’.

424 960 528 1014 ΕΙΣ
565 956 1044 1014 ΚΟΣΜΟΠΟΙῙΑΝ
1084 952 1363 1010 ΣΥΜΕΩΝ
1404 949 1812 1005 ΔΟΓΟΘΕΤΟΥ
1847 949 1941 1004 ΕΚ
1983 944 2318 1001 ΔΙΔΦΟΡΩΝ
2356 940 2718 996 ΧΡΟΝῙΚΩΝ
2759 940 2876 994 KAI
2923 939 3268 995 ΙΣΤΟΡΙΩΝ.

1322 1240 1679 1330 LIBER
1753 1236 2379 1328 SEPTIMUS.

339 1447 406 1504 IN
441 1444 656 1504 MUNDI
685 1437 1158 1505 CREATIONEM,
1193 1436 1238 1489 A
1277 1433 1576 1490 SIMEONE
1611 1427 2048 1496 LOGOTHETA,
2078 1427 2170 1481 EX
2209 1424 2439 1480 VARIIS
2470 1423 2840 1482 CHRONICIS
2880 1424 2966 1479 ET
3003 1425 3366 1480 IllSTORllS.

656 1711 736 1783 [A'
767 1711 835 1767 ".
867 1706 1007 1776 Περὶ
1030 1705 1135 1761 τοῦ
1160 1702 1404 1776 suntng

307 1830 436 1893 Θεὸς
464 1830 509 1862 ⁸⁸
541 1830 772 1898 ἄχρονος
807 1826 850 1858 θ’
881 1818 1028 1877 τόνδέ
1061 1822 1152 1874 τὸν
1197 1820 1402 1889 κόσμον
1437 1817 1511 1887 μὴ
1544 1817 1806 1886 πρότερον

238 1921 525 1992 ὑφεστῶτα
559 1919 617 1970 ὲν
666 1915 844 1987 χρόνῳ
894 1913 1162 1983 παράγων
1213 1908 1510 1975 «ἐποίησεν
1562 1909 1619 1960 ἐν
1662 1908 1805 1976 ἀρχῇ

235 2012 466 2082 οὑρανδν
514 2008 608 2062 καὶ
637 2007 740 2078 γῆν
784 2007 829 2038 ’⁸
864 2023 882 2056 ι
929 2016 944 2033 ⁸
982 1999 1293 2070 συνυπέστη
1339 1999 1395 2052 δὲ
1426 1999 1491 2068 τῇ
1526 1999 1595 2068 γῇ
1643 1997 1702 2049 τό
1749 2013 1807 2047 τε

237 2105 386 2175 ὕδωρ
416 2103 508 2157 καὶ
537 2103 646 2171 πῦρ
675 2118 690 2133 ο
722 2101 817 2154 καὶ
841 2099 1038 2152 τούτου
1071 2096 1372 2165 τεκμήριον
1399 2091 1626 2162 ἐναργὲς
1655 2089 1717 2143 τὸ
1746 2091 1808 2142 ὲκ

236 2196 390 2248 λίθου
428 2196 525 2265 μὲν
565 2197 658 2248 καὶ
698 2195 940 2263 σιδήρου,
976 2190 1145 2243 ὄντων
1171 2190 1234 2240 ἐκ
1260 2187 1381 2256 γῆς,
1415 2184 1526 2255 πῦρ
1577 2182 1809 2252 ἄφθονον

239 2288 556 2352 ἐξάλλεσθαι
619 2287 772 2358 (ἐκ’¹¹
838 2283 1030 2355 πηγῶν
1089 2281 1145 2334 δὲ
1195 2281 1290 2335 καὶ
1341 2278 1595 2350 φρεάτων
1666 2276 1808 2347 ὕδωρ

240 2380 500 2434 πλούσιον
551 2377 916 2444 ἀναδίδοσθαι)
964 2391 978 2404 ·
1039 2372 1244 2443 ταύτης
1272 2372 1381 2442 γὰρ
1421 2371 1485 2424 ἐκ
1532 2368 1606 2439 μὴ
1641 2369 1810 2422 όντων

241 2475 577 2543 ὑποστάσης,
603 2471 845 2541 δηλονότι
879 2467 972 2521 καὶ
995 2469 1038 2499 τ’
1076 2466 1142 2519 τὰ
1174 2468 1230 2519 ἐν
1266 2466 1426 2534 αὑτῇ.
1479 2463 1664 2516 Πάντα
1717 2457 1811 2514 οὖν

241 2567 431 2634 γέγονε
463 2564 598 2617 κατὰ
619 2562 715 2634 τὴν
737 2561 831 2614 τοῦ
853 2559 988 2612 Θεοῦ
1012 2558 1207 2629 βουλήν
1235 2558 1301 2611 ⁷³.
1333 2553 1550 2623 Ἐπειδὴ
1579 2553 1636 2605 δὲ
1657 2552 1812 2622 δίκην

245 2656 456 2726 σκηνῆς
493 2656 520 2707 ὁ
568 2652 797 2723 οὐρανὸς
855 2650 1174 2719 περιταθεὶς
1218 2649 1311 2700 τὸν
1355 2643 1811 2714 ὲναπολειφθέντα

242 2749 406 2801 τόπον
433 2747 733 2804 ὲσκότισεν,
776 2741 932 2796 εἶπεν
964 2747 991 2797 ὁ
1017 2743 1148 2804 Θεός
1181 2757 1192 2771 ⁶
1229 2759 1248 2792 t
1284 2739 1575 2810 Γενηθήτω
1600 2737 1715 2806 φῶς
1749 2755 1767 2788 t
1794 2752 1807 2764 '

245 2841 340 2893 καὶ
369 2840 530 2902 εὐθὺς
555 2839 600 2870 ⁷⁸
617 2837 693 2909 τῷ
727 2836 870 2908 λόγῳ
894 2838 926 2907 ἡ
955 2835 1116 2904 φύσις
1146 2831 1240 2885 τοῦ
1272 2832 1450 2900 φωτὸς
1473 2834 1505 2902 ή
1531 2831 1811 2898 πάγκαλος

245 2931 386 3001 αὕτη
421 2929 678 3000 παρήχθη
707 2944 720 2956 ’
750 2928 847 2980 καὶ
899 2928 959 2979 τὸ
1019 2924 1210 2987 σκότος
1249 2924 1294 2954 ⁷⁵
1340 2922 1398 2989 ἐξ
1439 2921 1813 2992 ἁντιφράξεως

244 3023 338 3077 τοῦ
379 3023 629 3092 οὐρανίου
691 3020 944 3090 σώματος
979 3016 1291 3088 ὲπισυμὸὰν
1353 3015 1669 3068 διεσκέδασε
1719 3012 1811 3066 καὶ

244 3115 338 3168 τὸν
357 3114 585 3184 ἀλαμπῆ
617 3115 681 3166 ὲκ
713 3113 811 3181 τῆς
841 3109 1098 3181 τοιαύτης
1147 3109 1326 3172 αἰτίας
1377 3107 1514 3177 ἀέρα
1543 3103 1814 3176 λαμπρὼ-

247 3225 409 3264 τατον
436 3207 591 3274 ἄφνω
631 3204 919 3269 ἀνέδειξεν.
947 3204 1070 3257 Ὅτι
1103 3203 1160 3255 δὲ
1193 3202 1301 3255 πᾶν
1339 3201 1368 3254 ὅ
1394 3217 1445 3253 τι
1477 3194 1545 3270 ἦν
1588 3199 1692 3268 πρὸ
1718 3197 1816 3266 τῆς

247 3294 342 3348 τοῦ
375 3296 582 3363 κόσμου
624 3293 779 3346 τοῦδε
816 3294 1152 3358 συστάσεως,
1198 3293 1256 3345 ὲν
1300 3291 1439 3360 φωτὶ
1480 3286 1570 3360 ἦν,
1615 3287 1775 3358 δῆλον
1800 3302 1814 3316 °

248 3388 373 3441 οὔτε
406 3389 514 3460 γὰρ
565 3389 624 3443 αἱ
667 3389 776 3442 τῶν
817 3388 1066 3456 ἀγγέλων
1101 3388 1336 3457 χορεῖαι,
1385 3384 1510 3437 οὔτε
1547 3384 1719 3436 πᾶσαι
1759 3382 1816 3434 αἱ

253 3482 571 3552 tne-spina:
623 3483 873 3552 στρατιαὶ
909 3483 968 3534 ὲν
1032 3480 1209 3550 σκότῳ
1253 3479 1298 3510 ⁷⁸
1349 3476 1556 3547 διῆγον,
1597 3475 1712 3530 ἀλλ’
1762 3477 1818 3528 ὲν

256 3574 396 3640 φωτὶ
424 3573 516 3626 καὶ
543 3573 694 3644 πάσῃ
731 3571 1042 3642 εὐφροσύνῃ
1063 3571 1404 3639 πνευματικῇ
1440 3565 1539 3636 τὴν
1579 3566 1822 3635 πρέπου-

256 3679 354 3716 σαν
387 3665 600 3725 ἑαυτοῖς
623 3663 966 3733 λειτουργίαν
998 3660 1390 3731 ἐκπληροῦσιν,
1422 3659 1505 3728 ἐφ’
1529 3659 1572 3690 ⁷⁷
1617 3657 1676 3710 οὗ
1729 3657 1822 3710 καὶ

251 3748 396 3807 οὗτοι
422 3755 486 3805 ἐκ
515 3754 589 3825 μὴ
613 3755 780 3807 ὄντων
815 3756 894 3816 εἰς
924 3753 983 3805 τὸ
1019 3748 1159 3805 εῖναι
1193 3751 1581 3823 παρήχθησαν.
1615 3751 1818 3803 Τούτου

252 3846 431 3897 τοίνυν
462 3843 554 3896 τοῦ
599 3844 774 3912 φωτὸς
817 3845 880 3897 ἐκ
921 3843 1020 3913 τῆς
1064 3843 1360 3912 εἰρημένης
1409 3843 1590 3905 αἰτίας
1627 3844 1824 3894 ἐναπο-

255 3937 603 4000 κλεισθέντος
631 3938 762 4000 ἄνω,
792 3933 948 4000 αὖθις
971 3937 1407 4006 ἐδημιούργησεν
1426 3939 1452 3989 ὁ
1477 3936 1607 3999 Θεὸς
1636 3937 1696 3988 τὸ
1726 3935 1821 3991 νῦν

257 4030 615 4100 καταλάμπων
649 4031 744 4082 καὶ
769 4030 1061 4099 φαιδρύνον
1087 4029 1179 4082 τὸν
1212 4028 1416 4098 μεταξὺ
1455 4027 1688 4097 οὐρανοῦ
1730 4029 1825 4080 καὶ

255 4123 357 4191 γῆς
387 4123 571 4175 τόπον.
607 4122 788 4175 Ταῦτα
819 4122 1108 4191 γεγένηται
1143 4123 1200 4173 ὲν
1244 4121 1309 4189 τῇ
1362 4118 1552 4189 πρώτῃ
1600 4119 1695 4187 τῆς
1735 4136 1827 4171 κο-

259 4215 546 4283 σμοποιίας
572 4215 675 4284 ήμέ
687 4231 773 4285 ρᾳ.
793 4216 881 4268 Ἐν
901 4213 1069 4283 ταύτῃ
1090 4208 1182 4266 οὖν
1208 4214 1271 4281 τῇ
1294 4212 1475 4281 ἡμέρᾳ
1495 4212 1643 4276 λέγει
1660 4213 1825 4264 Μωῡ-

262 4307 358 4375 σῆς
384 4308 439 4359 ὲν
461 4310 526 4376 τῇ
556 4307 726 4376 λεπτῇ
757 4303 974 4357 Γενέσει
1004 4303 1250 4356 ὲκτίσθαι
1281 4301 1377 4363 τὰς
1411 4300 1697 4370 οὐρανίους
1730 4300 1825 4352 δυ-

259 4413 471 4465 ναμεις.

518 4507 678 4577 903
709 4505 811 4579 [B’]
845 4506 981 4574 Περὶ
1007 4506 1111 4560 τοῦ
1137 4503 1561 4573 στερεώματος.

335 4621 499 4674 Πάλιν
526 4622 573 4654 ⁷⁸
600 4622 644 4692 β’
679 4622 865 4691 ἡμέρᾳ
887 4621 988 4690 τῆς
1017 4619 1256 4673 ἀϐύσσου
1290 4617 1508 4681 ἄπλεως
1539 4615 1636 4670 καὶ
1668 4616 1830 4669 ἀπεί-

267 4732 374 4785 ρως
399 4713 443 4746 ⁷⁸
467 4717 533 4782 τῇ
565 4716 633 4784 γῇ
678 4713 1143 4783 περικεχυμένης,
1183 4709 1482 4782 προσέταξε
1529 4727 1548 4760 ‹
1593 4708 1830 4779 στερέω-

269 4823 342 4874 μα
367 4806 413 4836 ³⁸
448 4823 465 4856 t
504 4805 758 4873 γενέσθαι
794 4806 856 4857 ἐκ
878 4805 984 4857 τῶν
1019 4806 1230 4858 ὑδάτων
1261 4822 1279 4855 ‹
1306 4805 1362 4855 ὲν
1397 4803 1549 4872 μέσῳ
1573 4820 1589 4853 t
1628 4799 1830 4867 αὑτῶν,

264 4897 292 4947 ὃ
325 4898 419 4948 καὶ
459 4897 595 4965 μετὰ
618 4895 793 4949 ταῦτα
826 4915 843 4948 ι
874 4898 1101 4965 οὐρανὸν
1129 4914 1146 4945 ι
1185 4893 1592 4965 προσηγόρευσε
1617 4892 1659 4925 ⁸⁸
1695 4907 1709 4922 ο
1735 4892 1826 4943 καὶ

270 4990 365 5043 σὺν
395 4990 469 5060 τῷ
505 4991 837 5060 κελεύσματι
868 4990 927 5043 τὸ
954 4989 1114 5060 ἔργον
1149 4986 1483 5057 ἀπετελέσθη
1522 5002 1536 5016 °
1581 4985 1674 5039 καὶ
1709 5001 1829 5037 στε-

269 5084 455 5154 ρέωμα
488 5084 689 5154 ἐκλήθη
721 5085 779 5135 τδ
809 5082 1197 5153 δημιούργημα
1249 5081 1335 5134 διὰ
1390 5080 1490 5147 τὴν
1531 5079 1692 5148 φύσιν
1721 5078 1829 5130 τῶν

270 5177 682 5244 ὑπερκειμένων
745 5175 775 5244 ἢ
842 5176 932 5226 καὶ
1006 5173 1380 5242 ὑποκειμένων
1447 5172 1673 5237 ὑδάτων,
1741 5170 1830 5222 λε-

1839 1611 1909 1624 —

2535 1686 2578 1742 l.
2614 1686 2842 1741 Deluce.

2475 1797 2621 1853 hunc
2682 1798 2946 1853 mundum
3015 1809 3172 1855 antea
3229 1817 3336 1856 non
3386 1819 3480 1859 ex-

1912 1898 2207 1953 sistentem
2256 1893 2310 1946 in
2376 1900 2617 1960 tempore
2673 1892 3002 1960 producens,
3081 1912 3098 1945 t
3148 1895 3202 1948 in
3280 1896 3483 1964 princi-

1912 1989 2001 2058 pio
2032 1984 2454 2040 creavitctelum
2486 1991 2540 2035 et
2569 1992 2792 2036 terram.
2831 2000 2850 2034 ι
2916 1981 3048 2038 Cum
3110 1995 3252 2040 terra
3298 1997 3478 2043 autem

1913 2079 2074 2134 simul
2107 2077 2349 2133 substitit
2378 2090 2518 2145 aqua
2551 2084 2606 2130 et
2637 2074 2777 2146 ignis
2804 2094 2817 2130 :
2849 2077 2995 2146 quod
3045 2080 3324 2136 evidenter
3357 2084 3482 2138 inde

1912 2178 2060 2240 patet
2107 2170 2251 2240 quod
2309 2183 2373 2222 ex
2425 2167 2604 2238 lapide
2653 2177 2706 2223 et
2735 2168 2899 2237 ferro,
2933 2186 3054 2238 qua:
3093 2181 3304 2229 terrena
3332 2185 3481 2235 sunt.

1912 2262 2195 2317 abundans
2217 2261 2427 2315 exsiliat
2478 2259 2641 2330 ignis,
2693 2274 2758 2314 ex
2791 2259 3031 2318 fontibus
3073 2279 3199 2320 vero
3227 2275 3281 2321 et
3309 2270 3484 2337 puteis

1912 2354 2132 2427 copiosa
2158 2353 2419 2408 scaturiat
2465 2367 2626 2422 aqua.
2668 2351 2801 2407 Cum
2850 2355 2995 2409 enim
3049 2366 3189 2412 terra
3225 2374 3255 2415 e
3309 2361 3483 2417 nihilo

1912 2448 2174 2517 producta
2208 2446 2388 2509 fuerit,
2448 2443 2726 2500 evidenter
2769 2453 2823 2500 et
2852 2461 2971 2516 quae
2995 2447 3095 2517 ipsi
3119 2459 3255 2504 sunt
3290 2452 3485 2508 intrin-

1915 2554 2059 2596 seca.
2096 2538 2287 2592 Omnia
2329 2537 2494 2606 igitur
2527 2536 2669 2590 facta
2707 2545 2835 2592 sunt
2901 2541 3202 2595 secundum
3244 2542 3487 2599 divinam

1913 2629 2272 2684 voluntatem.
2342 2627 2448 2681 Sed
2490 2626 2616 2696 quia
2685 2627 2883 2682 caelum
2911 2632 3132 2684 tentorii
3170 2633 3342 2688 instar
3376 2636 3487 2690 cir-

1913 2721 2266 2776 cumductum
2291 2717 2547 2773 inferiora
2578 2717 2951 2776 obtenebravit
2976 2722 3117 2789 loca,
3141 2724 3275 2779 dixit
3304 2725 3445 2782 Deus
3471 2746 3485 2782 :

1921 2831 1939 2865 ι
1970 2812 2198 2868 Fiatlux
2228 2829 2244 2878 ;
2279 2831 2296 2864 ι
2331 2821 2384 2867 et
2411 2812 2572 2867 simul
2621 2827 2745 2867 cum
2783 2815 2949 2870 verbo
2973 2817 3340 2886 pulcherrima
3370 2821 3488 2878 haec

1916 2903 2054 2957 lucis
2095 2902 2400 2958 substantia
2427 2903 2690 2971 producta
2723 2912 2846 2959 est:
2876 2907 3130 2963 tenebras
3160 2925 3286 2966 vero
3323 2928 3354 2966 e
3380 2928 3491 2969 eoe-

1916 2995 2066 3050 lestis
2123 2995 2370 3064 corporis
2426 2994 2715 3064 interjectu
2767 2998 3146 3069 contingentes
3204 3003 3492 3074 dissipavit

1919 3093 1974 3140 et
2002 3085 2294 3141 obscurum
2325 3086 2466 3140 lianc
2493 3085 2564 3140 ob
2601 3099 2828 3142 causam
2877 3103 3055 3145 aerem
3114 3093 3491 3163 splendidissi-

1922 3191 2068 3230 mum
2091 3177 2379 3232 confestim
2402 3177 2655 3231 ostendit.
2685 3177 2838 3242 Quod
2869 3187 3048 3235 autem
3073 3183 3332 3254 quidquid
3371 3196 3491 3242 erat

1983 1802 2122 1857 Deus
2173 1807 2412 1855 aeternus

1923 3274 2048 3320 ante
2103 3267 2263 3336 hujus
2311 3266 2498 3321 mundi
2532 3267 3000 3334 constitutionem,
3037 3273 3092 3326 in
3139 3273 3258 3330 luce
3306 3275 3490 3342 fuerit,

1922 3365 2067 3424 patet
2100 3374 2111 3410 :
2141 3373 2315 3426 neque
2347 3357 2489 3413 enim
2531 3358 2843 3428 angelorum
2873 3360 3049 3426 chori,
3079 3379 3253 3434 neque
3304 3382 3493 3423 omnes

1920 3449 2172 3504 caelestes
2231 3449 2505 3505 exercitus
2539 3450 2592 3504 in
2652 3451 2892 3506 tenebris
2945 3454 3256 3522 manebant,
3312 3459 3404 3514 sed
3437 3461 3491 3514 in

1922 3537 2126 3592 lumine
2161 3551 2213 3593 et
2249 3539 2304 3593 in
2338 3539 2488 3594 omni
2511 3540 2708 3610 gaudio
2767 3542 2996 3613 spiritali
3052 3561 3352 3617 congruum
3390 3551 3494 3606 sibi

1923 3629 2286 3684 ministerium
2341 3631 2656 3699 adimplent,
2704 3647 2770 3686 ex
2820 3649 2928 3703 quo
2983 3636 3084 3703 ipsi
3123 3653 3154 3693 e
3201 3640 3372 3696 nihilo
3425 3644 3493 3697 ad

1922 3720 2292 3775 exsistentiam
2318 3721 2533 3776 deducti
2589 3734 2739 3778 sunt.
2803 3724 2894 3778 Illa
2928 3726 2996 3796 igi
3029 3729 3252 3784 urrluce
3288 3735 3491 3800 praedi-

1924 3819 2062 3864 ctam
2112 3812 2182 3866 ob
2211 3827 2431 3866 causam
2469 3828 2686 3868 sursum
2740 3815 2972 3881 inclusa,
3023 3818 3248 3889 insuper
3290 3823 3496 3878 creavit

1925 3898 2068 3955 Deus
2094 3903 2234 3956 hanc
2276 3903 2474 3971 lucem,
2517 3919 2638 3974 quae
2680 3921 2824 3960 nunc
2859 3907 3130 3965 illuminat
3175 3919 3231 3966 et
3255 3912 3494 3969 illustrat

1925 3989 2161 4042 medium
2195 3990 2336 4044 inter
2388 3991 2584 4046 caelum
2629 4003 2683 4047 et
2712 4004 2908 4048 terram
2951 3997 3315 4055 intervallum.
3371 4001 3496 4058 Haec

1929 4077 2066 4132 facta
2094 4087 2220 4132 sunt
2246 4079 2421 4147 primo
2449 4081 2744 4136 creationis
2799 4083 2906 4137 die.
2935 4083 3048 4140 Hoc
3071 4086 3236 4156 igitur
3257 4087 3343 4143 die
3365 4088 3497 4143 dicit

1928 4168 2140 4238 Moyses
2165 4168 2216 4221 in
2241 4169 2389 4224 brevi
2419 4168 2612 4226 Genesi
2660 4183 2872 4230 creatas
2906 4190 3026 4232 esse
3082 4179 3332 4234 caelestes
3389 4180 3496 4234 vir-

1928 4267 2086 4313 IlllCS.

2432 4445 2495 4501 ll.
2537 4446 2614 4501 De
2648 4449 3003 4518 ﬁrmamento.

2006 4536 2257 4591 Secundo
2287 4536 2375 4591 die
2427 4551 2549 4592 cum
2607 4538 2872 4594 immensa
2929 4541 3248 4612 inﬁnitaque
3297 4551 3498 4600 terram

1932 4625 2164 4680 ambiret
2200 4628 2451 4697 abyssus,
2471 4627 2636 4695 jussit
2665 4627 2808 4682 Deus
2841 4647 2858 4681 ι
2890 4629 3004 4684 ﬁeri
3042 4632 3446 4688 ﬁrmamentum
3476 4656 3493 4686 ι

1933 4732 1999 4770 ex
2036 4718 2192 4786 aquis
2242 4734 2260 4766 ι
2320 4716 2375 4770 in
2430 4717 2608 4771 medio
2639 4736 2659 4770 ι
2717 4733 2906 4772 earum
2946 4720 3046 4774 :id
3107 4723 3253 4791 quod
3318 4731 3502 4793 postea

1934 4807 2147 4861 vocavit
2175 4825 2194 4858 ι
2225 4807 2447 4861 uelum.
2487 4826 2506 4859 ι
2535 4808 2602 4862 Ει
2637 4807 2798 4862 simul
2851 4826 2972 4864 cum
3028 4811 3186 4882 jussu
3216 4828 3351 4883 opus
3376 4829 3500 4884 per-

1936 4895 2135 4952 fectum
2165 4907 2282 4953 est:
2324 4899 2487 4968 idque
2532 4913 2670 4968 opus
2701 4901 2903 4956 dictum
2960 4912 3044 4957 est
3099 4904 3499 4962 ﬁrmamentum

1935 4990 2005 5044 ob
2029 4990 2370 5059 superiorum
2409 4991 2491 5045 vel
2519 4992 2683 5045 etiam
2723 4992 3040 5049 inferiorum
3078 5011 3343 5065 aquarum
3401 5016 3501 5055 na-

1938 5087 2116 5132 turam
2156 5079 2406 5133 subtilem
2443 5089 2494 5134 et
2524 5094 2698 5133 raram
2726 5098 2739 5146 ;
2773 5083 2972 5135 cmlum
3007 5097 3135 5138 vero
3158 5085 3284 5153 quia
3323 5084 3501 5140 simile

1937 5171 2152 5226 videtur
2173 5171 2296 5241 pelli
2329 5187 2491 5251 supra
2513 5179 2673 5238 caput
2695 5173 2993 5241 explicate.

270 5268 408 5338 πτὴν
443 5265 607 5321 οὖσαν
647 5267 739 5320 καὶ
769 5266 967 5335 ἀραιὰν
993 5266 1060 5332 θ’,
1095 5264 1321 5334 οὐρανὸς
1356 5263 1412 5315 δὲ
1460 5263 1548 5315 διὰ
1597 5261 1658 5313 τὸ
1712 5261 2049 5330 καθορᾶσθαι
2088 5263 2287 5332 τρόπον
2332 5263 2573 5332 δὲρῤεως
2609 5262 2751 5332 ὑπὲρ
2791 5264 3032 5332 κεφαλῆς
3057 5265 3384 5336 ήπλωμένον
3429 5269 3493 5320 ³³.

1459 5382 1657 5444 νει-ιω
1699 5380 2003 5443 lectiones
2043 5387 2103 5442 et
2137 5389 2329 5443 notae.

345 5513 388 5543 "
415 5512 515 5565 Th.
545 5513 607 5564 ὲκ
645 5511 741 5577 τῆς
788 5513 1055 5572 Γενέσεως
1093 5511 1187 5562 καὶ
1227 5510 1283 5574 ὲξ
1312 5509 1486 5562 ἄλλων
1522 5506 1809 5578 ἱστορικῶν
1854 5507 2050 5577 ἐφεξῆς
2081 5509 2371 5577 συναγωγὴ
2403 5509 2464 5560 ὲκ
2501 5509 2548 5562 δ.

272 5584 559 5644 λυδεύκους
617 5583 823 5648 ἱστορία
852 5582 1053 5650 φυσικὴ

278 5740 316 5785 t,
346 5727 393 5778 l.
426 5763 437 5774 .
473 5725 513 5755 ⁷¹
541 5720 718 5775 ὲκάν.
743 5738 852 5776 om.
895 5722 997 5774 Th.
1073 5723 1116 5752 ⁷¹
1147 5722 1241 5774 καὶ
1294 5721 1401 5772 τῶν
1443 5721 1499 5771 ὲν
1548 5720 1682 5786 αὑτῇ

275 5797 320 5826 ⁷⁵
355 5796 413 5846 τό
442 5792 541 5846 Tlt.
571 5792 628 5844 P.
708 5793 754 5824 ⁷⁸
786 5793 965 5844 σκότει
996 5790 1096 5844 Th.
1136 5789 1193 5844 Ρ.
1272 5791 1314 5823 ⁷⁷
1341 5792 1430 5856 ἀφ’
1459 5791 1577 5844 cod.

279 5883 315 5930 t,
337 5866 389 5919 ϐ.
467 5865 505 5893 ⁸¹
543 5863 580 5916 Ι.
603 5862 653 5916 8.
731 5865 774 5896 ⁸²
805 5860 1184 5932 ἁρυρυῖανῨΡ.
1259 5861 1304 5892 ⁸³
1336 5861 1671 5945 ἁπλωμένον.
1694 5860 1753 5912 I‘.

2588 5527 2640 5578 χ.
2681 5508 2995 5569 Θεοδοσίους
3045 5507 3102 5560 P.
3144 5507 3365 5560 Ἰουλίου
3397 5510 3504 5562 Hoc

1111 5584 1195 5662 eli
1221 5583 1427 5662 οτιςὴνωκζ
1460 5581 1523 5661 εκ
1553 5579 1651 5645 τῆς
1679 5594 1732 5659 γ.
1770 5579 1871 5662 ita):
1895 5580 2141 5662 κρονικόν
2177 5579 2265 5662 ιεςριξ
2297 5580 2404 5662 (ed:
2432 5579 2680 5662 Bia_qconi

1827 5579 1871 5662 l3.-
1895 5580 2141 5662 χρρνιξξλν
2177 5579 2265 5662 ὲιρζ
2297 5580 2404 5662 (ed'.
2432 5579 2859 5662 Βίειρεοηῇθριι.Δ
3077 5579 3282 5662 von-der
3296 5579 3501 5662 .lgla‘rdt.

275 5657 415 5709 Mon.
445 5653 624 5723 i792.)
651 5647 972 5723 —-ltubriicja
1006 5647 1057 5703 in
1081 5653 1265 5723 codice
1307 5650 1474 5723 (205')
1507 5651 1744 5723 evanuit.
1792 5720 1800 5723 _
1829 5648 1871 5680 ⁸⁸
1898 5647 1932 5702 ⁷6

589 5653 624 5723 .)
651 5647 972 5723 -Ιὶιιιιι-ῂξθ
1006 5647 1057 5703 in
1081 5653 1265 5723 codice
1307 5650 1474 5723 (205‘)
1507 5651 1744 5723 evanuit.
1792 5720 1800 5723 _
1829 5648 1871 5680 ⁸⁸
1898 5647 1932 5702 ⁷6
1959 5649 2013 5702 Ρ.
2042 5647 2143 5723 T-h.
2197 5651 2262 5723 _f"

1734 5720 1951 5773 πάντων
1995 5720 2115 5773 cod.
2196 5719 2240 5749 ⁷³

2296 5649 2485 5718 χρόνον
2519 5648 2576 5701 Ρ.
2612 5650 2735 5703 cod.
2770 5649 2885 5701 Vat.
2929 5648 3031 5700 163

2296 5649 2485 5718 χρόνον
2519 5648 2576 5701 Ρ.
2612 5650 2735 5703 cod.
2770 5649 2885 5701 Vat.
2929 5648 3031 5700 163
3074 5663 3126 5715 p.
3168 5648 3218 5700 1.
3296 5649 3340 5679 ⁷⁸
3364 5648 3501 5705 Gen.

2271 5720 2522 5788 βούλησιν
2552 5718 2656 5772 Th.
2680 5749 2750 5760 —-
2782 5719 2846 5772 15
2886 5718 2924 5770 Ι.
2957 5719 3010 5770 5.
3087 5715 3256 5788 ⁷ξσύν
3294 5716 3410 5788 ΔΤΙι.
3439 5719 3500 5773 Ρ.

3087 5719 3129 5749 ⁷⁸
3159 5715 3256 5768 σύν
3308 5716 3410 5772 Th.
3439 5719 3500 5773 P.

1656 5785 1698 5820 ⁷⁷⁸
1729 5793 1870 5860 ὲντῇ
1896 5788 1953 5844 Ρ.
1987 5789 2086 5842 Th.
2166 5791 2209 5821 7’
2241 5785 2484 5858 ἀπεὲρως
2553 5790 2646 5840 καὶ
2689 5789 2936 5850 ἀπλέτως
2995 5788 3051 5843 P.
3101 5787 3203 5840 Th.
3290 5785 3337 5819 ⁸⁸
3365 5789 3501 5844 Gen.
