4240 6422
245 352 379 419 1265

305 464 465 536 905
487 464 606 536 [ιτ]
640 465 772 532 Περί
808 464 924 517 τῶν
953 462 1191 531 κτηνῶν
1222 465 1318 517 καί
1352 464 1468 516 τῶν
1489 462 1730 530 θηρίων.

309 580 352 610 ’³
377 578 540 642 Αὖθις
561 580 616 632 δὲ
649 580 706 632 ὲν
736 582 800 649 τῇ
841 579 895 644 ς’
929 580 1111 649 ἡμέρᾳ
1140 578 1425 648 ἐπετράπη
1457 595 1475 628 ι
1511 576 1803 643 ἐξαγαγεῖν

237 672 268 738 ἡ
300 672 366 736 γῆ
387 670 562 739 ψυχὴν
585 668 765 733 ζῶσαν
798 670 939 723 κατὰ
963 671 1135 738 γένος,
1157 669 1464 740 τετράποδα
1483 667 1574 720 καὶ
1596 665 1802 739 ἑρπετά

235 762 329 813 καὶ
357 759 520 830 θηρία
541 780 553 791 ·
603 779 622 811 ι
676 762 765 812 καὶ
792 760 954 822 εὐθὺς
998 762 1282 830 προήγαγε
1321 758 1391 812 τά
1418 775 1475 811 τε
1507 757 1675 828 ἄγρια
1709 755 1803 810 καὶ

233 852 416 920 ἥμερα
446 851 581 914 ζῶα.
627 853 816 921 Ψυχὴν
858 852 914 904 δὲ
950 852 1130 915 ζῶσαν
1163 852 1454 919 ἐξαγαγεῖν
1490 850 1799 912 ἐκέλευσεν,

236 941 325 993 ἴνα
353 942 416 992 ἐκ
448 941 638 993 τούτου
688 939 1024 1011 γινώσκηται
1064 941 1165 1009 τῆς
1207 957 1266 992 τε
1307 940 1507 1006 ἀλόγου
1551 938 1729 1006 ψυχῆς
1769 938 1801 1005 ὴ

233 1032 469 1102 διαφορὰ
512 1035 606 1086 καὶ
638 1032 737 1100 τῆς
769 1032 1117 1102 ἀνθρωπίνης
1149 1033 1197 1064 ’⁸
1225 1048 1238 1063 ·
1281 1033 1344 1083 ὲκ
1391 1031 1500 1099 γὰρ
1527 1031 1627 1098 γῆς
1661 1029 1800 1096 ἐφύη

232 1125 342 1176 τῶν
367 1126 640 1193 ἀλόγωνή
687 1124 855 1193 ψυχὴ,
905 1126 940 1194 ἡ
991 1123 1046 1176 δὲ
1099 1123 1209 1175 τῶν
1248 1121 1551 1190 ἀνθρώπων
1604 1122 1668 1173 ἐκ
1705 1119 1800 1172 τοῦ

232 1215 376 1267 θείου
405 1217 799 1286 ὲμφυσήματος
831 1215 1162 1284 συνέστηκεν
1189 1215 1234 1246 ⁸⁵
1267 1229 1279 1242 ·
1320 1213 1417 1266 καὶ
1445 1213 1525 1263 ὅτι
1567 1211 1743 1279 γεηρὰ
1768 1214 1800 1278 ἡ

230 1306 340 1356 τῶν
370 1307 580 1372 ἀλόγων
612 1306 778 1374 ψυχὴ,
821 1305 879 1368 ἐξ
913 1305 1083 1373 αὐτῆς
1113 1305 1227 1358 ἐστι
1266 1303 1469 1371 γνῶναι
1509 1304 1672 1356 πάλιν
1700 1304 1800 1370 τῆς

232 1397 455 1466 ι’ραφῆς
484 1411 502 1429 ⁶
544 1396 758 1464 εἴρηται
786 1397 898 1466 γάρ
933 1413 947 1428 ο
986 1417 1003 1449 ι
1041 1396 1200 1465 Ψυχὴ
1233 1395 1429 1456 παντὸς
1471 1395 1701 1463 κτήνους
1741 1395 1799 1446 τὸ

231 1486 372 1555 αἷμα
399 1487 561 1541 αὑτοῦ
591 1491 738 1542 ἐστιν
769 1505 784 1519 ο
820 1510 836 1541 ο
867 1485 1005 1557 αἷμα
1037 1489 1094 1540 δὲ
1134 1488 1482 1558 πηγνύμενον
1518 1489 1597 1548 είς
1625 1487 1800 1555 σάρκα

234 1579 627 1646 μεταϐάλλεται
663 1594 675 1607 ·
709 1578 845 1647 σὰρξ
889 1579 943 1631 δὲ
977 1577 1354 1649 φθει[ρομένη]
1401 1579 1480 1640 είς
1522 1576 1628 1645 γῆν
1668 1578 1799 1628 ἁνα-

231 1669 439 1724 λύεται.
471 1672 713 1734 Εἰκότως
741 1668 837 1724 οὖν
865 1672 1072 1742 γεώδης
1100 1675 1131 1742 ὴ
1167 1672 1313 1742 ψυχὴ
1342 1669 1436 1722 τοῦ
1472 1670 1690 1737 ἀλόγου.

347 1785 446 1858 [Z’]
489 1787 626 1855 Περὶ
664 1784 772 1855 τῆς
801 1784 1182 1853 κατασκευῆς
1208 1785 1314 1840 τοῦ
1353 1785 1690 1855 ἀνθρώπου.

313 1900 531 1972 Ἐπειδὴ
565 1900 665 1974 [δὲ]
695 1901 879 1955 λοιπὸν
904 1902 1004 1974 [τῷ
1022 1902 1372 1974 κατα).λ]ήλῳ
1403 1902 1594 1957 κάλλει
1619 1903 1798 1957 πάντα

226 1993 592 2064 διεκοσμεῖτο,
650 1995 678 2048 ὁ
718 1995 948 2062 οὐρανὸς
999 1995 1099 2065 μὲν
1159 1998 1280 2059 ταῖς
1318 1996 1428 2048 τῶν
1468 1997 1798 2067 φωστήρων,

232 2084 473 2157 [αὑγαῖς,
501 2085 840 2160 θάλασσα]...
889 2089 948 2143 δὲ
996 2089 1090 2143 καὶ
1119 2089 1225 2158 ἀὴρ
1270 2090 1382 2151 τοῖς
1436 2091 1654 2159 νηκτοῖς
1705 2089 1800 2141 καὶ

229 2183 438 2252 ἀερίοις
464 2183 571 2236 τῶν
595 2182 770 2246 ζώων,
810 2183 882 2252 γῆ
908 2182 966 2235 δὲ
989 2187 1108 2246 ταῖς
1141 2182 1450 2254 [παντοίαις
1489 2178 1798 2251 διαφοραῖς]

230 2273 339 2326 τῶν
361 2275 541 2341 φυτῶν
563 2293 621 2328 τε
652 2277 746 2330 καὶ
776 2275 1161 2346 βοσκημάτων,
1199 2275 1390 2345 ὥσπερ
1416 2274 1540 2328 τινὰ
1573 2274 1800 2343 βασιλέα

227 2367 283 2433 [ό
311 2365 402 2418 τοῦ
458 2367 658 2429 παντὸς
707 2369 942 2436 ποιητὴς
990 2365 1226 2439 είσάγ]ει
1270 2367 1364 2419 τὸν
1410 2366 1698 2437 ἄνθρωπον
1740 2368 1800 2420 ὲν

228 2456 441 2525 κόσμῳ,
486 2457 582 2526 οὐχ
628 2457 702 2518 ὡς
741 2457 1050 2527 απόὸλητον
1087 2457 1316 2528 ἔσχατον
1354 2457 1533 2527 (206⁸)
1583 2457 1798 2520 κτίσας,

227 2548 346 2601 ἀλλ’
393 2547 470 2612 ὡς
516 2548 634 2618 ἅμα
679 2551 753 2620 τῇ
779 2550 992 2617 γενέσει
1039 2549 1342 2618 βασιλεύειν
1388 2548 1694 2615 ὀφείλοντα.
1735 2549 1801 2601 Τί

227 2641 338 2711 γάρ
370 2657 534 2710 φησιν
564 2643 596 2710 ὴ
644 2641 874 2710 Γραφή;
917 2660 936 2692 ι
972 2642 1083 2694 Καὶ
1129 2637 1282 2693 εἶπεν
1312 2643 1338 2693 ό
1378 2639 1512 2704 Θεός
1538 2654 1552 2668 ⁸
1587 2641 1632 2673 ⁸⁸
1673 2641 1800 2694 Ποιογ

227 2734 449 2802 ήσωμεν
479 2733 763 2798 ἄνθρωπον
812 2737 935 2786 κατ’
983 2733 1170 2786 εἰκόνα
1216 2733 1490 2802 ἡμετέραν
1543 2735 1638 2786 καὶ
1677 2731 1801 2786 καθ’

227 2825 511 2894 ὁμοίωσιν,
555 2828 649 2878 καὶ
687 2826 1008 2895 ἀρχέτωσαν
1057 2825 1164 2877 τῶν
1212 2826 1410 2892 ἰχθύων
1450 2823 1551 2892 τῆς
1599 2825 1799 2879 θαλάσο

231 2933 334 2986 aq;
372 2919 464 2968 καὶ
498 2919 604 2969 τῶν
635 2917 898 2970 πετεινῶν
934 2916 1029 2970 τοῦ
1074 2915 1304 2986 οὐρανοῦ
1343 2917 1568 2970 καὶτῶν
1597 2916 1800 2986 θηρίων

227 3007 324 3059 καὶ
356 3007 534 3078 πάσης
563 3007 664 3077 τῆς
701 3009 824 3076 γῆς.
863 3027 881 3060 ι
923 3008 1034 3061 Καὶ
1069 3007 1136 3061 τὰ
1169 3007 1270 3077 μὲν
1304 3007 1441 3061 ἄλλα
1472 3008 1649 3061 πάντα
1686 3009 1800 3061 κτί-

231 3117 413 3168 σματα
441 3102 649 3171 ῥήματι
676 3103 822 3171 μόνῳ
848 3102 1104 3172 παρήχθη
1131 3118 1145 3134 ο
1175 3104 1202 3154 ό
1230 3101 1286 3153 δὲ
1326 3101 1610 3171 ἄνθρωπος
1643 3101 1800 3171 ἔσχεν

227 3190 507 3259 ἐξαίρετόν
536 3208 589 3244 τι
618 3193 759 3244 κατά
789 3193 887 3261 τὴν
926 3192 1145 3260 ποίησιν
1176 3191 1327 3261 παρά
1366 3191 1559 3245 ταῦτα.
1593 3192 1799 3262 Βουλῆς

225 3283 336 3352 γὰρ
363 3284 827 3353 προηγησαμένης
855 3281 1101 3354 ἐκτίσθη,
1143 3284 1228 3337 ἵνα
1273 3286 1338 3338 bc
1377 3287 1558 3340 τούτου
1589 3286 1795 3355 δειχθῇ.

225 3377 308 3429 ὃτι
349 3392 454 3443 περ
480 3375 658 3444 τίμιόν
687 3392 740 3427 τι
781 3376 966 3445 χρῆμα
999 3375 1234 3445 ὑπάρχει
1279 3392 1291 3405 ·
1329 3376 1390 3429 τὺ
1442 3377 1582 3448 γάρ’
1620 3395 1637 3428 ι
1675 3376 1799 3429 Ῑῐοι-

229 3469 450 3536 ήσωμεν
485 3468 775 3537 ἄνθρωπον
825 3465 946 3520 κατ’
975 3466 1164 3520 είκόνα
1206 3468 1480 3536 ἡμετέραν
1526 3467 1623 3519 καὶ
1674 3467 1797 3520 καθ’

227 3560 540 3626 όμοίωσιν,›
573 3558 725 3609 οὐδὲν
759 3557 945 3628 ἕτερον
983 3557 1254 3609 δείκνυσιν
1295 3557 1327 3626 ἢ
1369 3557 1451 3608 ὅτι
1503 3555 1795 3626 συμϐούλῳ

230 3651 499 3720 ἐχρήσατο
527 3652 554 3703 ό
583 3650 771 3718 Πατὴρ
800 3649 878 3718 τῷ
921 3652 1201 3718 μονογενεῖ
1239 3646 1403 3701 αὑτοῦ
1438 3647 1550 3716 rte
1581 3646 1676 3700 ἰπὶ
1725 3650 1792 3716 τῇ

227 3743 422 3794 τούτου
447 3747 758 3812 κατασκευῇ
793 3760 811 3792 r
846 3742 923 3810 τῷ
955 3743 1120 3813 906
1152 3742 1548 3809 ἀπαυγάσματι
1585 3741 1684 3809 τῆς
1716 3740 1799 3792 δό-

230 3833 350 3901 ξης,
385 3851 401 3882 ι
454 3833 594 3885 κατὰ
619 3835 711 3884 τὸν
751 3833 1095 3896 ’Λπόστολον,
1141 3849 1158 3881 ι
1201 3831 1295 3886 καὶ
1341 3831 1649 3904 χαρακτῆρι
1703 3831 1796 3900 τῆς

233 3923 580 3984 ὑποστάσεως
609 3922 795 3977 αὑτοῦ.
836 3941 853 3974 ι
901 3922 1038 3978 Οὔτε
1063 3923 1174 3991 γὰρ
1200 3922 1328 3990 ὲνῆν
1357 3921 1502 3990 ἄλλῳ
1533 3923 1640 3973 τινὶ
1665 3937 1802 3988 συμ-

231 4017 406 4085 ῦούλῳ
452 4019 557 4069 τινὶ
604 4015 966 4086 κεχρῆσθαιῆ
1001 4015 1078 4084 τῷ
1118 4015 1279 4078 ζῶντι
1327 4015 1419 4067 καὶ
1453 4016 1801 4082 ὲνυποστάτῳ

230 4108 396 4161 αὑτοῦ
428 4111 586 4177 Λόγῳ
615 4109 691 4177 τῷ
735 4107 1141 4178 ἀπαραλλάκτῳ
1171 4108 1294 4160 κατ’
1337 4107 1517 4160 εἰκόνα
1553 4107 1647 4159 καὶ
1673 4108 1801 4173 ὁμο-

230 4202 394 4270 ουσίῳ
422 4201 512 4254 καὶ
546 4201 870 4269 ίσοδυνάμῳ.
913 4198 1032 4270 (Κβ⁸
1058 4200 1106 4232 ’⁸
1133 4199 1289 4267 ἔργα,
1322 4199 1397 4260 ὡς
1442 4198 1594 4264 λέγει
1631 4197 1798 4249 Μωῦ-

1373 348 1833 413 CHRONICON.
1877 371 1944 385 ο-
1987 348 2134 410 LIB.
2175 351 2306 411 VII.

3346 354 3482 416 1266

2293 461 2376 514 Vl.
2419 461 2491 515 De
2528 463 2784 531 jumentis
2817 473 2865 516 et
2888 463 3089 518 bestiis.

1984 571 2147 626 Sexto
2183 573 2268 626 die
2294 572 2462 642 jussa-
2500 585 2581 630 cst
2617 594 2643 627 ιη
2700 577 3002 641 producere
3051 585 3192 629 terra
3243 578 3474 631 animam

1912 664 2179 719 viventem
2243 665 2294 718 in
2329 681 2525 736 genere
2552 683 2678 730 suo.
2726 668 3127 736 quadrupedes,
3178 669 3389 736 reptilia
3424 685 3480 725 et

1913 758 2133 812 bestias.
2166 778 2183 808 ι
2211 760 2274 812 Ει
2301 759 2481 814 statim
2504 759 2758 828 produxit
2787 759 2896 814 fera
2919 769 2970 813 et
2993 763 3176 815 cicura
3201 763 3478 816 animalia.

1913 849 2080 904 Porro
2107 850 2261 916 jussa
2307 863 2389 905 est
2443 852 2533 905 illa
2571 852 2871 919 producere
2902 851 3138 906 animam
3183 853 3478 911 viventem.

1911 949 1970 994 ut
1990 941 2184 996 exinde
2211 953 2534 1011 agnoscatur
2559 944 2892 1000 irrationalis
2923 945 3120 998 anima:
3146 945 3213 999 ab
3236 947 3473 998 humana

1909 1032 2235 1086 discrimen:
2275 1049 2340 1086 ex
2389 1043 2530 1088 terra
2587 1035 2731 1089 enim
2764 1047 3019 1105 generata
3073 1045 3159 1092 est
3191 1036 3475 1090 brutorum

1908 1131 2115 1191 anima,
2180 1130 2456 1184 hominum
2510 1145 2638 1186 vero
2687 1131 2871 1186 anima
2923 1133 3107 1186 divino
3171 1131 3349 1186 afllata
3391 1139 3478 1186 est

1908 1220 2122 1287 spiritu.
2156 1219 2230 1273 Ac
2259 1236 2525 1274 terrenam
2556 1238 2676 1277 esse
2702 1225 2986 1277 brutorum
3012 1225 3247 1277 animam
3274 1235 3336 1276 ex
3359 1225 3476 1291 ipsa

1907 1314 2101 1366 iterum
2143 1324 2286 1382 patet
2341 1313 2628 1381 Scriptura
2682 1315 2942 1370 dicente:
2974 1333 2992 1364 ι
3057 1316 3254 1367 Anima
3298 1314 3477 1367 omnis

1909 1405 2092 1459 bestia:
2152 1405 2204 1458 in
2275 1388 2541 1474 sanguine
2598 1406 2717 1475 ejus
2763 1413 2865 1459 est.
2906 1425 2925 1457 ι
2986 1406 3221 1474 Sanguis
3292 1412 3475 1458 autem

1906 1498 2222 1563 coegulatus
2274 1497 2324 1549 in
2357 1512 2570 1550 carnem
2599 1497 2956 1561 convertitur,
2984 1505 3039 1551 et
3070 1512 3195 1550 caro
3222 1506 3474 1565 corrupta

1908 1587 1961 1639 iu
1991 1597 2191 1640 terram
2241 1588 2548 1642 resolvitur.
2596 1588 2729 1645 Vere
2774 1589 2939 1659 igitur
2973 1599 3192 1646 terrena
3225 1597 3308 1644 cst
3329 1587 3472 1642 bruti

1909 1697 2109 1734 anima.

2264 1792 2344 1850 VII
2412 1797 2484 1851 De
2522 1798 2747 1853 hominis
2802 1799 3136 1869 (nutatione.

1969 1909 2102 1963 Cum
2155 1910 2266 1977 jam
2339 1911 2520 1964 omnia
2581 1927 2821 1980 congruo
2877 1913 2981 1965 sibi
3055 1914 3250 1966 decore
3282 1918 3470 1966 ornata

1898 2010 2101 2064 essent.
2122 2001 2319 2056 caelum
2342 2003 2544 2072 quippe
2562 2012 2834 2060 astrorum
2872 2005 3278 2076 splendoribus,
3319 2021 3472 2060 mare

1902 2104 2029 2143 vero
2075 2099 2129 2144 et
2161 2104 2254 2144 aer
2298 2091 2536 2159 piscibus
2591 2102 2645 2147 et
2699 2095 2864 2149 aeriis
2919 2095 3269 2158 animalibus,
3307 2107 3471 2164 atque

1902 2171 2050 2237 terra.
2083 2182 2636 2252 dirersisplantarum
2687 2193 2742 2238 et
2775 2186 3075 2240 bestiarum
3140 2187 3469 2256 speciebus:

1899 2276 2047 2330 velut
2072 2290 2254 2344 regem
2286 2276 2340 2330 in
2370 2277 2632 2330 mundum
2669 2278 2873 2331 Artifex
2899 2279 3144 2332 omnium
3173 2279 3472 2333 introducit

1902 2367 2199 2431 hominem,
2232 2382 2394 2436 quem
2465 2367 2720 2422 ultimum
2780 2369 2985 2423 creavit
3042 2384 3150 2422 non
3214 2378 3475 2437 tanquam

1901 2457 2194 2526 abiectum,
2251 2459 2346 2513 sed
2388 2467 2446 2513 ut
2495 2459 2677 2513 statim
2738 2460 2805 2513 ab
2837 2467 2959 2513 ortu
3009 2469 3275 2529 regnaret.
3329 2457 3472 2524 Quid

1901 2550 2048 2604 enim
2078 2547 2211 2603 dicit
2250 2549 2575 2617 Scriptura?
2609 2567 2626 2601 ι
2661 2549 2724 2603 Ει
2767 2549 2900 2603 dixit
2949 2548 3132 2602 Deus:
3183 2546 3474 2604 Faciamus

1903 2642 2176 2695 hominem
2215 2639 2282 2695 ad
2328 2640 2618 2709 imaginem
2669 2649 2724 2695 et
2754 2641 3160 2695 similitudinem
3188 2650 3469 2703 nostram;

1899 2743 1953 2787 et
2003 2733 2188 2803 praesit
2241 2733 2484 2802 piscibus
2529 2733 2720 2794 maris,
2767 2742 2816 2786 et
2875 2731 3190 2786 volatilibus
3237 2731 3382 2791 coeli.
3418 2740 3473 2782 et

1899 2824 2108 2887 bestiis,
2173 2823 2546 2894 universatque
2599 2833 2821 2878 terrae.»
2887 2823 2951 2876 Et
2983 2833 3190 2877 caetera:
3249 2821 3470 2892 quidem

1902 2922 2172 2967 creatura:
2243 2930 2353 2969 uno
2387 2915 2555 2969 verbo
2611 2916 2888 2983 producta-
2943 2923 3109 2978 sunt;
3144 2912 3306 2966 homo
3342 2926 3470 2965 vero

1903 3003 1955 3055 in
1990 3017 2088 3056 sua
2150 3000 2477 3056 formatione
2534 3001 2786 3056 nonnihil
2819 3000 2888 3055 ab
2957 2999 3068 3054 illis
3117 2999 3464 3068 discrepuit:

1905 3093 2135 3147 consilio
2186 3093 2332 3146 enim
2391 3094 2689 3162 praehabito
2749 3102 2966 3148 creatus
3001 3101 3106 3154 est,
3154 3100 3219 3145 ut
3269 3088 3468 3145 exinde

1905 3184 2281 3237 ostenderetur
2310 3197 2433 3238 eum
2467 3198 2588 3239 esse
2618 3184 2828 3253 aliquid
2851 3183 3098 3252 pretiosi.
3121 3181 3256 3234 lll‘ud
3275 3181 3419 3232 enim
3452 3197 3467 3232 :

1910 3294 1927 3325 ι
1958 3273 2246 3331 Faciamus
2272 3275 2548 3330 hominem
2577 3276 2644 3330 ad
2703 3275 2994 3345 imaginem
3050 3282 3106 3327 et
3156 3271 3460 3327 similitudi

1905 3379 2027 3418 nem
2078 3374 2377 3428 nostram,»
2413 3365 2546 3418 nihil
2574 3365 2721 3419 aliud
2751 3365 3025 3435 significat
3054 3378 3217 3434 quam
3253 3362 3467 3417 Patrem

1902 3460 1969 3514 de
1997 3460 2232 3516 hominis
2253 3458 2577 3516 formatione
2600 3459 2914 3515 consiliario
2941 3470 3098 3513 usum
3130 3457 3301 3511 fuisse
3333 3452 3470 3508 Filio

1901 3566 2000 3605 suo
2030 3552 2440 3620 unigenito,qui
2462 3560 2567 3615 est,
2594 3553 2751 3620 juxta
2780 3550 3124 3620 Apostolum,
3161 3567 3179 3599 ι
3210 3545 3469 3614 splendor

1902 3643 2104 3712 giorire.
2134 3652 2187 3696 et
2225 3643 2394 3712 figura
2414 3642 2730 3696 substantiae
2763 3643 2903 3711 ejus.
2944 3660 2962 3692 ι
3005 3639 3160 3694 Nullo
3182 3638 3328 3692 enim
3364 3639 3472 3688 alio

1905 3734 2220 3787 consiliario
2249 3736 2322 3787 uti
2375 3742 2586 3801 poterat
2637 3749 2800 3802 quam
2854 3734 3067 3787 virente
3101 3742 3152 3784 et
3201 3728 3468 3798 personal:

1906 3839 2007 3879 suo
2046 3824 2249 3887 Verbo,
2285 3825 2430 3891 quod
2461 3832 2543 3878 est
2567 3824 2747 3893 imago
2783 3823 2904 3893 ejus
2943 3819 3301 3875 immutabilis
3339 3834 3470 3871 eon-

1900 3916 2384 3983 substantialisque
2419 3925 2473 3969 et
2505 3915 2812 3979 coaequalis.
2847 3914 2961 3967 Duo
2994 3921 3048 3966 et
3077 3910 3264 3980 viginti
3284 3923 3469 3977 Opera.

1901 4017 1956 4061 ut
1985 4008 2114 4060 dicit
2153 4005 2350 4070 Moses,
2375 4006 2502 4060 fecit
2530 4004 2672 4060 Deus
2694 4006 2953 4083 intramsex
2982 4005 3135 4057 dies:
3159 4004 3340 4069 itaque
3363 4001 3471 4052 duo

1898 4113 1951 4154 et
1974 4099 2159 4168 viginti
2183 4098 2390 4162 litterae,
2413 4096 2744 4166 totidemque
2761 4096 2880 4150 libri
2911 4096 3190 4163 suntapud
3209 4091 3468 4154 ilebreos,

1898 4204 1952 4245 et
1977 4189 2164 4260 viginti
2195 4191 2302 4242 duo
2336 4188 2716 4254 generationes
2744 4187 2813 4242 ab
2848 4189 3019 4240 Adam
3074 4185 3139 4238 ad
3169 4189 3361 4238 .Ia'cob.

233 4293 353 4358 σῆς,
383 4291 598 4344 ἔκτισεν
627 4294 654 4344 ό
697 4291 831 4354 Θεὸς
861 4292 918 4342 ἐν
955 4291 1072 4352 ταῖς
1099 4291 1152 4353 ς’
1184 4291 1418 4360 ἡμέραις
1440 4306 1452 4318 ·
1517 4288 1595 4340 διὸ
1627 4289 1718 4339 καὶ
1782 4283 1867 4352 κβ¹
1900 4281 2204 4352 γράμματα
2245 4280 2341 4333 καὶ
2386 4278 2567 4350 βιϐλία
2598 4278 2843 4333 τοσαῦτα
2884 4282 3017 4349 παρ’
3056 4278 3329 4346 ἰἰὸραὶοις
3379 4277 3472 4328 καὶ

230 4382 315 4451 κβ¹
355 4382 671 4448 γενεαρχίαι
697 4378 804 4430 ἀπὸ
830 4377 1003 4445 Ἀδὰμ
1027 4378 1192 4446 μέχρι
1222 4377 1465 4446 Ἰακώϐ.)

581 4497 689 4570 [Η’]
719 4499 822 4561 Είς
848 4497 938 4560 τὸ,
981 4496 1150 4549 «Κατ’
1179 4497 1434 4548 εἰκόνα.)

313 4612 528 4681 Ἐπειδὴ
558 4611 757 4674 τοίνυν,
782 4610 857 4671 ὡς
906 4609 1140 4680 εἴρηται,
1174 4607 1426 4676 βασιλεὺς
1456 4604 1643 4674 ὥσπερ
1676 4608 1791 4660 sla-2

227 4709 368 4780 ἠχθη
410 4710 466 4759 ιν
522 4705 710 4773 κόσμῳ
747 4704 775 4754 ὀ
817 4701 1122 4772 ἄνθρωπος,
1158 4699 1382 4761 είκὸτως
1416 4697 1509 4751 οὖν
1548 4700 1640 4750 καὶ
1668 4700 1791 4751 κατ’

227 4800 413 4854 εἰκόνα
440 4794 574 4850 Θεοῦ
603 4793 931 4863 γεγένηται·
963 4791 1069 4844 ἔδει
1113 4792 1220 4860 γάρ
1250 4791 1342 4843 τὸν
1386 4790 1648 4857 μέλλοντα
1694 4789 1791 4860 ἀρ.

226 4907 346 4959 χειν
379 4887 483 4939 τῶν
515 4884 709 4947 ἄλλων,
761 4883 951 4952 ὥσπερ
989 4879 1110 4932 τινὰ
1144 4880 1329 4932 εἰκόνα
1372 4876 1510 4932 εἶναι
1553 4879 1791 4950 ἔμψυχον

225 4979 325 5046 τῆς
359 4975 453 5030 τοῦ
499 4973 764 5045 βασιλέως
791 4973 1126 5040 ὁμοιότητος,
1161 4969 1258 5022 οὐκ
1285 4972 1342 5022 ὲν
1375 4970 1667 5039 πορφυρίδι
1701 4971 1794 5020 καὶ

227 5069 495 5138 σκήπτρῳ
522 5065 613 5118 καὶ
641 5062 931 5130 διαδήματι
954 5059 1051 5129 τὴν
1081 5058 1236 5123 ἀξίαν
1270 5057 1621 5125 ἐμφαίνοντα,
1655 5059 1796 5109 ἐπει-

225 5163 290 5228 δὴ
320 5159 455 5228 μηδὲ
488 5158 549 5209 τὸ
593 5154 900 5224 ἀρχέτυπον
934 5153 991 5203 ἐν
1028 5149 1238 5210 τούτοις
1279 5148 1446 5210 ἐστὶν,
1477 5148 1588 5200 ἀλλ’
1629 5150 1686 5200 ὲν
1716 5146 1795 5216 τῷ

229 5250 556 5321 κοσμεῖσθαι
602 5249 668 5317 τῇ
704 5241 985 5313 ἀφθαρσίᾳ
1019 5243 1114 5294 καὶ⁵
1159 5239 1430 5309 ἀθανασίᾳ
1461 5241 1555 5293 καὶ
1587 5241 1754 5308 ἀρετῇ
1777 5255 1792 5269 ο

228 5346 440 5405 τούτοις
489 5342 598 5411 γὰρ
648 5338 899 5409 τιμηθεὶς
936 5337 964 5388 ό
1003 5333 1288 5404 ἄνθρωπος
1324 5335 1421 5403 τὴν
1456 5335 1591 5402 πρὸς
1620 5334 1664 5365 ⁹⁹
1697 5335 1795 5402 τὴν

1829 4478 1876 4536 ο

2187 4487 2320 4544 Vill.
2362 4487 2428 4542 In
2456 4488 2614 4542 illud:
2653 4505 2671 4539 ι
2699 4488 2778 4543 Ad
2816 4488 3132 4558 imaginem.
3164 4507 3183 4539 ι

1970 4602 2260 4668 Quoniam,
2314 4610 2373 4654 ut
2408 4602 2617 4657 dictum
2648 4611 2750 4668 est,
2784 4603 2935 4656 velut
2970 4617 3059 4655 rex
3114 4601 3166 4654 in
3197 4602 3466 4656 mundum

1900 4695 2244 4751 introductus
2273 4705 2356 4750 est
2383 4695 2568 4758 homo,
2593 4695 2981 4750 convenienter
3019 4695 3187 4763 igitur
3234 4693 3300 4748 ad
3335 4694 3456 4747 ima-

1898 4785 2078 4855 ginem
2111 4784 2206 4840 Dei
2249 4784 2433 4840 factus
2489 4795 2594 4841 est.
2625 4783 2863 4840 Necesse
2914 4787 3059 4840 enim
3093 4795 3210 4840 erat
3234 4795 3316 4847 ιιι,
3348 4786 3468 4839 aliis

1902 4879 2253 4947 praefuturus,
2283 4879 2406 4932 viva
2451 4886 2597 4932 esset
2644 4878 2788 4948 regis
2817 4878 2996 4946 imago
3059 4887 3114 4932 et
3144 4878 3466 4942 similitudo.

1899 4986 2004 5024 non
2034 4984 2270 5039 purpura
2306 4980 2636 5040 sceptroque
2681 4985 2746 5024 ac
2803 4971 3108 5025 diademate
3152 4986 3303 5024 suam
3355 4987 3438 5023 ma

1901 5062 2164 5116 nifestans
2200 5061 2542 5128 dignitatem,
2581 5076 2701 5115 cum
2725 5062 2840 5132 ipse
2875 5063 3204 5130 archetypas
3234 5062 3317 5116 his
3352 5078 3464 5116 non

1898 5152 2183 5221 refulgent,
2215 5153 2310 5206 sed
2340 5167 2406 5207 eo
2435 5151 2581 5221 quod
2605 5159 2831 5206 ornetur
2885 5152 3321 5220 incorruptione,
3367 5153 3466 5207 inte

1902 5245 2229 5300 mortalitate
2261 5260 2326 5299 ac
2376 5245 2596 5299 virtute.
2635 5242 2730 5297 llis
2756 5244 2902 5297 enim
2947 5244 3269 5301 nobilitatus
3301 5245 3466 5300 homo

1901 5344 2080 5389 servat
2122 5337 2446 5406 exemplaris
2478 5335 2769 5404 imaginem
2817 5345 2871 5390 et
2900 5336 3334 5392 similitudinem.
3376 5333 3464 5389 Li-

1395 5497 1588 5558 Vnriac
1617 5497 1917 5561 lectiones
1964 5512 2022 5562 et
2057 5509 2245 5563 noue.

306 5669 352 5699 η
386 5668 518 5723 Gen,
558 5684 596 5740 ι,
615 5668 722 5740 241
781 5663 950 5740 τοῦ
972 5679 1112 5740 Δανον
1141 5662 1197 5740 ξ).
1224 5662 1352 5740 Th.“
1399 5662 1698 5740 "‘ouvsatn
1825 5663 1926 5740 ΤΙι.

1921 5706 1927 5716 .
1968 5667 2016 5719 fl.
2057 5666 2184 5721 [εν.
2215 5685 2342 5736 xvtr,
2372 5667 2631 5740 Η,14.ψ.
2663 5668 2839 5739 πάσης
2869 5670 3090 5740 σαρκός.
3166 5667 3211 5698 ⁹⁶
3235 5667 3252 5722 Ι
3279 5665 3371 5724 26.
3405 5697 3464 5712 -

234 5737 280 5770 "
316 5740 446 5794 "Cll.
481 5757 516 5806 ι,
553 5739 605 5793 ’5.
683 5737 729 5770 θ’
757 5733 837 5805 κβ⁹
865 5763 932 5773 -
972 5732 1160 5786 Ἰαγλῦό
1192 5731 1372 5787 οιη.Ρ.
1449 5734 1494 5764 ’ν
1531 5732 1662 5800 πρὸς
1695 5732 1782 5786 τόν
1809 5737 1926 5792 cod.
