4240 6422
258 346 393 412 1269

1377 354 1838 417 CIIRONICON.
1878 380 1942 389 -·
1990 357 2139 419 LIB.
2178 358 2312 420 V11.

3354 364 3487 427 1270

248 463 416 532 908
448 464 577 535 Θείῳ
601 466 1034 530 καταπνευσθεὶς
1052 468 1145 520 καὶ
1181 468 1504 538 προφητικῷ
1528 470 1816 539 πνεύματι,
1856 474 1901 530 Δ

1812 470 2149 538 .Aspiritu,
2223 474 2440 540 propria
2506 473 2735 542 singulis
2796 476 3166 529 animantibus
3228 477 3486 545 imposuit

248 556 489 624 ὀνόματα
522 558 689 627 κύρια
720 560 936 628 ἑκάστῳ
965 560 1075 613 τῶν
1113 560 1323 628 ἀλόγων
1370 564 1608 632 ἐπέθηκε
1628 582 1641 596 -
1674 565 1741 616 τά
1766 565 1823 617 δὲ

248 644 365 708 ζῶα
408 647 595 717 ὥσπερ
620 649 785 719 τιμὴν
831 652 1074 717 μεγάλην
1105 652 1167 705 ἐκ
1206 653 1305 719 τῆς
1342 654 1680 723 ἐπικλήσεως
1722 658 1817 711 λα-

248 733 437 801 ϐόντα,
468 737 647 801 οὕτως
678 740 735 793 ὲν
768 742 1000 811 συζυγίᾳ
1025 741 1362 813 ὑπεχώρουν.

408 875 534 947 [IB’]
571 879 708 947 Περὶ
747 879 851 946 τῆς
885 881 1188 949 ποιήσεως
1230 883 1340 952 τῆς
1368 888 1666 954 γυναικός.

334 1004 549 1076 Ἐπειδὴ
578 1008 634 1060 δὲ
668 1007 727 1074 ἐξ
757 1010 1014 1066 ἁπάντων
1063 1014 1270 1068 τούτων
1324 1017 1433 1069 τῶν
1463 1021 1636 1085 γενῶν
1668 1021 1820 1075 οὐδὲν

244 1092 315 1166 ἦν
355 1099 536 1165 ὅμοιον
560 1100 640 1171 τῷ
688 1103 876 1171 Ἀδὰμ,
904 1099 1025 1157 εἷπε
1058 1106 1220 1159 πάλιν
1250 1109 1279 1159 6
1301 1109 1453 1173 Θεὸς,
1483 1111 1623 1164 καθά
1657 1130 1820 1181 φησιν

247 1191 282 1258 ἡ
322 1190 512 1260 Γραφή
537 1208 551 1221 ο
602 1211 619 1242 ι
654 1191 696 1224 ⁸⁸
722 1194 796 1245 Ού
824 1195 987 1247 καλὸν
1017 1193 1155 1250 εἶναι
1178 1200 1268 1252 τὸν
1300 1201 1586 1272 ἄνθρωπον
1615 1205 1776 1273 μόνον
1800 1225 1814 1239 ·

248 1282 570 1351 ποιήσωμεν
602 1283 751 1353 αὐτῷ
776 1285 971 1354 βοηθὸν
1001 1290 1123 1341 κατ’
1151 1290 1334 1352 αὐτὸν,
1374 1312 1391 1343 ι
1420 1293 1615 1364 βοηθὸν
1646 1295 1820 1365 λέγων

243 1371 307 1423 τὸ
338 1371 472 1439 θῆλυ
521 1372 611 1425 διὰ
657 1375 748 1426 τὸν
777 1376 873 1444 τῆς
911 1379 1258 1445 παιδογονίας
1308 1384 1489 1451 λόγον,
1538 1393 1820 1458 συνεργεῖν

248 1462 444 1531 μέλλον
472 1464 551 1534 τῷ
583 1464 736 1536 άνδρὶ
766 1470 900 1535 πρὸς
924 1470 1023 1539 τὴν
1050 1472 1143 1525 τοῦ
1170 1474 1361 1540 γένους
1384 1476 1610 1548 αὔξησίν
1634 1498 1692 1533 τε
1726 1484 1818 1536 καὶ

243 1551 534 1623 διαμονήν.
584 1552 752 1619 Αὖθις
791 1558 846 1611 δὲ
894 1560 1135 1628 ἐπιλέγει
1172 1563 1248 1594 ⁸⁸⁸
1289 1584 1306 1615 ι
1346 1567 1454 1618 Καὶ
1503 1569 1768 1622 ἐπέϐαλεν
1793 1574 1821 1624 6

244 1644 379 1707 Θεὸς
404 1646 662 1701 ἔκστασιν
691 1651 784 1702 ἐπὶ
805 1651 896 1703 τὸν
938 1653 1126 1723 Ἀδὰμ,
1154 1658 1245 1709 καὶ⁸
1274 1657 1511 1722 ὕπνωσε,
1538 1662 1631 1713 καὶ
1661 1662 1820 1717 ἔλασε

247 1738 380 1804 μίαν
434 1738 543 1790 τῶν
580 1740 830 1811 πλευρῶν
863 1743 1051 1809 αὐτοῦ,
1098 1747 1193 1799 καὶ
1236 1750 1590 1819 ἀνεπλήρωσε
1642 1754 1819 1822 σάρκα

244 1830 363 1882 ἀντ’
396 1831 588 1899 αὐτῆς,
621 1833 714 1885 καὶ
753 1835 1069 1905 ᾠκοδόμησε
1104 1838 1202 1907 τὴν
1235 1840 1493 1911 πλευράν,
1528 1846 1593 1915 ἢν
1628 1845 1818 1901 ἔλασεν

243 1917 354 1969 ἀπὸ
381 1917 475 1970 τοῦ
522 1919 711 1990 Ἀδὰμ,
743 1926 823 1985 είς
852 1927 1085 1990 γυναῖκα
1119 1928 1182 1978 ⁸⁸.
1220 1947 1237 1979 r
1276 1930 1431 1982 Ἐστι
1459 1932 1515 1983 δὲ
1539 1935 1566 1984 ὀ
1588 1934 1815 2004 εἰρημέ-

243 2025 336 2071 νος
372 2013 473 2077 τῆς
499 2012 721 2083 Γραφῆς
756 2016 956 2080 σκοπὸς
983 2010 1139 2082 οὗτος
1175 2019 1217 2051 ⁸⁸
1238 2037 1251 2051 ·
1282 2022 1487 2091 Κρίνας
1518 2027 1545 2078 6
1572 2027 1628 2078 ἐν
1657 2029 1818 2100 σοφίᾳ

243 2101 312 2153 τὰ
338 2106 516 2157 πάντα
545 2106 779 2175 ποιήσας
805 2107 938 2171 Θεὸς
969 2109 1152 2162 δοῦναι
1175 2112 1252 2180 τῷ
1289 2114 1458 2183 Ἀδὰμ
1482 2116 1675 2186 βοηθὸν
1697 2121 1813 2171 κατ’

243 2194 428 2257 αὐτὸν,
457 2196 531 2258 ὠς
554 2198 939 2267 ἐπηγγείλατο,
972 2203 1069 2255 οὐκ
1097 2206 1159 2257 ὲκ
1196 2209 1297 2276 γῆς
1322 2208 1544 2263 πλάττει
1570 2212 1630 2264 τὸ
1655 2211 1813 2283 θῆλυ,

244 2286 497 2356 καθάπερ
523 2292 616 2343 καὶ
643 2290 733 2344 τὸν
773 2292 965 2363 ἄνδρα,
1003 2295 1119 2349 ἀλλ’
1149 2300 1229 2362 είς
1271 2299 1439 2354 ὕπνον
1468 2304 1658 2373 τρέπει
1688 2307 1814 2359 τοῦ-

241 2395 335 2429 τον
367 2385 656 2453 καταφορᾷ
687 2385 1001 2455 πνεύματος
1037 2390 1127 2442 τὸν
1158 2392 1284 2443 νοῦν
1316 2394 1480 2447 αὑτοῦ
1511 2400 1817 2465 φαντασιώ⁸

245 2484 345 2530 σας
373 2470 464 2522 καὶ
500 2472 592 2525 τὸν
623 2473 721 2543 τῆς
753 2474 932 2546 ψυχῆς
964 2478 1243 2549 ὀφθαλμὸν
1272 2484 1354 2546 είς
1387 2484 1660 2555 ἄπληστον
1694 2488 1816 2558 ὄψιν

241 2558 581 2625 ὶκκαλεῖτιι,
626 2565 710 2617 ἵνα
748 2571 813 2636 τῇ
862 2572 1131 2643 φαντασίᾳ
1160 2574 1254 2626 τοῦ
1297 2576 1539 2629 τοιούτου
1588 2578 1817 2645 κάλλους

244 2652 633 2721 κατεχόμενος,
670 2656 741 2725 μὴ
782 2659 894 2727 γνῴ
920 2661 981 2713 τὸ
1028 2664 1311 2733 γινόμενον
1336 2682 1349 2697 ·
1380 2665 1499 2723 εἶτα
1548 2672 1815 2741 λαμϐάνει

247 2742 380 2836 μίαν
413 2745 521 2795 τῶν
551 2746 799 2817 πλευρῶν
825 2750 989 2803 αὑτοῦ
1008 2753 1329 2823 ἀκαμάτως,
1360 2760 1614 2832 αἴσθησιν
1643 2763 1816 2836 ἀλγη-

241 2832 387 2926 δόνος
422 2836 570 2907 αύτῷ
601 2837 675 2908 μὴ
707 2840 1070 2911 ἐπαναγαγὼν
1092 2863 1105 2875 ·
1141 2849 1235 2900 καὶ
1269 2849 1429 2913 εὐθὺς
1464 2852 1539 2915 ὠς
1564 2832 1816 2926 τεχνίτης

245 2925 340 2977 καὶ
378 2927 560 2996 ίατρὸς
592 2931 879 3003 σύντομος,
904 2936 963 2988 τὸ
1006 2937 1193 2991 λεῖπον
1218 2940 1307 2994 διὰ
1347 2944 1548 3014 σαρκὸς
1577 2925 1818 3019 ἀνεπλη-

249 3031 444 3108 ρωσεν.
490 3019 578 3073 Ἐν
607 3022 716 3089 ὅσῳ
746 3025 855 3094 γάρ
887 3026 1051 3097 “sitv
1080 3028 1257 3100 ψυχὴν
1287 3034 1353 3101 τῇ
1406 3034 1688 3106 άκορέστῳ
1718 3041 1818 3108 τῆς

1923 563 2143 615 nomina
2185 579 2197 614 :
2232 563 2490 616 animalia
2521 580 2673 629 vero,
2709 574 2968 633 tanquam
3001 583 3252 636 magnum
3290 584 3351 621 ex
3394 588 3487 637 ap-

1923 654 2211 721 pellatione
2234 655 2410 724 adepti
2444 656 2727 723 honorem,
2758 658 2953 713 deinde
2983 659 3105 713 bina
3137 660 3485 715 recedebant.

2270 879 2388 936 χιι.
2417 881 2490 935 De
2524 882 2840 950 formatione
2874 885 3129 938 mulieris.

1989 1016 2124 1069 Cum
2181 1030 2246 1070 ex
2293 1016 2546 1071 omnibus
2609 1018 2692 1071 bis
2754 1019 3044 1086 generibus
3091 1019 3297 1073 nullum
3342 1032 3486 1075 esset

1920 1108 2096 1161 simile
2120 1108 2343 1170 Adamo,
2373 1109 2506 1163 dixit
2535 1111 2732 1164 iterum
2762 1110 2924 1175 Deus,
2953 1119 3012 1163 ut
3041 1110 3139 1163 l‘ert
3161 1111 3438 1180 Scriptura
3470 1130 3483 1165 :

1926 1216 1945 1248 ε
1974 1198 2093 1252 Non
2123 1208 2209 1254 est
2250 1199 2450 1254 bonum
2482 1215 2602 1255 esse
2631 1202 2903 1256 hominem
2957 1202 3171 1266 solum;
3219 1203 3482 1256 iaciamus

1918 1290 1969 1344 ei
2009 1289 2338 1359 adjutorium
2396 1292 2573 1347 simile
2616 1292 2772 1358 ipsi:
2828 1312 2844 1343 ι
2904 1294 3238 1361 adiutorium
3295 1293 3483 1347 dicens

1921 1379 2199 1445 feminam,
2254 1383 2381 1452 quia
2412 1399 2509 1453 per
2548 1385 2838 1438 liberorum
2895 1385 3291 1453 generationem
3327 1384 3485 1452 adju-

1922 1481 2044 1526 tura
2077 1480 2195 1525 erat
2223 1472 2398 1526 virum
2427 1473 2493 1526 ad
2525 1474 2741 1543 generis
2792 1474 3234 1542 propagationem
3271 1483 3323 1527 et
3354 1490 3483 1527 con-

1921 1562 2306 1617 servationem.
2348 1564 2558 1619 Rursus
2580 1566 2795 1618 additur
2844 1582 2857 1618 :
2907 1583 2925 1614 ι
2957 1564 3183 1619 Immisit
3216 1580 3344 1634 ergo
3378 1564 3483 1616 Do.

1921 1655 2104 1708 minus
2151 1670 2403 1725 sop'trem
2455 1656 2507 1709 itt
2559 1656 2762 1722 Adam;
2812 1672 3045 1725 cumque
3096 1658 3481 1720 obdormisset,

1922 1745 2048 1800 tulit
2079 1762 2240 1800 unam
2276 1747 2342 1801 de
2372 1748 2539 1802 costis
2573 1746 2712 1816 ejus,
2754 1757 2807 1800 et
2860 1747 3089 1815 replevit
3136 1762 3356 1800 carnem
3386 1763 3483 1817 pro

1855 1809 1894 1863 Β
1922 1854 2021 1902 ea;
2075 1847 2131 1893 et
2172 1839 2461 1894 aediﬁcavit
2496 1850 2727 1904 costam,
2762 1855 2923 1908 quam
2960 1838 3157 1893 tulerat
3191 1840 3256 1894 dc
3290 1840 3483 1903 Adam,

1920 1931 1972 1984 in
2028 1931 2329 1986 mulierem.
2367 1952 2383 1982 ι
2444 1931 2538 1985 Est
2584 1942 2762 1985 autem
2820 1931 3115 1999 Scriptura:
3167 1933 3288 1985 linis
3343 1933 3483 1995 hic;

1917 2021 2019 2087 Qui
2076 2024 2257 2077 omnia
2308 2024 2362 2077 in
2412 2025 2677 2093 sapientia
2724 2021 2872 2086 fecit,
2925 2023 3012 2077 ille
3068 2032 3313 2077 statuens
3357 2023 3484 2077 dare

1917 2115 2124 2168 Adamo
2173 2116 2491 2185 adiutricem
2544 2117 2771 2170 similem
2828 2116 2971 2185 ipsi,
3022 2124 3081 2169 ut
3134 2117 3483 2183 proiniserat.

1918 2223 2024 2262 non
2062 2208 2129 2262 de
2164 2209 2325 2262 humo
2358 2208 2557 2263 format
2587 2208 2842 2263 feminam
2877 2211 3018 2262 sicut
3054 2218 3108 2262 et
3138 2209 3339 2271 virum,
3387 2212 3480 2262 setl

1916 2301 2060 2354 hunc
2095 2301 2147 2355 in
2198 2316 2447 2355 somnum
2500 2302 2715 2371 mergit,
2750 2300 2971 2369 sopiens
3024 2300 3270 2369 spiritum
3326 2314 3479 2351 meu-

1918 2400 2137 2461 temque
2184 2393 2397 2461 replens
2431 2393 2784 2462 imaginibus,
2839 2400 2894 2446 et
2938 2392 3136 2444 animae
3191 2389 3379 2443 oculos
3414 2387 3479 2441 ad

1916 2499 2189 2539 amoenam
2222 2485 2457 2538 invitans
2486 2485 2768 2546 visionem,
2801 2493 2858 2537 ut
2888 2482 3121 2551 imagine
3166 2490 3328 2534 tanta:
3362 2478 3480 2549 pul-

1916 2576 2250 2632 chritudinis
2302 2586 2521 2645 captus,
2569 2575 2783 2630 nesciat
2832 2573 2982 2644 quid.
3016 2575 3117 2627 sibi
3173 2571 3484 2641 contingat;

1915 2668 2117 2724 deinde
2159 2670 2328 2723 sumit
2366 2682 2527 2721 unam
2559 2681 2589 2721 e
2620 2665 2788 2723 costis
2818 2666 2936 2733 ejus
2964 2665 3082 2719 sine
3113 2664 3320 2723 labore,
3355 2675 3485 2713 sen-

1918 2777 2037 2817 sum
2074 2760 2278 2815 doloris
2314 2760 2363 2814 ei
2397 2758 2764 2824 subtrahens;
2807 2768 2858 2810 ct
2897 2754 3080 2810 statim
3121 2763 3177 2805 ut
3210 2750 3403 2804 artifex
3433 2758 3487 2802 et

1918 2852 2161 2906 medicus
2200 2852 2394 2915 solers,
2444 2850 2588 2920 quod
2621 2849 2861 2903 ablatum
2912 2856 2995 2900 est
3040 2859 3204 2899 carne
3248 2841 3482 2910 supplet.

1922 2944 2056 2998 Dum
2088 2958 2217 2997 vero
2245 2943 2481 2996 animam
2531 2942 2678 2996 illius
2728 2938 3107 2994 insatiabiliter
3157 2935 3339 2988 divina
3389 2933 3484 2987 de-

1920 3036 2083 3090 lectat
2124 3036 2419 3104 voluptate,
2474 3042 2703 3097 costam,
2754 3046 2915 3103 quam
2971 3031 3113 3091 tul't,
3166 3028 3395 3081 mdilicat
3427 3025 3509 3077 iu.

245 3105 414 3204 (istae
450 3110 642 3179 ἡδονῆς
682 3118 977 3184 περιέσπα,
1029 3119 1129 3190 τὴν
1176 3122 1435 3193 πλευράν,
1490 3128 1556 3199 ῆν
1603 3105 1814 3194 ἔλασεν,
1843 3143 1887 3204 C

1807 3143 1887 3204 ,ρ
1922 3126 2233 3191 mulierem,
2282 3126 2335 3179 in
2371 3124 2573 3179 animal
2615 3123 2879 3178 rationale
2914 3119 3235 3175 mirabiliter
3282 3118 3481 3186 [igura-

243 3196 598 3270 ᾠκοδόμησεν
628 3207 709 3268 είς
747 3211 1000 3273 γυναῖκα,
1035 3213 1315 3281 μυστικῶς
1356 3196 1679 3283 ἐκτυπὼσας
1720 3221 1817 3273 αὐ·-

242 3289 343 3358 τὴν
375 3293 454 3354 είς
488 3292 627 3357 ζῶον
660 3297 896 3365 λογικὸν,
927 3301 1113 3355 κάλλει
1149 3306 1414 3377 ἀμηχάνῳ
1445 3308 1539 3362 καὶ
1575 3310 1816 3380 σχήματι

244 3382 679 3458 εύπρεπεστάτῳ
708 3394 1150 3463 κεκοσμημένην,
1190 3398 1285 3449 καὶ
1332 3398 1457 3465 άγει
1499 3398 1655 3453 τοῦτο
1679 3402 1817 3471 πρὸς

243 3472 335 3525 τὸν
382 3474 573 3547 Ἀδάμ.
604 3476 736 3533 Εἶτα
769 3484 995 3548 ἐκεῖνος,
1026 3485 1119 3540 ἅτε
1152 3487 1301 3542 θείου
1336 3490 1647 3560 πνεύματος
1690 3494 1816 3562 μέτ-

242 3583 366 3633 οχος
406 3566 502 3632 ὢν,
562 3570 839 3639 ἐγνωκὼς,
874 3577 956 3629 ὅτι
988 3578 1045 3643 ἐξ
1073 3579 1239 3633 αὐτοῦ
1271 3577 1357 3651 ἧν,
1388 3582 1557 3654 φησί’
1590 3602 1609 3635 ι
1647 3583 1817 3639 Τοῦτο

244 3655 339 3707 νῦν
372 3658 565 3714 ὀστοῦν
596 3665 657 3716 ὲκ
684 3664 793 3719 τῶν
818 3668 993 3721 ὀστῶν
1022 3688 1149 3738 μου,
1172 3672 1267 3725 καλ⁵
1301 3672 1437 3747 σὰρξ
1468 3675 1534 3728 ἑκ
1556 3675 1656 3744 τῆς
1685 3692 1817 3747 σαρ-

244 3750 342 3812 κός
369 3769 469 3820 μου
491 3770 505 3783 ⁸
544 3756 684 3826 αὕτη
718 3760 1048 3833 κληθήσεται
1083 3765 1242 3835 γυνὴ,
1274 3767 1354 3818 ὅτι
1384 3770 1449 3821 ὲκ
1484 3767 1579 3821 τοῦ
1626 3768 1817 3839 ἀνδρὸς

244 3842 417 3913 αὐτῆς
444 3845 651 3919 ἐλήφθη
687 3850 730 3882 ⁸⁸
768 3869 787 3903 ο
823 3850 987 3924 αὕτη.
1031 3855 1207 3925 ὐρῶν
1229 3853 1321 3910 οὖν
1347 3858 1377 3911 6
1417 3857 1588 3928 Ἀδάμ
1607 3860 1707 3930 τὴν
1729 3877 1820 3929 γυ·

243 3934 430 3998 ναῖκα,
467 3936 564 4005 οὐχ
612 3938 777 4011 909
810 3942 885 4005 ὡς
927 3948 1164 4011 γυναῖκα.
1226 3946 1501 4018 Θεώμενος
1554 3949 1811 4021 ἔπασχεν,

243 4023 361 4075 ἀλλ’
387 4025 467 4089 ὡς
512 4028 702 4083 ἑαυτὸν
749 4034 910 4103 ὀρῶν,
948 4038 1333 4106 πνευματικῶς
1384 4041 1716 4111 ηὐφραίνετο
1749 4043 1813 4107 ⁸⁸.

242 4115 342 4204 τὴν
371 4116 565 4185 ὁμοίαν
592 4121 815 4189 βλέπων.
834 4126 927 4179 καὶ
953 4127 1159 4199 ταύτην
1187 4130 1418 4200 ἔχουσαν
1447 4135 1814 4204 κατασκευήν.

254 4201 533 4273 Ὡσαύτως
562 4212 619 4264 δὲ
651 4215 744 4267 καλ⁵
775 4216 806 4286 ἡ
856 4217 1019 4288 γυνὴ,
1054 4220 1341 4290 Θεωροῦσα
1366 4222 1457 4275 τὸν
1497 4222 1688 4294 ἄνδρα,
1722 4201 1818 4295 με·

244 4299 427 4364 γάλως
462 4304 750 4371 ἠγάλλετο,
783 4310 904 4361 κατ’
933 4311 1094 4365 αὑτὸν
1115 4312 1280 4366 οὖσαν
1307 4315 1509 4383 ἑαυτὴν
1534 4315 1812 4370 έννοοῦσα.

248 4392 459 4445 Ὄντων
500 4394 593 4448 οὖν
626 4397 806 4451 αὐτῶν
857 4402 916 4455 ὲν
957 4402 1035 4472 τῷ
1084 4405 1399 4475 παραδείσῳ
1434 4406 1535 4475 τῆς
1582 4408 1814 4477 τρυφῆς,

1922 3230 2052 3282 tam,
2088 3226 2142 3272 et
2164 3216 2531 3272 inaestimabili
2562 3216 2758 3270 decore
2792 3212 3076 3281 formaque
3112 3206 3484 3277 pulcherrima

1920 3318 2216 3374 ornatam;
2240 3316 2406 3376 atque
2437 3308 2585 3362 ducit
2618 3306 2767 3361 illam
2802 3306 2868 3359 ad
2901 3305 3166 3357 Mantum
3203 3313 3217 3352 :
3251 3298 3366 3367 qui,
3400 3304 3485 3349 ut-

1922 3409 2046 3470 pote
2077 3400 2249 3453 divini
2280 3399 2505 3468 spiritus
2527 3399 2820 3468 particeps,
2850 3395 3029 3450 sciens
3058 3407 3178 3448 eam
3210 3390 3276 3443 de
3304 3388 3511 3456 seipse»

1919 3500 2217 3544 extractam
2264 3504 2408 3554 esse,
2454 3491 2530 3544 ait
2573 3505 2588 3542 :
2633 3506 2651 3541 ι
2681 3487 2795 3543 Hoc
2842 3502 2985 3542 nunc
3036 3501 3098 3541 os
3146 3500 3208 3539 ex
3262 3482 3483 3537 ossibus

1921 3580 2081 3644 meis,
2113 3590 2167 3636 et
2191 3595 2319 3635 caro
2341 3580 2407 3635 de
2430 3595 2593 3635 carne
2621 3593 2776 3645 mea;
2806 3579 2920 3633 haec
2951 3576 3235 3631 vocabitur
3268 3574 3485 3640 virago,-

1920 3673 2177 3741 quoniam
2209 3672 2277 3727 de
2308 3672 2423 3727 viro
2453 3682 2670 3741 sumpta
2703 3679 2803 3725 est.
2837 3689 2856 3722 ι
2908 3668 3112 3724 Videtis
3142 3668 3304 3737 igitur
3333 3666 3483 3718 Ada-

1920 3780 2046 3821 mus
2079 3765 2388 3830 mulierem,
2438 3780 2548 3819 non
2596 3763 2824 3819 affectus
2871 3772 2956 3818 est
2997 3770 3252 3830 tanquam
3292 3760 3482 3814 videns

1922 3858 2228 3923 mulierem,
2280 3857 2377 3913 sed
2422 3864 2677 3927 tanquam
2713 3856 2901 3911 videns
2952 3854 3215 3923 seipsum,
3264 3852 3487 3922 spirita-

1921 3950 2045 4004 liter
2077 3949 2370 4018 gaudebat,
2424 3949 2565 4002 hanc
2612 3946 2805 4003 videns
2856 3944 3029 4000 forma
3072 3944 3179 4000 sibi
3228 3944 3487 3998 similem.

1921 4039 2134 4095 Pariter
2184 4050 2239 4094 et
2295 4039 2526 4102 mulier,
2583 4040 2934 4093 considerans
2990 4036 3205 4099 virum,
3256 4036 3490 4090 multum

1920 4132 2248 4196 exsultabat,
2289 4146 2349 4185 se
2379 4131 2454 4185 illi
2482 4129 2713 4185 similem
2738 4145 2860 4184 esse
2890 4130 3153 4198 cogitans.
3202 4128 3299 4183 His
3328 4129 3492 4197 igitur

1922 4226 1977 4279 in
2006 4223 2262 4293 paradiso
2290 4222 2584 4291 voluptatis
2618 4220 2993 4275 habitantibus
3028 4220 3197 4288 legem
3227 4220 3319 4273 dat
3347 4218 3491 4273 Deus

1923 4317 2082 4371 titulo
2107 4315 2376 4377 beneﬁcii,
2422 4322 2496 4369 ut.
2512 4312 2822 4368 ostenderet
2866 4327 3057 4366 eorum
3092 4321 3341 4365 naturam
3371 4325 3493 4365 esse

1922 4410 2149 4463 liberam
2181 4407 2498 4477 propriique
2550 4404 2778 4469 arbitrii,
2833 4404 3107 4472 simulque
3155 4410 3492 4457 monstraret

245 4485 411 4554 νόμον
442 4486 659 4541 δίδωσιν
687 4490 874 4555 αὐτοῖς
902 4494 929 4546 6
963 4493 1094 4558 Θεὸς
1134 4496 1220 4548 ἐπ’
1253 4497 1568 4568 εὐεργεσίᾳ,
1595 4475 1688 4551 τοῦ
1713 4475 1820 4551 δεῖ·
1845 4475 1899 4535 D

1814 4475 1899 4539 'D
1927 4500 2147 4556 eosdem
2185 4475 2420 4554 domino
2467 4513 2532 4553 ac
2564 4497 2731 4551 tutori
2762 4496 3063 4565 subjacere,
3099 4496 3179 4549 sic
3210 4498 3438 4563 loquens
3476 4512 3488 4548 :

248 4577 337 4643 ξαι
379 4580 478 4649 μὲν
509 4583 802 4655 ἐλευθέραν
834 4588 932 4658 τὴν
961 4589 1125 4658 φύσιν
1164 4593 1224 4644 ἐν
1260 4595 1328 4663 τῇ
1360 4592 1822 4664 αὐτεξουσιότητι,

248 4673 528 4739 ὑποδεῖξαι
560 4676 617 4729 δὲ
672 4677 748 4741 ὡς
782 4679 886 4732 ὑπὸ
916 4682 1187 4752 δεσπότην
1226 4684 1322 4736 καὶ
1370 4684 1647 4755 κηδεμόνα
1693 4687 1825 4753 εἰσὶ,

244 4765 419 4833 λέγων
447 4768 621 4830 οὕτως
642 4782 657 4797 ⁸
698 4787 717 4820 ι
758 4771 799 4801 ⁸⁷
847 4771 977 4825 Ἀπὸ
1012 4774 1211 4837 παντὸς
1242 4773 1398 4840 ξύλου
1423 4775 1515 4828 τοῦ
1540 4776 1598 4829 ὲν
1617 4777 1695 4845 τῷ
1715 4794 1825 4830 πα,-

246 4857 481 4929 ραδείσψ
504 4860 703 4931 βρώσει
720 4866 892 4934 φαγῇ,
917 4864 1027 4918 άπὸ
1042 4866 1098 4918 δὲ
1115 4866 1209 4921 τοῦ
1243 4866 1402 4933 ξύλου
1418 4867 1515 4921 τοῦ
1535 4867 1826 4937 γινώσκειν

242 4950 411 5006 καλὸν
444 4953 536 5006 καὶ⁵
576 4955 833 5025 πονηρὸν,
868 4956 931 5010 οὐ
968 4956 1207 5027 φάγεσθε
1251 4958 1347 5012 ἀπ’
1376 4957 1541 5012 αὑτοῦ
1570 4972 1585 4988 ⁶
1620 4952 1721 5031 ᾖδ’
1751 4958 1817 5012 ἂν

244 5046 433 5118 ἡμέρᾳ
464 5049 675 5119 φάγητε
711 5052 755 5083 ⁸⁸
783 5052 878 5105 ἀπ’
910 5051 1100 5116 αὑτοῦ,
1130 5051 1346 5122 θανάτῳ
1379 5050 1761 5115 ἀποθανεῖσθε,
1794 5068 1812 5101 ι

1930 4593 2039 4647 «Ex
2069 4594 2217 4646 omni
2249 4592 2395 4661 ligno
2428 4590 2666 4659 paradisi
2696 4588 3002 4653 eomedite;
3031 4589 3097 4641 de
3133 4588 3277 4655 ligno
3306 4595 3504 4640 autem.

1925 4684 2166 4739 scientiae
2204 4682 2333 4735 boni
2358 4690 2411 4735 et
2442 4680 2569 4733 mali
2596 4694 2664 4734 ne
2696 4678 2995 4733 comedatis
3030 4693 3044 4731 :
3078 4677 3129 4730 in
3164 4691 3491 4745 quocunque

1923 4776 2069 4829 enim
2114 4774 2204 4828 die
2244 4772 2541 4828 comedetis
2586 4787 2651 4826 ex
2682 4784 2768 4835 eo,
2816 4778 2992 4824 morte
3023 4769 3387 4831 moriemini,»
3437 4769 3491 4822 id

1922 4876 2028 4931 est,
2079 4864 2334 4921 mortales
2364 4863 2538 4919 eritis.
2583 4862 2673 4918 Sic
2718 4862 2863 4916 enim
2914 4859 3277 4929 Symmachus
3322 4860 3491 4913 inter-

1924 4966 2166 5029 pretatus
2195 4965 2277 5010 est
2310 4974 2322 5009 :
2364 4972 2384 5006 ι
2414 4954 2471 5009 In
2502 4967 2847 5025 quacumque
2889 4962 3068 5008 autem
3101 4952 3193 5007 die
3237 4951 3492 5006 comedes

1923 5049 1991 5104 de
2020 5049 2187 5116 ligno,
2221 5046 2471 5102 mortalis
2495 5046 2623 5100 eris.
2652 5062 2670 5094 ι

242 5141 559 5211 τουτέστιν,
613 5144 798 5213 θνητοὶ
872 5144 1083 5202 ἔσεσθε.
1115 5145 1273 5201 Οὓτω
1333 5145 1443 5216 γὰρ
1474 5145 1569 5199 καὶ
1612 5147 1641 5197 6
1703 5144 1997 5214 Σύμμαχος
2057 5142 2401 5212 ἡρμήνευσε·
2445 5159 2463 5193 ι
2503 5134 2581 5212 ⁷ῌ
2612 5140 2657 5192 δ’
2715 5138 2782 5193 ἂν
2834 5138 3021 5210 ἡμέρᾳ
3056 5138 3208 5209 φάγῃ
3254 5135 3364 5191 ἀπὸ
3396 5134 3491 5190 τοῦ

247 5227 433 5300 ξύλου,
468 5232 663 5307 θνητὸς
695 5236 818 5308 ἐστι.
852 5254 874 5289 ι

1437 5425 1625 5489 Varie)
1687 5426 1994 5490 lectiones
2028 5431 2091 5488 et
2136 5428 2323 5487 notae.

324 5596 366 5629 ⁸⁸
399 5598 534 5653 Gen.
563 5612 623 5661 ll,
653 5596 741 5651 18.
819 5598 857 5630 ⁸¹
901 5599 1050 5667 λέγει
1086 5596 1148 5655 P.
1178 5596 1281 5653 Th.
1313 5627 1382 5639 —

248 5668 427 5724 cnnda
451 5684 638 5724 manu.
674 5667 730 5721 δέ
772 5667 831 5723 P.
861 5667 963 5723 Th.
1046 5671 1087 5702 "
1121 5668 1255 5725 Gen.
1279 5684 1337 5732 ll,
1361 5667 1451 5723 24.

1457 5598 1624 5653 έλλων
1652 5598 1774 5654 cod.
1854 5600 1895 5631 “
1916 5598 2052 5654 Gen.
2094 5613 2133 5661 l,
2189 5595 2373 5662 21,32.
2456 5595 2694 5661 ¹⁸οὖτως
2746 5596 2868 5650 cod.
2951 5593 2988 5625 ”
3019 5592 3125 5717 γάὲ

1530 5669 1574 5700 ⁸⁸
1596 5669 1729 5717 nuto.
1761 5685 1975 5717 -κατ.
2002 5666 2195 5717 nm.T.
2233 5698 2298 5707 —
2338 5666 2623 5717 ταύτήνΡ.
2704 5667 2745 5699 ⁸⁷
2775 5665 2908 5717 Gen.
2950 5680 3008 5717 Il.
3056 5665 3075 5717 1
3129 5706 3131 5717 .

1854 5600 1895 5631 ⁸⁸
1916 5598 2052 5654 Gen.
2094 5613 2133 5661 l,
2189 5595 2373 5662 21,32.
2456 5595 2694 5661 ¹⁸οὖτως
2746 5596 2868 5650 cod.
2951 5593 2988 5625 ”
3019 5592 3125 5717 γάὲ
3161 5590 3283 5647 cod.
3323 5608 3351 5647 a
3406 5608 3490 5645 se-

1816 5685 1975 5717 -κατ.
2002 5666 2195 5717 nm.T.
2233 5698 2298 5707 —
2338 5666 2623 5717 ταύτήνΡ.
2704 5667 2745 5699 ⁸⁷
2775 5665 2908 5717 Gen.
2950 5680 3008 5717 Il.
3056 5665 3075 5717 1
3129 5663 3235 5717 .17.
3319 5662 3359 5693 ⁸⁸
3387 5662 3490 5717 φά-

1530 5669 1574 5739 ⁸⁶
1596 5669 1729 5739 ηὑφ.
1761 5696 1828 5710 -
1851 5685 1975 5721 κατ.
2002 5666 2195 5723 οιη.Τ.
2233 5698 2298 5707 -
2338 5666 2540 5739 ταύτην
2564 5666 2623 5723 Ρ.
2704 5667 2745 5699 ⁸⁷
2775 5665 2908 5721 Gen.
2950 5680 3008 5730 ll,
3056 5665 3075 5718 1

3128 5663 3235 5731 ,17.
3319 5662 3359 5693 "
3387 5662 3491 5730 φά-

250 5755 336 5803 γει
372 5737 495 5794 cod.
526 5767 595 5779 —
626 5737 760 5795 Nota
805 5756 820 5795 :
861 5738 1086 5803 pluralis
1116 5767 1185 5781 —
1211 5753 1371 5805 quem
1425 5745 1479 5795 et
1524 5737 1761 5805 ενιπεοη
1796 5740 2085 5805 expressit.
