4240 6422
760 403 890 467 ιετι

968 519 1110 574 Xlll.
1146 520 1221 573 De
1260 519 1401 590 ligno
1442 519 1673 573 scicntia:
1712 517 1835 572 boni
1870 528 1920 572 et
1959 518 2111 572 mali.

842 704 931 757 Eed
985 718 1053 758 ne
1099 704 1222 772 quis
1268 703 1565 757 arbitretur
1620 704 1723 757 hoc
1784 702 1989 773 lignum
2053 702 2324 771 ejusmodi

757 795 923 848 fuisse
949 803 1012 849 ut
1036 794 1318 848 scientiam
1358 794 1513 847 daret
1538 793 1666 847 boni
1697 802 1750 847 et
1781 792 1944 858 mali;
2001 793 2137 847 nihil
2180 794 2322 848 enim

754 890 875 936 erat
902 882 1158 936 nocivum
1190 883 1242 936 in
1275 884 1563 952 paradiso;
1599 882 1691 937 sed
1714 886 1779 937 ad
1812 884 1955 937 hunc
1981 883 2139 937 linem
2161 885 2325 939 arbor

756 974 849 1027 illa
911 975 1205 1028 constituta
1256 984 1377 1029 erat
1430 983 1489 1029 ut
1541 985 1889 1029 exerceretur
1951 976 2195 1030 libertas.
2258 974 2327 1029 Et

754 1066 961 1136 lignum
992 1066 1135 1119 haud
1170 1064 1341 1120 fuisse
1365 1067 1577 1119 Adamo
1616 1081 1837 1119 causam
1866 1065 2107 1119 scientia:
2136 1074 2324 1133 patet:

754 1173 877 1211 nam
920 1166 1247 1227 prazceptum
1278 1158 1459 1212 datum
1489 1167 1571 1212 est
1610 1167 1867 1227 tanquam
1900 1158 2199 1212 scientibus
2227 1159 2325 1212 ho-

753 1264 883 1302 nuni
914 1259 970 1303 et
1003 1252 1224 1313 malum,
1276 1248 1637 1303 obedientiam
1668 1259 1720 1304 et
1756 1250 2202 1316 inohedientiam,
2250 1249 2324 1304 ita

754 1352 816 1394 ut
865 1342 1096 1396 scientia
1143 1342 1457 1396 mandatum
1516 1344 1857 1412 praecesserit
1911 1362 1924 1396 :
1985 1344 2090 1396 hoc
2141 1354 2323 1397 autem

752 1432 936 1486 datum
970 1441 1075 1495 est,
1098 1435 1241 1487 sicut
1268 1435 1527 1501 diximus,
1580 1444 1659 1495 ut,
1691 1435 1816 1503 quia
1854 1434 2024 1488 libera
2053 1436 2326 1490 voluntate

755 1533 937 1579 motus
966 1525 1132 1579 homo
1160 1542 1351 1580 secure
1379 1527 1595 1593 quidem
1631 1528 1698 1581 de
1728 1528 1984 1581 omnibus
2012 1527 2135 1581 aliis
2164 1528 2327 1581 arbo-

754 1616 906 1671 ribus
928 1626 1139 1684 poterat
1157 1632 1393 1679 sumere,
1418 1618 1485 1672 ab
1509 1632 1613 1671 una
1637 1627 1813 1672 autem
1834 1634 1930 1687 per
1951 1620 2119 1687 legem
2139 1619 2325 1685 probi-

754 1705 867 1759 bita
897 1706 1175 1761 abstinere
1204 1696 1459 1771 debebat,
1488 1720 1845 1777 cognosceret
1880 1724 1939 1761 se
1968 1707 2325 1763 dominationi

753 1798 981 1853 subesse
1025 1800 1172 1853 illius
1204 1801 1294 1868 qui
1348 1811 1672 1868 praeceptum
1720 1801 1962 1854 dederat.
2019 1801 2185 1853 Erant
2235 1799 2329 1867 igi-

751 1898 843 1943 tur
875 1890 931 1943 in
968 1891 1265 1960 purissimo
1293 1891 1396 1947 hoc
1442 1893 1561 1948 loco
1606 1892 1850 1948 Adamus
1882 1902 1937 1947 et
1972 1891 2081 1946 Eva
2126 1892 2325 1960 degen-

752 1993 834 2036 tes
888 1982 1391 2054 immorlaliumqne
1444 1984 1634 2039 florum
1686 1986 1943 2039 varietate
1988 1983 2329 2038 abundanter

753 2073 1019 2130 fruentes.

1090 2286 1230 2343 XIV.
1274 2287 1350 2342 De
1386 2288 1597 2342 diabolo
1634 2299 1683 2342 et
1725 2299 1983 2357 serpente.

827 2400 897 2451 At
966 2407 1173 2452 natura:
1240 2408 1444 2454 nostra:
1509 2400 1799 2465 inimicus,
1879 2406 2041 2453 tanta:
2095 2400 2330 2453 hominis

759 2489 1008 2560 dignitati
1043 2490 1313 2556 invidens,
1356 2500 1545 2545 contra
1580 2508 1703 2547 eum
1736 2492 1936 2546 bellum
1980 2494 2245 2560 suscepit,
2278 2503 2331 2547 et

758 2592 1064 2651 serpentem
1088 2584 1369 2653 ingressus
1394 2584 1566 2638 astitit
1592 2584 1827 2648 mulieri,
1852 2584 2074 2638 absente
2096 2583 2328 2651 Adamn,

760 2686 824 2724 ac
856 2672 1043 2727 dolose
1076 2672 1216 2727 hanc
1246 2673 1467 2727 deﬂexit
1499 2691 1526 2727 a
1576 2675 1743 2738 bono,
1791 2676 2173 2743 Adarnumque
2206 2690 2329 2729 cum

756 2779 821 2817 ea
855 2761 1066 2828 fefellit,
1116 2775 1167 2819 et
1212 2768 1401 2821 ambos
1436 2768 1564 2822 fecit
1616 2768 1751 2837 legis
1796 2769 1991 2821 divina:
2029 2779 2330 2837 transgres-

758 2869 935 2910 sores.
1019 2855 1093 2910 De
1169 2856 1263 2911 illo
1329 2859 1473 2912 enim
1544 2859 1824 2928 Scriptura
1890 2859 1970 2914 sic
2029 2859 2327 2929 loquitur:

766 2966 784 2996 ι
818 2946 1057 3014 Serpens
1086 2957 1203 3002 erat
1235 2948 1482 3003 callidior
1512 2948 1724 3004 cunctis
1752 2949 2125 3003 animantibus
2149 2958 2328 3014 terrae,

758 3053 880 3106 qua:
916 3038 1118 3093 fecerat
1144 3039 1412 3095 Dominus
1446 3039 1610 3095 Deus.
1644 3060 1662 3092 ι
1706 3042 1947 3095 Callidus
1982 3052 2210 3095 vocatus
2248 3049 2332 3095 est

762 3143 1007 3197 serpens,
1040 3130 1166 3198 quia
1198 3131 1505 3197 hominem,
1536 3132 1739 3185 animal
1770 3133 2055 3198 rationale,
2098 3132 2331 3201 aliisque

761 3220 1113 3289 intelligentia
1146 3232 1516 3289 praestantem,
1571 3224 1897 3292 decepturus
1947 3235 2083 3279 erat.
2126 3224 2333 3279 Deinde

762 3310 914 3364 addit
946 3328 961 3366 :
1000 3329 1017 3360 ι
1053 3309 1119 3364 Ει
1147 3312 1285 3366 dixit
1314 3328 1543 3383 serpens
1578 3312 1643 3367 ad
1670 3314 1953 3367 mulierem
2000 3333 2013 3367 :
2054 3313 2166 3368 Cur
2196 3328 2334 3383 prae—

762 3401 906 3470 cepit
939 3402 1097 3456 vobis
1128 3402 1270 3458 Deus
1300 3412 1359 3457 ut
1386 3418 1492 3457 non
1525 3405 1881 3459 comederetis
1912 3404 1979 3457 de
2006 3405 2154 3458 omni
2189 3404 2333 3473 ligno

763 3492 1050 3561 paradisi?
1084 3495 1183 3547 Cui
1232 3495 1511 3564 reSpondit
1558 3496 1753 3550 mulier
1803 3515 1816 3549 :
1876 3496 1951 3551 De
1990 3496 2139 3550 omni
2186 3496 2334 3564 ligno

764 3585 1003 3653 paradisi
1032 3586 1400 3650 comedimus;
1442 3587 1508 3642 de.
1536 3586 1712 3642 fructu
1753 3602 1885 3641 vero
1916 3588 2045 3657 ligni
2074 3588 2217 3656 quod
2254 3596 2338 3641 est

765 3676 821 3729 in
853 3676 1036 3730 medio
1081 3678 1340 3745 paradisi,
1392 3679 1647 3749 praecepit
1676 3679 1835 3734 nobis
1866 3680 2009 3735 Deus
2041 3695 2108 3733 ne
2155 3694 2337 3733 come-

764 3767 1021 3824 deremus
1065 3780 1117 3823 et
1153 3785 1221 3823 ne
1254 3778 1603 3840 tangeremus
1635 3771 1796 3835 illud,
1846 3786 1914 3825 ne
1959 3769 2099 3825 forte
2132 3770 2336 3824 moria-

767 3877 913 3915 mur.
947 3880 964 3913 l
1010 3863 1092 3915 An
1154 3877 1381 3930 serpens
1436 3863 1619 3917 verbis
1667 3877 1801 3917 usus
1852 3872 1935 3916 est
1992 3862 2341 3916 articulatis?

766 3952 1159 4023 Nequaquam;
1214 3955 1308 4009 sed
1361 3953 1519 4024 primi
1575 3963 1827 4023 parentes
1876 3954 2057 4007 omnis
2115 3953 2338 4009 malitia:

767 4047 1061 4110 immunes,
1087 4061 1282 4100 sensus
1315 4046 1585 4099 habebant
1608 4046 1954 4099 acutissimus
1976 4054 2029 4099 et
2060 4044 2217 4114 longe
2241 4060 2339 4098 no-

767 4136 900 4191 stris
931 4136 1357 4206 prmstantiores,
1391 4136 1461 4190 ita
1494 4146 1553 4190 ut
1576 4150 1763 4190 eorum
1794 4135 2015 4189 auditus
2041 4136 2340 4205 quamlibet

766 4242 957 4281 vocem
987 4227 1265 4295 percipere
1311 4236 1517 4295 posset.
1559 4226 1830 4279 Animalia
1885 4241 2100 4295 quoque
2150 4234 2204 4280 et
2247 4227 2338 4295 ju-

768 4328 951 4370 menta
984 4317 1242 4371 dicuntur
1270 4316 1397 4370 olim
1424 4316 1550 4369 lahii
1581 4315 1743 4369 unius
1785 4315 1983 4380 fuisse;
2037 4331 2161 4369 cum
2208 4330 2338 4369 vero

765 4409 1013 4462 Adamus
1054 4408 1155 4462 fuit
1190 4410 1604 4472 condemnatus,
1665 4419 1794 4462 tunc
1845 4423 1908 4461 ca
1957 4408 2333 4472 obmutuisse;

1947 402 2268 462 GEORGII
2308 400 2766 465 HAMARTOLI

3877 405 4015 469 I272

2426 520 2606 591 (207-)
2797 520 2937 590 Περὶ
2966 519 3074 574 τοῦ
3105 522 3299 594 ξύλον
3336 525 3655 591 γινώσκειν
3678 522 3883 576 καλὸν
3914 525 4012 577 καὶ

3071 593 3356 660 πονηρόν.

2509 703 2672 759 Ἀλλά
2706 706 2783 776 μή
2815 721 2899 767 τις
2929 703 3215 770 ὑπολάϐοι,
3254 706 3336 758 ὅτι
3375 706 3436 759 τδ
3462 706 3621 772 ξύλον
3648 704 3915 775 τοιαύτης
3945 702 4014 775 ἦν

2426 793 2665 861 φύσεως,
2696 795 2774 858 ὡς
2801 795 3007 864 γνῶσιν
3036 800 3301 868 παρέχειν
3340 798 3508 851 καλοῦ
3533 816 3591 851 τε
3619 800 3716 851 καὶ
3740 799 3923 851 κακοῦ
3943 828 4015 839 —

2424 888 2485 939 οὐ
2516 888 2626 955 γάρ
2654 888 2720 959 δὴ
2749 887 3014 960 βλαϐερόν
3044 908 3095 942 τι
3127 885 3197 961 ἦν
3229 892 3289 945 ἐν
3317 890 3395 960 τῷ
3431 890 3753 961 παραδείσῳ
3784 920 3857 929 —
3888 891 4015 959 ὅρος

2425 978 2480 1030 δὲ
2510 979 2667 1049 ἐτέθη
2711 981 2806 1032 ἐπὶ
2829 980 2908 1050 τῷ
2939 980 3093 1051 φυτῷ
3139 981 3277 1050 πρὸς
3306 982 3618 1051 γυμνασέαν
3661 982 3765 1051 τῆς
3794 983 4015 1033 ὲλευθε-

2426 1067 2701 1137 ριότητος.
2735 1070 2846 1122 Καὶ
2871 1072 2953 1123 δτι
2976 1072 3037 1123 οὐ
3063 1071 3127 1123 τὸ
3166 1071 3321 1134 ξύλον
3356 1070 3529 1124 αἴτιον
3566 1071 3643 1140 τῷ
3666 1074 3852 1139 Ἀδὰμ
3875 1071 4016 1136 7w;—

2428 1177 2565 1221 σεως
2596 1160 2812 1226 γέγονε,
2836 1161 3028 1231 δῆλον
3059 1164 3093 1230 ἡ
3119 1162 3229 1232 γὰρ
3261 1162 3451 1232 ἐντολὴ
3486 1162 3563 1224 ώς
3595 1164 3637 1195 ¹⁹
3668 1165 3808 1232 πρὸς
3844 1163 4013 1215 εἰδότε

2426 1255 2594 1322 ἄμφω
2639 1253 2817 1324 ἐδόθη,
2862 1254 2925 1307 τό
2965 1272 3025 1307 τε
3061 1257 3227 1309 καλὸν
3260 1258 3355 1310 καὶ
3386 1258 3448 1310 τὸ
3491 1258 3756 1327 πονηρὸν,
3804 1258 3912 1324 τήν
3956 1273 4015 1308 τε

2426 1344 2675 1413 ὑπακοὴν
2704 1346 2799 1397 καὶ
2815 1345 2915 1416 τὴν
2944 1347 3250 1417 παρακοὴν,
3280 1347 3419 1401 ὥστε
3445 1350 3477 1418 ἡ
3500 1348 3698 1415 γνῶσις
3732 1347 4015 1416 προῦλαϐε

2425 1436 2523 1505 τὴν
2580 1437 2823 1509 ἐντολήν.
2866 1439 3088 1492 Δέδοται
3137 1440 3195 1492 δὲ
3227 1440 3365 1509 αὐτὴ
3414 1442 3502 1494 διά
3530 1442 3613 1503 τὸ,
3643 1441 3723 1503 ὡς
3772 1442 4016 1510 εἴρηται,

2427 1528 2762 1601 αὖτεξουσίῳ
2821 1531 3130 1603 βουλήματι
3175 1534 3497 1603 κινούμενον
3549 1534 3643 1588 τὸν
3693 1534 4016 1601 ἄνθρωπον,

2427 1623 2516 1675 ἐπ’
2551 1623 2738 1686 ἀδείας
2770 1641 2830 1676 τε
2877 1624 3073 1695 ἔχοντα
3120 1626 3230 1680 ἀπὸ
3280 1627 3499 1680 πάντων
3564 1626 4020 1696 μεταλαμϐάνειν

2426 1715 2535 1767 τῶν
2560 1714 2738 1769 ἄλλων
2761 1716 3016 1786 δένδρων,
3046 1717 3164 1781 ἑνδς
3197 1718 3255 1773 δὲ
3295 1719 3459 1788 μόνου
3483 1719 3633 1788 νόμῳ
3670 1736 4019 1788 προσταττοο

2434 1806 2601 1876 μένου
2652 1808 2955 1878 ἀπέχεσθαι
2986 1809 3057 1874 ”,
3095 1809 3390 1876 γινώσκειν
3448 1811 3522 1873 ὡς
3580 1812 3686 1863 ὑπὸ
3744 1812 4021 1877 δεσπότην

2432 1899 2551 1950 ἐστὶ
2580 1900 2623 1930 ²¹
2652 1901 2751 1953 καὶ
2777 1900 2879 1971 τὴν
2920 1902 3142 1971 ἐντολὴν
3168 1902 3457 1955 δεδωκότα.
3502 1898 3686 1956 ἾΙσαν
3714 1899 3809 1955 οὖν
3858 1905 3916 1953 ἐν
3943 1902 4022 1970 τῷ

2431 1988 2808 2060 καθαρωτάτῳ
2838 1989 3017 2060 τούτῳ
3040 1992 3194 2061 τόπῳ
3221 1991 3251 2044 6
3278 2008 3339 2044 τε
3386 1991 3557 2061 Ἀδάμ
3578 1993 3671 2044 καὶ
3696 1995 3732 2062 ἡ
3764 1991 3879 2045 Εὔα
3914 1992 4025 2045 διά»

2430 2095 2623 2145 γοντες
2646 2079 2744 2133 καὶ
2773 2083 2840 2151 τῇ
2875 2082 3124 2151 ποικιλίᾳ
3158 2081 3271 2134 τῶν
3299 2081 3585 2135 ἀθανάτων
3614 2081 3827 2135 ἀνθέων
3860 2080 4023 2150 6:11;:-

2432 2171 2538 2234 λῶς
2563 2171 2952 2236 ἀπολαύοντες.

2464 2285 2632 2355 910
2678 2284 2803 2358 [IA']
2833 2284 2975 2356 Περι
3002 2287 3109 2341 τοῦ
3144 2287 3431 2343 διαϐόλου
3470 2289 3571 2343 καὶ
3600 2288 3708 2343 τοῦ
3737 2290 3951 2358 ὄφεως.

2516 2397 2659 2449 Ἀλλ’
2696 2398 2726 2449 6
2775 2397 2972 2469 ἐχθρὸς
3000 2399 3103 2467 τῆς
3137 2401 3421 2470 ἡμετέρας
3470 2401 3686 2470 φύσεως
3738 2401 4023 2469 βασκήνας

2432 2489 2525 2541 ἐπὶ
2548 2491 2614 2559 τῇ
2654 2489 2825 2560 πολλῇ
2858 2492 2991 2561 τιμῇ
3029 2490 3125 2543 τοῦ
3152 2492 3446 2563 ἀνθρώπου
3473 2494 3567 2547 καὶ
3609 2494 3804 2561 φθόνον
3835 2497 4027 2561 £71m-

2434 2579 2608 2648 σήσας
2633 2579 2703 2644 ³³,
2735 2579 2829 2631 τὸν
2878 2581 3017 2649 πρὸς
3051 2581 3216 2633 αὐτὸν
3250 2582 3422 2651 ῇρατο
3469 2583 3733 2652 πόλεμον,
3784 2586 3882 2635 καὶ
3925 2584 4022 2635 τὸν

2431 2670 2555 2739 ὄφιν
2586 2670 2741 2733 ἐνδὺς
2776 2670 2982 2740 ἐπέστη
3021 2675 3087 2742 τῇ
3134 2674 3376 2740 γυναικὶ,
3407 2675 3639 2737 ἀπόντος
3682 2675 3779 2727 τοῦ
3822 2676 4024 2744 Ἀδάμ,

2434 2762 2528 2814 καὶ
2572 2762 2901 2833 πανούργως
2940 2763 3114 2832 αὐτὴν
3163 2763 3253 2816 τοῦ
3311 2765 3686 2835 συμφέροντος
3737 2782 4027 2835 παρατρε-

2431 2856 2673 2926 ψάμενος
2700 2856 2792 2909 διὰ
2831 2855 3064 2923 ψεύδους
3107 2858 3204 2910 καὶ
3239 2859 3333 2909 τὸν
3362 2858 3536 2928 Ἀδάμ
3584 2859 3762 2932 ταύτῃ
3798 2861 4029 2924 συνεξα-

2434 2946 2709 3020 πατήσας,
2748 2948 3075 3019 παραϐάτας
3117 2948 3211 3001 τοῦ
3242 2949 3387 3002 θείου
3421 2950 3804 3020 πρεσκεῦασε
3850 2952 4025 3013 νόμου

2435 3040 2788 3110 γεγενῆσθαι.
2839 3042 3007 3108 Λέγει
3040 3040 3150 3110 γὰρ
3178 3042 3213 3111 ἡ
3264 3041 3457 3112 Γραφὴ
3486 3043 3615 3112 περὶ
3640 3044 3838 3095 τούτου
3879 3040 3985 3097 ὦδε
4008 3059 4023 3072 ⁸

2442 3152 2459 3183 ι
2508 3132 2568 3185 Ὀ
2602 3131 2659 3184 δὲ
2682 3131 2806 3201 ὄφις
2835 3128 2903 3203 ἧν
2932 3131 3347 3203 φρονιμώτατος
3374 3133 3526 3199 παρὰ
3551 3133 3731 3185 πάντα
3754 3136 3823 3187 τά
3859 3133 4030 3203 θηρία

2437 3223 2536 3293 τῆς
2567 3223 2694 3291 γῆς,
2725 3222 2761 3275 ἃ
2799 3222 3025 3292 ἐποίησε
3047 3221 3257 3291 Κύριος
3281 3224 3311 3274 6
3337 3222 3468 3284 Θεὸς
3500 3223 3568 3275 ’⁸.
3610 3242 3629 3274 ι
3665 3223 3936 3293 Φρόνιμος
3968 3226 4029 3276 δὲ

2438 3312 2644 3383 ἐκλήθη
2694 3316 2723 3365 6
2746 3313 2891 3382 ὄφις,
2928 3313 3013 3365 δτι
3068 3311 3130 3364 τὸ
3174 3312 3394 3379 λογικὸν
3429 3312 3568 3376 ζῶον
3610 3310 3703 3364 τὸν
3733 3312 4032 3383 ἄνθρωπον

2438 3405 2667 3459 καὶτῶν
2697 3405 2873 3459 ἄλλων
2900 3404 3149 3475 ἀγχινοίᾳ
3194 3404 3522 3473 διαφέροντα
3558 3404 3840 3473 ὲξαπατᾷν
3862 3404 4030 3473 ἐμελ-

2437 3500 2550 3552 λεν.
2580 3494 2714 3551 Εἶτα
2742 3496 2986 3564 ἐπιλέγει
3008 3498 3076 3528 ³⁸·
3112 3499 3254 3550 «Καὶ
3282 3493 3436 3548 εἶπεν
3460 3499 3489 3549 6
3516 3496 3640 3565 ὄφις
3667 3499 3734 3566 τῇ
3763 3496 3993 3563 γυναικί
4010 3512 4029 3528 ·

2439 3588 2505 3642 Τί
2562 3590 2651 3641 ὅτε
2710 3585 2865 3641 εἶπεν
2900 3589 2930 3640 6
2967 3587 3139 3650 Θεός·
3176 3589 3251 3641 Οὐ
3284 3589 3360 3657 μὴ
3398 3589 3613 3658 φάγητε
3665 3587 3775 3640 ἀπὸ
3821 3589 4032 3650 παντὸς

2441 3682 2598 3746 ξύλου
2634 3682 2729 3734 τοῦ
2762 3684 2820 3735 ὲν
2844 3680 2923 3751 τῷ
2966 3681 3324 3751 παραδεισῳς
3354 3682 3463 3734 Καὶ
3501 3678 3659 3735 εἶπεν
3697 3684 3730 3751 ὴ
3767 3682 3911 3751 γυνὴ
3949 3682 4033 3751 τῷ

2440 3777 2596 3841 ὄφει·
2626 3775 2760 3828 Ἀπὸ
2787 3775 2988 3836 παντὸς
3010 3772 3169 3839 ξύλου
3186 3772 3279 3825 τοῦ
3299 3775 3357 3824 ὲν
3385 3773 3463 3843 τῷ
3485 3774 3803 3842 παραδείσῳ
3820 3775 4032 3841 garrit?-

2444 3867 2615 3936 μεθα·
2645 3866 2754 3919 άπὸ
2773 3865 2830 3918 δὲ
2857 3863 2954 3917 τοῦ
2980 3863 3191 3934 καρποῦ
3216 3861 3311 3916 τοῦ
3343 3864 3522 3928 ξύλου,
3554 3865 3582 3916 ὅ
3611 3867 3761 3917 ἐστιν
3782 3867 3843 3917 ὲν
3878 3866 4034 3935 μέσῳ

2440 3956 2533 4009 τοῦ
2558 3956 2915 4026 παραδείσου,
2940 3950 3094 4007 εἶπεν
3117 3955 3147 4007 6
3174 3954 3309 4018 Θεός
3329 3972 3342 3985 ·
3370 3955 3447 4007 Οὐ
3473 3954 3549 4023 μὴ
3565 3955 3779 4024 φάγητε
3803 3954 3901 4007 ἀπ’
3929 3956 4033 4007 αὑ-

2438 4048 2555 4113 τοῦ,
2576 4048 2685 4101 οὐδ’
2702 4047 2764 4100 οὺ
2784 4047 2861 4117 μὴ
2884 4046 3096 4116 aequas
3119 4045 3308 4111 αὐτοῦ,
3336 4047 3423 4098 ἴνα
3446 4048 3521 4117 μὴ
3548 4046 3888 4115 ἀποθάνητε.
3914 4067 3933 4097 ι
3962 4078 4033 4087 -

2441 4136 2588 4209 Ἀρα
2625 4139 2680 4192 δὲ
2718 4139 2817 4191 καὶ
2853 4139 2882 4190 6
2909 4137 3034 4207 ὄφις
3073 4136 3153 4207 τῷ
3188 4138 3333 4190 κατὰ
3372 4137 3657 4205 προφορὰν
3683 4136 3831 4205 λόγῳ
3862 4139 4033 4205 ἐχρή-

2443 4242 2607 4290 σατος
2641 4226 2717 4278 Οὐ
2744 4224 2985 4290 πάντως,
3015 4225 3132 4278 ἀλλ’
3158 4227 3209 4277 oi.
3232 4226 3673 4295 πρωτόπλαστοι,
3699 4225 3794 4277 ἅτε
3824 4228 4033 4289 κακίας

2438 4318 2593 4379 ὄντες
2641 4316 2893 4385 ἀμιγεῖς,
2948 4315 3355 4385 ἁκριδεστάτας
3392 4310 3540 4383 εἶχον
3592 4318 3688 4377 τάς
3740 4314 4032 4385 αἰσθήσεις

2440 4409 2534 4462 καὶ
2563 4408 2699 4461 πολὺ
2731 4409 2841 4461 τῶν
2874 4409 3161 4479 ἡμετέρων
3180 4408 3603 4470 διαλλαττούσας
3631 4410 3699 4471 ³⁸,
3730 4409 3876 4461 ὥστε
3926 4412 4032 4477 τὴν

766 4519 831 4556 ac
882 4510 1186 4570 serpentem
1224 4511 1534 4554 truncatum
1564 4514 1686 4553 esse
1716 4499 1943 4567 pedibus
1991 4510 2046 4553 et
2092 4510 2337 4569 reptasse
2369 4534 2413 4588 Β

2369 4534 2413 4588 D
2443 4498 2616 4568 ἀκοὴν
2663 4498 2848 4551 αὐτῶν
2882 4500 3064 4567 πάσης
3100 4498 3371 4567 ὑπάρχειν
3416 4502 3600 4566 φωνῆς
3648 4500 3994 4568 ἁκουστικὴν
4016 4517 4029 4529 ·

765 4594 937 4657 humi,
965 4607 1343 4660 venenumque
1374 4607 1539 4659 super
1558 4591 1877 4659 ejuslingua
1912 4606 2032 4644 esse
2075 4593 2333 4660 positum.

766 4686 971 4740 Deinde
1020 4687 1304 4754 Scriptura
1358 4684 1592 4738 subdit:
1633 4702 1651 4734 ι
1686 4683 1827 4737 Dixit
1881 4695 2060 4738 autem
2114 4699 2337 4752 serpens

764 4780 830 4831 ad
868 4777 1147 4831 mulierem
1185 4796 1197 4829 :
1235 4774 1599 4845 Nequaquam
1650 4782 1824 4827 morte
1864 4775 2191 4839 moriemini,
2234 4775 2339 4828 scit

761 4872 905 4924 enim
942 4870 1085 4923 Deus
1118 4869 1261 4938 quo’d
1291 4869 1345 4922 in
1382 4883 1712 4937 quocunque
1761 4867 1849 4921 die
1896 4866 2241 4920 comederitis
2271 4883 2335 4919 ex

759 4979 846 5025 eo,
903 4962 1218 5030 aperientur
1267 4962 1411 5015 oeuli
1465 4961 1660 5024 vestri,
1720 4969 1776 5015 et
1836 4960 1991 5013 eritis
2046 4960 2188 5013 sicut
2239 4959 2335 5022 dii,

762 5058 999 5110 scientes
1024 5054 1225 5108 bonum
1248 5068 1302 5106 et
1332 5054 1558 5106 malum.
1604 5051 1749 5105 Vidit
1779 5053 1941 5121 igitur
1968 5053 2163 5104 mulier
2190 5050 2334 5119 quod

762 5146 966 5195 bonum
1000 5151 1145 5196 esset
1192 5142 1401 5211 lignum
1439 5143 1505 5195 ad
1540 5142 1895 5204 vescendum,
1944 5149 1998 5194 et
2046 5142 2331 5210 pulchrum

761 5234 975 5298 oculis,
1032 5246 1366 5304 aspectuque
1425 5234 1743 5288 delectabile
1801 5250 1814 5284 :
1875 5242 1928 5287 et
1979 5236 2214 5300 sumpsit
2268 5234 2335 5285 de

761 5325 943 5379 fructu
1000 5324 1165 5387 illius,
1216 5334 1269 5378 et
1319 5324 1575 5388 comedit,
1632 5322 1889 5392 deditque
1942 5323 2058 5376 viro
2110 5337 2233 5388 suo,
2284 5331 2337 5375 et

2442 4591 2536 4641 καὶ
2574 4589 2643 4643 τὰ
2691 4588 2857 4659 θηρία
2912 4590 3009 4640 καὶ
3059 4588 3129 4640 τὰ
3176 4589 3352 4657 κτήνη
3396 4588 3577 4640 λαλεῖν
3636 4588 3787 4655 λέγει
3816 4590 3865 4618 ⁸⁸
3929 4592 4032 4659 μιᾷ

2434 4681 2655 4752 γλώσσῃ
2687 4682 2845 4744 ποτὲ,
2877 4681 2967 4733 δτε
2996 4678 3056 4731 δὲ
3100 4679 3275 4749 ’Δδαμ
3332 4678 3723 4749 κατεδικάσθη,
3767 4682 3893 4732 τότε
3934 4684 4033 4734 καὶ

2436 4774 2576 4826 αὐτὰ
2609 4772 2988 4842 πεφιμῶσθαι,
3016 4772 3110 4824 τδν
3141 4770 3203 4823 δὲ
3226 4771 3353 4838 ὄφιν
3382 4771 3480 4822 καὶ
3509 4772 3634 4834 τοὺς
3658 4772 3826 4833 πόδας
3856 4775 4029 4841 ἀφαι-

2438 4865 2667 4937 ρεθῆναι
2692 4866 2789 4917 καὶ
2827 4864 3020 4935 ἕρπειν
3052 4864 3147 4916 ἐπὶ
3180 4864 3282 4932 τὴν
3308 4863 3433 4932 γῆν,
3481 4864 3574 4915 καὶ
3603 4864 3680 4914 ἰὸν
3726 4863 3884 4933 αὐτῷ
3933 4870 4031 4918 ἐπὶ

2435 4957 2536 5027 τὴν
2564 4957 2820 5025 γλῶσσαν
2841 4956 3147 5024 ἐντεθῆναι.
3175 4951 3310 5007 Εἶτα
3336 4955 3535 5023 ἐπάγει
3556 4972 3571 4984 ·
3604 4974 3623 5005 ι
3658 4956 3700 4986 ’ν
3728 4957 3839 5008 Καὶ
3871 4953 3921 5009 εἷ
3932 4976 4030 5010 πεν

2446 5048 2475 5099 6
2505 5048 2629 5116 ὄφις
2662 5051 2730 5117 τῇ
2766 5047 2991 5117 γυναικί
3013 5063 3027 5076 ’
3058 5048 3133 5100 Οὐ
3186 5046 3405 5115 θανάτῳ
3461 5046 3850 5112 ἀποθανεῖσθε,
3911 5052 4032 5118 ᾔδει

2443 5139 2552 5209 γάρ
2583 5141 2613 5191 6
2643 5138 2799 5202 Θεὸς,
2846 5139 2929 5191 ὅτι
3026 5136 3076 5168 ⁸⁸
3109 5136 3177 5189 ἂν
3220 5138 3407 5207 ἡμέρᾳ
3446 5137 3659 5207 φάγητε
3703 5137 3804 5189 ἀπ’
3834 5139 4028 5206 αὐτοῦ,

2442 5233 2917 5303 διανοιχθήσονται
2947 5230 3105 5301 ὑμῶν
3148 5232 3197 5283 οἱ
3243 5230 3537 5299 ὀφθαλμοὶ,
3578 5232 3671 5281 καὶ
3714 5231 3911 5285 ἔσεσθε
3953 5236 4031 5297 ὡς

2446 5326 2581 5394 θεοὶ,
2614 5328 2977 5395 γινώσκοντες
3016 5324 3179 5379 καλὸν
3220 5326 3313 5375 καὶ
3355 5322 3612 5392 πονηρόν.
3651 5324 3763 5375 Καὶ
3814 5321 3960 5379 εἶδεν
3997 5331 4027 5397 ἠ

1961 5486 2158 5547 Variae
2182 5485 2493 5548 lectiones
2532 5490 2596 5547 et
2631 5492 2823 5547 notae.

832 5642 874 5675 ¹⁹
906 5641 981 5703 ώς
1016 5639 1286 5709 προειδότ.
1321 5638 1542 5709 ιιοιιεώς
1568 5635 1674 5707 πρὸ

763 5728 943 5766 manu.
1023 5711 1068 5741 ²³
1098 5710 1231 5763 Gen.
1265 5724 1348 5771 ιιι.
1386 5708 1495 5762 1-3.
1574 5708 1907 5775 “(miunt
1936 5708 2045 5762 cod.

764 5798 845 5848 Ill,
878 5781 991 5835 4-7.
1074 5778 1116 5810 ’⁸
1150 5777 1193 5830 δ’
1226 5780 1342 5833 cod.

1680 5653 1703 5697 ς
1762 5637 1935 5689 εἰδότα
1992 5635 2051 5689 Ρ.
2080 5634 2140 5687 Τ.
2220 5635 2265 5665 ²⁶
2296 5633 2390 5686 καί
2416 5632 2539 5687 cod.
2584 5628 2767 5686 ὥστεῖ

2138 5708 2176 5738 ³³
2208 5702 2600 5772 ὁταλλογούσας
2642 5701 2706 5757 Τ.

2840 5630 2881 5699 f‘
2912 5630 3043 5684 τόνῖ
3117 5631 3162 5661 ’³
3190 5625 3684 5699 ἑγκοπείσαςξοοὰ.
3716 5641 3749 5681 a
3784 5627 4027 5699 secunda

2808 5698 2853 5731 “
2886 5701 2983 5757 scl.
3044 5697 3327 5771 ἠγραφήῖ
3373 5698 3456 5754 vel
3486 5697 3725 5767 λέγεται.
3810 5698 3851 5728 "
3890 5697 4025 5751 Gen.
