4240 6422
259 401 401 467 1273

1423 405 1879 466 CHRONICON.
1921 429 1991 442 --
2028 405 2173 465 LIB.
2218 403 2350 465 VII.

3377 403 3512 468 1274

253 519 415 589 γυνὴ,
447 519 527 570 ὅτι
560 520 720 572 καλὸν
749 518 808 571 τὸ
841 519 997 586 ξύλον
1030 521 1106 580 είς
1133 519 1336 588 βρῶσιν
1377 519 1470 572 καὶ
1493 520 1573 572 δτι
1605 518 1832 588 ἁρεστδν
1861 523 1911 579 Α

1861 516 2324 579 Αεοῐιιιιιιετυιιι,
2401 523 2453 566 et
2507 513 2676 582 aperti
2725 525 2854 568 sunt
2900 515 3044 570 oculi
3099 516 3410 580 amborum,
3456 527 3509 570 et

254 612 369 666 τοῖς
406 609 703 678 ὀφθαλμοῖς
749 610 874 662 ίδείν
903 609 997 663 καὶ
1027 609 1228 678 ὡραῖόν
1260 611 1376 660 ἐστι
1421 608 1514 660 τοῦ
1567 607 1831 673 κατανοῆ-

1937 615 2308 686 εοᾳιιονοιψιι
2342 621 2398 660 se
2431 620 2554 660 esse
2587 607 2782 661 nudos.
2816 626 2834 658 ι

259 717 352 752 σαι
377 717 387 728 ·
414 702 508 752 καὶ
545 700 784 752 λαϐοῦσα
807 700 902 752 τοῦ
925 700 1138 768 καρποῦ
1177 699 1341 752 αὐτοῦ
1373 699 1544 767 ἔφαγε
1581 699 1677 752 καὶ
1703 699 1871 752 ἔδωκε
1905 701 1998 752 καὶ
2023 699 2100 768 τῷ
2133 685 2287 769 ἀνδρὶ
2326 700 2516 768 αὐτῆς,
2553 699 2645 790 xii.
2669 697 2893 766 ἔφαγον,
2927 697 3020 750 καὶ
3045 698 3429 767 διηνοίχθησαν
3464 705 3512 749 οι

255 794 527 860 ὸρθαλμοὶ
556 795 662 845 τῶν
691 796 803 857 δύο,
839 796 930 846 καὶ
959 793 1199 862 ἔγνωσαν
1231 795 1314 846 ὅτι
1347 795 1546 861 γυμνοὶ
1608 789 1766 860 ἦσαν.
1806 812 1826 844 ι

255 905 417 974 911
456 904 581 977 [IE']
633 909 730 971 Εἰς
776 907 863 970 τὸ,
910 908 1407 977 (Διηνοίχθήσαν
1451 907 1504 958 οἱ
1538 875 1832 974 ὀφθαλμάῖ

892 976 1008 1028 τῶν
1038 977 1167 1029 δύο.
1197 996 1214 1026 ι

332 1088 464 1156 Οὐχ,
498 1087 572 1148 ὡς
607 1089 723 1141 τότε
773 1090 1190 1158 ἀναϐλεψάντων
1222 1091 1331 1142 τῶν
1370 1091 1832 1160 πρωτοπλάστων,

259 1181 475 1249 εἴρηται
512 1182 591 1245 τὸ,
630 1200 646 1231 ι
675 1182 1066 1252 Διηνοίχθησαν
1112 1183 1159 1234 οἱ
1198 1183 1466 1252 ὀφθαλμοὶ
1510 1186 1617 1235 τῶν
1657 1182 1773 1234 δύο·
1811 1201 1830 1233 ι

259 1271 576 1324 δείκνυνται
629 1274 736 1340 γὰρ
776 1275 873 1326 καὶ
921 1275 1026 1345 πρὸ
1070 1276 1166 1344 τῆς
1198 1275 1454 1345 βρώσεως
1501 1275 1734 1343 ὁρῶντες
1767 1277 1829 1326 ἐκ

257 1362 354 1414 τοῦ
389 1362 640 1430 λέγεσθαι
663 1380 675 1394 '
709 1384 727 1416 ι
768 1367 875 1418 Καὶ
903 1361 1042 1418 εἶδεν
1079 1369 1112 1436 ἡ
1136 1369 1292 1434 γυνὴ,
1330 1368 1412 1418 ὅτι
1451 1367 1611 1419 καλὸν
1643 1367 1701 1418 τὸ
1735 1366 1827 1430 ξύ-

261 1450 354 1501 λον
381 1452 458 1513 είς
495 1451 697 1521 βρῶσιν
731 1455 825 1507 καὶ
857 1455 939 1507 ὅτι
972 1456 1200 1524 ἀρεστόν
1245 1457 1358 1507 ἐστι
1387 1457 1500 1518 τοῖς
1537 1455 1835 1524 ὀφθαλμοῖς

263 1544 416 1609 ιδείν,
458 1565 476 1597 ι
514 1547 630 1598 ἀλλ’
663 1547 737 1609 ὡς
763 1548 823 1600 τὸ
846 1549 1214 1618 ἀπειρόκακον
1243 1549 1601 1622 ἀποθεμένων
1625 1549 1713 1600 διὰ⁵
1737 1549 1836 1616 τῆς

259 1637 653 1704 παραεάσεως.
685 1639 866 1704 (2061³)
897 1640 924 1692 ὃ
957 1640 1052 1693 καὶ
1083 1641 1182 1709 τὴν
1221 1640 1505 1709 γύμνωσιν
1537 1641 1834 1708 ἀδιάφορον

256 1730 535 1799 παρέσχεν
560 1747 574 1760 σ
609 1731 809 1800 ἐρρέθη
836 1731 891 1783 δὲ
922 1733 1003 1784 ὃτι
1036 1751 1052 1783 ι
1081 1733 1462 1802 διηνοίχθησαν
1490 1733 1538 1783 οἱ
1563 1731 1835 1798 ὀφθαλμοὶ

255 1822 439 1873 αὐτῶν
475 1825 540 1873 ²⁹.
570 1843 587 1874 ι
633 1824 847 1892 Πέφυκε
879 1824 986 1894 γὰρ
1017 1826 1044 1875 6
1095 1825 1370 1893 ὀφθαλμὸς
1419 1824 1566 1886 ἄπας
1609 1824 1826 1900 ὐπδίτοῦ
1861 1843 1900 1894 Β
1935 1825 2218 1878 amborum
2257 1842 2268 1876 :

257 1913 524 1981 λογισμοῦ
557 1913 922 1983 διεγείρεσθαι
961 1916 1094 1984 πρὸς
1139 1914 1172 1968 ἆ
1205 1915 1425 1983 βλέπει·
1479 1915 1691 1968 σύνεσιν
1724 1919 1832 1983 γὰρ

257 2007 422 2067 αὐτὸς
471 2006 593 2059 καθ’
639 2008 832 2060 ἑαυτὸν
880 2008 978 2059 οὐκ
1027 2010 1162 2077 ἔχει,
1196 2008 1334 2060 ὥστε
1382 2008 1660 2071 πολλάκις,
1697 2010 1831 2078 πρὸς

257 2099 424 2168 ἔτερα
442 2099 537 2168 τῆς
561 2101 798 2164 διανοίας
819 2101 1244 2172 ἀσχολουμένης,
1264 2102 1464 2172 τυφλοῦ
1488 2104 1639 2173 δίκην
1663 2104 1831 2155 ἐνίοτε

256 2192 650 2260 παρερχόμεθα
703 2194 796 2246 καὶ
847 2195 905 2245 τὸ
940 2195 1079 2247 πάνυ
1129 2194 1561 2264 γνώριμον·καὶ
1611 2193 1831 2246 ἐπειδὰν

253 2283 614 2352 ἐγκληθῶμεν
641 2289 704 2354 τῇ
737 2287 959 2356 ἀσχολία
993 2287 1082 2340 τοῦ
1112 2286 1394 2355 λογισμοῦ,
1424 2287 1484 2338 τὸ
1509 2287 1677 2338 αἴτιον
1705 2288 1832 2339 ἀνα-

253 2374 497 2437 τιθέντες
555 2376 994 2446 ἀπολογούμεθα.
1043 2379 1230 2439 Οὕτως
1283 2374 1376 2428 οὖν
1419 2378 1590 2442 Ἀδὰμ
1650 2377 1740 2428 καὶ
1795 2379 1825 2445 ἡ

255 2463 369 2516 Εῦα
395 2469 459 2536 τῇ
493 2467 741 2536 αἰσθήσει
771 2468 861 2520 τοῦ
886 2469 977 2521 νοῦ
1001 2470 1137 2539 πρὶς
1167 2469 1262 2537 τὴν
1286 2469 1406 2537 δ’ζκιν
1433 2468 1789 2538 διεγέρθησαν
1813 2483 1827 2495 ⁶

251 2557 316 2610 τὸ
345 2557 474 2626 γὰρ,
511 2576 527 2608 ι
556 2559 837 2625 Ἐγνωσαν
879 2561 960 2611 ὅτι
1015 2563 1212 2627 γυμνοὶ
1259 2556 1451 2629 ﬁcu,»
1488 2559 1829 2628 ἀποκάλυψιν

255 2647 511 2715 σημαίνει
547 2648 643 2718 τὴν
665 2650 1028 2719 ἐγγενομένην
1058 2651 1134 2719 τῷ
1167 2652 1462 2720 στολισμῷ,
1486 2653 1584 2703 οὐκ
1604 2651 1828 2702 ἀνάϐλε-

248 2737 344 2804 ψιν
367 2739 683 2807 ὀφθαλμῶν.
703 2741 1040 2808 Λεχθήσεται
1074 2741 1128 2793 δὲ
1157 2742 1395 2806 κάκεῖνο,
1427 2743 1508 2794 ὅτι
1529 2743 1632 2812 πρὸ
1660 2742 1703 2772 ³ο
1728 2741 1827 2809 τῆς

254 2825 543 2891 ἀπαθείας,
562 2828 749 2898 ἐπειδὴ
780 2831 969 2900 καιρὸν
989 2832 1088 2882 οὐκ
1112 2827 1224 2901 εἶχε
1245 2833 1310 2886 τὰ
1335 2833 1434 2902 τῆς
1457 2835 1823 2897 παιδοποιίας,

250 2920 353 2970 οὐκ
378 2919 583 2971 ἐδέδοτο
613 2921 654 2951 ³⁸
685 2922 830 2990 παρά
853 2921 987 2973 Θεοῦ
1011 2924 1042 2992 ἡ
1075 2925 1459 2994 παρατήρησις
1492 2925 1590 2993 τῆς
1609 2927 1828 3000 γυμνὼς

255 3027 412 3073 σεως,
439 3010 572 3064 ἀλλὰ
617 3012 801 3080 διῆγον
848 3014 923 3075 ὡς
955 3014 1206 3084 ἄσαρκοί,
1237 3017 1503 3086 σαρκικῆς
1537 3017 1826 3081 διαθέσεως

251 3099 406 3153 οὖπω
441 3103 631 3172 καιρὸν
659 3103 869 3172 ἔχοντες
892 3123 905 3136 ·
943 3107 1129 3174 ἐπειδὴ
1156 3108 1209 3159 δὲ
1234 3111 1263 3179 ἡ
1304 3109 1556 3162 ἀπείθεια
1587 3110 1824 3178 ἐπισυμ-

1989 907 2103 960 XV.
2149 905 2214 959 In
2256 907 2393 958 illud
2425 922 2443 959 :
2481 924 2498 956 ι
2531 906 2719 976 Aperti
2749 915 2875 959 sunt
2905 905 3048 959 oculi
3082 904 3387 958 amborum.
3417 921 3436 954 ι

2007 1095 2123 1149 Non
2170 1094 2314 1164 quod
2356 1094 2513 1162 primi
2563 1104 2816 1163 parentes
2860 1103 2987 1148 tunc
3014 1093 3197 1146 videre
3223 1092 3505 1160 coeperint,

1935 1187 2144 1241 dictum
2173 1195 2254 1239 est
2288 1203 2301 1238 :
2341 1206 2358 1236 ι
2382 1186 2562 1252 Αιιοιίἱ
2591 1195 2715 1238 sunt
2746 1187 2889 1240 oeuli
2922 1185 3245 1246 amborum;
3286 1201 3302 1234 ι
3350 1184 3506 1236 exhi-

1938 1278 2136 1331 bentur
2168 1276 2314 1330 enim
2347 1285 2638 1344 antequam
2677 1277 3010 1329 comederint
3045 1275 3312 1336 videntes,
3345 1273 3510 1342 siqui-

1938 1370 2058 1422 dem
2097 1369 2297 1422 dicitur
2335 1386 2348 1422 :
2389 1388 2405 1419 ι
2437 1368 2500 1420 Et
2548 1369 2683 1420 vidit
2716 1367 2907 1419 mulier
2953 1366 3094 1434 quod
3132 1367 3332 1418 bonum
3364 1373 3508 1418 esset

1937 1463 2138 1530 lignum
2183 1463 2249 1515 ad
2295 1461 2628 1515 vescendum
2663 1470 2717 1514 et
2771 1459 3059 1530 pulchrum
3087 1458 3260 1510 oculis
3313 1459 3376 1510 ad
3427 1459 3510 1508 vi-

1933 1553 2217 1606 dendum:
2260 1571 2278 1604 ι
2337 1553 2430 1605 sed
2491 1552 2636 1620 quod
2713 1567 2806 1619 per
2862 1559 3141 1619 peceatum
3199 1548 3509 1601 amisissent

1936 1645 2061 1697 mali
2113 1645 2532 1706 immunitatem,
2586 1658 2705 1711 qua:
2737 1642 3087 1694 mulationem
3130 1639 3387 1693 reddebat
3423 1639 3508 1690 in-

1937 1733 2300 1788 diﬂerentem.
2343 1734 2557 1788 Dictum
2588 1742 2670 1786 est
2693 1743 2873 1785 autem
2914 1749 2926 1783 :
2967 1732 3188 1798 «Aperti
3221 1731 3506 1784 suntoculi

2315 1843 2334 1876 ι
2376 1825 2515 1878 solet
2543 1823 2685 1875 enim
2720 1820 2912 1875 oculus
2936 1821 3115 1874 omnis
3148 1820 3355 1872 ratione
3388 1835 3508 1872 mn-

1936 1917 2046 1970 veri
2081 1915 2147 1968 ad
2179 1931 2239 1967 ea
2273 1929 2392 1981 qua:
2431 1913 2646 1982 aspicit,
2701 1928 2824 1965 nam
2869 1927 2932 1964 ex
2964 1912 3144 1979 scipso
3172 1910 3504 1963 intellectum

1936 2022 2043 2060 non
2078 2005 2271 2068 liabet;
2305 2006 2375 2058 ita
2404 2015 2462 2058 ut
2490 2020 2652 2072 SJ‘pC,
2690 2003 3045 2071 intelligentia
3089 2004 3140 2054 in
3173 2002 3296 2054 aliis
3341 2002 3506 2054 rebus

1935 2108 2219 2168 occupata,
2275 2099 2403 2151 czeci
2457 2098 2630 2150 instar
2680 2095 3192 2166 prretergrediamur
3245 2093 3506 2147 noimulla

1935 2196 2153 2262 cognitu
2205 2194 2510 2248 facillima:
2550 2202 2603 2246 et.
2635 2191 2854 2260 quando
2905 2204 3252 2248 arcnsamur,
3305 2187 3503 2241 mentis

1933 2287 2338 2340 distractionem
2371 2301 2685 2340 eausamur.
2744 2283 2835 2336 Sic
2863 2282 3109 2335 Adamus
3142 2293 3193 2332 et
3221 2279 3326 2332 Eva
3376 2295 3503 2333 sen-

1933 2380 2142 2433 satione
2199 2378 2506 2430 intellectus
2546 2375 2610 2428 ad
2662 2376 2834 2427 visum
2890 2371 3107 2425 excitati
3162 2383 3327 2434 sunt,
3376 2385 3501 2422 nam

1934 2469 2094 2522 verba
2140 2485 2154 2522 :
2201 2487 2218 2519 ι
2249 2468 2632 2537 Cognoverunt
2667 2483 2723 2519 se
2770 2480 2888 2518 esse
2917 2463 3116 2526 nudos,
3145 2481 3163 2513 ι
3220 2461 3504 2529 designant

1933 2561 2322 2615 revelationem
2355 2562 2407 2613 in
2443 2569 2623 2612 mente
2657 2558 2880 2622 factam,
2918 2573 3025 2611 non
3059 2565 3336 2623 aspectum
3372 2569 3502 2606 ocu-

1933 2654 2130 2708 lorum.
2194 2652 2416 2706 Accedit
2467 2652 2598 2704 illud
2649 2651 2833 2718 quod,
2886 2659 3009 2701 ante
3054 2645 3501 2708 inobedientiam,

1929 2759 2054 2797 cum
2130 2743 2308 2796 locum
2381 2758 2489 2795 non
2548 2741 2771 2794 liabet-et
2821 2741 3115 2794 liberorum
3173 2737 3497 2808 procreatio,

1930 2850 2038 2887 non
2075 2835 2197 2888 data
2231 2843 2387 2886 erant
2419 2850 2447 2886 a
2485 2832 2589 2886 Deo
2622 2833 2887 2885 uuditatis
2924 2831 3184 2899 tegmina,
3218 2831 3310 2882 sed
3348 2830 3497 2881 vive-

1929 2925 2059 2979 bant
2091 2925 2232 2978 velut
2262 2925 2378 2978 sine
2405 2941 2591 2984 carne,
2624 2925 2690 2977 ad
2725 2924 2970 2977 carnales
3003 2921 3228 2975 allectus
3258 2919 3497 2973 nondum

1927 3018 2184 3080 excitati;
2218 2991 2502 3086 postqiiam
2537 3033 2663 3069 vero
2696 3015 3067 3070 inobedientia
3105 3013 3317 3065 induxit
3351 3027 3498 3064 mor-

1930 3109 2211 3172 talitatem,
2243 3109 2435 3160 merito
2466 3107 2723 3176 deinceps
2774 3107 2879 3159 illis
2915 3106 3116 3159 inditus
3143 3114 3226 3158 est
3270 3120 3395 3172 erga
3442 3120 3501 3158 se.

253 3193 396 3245 ϐᾶσα
418 3195 477 3245 τὸ
491 3195 681 3264 θνητὸν
698 3198 976 3266 ἐπήγαγεν
994 3200 1056 3262 ³⁸,
1081 3200 1305 3260 εἰκότως
1325 3200 1383 3250 τὸ
1404 3199 1587 3252 λοιπὸν
1605 3201 1822 3271 ἐνεδόθη
1852 3188 1895 3248 C

1852 3188 1895 3248 C
1928 3200 2156 3253 invicem
2217 3201 2409 3268 pudor,
2466 3216 2528 3253 ac
2577 3201 2811 3268 denique
2853 3199 3357 3252 animadverterunt
3423 3213 3499 3249 se-

248 3285 460 3348 τούτοις
481 3288 512 3354 ἡ
533 3286 665 3356 πρὸς
682 3288 941 3356 ἀλλήλους
965 3289 1123 3351 αἰδώς
1144 3305 1159 3323 ο
1183 3290 1275 3342 καὶ
1297 3292 1579 3360 νενοήκασι
1601 3291 1825 3361 ὕστερον

250 3373 361 3424 τῶν
396 3378 689 3445 σχημάτων
733 3380 831 3448 τὴν
861 3379 1124 3448 διαφορὰν
1159 3381 1637 3451 προθεωρηθείσαν
1673 3385 1719 3415 ⁸³
1745 3384 1825 3452 τῷ

251 3467 516 3520 πλάσαντι
552 3471 685 3539 πρὸς
713 3471 773 3522 τὸ
792 3473 1086 3538 ἀναγκαῖον
1103 3472 1198 3541 τῆς
1221 3473 1470 3543 διαδοχῆς
1495 3474 1585 3526 τοῦ
1610 3475 1819 3542 γένους.

478 3603 620 3674 [ICI']
651 3605 786 3673 Περὶ
816 3605 931 3658 τῶν
955 3608 1204 3674 φύλλων
1230 3608 1338 3676 τῆς
1361 3608 1584 3678 συκῆς.

321 3740 367 3768 ³⁵
399 3739 640 3808 Γυμνοὺς
681 3736 773 3792 οὖν
811 3739 968 3804 ὄντας
1014 3742 1238 3805 ἑαυτοὺς
1277 3742 1589 3811 αἰσθόμενοι
1621 3744 1664 3774 ³⁵
1697 3745 1724 3796 δ
1762 3761 1821 3796 τε

261 3827 562 3898 Ἀδὰμκαὶ
601 3833 632 3900 η
677 3830 788 3897 Εὔα
823 3834 961 3899 μετὰ
994 3832 1091 3897 τὴν
1124 3834 1462 3900 παράϐασιν,
1501 3837 1565 3886 ὲκ
1610 3835 1822 3901 φύλλων

251 3919 424 3987 συκῆς
461 3939 478 3969 ι
513 3921 776 3990 ἐποίησαν
804 3922 1016 3986 ἑαυτοῖς
1043 3925 1423 3994 περιζώματα,
1461 3945 1477 3975 ι
1517 3928 1823 3995 αἰνιττόμε-

248 4027 330 4060 νοι
358 4010 445 4062 διὰ
471 4010 564 4062 τοῦ
595 4011 754 4078 ξύλου
799 4015 891 4065 τὸν
919 4015 1120 4084 τρόπον
1162 4017 1262 4084 τῆς
1293 4017 1695 4086 κακοπραγίας.
1733 4019 1820 4080 Ὠς

248 4101 358 4169 γὰρ
388 4101 513 4169 ἡδὺς
537 4105 565 4154 6
594 4103 804 4172 καρπὸς
835 4105 933 4174 τῆς
972 4105 1167 4170 συκῆς,
1198 4109 1369 4176 τραχὺ
1405 4107 1460 4159 δὲ
1493 4108 1584 4160 καὶ
1612 4106 1822 4173 πικρά»-

245 4209 408 4244 τατον
437 4193 496 4244 τὸ
522 4193 686 4262 912
719 4195 936 4262 φύλλον,
974 4195 1144 4259 οὕτως
1190 4199 1338 4250 πᾶσα
1380 4199 1624 4266 ἁμαρτία
1667 4201 1724 4250 ἐν
1753 4201 1818 4266 τῇ

248 4283 444 4352 πράξει
477 4284 749 4339 δείκνυται
795 4288 971 4355 ἡδεῖα,
1017 4287 1153 4355 μετά
1183 4288 1237 4339 δὲ
1269 4288 1364 4355 τὴν
1383 4288 1592 4357 ,πρᾶξιν
1625 4287 1818 4357 ὀδύνην

249 4375 483 4443 παρέχει
526 4375 603 4443 τῷ
657 4353 981 4446 πεπραχότι.
1019 4353 1093 4430 -Τί
1143 4373 1235 4429 οὖν
1501 4381 1532 4446 ἡ
1591 4353 1816 4446 Γραφίῂ

1930 3306 2095 3344 xuum
2130 3289 2418 3344 discrimen
2466 3306 2494 3342 a
2532 3288 2641 3342 Deo
2675 3291 2951 3356 provisum
2999 3291 3068 3343 ob
3113 3289 3498 3344 necessitatem

1927 3382 2290 3435 successionis
2319 3382 2750 3449 generationum.

2405 3605 2446 3657 Χ
2461 3605 2542 3659 Vl.
2580 3606 2653 3659 De
2676 3607 2818 3675 [aliis
2849 3607 3000 3676 ﬁcus.

1999 3739 2068 3792 Se
2106 3739 2270 3808 igitur
2305 3715 2483 3793 nudos
2514 3755 2637 3794 esse
2669 3740 3031 3809 percipientes
3088 3740 3254 3791 Adam
3276 3747 3329 3790 et
3389 3735 3495 3788 lira

1924 3843 2047 3902 post
2075 3843 2380 3902 peccatum,
2419 3833 2485 3886 de
2519 3833 2664 3886 foliis
2695 3833 2829 3886 [iens
2866 3849 2884 3882 ι
2911 3832 3157 3885 fecerunt
3189 3831 3290 3883 sibi
3330 3831 3495 3883 vesti-

1925 3935 2126 3986 menla,
2171 3946 2188 3976 ι
2223 3926 2323 3978 hac
2382 3925 2579 3978 arbore
2618 3927 2912 3978 innuentcs
2959 3933 3210 3977 naturam
3264 3919 3493 3990 peccati.

1925 4015 2078 4070 Sicut
2115 4017 2258 4070 enim
2293 4017 2431 4071 ﬁcus
2450 4017 2628 4071 dulcis
2666 4025 2749 4070 est
2789 4015 3024 4078 fruetus,
3063 4029 3320 4099 πνοι-ηιμ
3349 4028 3495 4065 ama-

1924 4109 2315 4177 rissimumque
2345 4107 2535 4161 lolium
2565 4126 2579 4173 ;
2640 4108 2720 4162 sic
2749 4121 2908 4160 omne
2940 4120 3221 4175 peccatum
3267 4106 3319 4158 in
3369 4114 3494 4157 actu

1922 4201 2135 4254 videtur
2165 4201 2344 4264 dulce,
2382 4211 2502 4266 post
2533 4209 2715 4254 actum
2772 4216 2897 4254 vero
2943 4200 3188 4253 dolorem
3240 4197 3397 4252 aﬂ‘ert
3446 4199 3493 4251 ei

1921 4294 2012 4362 qui
2049 4293 2197 4346 fecit.
2251 4293 2393 4357 Quid
2425 4293 2589 4360 igitur
2621 4294 2816 4347 iterum
2848 4293 2977 4346 dicit
3013 4291 3347 4361 Scriptura?
3379 4311 3395 4342 ι
3430 4290 3494 4344 Et

1927 4386 2223 4439 audierunt
2264 4399 2450 4438 vocem
2483 4384 2695 4438 Domini
2732 4385 3136 4438 deambulantis
3166 4385 3217 4436 in
3240 4384 3494 4451 paradiso

253 4481 273 4513 ι
305 4464 350 4492 ³⁸
384 4465 491 4515 Καὶ
516 4465 755 4534 ῆκουσαν
784 4469 879 4538 τῆς
911 4469 1091 4538 φωνῆς
1126 4470 1334 4538 Κυρίου
1375 4468 1468 4520 τοῦ
1492 4468 1626 4520 Θεοῦ
1661 4486 1816 4540 περισ
1846 4519 1895 4576 D

1846 4519 1895 4576 Β
1927 4487 2046 4545 post
2085 4477 2392 4541 meridiem,
2444 4486 2497 4531 et
2528 4477 2931 4530 absconderunt
2965 4492 3021 4530 se
3056 4475 3227 4528 Adam
3259 4485 3313 4528 et
3360 4489 3491 4526 uxor

249 4556 543 4618 πατοῦντος
593 4559 651 4608 ὲν
687 4557 764 4625 τῷ
795 4559 1109 4630 παραδείσῳ
1153 4562 1209 4613 τὸ
1243 4561 1487 4625 δειλινὸν,
1538 4567 1627 4614 καὶ
1655 4564 1816 4631 ἐκρύ-

249 4647 443 4715 ϐησαν,
469 4647 496 4698 ὃ
525 4663 583 4699 τε
624 4650 794 4718 Ἀδὰμ
823 4651 917 4702 καὶ
946 4653 977 4720 ή
1010 4653 1145 4720 γυνὴ
1177 4653 1340 4704 αὐτοῦ
1374 4685 1437 4693 -
1466 4654 1524 4703 ἐν
1561 4657 1709 4724 μέσῳ
1727 4653 1818 4706 τοῦ

248 4739 406 4802 ξύλου
440 4740 532 4792 τοῦ
572 4742 924 4809 παραδείσου,
969 4761 987 4792 ι
1031 4745 1167 4812 μετὰ
1194 4743 1254 4794 τὸ
1295 4745 1552 4812 τόλμημα
1587 4749 1665 4807 είς
1696 4762 1820 4797 συν-

246 4830 499 4896 αίσθησιν
545 4833 790 4895 ἐλθόντες
849 4833 940 4886 τοῦ
1019 4837 1397 4905 πταίσματος,
1451 4838 1528 4908 τῷ
1587 4839 1816 4910 κριτικῷ

245 4921 574 4991 κρατοῦνται
623 4925 772 4994 φόϐῳ
828 4927 922 4978 καὶ
965 4927 1302 4997 κρύπτεσθαι
1328 4929 1370 4960 ⁸⁷
1418 4929 1510 4982 τὸν
1555 4931 1822 4998 ἀλάθητον

250 5013 524 5083 ὀφθαλμὸν
561 5018 656 5068 καὶ
701 5019 1089 5084 παραιτοῦνται
1120 5020 1216 5088 τὴν
1253 5021 1474 5088 πρόοδον
1501 5021 1595 5072 καὶ
1623 5021 1814 5072 ἀναδύ-

246 5123 394 5158 ονται
424 5108 522 5175 τὴν
556 5109 919 5178 παράστασιν.
968 5109 1122 5162 Οὕτω
1155 5111 1210 5162 δὲ
1242 5113 1438 5173 αὐτοὺς
1483 5112 1817 5182 κεκλονημέ-

248 5213 368 5259 νους
404 5199 506 5251 ὑπὸ
545 5201 638 5253 τοῦ
673 5202 823 5264 δέους
867 5203 1198 5272 θεασάμενος
1228 5205 1579 5258 ἀνακαλεῖται
1602 5205 1677 5266 ὡς
1727 5222 1825 5255 πα-

1919 4567 2038 4635 ejus
2069 4568 2120 4619 in
2157 4569 2335 4620 medio
2373 4567 2502 4635 ligni
2542 4565 2801 4635 paradisi.
2841 4585 2858 4616 ι
2887 4565 3011 4619 Post
3046 4566 3256 4637 facinus
3277 4564 3491 4632 culpun

1919 4658 2216 4726 sentientes
2268 4656 2508 4724 judicem
2560 4657 2879 4718 formidant,
2954 4670 3120 4722 seque
3163 4653 3493 4706 abscondere

1919 4756 2174 4816 quarunt
2213 4750 2280 4800 ab
2315 4749 2474 4802 oculo
2525 4749 2810 4812 ontniscio,
2869 4756 2922 4799 et
2974 4746 3092 4814 ejus
3141 4755 3492 4811 conspectum

1920 4842 2280 4910 deprecantur
2309 4851 2362 4894 et
2394 4841 2610 4910 fugiunt
2630 4840 3000 4911 presentiam.
3025 4837 3175 4904 Quos
3197 4847 3347 4890 tanto
3371 4851 3493 4904 per-

1921 4936 2102 4988 culsos
2139 4937 2331 4988 timore
2363 4936 2551 4987 videns
2601 4933 2742 4987 Deus
2777 4941 2935 4986 vocat
2976 4939 3035 4984 ut
3089 4941 3239 4999 pater
3278 4928 3490 4982 miser}-

1917 5040 2058 5087 ξέοι-ε,
2095 5035 2146 5078 et
2178 5025 2309 5078 dicit
2347 5042 2359 5076 :
2402 5043 2419 5074 ι
2457 5023 2651 5087 Adam,
2691 5024 2884 5085 Adam,
2928 5022 3019 5075 ubi
3059 5022 3160 5076 es?
3189 5040 3205 5072 ι
3243 5019 3345 5085 Qui
3381 5020 3487 5072 ait:

1925 5133 1940 5165 ι
1983 5115 2179 5170 Vocem
2245 5125 2391 5168 luam
2445 5117 2623 5169 audivi
2674 5115 3073 5169 deambulantis
3129 5114 3181 5166 in
3217 5110 3492 5182 paradiso,

1901 5217 1977 5261 ‘et
2018 5208 2168 5260 timui
2202 5222 2266 5260 eo
2291 5206 2436 5275 quod
2477 5207 2654 5262 nudus
2683 5222 2885 5272 essem,
2927 5216 2979 5261 et
3002 5204 3258 5259 abscondi
3283 5216 3388 5255 me.
3430 5218 3448 5249 ι

243 5296 349 5364 τὴρ
381 5296 729 5367 φιλόστοργος
757 5303 784 5350 6
818 5301 946 5361 Θεὸς
980 5302 1068 5352 καί
1103 5319 1269 5368 φησι’
1312 5322 1329 5353 ι
1388 5304 1579 5375 Ἀδὰμ,
1634 5306 1819 5373 Ἀδὰμ,
1866 5306 1967 5358 ποῦ
2001 5301 2051 5357 εἴ
2085 5305 2127 5335 ³⁸
2159 5321 2172 5368 ;
2210 5322 2226 5353 ι
2287 5305 2401 5357 Kal.
2455 5299 2609 5357 εἶπεν
2657 5303 2843 5373 αὐτῷ·
2888 5323 2907 5355 ι
2980 5304 3091 5373 Τῆς
3148 5301 3332 5370 φωνῆς
3389 5315 3486 5350 σου

245 5386 455 5456 ηκουσα
483 5393 911 5460 περιπατοῦντος
940 5396 997 5446 ὲν
1025 5395 1103 5463 τῷ
1132 5397 1462 5466 παραδείσῳ,
1499 5397 1594 5449 καὶ
1618 5397 1912 5468 ἐφοϐήθην,
1953 5399 2036 5452 ὅτι
2075 5397 2278 5466 γυμνός
2311 5401 2447 5467 είμι,
2480 5399 2571 5451 καὶ
2601 5397 2869 5467 ὲκρύϐην.
2907 5413 2929 5448 ι

1437 5563 1628 5624 Variae
1664 5563 1972 5626 lectiones
2022 5570 2082 5624 et
2140 5571 2323 5625 nota.

320 5716 569 5801 ’ἱαύτῶν
597 5717 718 5801 εἱιὸ.
840 5717 958 5800 cod.
1037 5719 1078 5749 ³³
1105 5718 1294 5789 πρῴην
1324 5720 1377 5772 l‘.
1426 5721 1526 5773 Tli.
1555 5752 1618 5763 -ι
1647 5723 1912 5785 ἀπαθείας
1947 5739 1994 5778 Ct

1796 5723 1928 5801 {lati
1947 5723 2065 5778 cod.
2143 5722 2342 5801 ³[ΞδιδΖ
2383 5721 2503 5801 c_od.
2583 5721 2972 5801 ³’Ἆέπη-γάςίετσ
2993 5719 3012 5773 ι
3037 5763 3048 5776 .
3082 5719 3238 5801 Tit.”
3262 5721 3305 5752 ³³
3336 5737 3469 5793 προ-

251 5785 540 5841 θεωθεῐσαν
571 5791 686 5842 cod.
769 5790 808 5819 ³⁸
840 5789 973 5842 lien.
1011 5806 1086 5852 ιιι,
1133 5792 1182 5844 ’i.

1281 5791 1570 5860 ",aio‘iou.
1617 5793 1735 5849 cod.
1768 5843 1782 5862 ,
1815 5794 1857 5824 ³⁵
1892 5795 2024 5853 Gen.
2059 5809 2140 5860 ιιι,
2172 5793 2222 5847 8.

2305 5794 2342 5824 ³⁹
2373 5792 2572 5847 οἴονται
2615 5790 2674 5848 Ρ.
2755 5793 2796 5825 ³¹¹
2832 5792 2964 5846 Gen.
2998 5807 3079 5860 ιιι,
3126 5788 3259 5856 ηίθ.
