4240 6422
245 333 388 400 1285

1366 336 1828 398 CHRONICON.
1864 360 1935 374 --
1974 337 2124 399 LIB.
2159 339 2332 402 VIII.

3356 349 3491 416 1286

234 446 483 517 μεγάλην
534 447 755 518 νεαρὰν,
812 447 1134 502 ἐϐασίλευσε
1173 446 1235 499 τὸ
1289 447 1353 518 β’,
1391 449 1484 519 ἔτη
1542 450 1643 518 νγ’,
1703 450 1816 521 (86)
1846 459 1887 512 Α

1814 481 1816 496 .
1846 459 1887 512 Α
1921 467 2134 509 menses
2164 469 2217 510 ιιι
2245 474 2261 522 ;
2296 454 2526 513 Michael
2559 459 2886 532 Calaphates
2913 482 2943 522 a
2986 468 3258 540 Casarea,
3307 475 3488 536 fratris

229 541 650 602 Κωνσταντῖνος
681 542 708 592 6
740 539 970 608 ἀδελφὸς
1001 537 1166 592 αὐτοῦ
1196 538 1291 610 ἔτη
1324 547 1392 606 γ’,
1430 541 1539 609 (87)
1592 544 1809 612 Ῥωμασ

231 630 324 692 v6;
353 634 379 684 6
411 631 674 701 Ἀργυρδς
727 632 785 683 ἐν
811 634 877 700 τῇ
934 629 1290 703 κολυμϐήθρα
1335 632 1444 683 τῶν
1485 633 1808 702 Βλαχερνῶν

235 724 471 789 πνιγεῖς,
518 722 611 792 ἐτη
647 720 758 793 [ε’],
786 722 898 790 (87)
929 721 1147 791 Μιχαὴλ
1176 722 1204 773 6
1230 722 1536 790 Παφλαγὼν
1566 723 1651 774 διὰ
1681 740 1808 777 συν·

235 815 459 881 εργείας
530 815 780 867 Ἰωάννου
840 813 1068 881 ἁδελφοῦ
1138 813 1304 865 αὑτοῦ
1377 813 1808 884 ὀρφανοτρόφου,

231 904 330 975 ἔτη
378 903 423 968 ζ’
457 905 632 973 μῆνας
689 903 757 972 γ’,
807 905 917 975 (89)
951 904 1174 974 Μιχαὴλ
1230 906 1257 956 6
1296 907 1403 958 ἀπὸ
1443 906 1808 976 Καισαρείας.

229 998 260 1048 6
302 998 523 1066 ἀνεψιὸς
571 998 737 1050 αὑτοῦ
797 999 826 1051 6
868 999 1217 1067 Καλαφὰτος,
1259 1000 1286 1051 6
1323 1000 1624 1068 τυφλωοετς
1662 1003 1719 1054 ἐν
1786 1003 1862 1072 τῷ
1901 1006 2136 1075 Σίγματι
2185 1011 2337 1078 παρὰ
2402 1013 2675 1072 Νικολάου
2722 1022 2966 1095 ἐπάρχου
3018 1031 3113 1082 τοῦ

232 1092 583 1192 κοιμιῗμένο-υ
732 1092 1068 1192 τῷνιλοιπέὐν
1121 1093 1430 1192 ἀρχόντιυν,
1475 1093 1766 1192 unitate-“0:,
1812 1098 1932 1192 (90)
1960 1102 2401 1192 ,Κωνσταντῖνος
2446 1111 2474 1161 6
2518 1092 2846 1186 Movopta'ixoe
2871 1092 3104 1192 "9205

234 1180 323 1277 g',
362 1184 474 1277 (91)
504 1185 726 1252 Μιχαὴλ
770 1185 797 1235 6
827 1184 934 1236 ἀπὸ
982 1182 1315 1277 Βασιλ[είο.υ]
1357 1184 1476 1244 ἔτος
1513 1191 1581 1277 α’,
1628 1184 1738 1255 (92)
1803 1187 2053 1261 Θεοδὼρα
2086 1195 2116 1262 ἡ
2161 1180 2700 1272 Πορφυρογέννητος,

307 1275 416 1345 (95)
448 1276 716 1338 ἰσαάκιος
741 1278 767 1327 6
795 1277 1077 1345 Κομνηνὸς
1104 1275 1198 1346 ἔτη
1221 1274 1290 1342 γ’,
1312 1278 1405 1327 καὶ
1431 1276 1664 1345 νοσήσας
1680 1278 1812 1329 ἁπε-

229 1367 379 1437 κάρη
444 1367 885 1437 προϐαλλόμενος
946 1367 1172 1435 βασιλέα
1244 1369 1654 1421 Κωνσταντῖνον
1717 1369 1808 1422 τὸν

228 1458 432 1520 Δοῦκα,
465 1459 624 1519 αὐτὸς
661 1457 716 1509 δὲ
764 1457 1105 1526 ἐμονάχησεν
1145 1459 1202 1509 ἐν
1238 1461 1349 1519 τοῖς
1395 1458 1665 1511 Στουδξου.
1694 1458 1806 1529 (94)

230 1548 638 1608 Κωνσταντῖνος
678 1549 706 1599 6
755 1546 964 1610 Δοῦκας
1011 1548 1105 1616 ἐτη
1159 1545 1208 1614 η’
1253 1549 1426 1617 μῆνας
1469 1546 1535 1614 γ’,
1581 1549 1676 1602 καὶ
1721 1566 1807 1600 τε·

230 1638 436 1690 λευτῶν
487 1637 746 1692 κατέλιπε
801 1638 1109 1708 βασιλεύειν
1167 1639 1303 1709 μετὰ
1335 1639 1580 1709 φρικτῶν
1629 1639 1809 1709 ὅρκων

230 1731 332 1784 καὶ
369 1732 663 1801 ίδιοχείρων
711 1731 932 1784 συνόδου
972 1748 1031 1782 τε
1081 1733 1176 1783 καὶ
1225 1731 1323 1798 τῆς
1380 1730 1680 1802 συγκλήτου
1713 1732 1810 1801 τὴν

227 1826 473 1892 γυναῖκα
508 1824 673 1877 αὐτοῦ
717 1827 810 1876 καὶ
840 1825 966 1886 τοὺς
998 1824 1213 1883 παῖδας.
1247 1823 1360 1893 (95)
1398 1823 1628 1876 Εύδοκία
1658 1826 1690 1894 ἡ
1716 1825 1810 1877 τοῦ

226 1915 434 1975 Δουκδς
477 1913 793 1965 ἐϐασίλευσε
830 1911 965 1982 μετὰ
999 1913 1105 1964 τῶν
1140 1913 1345 1966 τέκνων
1387 1912 1555 1982 αὐτῆς
1604 1913 1700 1982 Ξτη
1739 1919 1808 1981 γ’,

229 2007 329 2059 καὶ
354 2006 546 2058 ἔλαϐεν
570 2006 740 2077 ἄνδρα
770 2005 861 2059 τὸν
882 2008 1140 2074 Διογένην
1170 2007 1592 2074 ἁναγορεύσασα
1621 2006 1810 2062 τοῦτον

229 2101 497 2171 βασιλέα·
538 2102 650 2172 (96)
685 2103 778 2155 καὶ
807 2102 1112 2172 ἐκράτησεν
1141 2101 1249 2153 ἀπὸ
1272 2102 1605 2172 Ίανουαρίου
1639 2102 1811 2170 μηνὸς

228 2194 388 2258 ἔτους
421 2193 602 2266 ,ς-φοᾷ
625 2211 638 2226 ⁸
669 2198 696 2247 6
729 2194 891 2256 αὐτὸς
938 2193 1216 2262 Ῥωμανὸς
1244 2195 1272 2245 6
1313 2194 1570 2263 Διογένης
1627 2195 1811 2247 ἐϐασί-

229 2287 391 2339 λευσε
421 2287 646 2356 χρόνους
672 2292 722 2354 γ’
743 2303 757 2318 ⁶
797 2285 1140 2356 στρατεύσας
1175 2287 1230 2338 δὲ
1266 2287 1406 2339 κατὰ
1440 2287 1665 2355 Περσῶν
1692 2288 1809 2340 δια-

229 2379 440 2446 φόρως,
465 2379 523 2429 ἐν
555 2380 621 2448 τῇ
657 2384 706 2445 γ’
735 2376 900 2431 αὐτοῦ
937 2377 1265 2447 ἐκστρατείᾳ
1294 2377 1573 2448 ἐκρατήθη
1603 2380 1808 2447 αἰχμά-

228 2471 402 2534 λωτος
451 2469 603 2539 παρὰ
668 2469 760 2522 τοῦ
824 2469 1123 2522 Σουλτάνου
1192 2470 1300 2520 τῶν
1356 2468 1632 2537 Τούρκων.
1697 2470 1809 2540 (97)

229 2563 404 2614 Τοῦτο
432 2563 487 2614 δὲ
519 2563 768 2631 μαῠοῦσα
812 2562 1044 2616 Εὑδοκία
1080 2563 1111 2632 ἡ
1149 2562 1402 2614 δέσποινα
1439 2562 1640 2630 γράφει
1675 2563 1810 2630 πρὸς

227 2655 301 2706 τὰ
344 2655 554 2724 θέματα
609 2655 705 2707 καὶ
735 2654 803 2707 τὰ
837 2655 1051 2723 κάστρα
1079 2653 1174 2706 τοῦ
1210 2653 1284 2722 μὴ
1330 2652 1588 2716 δέξασθαι
1627 2653 1807 2716 αὐτὸν,

231 2748 283 2798 εί
313 2746 604 2816 διασωθείη
641 2745 751 2798 ἀπὸ
781 2746 879 2814 τῆς
919 2745 1317 2813 αἰχμαλωσίας,
1356 2744 1474 2796 ἀλλ’
1509 2743 1809 2807 ἐξουθενεῖν

230 2837 395 2888 αὐτὸν
425 2839 516 2889 καὶ
542 2837 1053 2890 ἀποϐδελύττεσθαι.
1082 2836 1192 2904 (98)
1219 2837 1326 2888 Καὶ
1352 2835 1508 2896 αὖθις
1542 2837 1811 2888 ἀπεκατε-

1919 543 2063 600 illius
2126 546 2292 613 ﬁlius,
2321 549 2412 617 qui
2463 561 2695 609 emeatus
2728 564 2812 610 est
2845 557 2898 612 in
2934 559 3174 631 Sigmate
3206 584 3234 622 a
3267 569 3490 626 Nieolan

1915 638 2144 705 eparcha
2171 649 2222 693 et
2240 642 2554 698 aceubitore
2584 646 2814 718 aliisque
2849 655 3192 722 proceribus,
3241 668 3489 732 regnavit

1921 743 2134 785 menses
2164 747 2253 798 Ix;
2281 731 2674 792 Constantinus
2707 741 3123 815 Monomaehus,
3190 731 3361 812 annos
3394 778 3489 825 sn,

1921 834 2137 920 menses
2163 840 2251 888 vi;
2300 824 2547 895 Michael,
2583 830 2768 888 Basilii
2826 836 2991 908 ﬁlius,
3032 858 3235 900 annum
3281 865 3489 920 unum;

1920 909 2204 967 Theodora
2244 915 2729 989 l‘orphyrogcnita,
2757 941 2930 984 annos
2962 948 3022 986 ιι.

3165 1039 3256 1088 καὶ
3315 1056 3494 1112 παρα-

3079 1128 3172 1195 ἕτη
3213 1128 3279 1197 ιβ’
3317 1134 3494 1203 μῆνας

1996 1284 2215 1342 Isaaeus
2259 1291 2575 1348 Comnenus
2615 1303 2861 1368 regnavit
2900 1320 3073 1362 annos
3106 1326 3186 1376 ιιι,
3217 1325 3268 1368 et
3301 1324 3491 1376 morho

1918 1391 2218 1448 correptus,
2255 1392 2444 1439 tonsus
2467 1398 2548 1442 est
2570 1390 2741 1447 electo
2776 1394 3103 1465 imperatore
3134 1403 3493 1468 Constantino

1917 1468 2086 1535 Duca,
2115 1481 2167 1525 et
2213 1472 2329 1542 ipse
2359 1477 2490 1532 vixit
2524 1485 2822 1540 monachus
2879 1490 3020 1546 inter
3055 1496 3320 1553 Studitas.
3354 1503 3496 1556 Cun-

1844 1612 1885 1666 B
1917 1565 2194 1621 stantinus
2256 1569 2436 1627 Ducas
2486 1580 2732 1644 regnavit
2793 1595 2965 1636 annos
3012 1603 3126 1649 vut,
3162 1607 3381 1651 menses
3412 1614 3489 1662 ιιι,

1913 1665 1968 1709 et
1997 1658 2254 1725 moriens,
2273 1665 2508 1732 acceptis
2535 1667 3011 1735 dirisjuramentis
3039 1687 3092 1730 et
3116 1658 3494 1754 chirographis

1912 1750 2104 1818 synodi
2145 1759 2199 1805 et
2245 1767 2492 1821 senatus,
2546 1758 2831 1826 imperium
2898 1767 3120 1836 reliquit
3189 1750 3492 1833 uxor-istim

1913 1841 2133 1908 suisque
2196 1842 2345 1902 filiis.
2397 1844 2658 1914 Eudocia,
2696 1850 2854 1907 Ducac
2899 1871 3058 1923 uxor,
3094 1865 3333 1929 regnavit
3368 1883 3488 1922 cum

1913 1932 2036 1987 ﬁliis
2076 1934 2191 1988 suis
2221 1952 2394 1991 annos
2435 1949 2566 2004 tres,
2600 1951 2653 1996 et
2678 1948 2858 2013 nupsit
2885 1949 3133 2020 Diogeni,
3164 1971 3325 2024 quem
3366 1975 3493 2028 pro-

1912 2025 2164 2082 clamavit
2191 2029 2575 2099 impcratorem
2604 2053 2618 2102 ;
2657 2046 2705 2091 et
2727 2055 2950 2109 regnum
2969 2025 3492 2114 auspicatusmeuse

1910 2118 2170 2174 Januario
2206 2125 2334 2177 anni
2367 2135 2461 2180 vim
2481 2143 2673 2183 anxvt
2705 2130 2846 2186 idem
2884 2136 3484 2214 Romaniuleiogenes,

1912 2213 2158 2277 regnavit
2191 2229 2366 2268 annos
2396 2232 2491 2270 tn:
2530 2219 2785 2287 pluribus
2842 2235 3022 2280 autem
3067 2213 3328 2288 adversus
3367 2235 3494 2289 Bul-

1911 2317 2071 2369 garos
2103 2301 2259 2359 factis
2289 2307 2753 2376 expeditionibus,
2800 2313 2851 2366 in
2887 2317 3042 2370 tertia
3085 2318 3139 2372 in
3178 2324 3492 2390 captivitate

1919 2403 2166 2449 retentus
2192 2404 2274 2450 est
2306 2412 2335 2450 a
2390 2398 2693 2455 Turcarum
2729 2405 2968 2460 sultano.
3021 2409 3143 2475 Quo
3186 2428 3487 2483 comperto,

1912 2486 2151 2542 Eudocia
2190 2490 2508 2559 imperatrix
2563 2496 2782 2565 scripsit
2835 2501 2901 2552 ad
2933 2517 3123 2556 omnes
3155 2509 3406 2574 regiones
3437 2522 3492 2566 et

1915 2582 2076 2635 urbes
2106 2598 2172 2636 ne
2191 2583 2343 2637 illum
2370 2587 2696 2655 reciperent,
2727 2592 2770 2644 si
2798 2607 2826 2643 e
2845 2595 3154 2661 captivitate
3187 2599 3487 2671 aufugeret,

1912 2673 2006 2726 sed
2037 2673 2379 2742 despicerent
2412 2692 2477 2731 ac
2525 2681 2941 2739 detestarentnr.
2988 2688 3051 2740 Et
3083 2704 3276 2747 rursus
3325 2710 3492 2763 regno

1913 2765 2205 2833 impositus
2257 2778 2340 2822 est
2390 2769 2617 2824 Michael
2651 2789 2774 2827 cum
2832 2793 2929 2832 sua
2987 2790 3161 2836 matre
3218 2783 3490 2852 Eudoeia;

1913 2871 2075 2923 quam
2111 2873 2140 2910 e
2181 2859 2382 2926 palatio
2430 2865 2714 2931 expulsam
2778 2871 3012 2954 totondit
3061 2876 3372 2942 moniailem,
3405 2893 3491 2934 ie-

234 2926 407 2994 στὰθη
448 2928 664 2996 Μιχαὴλ
694 2930 719 2980 6
751 2926 957 2990 Δοῦκας
991 2928 1107 2994 ἃμα
1134 2929 1198 2995 τῇ
1243 2928 1411 2996 μητρὶ
1451 2926 1614 2978 αὑτοῦ
1648 2927 1810 2979 Εὑδοο
1837 2959 1878 3014 C

280 3020 324 3037 I,
389 3019 546 3037 Inn\l
691 3021 701 3037 ι
881 3020 998 3037 μοι
1071 3036 1074 3037 ,
1202 3019 1291 3037 ⁵-
1335 3017 1495 3037 \,-I_,
1558 3018 1804 3037 S,,!,,,___

1837 2959 1878 3014 ς
1915 2965 2138 3004 manens
2167 2952 2282 3020 ipse
2333 2954 2483 3007 solus
2532 2957 2844 3024 imperator.
2899 2963 2963 3016 Et
3002 2943 3269 3034 occupato
3321 2985 3490 3037 regno

231 3020 352 3088 κία,
387 3019 497 3086 (99)
523 3020 589 3088 ἣν
619 3021 712 3071 καὶ
733 3020 1111 3081 καταϐιϐάσας
1135 3019 1226 3070 τοῦ
1253 3017 1517 3069 παλατίου
1549 3018 1807 3085 ἀπέκειρε

237 3110 503 3180 μοναχὴν,
535 3113 882 3180 μοναρχήσας
912 3111 1073 3173 αὐτὸς
1101 3108 1505 3176 καταλειφθείς.
1545 3110 1651 3161 Καὶ
1681 3125 1811 3177 κρα-

232 3205 406 3270 τήσας
443 3202 668 3270 χρόνους
711 3209 785 3266 ις’
814 3202 1244 3265 καταϐιϐάζεται
1294 3202 1444 3269 παρὰ
1489 3200 1808 3271 Νικηφόρου

230 3294 329 3356 στοῇ
387 3293 730 3370 Βοτονιάτου,
785 3293 842 3355 6;
881 3295 974 3346 καὶ
1004 3294 1278 3362 ἐκράτησε
1332 3291 1560 3360 χρόνους
1609 3297 1681 3357 γ’,
1715 3292 1810 3343 καὶ

234 3384 606 3452 κατεϐιϐἁσϐη
665 3383 816 3453 παρᾶ
862 3383 953 3435 τοῦ
1021 3385 1212 3452 κυρίου
1259 3381 1520 3444 Ἀλεξίου,
1558 3381 1704 3450 (100)
1751 3381 1809 3442 ὃς

235 3476 328 3526 καὶ
377 3474 692 3526 ἐϐασίλευσε
727 3475 867 3526 κατὰ
899 3473 998 3543 τὴν
1043 3473 1086 3542 β’
1119 3473 1212 3525 τοῦ
1270 3472 1583 3542 Ἀπριλλίου
1638 3473 1808 3542 μηνὸς

240 3567 335 3620 ίνδ.
371 3564 411 3618 δ’
457 3568 548 3619 τοῦ
581 3565 768 3636 ,ςφπεγ
797 3566 972 3629 ἔτους,
1031 3567 1126 3618 καὶ
1176 3565 1526 3618 ἐϐασίλευσεν
1582 3563 1678 3632 ἔτη
1731 3563 1808 3625 λζ’

237 3658 415 3728 μῆνας
450 3655 510 3709 ε’.
541 3657 687 3724 (101)
736 3657 838 3710 Ἰω.
881 3658 909 3709 6
943 3657 1452 3726 Πορφυρογέννητος
1493 3655 1520 3705 6
1564 3654 1680 3716 ui6;
1714 3653 1808 3706 αύ-

230 3751 325 3803 τοῦ
358 3749 820 3818 ἐϐασίλευσεμηνὶ
839 3747 1158 3817 Αὐγούστῳ,
1199 3747 1296 3799 ίνδ.
1335 3754 1399 3798 ια’
1425 3747 1575 3808 ἔτους
1599 3753 1806 3817 ,ςχκςκ

232 3842 325 3894 καὶ
359 3840 707 3892 ἐϐασίλευσεν
737 3839 832 3907 ἔτη
869 3843 944 3890 κε’
973 3837 1038 3890 ³³.

305 3950 514 4026 [Ἔστι]
543 3950 647 4023 δ[ὲ]
703 3952 798 4004 καὶ
848 3949 1030 4020 [τοῦτο
1064 3949 1191 4019 περὶ
1228 3949 1335 4000 τῶν
1397 3947 1660 4018 βασιλέων
1701 3963 1806 3998 των

860 4035 1125 4125 (Ῥωμανὸς
1167 4061 1808 4125 ΝικηφόροςλΊωἹζιμισκῆς

243 4126 436 4198 Ῥωμ.]
455 4124 838 4196 γεγραμμένον
852 4139 865 4154 ·
884 4121 1154 4194 Ῥομφαία
1186 4121 1422 4191 Νικητού
1441 4121 1449 4190 1
1470 4124 1671 4190 ἰωμένη

230 4220 481 4273 Βασίλειος
627 4217 981 4271 Κωνσταντῖνος
1025 4215 1266 4273 Ῥωμανὸς
1299 4214 1489 4274 Μιχαὴλ
1534 4212 1725 4274 Μιχαὴλ

233 4280 515 4351 [βΡ-ἁπτου
524 4297 592 4332 σα
622 4281 826 4348 κόσμον
847 4295 860 4308 .

231 4370 616 4433 Κωνσταντῖνοςςῑ
639 4369 704 4433 [Μ
713 4371 853 4432 ιχαήλ
865 4369 908 4431 Ῡ]

232 4435 440 4502 κόσμου
572 4422 594 4433 ”
641 4422 823 4501 λύτρα
865 4422 1211 4501 ᾤέρεις.³Λπὺ
1241 4427 1331 4479 τοῦ
1365 4424 1551 4496 κυρίου
1569 4422 1804 4488 Ἀλεξίου

231 4524 391 4594 921
425 4521 709 4592 Κομνηνοῦ
735 4520 780 4590 γ’
815 4523 950 4575 εἰσὶν
991 4523 1176 4590 ἕτεραι
1209 4520 1494 4588 βασιλεῖαι,
1529 4510 1602 4570 ὧν
1633 4519 1660 4568 ὁ
1684 4518 1805 4585 ἀριδ-

232 4619 366 4684 υμὸς
399 4613 890 4684 ἀποκεκρυμμένος
940 4615 1237 4683 τυγχάνει·
1270 4612 1600 4672 τελευταῖον,
1629 4608 1704 4670 ὡς
1748 4607 1808 4659 τὸ

232 4707 505 4778 ἱστορικόν
538 4725 722 4777 φησιν,
760 4706 868 4760 ἀπὸ
895 4707 1005 4758 τῶν
1042 4702 1144 4759 ὧδε
1180 4708 1338 4776 μέχρι
1362 4705 1460 4774 τῆς
1493 4701 1802 4764 συντελείας

227 4798 319 4850 διὰ
333 4806 380 4868 η’
398 4798 692 4870 λέγοντ[αι]
714 4797 929 4871 ·εί[σὶν]
953 4800 1007 4851 αί
1031 4799 1138 4850 τῶν
1178 4799 1479 4867 μελλόντων
1513 4796 1800 4864 βασιλεῖαι,

228 4889 333 4962 [αἱ]
365 4891 458 4943 τοῦ
475 4892 873 4962 Ἀντιχρίστου,
906 4893 1093 4963 ἕτερος
1123 4890 1395 4963 ἱστορικός
1438 4903 1634 4958 φησιν·
1664 4884 1801 4958 [καὶ]

226 4982 364 5051 ὁμοῦ
395 4984 452 5036 τὸ
479 4982 608 5055 [τῶν
641 4983 1007 5055 βασιλέων]ρα

1010 4269 1261 4346 ῥόπαλον,
1301 4269 1496 4343 μικρὸν
1543 4269 1777 4342 μικρὸνΙ
1840 4314 1884 4368 D

1919 3057 2092 3096 annos
2124 3059 2236 3108 xvr,
2264 3045 2519 3103 detrusus
2552 3059 2683 3103 esta
2706 3051 3014 3122 Nicephoro
3047 3059 3327 3115 Botaniate
3357 3062 3492 3132 ;'..qui

1918 3135 2163 3217 regnavit
2183 3151 2358 3191 annos
2386 3154 2463 3202 ιιι,
2496 3154 2560 3193 ac
2584 3142 2838 3198 detrusus
2861 3156 2942 3200 est
2971 3164 2999 3201 a
3029 3151 3248 3204 domino
3280 3156 3490 3220 Alexio,

1918 3224 2006 3289 qui
2039 3239 2266 3293 regnare
2291 3230 2453 3296 coepit
2487 3233 2727 3286 secundo
2760 3235 2846 3287 die
2906 3240 3111 3306 mensis
3155 3243 3374 3310 Aprilis,
3410 3249 3496 3296 ii.-

1917 3315 2157 3369 dictionc
2224 3327 2441 3386 quarta,
2500 3336 2643 3376 anno
2705 3335 2797 3378 vim
2834 3343 3091 3394 nuxxix,
3147 3341 3202 3386 et
3251 3339 3494 3404 regnavit

1916 3419 2088 3459 annos
2119 3423 2328 3476 xxxvii,
2365 3426 2580 3466 menses
2610 3431 2657 3468 ν.
2691 3414 2930 3472 Joannes
2970 3420 3489 3494 l’orphyrogenitus,

1916 3497 2036 3565 ejus
2074 3498 2240 3565 illius,
2284 3518 2508 3572 regnare
2572 3509 2735 3575 erepit
2789 3526 2976 3566 mense
3046 3518 3310 3586 Augusto,
3351 3519 3492 3574 indi-

1917 3593 2095 3644 ctione
2143 3593 2428 3650 undecima
2493 3639 2506 3660 ,
2541 3613 2683 3653 anno
2745 3614 2839 3655 vim
2892 3619 3110 3671 ncuvn,
3142 3620 3195 3663 et
3249 3614 3493 3682 regnavit

1916 3697 2090 3738 annos
2134 3701 2259 3760 xxv.

2236 3761 2250 3788 ‘
3045 3782 3056 3808 ι

1987 3951 2054 4006 Ει
2100 3951 2268 4006 etiam
2322 3953 2390 4006 de
2440 3953 2867 4022 imperatoribus
2915 3957 3176 4016 Romanis
3227 3965 3489 4036 scriptum

1917 4047 2039 4116 (per
2084 4046 2306 4101 modum
2337 4051 2791 4116 anagrammatis)
2824 4067 2838 4106 :
2871 4052 3172 4112 Romanus.
3213 4057 3488 4128 Nicepho-

1916 4155 2030 4193 rus.
2071 4137 2312 4193 Joannes
2343 4138 2630 4201 Zimisees,
2653 4140 3347 4205 Basilius.Constanlinus.
3385 4152 3492 4206 Ro-

1915 4248 2134 4286 manus.
2180 4217 2433 4287 Mié'hael.
2477 4231 2727 4288 Michael.
2751 4237 3164 4295 Constantinus.
3193 4241 3488 4313 llomphaea

1914 4325 2135 4390 Nicetze,
2175 4327 2435 4380 Sanando
2467 4327 2762 4381 vulnerans
2793 4333 3086 4396 mundum;
3147 4336 3321 4403 clava,
3381 4355 3491 4408 pa-

1913 4433 2033 4471 rum
2091 4431 2278 4485 parum
2327 4417 2513 4469 mundi
2565 4416 2994 4487 redemptionem
3051 4423 3183 4479 fers.
3245 4428 3326 4482 Ab
3385 4430 3490 4482 im-

1913 4515 2165 4574 peratore
2227 4505 2417 4559 Alexio
2467 4505 2747 4560 Comneno
2800 4510 2900 4561 tria
2960 4510 3064 4564 alia
3119 4524 3246 4568 sunt
3298 4532 3490 4586 regna,

1913 4613 2144 4666 quorum
2185 4597 2404 4651 duratio
2435 4607 2516 4680 est
2551 4597 2759 4668 ignota.
2800 4601 3066 4672 Denique,
3100 4615 3157 4660 ut
3185 4606 3493 4665 fert‘histo-

1914 4690 2018 4753 ria,
2053 4703 2083 4742 a
2125 4690 2378 4757 praesenti
2427 4697 2670 4757 tempore
2707 4706 2882 4762 usque
2913 4701 2978 4748 ad
3013 4696 3173 4750 tinem
3209 4707 3330 4753 octo
3358 4715 3490 4769 sup-

1911 4792 2176 4852 putantur
2218 4796 2381 4850 regna
2428 4797 2442 4833 :
2514 4792 2646 4835 sunt
2693 4781 3003 4839 futurorum
3060 4803 3262 4858 regna,
3323 4808 3489 4860 regna

1909 4873 2260 4937 Antichristi,
2293 4872 2472 4942 inquit
2516 4873 2657 4952 alius
2693 4875 3020 4945 historicus;
3047 4889 3099 4933 et
3131 4880 3256 4934 item
3287 4883 3355 4937 de
3388 4884 3488 4938 im-

1908 4967 2322 5040 peratoribus...

1320 5078 1627 5127 Atramenlo
1656 5072 1805 5140 nigro
1829 5076 1876 5121 et
1912 5079 2072 5118 manu
2100 5060 2414 5114 recentiori:

292 5204 306 5220 .
339 5166 694 5238 ἔλαϐα...ρρ..
723 5185 772 5221 ει
799 5169 1046 5239 νοεϐρίου
1077 5166 1301 5239 [ετει]λθ
1333 5181 1556 5233 νωκαρα
1589 5165 1680 5215 τὸν
1711 5178 1807 5213 πο-

227 5259 416 5325 λέμιον
442 5261 534 5312 ἐπὶ
565 5261 685 5324 ἐτος
725 5262 919 5331 ,ς-χξα’.
943 5260 1220 5329 νοεμϐρίῳ
1251 5257 1366 5330 ι[γ’]
1400 5257 1582 5328 ἡμέρᾳ
1613 5256 1803 5324 Παρα-

229 5352 448 5419 σκευῆς.
481 5352 574 5424 [15
604 5351 739 5408 Nov.
769 5355 930 5417 1155,
965 5352 1187 5408 Veneris
1221 5349 1347 5421 die].

2089 5153 2242 5221 Cepit
2281 5151 2558 5218 (somnum
2595 5153 2922 5224 mortalem),
2958 5171 3150 5211 novem
3183 5167 3235 5214 et
3267 5162 3486 5229 triginta

1911 5264 2086 5304 annos
2119 5255 2295 5309 natus,
2333 5260 2520 5298 mense
2553 5242 2844 5300 Novembri
2877 5264 3022 5305 anno
3046 5260 3143 5306 v1“
3166 5267 3347 5311 ocul.
3378 5253 3490 5311 No-

1911 5340 2148 5394 vembris
2174 5337 2490 5401 tredecimo,
2519 5337 2848 5396 Parasceves
2878 5341 2986 5396 die.

1415 5465 1611 5527 Varia)
1650 5462 1952 5524 lectiones
1999 5461 2061 5517 et
2103 5461 2290 5516 notae.

301 5588 356 5625 ³⁵
384 5586 492 5643 Sel.
527 5605 701 5659 usque
747 5589 814 5642 ad
850 5605 1049 5643 annum
1085 5589 1242 5651 1145,

1295 5603 1403 5658 quo
1453 5584 1740 5652 imperium
1787 5576 2026 5658 suscepit
2071 5575 2215 5658 illius
2255 5574 2376 5657 ejus
2409 5575 2809 5658 Mann_el_eujus
2858 5589 3088 5658 mortem
3139 5583 3492 5658 (“amiseri-

231 5672 352 5731 ptor
397 5660 537 5713 haud
577 5645 910 5731 compertam
945 5660 1154 5723 habuit,
1191 5645 1326 5731 cum.
1358 5645 1584 5731 numero
1624 5665 1892 5706 annorum
1921 5649 2314 5731 imperatorum
2355 5645 2482 5703 inde
2528 5647 2595 5702 ab
2639 5647 2848 5706 Isaacio
2880 5645 3160 5710 Comneno
3201 5645 3311 5711 sibi
3335 5657 3493 5727 igno-

232 5726 340 5786 tum
366 5747 484 5787 Uzb‘c
508 5732 652 5787 dicat
685 5726 738 5786 et
761 5730 1120 5800 imperatores
1152 5730 1276 5786 inde
1315 5745 1342 5784 a
1375 5728 1518 5784 Julio
1547 5726 1763 5782 Caesare
1795 5729 2100 5788 nuncupet.
