4168 6446
351 594 538 600 -ηῆν
559 596 1122 605 -—-—~—-—————.———-
1491 591 1495 597 ‘
3317 599 3554 608 -ηοαι--ον

1198 885 2245 1046 PROLEGOM
2268 888 2709 1046 ENA.

1671 1369 1919 1430 CAPUT
1963 1371 2290 1435 PRIMUM.

315 1557 407 1622 De
447 1558 728 1638 Georgio
799 1557 1102 1620 monacho
1147 1558 1315 1621 dicto
1359 1560 1737 1622 Hamartolo
1795 1569 1849 1622 ct
1896 1558 1968 1620 de
2036 1560 2591 1623 continuatoribus
2636 1559 2906 1638 ejusdem
2953 1568 3009 1620 ct
3071 1562 3608 1642 cxscriptoribus.

394 1724 586 1799 [ινα]
624 1723 652 1796 5
689 1724 741 1778 I.
791 1723 1189 1781 Constantinus
1213 1724 1326 1795 jam
1362 1724 1916 1796 Porphyrogennetus
1962 1726 2103 1780 hanc
2139 1723 2357 1795 Georgii
2407 1728 2662 1781 monachi
2710 1726 3226 1799 Cltronograpltiam
3262 1729 3524 1799 excerpsit
3560 1730 3613 1783 in

324 1815 520 1871 codice
548 1811 816 1867 Vaticano
848 1809 915 1867 N.
956 1812 1118 1877 1418,
1155 1829 1212 1883 p.
1247 1812 1391 1880 I75;
1428 1814 1588 1882 cujus
1639 1813 1805 1868 verba
1848 1811 1915 1867 de
1958 1812 2203 1868 Chosroe
2232 1828 2286 1883 p.
2317 1813 2423 1868 565
2459 1814 2722 1870 editionis
2794 1828 3001 1872 nostra;
3035 1818 3392 1871 inveniuntur
3423 1817 3615 1872 conie-

317 1903 496 1957 renda
558 1916 681 1955 cum
739 1901 849 1957 illis
923 1916 1043 1971 qua:
1102 1917 1155 1972 p.
1226 1898 1397 1955 XXIII
1458 1900 1587 1971 (col.
1654 1900 1748 1968 26)
1817 1900 1909 1953 illo
1963 1915 1994 1953 e
2075 1900 2265 1956 codice
2319 1903 2731 1972 exscripsimus.
2797 1904 3045 1958 Alterum
3135 1903 3501 1973 fragmentum
3572 1922 3601 1959 a

318 1989 849 2060 Porphyrogenneto
891 2003 923 2045 e
971 1989 1096 2043 Vita
1144 1988 1347 2044 Leonis
1387 1987 1563 2042 Isauri
1600 1987 1655 2041 in
1692 1987 1882 2042 codice
1910 1985 2181 2043 Vaticano
2216 1988 2426 2046 12461⁵.
2459 1990 2530 2046 40
2576 1992 2859 2048 laudatum
2900 1994 3024 2048 vide
3086 2008 3143 2063 p.
3184 1992 3288 2048 629
3352 1992 3613 2049 editionis

324 2078 495 2146 hujus
523 2079 578 2132 in
611 2091 721 2147 qua
750 2076 930 2131 solum
965 2076 1297 2145 adjectivum
1338 2075 1727 2146 Ἀτραμιτινὸν
1753 2075 1969 2130 desider

1365 2075 1727 2146 Ατραμιτινὸν
1753 2075 2124 2130 desideratur.
2998 2114 3011 2127 .

396 2166 615 2233 Georgii
650 2166 754 2219 loci
788 2180 817 2218 a
857 2164 1026 2236 Clyca
1075 2164 1283 2218 laudati
1333 2163 1388 2217 in
1440 2172 1632 2217 nostro
1672 2163 1812 2216 libro
1856 2162 2037 2231 primo
2082 2173 2137 2218 et
2191 2163 2248 2219 in
2299 2166 2547 2220 secundo
2586 2181 2633 2221 c.
2673 2166 2741 2220 II
2778 2167 2985 2223 diserte
3011 2168 3304 2237 leguntur;
3343 2184 3451 2224 non
3484 2184 3615 2225 vero

320 2254 544 2323 Georgii
581 2252 819 2324 Syncelli
850 2263 1000 2316 sunt,
1030 2254 1126 2323 qui
1156 2251 1325 2306 Kaini
1356 2266 1580 2305 uxorem
1611 2266 1664 2320 p.
1708 2250 1774 2304 II
1804 2250 2035 2304 Assuam
2067 2260 2248 2317 vocat,
2294 2267 2403 2306 non
2446 2253 2685 2306 Azuram
2734 2261 2793 2306 ut
2833 2251 3032 2323 Glycas
3063 2252 3361 2323 Georgium
3392 2263 3613 2310 secutus

322 2357 379 2412 p.
415 2342 545 2405 22I;
576 2342 719 2395 idem
750 2356 803 2411 p.
835 2340 943 2394 223
968 2340 1101 2394 dicit
1129 2332 1152 2395 ἐ
1200 2339 1263 2393 '0
1289 2339 1347 2394 δὲ
1381 2338 1654 2410 Γεὼργιος
1672 2336 1877 2408 οἰκτρῷ
1908 2336 1968 2391 οα

1960 2340 2126 2410 ινάτῳ
2156 2341 2481 2410 τελευτῆσαι
2509 2341 2601 2394 τὸν
2628 2340 2771 2395 Κάῖν
2800 2341 2987 2411 φησίν,
3022 2339 3305 2411 Syncellus
3333 2356 3464 2396 vero
3498 2342 3566 2398 I9
3595 2361 3606 2397 :

323 2430 472 2483 Κάἷν
500 2428 773 2482 ἀπέθανεν
804 2429 1149 2499 ἐμπεσόντος
1195 2427 1283 2480 ἐπ’
1328 2426 1495 2480 αὑτὸν
1532 2426 1685 2479 οἴκου
1712 2433 1727 2456 ⁸
1771 2427 1866 2481 sed
1898 2425 1969 2481 Ge

1963 2429 2166 2499 :orgius
2216 2437 2403 2483 noster
2458 2445 2513 2499 p.
2562 2426 2595 2482 5
2645 2440 2701 2483 et
2735 2428 2875 2484 hanc
2915 2436 2970 2482 et
3005 2428 3330 2484 deteriorem
3379 2438 3609 2487 mortem

323 2516 517 2579 refert,
556 2518 653 2571 sel.
688 2518 755 2570 ab
791 2516 912 2585 ipso
944 2517 1057 2571 tilio
1092 2514 1252 2569 Kaini
1306 2515 1535 2570 illatam.
1576 2513 1776 2586 Glycas
1819 2530 1874 2585 p.
1919 2515 2026 2571 294
2085 2515 2354 2586 jejunium
2406 2532 2437 2571 e
2486 2516 2727 2585 Georgio
2770 2527 3042 2571 memorat
3089 2517 3286 2587 Moysis
3340 2520 3615 2587 octoginta

326 2606 542 2661 dierum
574 2611 990 2670 continuorum,
1025 2605 1173 2674 quod
1203 2604 1663 2675 chronographus
1696 2605 2047 2661 monasticus
2077 2607 2291 2673 primus
2322 2606 2692 2661 calculaverat
2730 2621 2784 2675 p.
2818 2605 2907 2671 85,
2950 2619 3074 2660 cum
3106 2602 3396 2676 Syncellus
3428 2622 3481 2675 p.
3504 2605 3614 2660 253

325 2692 465 2747 duas
496 2703 706 2747 tantum
738 2692 1213 2762 quadragesimas,
1250 2693 1344 2745 sed
1375 2692 1518 2745 inter
1552 2705 1612 2745 se
1639 2692 1930 2746 distinctas
1972 2693 2190 2749 habeat.

402 2780 552 2854 [Vl]
595 2782 711 2852 g2.
753 2781 1001 2850 Scriptor
1044 2782 1159 2850 ipse
1210 2795 1270 2834 se
1310 2780 1624 2834 monachum
1659 2781 1865 2849 pluries
1912 2780 2186 2851 signiﬁcat
2237 2782 2341 2850 (cc.
2394 2782 2631 2848 CXVIII,
2679 2779 2871 2848 CXIX,
2925 2781 3186 2849 CLXXV,
3233 2780 3497 2847 CLXXX,
3553 2784 3610 2844 3,

327 2868 511 2934 CXCI,
554 2872 609 2931 5,
656 2870 746 2935 10,
793 2867 1027 2931 CXCIV,
1064 2869 1118 2930 5,
1153 2866 1364 2935 CXCV,
1398 2869 1452 2930 5,
1489 2866 1772 2932 CXCVIII,
1807 2867 1858 2932 7,
1897 2868 1950 2932 9,
1992 2869 2075 2934 I0,
2120 2869 2228 2933 CC,
2255 2871 2309 2935 5,
2347 2872 2403 2935 4,
2440 2872 2528 2931 I9.
2562 2871 2715 2937 (CV,
2745 2872 2903 2937 9-I2,
2933 2871 3161 2935 CCVIII,
3193 2872 3313 2936 4-7,
3350 2870 3611 2935 CCXXV,

326 2956 386 3019 θ.
418 2956 701 3021 ccxxvr,
754 2966 905 3021 nota,
967 2955 1279 3021 ccxxx",
1328 2956 1380 3021 9,
1427 2955 1759 3021 CCXXXIII,
1805 2957 1860 3021 2,
1912 2956 2330 3025 com-cem",
2392 2960 2483 3023 se,
2524 2958 2751 3026 ccuv,
2785 2961 2838 3023 I,
2889 2956 3115 3023 cem,
3161 2958 3209 3025 I,
3240 2957 3469 3023 ccux,
3522 2960 3613 3025 it,

329 3041 656 3108 CCLXVIII,
701 3044 766 3106 3,
798 3054 853 3097 et
879 3045 1097 3113 quidem
1128 3043 1322 3097 deserti
1356 3042 1606 3098 Nitritici
1636 3044 1887 3115 (CXCIV,
1918 3044 1996 3114 5).

410 3131 525 3203 §3.
559 3133 961 3187 Alexandrinus
996 3132 1100 3187 fuit
1136 3132 1407 3204 Georgius
1455 3134 1762 3188 monachus
1813 3144 1906 3187 aut
1953 3133 2385 3188 Alexandrinum
2432 3135 2757 3205 scriptorem
2803 3144 2929 3189 ante
2976 3148 3171 3190 omnes
3206 3135 3510 3200 consuluit,
3564 3136 3612 3189 si

325 3221 664 3275 mentionem
705 3221 870 3290 hujus
906 3221 1060 3276 urbis
1098 3231 1153 3275 et
1201 3220 1426 3292 Egypti
1475 3222 1677 3290 saepius
1726 3223 1941 3277 caeteris
1985 3222 2243 3275 omnibus
2295 3220 2492 3276 factam
2529 3222 2847 3278 consideras
2889 3224 3000 3293 (ex.
3034 3238 3117 3293 gr.
3153 3237 3236 3278 cc.
3264 3221 3324 3287 C,
3353 3220 3609 3287 CLXXV,

324 3305 663 3373 CLXXXIII,
708 3306 986 3373 CXCVIII,
1020 3307 1129 3374 CC,
1163 3308 1317 3373 CCV,
1368 3309 1456 3375 I2,
1501 3307 1779 3375 CCXXIII,
1813 3310 1901 3375 II,
1934 3308 2191 3377 CCXXV,
2225 3310 2506 3378 CCXXV],
2540 3313 2595 3376 5,
2627 3310 2912 3384 CCXXX).
2948 3313 3109 3367 Certe
3138 3311 3608 3383 Constantinopo-

328 3396 536 3451 litanus
579 3411 691 3450 non
735 3396 855 3461 fuit,
906 3412 1031 3450 cum
1076 3407 1269 3451 contra
1316 3398 2057 3467 Constantinopolitanorum
2106 3396 2704 3469 Cmsareo-papismum
2748 3411 2803 3453 et
2846 3400 3240 3456 iconoclasiam
3274 3412 3608 3454 consensum

326 3484 485 3539 orbis
518 3484 815 3538 Christiani
844 3485 896 3537 in
930 3486 1307 3539 testimonium
1344 3484 1539 3539 all‘erat
1566 3501 1615 3542 c.
1647 3484 1900 3550 CCLXII,
1937 3485 2031 3550 26,
2065 3488 2320 3557 quamvis
2353 3489 2543 3541 urbem
2580 3490 2785 3559 regiam
2823 3487 2889 3541 ad
2924 3488 3196 3542 idolorum
3227 3498 3279 3541 et
3306 3488 3611 3543 monacho-

328 3589 453 3627 rum
487 3575 692 3628 cultum
721 3576 762 3595 “
796 3588 1073 3628 reversam
1112 3590 1161 3628 c.
1196 3572 1470 3640 CCLXIII,
1504 3575 1536 3628 5
1569 3572 1877 3644 Theupolin
1906 3574 2176 3628 nominet.

406 3660 524 3731 §4.
558 3661 618 3715 In
662 3660 1011 3730 Praefatione,
1067 3661 1228 3730 cujus
1291 3662 1527 3717 formula
1599 3663 2016 3726 introductoria,

1966 3678 2016 3726 a,
2070 3663 2135 3714 Οἱ
2192 3661 2298 3728 ἔξω
2350 3663 2469 3717 κτλ.
2536 3678 2625 3732 pp.
2682 3661 2767 3729 76,
2826 3663 2929 3717 546
2992 3672 3047 3718 et
3096 3662 3218 3729 469,
3257 3662 3324 3718 de
3379 3662 3612 3729 scripto-

328 3751 485 3804 ribus
515 3750 876 3804 saecularibus
907 3764 935 3803 a
973 3750 1397 3819 chronographo
1426 3749 1746 3804 Christiano
1778 3750 2067 3816 repetitur,
2101 3752 2407 3805 monachus
2434 3762 2619 3806 noster
2652 3752 2755 3815 vel,
2796 3760 2855 3805 ut
2890 3752 3005 3821 ipse
3033 3767 3063 3807 e
3091 3766 3244 3806 more
3278 3751 3421 3805 inter
3452 3751 3603 3805 viros

331 3840 738 3896 ecclesiasticos
771 3840 976 3893 usitato
1003 3854 1064 3894 se
1102 3849 1386 3910 nuncupat
1418 3839 1496 3910 t4,
1525 3843 1603 3907 8),
1633 3840 1661 3890 ὁ
1706 3836 2083 3907 Ἀμαρτω).ὸς,
2112 3839 2379 3907 promittit
2405 3855 2463 3893 se
2484 3855 2623 3910 opus
2661 3856 2820 3895 suum
2862 3850 3101 3910 quatuor
3128 3841 3286 3896 libris
3311 3840 3598 3895 absolutu-

332 3944 477 3992 rum,
513 3944 751 3998 quorum
800 3930 1031 3982 ultimus
1064 3929 1427 3997 imperatores
1454 3926 1803 3983 Christianos
1850 3925 2105 3979 exhibeat
2152 3924 2276 3979 inde
2317 3941 2345 3979 a
2396 3928 2576 3995 primo
2625 3926 2990 3982 Constantino
3037 3943 3199 3995 usque
3239 3926 3309 3980 ad
3353 3927 3608 3980 ultimum

333 4016 701 4087 (τελευταίου,
737 4016 810 4072 cf.
834 4034 890 4087 p.
926 4017 1077 4087 223),
1116 4032 1280 4086 quem
1312 4017 1548 4085 scriptor
1579 4023 1810 4069 noverat
1852 4011 2171 4066 Michaelem
2209 4010 2301 4075 III,
2332 4014 2417 4067 vel
2453 4014 2635 4081 potius
2668 4029 2845 4084 usque
2887 4014 2955 4068 ad
2990 4015 3293 4068 restitutum
3326 4012 3613 4066 monacho-

331 4121 451 4159 rum
490 4108 727 4160 ordinem
772 4108 848 4178 (p.
884 4107 963 4173 2),
1004 4118 1051 4160 et
1084 4108 1378 4176 imaginum
1409 4104 1609 4159 cultum
1638 4120 1667 4159 a
1700 4104 1933 4158 concilio
1965 4102 2095 4154 anni
2142 4100 2247 4153 8&2
2278 4102 2469 4154 iterum
2502 4101 2817 4155 stabititnm.

405 4193 503 4248 Hic
536 4195 878 4249 orthodoxice
900 4204 1228 4249 restaurata:
1259 4209 1442 4249 annus
1473 4194 1741 4249 terminus
1791 4207 1900 4246 non
1933 4190 2131 4255 solum,
2166 4191 2258 4245 sed
2294 4193 2457 4245 etiam
2492 4192 2614 4247 linis
2663 4188 3077 4246 conscribendas
3101 4189 3347 4248 historias
3370 4193 3609 4267 Georgio

343 4287 623 4338 monacho
649 4281 772 4346 fuit,
805 4285 951 4338 sicut
978 4291 1204 4352 apparet
1234 4297 1263 4336 e
1294 4282 1570 4350 capitibus
1591 4278 1840 4343 CCXLI],
1878 4280 1966 4341 15,
2002 4278 2321 4343 CCXLVIII,
2355 4281 2547 4345 Ill-l5,
2585 4280 2672 4343 I5,
2701 4276 2955 4343 CCLXII,
2986 4278 3075 4333 I8.
3488 4322 3493 4329 κ

411 4370 440 4441 §
470 4370 523 4424 5.
555 4368 670 4440 Ipse
701 4382 833 4424 vero
866 4372 1010 4424 haud
1048 4372 1136 4423 diu
1174 4381 1290 4439 post
1326 4373 1435 4426 haec
1473 4380 1711 4439 tempora
1755 4369 1989 4438 scripsit,
2036 4375 2181 4440 quod
2214 4370 2471 4439 colligere
2503 4370 2628 4423 licet
2658 4368 2711 4421 I°
2742 4383 2807 4423 ex
2842 4384 2909 4423 eo
2948 4369 3094 4437 quod
3127 4368 3360 4441 scriptor
3385 4371 3611 4429 Graecus

332 4458 629 4514 Romanum
661 4459 956 4513 Ecclesium
985 4474 1097 4529 prce
1126 4458 1392 4515 Orientali
1441 4460 1510 4513 ab
1559 4459 1923 4514 Iconoclastis
1970 4470 2287 4529 corruptam
2325 4458 2617 4521 extulit,et
2652 4458 2873 4528 quidem
2926 4459 3087 4512 talem
3132 4458 3188 4512 in
3239 4460 3462 4514 modum
3512 4464 3607 4532 qui

335 4556 581 4618 tempore
616 4548 892 4603 letiano
945 4548 1091 4615 (inde
1126 4550 1193 4602 ab
1224 4564 1276 4603 a.
1311 4548 1445 4617 854)
1495 4548 1603 4613 vel,
1653 4548 1896 4602 Ecclesia
1947 4544 2208 4601 Orientali
2260 4562 2382 4602 eum
2428 4545 2675 4600 Romana
2721 4546 3038 4611 dimicante,
3096 4548 3323 4616 cogitari
3373 4550 3613 4618 amplius

334 4638 544 4707 nequit.
583 4635 786 4691 Confer
842 4637 1007 4691 etiam
1061 4651 1115 4707 p.
1175 4636 1281 4692 276
1342 4636 1667 4691 traditiones
1725 4636 2001 4691 Romanas
2044 4651 2075 4691 a
2116 4636 2321 4692 Grarcis
2351 4634 2621 4698 diversas,
2655 4635 2749 4689 sed
2785 4634 2907 4690 ideo
2941 4635 3169 4689 minime
3203 4634 3371 4709 [VII]
3406 4637 3611 4707 impro-

342 4726 499 4780 liatas
524 4742 539 4791 ;
569 4725 628 4779 2°
658 4725 803 4794 quod
845 4740 901 4796 p.
936 4724 1041 4780 654
1076 4725 1387 4779 litterarum
1426 4727 1662 4779 studium
1702 4724 1796 4777 sub
1837 4724 2093 4779 Michaele
2127 4734 2175 4779 et
2225 4722 2499 4778 Theodoro
2553 4733 2862 4777 renovatum
2910 4738 3034 4777 esse
3077 4723 3302 4789 dicitur,
3335 4740 3458 4793 quae
3491 4728 3610 4781 laus

336 4811 444 4879 iam
475 4811 729 4869 Micltaeli
764 4814 888 4867 inde
919 4812 988 4867 ab
1022 4828 1074 4867 a.
1119 4812 1225 4867 856
1272 4814 1392 4868 sine
1442 4824 1613 4867 matre
1656 4815 1906 4882 regnanti
1949 4814 2184 4884 amplius
2236 4828 2343 4866 nun
2391 4811 2779 4866 conveniebat.
2834 4812 2890 4865 5°
2928 4809 3367 4868 Vindobonensis
3399 4822 3608 4866 tantum

335 4900 606 4970 praelatio,
652 4915 680 4952 a
718 4914 887 4954 manu
918 4901 1124 4954 recenti
1168 4908 1493 4965 restaurata,
1528 4914 1654 4954 cum
1681 4898 1981 4953 versionibt

1966 4915 2029 4954 us
2072 4898 2375 4954 Slavonicis
2418 4898 2848 4969 τελευτήσαντος
2894 4910 2994 4967 pro
3043 4895 3356 4950 τελευταίου
3408 4898 3607 4964 habet;

336 4990 481 5039 unde
502 4988 713 5041 Hodius
738 4988 816 5058 (in
851 4986 1174 5057 praefatione
1197 4989 1264 5043 ad
1302 4988 1547 5042 Malelam
1586 5002 1639 5059 p.
1676 4985 1868 5043 LXXV
1886 4987 1972 5041 ed.
2003 4987 2328 5057 Bonnensis)
2364 4986 2567 5058 aliique
2595 4986 2968 5057 conjecerunt,
2993 4999 3133 5052 opus
3161 4985 3306 5055 quod
3341 4986 3394 5040 in
3418 5000 3469 5041 a.
3503 4985 3611 5041 842

334 5074 573 5138 desierit,
629 5088 737 5130 non
793 5090 915 5131 esse
966 5076 1212 5146 ejusdem
1267 5077 1556 5147 scriptoris
1611 5077 1703 5147 qui
1764 5092 1941 5147 usque
1985 5076 2050 5129 ad
2084 5072 2362 5131 Michaelis
2403 5086 2659 5137 mortem,
2696 5074 2796 5129 sel.
2828 5088 3004 5143 usque
3031 5073 3097 5127 ad
3134 5088 3184 5128 a.
3223 5072 3329 5129 868
3356 5073 3608 5145 progredi

335 5164 615 5219 voluisset.
647 5164 781 5230 Quae
813 5163 1133 5234 conjectura
1160 5180 1285 5221 cum
1317 5166 1467 5220 nullo
1498 5165 1608 5220 alio
1636 5178 1800 5236 quam
1853 5164 2103 5220 lectionis
2138 5162 2577 5219 Vindobonensis
2602 5173 2656 5218 et
2685 5161 2987 5217 Slavonicce
3018 5160 3377 5218 fundamento
3405 5165 3610 5219 nitatur

338 5261 529 5306 contra
564 5251 907 5321 optimorum
962 5253 1218 5309 codicum
1259 5253 1578 5319 lectionem,
1628 5256 1686 5309 4ο
1724 5254 1889 5308 etiam
1937 5255 2192 5307 clausula
2240 5252 2640 5322 antiquissima
2682 5251 3037 5307 Coislinianm
3063 5252 3233 5322 (154),
3265 5251 3527 5307 Palatina:
3556 5261 3611 5306 et

335 5334 649 5407 Mosquensi
700 5346 996 5409 repugnat,
1033 5355 1157 5410 qua
1204 5350 1328 5410 post
1367 5342 1596 5396 relatam
1636 5342 1907 5413 synodum
1936 5356 1981 5397 at

1963 5342 2065 5397 inni
2098 5340 2203 5397 842
2227 5342 2453 5396 aduolat
2481 5358 2494 5394 :
2524 5340 2671 5402 Ἕως
2703 5334 2806 5394 ᾆδε
2832 5339 2929 5394 τοῦ
2970 5340 3273 5411 Γεωργίου,
3310 5340 3421 5395 ἀπὸ
3453 5338 3609 5396 τοῦδε

330 5426 431 5479 τοῦ
458 5427 759 5496 Δογοθέτου
824 5426 902 5497 (p.
942 5428 1090 5499 72I).
1150 5426 1304 5495 Quod
1347 5429 1390 5485 si
1456 5445 1585 5484 vero
1653 5431 1705 5484 in
1758 5430 1863 5484 Iino
1911 5429 1976 5483 lib

1961 5429 2032 5483 bri
2078 5428 2252 5497 quinti
2290 5430 2367 5495 (p.
2414 5426 2542 5494 85I)
2577 5427 2795 5497 legitur,
2854 5427 3182 5484 Τετέλεσται
3245 5429 3339 5482 καὶ
3397 5426 3466 5481 τὰ
3513 5424 3607 5480 τοῦ

332 5515 663 5581 Δογοθὲτσυ,
711 5513 844 5570 inde
879 5518 1139 5587 sequitur
1172 5517 1319 5572 hunc
1350 5519 1530 5572 solum
1568 5518 1791 5584 librum,
1820 5532 1930 5572 non
1968 5533 2099 5571 vero
2130 5513 2198 5571 IV
2228 5517 2444 5587 priores
2475 5516 2790 5587 Logotlteta
2827 5529 2967 5583 esse,
3001 5516 3161 5587 cujus
3201 5515 3393 5573 relatio
3419 5514 3609 5571 eodem

393 5733 411 5751 ‘
445 5730 913 5801 Paginaaherlitionis
939 5736 1325 5801 Petropolitatm
1347 5739 1427 5787 hic
1461 5740 1685 5801 numeris
1713 5737 1942 5801 Romanis
1975 5740 2200 5796 inclusis,
2228 5745 2276 5787 at
2304 5739 2351 5789 in
2402 5748 2542 5789 textu
2578 5738 2749 5789 στερεο
2785 5735 3009 5786 Arabicis
3047 5730 3392 5801 grandioribus
3428 5743 3614 5793 reprae-

324 5801 599 5877 setﬁagtlﬁ
612 5875 626 5877 α
648 5798 1005 5877 Sciatjautem
1036 5796 1249 5877 Lector,
1276 5805 1435 5877 lineas
1468 5798 1651 5877 non}.
1677 5799 1821 5848 initio
1844 5802 2087 5877 columna:
2113 5811 2315 5877 nostrae,
2342 5805 2429 5852 sed
2452 5805 2567 5877 inde
2599 5816 2637 5877 af
2658 5796 3090 5877 citlira'grarid't'orj_
3103 5796 3454 5859 computandas
3480 5806 3609 5843 ease.

476 5857 629 5909 Verba
666 5862 754 5909 viri
790 5860 923 5911 docti
956 5868 1011 5910 et
1039 5864 1103 5911 de
1140 5864 1280 5912 nobis
1314 5865 1445 5913 bene
1480 5865 1643 5912 meriti
1680 5877 1777 5913 non
1813 5872 2076 5927 mutamus,
2110 5868 2196 5915 sed
2227 5857 2390 5915 nostra
2427 5878 2523 5914 nou
2547 5860 2769 5913 iacimus.
2794 5857 2930 5910 Eutr.
2966 5860 3111 5908 νηη-

658 5950 932 6009 Piraoc.
982 5951 1094 6015 Ge.
1145 5954 1276 6015 CX.

3204 5943 3230 6003 1
