4168 6434
563 339 618 402 11
1901 348 2308 410 PROLEGOM
2315 352 2488 412 ENA.
3754 355 3772 416 i
3789 356 3820 416 Ξ

571 452 733 506 modo
768 451 926 506 linem
967 453 1166 507 habere
1191 452 1410 516 dicitur,
1443 469 1552 524 quo
1585 455 1802 525 Gcorgii
1849 455 1973 510 linis
2010 455 2303 512 indicatur.
2352 459 2406 514 5'
2437 461 2848 531 Antiquissimus
2877 462 3110 515 omnium
3151 461 3410 525 codicum,
3439 463 3810 519 Coisliniatzus

561 539 687 606 510,
721 540 906 594 saeculi
940 555 994 605 ι,
1030 541 1174 594 sicut
1203 552 1255 593 et
1282 539 1622 595 Parisienses
1652 540 1790 596 1705
1820 553 1874 596 et
1905 541 2064 608 1706,
2099 551 2297 610 praeter
2325 555 2562 616 quatuor
2587 547 2759 603 libros
2784 549 2838 602 in
2869 563 2921 602 a.
2955 547 3060 602 842
3084 547 3399 604 desinentes
3425 551 3560 604 nihil
3589 551 3819 606 omnim

561 630 786 694 habent,
818 639 982 698 atque
1013 630 1166 684 solus
1205 630 1298 700 qui
1336 645 1513 699 usque
1542 629 1824 684 Mirbaelis
1857 629 1924 682 III
1963 632 2030 685 ad
2059 643 2288 686 mortem
2317 637 2541 703 produci
2574 638 2775 693 dicitur
2809 635 3159 704 Oxoniensis,
3198 639 3633 694 continuatorem
3691 656 3814 696 cum

560 718 774 772 caeteris
811 718 1094 772 codicibus
1123 719 1368 772 exhibet.
1403 748 1474 758 -—
1509 719 1564 773 6°
1589 717 1896 772 Notandum
1938 729 2022 774 est
2055 721 2108 773 in
2153 736 2206 773 en

2172 723 2471 775 rnarrandis
2502 724 2655 777 rebus
2695 741 2728 778 a
2765 723 2935 778 Leone
2970 724 3198 778 Armeno
3225 723 3538 796 (815-820),
3567 726 3818 781 Michaele

558 802 601 858 11
632 803 920 874 (820-829)
957 815 1007 859 et
1041 803 1322 874 Theophila
1356 804 1642 877 (829-842)
1682 807 1842 877 gestis
1873 807 2194 875 scriptorem
2229 813 2462 863 maxime
2493 811 2748 878 di/fusunt
2777 827 2938 877 esse;
2971 812 3026 865 in
3075 810 3210 866 Vilis
3236 814 3629 883 imperatorum
3677 831 3816 885 pra-

555 893 890 953 ccdentium,
925 909 1160 961 quorum
1195 894 1420 962 a-qualis
1449 910 1557 949 non
1604 895 1725 958 fuit,
1772 896 1944 949 multo
1981 896 2309 949 breviorem.
2371 897 2456 949 Cl.
2496 899 2717 966 quidem
2776 897 2990 968 longam
3045 899 3109 952 de
3157 900 3446 969 originibus
3504 903 3816 956 monasticis

552 983 946 1050 digressionem
1029 981 1106 1053 (p.
1141 980 1270 1045 2&2,
1321 982 1473 1052 268),
1523 992 1770 1053 tempore
1819 984 2309 1038 Iconomacborunt
2373 993 2427 1036 et
2473 986 2689 1053 quidem
2743 994 2864 1054 post
2925 986 3349 1040 Constantinum
3402 986 3808 1060 Copronymum

553 1069 837 1136 scriptam,
873 1067 968 1136 qui
1002 1070 1305 1124 monachos
1342 1080 1524 1138 utpote.
1553 1071 1853 1141 imaginum
1890 1073 2192 1125 acerrimos
2247 1069 2564 1124 defensores
2604 1071 2746 1125 hami
2788 1072 2972 1125 minus
3011 1072 3365 1141 impugnasse
3411 1073 3610 1128 dieitur
3648 1091 3812 1143 quam

551 1156 698 1225 ipsas
734 1155 1030 1223 imagines;
1062 1155 1184 1224 ejus
1215 1171 1345 1210 vero
1378 1157 1600 1211 ultimos
1633 1158 1687 1210 in
1729 1172 1907 1212 annos
1933 1157 2213 1226 (765-775)
2248 1159 2401 1226 plura
2432 1159 2637 1212 cadunt
2657 1173 2894 1229 quorum
2928 1160 3277 1214 traditionem
3309 1171 3596 1229 paternam
3632 1161 3814 1232 potius

550 1256 715 1312 quam
771 1235 855 1296 sui
894 1241 1066 1310 ipsius
1114 1244 1494 1298 testimonium
1541 1245 1778 1314 scriptor
1824 1245 1982 1299 aliert
2029 1245 2101 1313 (e.
2134 1243 2408 1307 CCXLIII,
2442 1245 2651 1314 54-40).
2703 1246 2756 1298 7°
2793 1246 3064 1315 Theophili
3109 1256 3290 1300 autem
3337 1249 3596 1317 a'qualem
3643 1251 3815 1304 tuisse

550 1329 730 1400 colligi
760 1330 958 1398 poterit
1008 1345 1039 1384 e
1089 1344 1140 1384 c.
1189 1328 1474 1396 CCXXIV,
1529 1332 1618 1384 16.
1658 1360 1731 1370 -
1777 1331 1832 1386 8°
1861 1331 2136 1386 ldolorum
2190 1332 2474 1404 gentilium
2512 1334 2749 1398 cultum,
2803 1349 2965 1402 quem
3013 1333 3395 1417 hellenismqm
3457 1345 3632 1400 vocat,
3686 1354 3810 1392 eum

549 1417 750 1486 sacpius
780 1415 1076 1471 refutasset
1107 1416 1380 1488 Georgius
1417 1418 1521 1488 (cc.
1557 1417 1798 1484 IV—Vl'll,
1834 1417 2019 1481 CXCI,
2053 1417 2158 1483 CC,
2193 1418 2496 1486 CCXXVII,
2531 1420 2619 1485 18,
2651 1418 2959 1483 CCXXXV,
2999 1421 3084 1483 15,
3117 1422 3205 1485 IL,
3242 1413 3568 1484 CCXLVIII,
3603 1424 3716 1489 10),
3747 1441 3814 1478 eo

549 1505 732 1558 aerius
779 1501 972 1575 [VIII]
1023 1506 1326 1576 imaginum
1379 1505 1820 1562 Christianarum
1861 1507 2068 1561 cultum
2103 1504 2344 1560 defendit
2385 1507 2456 1574 (c.
2500 1505 2664 1572 CXV,
2697 1507 2877 1573 CXCI,
2904 1506 3185 1567 CCXXVI,
3226 1507 3548 1570 CCXLVilI,
3587 1510 3813 1575 CCLIII,

547 1587 819 1657 CCLXII).
875 1589 1030 1646 Unde
1082 1593 1318 1648 eIIicitur
1366 1609 1491 1647 eum
1551 1595 1666 1649 bzec
1706 1595 1997 1663 scripsisse
2045 1593 2136 1663 qui
2172 1595 2259 1646 via:
2293 1593 2680 1662 triumphantes
2715 1595 2973 1665 imagines
3011 1595 3199 1648 viderit
3232 1609 3537 1664 earumque
3583 1599 3813 1654 alteram

546 1678 887 1733 eversionem
919 1677 1177 1736 omnibus
1211 1679 1392 1736 modis
1417 1681 1818 1751 prohibendam
1853 1679 1954 1734 sibi
1990 1681 2360 1750 proposuerit.

618 1814 720 1887 §6.
758 1815 878 1886 Ipse
908 1806 1290 1888 seﬂractatum
1318 1815 1381 1867 de
1421 1813 1756 1868 Paulicianis
1805 1813 2096 1883 scripsisse
2146 1811 2432 1882 proﬁtetur
2468 1816 2540 1880 (e.
2583 1812 2959 1881 CCXXXVIII,
2998 1816 3086 1879 14,
3127 1816 3238 1886 i8),
3279 1832 3310 1872 e
3348 1831 3458 1887 quo
3486 1817 3812 1873 relationem

544 1901 738 1956 iisdem
793 1903 861 1957 de
904 1902 1157 1958 seetariis
1207 1900 1343 1956 Vita:
1379 1903 1638 1970 Pogonati
1674 1901 1928 1955 inseruit.
1967 1900 2092 1954 Haec
2129 1911 2309 1954 autem
2353 1909 2407 1954 et
2450 1917 2574 1969 qua:
2619 1905 2684 1954 de
2737 1900 2952 1957 Manete
2987 1906 3174 1958 retulit
3201 1904 3470 1974 Georgius
3500 1907 3561 1965 C.
3596 1905 3809 1969 CLXII,

543 1989 737 2045 Petrus
766 1988 1009 2057 Siculus,
1037 1991 1131 2060 qui
1163 1991 1232 2045 de.
1257 1989 1590 2045 Paulicianis
1613 1990 1760 2044 circa
1795 2003 1847 2042 a.
1881 1987 1985 2042 870
2015 1988 2260 2059 scripsit,
2293 1988 2583 2056 repetiisse
2616 1988 2834 2043 videtur
2861 2005 2951 2059 pp.
2967 1990 3158 2058 56-66,
3185 1993 3349 2048 16-18
3373 2003 3426 2047 ct
3456 1993 3527 2047 50
3555 1994 3814 2048 editionis

543 2076 866 2132 Raderiana:
897 2077 1218 2149 Ingolstadii
1254 2076 1410 2131 1604.

611 2189 639 2261 §
679 2190 729 2244 7.
766 2188 966 2245 Przeter
999 2189 1163 2244 libras
1205 2205 1237 2243 a
1269 2187 1495 2259 Georgia
1528 2197 1821 2257 excerptas,
1851 2188 2028 2245 editos
2058 2197 2113 2244 et
2152 2189 2413 2254 ineditos,
2449 2205 2589 2260 quos
2619 2199 2907 2245 auctorum
2944 2192 3128 2247 tabula
3167 2194 3498 2260 recensebit,
3532 2194 3628 2249 sed
3673 2209 3815 2266 quo-

538 2294 658 2332 rum
691 2279 876 2333 nullus
906 2274 1280 2346 Nicephorum
1315 2275 1376 2347 (1-
1398 2275 1526 2347 829)
1555 2278 1794 2340 excedit,
1827 2277 2283 2348 cbronographus
2314 2289 2504 2332 noster
2545 2295 2682 2333 usus
2718 2295 2837 2333 esse
2866 2280 3082 2333 videtur
3112 2283 3330 2350 scriptis
3365 2284 3432 2336 ab
3458 2283 3579 2349 ipso
3605 2283 3812 2338 diserte

539 2379 650 2420 non
693 2365 951 2427 laudatis,
985 2379 1074 2418 ex.
1105 2381 1188 2434 gr.
1221 2379 1270 2419 c.
1301 2362 1489 2430 XCIV,
1515 2365 1569 2428 5,
1603 2365 1696 2418 ubi
1726 2365 1882 2420 testis
1912 2367 2165 2420 oculatus
2193 2369 2322 2420 anni
2365 2367 2471 2423 570
2515 2369 2785 2439 loquitur,
2821 2385 2870 2422 c.
2902 2369 3166 2423 CXXVIII
3201 2372 3289 2423 ubi
3325 2373 3654 2441 quingentos
3687 2383 3806 2425 tan-

539 2461 654 2506 tum
694 2467 868 2507 annos
903 2451 1028 2506 inde
1067 2451 1134 2504 ab
1163 2449 1408 2505 Adriano
1441 2451 1765 2521 imperatore
1806 2452 2024 2523 elapsos
2058 2466 2348 2510 enumerat
2379 2457 2522 2510 alius
2557 2457 2816 2527 scriptor.

610 2563 717 2637 §8.
752 2563 906 2630 Quod
946 2578 1076 2619 vero
1115 2565 1394 2634 scriptoris
1428 2563 1659 2620 indolem
1708 2566 1928 2630 attinet,
1967 2566 2021 2619 in
2073 2567 2160 2632 iis,
2198 2581 2320 2638 quae
2356 2567 2552 2636 quinto
2603 2565 2745 2620 libro
2786 2576 2838 2620 et
2885 2567 3244 2635 sequentibus
3282 2568 3541 2636 leguntur
3571 2571 3626 2624 1·
3656 2571 3807 2627 nulla

534 2656 653 2709 loca
683 2654 989 2718 bibliorum,
1049 2653 1273 2706 Patrum
1325 2654 1820 2710 ecclesiasticarum
1871 2657 2218 2724 aliorumque
2259 2670 2422 2719 usque
2459 2655 2526 2707 ad
2561 2655 2920 2722 Nicephorum
2972 2655 3032 2724 (1-
3055 2655 3181 2724 829)
3227 2658 3543 2725 scriptorum
3585 2660 3809 2714 laudata

536 2743 890 2799 inveniuntur
927 2757 1051 2812 quae
1082 2742 1285 2811 ubique
1316 2743 1383 2796 IV
1416 2743 1606 2811 primis
1636 2745 1690 2796 in
1723 2743 1877 2797 libris
1909 2742 2069 2797 obvia
2114 2752 2260 2803 sunt.
2302 2742 2447 2796 sicut
2471 2743 2583 2810 jam
2621 2752 2911 2797 auctorum
2947 2744 3112 2798 index
3148 2747 3439 2811 ostendet;
3473 2763 3644 2817 neque
3684 2759 3807 2818 post

534 2847 588 2885 a.
620 2831 724 2886 845
762 2831 1119 2884 inveniuntur
1143 2846 1442 2898 parumeses
1479 2832 1584 2884 illze
1613 2832 1960 2899 dogmaticze,
1994 2831 2276 2895 polemica:
2303 2839 2357 2885 et
2387 2832 2649 2895 morales,
2689 2847 2827 2900 quas
2865 2833 2980 2900 ipse
3016 2830 3283 2901 Georgius
3319 2836 3565 2889 nominat
3593 2836 3807 2906 digres-

534 2918 718 2972 siones
760 2920 836 2986 (p.
864 2917 952 2980 5i,
989 2918 1112 2981 151,
1148 2917 1276 2980 150,
1303 2919 1433 2981 206,
1460 2919 1588 2981 255,
1613 2918 1740 2984 285,
1773 2919 1898 2984 327,
1930 2920 2056 2981 529,
2086 2919 2180 2971 52'»:1

2162 2920 2208 2982 τε,
2249 2920 2376 2983 556,
2406 2921 2533 2984 557,
2567 2920 2698 2985 562,
2727 2921 2854 2983 560,
2881 2921 3007 2985 415,
3040 2921 3167 2986 420,
3199 2924 3325 2988 450,
3355 2923 3479 2986 456,
3510 2925 3638 2987 iss,
3673 2926 3804 2990 435,

532 3005 658 3072 5H,
692 3004 816 3068 548,
852 3005 972 3066 572,
1009 3005 1134 3069 581,
1169 3005 1294 3068 F91,
1317 3005 1441 3069 597,
1469 3005 1597 3070 598,
1631 3005 1758 3067 604,
1787 3005 1912 3069 640,
1942 3005 2066 3071 645,
2098 3006 2178 3058 67·

2159 3008 2225 3070 ’7,
2252 3007 2377 3071 (‘86,
2403 3007 2529 3073 689,
2561 3008 2686 3074 692,
2711 3008 2836 3069 694,
2863 3009 2989 3074 708,
3022 3010 3170 3079 710).
3199 3009 3360 3066 Deest
3399 3013 3522 3066 inde
3547 3029 3576 3067 a
3606 3016 3805 3082 quinto

531 3093 670 3147 libro
720 3093 809 3146 illa
853 3095 1202 3146 enumerandi
1253 3093 1529 3146 methodus
1577 3093 1630 3145 in
1675 3093 2112 3162 argumentando
2155 3109 2184 3147 a
2223 3094 2458 3164 Georgio
2509 3096 2711 3165 saepius
2755 3097 3001 3150 adhibita
3036 3098 3114 3166 (p.
3149 3097 3201 3157 6,
3243 3097 3638 3164 82,124,157,
3671 3099 3802 3161 252,

531 3180 657 3245 504,
692 3181 818 3245 562,
845 3181 971 3246 527,
1012 3180 1156 3250 607).
1200 3179 1343 3233 Sunt
1377 3180 1489 3232 alia
1535 3180 1693 3247 plura
1728 3194 1847 3248 qua:
1886 3181 2191 3247 scriptorem
2236 3184 2472 3235 omnium
2518 3192 2750 3251 quatuor
2799 3185 3039 3252 priorum
3083 3184 3343 3237 librarum
3386 3191 3629 3238 eumdem
3674 3201 3802 3241 esse

531 3269 821 3333 evincant;
853 3283 903 3322 ν.
937 3283 986 3323 c.
1024 3267 1211 3321 eadem
1259 3269 1325 3320 de
1377 3268 1728 3321 barbarorum
1765 3266 2048 3320 virtutibus
2092 3279 2140 3321 et
2186 3272 2420 3324 maribus
2465 3272 2780 3327 referuntur
2821 3276 2900 3341 (p.
2932 3271 3001 3325 26
3035 3283 3087 3326 et
3120 3271 3289 3339 264);
3326 3288 3471 3342 reges
3503 3273 3802 3328 Christiani

531 3374 650 3412 cum
676 3355 925 3410 Judaicis
958 3357 1036 3412 vel
1065 3371 1258 3411 eorum
1293 3357 1532 3411 inimicis
1571 3354 1720 3428 [IX]
1753 3372 1842 3410 ex.
1877 3372 1959 3426 gr.
1993 3357 2384 3412 Senacberimo
2414 3361 2617 3428 saepius
2646 3360 2997 3429 conferuntur
3026 3361 3100 3430 (p.
3137 3360 3262 3425 680,
3287 3357 3412 3425 684,
3440 3361 3588 3430 695);
3617 3365 3801 3416 eadem

535 3444 832 3514 Scripturw
863 3459 1030 3497 sacrw
1064 3445 1182 3496 loca
1243 3444 1534 3498 laudantur
1563 3445 1638 3513 (p.
1675 3442 1800 3505 558,
1855 3442 1980 3507 575,
2017 3441 2138 3505 589,

2194 3445 2318 3507 698,
2365 3445 2489 3509 720,
2524 3446 2652 3510 322,
2685 3447 2811 3511 680,
2846 3446 2969 3510 695,
3009 3445 3154 3515 769);
3193 3447 3335 3500 idem
3393 3447 3633 3516 denique
3688 3463 3803 3503 mos

529 3549 622 3586 per
643 3533 831 3601 jurgia
861 3531 936 3586 vel
962 3534 1104 3585 lusus
1129 3532 1397 3586 verborum
1435 3533 1844 3602 argumentandi
1865 3531 1942 3601 (p.
1970 3531 2025 3594 2,
2056 3530 2175 3593 500,

2154 3536 2181 3593 l,
2217 3531 2343 3596 595,
2385 3534 2507 3597 611,
2541 3533 2666 3598 6M,
2705 3533 2829 3599 649,
2863 3533 2989 3600 654,
3028 3534 3153 3598 662,
3186 3534 3311 3599 685,
3343 3533 3470 3600 685,
3505 3537 3636 3602 686,
3669 3536 3800 3602 689,

531 3621 656 3684 699,
688 3620 810 3686 702,
847 3620 972 3686 707,
1005 3619 1151 3690 708).
1185 3621 1335 3674 —-2°
1367 3619 1555 3674 Altera
1584 3635 1648 3674 ex
1683 3628 1838 3689 parte
1875 3628 2014 3672 nota’
2043 3619 2177 3672 chro.

2154 3621 2427 3689 analogiae
2466 3621 2744 3689 Symeonis
2786 3621 2934 3691 (747,
2967 3621 3092 3687 761,
3131 3621 3258 3686 788,
3293 3623 3424 3693 etc.)
3456 3633 3506 3678 et
3532 3624 3800 3696 etymolo-

529 3711 661 3781 gicte
698 3719 936 3779 quatuor
964 3709 1157 3778 primis
1188 3711 1239 3762 in
1271 3709 1426 3765 libris
1460 3724 1688 3778 prorsus
1713 3707 2116 3763 desiderantur.
2147 3707 2344 3761 Omnia
2367 3723 2490 3777 qua:
2517 3709 2734 3777 Georgii
2767 3710 2950 3763 vocari
2980 3711 3196 3779 possint
3227 3711 3641 3784 chronologica,
3667 3721 3800 3767 sunt

528 3813 591 3852 ea
631 3813 754 3866 qua:
804 3813 896 3868 pp.
934 3797 1060 3860 279,
1105 3796 1231 3861 510,
1272 3797 1396 3861 611,
1434 3797 1559 3862 657,
1590 3798 1715 3861 658,
1750 3797 1876 3860 659,
1907 3797 2032 3859 661,
2061 3795 2174 3848 671,

2152 3796 2186 3858 l,
2219 3794 2345 3858 674,
2384 3793 2509 3858 680,
2549 3795 2643 3849 701
2685 3797 3078 3863 inveniuntur;
3123 3799 3256 3866 quin
3288 3798 3400 3854 imo
3439 3817 3526 3856 res
3565 3806 3635 3857 ab
3677 3801 3798 3869 ipso

527 3886 712 3941 relata
736 3884 936 3955 saepius
963 3895 1148 3938 contra
1179 3900 1382 3938 omnem
1415 3895 1712 3951 temporum
1740 3885 1980 3937 ordinem
2009 3883 2282 3952 disposite:
2316 3893 2445 3937 sunt
2487 3882 2564 3952 (p.
2591 3883 2716 3946 612,
2753 3883 2881 3948 674,
2919 3883 3070 3954 678).
3105 3883 3237 3952 Quae
3270 3902 3400 3942 vero
3433 3887 3486 3942 in
3521 3890 3612 3944 ed.
3646 3888 3799 3944 Pari-

525 3974 694 4030 sieusi
721 3974 843 4029 inde
873 3973 942 4028 ab
971 3988 1022 4027 a.
1049 3973 1153 4028 815
1189 3974 1445 4044 leguntur
1474 3982 1617 4028 notae
1648 3971 2070 4042 cbronologicoe,
2101 3985 2228 4024 cum
2263 3985 2366 4024 nec
2409 3972 2463 4024 in
2514 3969 2872 4025 Coislinianis
2911 3973 3192 4028 codicibus
3238 3989 3336 4029 nec
3377 3975 3430 4028 in
3479 3975 3798 4045 Mosqnensi

526 4061 896 4126 inveniantur,
929 4075 961 4114 e
988 4060 1178 4114 codice
1210 4060 1378 4131 Regio
1416 4061 1720 4116 recentiore
1749 4058 2039 4126 adiunctae,
2074 4055 2311 4128 Georgio
2341 4073 2444 4112 non
2489 4068 2618 4113 sunt
2649 4060 3033 4115 attribuenda.
3067 4059 3336 4116 Praeterea
3366 4071 3508 4116 totus
3538 4063 3798 4118 sermonis

529 4159 678 4204 tenor
706 4150 832 4204 inde
865 4164 892 4202 a
923 4151 1117 4218 quinto
1145 4147 1286 4204 libro
1319 4149 1460 4204 alius
1490 4159 1595 4215 est,
1629 4149 1841 4203 scilicet
1873 4147 2050 4216 magis
2082 4145 2440 4200 barbarizans
2480 4157 2536 4200 et
2561 4146 2881 4213 latinizans,
2929 4148 3074 4216 quod
3109 4147 3441 4217 glossarium
3472 4150 3524 4204 in
3561 4151 3667 4204 line
3699 4149 3798 4202 ad-

523 4239 772 4308 junctum
803 4237 1106 4292 luculenter
1134 4237 1407 4291 ostendet.
1446 4235 1586 4290 Sunt
1620 4247 1673 4290 et
1704 4237 1756 4289 in
1783 4237 1935 4290 rebus
1966 4234 2304 4296 discrimina,
2343 4248 2431 4288 ex.
2468 4249 2552 4304 gr.
2590 4233 2892 4304 Logotheta
2950 4249 3004 4302 p.
3039 4235 3144 4289 7οὶό
3180 4235 3496 4290 Michaelem
3529 4238 3573 4290 ll
3609 4236 3796 4291 nomi-

526 4335 623 4382 nat
655 4325 976 4394 Rangaben,
1028 4339 1137 4379 non
1179 4324 1569 4394 Curapalaten,
1617 4334 1677 4378 ut
1717 4323 1920 4379 fecerat
1947 4322 2250 4392 Georgius;
2284 4319 2352 4374 ad
2379 4337 2430 4374 a.
2460 4320 2565 4375 815
2601 4319 2839 4392 Symeon
2876 4322 3007 4375 facit
3037 4320 3352 4375 Crummum
3382 4323 3434 4378 in
3476 4323 3792 4394 Bulgariatu

525 4421 916 4479 revertentem,
945 4427 1054 4467 non
1083 4426 1212 4467 vero
1242 4412 1476 4466 tentoria
1503 4427 1600 4467 sua
1634 4421 1760 4467 ante
1788 4413 1974 4467 urbem
2007 4412 2281 4478 figentem,
2319 4417 2379 4464 ut
2407 4408 2676 4480 Georgius
2707 4410 2773 4464 de
2800 4408 3005 4464 Crumo
3041 4411 3238 4477 refert;
3275 4410 3579 4483 Logotheta
3620 4412 3801 4481 capti-

523 4515 622 4557 vos
667 4497 989 4555 Macedones
1017 4509 1167 4555 trans
1209 4499 1541 4563 Danubium,
1574 4509 1627 4555 et
1655 4515 1763 4554 non
1799 4499 2030 4554 Danubii
2071 4501 2122 4552 in
2170 4499 2330 4568 ripis,
2364 4499 2601 4554 collocat
2632 4499 2775 4553 sicut
2804 4495 3154 4554 Iiamartolus
3188 4517 3202 4554 :
3236 4501 3304 4556 de
3334 4500 3575 4558 Cordule
3621 4501 3796 4556 multa

523 4587 743 4659 attingit
771 4587 858 4643 ille
891 4602 1014 4658 quae
1060 4602 1316 4643 narrasse
1361 4589 1610 4657 perhibet
1643 4588 1696 4642 in
1729 4587 1848 4642 Vita
1877 4586 2192 4656 'I‘heOphili,
2236 4587 2304 4641 de
2334 4587 2537 4656 quibus
2573 4586 2627 4640 in
2679 4585 2920 4656 Georgio
2948 4602 3103 4657 teque
3133 4603 3198 4643 ac
3233 4588 3288 4643 in
3323 4589 3598 4660 Symeone
3640 4587 3794 4643 edito

522 4675 824 4746 (brev—iario
875 4676 997 4746 ejus
1041 4676 1189 4745 quod
1236 4676 1352 4745 ipse
1400 4674 1702 4746 Logotbeta
1753 4675 2052 4744 scripserat
2087 4674 2359 4741 chronici)
2390 4674 2561 4727 altum
2593 4679 2678 4727 est
2713 4673 3029 4740 silentium;
3064 4675 3158 4730 sed
3191 4677 3550 4733 inveniuntur
3582 4679 3700 4731 haec
3736 4675 3791 4725 in

521 4762 922 4819 Continuatore
963 4762 1034 4833 (c.
1068 4763 1208 4832 5-9),
1250 4763 1343 4832 qui
1384 4763 1638 4817 eodeme
1685 4763 1957 4832 Symcone
1990 4778 2088 4817 sua
2130 4763 2345 4816 tidetur
2386 4761 2653 4816 hausisse.
2699 4759 2962 4816 Similiter
3004 4764 3071 4818 de
3109 4762 3435 4834 Baldimere,
3483 4775 3636 4836 patre
3685 4762 3792 4832 Sy-

522 4853 734 4906 meonis
773 4850 988 4921 Bulgari
1019 4860 1074 4905 et
1103 4850 1342 4914 eieteris,
1371 4865 1493 4920 quae
1541 4849 1795 4904 monachi
1831 4866 1940 4903 non
1974 4849 2296 4912 intererant,
2333 4847 2428 4904 sed
2450 4849 2568 4916 ejus
2599 4848 2692 4918 qui
2729 4848 2996 4920 dynastis:
3027 4850 3396 4908 Macedonica!
3423 4853 3656 4924 aequalis
3689 4848 3796 4901 fuit

521 4947 577 4991 et
605 4939 929 4992 muneribus
953 4937 1193 5000 functus,
1243 4945 1300 4989 ut
1340 4935 1660 5005 Logotbeta,
1707 4935 1848 5004 apud
1895 4936 2046 4989 illum
2091 4937 2238 4990 nulla
2267 4945 2351 4990 est
2386 4937 2611 4992 mentio.
2651 4937 2895 5006 Denique
2919 4937 3045 4993 inde
3075 4955 3106 4993 a
3133 4940 3326 5009 quinto
3368 4940 3531 5003 libro.
3580 4939 3727 4994 sicut
3761 4950 3793 4986 e

522 5026 800 5095 farragine
831 5026 1105 5079 variarum
1132 5025 1432 5079 ἰεειὶοιιιιιιι
1472 5024 1700 5092 patebit,
1732 5023 2015 5076 discrimen
2039 5025 2287 5076 codicum
2338 5024 2490 5093 lange
2525 5023 2700 5092 majus
2745 5034 2820 5077 est
2857 5040 3022 5094 quam
3059 5028 3110 5079 in
3148 5026 3338 5095 primis
3377 5025 3498 5100 [Χ]
3553 5036 3792 5096 quatuor

520 5115 678 5172 libris
708 5114 800 5184 qui
833 5115 1077 5184 ejusdem
1105 5125 1230 5168 sunt.
1261 5114 1571 5185 scriptoris,
1604 5124 1894 5184 sequentes
1929 5129 2056 5169 vero
2087 5113 2254 5166 variae
2283 5109 2595 5182 Logothette
2623 5114 2896 5182 epitonne.

591 5229 701 5301 §9.
732 5229 996 5284 Codicum
1040 5225 1208 5291 XXV,
1255 5229 1348 5297 qui
1399 5230 1682 5298 hucusque
1746 5227 2106 5283 innatuerunt
2154 5222 2317 5294 hujus
2369 5223 2800 5294 chronograpbi,
2845 5225 3010 5280 uaria
3050 5225 3300 5282 lectiones
3335 5242 3436 5284 nec
3461 5228 3652 5300 plures
3687 5235 3794 5276 nec

519 5319 798 5389 graviores
827 5325 958 5371 sunt
981 5331 1080 5371 nec
1114 5317 1253 5370 inter
1287 5330 1411 5370 sese
1443 5315 1616 5383 magis
1651 5315 1970 5384 discrepant
2010 5328 2172 5383 quam
2207 5313 2423 5368 caeteris
2460 5312 2513 5366 in
2557 5314 2926 5382 scriptoribus
2979 5316 3180 5384 sacpius
3223 5317 3519 5388 descriptis
3563 5310 3790 5368 evenire

520 5407 682 5472 solet,
718 5406 804 5460 vel
831 5405 1180 5458 librariorum
1213 5403 1421 5456 incuria
1461 5404 1544 5456 vel
1581 5405 1901 5457 earumdem
1934 5401 2160 5468 augendi
2190 5410 2238 5454 et
2273 5401 2589 5454 emendandi
2623 5404 2829 5464 studia,
2876 5401 2971 5472 qui
3021 5417 3169 5458 nunc
3215 5403 3389 5459 lineas
3436 5404 3682 5472 integras
3720 5412 3790 5451 ex

527 5493 955 5549 homoioteleuto
1002 5494 1263 5545 omittunt
1310 5491 1474 5559 (quod
1527 5499 1581 5544 et
1614 5490 1665 5542 in
1703 5489 2074 5559 typographiis
2105 5489 2349 5558 quotidie
2395 5487 2644 5544 accidere
2697 5487 2880 5558 solet),
2914 5505 3060 5544 nunc
3093 5489 3309 5560 glossas
3363 5489 3698 5561 marginales
3731 5483 3788 5537 in

523 5590 728 5636 textum
766 5580 1052 5650 recipiunt.
1104 5577 1212 5633 lIoc
1260 5593 1386 5632 vero
1437 5589 1486 5633 et
1528 5579 1581 5632 in
1645 5576 1824 5631 Leone
1873 5575 2244 5631 Grammatico
2274 5586 2324 5630 et
2361 5577 2630 5639 tiedreno,
2665 5573 2883 5643 Georgii
2919 5576 3353 5646 descriptoribus
3386 5582 3467 5635 vel
3504 5577 3781 5643 epitoma-

520 5671 731 5725 toribus
780 5681 833 5725 et
881 5669 1050 5724 Coisl.
1089 5667 1192 5721 505
1224 5665 1424 5721 factum
1459 5665 1657 5734 saepius
1686 5664 2050 5726 inveniemus,
2095 5664 2308 5719 collatis
2336 5680 2423 5718 ex.
2458 5679 2540 5733 gr.
2580 5678 2667 5731 pp.
2708 5662 2834 5729 itii,
2867 5664 2990 5731 598,
3025 5666 3129 5720 -199
3158 5668 3412 5725 editionis
3447 5673 3670 5722 nostrae.

598 5779 860 5836 Codicum
892 5789 1070 5834 autem
1099 5776 1552 5830 Coislinianarum
1584 5773 1688 5829 510
1726 5783 1779 5829 et
1807 5773 1914 5828 505
1949 5772 2209 5830 lectiones

2152 5789 2209 5830 es
2245 5775 2407 5829 write
2444 5773 2507 5826 ad
2548 5787 2722 5827 annos
2759 5771 2999 5829 815869¹
3037 5787 3252 5846 notatae,
3293 5780 3511 5835 illorum
3548 5772 3642 5844 qui
3690 5771 3791 5823 L05
