  <div class='ocr_page' id='page_1' title='image "/cluster/home/n/w/nwhite01/storage/ocr_20150623/110/coo.31924054870146/014.png"; bbox 0 0 2084 3220; ppageno 0'>
   <div class='ocr_carea' id='block_1_1' title="bbox 205 180 1851 227">
    <p class='ocr_par' dir='ltr' id='par_1_1' title="bbox 205 180 1851 227">
     <span class='ocr_line' id='line_1_1' title="bbox 205 180 1851 227; baseline -0.01 0"><span class='ocrx_word' id='word_1_1' title='bbox 205 192 240 227; x_wconf 71' lang='grc'>13</span> <span class='ocrx_word' id='word_1_2' title='bbox 891 185 1182 219; x_wconf 80' lang='lat' dir='ltr'><strong>PROLEGOMENA.</strong></span> <span class='ocrx_word' id='word_1_3' title='bbox 1821 180 1851 211; x_wconf 19' lang='lat' dir='ltr'><strong>lii</strong></span> 
     </span>
    </p>
   </div>
   <div class='ocr_carea' id='block_1_2' title="bbox 207 240 1851 285">
    <p class='ocr_par' dir='ltr' id='par_1_2' title="bbox 207 240 1851 285">
     <span class='ocr_line' id='line_1_2' title="bbox 207 240 1851 285; baseline -0.007 -5"><span class='ocrx_word' id='word_1_4' title='bbox 207 249 323 280; x_wconf 74' lang='lat' dir='ltr'><strong>codices</strong></span> <span class='ocrx_word' id='word_1_5' title='bbox 338 249 548 285; x_wconf 72' lang='lat' dir='ltr'><strong>descripserunt</strong></span> <span class='ocrx_word' id='word_1_6' title='bbox 562 247 710 276; x_wconf 69' lang='lat' dir='ltr'><strong>rxornaudi</strong></span> <span class='ocrx_word' id='word_1_7' title='bbox 732 247 861 278; x_wconf 72' lang='lat' dir='ltr'><strong>studium,</strong></span> <span class='ocrx_word' id='word_1_8' title='bbox 880 254 934 274; x_wconf 91' lang='lat' dir='ltr'><strong>non</strong></span> <span class='ocrx_word' id='word_1_9' title='bbox 952 253 1016 274; x_wconf 89' lang='lat' dir='ltr'><strong>vero</strong></span> <span class='ocrx_word' id='word_1_10' title='bbox 1033 245 1117 272; x_wconf 87' lang='lat' dir='ltr'><strong>alium</strong></span> <span class='ocrx_word' id='word_1_11' title='bbox 1131 243 1372 279; x_wconf 78' lang='lat' dir='ltr'><strong>chronographum</strong></span> <span class='ocrx_word' id='word_1_12' title='bbox 1389 249 1471 277; x_wconf 86' lang='lat' dir='ltr'><strong>quam</strong></span> <span class='ocrx_word' id='word_1_13' title='bbox 1484 241 1530 277; x_wconf 87' lang='lat' dir='ltr'><strong>qui</strong></span> <span class='ocrx_word' id='word_1_14' title='bbox 1545 241 1652 269; x_wconf 75' lang='lat' dir='ltr'><strong>caeteris</strong></span> <span class='ocrx_word' id='word_1_15' title='bbox 1668 241 1694 268; x_wconf 92' lang='lat' dir='ltr'><strong>in</strong></span> <span class='ocrx_word' id='word_1_16' title='bbox 1711 240 1851 268; x_wconf 76' lang='lat' dir='ltr'><strong>codicibus</strong></span> 
     </span>
    </p>
   </div>
   <div class='ocr_carea' id='block_1_3' title="bbox 211 293 517 328">
    <p class='ocr_par' dir='ltr' id='par_1_3' title="bbox 211 293 517 328">
     <span class='ocr_line' id='line_1_3' title="bbox 211 293 517 328; baseline -0.01 -5"><span class='ocrx_word' id='word_1_17' title='bbox 211 293 368 327; x_wconf 70' lang='lat' dir='ltr'><strong>invenitur,</strong></span> <span class='ocrx_word' id='word_1_18' title='bbox 386 298 517 328; x_wconf 80' lang='lat' dir='ltr'><strong>arguunt.</strong></span> 
     </span>
    </p>
   </div>
   <div class='ocr_carea' id='block_1_4' title="bbox 251 331 1852 373">
    <p class='ocr_par' dir='ltr' id='par_1_4' title="bbox 251 331 1852 373">
     <span class='ocr_line' id='line_1_4' title="bbox 251 331 1852 373; baseline -0.006 -7"><span class='ocrx_word' id='word_1_19' title='bbox 251 338 330 373; x_wconf 82' lang='lat' dir='ltr'><strong>Quod</strong></span> <span class='ocrx_word' id='word_1_20' title='bbox 344 337 369 365; x_wconf 88' lang='lat' dir='ltr'><strong>si</strong></span> <span class='ocrx_word' id='word_1_21' title='bbox 385 338 416 364; x_wconf 81' lang='lat' dir='ltr'><strong>in</strong></span> <span class='ocrx_word' id='word_1_22' title='bbox 426 337 488 365; x_wconf 75' lang='lat' dir='ltr'><strong>uitis</strong></span> <span class='ocrx_word' id='word_1_23' title='bbox 505 337 587 365; x_wconf 79' lang='lat' dir='ltr'><strong>trium</strong></span> <span class='ocrx_word' id='word_1_24' title='bbox 598 336 748 371; x_wconf 84' lang='lat' dir='ltr'><strong>primorum</strong></span> <span class='ocrx_word' id='word_1_25' title='bbox 763 336 956 370; x_wconf 77' lang='lat' dir='ltr'><strong>imperatorum</strong></span> <span class='ocrx_word' id='word_1_26' title='bbox 971 333 1187 362; x_wconf 74' lang='lat' dir='ltr'><strong>Christianorum</strong></span> <span class='ocrx_word' id='word_1_27' title='bbox 1206 331 1370 360; x_wconf 87' lang='lat' dir='ltr'><strong>enarrandis</strong></span> <span class='ocrx_word' id='word_1_28' title='bbox 1389 332 1523 367; x_wconf 78' lang='lat' dir='ltr'><strong>majorem</strong></span> <span class='ocrx_word' id='word_1_29' title='bbox 1541 331 1568 358; x_wconf 92' lang='lat' dir='ltr'><strong>in</strong></span> <span class='ocrx_word' id='word_1_30' title='bbox 1587 331 1699 359; x_wconf 91' lang='lat' dir='ltr'><strong>modum</strong></span> <span class='ocrx_word' id='word_1_31' title='bbox 1718 338 1803 365; x_wconf 90' lang='lat' dir='ltr'><strong>quam</strong></span> <span class='ocrx_word' id='word_1_32' title='bbox 1824 331 1852 358; x_wconf 90' lang='lat' dir='ltr'><strong>in</strong></span> 
     </span>
    </p>
   </div>
   <div class='ocr_carea' id='block_1_5' title="bbox 214 374 1854 417">
    <p class='ocr_par' dir='ltr' id='par_1_5' title="bbox 214 374 1854 417">
     <span class='ocr_line' id='line_1_5' title="bbox 214 374 1854 417; baseline -0.006 -6"><span class='ocrx_word' id='word_1_33' title='bbox 214 382 323 411; x_wconf 61' lang='lat' dir='ltr'><strong>ceteris</strong></span> <span class='ocrx_word' id='word_1_34' title='bbox 335 381 496 417; x_wconf 83' lang='lat' dir='ltr'><strong>discrepant</strong></span> <span class='ocrx_word' id='word_1_35' title='bbox 512 381 585 408; x_wconf 89' lang='lat' dir='ltr'><strong>inter</strong></span> <span class='ocrx_word' id='word_1_36' title='bbox 599 387 629 408; x_wconf 89' lang='lat' dir='ltr'><strong>se</strong></span> <span class='ocrx_word' id='word_1_37' title='bbox 649 380 761 408; x_wconf 79' lang='lat' dir='ltr'><strong>codices</strong></span> <span class='ocrx_word' id='word_1_38' title='bbox 782 378 967 414; x_wconf 80' lang='lat' dir='ltr'><strong>Mosquensis,</strong></span> <span class='ocrx_word' id='word_1_39' title='bbox 982 378 1211 406; x_wconf 88' lang='lat' dir='ltr'><strong>Vindobonenscs</strong></span> <span class='ocrx_word' id='word_1_40' title='bbox 1226 377 1291 409; x_wconf 85' lang='lat' dir='ltr'><strong>duo,</strong></span> <span class='ocrx_word' id='word_1_41' title='bbox 1310 376 1483 404; x_wconf 79' lang='lat' dir='ltr'><strong>Monacensis</strong></span> <span class='ocrx_word' id='word_1_42' title='bbox 1501 379 1617 410; x_wconf 86' lang='lat' dir='ltr'><strong>uterque</strong></span> <span class='ocrx_word' id='word_1_43' title='bbox 1631 380 1658 403; x_wconf 90' lang='lat' dir='ltr'><strong>et</strong></span> <span class='ocrx_word' id='word_1_44' title='bbox 1674 374 1854 405; x_wconf 87' lang='lat' dir='ltr'><strong>Venetianns,</strong></span> 
     </span>
    </p>
   </div>
   <div class='ocr_carea' id='block_1_6' title="bbox 216 420 1853 462">
    <p class='ocr_par' dir='ltr' id='par_1_6' title="bbox 216 420 1853 462">
     <span class='ocr_line' id='line_1_6' title="bbox 216 420 1853 462; baseline -0.006 -7"><span class='ocrx_word' id='word_1_45' title='bbox 216 435 305 462; x_wconf 84' lang='lat' dir='ltr'><strong>neque</strong></span> <span class='ocrx_word' id='word_1_46' title='bbox 316 426 346 454; x_wconf 92' lang='lat' dir='ltr'><strong>id</strong></span> <span class='ocrx_word' id='word_1_47' title='bbox 360 426 447 454; x_wconf 90' lang='lat' dir='ltr'><strong>alium</strong></span> <span class='ocrx_word' id='word_1_48' title='bbox 463 425 626 461; x_wconf 73' lang='lat' dir='ltr'><strong>scriptorem</strong></span> <span class='ocrx_word' id='word_1_49' title='bbox 641 424 729 452; x_wconf 82' lang='lat' dir='ltr'><strong>fuisse</strong></span> <span class='ocrx_word' id='word_1_50' title='bbox 743 424 927 455; x_wconf 76' lang='lat' dir='ltr'><strong>demonstrat,</strong></span> <span class='ocrx_word' id='word_1_51' title='bbox 951 422 999 450; x_wconf 89' lang='lat' dir='ltr'><strong>sed</strong></span> <span class='ocrx_word' id='word_1_52' title='bbox 1017 424 1110 458; x_wconf 86' lang='lat' dir='ltr'><strong>potius</strong></span> <span class='ocrx_word' id='word_1_53' title='bbox 1126 423 1246 450; x_wconf 72' lang='lat' dir='ltr'><strong>eumdem</strong></span> <span class='ocrx_word' id='word_1_54' title='bbox 1265 422 1334 454; x_wconf 82' lang='lat' dir='ltr'><strong>haec,</strong></span> <span class='ocrx_word' id='word_1_55' title='bbox 1351 429 1412 456; x_wconf 80' lang='lat' dir='ltr'><strong>quae</strong></span> <span class='ocrx_word' id='word_1_56' title='bbox 1426 421 1451 449; x_wconf 85' lang='lat' dir='ltr'><strong>ei</strong></span> <span class='ocrx_word' id='word_1_57' title='bbox 1469 420 1582 448; x_wconf 73' lang='lat' dir='ltr'><strong>maximi</strong></span> <span class='ocrx_word' id='word_1_58' title='bbox 1608 420 1739 447; x_wconf 86' lang='lat' dir='ltr'><strong>momenti</strong></span> <span class='ocrx_word' id='word_1_59' title='bbox 1762 426 1853 451; x_wconf 81' lang='lat' dir='ltr'><strong>eram,</strong></span> 
     </span>
    </p>
   </div>
   <div class='ocr_carea' id='block_1_7' title="bbox 217 462 1003 504">
    <p class='ocr_par' dir='ltr' id='par_1_7' title="bbox 217 462 1003 504">
     <span class='ocr_line' id='line_1_7' title="bbox 217 462 1003 504; baseline -0.005 -6"><span class='ocrx_word' id='word_1_60' title='bbox 217 462 383 498; x_wconf 63' lang='lat' dir='ltr'><strong>Christiana</strong></span> <span class='ocrx_word' id='word_1_61' title='bbox 398 469 502 504; x_wconf 64' lang='lat' dir='ltr'><strong>politiae</strong></span> <span class='ocrx_word' id='word_1_62' title='bbox 518 469 596 496; x_wconf 88' lang='lat' dir='ltr'><strong>initia</strong></span> <span class='ocrx_word' id='word_1_63' title='bbox 613 468 700 503; x_wconf 75' lang='lat'><strong>(2,25)</strong></span> <span class='ocrx_word' id='word_1_64' title='bbox 718 468 815 502; x_wconf 68' lang='lat' dir='ltr'><strong>turpius</strong></span> <span class='ocrx_word' id='word_1_65' title='bbox 833 472 1003 494; x_wconf 81' lang='lat' dir='ltr'><strong>retractasse.</strong></span> 
     </span>
    </p>
   </div>
   <div class='ocr_carea' id='block_1_8' title="bbox 256 510 1536 548">
    <p class='ocr_par' dir='ltr' id='par_1_8' title="bbox 256 510 1536 548">
     <span class='ocr_line' id='line_1_8' title="bbox 256 510 1536 548; baseline -0.004 -7"><span class='ocrx_word' id='word_1_66' title='bbox 256 513 427 542; x_wconf 79' lang='lat' dir='ltr'><strong>Venetianus</strong></span> <span class='ocrx_word' id='word_1_67' title='bbox 439 513 561 548; x_wconf 85' lang='lat' dir='ltr'><strong>denique</strong></span> <span class='ocrx_word' id='word_1_68' title='bbox 577 516 662 539; x_wconf 87' lang='lat' dir='ltr'><strong>totam</strong></span> <span class='ocrx_word' id='word_1_69' title='bbox 679 511 760 546; x_wconf 89' lang='lat' dir='ltr'><strong>primi</strong></span> <span class='ocrx_word' id='word_1_70' title='bbox 778 515 804 538; x_wconf 92' lang='lat' dir='ltr'><strong>et</strong></span> <span class='ocrx_word' id='word_1_71' title='bbox 819 511 936 538; x_wconf 85' lang='lat' dir='ltr'><strong>secundi</strong></span> <span class='ocrx_word' id='word_1_72' title='bbox 952 510 1014 537; x_wconf 93' lang='lat' dir='ltr'><strong>libri</strong></span> <span class='ocrx_word' id='word_1_73' title='bbox 1031 510 1174 537; x_wconf 87' lang='lat' dir='ltr'><strong>materiam</strong></span> <span class='ocrx_word' id='word_1_74' title='bbox 1193 510 1300 545; x_wconf 81' lang='lat' dir='ltr'><strong>paginis</strong></span> <span class='ocrx_word' id='word_1_75' title='bbox 1318 516 1364 536; x_wconf 83' lang='lat' dir='ltr'><strong>sex</strong></span> <span class='ocrx_word' id='word_1_76' title='bbox 1381 510 1536 536; x_wconf 81' lang='lat' dir='ltr'><strong>coarctaoit.</strong></span> 
     </span>
    </p>
   </div>
   <div class='ocr_carea' id='block_1_9' title="bbox 256 553 1855 591">
    <p class='ocr_par' dir='ltr' id='par_1_9' title="bbox 256 553 1855 591">
     <span class='ocr_line' id='line_1_9' title="bbox 256 553 1855 591; baseline -0.004 -6"><span class='ocrx_word' id='word_1_77' title='bbox 256 556 425 585; x_wconf 64' lang='lat' dir='ltr'><strong>Caterorum</strong></span> <span class='ocrx_word' id='word_1_78' title='bbox 443 562 580 591; x_wconf 84' lang='lat' dir='ltr'><strong>quotquot</strong></span> <span class='ocrx_word' id='word_1_79' title='bbox 595 556 655 583; x_wconf 91' lang='lat' dir='ltr'><strong>loca</strong></span> <span class='ocrx_word' id='word_1_80' title='bbox 672 555 810 589; x_wconf 82' lang='lat' dir='ltr'><strong>exscripta</strong></span> <span class='ocrx_word' id='word_1_81' title='bbox 833 554 935 582; x_wconf 88' lang='lat' dir='ltr'><strong>habere</strong></span> <span class='ocrx_word' id='word_1_82' title='bbox 953 555 1094 589; x_wconf 84' lang='lat' dir='ltr'><strong>potuimus</strong></span> <span class='ocrx_word' id='word_1_83' title='bbox 1116 554 1242 582; x_wconf 84' lang='lat' dir='ltr'><strong>codicum</strong></span> <span class='ocrx_word' id='word_1_84' title='bbox 1260 553 1342 580; x_wconf 85' lang='lat' dir='ltr'><strong>lectio</strong></span> <span class='ocrx_word' id='word_1_85' title='bbox 1361 561 1422 580; x_wconf 92' lang='lat' dir='ltr'><strong>cum</strong></span> <span class='ocrx_word' id='word_1_86' title='bbox 1444 553 1601 588; x_wconf 84' lang='lat' dir='ltr'><strong>Mosquensi</strong></span> <span class='ocrx_word' id='word_1_87' title='bbox 1621 553 1690 580; x_wconf 86' lang='lat' dir='ltr'><strong>adeo</strong></span> <span class='ocrx_word' id='word_1_88' title='bbox 1708 554 1855 583; x_wconf 84' lang='lat' dir='ltr'><strong>consentit.</strong></span> 
     </span>
    </p>
   </div>
   <div class='ocr_carea' id='block_1_10' title="bbox 220 596 1858 637">
    <p class='ocr_par' dir='ltr' id='par_1_10' title="bbox 220 596 1858 637">
     <span class='ocr_line' id='line_1_10' title="bbox 220 596 1858 637; baseline -0.004 -9"><span class='ocrx_word' id='word_1_89' title='bbox 220 606 252 630; x_wconf 87' lang='lat' dir='ltr'><strong>nt</strong></span> <span class='ocrx_word' id='word_1_90' title='bbox 267 601 394 637; x_wconf 76' lang='lat' dir='ltr'><strong>quamvis</strong></span> <span class='ocrx_word' id='word_1_91' title='bbox 410 601 528 628; x_wconf 78' lang='lat' dir='ltr'><strong>diversis</strong></span> <span class='ocrx_word' id='word_1_92' title='bbox 544 600 718 628; x_wconf 83' lang='lat' dir='ltr'><strong>ascrtbantur</strong></span> <span class='ocrx_word' id='word_1_93' title='bbox 734 599 904 631; x_wconf 74' lang='lat' dir='ltr'><strong>auctoribus,</strong></span> <span class='ocrx_word' id='word_1_94' title='bbox 923 598 1042 633; x_wconf 78' lang='lat' dir='ltr'><strong>ejusdem</strong></span> <span class='ocrx_word' id='word_1_95' title='bbox 1063 604 1153 625; x_wconf 90' lang='lat' dir='ltr'><strong>tamen</strong></span> <span class='ocrx_word' id='word_1_96' title='bbox 1170 598 1279 633; x_wconf 79' lang='lat' dir='ltr'><strong>Georgii</strong></span> <span class='ocrx_word' id='word_1_97' title='bbox 1301 597 1385 632; x_wconf 76' lang='lat' dir='ltr'><strong>fuisse</strong></span> <span class='ocrx_word' id='word_1_98' title='bbox 1401 597 1582 632; x_wconf 76' lang='lat' dir='ltr'><strong>colligendum</strong></span> <span class='ocrx_word' id='word_1_99' title='bbox 1598 597 1644 624; x_wconf 89' lang='lat' dir='ltr'><strong>sit.</strong></span> <span class='ocrx_word' id='word_1_100' title='bbox 1660 596 1739 629; x_wconf 81' lang='lat' dir='ltr'><strong>Quod</strong></span> <span class='ocrx_word' id='word_1_101' title='bbox 1754 604 1787 623; x_wconf 66' lang='lat' dir='ltr'><strong>ex</strong></span> <span class='ocrx_word' id='word_1_102' title='bbox 1797 597 1858 632; x_wconf 81' lang='lat' dir='ltr'><strong>ipsa</strong></span> 
     </span>
    </p>
   </div>
   <div class='ocr_carea' id='block_1_11' title="bbox 217 640 1858 678">
    <p class='ocr_par' dir='ltr' id='par_1_11' title="bbox 217 640 1858 678">
     <span class='ocr_line' id='line_1_11' title="bbox 217 640 1858 678; baseline -0.002 -7"><span class='ocrx_word' id='word_1_103' title='bbox 217 645 342 672; x_wconf 71' lang='lat' dir='ltr'><strong>lectionis</strong></span> <span class='ocrx_word' id='word_1_104' title='bbox 370 644 499 671; x_wconf 77' lang='lat' dir='ltr'><strong>uarietate</strong></span> <span class='ocrx_word' id='word_1_105' title='bbox 528 644 684 678; x_wconf 81' lang='lat' dir='ltr'><strong>apparebit,</strong></span> <span class='ocrx_word' id='word_1_106' title='bbox 700 643 806 670; x_wconf 82' lang='lat' dir='ltr'><strong>scilicet</strong></span> <span class='ocrx_word' id='word_1_107' title='bbox 823 643 848 669; x_wconf 80' lang='lat' dir='ltr'><strong>l°</strong></span> <span class='ocrx_word' id='word_1_108' title='bbox 866 643 1052 677; x_wconf 85' lang='lat' dir='ltr'><strong>antiquissimi</strong></span> <span class='ocrx_word' id='word_1_109' title='bbox 1077 642 1180 670; x_wconf 83' lang='lat' dir='ltr'><strong>codicis</strong></span> <span class='ocrx_word' id='word_1_110' title='bbox 1203 642 1366 669; x_wconf 86' lang='lat' dir='ltr'><strong>Coisliniani</strong></span> <span class='ocrx_word' id='word_1_111' title='bbox 1384 642 1437 668; x_wconf 73' lang='grc'><strong>510</strong></span> <span class='ocrx_word' id='word_1_112' title='bbox 1458 642 1484 668; x_wconf 94' lang='lat' dir='ltr'><strong>in</strong></span> <span class='ocrx_word' id='word_1_113' title='bbox 1504 640 1572 668; x_wconf 74' lang='lat' dir='ltr'><strong>Vitis</strong></span> <span class='ocrx_word' id='word_1_114' title='bbox 1587 640 1752 675; x_wconf 83' lang='lat' dir='ltr'><strong>Copronymi</strong></span> <span class='ocrx_word' id='word_1_115' title='bbox 1770 646 1797 668; x_wconf 91' lang='lat' dir='ltr'><strong>et</strong></span> <span class='ocrx_word' id='word_1_116' title='bbox 1814 648 1858 668; x_wconf 88' lang='lat' dir='ltr'><strong>sc-</strong></span> 
     </span>
    </p>
   </div>
   <div class='ocr_carea' id='block_1_12' title="bbox 216 684 1859 724">
    <p class='ocr_par' dir='ltr' id='par_1_12' title="bbox 216 684 1859 724">
     <span class='ocr_line' id='line_1_12' title="bbox 216 684 1859 724; baseline -0.002 -8"><span class='ocrx_word' id='word_1_117' title='bbox 216 689 365 724; x_wconf 83' lang='lat' dir='ltr'><strong>queutiutn</strong></span> <span class='ocrx_word' id='word_1_118' title='bbox 383 689 584 722; x_wconf 83' lang='lat' dir='ltr'><strong>imperatorum</strong></span> <span class='ocrx_word' id='word_1_119' title='bbox 599 695 688 722; x_wconf 88' lang='lat' dir='ltr'><strong>usque</strong></span> <span class='ocrx_word' id='word_1_120' title='bbox 704 687 737 714; x_wconf 84' lang='lat' dir='ltr'><strong>ad</strong></span> <span class='ocrx_word' id='word_1_121' title='bbox 753 687 830 714; x_wconf 88' lang='lat' dir='ltr'><strong>initia</strong></span> <span class='ocrx_word' id='word_1_122' title='bbox 849 686 990 714; x_wconf 80' lang='lat' dir='ltr'><strong>Michaelis</strong></span> <span class='ocrx_word' id='word_1_123' title='bbox 1010 686 1062 719; x_wconf 88' lang='lat' dir='ltr'><strong>lll;</strong></span> <span class='ocrx_word' id='word_1_124' title='bbox 1084 686 1113 713; x_wconf 68' lang='lat'><strong>‘2&quot;</strong></span> <span class='ocrx_word' id='word_1_125' title='bbox 1129 685 1290 713; x_wconf 90' lang='lat' dir='ltr'><strong>Coisliniani</strong></span> <span class='ocrx_word' id='word_1_126' title='bbox 1307 685 1360 712; x_wconf 82' lang='grc'><strong>505</strong></span> <span class='ocrx_word' id='word_1_127' title='bbox 1377 686 1403 712; x_wconf 92' lang='lat' dir='ltr'><strong>in</strong></span> <span class='ocrx_word' id='word_1_128' title='bbox 1422 684 1489 712; x_wconf 84' lang='lat' dir='ltr'><strong>Vitis</strong></span> <span class='ocrx_word' id='word_1_129' title='bbox 1507 684 1622 717; x_wconf 75' lang='lat' dir='ltr'><strong>Tiberii,</strong></span> <span class='ocrx_word' id='word_1_130' title='bbox 1648 684 1788 719; x_wconf 70' lang='lat' dir='ltr'><strong>Caligulae,</strong></span> <span class='ocrx_word' id='word_1_131' title='bbox 1805 684 1859 712; x_wconf 78' lang='lat' dir='ltr'><strong>Nc-</strong></span> 
     </span>
    </p>
   </div>
   <div class='ocr_carea' id='block_1_13' title="bbox 220 729 1859 767">
    <p class='ocr_par' dir='ltr' id='par_1_13' title="bbox 220 729 1859 767">
     <span class='ocr_line' id='line_1_13' title="bbox 220 729 1859 767; baseline -0.004 -6"><span class='ocrx_word' id='word_1_132' title='bbox 220 733 300 761; x_wconf 83' lang='lat' dir='ltr'><strong>ronis</strong></span> <span class='ocrx_word' id='word_1_133' title='bbox 315 736 344 760; x_wconf 88' lang='lat' dir='ltr'><strong>et</strong></span> <span class='ocrx_word' id='word_1_134' title='bbox 359 731 536 760; x_wconf 80' lang='lat' dir='ltr'><strong>Constantini</strong></span> <span class='ocrx_word' id='word_1_135' title='bbox 553 732 642 767; x_wconf 67' lang='lat' dir='ltr'><strong>Magni</strong></span> <span class='ocrx_word' id='word_1_136' title='bbox 658 736 741 766; x_wconf 89' lang='lat' dir='ltr'><strong>atque</strong></span> <span class='ocrx_word' id='word_1_137' title='bbox 759 732 785 758; x_wconf 92' lang='lat' dir='ltr'><strong>in</strong></span> <span class='ocrx_word' id='word_1_138' title='bbox 801 731 869 759; x_wconf 91' lang='lat' dir='ltr'><strong>locis</strong></span> <span class='ocrx_word' id='word_1_139' title='bbox 884 739 918 758; x_wconf 64' lang='lat' dir='ltr'><strong>ex</strong></span> <span class='ocrx_word' id='word_1_140' title='bbox 935 731 1065 758; x_wconf 88' lang='lat' dir='ltr'><strong>omnibus</strong></span> <span class='ocrx_word' id='word_1_141' title='bbox 1078 735 1196 765; x_wconf 83' lang='lat' dir='ltr'><strong>quatuor</strong></span> <span class='ocrx_word' id='word_1_142' title='bbox 1212 730 1290 757; x_wconf 91' lang='lat' dir='ltr'><strong>libris</strong></span> <span class='ocrx_word' id='word_1_143' title='bbox 1313 737 1328 756; x_wconf 90' lang='lat' dir='ltr'><strong>a</strong></span> <span class='ocrx_word' id='word_1_144' title='bbox 1352 729 1557 756; x_wconf 82' lang='lat' dir='ltr'><strong>Monttauconio</strong></span> <span class='ocrx_word' id='word_1_145' title='bbox 1573 729 1702 762; x_wconf 86' lang='lat' dir='ltr'><strong>laudatis,</strong></span> <span class='ocrx_word' id='word_1_146' title='bbox 1728 737 1779 757; x_wconf 90' lang='lat' dir='ltr'><strong>nec</strong></span> <span class='ocrx_word' id='word_1_147' title='bbox 1802 737 1859 756; x_wconf 88' lang='lat' dir='ltr'><strong>non</strong></span> 
     </span>
    </p>
   </div>
   <div class='ocr_carea' id='block_1_14' title="bbox 221 771 1859 812">
    <p class='ocr_par' dir='ltr' id='par_1_14' title="bbox 221 771 1859 812">
     <span class='ocr_line' id='line_1_14' title="bbox 221 771 1859 812; baseline -0.002 -9"><span class='ocrx_word' id='word_1_148' title='bbox 221 784 270 812; x_wconf 82' lang='lat' dir='ltr'><strong>pp.</strong></span> <span class='ocrx_word' id='word_1_149' title='bbox 286 775 429 808; x_wconf 60' lang='lat'><strong>421-432;</strong></span> <span class='ocrx_word' id='word_1_150' title='bbox 446 775 476 802; x_wconf 72' lang='grc' dir='ltr'><strong>ὅ·</strong></span> <span class='ocrx_word' id='word_1_151' title='bbox 492 775 657 803; x_wconf 87' lang='lat' dir='ltr'><strong>Coisliniani</strong></span> <span class='ocrx_word' id='word_1_152' title='bbox 682 775 733 802; x_wconf 71' lang='grc'>154</span> <span class='ocrx_word' id='word_1_153' title='bbox 752 780 780 802; x_wconf 90' lang='lat' dir='ltr'><strong>et</strong></span> <span class='ocrx_word' id='word_1_154' title='bbox 803 775 933 802; x_wconf 85' lang='lat' dir='ltr'><strong>editionis</strong></span> <span class='ocrx_word' id='word_1_155' title='bbox 957 782 972 801; x_wconf 89' lang='lat' dir='ltr'><strong>a</strong></span> <span class='ocrx_word' id='word_1_156' title='bbox 989 774 1155 802; x_wconf 82' lang='lat' dir='ltr'><strong>Conibetisio</strong></span> <span class='ocrx_word' id='word_1_157' title='bbox 1177 774 1382 802; x_wconf 87' lang='lat' dir='ltr'><strong>Parisiensibus</strong></span> <span class='ocrx_word' id='word_1_158' title='bbox 1405 781 1420 800; x_wconf 93' lang='lat' dir='ltr'><strong>e</strong></span> <span class='ocrx_word' id='word_1_159' title='bbox 1443 773 1586 800; x_wconf 84' lang='lat' dir='ltr'><strong>codicibus</strong></span> <span class='ocrx_word' id='word_1_160' title='bbox 1612 771 1686 809; x_wconf 77' lang='lat' dir='ltr'><strong>[XI]</strong></span> <span class='ocrx_word' id='word_1_161' title='bbox 1703 778 1803 807; x_wconf 65' lang='lat' dir='ltr'><strong>parata:</strong></span> <span class='ocrx_word' id='word_1_162' title='bbox 1831 773 1859 800; x_wconf 91' lang='lat' dir='ltr'><strong>in</strong></span> 
     </span>
    </p>
   </div>
   <div class='ocr_carea' id='block_1_15' title="bbox 223 817 1861 855">
    <p class='ocr_par' dir='ltr' id='par_1_15' title="bbox 223 817 1861 855">
     <span class='ocr_line' id='line_1_15' title="bbox 223 817 1861 855; baseline -0.003 -7"><span class='ocrx_word' id='word_1_163' title='bbox 223 820 318 848; x_wconf 83' lang='lat' dir='ltr'><strong>Leone</strong></span> <span class='ocrx_word' id='word_1_164' title='bbox 332 819 366 846; x_wconf 93' lang='lat' dir='ltr'><strong>Ill</strong></span> <span class='ocrx_word' id='word_1_165' title='bbox 382 824 410 848; x_wconf 90' lang='lat' dir='ltr'><strong>et</strong></span> <span class='ocrx_word' id='word_1_166' title='bbox 423 827 503 855; x_wconf 81' lang='lat' dir='ltr'><strong>seqq.</strong></span> <span class='ocrx_word' id='word_1_167' title='bbox 520 819 553 846; x_wconf 89' lang='lat' dir='ltr'><strong>ad</strong></span> <span class='ocrx_word' id='word_1_168' title='bbox 573 827 656 854; x_wconf 90' lang='lat' dir='ltr'><strong>quatn</strong></span> <span class='ocrx_word' id='word_1_169' title='bbox 671 818 771 847; x_wconf 86' lang='lat' dir='ltr'><strong>Hasius</strong></span> <span class='ocrx_word' id='word_1_170' title='bbox 788 820 922 847; x_wconf 88' lang='lat' dir='ltr'><strong>lectiones</strong></span> <span class='ocrx_word' id='word_1_171' title='bbox 938 819 1021 852; x_wconf 83' lang='lat' dir='ltr'><strong>hujus</strong></span> <span class='ocrx_word' id='word_1_172' title='bbox 1036 819 1140 846; x_wconf 87' lang='lat' dir='ltr'><strong>codicis</strong></span> <span class='ocrx_word' id='word_1_173' title='bbox 1155 818 1317 846; x_wconf 79' lang='lat' dir='ltr'><strong>Coisliniani</strong></span> <span class='ocrx_word' id='word_1_174' title='bbox 1335 825 1422 852; x_wconf 86' lang='lat' dir='ltr'><strong>usque</strong></span> <span class='ocrx_word' id='word_1_175' title='bbox 1437 817 1470 844; x_wconf 89' lang='lat' dir='ltr'><strong>ad</strong></span> <span class='ocrx_word' id='word_1_176' title='bbox 1489 825 1516 852; x_wconf 93' lang='lat' dir='ltr'><strong>p.</strong></span> <span class='ocrx_word' id='word_1_177' title='bbox 1534 817 1587 844; x_wconf 80' lang='lat'><strong>720</strong></span> <span class='ocrx_word' id='word_1_178' title='bbox 1612 818 1741 844; x_wconf 85' lang='lat' dir='ltr'><strong>editionis</strong></span> <span class='ocrx_word' id='word_1_179' title='bbox 1758 823 1861 844; x_wconf 68' lang='lat' dir='ltr'><strong>nostra</strong></span> 
     </span>
    </p>
   </div>
   <div class='ocr_carea' id='block_1_16' title="bbox 219 861 1042 898">
    <p class='ocr_par' dir='ltr' id='par_1_16' title="bbox 219 863 1042 898">
     <span class='ocr_line' id='line_1_16' title="bbox 219 863 1042 898; baseline -0.004 -6"><span class='ocrx_word' id='word_1_180' title='bbox 219 863 396 892; x_wconf 75' lang='lat' dir='ltr'><strong>cscurrcntis</strong></span> <span class='ocrx_word' id='word_1_181' title='bbox 430 863 588 896; x_wconf 81' lang='lat' dir='ltr'><strong>adnotavit;</strong></span> <span class='ocrx_word' id='word_1_182' title='bbox 616 863 644 890; x_wconf 73' lang='grc'>1⁸</span> <span class='ocrx_word' id='word_1_183' title='bbox 671 863 846 891; x_wconf 82' lang='lat' dir='ltr'><strong>Ambrosiani</strong></span> <span class='ocrx_word' id='word_1_184' title='bbox 871 871 897 898; x_wconf 86' lang='lat' dir='ltr'><strong>p.</strong></span> <span class='ocrx_word' id='word_1_185' title='bbox 932 863 1042 895; x_wconf 72' lang='grc'>1-4;57</span> 
     </span>
    </p>
   </div>
   <div class='ocr_carea' id='block_1_17' title="bbox 1036 861 1859 898">
    <p class='ocr_par' dir='ltr' id='par_1_17' title="bbox 1036 861 1859 896">
     <span class='ocr_line' id='line_1_17' title="bbox 1036 861 1859 896; baseline -0.001 -7"><span class='ocrx_word' id='word_1_186' title='bbox 1036 862 1076 895; x_wconf 83' lang='grc'>75,</span> <span class='ocrx_word' id='word_1_187' title='bbox 1106 862 1177 894; x_wconf 85' lang='grc'>599;</span> <span class='ocrx_word' id='word_1_188' title='bbox 1213 862 1346 889; x_wconf 64' lang='lat'><strong>476-406.</strong></span> <span class='ocrx_word' id='word_1_189' title='bbox 1369 862 1396 888; x_wconf 87' lang='lat'><strong>5°</strong></span> <span class='ocrx_word' id='word_1_190' title='bbox 1426 861 1546 888; x_wconf 70' lang='lat' dir='ltr'><strong>Vaticani</strong></span> <span class='ocrx_word' id='word_1_191' title='bbox 1588 861 1638 888; x_wconf 72' lang='lat' dir='ltr'><strong>l5-i</strong></span> <span class='ocrx_word' id='word_1_192' title='bbox 1675 870 1702 896; x_wconf 91' lang='lat' dir='ltr'><strong>p.</strong></span> <span class='ocrx_word' id='word_1_193' title='bbox 1720 861 1859 893; x_wconf 72' lang='grc'>4,19-27,</span> 
     </span>
    </p>
   </div>
   <div class='ocr_carea' id='block_1_18' title="bbox 221 905 1860 943">
    <p class='ocr_par' dir='ltr' id='par_1_18' title="bbox 221 905 1860 943">
     <span class='ocr_line' id='line_1_18' title="bbox 221 905 1860 943; baseline -0.002 -7"><span class='ocrx_word' id='word_1_194' title='bbox 221 909 257 943; x_wconf 73' lang='lat'><strong>6;</strong></span> <span class='ocrx_word' id='word_1_195' title='bbox 274 909 303 937; x_wconf 80' lang='lat'><strong>6°</strong></span> <span class='ocrx_word' id='word_1_196' title='bbox 318 907 380 936; x_wconf 79' lang='lat' dir='ltr'><strong>Vat.</strong></span> <span class='ocrx_word' id='word_1_197' title='bbox 394 907 445 936; x_wconf 80' lang='lat' dir='ltr'><strong>l53</strong></span> <span class='ocrx_word' id='word_1_198' title='bbox 463 915 490 936; x_wconf 84' lang='lat' dir='ltr'><strong>a.</strong></span> <span class='ocrx_word' id='word_1_199' title='bbox 506 907 640 941; x_wconf 60' lang='lat'><strong>842-948;</strong></span> <span class='ocrx_word' id='word_1_200' title='bbox 656 908 683 934; x_wconf 83' lang='lat'><strong>7°</strong></span> <span class='ocrx_word' id='word_1_201' title='bbox 698 913 726 935; x_wconf 87' lang='lat' dir='ltr'><strong>et</strong></span> <span class='ocrx_word' id='word_1_202' title='bbox 740 908 768 935; x_wconf 91' lang='lat'><strong>8°</strong></span> <span class='ocrx_word' id='word_1_203' title='bbox 784 907 980 935; x_wconf 76' lang='lat' dir='ltr'><strong>Pnrisiensium</strong></span> <span class='ocrx_word' id='word_1_204' title='bbox 997 906 1067 934; x_wconf 85' lang='grc'>1705</span> <span class='ocrx_word' id='word_1_205' title='bbox 1082 911 1109 933; x_wconf 91' lang='lat' dir='ltr'><strong>et</strong></span> <span class='ocrx_word' id='word_1_206' title='bbox 1124 905 1210 939; x_wconf 77' lang='lat' dir='ltr'><strong>HOG;</strong></span> <span class='ocrx_word' id='word_1_207' title='bbox 1225 907 1253 933; x_wconf 86' lang='lat'><strong><em>9°</em></strong></span> <span class='ocrx_word' id='word_1_208' title='bbox 1268 910 1295 933; x_wconf 86' lang='lat' dir='ltr'><strong>et</strong></span> <span class='ocrx_word' id='word_1_209' title='bbox 1309 905 1353 932; x_wconf 86' lang='lat' dir='ltr'><strong>l0°</strong></span> <span class='ocrx_word' id='word_1_210' title='bbox 1371 905 1529 932; x_wconf 78' lang='lat' dir='ltr'><strong>Barocciani</strong></span> <span class='ocrx_word' id='word_1_211' title='bbox 1547 907 1710 940; x_wconf 81' lang='lat' dir='ltr'><strong>utriusque;</strong></span> <span class='ocrx_word' id='word_1_212' title='bbox 1730 906 1774 932; x_wconf 86' lang='lat' dir='ltr'><strong>ll°</strong></span> <span class='ocrx_word' id='word_1_213' title='bbox 1785 905 1860 933; x_wconf 80' lang='lat' dir='ltr'><strong>Oxo-</strong></span> 
     </span>
    </p>
   </div>
   <div class='ocr_carea' id='block_1_19' title="bbox 224 948 1861 989">
    <p class='ocr_par' dir='ltr' id='par_1_19' title="bbox 224 948 1861 989">
     <span class='ocr_line' id='line_1_19' title="bbox 224 948 1861 989; baseline -0.002 -8"><span class='ocrx_word' id='word_1_214' title='bbox 224 953 333 983; x_wconf 77' lang='lat' dir='ltr'><strong>niensis</strong></span> <span class='ocrx_word' id='word_1_215' title='bbox 348 961 375 989; x_wconf 90' lang='lat' dir='ltr'><strong>p.</strong></span> <span class='ocrx_word' id='word_1_216' title='bbox 390 953 420 984; x_wconf 86' lang='lat' dir='ltr'><strong>&#39;l.</strong></span> <span class='ocrx_word' id='word_1_217' title='bbox 438 952 521 985; x_wconf 83' lang='lat'><strong>6-65,</strong></span> <span class='ocrx_word' id='word_1_218' title='bbox 537 952 570 986; x_wconf 86' lang='lat'><strong>2;</strong></span> <span class='ocrx_word' id='word_1_219' title='bbox 587 952 632 979; x_wconf 68' lang='lat'><strong>12°</strong></span> <span class='ocrx_word' id='word_1_220' title='bbox 646 957 674 979; x_wconf 81' lang='lat' dir='ltr'><strong>et</strong></span> <span class='ocrx_word' id='word_1_221' title='bbox 691 953 734 979; x_wconf 77' lang='grc'>15⁸</span> <span class='ocrx_word' id='word_1_222' title='bbox 752 952 925 979; x_wconf 83' lang='lat' dir='ltr'><strong>Monacensis</strong></span> <span class='ocrx_word' id='word_1_223' title='bbox 946 952 1101 985; x_wconf 86' lang='lat' dir='ltr'><strong>utriusque,</strong></span> <span class='ocrx_word' id='word_1_224' title='bbox 1117 954 1145 977; x_wconf 86' lang='lat' dir='ltr'><strong>et</strong></span> <span class='ocrx_word' id='word_1_225' title='bbox 1161 950 1205 977; x_wconf 71' lang='grc'><strong>14⁵</strong></span> <span class='ocrx_word' id='word_1_226' title='bbox 1228 954 1254 977; x_wconf 85' lang='lat' dir='ltr'><strong>et</strong></span> <span class='ocrx_word' id='word_1_227' title='bbox 1275 950 1321 977; x_wconf 69' lang='lat'><strong>15&quot;</strong></span> <span class='ocrx_word' id='word_1_228' title='bbox 1338 948 1563 976; x_wconf 88' lang='lat' dir='ltr'><strong>Vindoboncnsis</strong></span> <span class='ocrx_word' id='word_1_229' title='bbox 1585 950 1728 984; x_wconf 87' lang='lat' dir='ltr'><strong>utriusque</strong></span> <span class='ocrx_word' id='word_1_230' title='bbox 1746 950 1771 976; x_wconf 95' lang='lat' dir='ltr'><strong>in</strong></span> <span class='ocrx_word' id='word_1_231' title='bbox 1792 949 1861 977; x_wconf 83' lang='lat' dir='ltr'><strong>Vitis</strong></span> 
     </span>
    </p>
   </div>
   <div class='ocr_carea' id='block_1_20' title="bbox 222 993 1861 1029">
    <p class='ocr_par' dir='ltr' id='par_1_20' title="bbox 222 993 1861 1029">
     <span class='ocr_line' id='line_1_20' title="bbox 222 993 1861 1029; baseline -0.003 -4"><span class='ocrx_word' id='word_1_232' title='bbox 222 995 398 1025; x_wconf 76' lang='lat' dir='ltr'><strong>Constantini</strong></span> <span class='ocrx_word' id='word_1_233' title='bbox 416 995 465 1029; x_wconf 74' lang='lat' dir='ltr'><strong>IL,</strong></span> <span class='ocrx_word' id='word_1_234' title='bbox 478 996 651 1029; x_wconf 79' lang='lat' dir='ltr'><strong>Constantis,</strong></span> <span class='ocrx_word' id='word_1_235' title='bbox 666 995 782 1027; x_wconf 73' lang='lat' dir='ltr'><strong>Iuliani,</strong></span> <span class='ocrx_word' id='word_1_236' title='bbox 799 997 825 1023; x_wconf 93' lang='lat' dir='ltr'><strong>in</strong></span> <span class='ocrx_word' id='word_1_237' title='bbox 843 996 970 1023; x_wconf 86' lang='lat' dir='ltr'><strong>Heraclio</strong></span> <span class='ocrx_word' id='word_1_238' title='bbox 985 1000 1012 1023; x_wconf 91' lang='lat' dir='ltr'><strong>et</strong></span> <span class='ocrx_word' id='word_1_239' title='bbox 1026 995 1206 1026; x_wconf 81' lang='lat' dir='ltr'><strong>lleracleona,</strong></span> <span class='ocrx_word' id='word_1_240' title='bbox 1224 993 1367 1021; x_wconf 83' lang='lat' dir='ltr'><strong>Stauracio</strong></span> <span class='ocrx_word' id='word_1_241' title='bbox 1379 999 1406 1021; x_wconf 91' lang='lat' dir='ltr'><strong>et</strong></span> <span class='ocrx_word' id='word_1_242' title='bbox 1416 994 1546 1021; x_wconf 85' lang='lat' dir='ltr'><strong>Micbacle</strong></span> <span class='ocrx_word' id='word_1_243' title='bbox 1558 994 1744 1021; x_wconf 59' lang='lat' dir='ltr'><strong>lll.Pra‘terea</strong></span> <span class='ocrx_word' id='word_1_244' title='bbox 1760 994 1861 1028; x_wconf 73' lang='grc' dir='ltr'><strong>ρνιιιῙιι-</strong></span> 
     </span>
    </p>
   </div>
   <div class='ocr_carea' id='block_1_21' title="bbox 223 1038 1862 1074">
    <p class='ocr_par' dir='ltr' id='par_1_21' title="bbox 223 1038 1862 1074">
     <span class='ocr_line' id='line_1_21' title="bbox 223 1038 1862 1074; baseline -0.002 -5"><span class='ocrx_word' id='word_1_245' title='bbox 223 1041 325 1070; x_wconf 72' lang='lat' dir='ltr'><strong>tio-ant</strong></span> <span class='ocrx_word' id='word_1_246' title='bbox 351 1039 514 1068; x_wconf 81' lang='lat' dir='ltr'><strong>Vaticanam</strong></span> <span class='ocrx_word' id='word_1_247' title='bbox 529 1046 557 1069; x_wconf 88' lang='lat' dir='ltr'><strong>et</strong></span> <span class='ocrx_word' id='word_1_248' title='bbox 569 1040 766 1068; x_wconf 85' lang='lat' dir='ltr'><strong>Coislinianam</strong></span> <span class='ocrx_word' id='word_1_249' title='bbox 784 1040 837 1067; x_wconf 80' lang='grc'><strong>505</strong></span> <span class='ocrx_word' id='word_1_250' title='bbox 850 1048 910 1067; x_wconf 92' lang='lat' dir='ltr'><strong>cum</strong></span> <span class='ocrx_word' id='word_1_251' title='bbox 929 1039 1122 1071; x_wconf 78' lang='lat' dir='ltr'><strong>AmhrOsiana,</strong></span> <span class='ocrx_word' id='word_1_252' title='bbox 1138 1039 1308 1071; x_wconf 82' lang='lat' dir='ltr'><strong>Mouacensi,</strong></span> <span class='ocrx_word' id='word_1_253' title='bbox 1324 1040 1496 1074; x_wconf 80' lang='lat' dir='ltr'><strong>Augustana,</strong></span> <span class='ocrx_word' id='word_1_254' title='bbox 1516 1038 1723 1066; x_wconf 79' lang='lat' dir='ltr'><strong>Vindobonensi</strong></span> <span class='ocrx_word' id='word_1_255' title='bbox 1745 1044 1862 1073; x_wconf 84' lang='lat' dir='ltr'><strong>utraque</strong></span> 
     </span>
    </p>
   </div>
   <div class='ocr_carea' id='block_1_22' title="bbox 224 1082 1860 1121">
    <p class='ocr_par' dir='ltr' id='par_1_22' title="bbox 224 1082 1860 1121">
     <span class='ocr_line' id='line_1_22' title="bbox 224 1082 1860 1121; baseline -0.002 -7"><span class='ocrx_word' id='word_1_256' title='bbox 224 1089 256 1113; x_wconf 79' lang='lat' dir='ltr'><strong>et</strong></span> <span class='ocrx_word' id='word_1_257' title='bbox 271 1084 420 1121; x_wconf 76' lang='lat' dir='ltr'><strong>Lipaiensi,</strong></span> <span class='ocrx_word' id='word_1_258' title='bbox 436 1092 498 1120; x_wconf 72' lang='lat' dir='ltr'><strong>quae</strong></span> <span class='ocrx_word' id='word_1_259' title='bbox 511 1092 572 1111; x_wconf 83' lang='lat' dir='ltr'><strong>eam</strong></span> <span class='ocrx_word' id='word_1_260' title='bbox 590 1089 715 1112; x_wconf 78' lang='lat' dir='ltr'><strong>truncam</strong></span> <span class='ocrx_word' id='word_1_261' title='bbox 732 1085 826 1111; x_wconf 83' lang='lat' dir='ltr'><strong>eodem</strong></span> <span class='ocrx_word' id='word_1_262' title='bbox 844 1092 875 1111; x_wconf 75' lang='lat' dir='ltr'><strong>ex</strong></span> <span class='ocrx_word' id='word_1_263' title='bbox 892 1083 1042 1118; x_wconf 81' lang='lat' dir='ltr'><strong>exemplari</strong></span> <span class='ocrx_word' id='word_1_264' title='bbox 1066 1084 1245 1117; x_wconf 86' lang='lat' dir='ltr'><strong>repeticrunt,</strong></span> <span class='ocrx_word' id='word_1_265' title='bbox 1270 1091 1320 1110; x_wconf 90' lang='lat' dir='ltr'><strong>nec</strong></span> <span class='ocrx_word' id='word_1_266' title='bbox 1343 1090 1396 1109; x_wconf 84' lang='lat' dir='ltr'><strong>non</strong></span> <span class='ocrx_word' id='word_1_267' title='bbox 1422 1091 1484 1110; x_wconf 91' lang='lat' dir='ltr'><strong>cum</strong></span> <span class='ocrx_word' id='word_1_268' title='bbox 1509 1082 1645 1117; x_wconf 71' lang='lat' dir='ltr'><strong>Lipsiensi</strong></span> <span class='ocrx_word' id='word_1_269' title='bbox 1665 1083 1777 1117; x_wconf 79' lang='lat' dir='ltr'><strong>paginas</strong></span> <span class='ocrx_word' id='word_1_270' title='bbox 1793 1082 1860 1110; x_wconf 76' lang='grc'>564-</span> 
     </span>
    </p>
   </div>
   <div class='ocr_carea' id='block_1_23' title="bbox 228 1126 1864 1164">
    <p class='ocr_par' dir='ltr' id='par_1_23' title="bbox 228 1126 1864 1164">
     <span class='ocr_line' id='line_1_23' title="bbox 228 1126 1864 1164; baseline -0.002 -8"><span class='ocrx_word' id='word_1_271' title='bbox 228 1127 285 1160; x_wconf 68' lang='grc'><strong>38⁸1</strong></span> <span class='ocrx_word' id='word_1_272' title='bbox 299 1129 426 1157; x_wconf 77' lang='lat' dir='ltr'><strong>conferre</strong></span> <span class='ocrx_word' id='word_1_273' title='bbox 449 1129 602 1164; x_wconf 82' lang='lat' dir='ltr'><strong>potuimus.</strong></span> <span class='ocrx_word' id='word_1_274' title='bbox 629 1128 755 1162; x_wconf 83' lang='lat' dir='ltr'><strong>Denique</strong></span> <span class='ocrx_word' id='word_1_275' title='bbox 770 1136 801 1155; x_wconf 85' lang='lat' dir='ltr'><strong>ea</strong></span> <span class='ocrx_word' id='word_1_276' title='bbox 818 1136 879 1162; x_wconf 71' lang='lat' dir='ltr'><strong>quae</strong></span> <span class='ocrx_word' id='word_1_277' title='bbox 897 1127 996 1163; x_wconf 80' lang='lat' dir='ltr'><strong>Glycas</strong></span> <span class='ocrx_word' id='word_1_278' title='bbox 1010 1135 1024 1153; x_wconf 91' lang='lat' dir='ltr'><strong>e</strong></span> <span class='ocrx_word' id='word_1_279' title='bbox 1039 1127 1156 1161; x_wconf 73' lang='lat' dir='ltr'><strong>Georgio</strong></span> <span class='ocrx_word' id='word_1_280' title='bbox 1183 1132 1209 1153; x_wconf 89' lang='lat' dir='ltr'><strong>et</strong></span> <span class='ocrx_word' id='word_1_281' title='bbox 1234 1134 1294 1161; x_wconf 60' lang='lat' dir='ltr'><strong>quae</strong></span> <span class='ocrx_word' id='word_1_282' title='bbox 1312 1127 1443 1153; x_wconf 72' lang='lat' dir='ltr'><strong>versione:</strong></span> <span class='ocrx_word' id='word_1_283' title='bbox 1466 1126 1614 1153; x_wconf 71' lang='lat' dir='ltr'><strong>Slaoom‘orc</strong></span> <span class='ocrx_word' id='word_1_284' title='bbox 1640 1127 1722 1153; x_wconf 82' lang='lat' dir='ltr'><strong>variis</strong></span> <span class='ocrx_word' id='word_1_285' title='bbox 1749 1127 1775 1153; x_wconf 86' lang='lat' dir='ltr'><strong>in</strong></span> <span class='ocrx_word' id='word_1_286' title='bbox 1794 1126 1864 1153; x_wconf 86' lang='lat' dir='ltr'><strong>locis</strong></span> 
     </span>
    </p>
   </div>
   <div class='ocr_carea' id='block_1_24' title="bbox 230 1170 1327 1205">
    <p class='ocr_par' dir='ltr' id='par_1_24' title="bbox 230 1170 1327 1205">
     <span class='ocr_line' id='line_1_24' title="bbox 230 1170 1327 1205; baseline -0.002 -7"><span class='ocrx_word' id='word_1_287' title='bbox 230 1173 351 1200; x_wconf 64' lang='lat' dir='ltr'><strong>laudata</strong></span> <span class='ocrx_word' id='word_1_288' title='bbox 362 1171 490 1204; x_wconf 70' lang='lat' dir='ltr'><strong>alet-unt,</strong></span> <span class='ocrx_word' id='word_1_289' title='bbox 504 1177 532 1199; x_wconf 82' lang='lat' dir='ltr'><strong>et</strong></span> <span class='ocrx_word' id='word_1_290' title='bbox 547 1172 604 1199; x_wconf 69' lang='lat' dir='ltr'><strong>haec</strong></span> <span class='ocrx_word' id='word_1_291' title='bbox 619 1171 645 1198; x_wconf 91' lang='lat' dir='ltr'><strong>in</strong></span> <span class='ocrx_word' id='word_1_292' title='bbox 661 1171 820 1205; x_wconf 84' lang='lat' dir='ltr'><strong>Mosquensi</strong></span> <span class='ocrx_word' id='word_1_293' title='bbox 839 1171 934 1198; x_wconf 87' lang='lat' dir='ltr'><strong>codice</strong></span> <span class='ocrx_word' id='word_1_294' title='bbox 954 1172 1009 1198; x_wconf 79' lang='lat' dir='ltr'><strong>fere</strong></span> <span class='ocrx_word' id='word_1_295' title='bbox 1028 1171 1120 1198; x_wconf 90' lang='lat' dir='ltr'><strong>omnia</strong></span> <span class='ocrx_word' id='word_1_296' title='bbox 1139 1170 1327 1205; x_wconf 84' lang='lat' dir='ltr'><strong>reperiuntur.</strong></span> 
     </span>
    </p>
   </div>
   <div class='ocr_carea' id='block_1_25' title="bbox 265 1213 1864 1252">
    <p class='ocr_par' dir='ltr' id='par_1_25' title="bbox 265 1213 1864 1252">
     <span class='ocr_line' id='line_1_25' title="bbox 265 1213 1864 1252; baseline -0.001 -10"><span class='ocrx_word' id='word_1_297' title='bbox 265 1215 280 1252; x_wconf 67' lang='grc' dir='ltr'><strong>ς</strong></span> <span class='ocrx_word' id='word_1_298' title='bbox 298 1215 338 1243; x_wconf 89' lang='grc' dir='ltr'><strong>ιο.</strong></span> <span class='ocrx_word' id='word_1_299' title='bbox 353 1216 429 1250; x_wconf 78' lang='lat' dir='ltr'><strong>Quod</strong></span> <span class='ocrx_word' id='word_1_300' title='bbox 443 1217 467 1244; x_wconf 83' lang='lat' dir='ltr'><strong>si</strong></span> <span class='ocrx_word' id='word_1_301' title='bbox 485 1216 600 1243; x_wconf 71' lang='lat' dir='ltr'><strong>rubrica:</strong></span> <span class='ocrx_word' id='word_1_302' title='bbox 623 1216 651 1243; x_wconf 93' lang='lat' dir='ltr'><strong>in</strong></span> <span class='ocrx_word' id='word_1_303' title='bbox 671 1217 765 1242; x_wconf 88' lang='lat' dir='ltr'><strong>codice</strong></span> <span class='ocrx_word' id='word_1_304' title='bbox 786 1215 942 1249; x_wconf 74' lang='lat' dir='ltr'><strong>Musque-nsi</strong></span> <span class='ocrx_word' id='word_1_305' title='bbox 964 1215 1035 1241; x_wconf 83' lang='lat' dir='ltr'><strong>haud</strong></span> <span class='ocrx_word' id='word_1_306' title='bbox 1061 1223 1157 1242; x_wconf 86' lang='lat' dir='ltr'><strong>omnes</strong></span> <span class='ocrx_word' id='word_1_307' title='bbox 1180 1215 1357 1242; x_wconf 87' lang='lat' dir='ltr'><strong>inveniuntur</strong></span> <span class='ocrx_word' id='word_1_308' title='bbox 1372 1221 1432 1249; x_wconf 59' lang='lat' dir='ltr'><strong>qua</strong></span> <span class='ocrx_word' id='word_1_309' title='bbox 1447 1214 1473 1240; x_wconf 91' lang='lat' dir='ltr'><strong>in</strong></span> <span class='ocrx_word' id='word_1_310' title='bbox 1491 1213 1583 1240; x_wconf 74' lang='lat' dir='ltr'><strong>tabula</strong></span> <span class='ocrx_word' id='word_1_311' title='bbox 1602 1213 1689 1241; x_wconf 81' lang='lat' dir='ltr'><strong>codici</strong></span> <span class='ocrx_word' id='word_1_312' title='bbox 1707 1213 1864 1241; x_wconf 78' lang='lat' dir='ltr'><strong>Monacensi</strong></span> 
     </span>
    </p>
   </div>
   <div class='ocr_carea' id='block_1_26' title="bbox 229 1258 1864 1294">
    <p class='ocr_par' dir='ltr' id='par_1_26' title="bbox 229 1258 1864 1294">
     <span class='ocr_line' id='line_1_26' title="bbox 229 1258 1864 1294; baseline -0.001 -7"><span class='ocrx_word' id='word_1_313' title='bbox 229 1260 353 1287; x_wconf 78' lang='lat' dir='ltr'><strong>secundo</strong></span> <span class='ocrx_word' id='word_1_314' title='bbox 368 1259 511 1294; x_wconf 68' lang='lat' dir='ltr'><strong>pramissa</strong></span> <span class='ocrx_word' id='word_1_315' title='bbox 528 1259 677 1292; x_wconf 82' lang='lat' dir='ltr'><strong>habentur,</strong></span> <span class='ocrx_word' id='word_1_316' title='bbox 700 1259 753 1286; x_wconf 89' lang='lat' dir='ltr'><strong>hoc</strong></span> <span class='ocrx_word' id='word_1_317' title='bbox 768 1266 783 1285; x_wconf 88' lang='lat' dir='ltr'><strong>e</strong></span> <span class='ocrx_word' id='word_1_318' title='bbox 800 1258 909 1285; x_wconf 82' lang='lat' dir='ltr'><strong>delectu</strong></span> <span class='ocrx_word' id='word_1_319' title='bbox 923 1259 1083 1293; x_wconf 80' lang='lat' dir='ltr'><strong>neutiquam</strong></span> <span class='ocrx_word' id='word_1_320' title='bbox 1101 1259 1193 1293; x_wconf 78' lang='lat' dir='ltr'><strong>colligi</strong></span> <span class='ocrx_word' id='word_1_321' title='bbox 1215 1263 1307 1294; x_wconf 85' lang='lat' dir='ltr'><strong>potest</strong></span> <span class='ocrx_word' id='word_1_322' title='bbox 1321 1259 1483 1293; x_wconf 85' lang='lat' dir='ltr'><strong>scriptorem</strong></span> <span class='ocrx_word' id='word_1_323' title='bbox 1501 1258 1584 1285; x_wconf 82' lang='lat' dir='ltr'><strong>alium</strong></span> <span class='ocrx_word' id='word_1_324' title='bbox 1606 1258 1640 1285; x_wconf 80' lang='lat' dir='ltr'><strong>ab</strong></span> <span class='ocrx_word' id='word_1_325' title='bbox 1656 1258 1707 1284; x_wconf 89' lang='lat' dir='ltr'><strong>hoc</strong></span> <span class='ocrx_word' id='word_1_326' title='bbox 1721 1259 1815 1286; x_wconf 87' lang='lat' dir='ltr'><strong>codice</strong></span> <span class='ocrx_word' id='word_1_327' title='bbox 1837 1265 1864 1285; x_wconf 79' lang='lat' dir='ltr'><strong>et</strong></span> 
     </span>
    </p>
   </div>
   <div class='ocr_carea' id='block_1_27' title="bbox 227 1302 1862 1339">
    <p class='ocr_par' dir='ltr' id='par_1_27' title="bbox 227 1302 1862 1339">
     <span class='ocr_line' id='line_1_27' title="bbox 227 1302 1862 1339; baseline -0.002 -9"><span class='ocrx_word' id='word_1_328' title='bbox 227 1304 315 1331; x_wconf 84' lang='lat' dir='ltr'><strong>alium</strong></span> <span class='ocrx_word' id='word_1_329' title='bbox 333 1304 368 1331; x_wconf 88' lang='lat' dir='ltr'><strong>ab</strong></span> <span class='ocrx_word' id='word_1_330' title='bbox 381 1303 428 1330; x_wconf 89' lang='lat' dir='ltr'><strong>illo</strong></span> <span class='ocrx_word' id='word_1_331' title='bbox 441 1304 650 1339; x_wconf 65' lang='lat' dir='ltr'><strong>reprasentari;</strong></span> <span class='ocrx_word' id='word_1_332' title='bbox 676 1303 723 1330; x_wconf 87' lang='lat' dir='ltr'><strong>sed</strong></span> <span class='ocrx_word' id='word_1_333' title='bbox 750 1303 802 1330; x_wconf 89' lang='lat' dir='ltr'><strong>hoc</strong></span> <span class='ocrx_word' id='word_1_334' title='bbox 827 1304 1018 1330; x_wconf 80' lang='lat' dir='ltr'><strong>tantummodo</strong></span> <span class='ocrx_word' id='word_1_335' title='bbox 1038 1303 1101 1330; x_wconf 86' lang='lat' dir='ltr'><strong>inde</strong></span> <span class='ocrx_word' id='word_1_336' title='bbox 1118 1304 1195 1337; x_wconf 86' lang='lat' dir='ltr'><strong>sequi</strong></span> <span class='ocrx_word' id='word_1_337' title='bbox 1214 1303 1331 1335; x_wconf 87' lang='lat' dir='ltr'><strong>videtur,</strong></span> <span class='ocrx_word' id='word_1_338' title='bbox 1348 1303 1474 1329; x_wconf 80' lang='lat' dir='ltr'><strong>rubricas</strong></span> <span class='ocrx_word' id='word_1_339' title='bbox 1490 1302 1540 1329; x_wconf 86' lang='lat' dir='ltr'><strong>has</strong></span> <span class='ocrx_word' id='word_1_340' title='bbox 1565 1310 1625 1336; x_wconf 67' lang='lat' dir='ltr'><strong>quae</strong></span> <span class='ocrx_word' id='word_1_341' title='bbox 1645 1302 1755 1329; x_wconf 63' lang='lat' dir='ltr'><strong>diremit</strong></span> <span class='ocrx_word' id='word_1_342' title='bbox 1781 1303 1862 1329; x_wconf 84' lang='lat' dir='ltr'><strong>etiam</strong></span> 
     </span>
    </p>
   </div>
   <div class='ocr_carea' id='block_1_28' title="bbox 226 1345 1866 1381">
    <p class='ocr_par' dir='ltr' id='par_1_28' title="bbox 226 1345 1866 1381">
     <span class='ocr_line' id='line_1_28' title="bbox 226 1345 1866 1381; baseline 0.001 -8"><span class='ocrx_word' id='word_1_343' title='bbox 226 1346 432 1374; x_wconf 77' lang='lat' dir='ltr'><strong>Parisiensibus</strong></span> <span class='ocrx_word' id='word_1_344' title='bbox 455 1347 484 1374; x_wconf 90' lang='lat' dir='ltr'><strong>in</strong></span> <span class='ocrx_word' id='word_1_345' title='bbox 506 1347 651 1374; x_wconf 87' lang='lat' dir='ltr'><strong>codicibus</strong></span> <span class='ocrx_word' id='word_1_346' title='bbox 665 1351 693 1374; x_wconf 89' lang='lat' dir='ltr'><strong>et</strong></span> <span class='ocrx_word' id='word_1_347' title='bbox 716 1346 742 1373; x_wconf 92' lang='lat' dir='ltr'><strong>in</strong></span> <span class='ocrx_word' id='word_1_348' title='bbox 760 1345 1019 1374; x_wconf 88' lang='lat' dir='ltr'><strong>Vindobonensibus</strong></span> <span class='ocrx_word' id='word_1_349' title='bbox 1041 1355 1092 1374; x_wconf 91' lang='lat' dir='ltr'><strong>nec</strong></span> <span class='ocrx_word' id='word_1_350' title='bbox 1115 1355 1167 1374; x_wconf 86' lang='lat' dir='ltr'><strong>non</strong></span> <span class='ocrx_word' id='word_1_351' title='bbox 1186 1347 1213 1373; x_wconf 90' lang='lat' dir='ltr'><strong>in</strong></span> <span class='ocrx_word' id='word_1_352' title='bbox 1235 1346 1374 1373; x_wconf 78' lang='lat' dir='ltr'><strong>Vaticanis</strong></span> <span class='ocrx_word' id='word_1_353' title='bbox 1391 1347 1577 1381; x_wconf 89' lang='lat' dir='ltr'><strong>reperiuntur,</strong></span> <span class='ocrx_word' id='word_1_354' title='bbox 1603 1353 1656 1372; x_wconf 90' lang='lat' dir='ltr'><strong>non</strong></span> <span class='ocrx_word' id='word_1_355' title='bbox 1675 1346 1709 1373; x_wconf 88' lang='lat' dir='ltr'><strong>ab</strong></span> <span class='ocrx_word' id='word_1_356' title='bbox 1725 1347 1784 1381; x_wconf 82' lang='lat' dir='ltr'><strong>ipso</strong></span> <span class='ocrx_word' id='word_1_357' title='bbox 1798 1347 1866 1374; x_wconf 91' lang='lat' dir='ltr'><strong>scri-</strong></span> 
     </span>
    </p>
   </div>
   <div class='ocr_carea' id='block_1_29' title="bbox 228 1389 1865 1427">
    <p class='ocr_par' dir='ltr' id='par_1_29' title="bbox 228 1389 1865 1427">
     <span class='ocr_line' id='line_1_29' title="bbox 228 1389 1865 1427; baseline -0.001 -9"><span class='ocrx_word' id='word_1_358' title='bbox 228 1395 319 1427; x_wconf 83' lang='lat' dir='ltr'><strong>ptore,</strong></span> <span class='ocrx_word' id='word_1_359' title='bbox 334 1398 430 1418; x_wconf 88' lang='lat' dir='ltr'><strong>verum</strong></span> <span class='ocrx_word' id='word_1_360' title='bbox 449 1397 464 1418; x_wconf 88' lang='lat' dir='ltr'><strong>a</strong></span> <span class='ocrx_word' id='word_1_361' title='bbox 489 1391 708 1426; x_wconf 85' lang='lat' dir='ltr'><strong>descriptoribus</strong></span> <span class='ocrx_word' id='word_1_362' title='bbox 728 1391 770 1417; x_wconf 88' lang='lat' dir='ltr'><strong>vel</strong></span> <span class='ocrx_word' id='word_1_363' title='bbox 789 1391 912 1418; x_wconf 90' lang='lat' dir='ltr'><strong>librariis</strong></span> <span class='ocrx_word' id='word_1_364' title='bbox 928 1392 969 1426; x_wconf 87' lang='lat' dir='ltr'><strong>(ut</strong></span> <span class='ocrx_word' id='word_1_365' title='bbox 985 1389 1105 1418; x_wconf 85' lang='lat' dir='ltr'><strong>Mediceo</strong></span> <span class='ocrx_word' id='word_1_366' title='bbox 1121 1397 1147 1419; x_wconf 89' lang='lat' dir='ltr'><strong>et</strong></span> <span class='ocrx_word' id='word_1_367' title='bbox 1164 1391 1333 1426; x_wconf 83' lang='lat' dir='ltr'><strong>Mosquensi)</strong></span> <span class='ocrx_word' id='word_1_368' title='bbox 1350 1390 1378 1418; x_wconf 89' lang='lat' dir='ltr'><strong>in</strong></span> <span class='ocrx_word' id='word_1_369' title='bbox 1397 1391 1520 1425; x_wconf 79' lang='lat' dir='ltr'><strong>margine</strong></span> <span class='ocrx_word' id='word_1_370' title='bbox 1536 1391 1671 1425; x_wconf 83' lang='lat' dir='ltr'><strong>ascriplas</strong></span> <span class='ocrx_word' id='word_1_371' title='bbox 1687 1395 1713 1417; x_wconf 91' lang='lat' dir='ltr'><strong>et</strong></span> <span class='ocrx_word' id='word_1_372' title='bbox 1730 1391 1865 1418; x_wconf 86' lang='lat' dir='ltr'><strong>recentio-</strong></span> 
     </span>
    </p>
   </div>
   <div class='ocr_carea' id='block_1_30' title="bbox 229 1434 1095 1469">
    <p class='ocr_par' dir='ltr' id='par_1_30' title="bbox 229 1434 1095 1469">
     <span class='ocr_line' id='line_1_30' title="bbox 229 1434 1095 1469; baseline -0.001 -6"><span class='ocrx_word' id='word_1_373' title='bbox 229 1434 309 1463; x_wconf 86' lang='lat' dir='ltr'><strong>ribus</strong></span> <span class='ocrx_word' id='word_1_374' title='bbox 329 1435 357 1463; x_wconf 89' lang='lat' dir='ltr'><strong>in</strong></span> <span class='ocrx_word' id='word_1_375' title='bbox 372 1434 517 1463; x_wconf 86' lang='lat' dir='ltr'><strong>codicibus</strong></span> <span class='ocrx_word' id='word_1_376' title='bbox 537 1435 637 1462; x_wconf 69' lang='lat' dir='ltr'><strong>tabulae</strong></span> <span class='ocrx_word' id='word_1_377' title='bbox 657 1435 684 1462; x_wconf 93' lang='lat' dir='ltr'><strong>in</strong></span> <span class='ocrx_word' id='word_1_378' title='bbox 702 1434 819 1462; x_wconf 81' lang='lat' dir='ltr'><strong>formam</strong></span> <span class='ocrx_word' id='word_1_379' title='bbox 836 1435 1008 1469; x_wconf 86' lang='lat' dir='ltr'><strong>conscriptas</strong></span> <span class='ocrx_word' id='word_1_380' title='bbox 1023 1443 1095 1462; x_wconf 78' lang='lat' dir='ltr'><strong>esse.</strong></span> 
     </span>
    </p>
   </div>
   <div class='ocr_carea' id='block_1_31' title="bbox 269 1487 1866 1525">
    <p class='ocr_par' dir='ltr' id='par_1_31' title="bbox 269 1487 1866 1525">
     <span class='ocr_line' id='line_1_31' title="bbox 269 1487 1866 1525; baseline 0.001 -9"><span class='ocrx_word' id='word_1_381' title='bbox 269 1488 284 1525; x_wconf 67' lang='grc' dir='ltr'>ς</span> <span class='ocrx_word' id='word_1_382' title='bbox 300 1488 344 1516; x_wconf 89' lang='grc'>11.</span> <span class='ocrx_word' id='word_1_383' title='bbox 363 1487 479 1522; x_wconf 75' lang='lat' dir='ltr'><strong>Quintus</strong></span> <span class='ocrx_word' id='word_1_384' title='bbox 495 1496 561 1517; x_wconf 87' lang='lat' dir='ltr'><strong>vero</strong></span> <span class='ocrx_word' id='word_1_385' title='bbox 577 1489 657 1522; x_wconf 85' lang='lat' dir='ltr'><strong>liber,</strong></span> <span class='ocrx_word' id='word_1_386' title='bbox 673 1489 721 1524; x_wconf 92' lang='lat' dir='ltr'><strong>qui</strong></span> <span class='ocrx_word' id='word_1_387' title='bbox 735 1489 769 1515; x_wconf 88' lang='lat' dir='ltr'><strong>ab</strong></span> <span class='ocrx_word' id='word_1_388' title='bbox 783 1496 856 1516; x_wconf 91' lang='lat' dir='ltr'><strong>anno</strong></span> <span class='ocrx_word' id='word_1_389' title='bbox 870 1488 923 1516; x_wconf 67' lang='lat'><strong>842</strong></span> <span class='ocrx_word' id='word_1_390' title='bbox 937 1488 970 1515; x_wconf 88' lang='lat' dir='ltr'><strong>ad</strong></span> <span class='ocrx_word' id='word_1_391' title='bbox 986 1496 1012 1515; x_wconf 88' lang='lat' dir='ltr'><strong>a.</strong></span> <span class='ocrx_word' id='word_1_392' title='bbox 1030 1488 1083 1516; x_wconf 69' lang='grc'>945</span> <span class='ocrx_word' id='word_1_393' title='bbox 1095 1488 1263 1522; x_wconf 84' lang='lat' dir='ltr'><strong>extenditur,</strong></span> <span class='ocrx_word' id='word_1_394' title='bbox 1279 1488 1325 1516; x_wconf 86' lang='lat' dir='ltr'><strong>sed</strong></span> <span class='ocrx_word' id='word_1_395' title='bbox 1342 1488 1376 1516; x_wconf 87' lang='lat' dir='ltr'><strong>ab</strong></span> <span class='ocrx_word' id='word_1_396' title='bbox 1390 1493 1503 1516; x_wconf 83' lang='lat' dir='ltr'><strong>auctore</strong></span> <span class='ocrx_word' id='word_1_397' title='bbox 1520 1488 1638 1523; x_wconf 89' lang='lat' dir='ltr'><strong>scriptus</strong></span> <span class='ocrx_word' id='word_1_398' title='bbox 1653 1488 1699 1523; x_wconf 91' lang='lat' dir='ltr'><strong>qui</strong></span> <span class='ocrx_word' id='word_1_399' title='bbox 1716 1489 1841 1517; x_wconf 80' lang='lat' dir='ltr'><strong>Romano</strong></span> <span class='ocrx_word' id='word_1_400' title='bbox 1856 1490 1866 1516; x_wconf 92' lang='grc'><strong>1</strong></span> 
     </span>
    </p>
   </div>
   <div class='ocr_carea' id='block_1_32' title="bbox 231 1532 1054 1569">
    <p class='ocr_par' dir='ltr' id='par_1_32' title="bbox 231 1532 1054 1569">
     <span class='ocr_line' id='line_1_32' title="bbox 231 1532 1054 1569; baseline -0.005 -7"><span class='ocrx_word' id='word_1_401' title='bbox 231 1533 377 1569; x_wconf 53' lang='lat' dir='ltr'><strong>(Sin-9‘5)</strong></span> <span class='ocrx_word' id='word_1_402' title='bbox 392 1539 548 1562; x_wconf 63' lang='lat' dir='ltr'><strong>coaetaneus</strong></span> <span class='ocrx_word' id='word_1_403' title='bbox 565 1533 617 1561; x_wconf 79' lang='lat' dir='ltr'><strong>fuit</strong></span> <span class='ocrx_word' id='word_1_404' title='bbox 636 1533 683 1563; x_wconf 80' lang='lat' dir='ltr'><strong>(cf.</strong></span> <span class='ocrx_word' id='word_1_405' title='bbox 698 1541 724 1568; x_wconf 92' lang='lat' dir='ltr'><strong>p.</strong></span> <span class='ocrx_word' id='word_1_406' title='bbox 742 1533 794 1561; x_wconf 81' lang='grc'>857</span> <span class='ocrx_word' id='word_1_407' title='bbox 810 1539 836 1560; x_wconf 90' lang='lat' dir='ltr'><strong>et</strong></span> <span class='ocrx_word' id='word_1_408' title='bbox 851 1533 915 1565; x_wconf 73' lang='grc'>817,</span> <span class='ocrx_word' id='word_1_409' title='bbox 934 1534 972 1564; x_wconf 84' lang='grc' dir='ltr'>ὡς</span> <span class='ocrx_word' id='word_1_410' title='bbox 991 1534 1016 1559; x_wconf 88' lang='grc' dir='ltr'>οἱ</span> <span class='ocrx_word' id='word_1_411' title='bbox 1029 1532 1054 1559; x_wconf 84' lang='grc' dir='ltr'><strong>νῐ</strong></span> 
     </span>
    </p>
   </div>
   <div class='ocr_carea' id='block_1_33' title="bbox 1045 1532 1868 1569">
    <p class='ocr_par' dir='ltr' id='par_1_33' title="bbox 1046 1532 1868 1568">
     <span class='ocr_line' id='line_1_33' title="bbox 1046 1532 1868 1568; baseline 0.004 -10"><span class='ocrx_word' id='word_1_412' title='bbox 1046 1532 1076 1559; x_wconf 81' lang='grc' dir='ltr'><strong>ὒν</strong></span> <span class='ocrx_word' id='word_1_413' title='bbox 1093 1534 1192 1568; x_wconf 74' lang='grc' dir='ltr'><strong>σοφοὶ),</strong></span> <span class='ocrx_word' id='word_1_414' title='bbox 1213 1538 1240 1561; x_wconf 87' lang='lat' dir='ltr'><strong>et</strong></span> <span class='ocrx_word' id='word_1_415' title='bbox 1260 1538 1334 1560; x_wconf 83' lang='lat' dir='ltr'><strong>certe</strong></span> <span class='ocrx_word' id='word_1_416' title='bbox 1354 1540 1380 1560; x_wconf 92' lang='lat' dir='ltr'><strong>a.</strong></span> <span class='ocrx_word' id='word_1_417' title='bbox 1401 1532 1453 1559; x_wconf 82' lang='lat'><strong>959</strong></span> <span class='ocrx_word' id='word_1_418' title='bbox 1469 1533 1558 1559; x_wconf 87' lang='lat' dir='ltr'><strong>adhuc</strong></span> <span class='ocrx_word' id='word_1_419' title='bbox 1575 1534 1692 1564; x_wconf 80' lang='lat' dir='ltr'><strong>vivebat,</strong></span> <span class='ocrx_word' id='word_1_420' title='bbox 1715 1541 1777 1560; x_wconf 91' lang='lat' dir='ltr'><strong>cum</strong></span> <span class='ocrx_word' id='word_1_421' title='bbox 1802 1534 1868 1561; x_wconf 79' lang='lat' dir='ltr'><strong>Por-</strong></span> 
     </span>
    </p>
   </div>
   <div class='ocr_carea' id='block_1_34' title="bbox 229 1576 1866 1614">
    <p class='ocr_par' dir='ltr' id='par_1_34' title="bbox 229 1576 1866 1614">
     <span class='ocr_line' id='line_1_34' title="bbox 229 1576 1866 1614; baseline 0 -10"><span class='ocrx_word' id='word_1_422' title='bbox 229 1578 431 1614; x_wconf 76' lang='lat' dir='ltr'><strong>phyrogeuneti</strong></span> <span class='ocrx_word' id='word_1_423' title='bbox 462 1585 551 1605; x_wconf 82' lang='lat' dir='ltr'><strong>annos</strong></span> <span class='ocrx_word' id='word_1_424' title='bbox 575 1581 727 1610; x_wconf 89' lang='lat' dir='ltr'><strong>enumeret,</strong></span> <span class='ocrx_word' id='word_1_425' title='bbox 744 1577 848 1605; x_wconf 88' lang='lat' dir='ltr'><strong>scilicet</strong></span> <span class='ocrx_word' id='word_1_426' title='bbox 866 1585 880 1603; x_wconf 91' lang='lat' dir='ltr'><strong>a</strong></span> <span class='ocrx_word' id='word_1_427' title='bbox 898 1577 1033 1612; x_wconf 77' lang='lat' dir='ltr'><strong>Symeone</strong></span> <span class='ocrx_word' id='word_1_428' title='bbox 1050 1576 1200 1612; x_wconf 79' lang='lat' dir='ltr'><strong>Logothcta</strong></span> <span class='ocrx_word' id='word_1_429' title='bbox 1213 1577 1275 1604; x_wconf 83' lang='lat' dir='ltr'><strong>inde</strong></span> <span class='ocrx_word' id='word_1_430' title='bbox 1290 1578 1324 1604; x_wconf 88' lang='lat' dir='ltr'><strong>ab</strong></span> <span class='ocrx_word' id='word_1_431' title='bbox 1344 1584 1415 1603; x_wconf 84' lang='lat' dir='ltr'><strong>anno</strong></span> <span class='ocrx_word' id='word_1_432' title='bbox 1429 1576 1480 1604; x_wconf 76' lang='grc'>904</span> <span class='ocrx_word' id='word_1_433' title='bbox 1496 1581 1562 1603; x_wconf 91' lang='lat' dir='ltr'><strong>noto</strong></span> <span class='ocrx_word' id='word_1_434' title='bbox 1580 1578 1615 1611; x_wconf 77' lang='grc' dir='ltr'><strong>(ρ,</strong></span> <span class='ocrx_word' id='word_1_435' title='bbox 1632 1576 1714 1609; x_wconf 72' lang='lat'><strong>785);</strong></span> <span class='ocrx_word' id='word_1_436' title='bbox 1731 1582 1757 1603; x_wconf 84' lang='lat' dir='ltr'><strong>ct</strong></span> <span class='ocrx_word' id='word_1_437' title='bbox 1775 1583 1866 1604; x_wconf 75' lang='lat' dir='ltr'><strong>sextus</strong></span> 
     </span>
    </p>
   </div>
   <div class='ocr_carea' id='block_1_35' title="bbox 229 1620 1868 1656">
    <p class='ocr_par' dir='ltr' id='par_1_35' title="bbox 229 1620 1868 1656">
     <span class='ocr_line' id='line_1_35' title="bbox 229 1620 1868 1656; baseline 0.002 -10"><span class='ocrx_word' id='word_1_438' title='bbox 229 1621 280 1656; x_wconf 84' lang='lat' dir='ltr'><strong>qui</strong></span> <span class='ocrx_word' id='word_1_439' title='bbox 294 1620 531 1648; x_wconf 83' lang='lat' dir='ltr'><strong>coatiuuationem</strong></span> <span class='ocrx_word' id='word_1_440' title='bbox 548 1620 705 1647; x_wconf 86' lang='lat' dir='ltr'><strong>ulteriorem</strong></span> <span class='ocrx_word' id='word_1_441' title='bbox 724 1620 757 1647; x_wconf 88' lang='lat' dir='ltr'><strong>ad</strong></span> <span class='ocrx_word' id='word_1_442' title='bbox 776 1628 801 1647; x_wconf 86' lang='lat' dir='ltr'><strong>a.</strong></span> <span class='ocrx_word' id='word_1_443' title='bbox 821 1620 886 1647; x_wconf 89' lang='grc'>1071</span> <span class='ocrx_word' id='word_1_444' title='bbox 909 1620 1032 1654; x_wconf 82' lang='lat' dir='ltr'><strong>ejusdem</strong></span> <span class='ocrx_word' id='word_1_445' title='bbox 1056 1620 1215 1656; x_wconf 76' lang='lat' dir='ltr'><strong>Logothetae</strong></span> <span class='ocrx_word' id='word_1_446' title='bbox 1241 1621 1317 1656; x_wconf 84' lang='lat' dir='ltr'><strong>operi</strong></span> <span class='ocrx_word' id='word_1_447' title='bbox 1335 1621 1492 1655; x_wconf 87' lang='lat' dir='ltr'><strong>adjunctam</strong></span> <span class='ocrx_word' id='word_1_448' title='bbox 1519 1621 1641 1652; x_wconf 77' lang='lat' dir='ltr'><strong>exhibet,</strong></span> <span class='ocrx_word' id='word_1_449' title='bbox 1662 1629 1761 1656; x_wconf 79' lang='lat' dir='ltr'><strong>magna</strong></span> <span class='ocrx_word' id='word_1_450' title='bbox 1780 1624 1868 1650; x_wconf 81' lang='lat' dir='ltr'><strong>varie-</strong></span> 
     </span>
    </p>
   </div>
   <div class='ocr_carea' id='block_1_36' title="bbox 229 1663 1869 1702">
    <p class='ocr_par' dir='ltr' id='par_1_36' title="bbox 229 1663 1869 1702">
     <span class='ocr_line' id='line_1_36' title="bbox 229 1663 1869 1702; baseline 0.001 -10"><span class='ocrx_word' id='word_1_451' title='bbox 229 1669 288 1692; x_wconf 80' lang='lat' dir='ltr'><strong>tate</strong></span> <span class='ocrx_word' id='word_1_452' title='bbox 305 1664 333 1691; x_wconf 92' lang='lat' dir='ltr'><strong>iu</strong></span> <span class='ocrx_word' id='word_1_453' title='bbox 348 1664 467 1692; x_wconf 75' lang='lat' dir='ltr'><strong>diversis</strong></span> <span class='ocrx_word' id='word_1_454' title='bbox 482 1671 553 1699; x_wconf 86' lang='lat' dir='ltr'><strong>quos</strong></span> <span class='ocrx_word' id='word_1_455' title='bbox 571 1663 705 1691; x_wconf 86' lang='lat' dir='ltr'><strong>habemus</strong></span> <span class='ocrx_word' id='word_1_456' title='bbox 720 1664 875 1697; x_wconf 87' lang='lat' dir='ltr'><strong>codicibus,</strong></span> <span class='ocrx_word' id='word_1_457' title='bbox 894 1664 965 1691; x_wconf 86' lang='lat' dir='ltr'><strong>inter</strong></span> <span class='ocrx_word' id='word_1_458' title='bbox 981 1672 1010 1692; x_wconf 88' lang='lat' dir='ltr'><strong>se</strong></span> <span class='ocrx_word' id='word_1_459' title='bbox 1026 1664 1199 1699; x_wconf 79' lang='lat' dir='ltr'><strong>discrepant;</strong></span> <span class='ocrx_word' id='word_1_460' title='bbox 1215 1664 1344 1691; x_wconf 89' lang='lat' dir='ltr'><strong>videntur</strong></span> <span class='ocrx_word' id='word_1_461' title='bbox 1366 1665 1449 1699; x_wconf 80' lang='lat' dir='ltr'><strong>igitur</strong></span> <span class='ocrx_word' id='word_1_462' title='bbox 1475 1665 1555 1692; x_wconf 70' lang='lat' dir='ltr'><strong>varia:</strong></span> <span class='ocrx_word' id='word_1_463' title='bbox 1577 1665 1650 1692; x_wconf 73' lang='lat' dir='ltr'><strong>illius</strong></span> <span class='ocrx_word' id='word_1_464' title='bbox 1676 1666 1869 1702; x_wconf 66' lang='grc' dir='ltr'><strong>εΙιῖοιιοθναρΙέί</strong></span> 
     </span>
    </p>
   </div>
   <div class='ocr_carea' id='block_1_37' title="bbox 229 1706 1865 1745">
    <p class='ocr_par' dir='ltr' id='par_1_37' title="bbox 229 1706 1865 1745">
     <span class='ocr_line' id='line_1_37' title="bbox 229 1706 1865 1745; baseline 0.002 -11"><span class='ocrx_word' id='word_1_465' title='bbox 229 1710 354 1743; x_wconf 65' lang='lat' dir='ltr'><strong>epitonia</strong></span> <span class='ocrx_word' id='word_1_466' title='bbox 370 1715 386 1734; x_wconf 90' lang='lat' dir='ltr'><strong>a</strong></span> <span class='ocrx_word' id='word_1_467' title='bbox 407 1707 533 1743; x_wconf 88' lang='lat' dir='ltr'><strong>pluribus</strong></span> <span class='ocrx_word' id='word_1_468' title='bbox 549 1706 627 1735; x_wconf 62' lang='lat' dir='ltr'><strong>facta:</strong></span> <span class='ocrx_word' id='word_1_469' title='bbox 641 1707 752 1734; x_wconf 71' lang='lat' dir='ltr'><strong>diversis</strong></span> <span class='ocrx_word' id='word_1_470' title='bbox 771 1707 879 1742; x_wconf 78' lang='lat' dir='ltr'><strong>Georgii</strong></span> <span class='ocrx_word' id='word_1_471' title='bbox 899 1708 1033 1735; x_wconf 73' lang='lat' dir='ltr'><strong>codicibus</strong></span> <span class='ocrx_word' id='word_1_472' title='bbox 1047 1709 1182 1743; x_wconf 73' lang='lat' dir='ltr'><strong>adjuncta:</strong></span> <span class='ocrx_word' id='word_1_473' title='bbox 1194 1716 1274 1741; x_wconf 83' lang='lat' dir='ltr'><strong>esse;</strong></span> <span class='ocrx_word' id='word_1_474' title='bbox 1300 1716 1363 1735; x_wconf 89' lang='lat' dir='ltr'><strong>nam</strong></span> <span class='ocrx_word' id='word_1_475' title='bbox 1380 1708 1505 1736; x_wconf 91' lang='lat' dir='ltr'><strong>nonnulli</strong></span> <span class='ocrx_word' id='word_1_476' title='bbox 1527 1717 1560 1736; x_wconf 78' lang='lat' dir='ltr'><strong>ex</strong></span> <span class='ocrx_word' id='word_1_477' title='bbox 1582 1710 1624 1737; x_wconf 91' lang='lat' dir='ltr'><strong>his</strong></span> <span class='ocrx_word' id='word_1_478' title='bbox 1638 1717 1699 1736; x_wconf 89' lang='lat' dir='ltr'><strong>cum</strong></span> <span class='ocrx_word' id='word_1_479' title='bbox 1724 1710 1793 1737; x_wconf 91' lang='lat' dir='ltr'><strong>libro</strong></span> <span class='ocrx_word' id='word_1_480' title='bbox 1819 1713 1865 1745; x_wconf 86' lang='lat' dir='ltr'><strong>qui</strong></span> 
     </span>
    </p>
   </div>
   <div class='ocr_carea' id='block_1_38' title="bbox 232 1750 1865 1791">
    <p class='ocr_par' dir='ltr' id='par_1_38' title="bbox 232 1750 1865 1791">
     <span class='ocr_line' id='line_1_38' title="bbox 232 1750 1865 1791; baseline 0.002 -12"><span class='ocrx_word' id='word_1_481' title='bbox 232 1759 308 1780; x_wconf 89' lang='lat' dir='ltr'><strong>nunc</strong></span> <span class='ocrx_word' id='word_1_482' title='bbox 323 1751 470 1788; x_wconf 83' lang='lat' dir='ltr'><strong>Symeonis</strong></span> <span class='ocrx_word' id='word_1_483' title='bbox 485 1750 643 1787; x_wconf 72' lang='lat' dir='ltr'><strong>Logotheta:</strong></span> <span class='ocrx_word' id='word_1_484' title='bbox 660 1752 713 1779; x_wconf 91' lang='lat' dir='ltr'><strong>sub</strong></span> <span class='ocrx_word' id='word_1_485' title='bbox 729 1753 841 1778; x_wconf 87' lang='lat' dir='ltr'><strong>nomine</strong></span> <span class='ocrx_word' id='word_1_486' title='bbox 858 1752 956 1784; x_wconf 77' lang='lat' dir='ltr'><strong>fertur,</strong></span> <span class='ocrx_word' id='word_1_487' title='bbox 973 1756 1000 1779; x_wconf 87' lang='lat' dir='ltr'><strong>et</strong></span> <span class='ocrx_word' id='word_1_488' title='bbox 1015 1753 1062 1787; x_wconf 93' lang='lat' dir='ltr'><strong>qui</strong></span> <span class='ocrx_word' id='word_1_489' title='bbox 1079 1754 1137 1788; x_wconf 87' lang='lat' dir='ltr'><strong>ipse</strong></span> <span class='ocrx_word' id='word_1_490' title='bbox 1152 1754 1343 1780; x_wconf 88' lang='lat' dir='ltr'><strong>tantummodo</strong></span> <span class='ocrx_word' id='word_1_491' title='bbox 1361 1753 1498 1789; x_wconf 85' lang='lat' dir='ltr'><strong>epitomen</strong></span> <span class='ocrx_word' id='word_1_492' title='bbox 1518 1753 1597 1789; x_wconf 83' lang='lat' dir='ltr'><strong>hujus</strong></span> <span class='ocrx_word' id='word_1_493' title='bbox 1618 1755 1761 1789; x_wconf 75' lang='lat' dir='ltr'><strong>scriptmis</strong></span> <span class='ocrx_word' id='word_1_494' title='bbox 1780 1754 1865 1791; x_wconf 75' lang='grc' dir='ltr'><strong>[ΧΗ]</strong></span> 
     </span>
    </p>
   </div>
   <div class='ocr_carea' id='block_1_39' title="bbox 231 1795 1869 1831">
    <p class='ocr_par' dir='ltr' id='par_1_39' title="bbox 231 1795 1869 1831">
     <span class='ocr_line' id='line_1_39' title="bbox 231 1795 1869 1831; baseline 0.001 -8"><span class='ocrx_word' id='word_1_495' title='bbox 231 1795 345 1829; x_wconf 63' lang='lat' dir='ltr'><strong>prabet,</strong></span> <span class='ocrx_word' id='word_1_496' title='bbox 360 1795 461 1830; x_wconf 68' lang='lat' dir='ltr'><strong>stt-pius</strong></span> <span class='ocrx_word' id='word_1_497' title='bbox 476 1796 644 1823; x_wconf 84' lang='lat' dir='ltr'><strong>concordant</strong></span> <span class='ocrx_word' id='word_1_498' title='bbox 675 1803 756 1830; x_wconf 83' lang='lat' dir='ltr'><strong>quant</strong></span> <span class='ocrx_word' id='word_1_499' title='bbox 774 1796 818 1822; x_wconf 90' lang='lat' dir='ltr'><strong>alii</strong></span> <span class='ocrx_word' id='word_1_500' title='bbox 836 1795 944 1831; x_wconf 79' lang='lat' dir='ltr'><strong>Georgii</strong></span> <span class='ocrx_word' id='word_1_501' title='bbox 965 1795 1143 1823; x_wconf 85' lang='lat' dir='ltr'><strong>codices.Ex.</strong></span> <span class='ocrx_word' id='word_1_502' title='bbox 1158 1804 1199 1831; x_wconf 77' lang='lat' dir='ltr'><strong>gr.</strong></span> <span class='ocrx_word' id='word_1_503' title='bbox 1213 1796 1362 1824; x_wconf 86' lang='lat' dir='ltr'><strong>Vaticanus</strong></span> <span class='ocrx_word' id='word_1_504' title='bbox 1377 1796 1427 1823; x_wconf 77' lang='grc'><strong>155</strong></span> <span class='ocrx_word' id='word_1_505' title='bbox 1448 1804 1510 1824; x_wconf 90' lang='lat' dir='ltr'><strong>cum</strong></span> <span class='ocrx_word' id='word_1_506' title='bbox 1526 1797 1698 1825; x_wconf 88' lang='lat' dir='ltr'><strong>versionibus</strong></span> <span class='ocrx_word' id='word_1_507' title='bbox 1714 1797 1869 1826; x_wconf 75' lang='lat' dir='ltr'><strong>Slavonit‘in</strong></span> 
     </span>
    </p>
   </div>
   <div class='ocr_carea' id='block_1_40' title="bbox 230 1838 1868 1875">
    <p class='ocr_par' dir='ltr' id='par_1_40' title="bbox 230 1838 1868 1875">
     <span class='ocr_line' id='line_1_40' title="bbox 230 1838 1868 1875; baseline 0.001 -9"><span class='ocrx_word' id='word_1_508' title='bbox 230 1844 329 1866; x_wconf 83' lang='lat' dir='ltr'><strong>contra</strong></span> <span class='ocrx_word' id='word_1_509' title='bbox 346 1839 468 1873; x_wconf 84' lang='lat' dir='ltr'><strong>reliquos</strong></span> <span class='ocrx_word' id='word_1_510' title='bbox 487 1838 598 1866; x_wconf 89' lang='lat' dir='ltr'><strong>codices</strong></span> <span class='ocrx_word' id='word_1_511' title='bbox 621 1838 731 1866; x_wconf 70' lang='lat' dir='ltr'><strong>Gratcos</strong></span> <span class='ocrx_word' id='word_1_512' title='bbox 755 1839 903 1865; x_wconf 81' lang='lat' dir='ltr'><strong>consentit.</strong></span> <span class='ocrx_word' id='word_1_513' title='bbox 925 1838 1025 1866; x_wconf 79' lang='lat' dir='ltr'><strong>Confer</strong></span> <span class='ocrx_word' id='word_1_514' title='bbox 1046 1840 1137 1866; x_wconf 84' lang='lat' dir='ltr'><strong>varias</strong></span> <span class='ocrx_word' id='word_1_515' title='bbox 1153 1840 1283 1868; x_wconf 88' lang='lat' dir='ltr'><strong>lectiones</strong></span> <span class='ocrx_word' id='word_1_516' title='bbox 1302 1841 1328 1866; x_wconf 93' lang='lat' dir='ltr'><strong>in</strong></span> <span class='ocrx_word' id='word_1_517' title='bbox 1345 1840 1433 1875; x_wconf 86' lang='lat' dir='ltr'><strong>capite</strong></span> <span class='ocrx_word' id='word_1_518' title='bbox 1450 1840 1540 1875; x_wconf 91' lang='lat' dir='ltr'><strong>primo</strong></span> <span class='ocrx_word' id='word_1_519' title='bbox 1554 1839 1621 1868; x_wconf 72' lang='lat' dir='ltr'><strong>Viue</strong></span> <span class='ocrx_word' id='word_1_520' title='bbox 1637 1840 1778 1870; x_wconf 76' lang='lat' dir='ltr'><strong>Michaelis</strong></span> <span class='ocrx_word' id='word_1_521' title='bbox 1794 1842 1825 1869; x_wconf 93' lang='lat' dir='ltr'><strong>lll</strong></span> <span class='ocrx_word' id='word_1_522' title='bbox 1842 1849 1868 1869; x_wconf 88' lang='lat' dir='ltr'><strong>ct</strong></span> 
     </span>
    </p>
   </div>
   <div class='ocr_carea' id='block_1_41' title="bbox 231 1881 1864 1922">
    <p class='ocr_par' dir='ltr' id='par_1_41' title="bbox 231 1881 1864 1922">
     <span class='ocr_line' id='line_1_41' title="bbox 231 1881 1864 1922; baseline 0.002 -12"><span class='ocrx_word' id='word_1_523' title='bbox 231 1890 260 1918; x_wconf 91' lang='lat' dir='ltr'><strong>p.</strong></span> <span class='ocrx_word' id='word_1_524' title='bbox 277 1881 343 1912; x_wconf 68' lang='lat'><strong>840.</strong></span> <span class='ocrx_word' id='word_1_525' title='bbox 358 1882 404 1910; x_wconf 79' lang='lat' dir='ltr'><strong>ubi</strong></span> <span class='ocrx_word' id='word_1_526' title='bbox 418 1883 478 1917; x_wconf 83' lang='lat' dir='ltr'><strong>ipse</strong></span> <span class='ocrx_word' id='word_1_527' title='bbox 493 1882 612 1917; x_wconf 88' lang='lat' dir='ltr'><strong>scriptor</strong></span> <span class='ocrx_word' id='word_1_528' title='bbox 632 1881 766 1916; x_wconf 85' lang='lat' dir='ltr'><strong>ampliora</strong></span> <span class='ocrx_word' id='word_1_529' title='bbox 781 1882 927 1916; x_wconf 90' lang='lat' dir='ltr'><strong>promittit,</strong></span> <span class='ocrx_word' id='word_1_530' title='bbox 943 1890 1003 1917; x_wconf 68' lang='lat' dir='ltr'><strong>qua:</strong></span> <span class='ocrx_word' id='word_1_531' title='bbox 1018 1883 1045 1909; x_wconf 93' lang='lat' dir='ltr'><strong>in</strong></span> <span class='ocrx_word' id='word_1_532' title='bbox 1060 1884 1118 1911; x_wconf 90' lang='lat' dir='ltr'><strong>solo</strong></span> <span class='ocrx_word' id='word_1_533' title='bbox 1135 1883 1335 1911; x_wconf 83' lang='lat' dir='ltr'><strong>Continuatore</strong></span> <span class='ocrx_word' id='word_1_534' title='bbox 1360 1893 1384 1911; x_wconf 93' lang='lat' dir='ltr'><strong>c.</strong></span> <span class='ocrx_word' id='word_1_535' title='bbox 1402 1885 1419 1912; x_wconf 70' lang='grc' dir='ltr'>ι</span> <span class='ocrx_word' id='word_1_536' title='bbox 1436 1885 1503 1911; x_wconf 76' lang='lat' dir='ltr'><strong>\‘itre</strong></span> <span class='ocrx_word' id='word_1_537' title='bbox 1519 1884 1693 1912; x_wconf 87' lang='lat' dir='ltr'><strong>Constantini</strong></span> <span class='ocrx_word' id='word_1_538' title='bbox 1710 1887 1864 1922; x_wconf 84' lang='lat' dir='ltr'><strong>Porpher-</strong></span> 
     </span>
    </p>
   </div>
   <div class='ocr_carea' id='block_1_42' title="bbox 231 1925 1868 1964">
    <p class='ocr_par' dir='ltr' id='par_1_42' title="bbox 231 1925 1868 1964">
     <span class='ocr_line' id='line_1_42' title="bbox 231 1925 1868 1964; baseline 0.003 -10"><span class='ocrx_word' id='word_1_539' title='bbox 231 1927 342 1962; x_wconf 73' lang='lat' dir='ltr'><strong>genueti</strong></span> <span class='ocrx_word' id='word_1_540' title='bbox 357 1927 545 1961; x_wconf 80' lang='lat' dir='ltr'><strong>reperiuntur.</strong></span> <span class='ocrx_word' id='word_1_541' title='bbox 565 1925 704 1954; x_wconf 89' lang='lat' dir='ltr'><strong>Interdum</strong></span> <span class='ocrx_word' id='word_1_542' title='bbox 725 1933 791 1953; x_wconf 87' lang='lat' dir='ltr'><strong>vero</strong></span> <span class='ocrx_word' id='word_1_543' title='bbox 806 1927 981 1954; x_wconf 87' lang='lat' dir='ltr'><strong>continuator</strong></span> <span class='ocrx_word' id='word_1_544' title='bbox 1002 1926 1110 1962; x_wconf 70' lang='lat' dir='ltr'><strong>Georgii</strong></span> <span class='ocrx_word' id='word_1_545' title='bbox 1126 1929 1227 1960; x_wconf 89' lang='lat' dir='ltr'><strong>editus,</strong></span> <span class='ocrx_word' id='word_1_546' title='bbox 1246 1929 1292 1963; x_wconf 88' lang='lat' dir='ltr'><strong>qui</strong></span> <span class='ocrx_word' id='word_1_547' title='bbox 1318 1933 1345 1956; x_wconf 92' lang='lat' dir='ltr'><strong>et</strong></span> <span class='ocrx_word' id='word_1_548' title='bbox 1368 1929 1396 1956; x_wconf 92' lang='lat' dir='ltr'><strong>in</strong></span> <span class='ocrx_word' id='word_1_549' title='bbox 1421 1929 1516 1956; x_wconf 88' lang='lat' dir='ltr'><strong>codice</strong></span> <span class='ocrx_word' id='word_1_550' title='bbox 1533 1927 1693 1964; x_wconf 82' lang='lat' dir='ltr'><strong>Mosquensi</strong></span> <span class='ocrx_word' id='word_1_551' title='bbox 1719 1930 1868 1960; x_wconf 75' lang='lat' dir='ltr'><strong>invenitur.</strong></span> 
     </span>
    </p>
   </div>
   <div class='ocr_carea' id='block_1_43' title="bbox 232 1968 1869 2007">
    <p class='ocr_par' dir='ltr' id='par_1_43' title="bbox 232 1968 1869 2007">
     <span class='ocr_line' id='line_1_43' title="bbox 232 1968 1869 2007; baseline 0.002 -10"><span class='ocrx_word' id='word_1_552' title='bbox 232 1976 298 1997; x_wconf 85' lang='lat' dir='ltr'><strong>cum</strong></span> <span class='ocrx_word' id='word_1_553' title='bbox 310 1968 447 2005; x_wconf 79' lang='lat' dir='ltr'><strong>Symeone</strong></span> <span class='ocrx_word' id='word_1_554' title='bbox 458 1975 556 1997; x_wconf 84' lang='lat' dir='ltr'><strong>contra</strong></span> <span class='ocrx_word' id='word_1_555' title='bbox 573 1968 738 1997; x_wconf 80' lang='lat' dir='ltr'><strong>Vaticanum</strong></span> <span class='ocrx_word' id='word_1_556' title='bbox 751 1970 899 1997; x_wconf 85' lang='lat' dir='ltr'><strong>consentit.</strong></span> <span class='ocrx_word' id='word_1_557' title='bbox 915 1970 957 1998; x_wconf 88' lang='lat' dir='ltr'><strong>Cl‘.</strong></span> <span class='ocrx_word' id='word_1_558' title='bbox 971 1970 997 1997; x_wconf 94' lang='lat' dir='ltr'><strong>in</strong></span> <span class='ocrx_word' id='word_1_559' title='bbox 1011 1970 1071 1998; x_wconf 87' lang='lat' dir='ltr'><strong>Vita</strong></span> <span class='ocrx_word' id='word_1_560' title='bbox 1082 1971 1176 1999; x_wconf 84' lang='lat' dir='ltr'><strong>Basilii</strong></span> <span class='ocrx_word' id='word_1_561' title='bbox 1189 1980 1213 1999; x_wconf 91' lang='lat' dir='ltr'><strong>c.</strong></span> <span class='ocrx_word' id='word_1_562' title='bbox 1228 1972 1262 2005; x_wconf 76' lang='lat'><strong>2;</strong></span> <span class='ocrx_word' id='word_1_563' title='bbox 1280 1973 1307 1999; x_wconf 95' lang='lat' dir='ltr'><strong>in</strong></span> <span class='ocrx_word' id='word_1_564' title='bbox 1322 1972 1415 1999; x_wconf 87' lang='lat' dir='ltr'><strong>Leone</strong></span> <span class='ocrx_word' id='word_1_565' title='bbox 1429 1972 1489 2007; x_wconf 87' lang='lat' dir='ltr'><strong>ejus</strong></span> <span class='ocrx_word' id='word_1_566' title='bbox 1505 1972 1561 1999; x_wconf 93' lang='lat' dir='ltr'><strong>tilio</strong></span> <span class='ocrx_word' id='word_1_567' title='bbox 1578 1980 1603 2000; x_wconf 89' lang='lat' dir='ltr'><strong>c.</strong></span> <span class='ocrx_word' id='word_1_568' title='bbox 1617 1972 1652 2000; x_wconf 77' lang='grc'><strong>55</strong></span> <span class='ocrx_word' id='word_1_569' title='bbox 1666 1973 1746 1999; x_wconf 78' lang='grc' dir='ltr'><strong>τοῦτο</strong></span> <span class='ocrx_word' id='word_1_570' title='bbox 1766 1975 1869 2002; x_wconf 70' lang='lat' dir='ltr'><strong>codicis</strong></span> 
     </span>
    </p>
   </div>
   <div class='ocr_carea' id='block_1_44' title="bbox 234 2014 1057 2053">
    <p class='ocr_par' dir='ltr' id='par_1_44' title="bbox 234 2014 1056 2050">
     <span class='ocr_line' id='line_1_44' title="bbox 234 2014 1056 2050; baseline -0.001 -8"><span class='ocrx_word' id='word_1_571' title='bbox 234 2014 410 2050; x_wconf 80' lang='lat' dir='ltr'><strong>Mosquensis</strong></span> <span class='ocrx_word' id='word_1_572' title='bbox 425 2022 452 2050; x_wconf 88' lang='lat' dir='ltr'><strong>p.</strong></span> <span class='ocrx_word' id='word_1_573' title='bbox 473 2014 526 2042; x_wconf 83' lang='lat'><strong>788</strong></span> <span class='ocrx_word' id='word_1_574' title='bbox 550 2022 565 2042; x_wconf 91' lang='lat' dir='ltr'><strong>a</strong></span> <span class='ocrx_word' id='word_1_575' title='bbox 590 2014 725 2050; x_wconf 80' lang='lat' dir='ltr'><strong>Symetme</strong></span> <span class='ocrx_word' id='word_1_576' title='bbox 752 2016 826 2042; x_wconf 90' lang='lat' dir='ltr'><strong>edito</strong></span> <span class='ocrx_word' id='word_1_577' title='bbox 851 2015 1004 2050; x_wconf 82' lang='lat' dir='ltr'><strong>explicatur</strong></span> <span class='ocrx_word' id='word_1_578' title='bbox 1023 2015 1056 2050; x_wconf 80' lang='grc' dir='ltr'><strong>τὴ</strong></span> 
     </span>
    </p>
   </div>
   <div class='ocr_carea' id='block_1_45' title="bbox 1043 2014 1866 2053">
    <p class='ocr_par' dir='ltr' id='par_1_45' title="bbox 1043 2015 1866 2053">
     <span class='ocr_line' id='line_1_45' title="bbox 1043 2015 1866 2053; baseline 0.004 -12"><span class='ocrx_word' id='word_1_579' title='bbox 1043 2015 1072 2050; x_wconf 80' lang='grc' dir='ltr'><strong>ὴν</strong></span> <span class='ocrx_word' id='word_1_580' title='bbox 1092 2017 1295 2051; x_wconf 76' lang='grc' dir='ltr'><strong>τετραγαμίαν,</strong></span> <span class='ocrx_word' id='word_1_581' title='bbox 1322 2024 1337 2044; x_wconf 89' lang='lat' dir='ltr'><strong>a</strong></span> <span class='ocrx_word' id='word_1_582' title='bbox 1360 2016 1454 2043; x_wconf 87' lang='lat' dir='ltr'><strong>codice</strong></span> <span class='ocrx_word' id='word_1_583' title='bbox 1473 2015 1606 2042; x_wconf 86' lang='lat' dir='ltr'><strong>Vaticano</strong></span> <span class='ocrx_word' id='word_1_584' title='bbox 1633 2015 1683 2051; x_wconf 83' lang='grc' dir='ltr'>τὴν</span> <span class='ocrx_word' id='word_1_585' title='bbox 1705 2017 1866 2053; x_wconf 81' lang='grc' dir='ltr'><strong>ἱερωσύνην.</strong></span> 
     </span>
    </p>
   </div>
   <div class='ocr_carea' id='block_1_46' title="bbox 236 2058 1869 2096">
    <p class='ocr_par' dir='ltr' id='par_1_46' title="bbox 236 2058 1869 2096">
     <span class='ocr_line' id='line_1_46' title="bbox 236 2058 1869 2096; baseline 0.001 -9"><span class='ocrx_word' id='word_1_586' title='bbox 236 2058 294 2087; x_wconf 85' lang='lat' dir='ltr'><strong>Sed</strong></span> <span class='ocrx_word' id='word_1_587' title='bbox 306 2058 409 2094; x_wconf 79' lang='lat' dir='ltr'><strong>ubique</strong></span> <span class='ocrx_word' id='word_1_588' title='bbox 424 2059 493 2085; x_wconf 80' lang='lat' dir='ltr'><strong>idem</strong></span> <span class='ocrx_word' id='word_1_589' title='bbox 509 2067 597 2086; x_wconf 83' lang='lat' dir='ltr'><strong>rerum</strong></span> <span class='ocrx_word' id='word_1_590' title='bbox 615 2059 681 2085; x_wconf 88' lang='lat' dir='ltr'><strong>ordo</strong></span> <span class='ocrx_word' id='word_1_591' title='bbox 697 2059 870 2092; x_wconf 76' lang='lat' dir='ltr'><strong>observatur,</strong></span> <span class='ocrx_word' id='word_1_592' title='bbox 890 2060 985 2087; x_wconf 86' lang='lat' dir='ltr'><strong>eadem</strong></span> <span class='ocrx_word' id='word_1_593' title='bbox 1002 2060 1087 2087; x_wconf 86' lang='lat' dir='ltr'><strong>series</strong></span> <span class='ocrx_word' id='word_1_594' title='bbox 1102 2060 1306 2094; x_wconf 71' lang='lat' dir='ltr'><strong>chronologica,</strong></span> <span class='ocrx_word' id='word_1_595' title='bbox 1332 2068 1393 2087; x_wconf 92' lang='lat' dir='ltr'><strong>cum</strong></span> <span class='ocrx_word' id='word_1_596' title='bbox 1416 2059 1592 2094; x_wconf 79' lang='lat' dir='ltr'><strong>amplitudine</strong></span> <span class='ocrx_word' id='word_1_597' title='bbox 1615 2064 1720 2087; x_wconf 87' lang='lat' dir='ltr'><strong>tantum</strong></span> <span class='ocrx_word' id='word_1_598' title='bbox 1741 2066 1869 2096; x_wconf 78' lang='lat' dir='ltr'><strong>excerpta</strong></span> 
     </span>
    </p>
   </div>
   <div class='ocr_carea' id='block_1_47' title="bbox 233 2101 1868 2139">
    <p class='ocr_par' dir='ltr' id='par_1_47' title="bbox 233 2101 1868 2139">
     <span class='ocr_line' id='line_1_47' title="bbox 233 2101 1868 2139; baseline 0.002 -10"><span class='ocrx_word' id='word_1_599' title='bbox 233 2101 308 2130; x_wconf 82' lang='lat' dir='ltr'><strong>inter</strong></span> <span class='ocrx_word' id='word_1_600' title='bbox 324 2109 354 2130; x_wconf 77' lang='lat' dir='ltr'><strong>se</strong></span> <span class='ocrx_word' id='word_1_601' title='bbox 370 2102 511 2137; x_wconf 55' lang='lat' dir='ltr'><strong>dinei-ant,</strong></span> <span class='ocrx_word' id='word_1_602' title='bbox 528 2107 555 2129; x_wconf 90' lang='lat' dir='ltr'><strong>et</strong></span> <span class='ocrx_word' id='word_1_603' title='bbox 570 2102 688 2138; x_wconf 81' lang='lat' dir='ltr'><strong>Symeon</strong></span> <span class='ocrx_word' id='word_1_604' title='bbox 711 2103 801 2130; x_wconf 88' lang='lat' dir='ltr'><strong>editus</strong></span> <span class='ocrx_word' id='word_1_605' title='bbox 813 2103 973 2137; x_wconf 89' lang='lat' dir='ltr'><strong>plerumque</strong></span> <span class='ocrx_word' id='word_1_606' title='bbox 996 2102 1105 2131; x_wconf 79' lang='lat' dir='ltr'><strong>brevior</strong></span> <span class='ocrx_word' id='word_1_607' title='bbox 1126 2104 1162 2130; x_wconf 89' lang='lat' dir='ltr'><strong>sit</strong></span> <span class='ocrx_word' id='word_1_608' title='bbox 1187 2104 1287 2136; x_wconf 88' lang='lat' dir='ltr'><strong>verbis,</strong></span> <span class='ocrx_word' id='word_1_609' title='bbox 1312 2104 1359 2130; x_wconf 76' lang='lat' dir='ltr'><strong>sed</strong></span> <span class='ocrx_word' id='word_1_610' title='bbox 1383 2104 1456 2131; x_wconf 90' lang='lat' dir='ltr'><strong>notis</strong></span> <span class='ocrx_word' id='word_1_611' title='bbox 1475 2104 1680 2139; x_wconf 79' lang='lat' dir='ltr'><strong>chronologicis</strong></span> <span class='ocrx_word' id='word_1_612' title='bbox 1697 2105 1868 2133; x_wconf 76' lang='lat' dir='ltr'><strong>instructior.</strong></span> 
     </span>
    </p>
   </div>
   <div class='ocr_carea' id='block_1_48' title="bbox 237 2145 1869 2184">
    <p class='ocr_par' dir='ltr' id='par_1_48' title="bbox 237 2145 1869 2184">
     <span class='ocr_line' id='line_1_48' title="bbox 237 2145 1869 2184; baseline 0.001 -10"><span class='ocrx_word' id='word_1_613' title='bbox 237 2145 358 2183; x_wconf 79' lang='lat' dir='ltr'><strong>Symcon</strong></span> <span class='ocrx_word' id='word_1_614' title='bbox 374 2146 464 2174; x_wconf 83' lang='lat' dir='ltr'><strong>editus</strong></span> <span class='ocrx_word' id='word_1_615' title='bbox 478 2146 504 2173; x_wconf 92' lang='lat' dir='ltr'><strong>in</strong></span> <span class='ocrx_word' id='word_1_616' title='bbox 519 2145 702 2174; x_wconf 84' lang='lat' dir='ltr'><strong>Constantino</strong></span> <span class='ocrx_word' id='word_1_617' title='bbox 717 2146 747 2173; x_wconf 86' lang='lat' dir='ltr'><strong>P.</strong></span> <span class='ocrx_word' id='word_1_618' title='bbox 767 2154 791 2174; x_wconf 87' lang='lat' dir='ltr'><strong>c.</strong></span> <span class='ocrx_word' id='word_1_619' title='bbox 807 2147 823 2174; x_wconf 87' lang='lat'><strong>8</strong></span> <span class='ocrx_word' id='word_1_620' title='bbox 841 2152 956 2174; x_wconf 85' lang='lat' dir='ltr'><strong>matrem</strong></span> <span class='ocrx_word' id='word_1_621' title='bbox 973 2147 1033 2180; x_wconf 85' lang='lat' dir='ltr'><strong>ejus</strong></span> <span class='ocrx_word' id='word_1_622' title='bbox 1045 2146 1117 2175; x_wconf 85' lang='lat' dir='ltr'><strong>Zoen</strong></span> <span class='ocrx_word' id='word_1_623' title='bbox 1134 2153 1267 2175; x_wconf 83' lang='lat' dir='ltr'><strong>memorat</strong></span> <span class='ocrx_word' id='word_1_624' title='bbox 1283 2148 1318 2174; x_wconf 91' lang='lat' dir='ltr'><strong>ab</strong></span> <span class='ocrx_word' id='word_1_625' title='bbox 1333 2148 1488 2175; x_wconf 79' lang='lat' dir='ltr'><strong>Alexandro</strong></span> <span class='ocrx_word' id='word_1_626' title='bbox 1507 2155 1522 2175; x_wconf 89' lang='lat' dir='ltr'><strong>e</strong></span> <span class='ocrx_word' id='word_1_627' title='bbox 1547 2148 1648 2182; x_wconf 80' lang='lat' dir='ltr'><strong>palatio</strong></span> <span class='ocrx_word' id='word_1_628' title='bbox 1669 2149 1795 2182; x_wconf 76' lang='lat' dir='ltr'><strong>ejectum,</strong></span> <span class='ocrx_word' id='word_1_629' title='bbox 1815 2157 1869 2184; x_wconf 87' lang='lat' dir='ltr'><strong>qua</strong></span> 
     </span>
    </p>
   </div>
   <div class='ocr_carea' id='block_1_49' title="bbox 233 2190 1871 2227">
    <p class='ocr_par' dir='ltr' id='par_1_49' title="bbox 233 2190 1871 2227">
     <span class='ocr_line' id='line_1_49' title="bbox 233 2190 1871 2227; baseline -0.001 -7"><span class='ocrx_word' id='word_1_630' title='bbox 233 2191 270 2220; x_wconf 76' lang='lat' dir='ltr'><strong>de</strong></span> <span class='ocrx_word' id='word_1_631' title='bbox 295 2198 324 2219; x_wconf 82' lang='lat' dir='ltr'><strong>re</strong></span> <span class='ocrx_word' id='word_1_632' title='bbox 337 2191 366 2219; x_wconf 85' lang='lat' dir='ltr'><strong>in</strong></span> <span class='ocrx_word' id='word_1_633' title='bbox 380 2191 441 2219; x_wconf 85' lang='lat' dir='ltr'><strong>Vita</strong></span> <span class='ocrx_word' id='word_1_634' title='bbox 454 2190 603 2218; x_wconf 80' lang='lat' dir='ltr'><strong>Alexandri</strong></span> <span class='ocrx_word' id='word_1_635' title='bbox 621 2191 695 2218; x_wconf 89' lang='lat' dir='ltr'><strong>edita</strong></span> <span class='ocrx_word' id='word_1_636' title='bbox 716 2191 783 2218; x_wconf 90' lang='lat' dir='ltr'><strong>nihil</strong></span> <span class='ocrx_word' id='word_1_637' title='bbox 809 2192 919 2225; x_wconf 81' lang='lat' dir='ltr'><strong>legitur.</strong></span> <span class='ocrx_word' id='word_1_638' title='bbox 936 2191 1069 2219; x_wconf 86' lang='lat' dir='ltr'><strong>Similiter</strong></span> <span class='ocrx_word' id='word_1_639' title='bbox 1085 2192 1203 2227; x_wconf 80' lang='lat' dir='ltr'><strong>Symeon</strong></span> <span class='ocrx_word' id='word_1_640' title='bbox 1222 2192 1312 2219; x_wconf 81' lang='lat' dir='ltr'><strong>editus</strong></span> <span class='ocrx_word' id='word_1_641' title='bbox 1338 2191 1453 2219; x_wconf 80' lang='lat' dir='ltr'><strong>Romani</strong></span> <span class='ocrx_word' id='word_1_642' title='bbox 1470 2191 1480 2218; x_wconf 89' lang='grc' dir='ltr'><strong>Ι</strong></span> <span class='ocrx_word' id='word_1_643' title='bbox 1501 2193 1527 2219; x_wconf 96' lang='lat' dir='ltr'><strong>in</strong></span> <span class='ocrx_word' id='word_1_644' title='bbox 1545 2191 1606 2220; x_wconf 85' lang='lat' dir='ltr'><strong>Vita</strong></span> <span class='ocrx_word' id='word_1_645' title='bbox 1629 2200 1655 2219; x_wconf 85' lang='lat' dir='ltr'><strong>c.</strong></span> <span class='ocrx_word' id='word_1_646' title='bbox 1672 2192 1706 2220; x_wconf 88' lang='lat'><strong>50</strong></span> <span class='ocrx_word' id='word_1_647' title='bbox 1727 2193 1759 2220; x_wconf 89' lang='lat' dir='ltr'><strong>de</strong></span> <span class='ocrx_word' id='word_1_648' title='bbox 1776 2201 1871 2221; x_wconf 79' lang='lat' dir='ltr'><strong>menso</strong></span> 
     </span>
    </p>
   </div>
   <div class='ocr_carea' id='block_1_50' title="bbox 235 2235 1870 2272">
    <p class='ocr_par' dir='ltr' id='par_1_50' title="bbox 235 2235 1870 2272">
     <span class='ocr_line' id='line_1_50' title="bbox 235 2235 1870 2272; baseline 0 -8"><span class='ocrx_word' id='word_1_649' title='bbox 235 2236 333 2271; x_wconf 78' lang='lat' dir='ltr'><strong>aliquo</strong></span> <span class='ocrx_word' id='word_1_650' title='bbox 349 2235 475 2271; x_wconf 87' lang='lat' dir='ltr'><strong>loquitur</strong></span> <span class='ocrx_word' id='word_1_651' title='bbox 500 2240 631 2269; x_wconf 88' lang='lat' dir='ltr'><strong>tanquam</strong></span> <span class='ocrx_word' id='word_1_652' title='bbox 643 2236 701 2270; x_wconf 86' lang='lat' dir='ltr'><strong>jam</strong></span> <span class='ocrx_word' id='word_1_653' title='bbox 719 2236 879 2270; x_wconf 84' lang='lat' dir='ltr'><strong>nominato;</strong></span> <span class='ocrx_word' id='word_1_654' title='bbox 896 2236 941 2263; x_wconf 88' lang='lat' dir='ltr'><strong>sed</strong></span> <span class='ocrx_word' id='word_1_655' title='bbox 958 2244 983 2263; x_wconf 90' lang='lat' dir='ltr'><strong>c.</strong></span> <span class='ocrx_word' id='word_1_656' title='bbox 997 2236 1030 2263; x_wconf 67' lang='grc'><strong>19</strong></span> <span class='ocrx_word' id='word_1_657' title='bbox 1045 2236 1078 2264; x_wconf 86' lang='lat' dir='ltr'><strong>de</strong></span> <span class='ocrx_word' id='word_1_658' title='bbox 1095 2235 1242 2263; x_wconf 84' lang='lat' dir='ltr'><strong>Decembrc</strong></span> <span class='ocrx_word' id='word_1_659' title='bbox 1257 2243 1347 2262; x_wconf 86' lang='lat' dir='ltr'><strong>sermo</strong></span> <span class='ocrx_word' id='word_1_660' title='bbox 1363 2235 1463 2268; x_wconf 80' lang='lat' dir='ltr'><strong>fuerat,</strong></span> <span class='ocrx_word' id='word_1_661' title='bbox 1478 2244 1532 2263; x_wconf 91' lang='lat' dir='ltr'><strong>non</strong></span> <span class='ocrx_word' id='word_1_662' title='bbox 1549 2236 1582 2263; x_wconf 84' lang='lat' dir='ltr'><strong>de</strong></span> <span class='ocrx_word' id='word_1_663' title='bbox 1591 2237 1727 2271; x_wconf 74' lang='lat' dir='ltr'><strong>Augusto,</strong></span> <span class='ocrx_word' id='word_1_664' title='bbox 1739 2238 1785 2272; x_wconf 92' lang='lat' dir='ltr'><strong>qui</strong></span> <span class='ocrx_word' id='word_1_665' title='bbox 1799 2238 1870 2271; x_wconf 83' lang='lat' dir='ltr'><strong>apud</strong></span> 
     </span>
    </p>
   </div>
   <div class='ocr_carea' id='block_1_51' title="bbox 233 2280 1870 2316">
    <p class='ocr_par' dir='ltr' id='par_1_51' title="bbox 233 2280 1870 2316">
     <span class='ocr_line' id='line_1_51' title="bbox 233 2280 1870 2316; baseline -0.002 -7"><span class='ocrx_word' id='word_1_666' title='bbox 233 2285 352 2309; x_wconf 56' lang='lat' dir='ltr'><strong>ceteros</strong></span> <span class='ocrx_word' id='word_1_667' title='bbox 368 2281 519 2316; x_wconf 82' lang='lat' dir='ltr'><strong>scriptores</strong></span> <span class='ocrx_word' id='word_1_668' title='bbox 534 2280 562 2307; x_wconf 89' lang='lat' dir='ltr'><strong>h.</strong></span> <span class='ocrx_word' id='word_1_669' title='bbox 578 2280 597 2306; x_wconf 91' lang='lat' dir='ltr'><strong>l.</strong></span> <span class='ocrx_word' id='word_1_670' title='bbox 611 2280 769 2313; x_wconf 83' lang='lat' dir='ltr'><strong>invenitur;</strong></span> <span class='ocrx_word' id='word_1_671' title='bbox 785 2280 857 2307; x_wconf 90' lang='lat' dir='ltr'><strong>unde</strong></span> <span class='ocrx_word' id='word_1_672' title='bbox 875 2280 1003 2315; x_wconf 89' lang='lat' dir='ltr'><strong>sequitur</strong></span> <span class='ocrx_word' id='word_1_673' title='bbox 1017 2280 1044 2307; x_wconf 89' lang='lat' dir='ltr'><strong>in</strong></span> <span class='ocrx_word' id='word_1_674' title='bbox 1060 2280 1195 2316; x_wconf 89' lang='lat' dir='ltr'><strong>Symeone</strong></span> <span class='ocrx_word' id='word_1_675' title='bbox 1212 2280 1285 2306; x_wconf 89' lang='lat' dir='ltr'><strong>edito</strong></span> <span class='ocrx_word' id='word_1_676' title='bbox 1301 2280 1378 2314; x_wconf 90' lang='lat' dir='ltr'><strong>plura</strong></span> <span class='ocrx_word' id='word_1_677' title='bbox 1395 2280 1498 2307; x_wconf 86' lang='lat' dir='ltr'><strong>omissa</strong></span> <span class='ocrx_word' id='word_1_678' title='bbox 1514 2288 1586 2307; x_wconf 88' lang='lat' dir='ltr'><strong>esse.</strong></span> <span class='ocrx_word' id='word_1_679' title='bbox 1601 2280 1629 2307; x_wconf 94' lang='lat' dir='ltr'><strong>lu</strong></span> <span class='ocrx_word' id='word_1_680' title='bbox 1645 2288 1670 2308; x_wconf 91' lang='lat' dir='ltr'><strong>c.</strong></span> <span class='ocrx_word' id='word_1_681' title='bbox 1687 2280 1721 2308; x_wconf 79' lang='lat'><strong>58</strong></span> <span class='ocrx_word' id='word_1_682' title='bbox 1735 2282 1870 2316; x_wconf 79' lang='grc' dir='ltr'><strong>ερίιοηια-</strong></span> 
     </span>
    </p>
   </div>
   <div class='ocr_carea' id='block_1_52' title="bbox 236 2324 1870 2361">
    <p class='ocr_par' dir='ltr' id='par_1_52' title="bbox 236 2324 1870 2361">
     <span class='ocr_line' id='line_1_52' title="bbox 236 2324 1870 2361; baseline -0.001 -9"><span class='ocrx_word' id='word_1_683' title='bbox 236 2331 281 2354; x_wconf 82' lang='lat' dir='ltr'><strong>tor</strong></span> <span class='ocrx_word' id='word_1_684' title='bbox 296 2324 434 2361; x_wconf 77' lang='lat' dir='ltr'><strong>Symeonis</strong></span> <span class='ocrx_word' id='word_1_685' title='bbox 452 2330 519 2360; x_wconf 84' lang='lat' dir='ltr'><strong>(non</strong></span> <span class='ocrx_word' id='word_1_686' title='bbox 536 2332 602 2352; x_wconf 83' lang='lat' dir='ltr'><strong>vero</strong></span> <span class='ocrx_word' id='word_1_687' title='bbox 615 2324 794 2353; x_wconf 83' lang='lat' dir='ltr'><strong>continuator</strong></span> <span class='ocrx_word' id='word_1_688' title='bbox 809 2324 933 2360; x_wconf 78' lang='lat' dir='ltr'><strong>ejusdem</strong></span> <span class='ocrx_word' id='word_1_689' title='bbox 952 2325 1013 2352; x_wconf 86' lang='lat' dir='ltr'><strong>inde</strong></span> <span class='ocrx_word' id='word_1_690' title='bbox 1025 2325 1059 2352; x_wconf 89' lang='lat' dir='ltr'><strong>ab</strong></span> <span class='ocrx_word' id='word_1_691' title='bbox 1074 2332 1099 2351; x_wconf 88' lang='lat' dir='ltr'><strong>a.</strong></span> <span class='ocrx_word' id='word_1_692' title='bbox 1118 2324 1170 2352; x_wconf 75' lang='grc'><strong>945</strong></span> <span class='ocrx_word' id='word_1_693' title='bbox 1184 2324 1225 2351; x_wconf 90' lang='lat' dir='ltr'><strong>vel</strong></span> <span class='ocrx_word' id='word_1_694' title='bbox 1241 2324 1304 2358; x_wconf 66' lang='grc'>949)</span> <span class='ocrx_word' id='word_1_695' title='bbox 1320 2324 1440 2351; x_wconf 79' lang='lat' dir='ltr'><strong>ostendit</strong></span> <span class='ocrx_word' id='word_1_696' title='bbox 1456 2331 1484 2351; x_wconf 89' lang='lat' dir='ltr'><strong>se</strong></span> <span class='ocrx_word' id='word_1_697' title='bbox 1501 2325 1584 2352; x_wconf 86' lang='lat' dir='ltr'><strong>multo</strong></span> <span class='ocrx_word' id='word_1_698' title='bbox 1601 2326 1771 2352; x_wconf 77' lang='lat' dir='ltr'><strong>recentiorem</strong></span> <span class='ocrx_word' id='word_1_699' title='bbox 1788 2326 1870 2353; x_wconf 78' lang='lat' dir='ltr'><strong>rebus</strong></span> 
     </span>
    </p>
   </div>
   <div class='ocr_carea' id='block_1_53' title="bbox 235 2367 1870 2405">
    <p class='ocr_par' dir='ltr' id='par_1_53' title="bbox 235 2367 1870 2405">
     <span class='ocr_line' id='line_1_53' title="bbox 235 2367 1870 2405; baseline 0 -8"><span class='ocrx_word' id='word_1_700' title='bbox 235 2377 262 2397; x_wconf 82' lang='lat' dir='ltr'><strong>a.</strong></span> <span class='ocrx_word' id='word_1_701' title='bbox 276 2369 331 2397; x_wconf 64' lang='lat' dir='ltr'><strong>9-H</strong></span> <span class='ocrx_word' id='word_1_702' title='bbox 346 2369 467 2396; x_wconf 84' lang='lat' dir='ltr'><strong>narratis</strong></span> <span class='ocrx_word' id='word_1_703' title='bbox 477 2368 527 2404; x_wconf 77' lang='lat' dir='ltr'><strong>(Lb;</strong></span> <span class='ocrx_word' id='word_1_704' title='bbox 539 2369 565 2396; x_wconf 78' lang='lat' dir='ltr'><strong>oi</strong></span> <span class='ocrx_word' id='word_1_705' title='bbox 579 2367 628 2395; x_wconf 82' lang='grc' dir='ltr'><strong>νῦν</strong></span> <span class='ocrx_word' id='word_1_706' title='bbox 646 2369 749 2403; x_wconf 74' lang='grc' dir='ltr'><strong>σοφοὶ),</strong></span> <span class='ocrx_word' id='word_1_707' title='bbox 765 2369 812 2396; x_wconf 91' lang='lat' dir='ltr'><strong>sed</strong></span> <span class='ocrx_word' id='word_1_708' title='bbox 829 2370 973 2397; x_wconf 80' lang='lat' dir='ltr'><strong>historiam</strong></span> <span class='ocrx_word' id='word_1_709' title='bbox 993 2377 1071 2397; x_wconf 87' lang='lat' dir='ltr'><strong>suam</strong></span> <span class='ocrx_word' id='word_1_710' title='bbox 1085 2369 1155 2397; x_wconf 85' lang='lat' dir='ltr'><strong>sicut</strong></span> <span class='ocrx_word' id='word_1_711' title='bbox 1173 2368 1227 2396; x_wconf 86' lang='lat' dir='ltr'><strong>Leo</strong></span> <span class='ocrx_word' id='word_1_712' title='bbox 1244 2368 1446 2396; x_wconf 82' lang='lat' dir='ltr'><strong>Grammaticus</strong></span> <span class='ocrx_word' id='word_1_713' title='bbox 1463 2369 1511 2404; x_wconf 91' lang='lat' dir='ltr'><strong>qui</strong></span> <span class='ocrx_word' id='word_1_714' title='bbox 1527 2377 1552 2395; x_wconf 85' lang='lat' dir='ltr'><strong>n.</strong></span> <span class='ocrx_word' id='word_1_715' title='bbox 1574 2369 1644 2398; x_wconf 76' lang='grc'>1015</span> <span class='ocrx_word' id='word_1_716' title='bbox 1659 2370 1778 2405; x_wconf 87' lang='lat' dir='ltr'><strong>scripsit,</strong></span> <span class='ocrx_word' id='word_1_717' title='bbox 1796 2370 1870 2397; x_wconf 88' lang='lat' dir='ltr'><strong>haud</strong></span> 
     </span>
    </p>
   </div>
   <div class='ocr_carea' id='block_1_54' title="bbox 236 2412 1870 2450">
    <p class='ocr_par' dir='ltr' id='par_1_54' title="bbox 236 2412 1870 2450">
     <span class='ocr_line' id='line_1_54' title="bbox 236 2412 1870 2450; baseline 0 -9"><span class='ocrx_word' id='word_1_718' title='bbox 236 2413 358 2448; x_wconf 82' lang='lat' dir='ltr'><strong>amplius</strong></span> <span class='ocrx_word' id='word_1_719' title='bbox 384 2420 467 2449; x_wconf 83' lang='lat' dir='ltr'><strong>quam</strong></span> <span class='ocrx_word' id='word_1_720' title='bbox 486 2420 572 2448; x_wconf 77' lang='lat' dir='ltr'><strong>usque</strong></span> <span class='ocrx_word' id='word_1_721' title='bbox 589 2412 623 2440; x_wconf 86' lang='lat' dir='ltr'><strong>ad</strong></span> <span class='ocrx_word' id='word_1_722' title='bbox 641 2413 797 2448; x_wconf 84' lang='lat' dir='ltr'><strong>dynastiam</strong></span> <span class='ocrx_word' id='word_1_723' title='bbox 836 2412 1087 2450; x_wconf 73' lang='lat' dir='ltr'><strong>Porphyrogenneti</strong></span> <span class='ocrx_word' id='word_1_724' title='bbox 1113 2418 1175 2448; x_wconf 89' lang='lat' dir='ltr'><strong>post</strong></span> <span class='ocrx_word' id='word_1_725' title='bbox 1195 2413 1329 2448; x_wconf 86' lang='lat' dir='ltr'><strong>Lecapeni</strong></span> <span class='ocrx_word' id='word_1_726' title='bbox 1356 2413 1472 2449; x_wconf 84' lang='lat' dir='ltr'><strong>ejusque</strong></span> <span class='ocrx_word' id='word_1_727' title='bbox 1492 2413 1612 2440; x_wconf 87' lang='lat' dir='ltr'><strong>tiliorum</strong></span> <span class='ocrx_word' id='word_1_728' title='bbox 1638 2413 1782 2441; x_wconf 85' lang='lat' dir='ltr'><strong>decessum</strong></span> <span class='ocrx_word' id='word_1_729' title='bbox 1796 2413 1870 2448; x_wconf 60' lang='lat'><strong>(9&amp;8)</strong></span> 
     </span>
    </p>
   </div>
   <div class='ocr_carea' id='block_1_55' title="bbox 235 2456 1871 2494">
    <p class='ocr_par' dir='ltr' id='par_1_55' title="bbox 235 2456 1871 2494">
     <span class='ocr_line' id='line_1_55' title="bbox 235 2456 1871 2494; baseline -0.001 -9"><span class='ocrx_word' id='word_1_730' title='bbox 235 2457 330 2486; x_wconf 84' lang='lat' dir='ltr'><strong>denuo</strong></span> <span class='ocrx_word' id='word_1_731' title='bbox 343 2457 459 2484; x_wconf 81' lang='lat' dir='ltr'><strong>ﬁrmiter</strong></span> <span class='ocrx_word' id='word_1_732' title='bbox 472 2456 622 2484; x_wconf 87' lang='lat' dir='ltr'><strong>stabilitam</strong></span> <span class='ocrx_word' id='word_1_733' title='bbox 641 2457 792 2492; x_wconf 86' lang='lat' dir='ltr'><strong>perducere</strong></span> <span class='ocrx_word' id='word_1_734' title='bbox 809 2457 945 2489; x_wconf 85' lang='lat' dir='ltr'><strong>voluerat,</strong></span> <span class='ocrx_word' id='word_1_735' title='bbox 969 2464 1032 2486; x_wconf 90' lang='lat' dir='ltr'><strong>cum</strong></span> <span class='ocrx_word' id='word_1_736' title='bbox 1056 2457 1230 2484; x_wconf 88' lang='lat' dir='ltr'><strong>coutinuator</strong></span> <span class='ocrx_word' id='word_1_737' title='bbox 1250 2457 1424 2492; x_wconf 85' lang='lat' dir='ltr'><strong>Theophanis</strong></span> <span class='ocrx_word' id='word_1_738' title='bbox 1444 2464 1531 2492; x_wconf 89' lang='lat' dir='ltr'><strong>usque</strong></span> <span class='ocrx_word' id='word_1_739' title='bbox 1545 2457 1579 2484; x_wconf 87' lang='lat' dir='ltr'><strong>ad</strong></span> <span class='ocrx_word' id='word_1_740' title='bbox 1595 2464 1622 2484; x_wconf 90' lang='lat' dir='ltr'><strong>a.</strong></span> <span class='ocrx_word' id='word_1_741' title='bbox 1640 2456 1694 2484; x_wconf 77' lang='lat'><strong>953</strong></span> <span class='ocrx_word' id='word_1_742' title='bbox 1708 2462 1734 2486; x_wconf 85' lang='lat' dir='ltr'><strong>et</strong></span> <span class='ocrx_word' id='word_1_743' title='bbox 1752 2456 1871 2494; x_wconf 86' lang='lat' dir='ltr'><strong>Symeou</strong></span> 
     </span>
    </p>
   </div>
   <div class='ocr_carea' id='block_1_56' title="bbox 235 2500 1874 2537">
    <p class='ocr_par' dir='ltr' id='par_1_56' title="bbox 235 2500 1874 2537">
     <span class='ocr_line' id='line_1_56' title="bbox 235 2500 1874 2537; baseline -0.001 -6"><span class='ocrx_word' id='word_1_744' title='bbox 235 2503 417 2531; x_wconf 77' lang='lat' dir='ltr'><strong>continuatus</strong></span> <span class='ocrx_word' id='word_1_745' title='bbox 433 2508 522 2537; x_wconf 76' lang='lat' dir='ltr'><strong>usque</strong></span> <span class='ocrx_word' id='word_1_746' title='bbox 539 2501 573 2529; x_wconf 86' lang='lat' dir='ltr'><strong>ad</strong></span> <span class='ocrx_word' id='word_1_747' title='bbox 587 2509 614 2529; x_wconf 86' lang='lat' dir='ltr'><strong>a.</strong></span> <span class='ocrx_word' id='word_1_748' title='bbox 629 2501 682 2530; x_wconf 73' lang='lat'><strong>962</strong></span> <span class='ocrx_word' id='word_1_749' title='bbox 698 2507 855 2530; x_wconf 81' lang='lat' dir='ltr'><strong>excurrant.</strong></span> <span class='ocrx_word' id='word_1_750' title='bbox 871 2501 1016 2537; x_wconf 86' lang='lat' dir='ltr'><strong>Symeonis</strong></span> <span class='ocrx_word' id='word_1_751' title='bbox 1030 2506 1096 2528; x_wconf 71' lang='lat' dir='ltr'><strong>tetas</strong></span> <span class='ocrx_word' id='word_1_752' title='bbox 1110 2502 1167 2536; x_wconf 85' lang='lat' dir='ltr'><strong>jam</strong></span> <span class='ocrx_word' id='word_1_753' title='bbox 1184 2501 1248 2528; x_wconf 89' lang='lat' dir='ltr'><strong>inde</strong></span> <span class='ocrx_word' id='word_1_754' title='bbox 1264 2501 1401 2535; x_wconf 66' lang='lat' dir='ltr'><strong>colligitur</strong></span> <span class='ocrx_word' id='word_1_755' title='bbox 1415 2500 1487 2535; x_wconf 90' lang='lat' dir='ltr'><strong>quod</strong></span> <span class='ocrx_word' id='word_1_756' title='bbox 1509 2508 1535 2535; x_wconf 89' lang='lat' dir='ltr'><strong>p.</strong></span> <span class='ocrx_word' id='word_1_757' title='bbox 1553 2500 1604 2528; x_wconf 75' lang='grc'>7-17</span> <span class='ocrx_word' id='word_1_758' title='bbox 1618 2505 1646 2528; x_wconf 85' lang='lat' dir='ltr'><strong>et</strong></span> <span class='ocrx_word' id='word_1_759' title='bbox 1661 2501 1712 2529; x_wconf 83' lang='grc'><strong>750</strong></span> <span class='ocrx_word' id='word_1_760' title='bbox 1729 2501 1764 2529; x_wconf 90' lang='lat' dir='ltr'><strong>ad</strong></span> <span class='ocrx_word' id='word_1_761' title='bbox 1784 2510 1874 2529; x_wconf 71' lang='lat' dir='ltr'><strong>annos</strong></span> 
     </span>
    </p>
   </div>
   <div class='ocr_carea' id='block_1_57' title="bbox 236 2543 1876 2583">
    <p class='ocr_par' dir='ltr' id='par_1_57' title="bbox 236 2543 1876 2583">
     <span class='ocr_line' id='line_1_57' title="bbox 236 2543 1876 2583; baseline -0.002 -7"><span class='ocrx_word' id='word_1_762' title='bbox 236 2547 293 2576; x_wconf 76' lang='lat'><strong>866</strong></span> <span class='ocrx_word' id='word_1_763' title='bbox 306 2552 333 2575; x_wconf 82' lang='lat' dir='ltr'><strong>et</strong></span> <span class='ocrx_word' id='word_1_764' title='bbox 345 2546 397 2575; x_wconf 75' lang='lat'><strong>867</strong></span> <span class='ocrx_word' id='word_1_765' title='bbox 411 2547 506 2583; x_wconf 74' lang='lat' dir='ltr'><strong>plures</strong></span> <span class='ocrx_word' id='word_1_766' title='bbox 522 2546 573 2574; x_wconf 83' lang='lat' dir='ltr'><strong>viri</strong></span> <span class='ocrx_word' id='word_1_767' title='bbox 587 2553 603 2574; x_wconf 84' lang='lat' dir='ltr'><strong>a</strong></span> <span class='ocrx_word' id='word_1_768' title='bbox 618 2546 683 2574; x_wconf 85' lang='lat' dir='ltr'><strong>illiis</strong></span> <span class='ocrx_word' id='word_1_769' title='bbox 695 2553 804 2578; x_wconf 86' lang='lat' dir='ltr'><strong>eorum,</strong></span> <span class='ocrx_word' id='word_1_770' title='bbox 822 2550 946 2582; x_wconf 90' lang='lat' dir='ltr'><strong>tempore</strong></span> <span class='ocrx_word' id='word_1_771' title='bbox 969 2545 1111 2581; x_wconf 79' lang='lat' dir='ltr'><strong>scriptoris</strong></span> <span class='ocrx_word' id='word_1_772' title='bbox 1130 2543 1166 2580; x_wconf 81' lang='grc' dir='ltr'><strong>(ς.</strong></span> <span class='ocrx_word' id='word_1_773' title='bbox 1195 2553 1220 2572; x_wconf 88' lang='lat' dir='ltr'><strong>a.</strong></span> <span class='ocrx_word' id='word_1_774' title='bbox 1254 2544 1317 2577; x_wconf 80' lang='grc'>900)</span> <span class='ocrx_word' id='word_1_775' title='bbox 1335 2544 1408 2572; x_wconf 83' lang='lat' dir='ltr'><strong>notis</strong></span> <span class='ocrx_word' id='word_1_776' title='bbox 1426 2544 1616 2579; x_wconf 70' lang='lat' dir='ltr'><strong>designantur,</strong></span> <span class='ocrx_word' id='word_1_777' title='bbox 1634 2549 1661 2573; x_wconf 90' lang='lat' dir='ltr'><strong>et</strong></span> <span class='ocrx_word' id='word_1_778' title='bbox 1684 2547 1757 2581; x_wconf 86' lang='lat' dir='ltr'><strong>quod</strong></span> <span class='ocrx_word' id='word_1_779' title='bbox 1775 2553 1803 2582; x_wconf 91' lang='lat' dir='ltr'><strong>p.</strong></span> <span class='ocrx_word' id='word_1_780' title='bbox 1823 2546 1876 2574; x_wconf 80' lang='grc'><strong>755</strong></span> 
     </span>
    </p>
   </div>
   <div class='ocr_carea' id='block_1_58' title="bbox 238 2588 1873 2628">
    <p class='ocr_par' dir='ltr' id='par_1_58' title="bbox 238 2588 1873 2628">
     <span class='ocr_line' id='line_1_58' title="bbox 238 2588 1873 2628; baseline -0.002 -8"><span class='ocrx_word' id='word_1_781' title='bbox 238 2590 465 2628; x_wconf 74' lang='lat' dir='ltr'><strong>Theopbylactus</strong></span> <span class='ocrx_word' id='word_1_782' title='bbox 488 2590 654 2618; x_wconf 81' lang='lat' dir='ltr'><strong>Abastactus</strong></span> <span class='ocrx_word' id='word_1_783' title='bbox 678 2594 810 2626; x_wconf 84' lang='lat' dir='ltr'><strong>tanquam</strong></span> <span class='ocrx_word' id='word_1_784' title='bbox 832 2594 909 2625; x_wconf 83' lang='lat' dir='ltr'><strong>pater</strong></span> <span class='ocrx_word' id='word_1_785' title='bbox 936 2589 1050 2618; x_wconf 76' lang='lat' dir='ltr'><strong>Romani</strong></span> <span class='ocrx_word' id='word_1_786' title='bbox 1075 2588 1248 2622; x_wconf 86' lang='lat' dir='ltr'><strong>imperatoris</strong></span> <span class='ocrx_word' id='word_1_787' title='bbox 1273 2588 1347 2624; x_wconf 87' lang='lat' dir='ltr'><strong>(inde</strong></span> <span class='ocrx_word' id='word_1_788' title='bbox 1374 2589 1407 2616; x_wconf 85' lang='lat' dir='ltr'><strong>ah</strong></span> <span class='ocrx_word' id='word_1_789' title='bbox 1435 2596 1460 2615; x_wconf 69' lang='grc' dir='ltr'><strong>ε.</strong></span> <span class='ocrx_word' id='word_1_790' title='bbox 1485 2588 1547 2623; x_wconf 71' lang='grc'>920)</span> <span class='ocrx_word' id='word_1_791' title='bbox 1566 2594 1745 2617; x_wconf 85' lang='lat' dir='ltr'><strong>memoratur.</strong></span> <span class='ocrx_word' id='word_1_792' title='bbox 1762 2589 1873 2618; x_wconf 71' lang='grc'><strong>(21.763</strong></span> 
     </span>
    </p>
   </div>
   <div class='ocr_carea' id='block_1_59' title="bbox 239 2632 1189 2670">
    <p class='ocr_par' dir='ltr' id='par_1_59' title="bbox 239 2632 1189 2670">
     <span class='ocr_line' id='line_1_59' title="bbox 239 2632 1189 2670; baseline -0.003 -6"><span class='ocrx_word' id='word_1_793' title='bbox 239 2643 304 2664; x_wconf 84' lang='lat' dir='ltr'><strong>eum</strong></span> <span class='ocrx_word' id='word_1_794' title='bbox 316 2635 371 2664; x_wconf 82' lang='grc'>’170</span> <span class='ocrx_word' id='word_1_795' title='bbox 384 2634 419 2663; x_wconf 84' lang='lat' dir='ltr'><strong>de</strong></span> <span class='ocrx_word' id='word_1_796' title='bbox 432 2634 615 2663; x_wconf 79' lang='lat' dir='ltr'><strong>Constantino</strong></span> <span class='ocrx_word' id='word_1_797' title='bbox 630 2638 659 2662; x_wconf 82' lang='lat' dir='ltr'><strong>et</strong></span> <span class='ocrx_word' id='word_1_798' title='bbox 676 2632 733 2662; x_wconf 86' lang='lat' dir='ltr'><strong>Zoe</strong></span> <span class='ocrx_word' id='word_1_799' title='bbox 745 2634 827 2662; x_wconf 89' lang='lat' dir='ltr'><strong>simul</strong></span> <span class='ocrx_word' id='word_1_800' title='bbox 843 2634 1023 2670; x_wconf 75' lang='lat' dir='ltr'><strong>regnantibus</strong></span> <span class='ocrx_word' id='word_1_801' title='bbox 1037 2632 1189 2669; x_wconf 67' lang='lat' dir='ltr'><strong>(MS-920).</strong></span> 
     </span>
    </p>
   </div>
   <div class='ocr_carea' id='block_1_60' title="bbox 276 2687 1875 2727">
    <p class='ocr_par' dir='ltr' id='par_1_60' title="bbox 276 2687 1875 2727">
     <span class='ocr_line' id='line_1_60' title="bbox 276 2687 1875 2727; baseline -0.001 -9"><span class='ocrx_word' id='word_1_802' title='bbox 276 2689 293 2727; x_wconf 64' lang='grc' dir='ltr'>ί</span> <span class='ocrx_word' id='word_1_803' title='bbox 310 2689 352 2719; x_wconf 72' lang='lat' dir='ltr'><strong>l2.</strong></span> <span class='ocrx_word' id='word_1_804' title='bbox 366 2688 466 2718; x_wconf 67' lang='lat' dir='ltr'><strong>Sestus</strong></span> <span class='ocrx_word' id='word_1_805' title='bbox 478 2687 546 2716; x_wconf 80' lang='lat' dir='ltr'><strong>lilur</strong></span> <span class='ocrx_word' id='word_1_806' title='bbox 561 2688 624 2715; x_wconf 83' lang='lat' dir='ltr'><strong>inde</strong></span> <span class='ocrx_word' id='word_1_807' title='bbox 637 2695 653 2716; x_wconf 84' lang='lat' dir='ltr'><strong>a</strong></span> <span class='ocrx_word' id='word_1_808' title='bbox 668 2695 696 2724; x_wconf 89' lang='lat' dir='ltr'><strong>p.</strong></span> <span class='ocrx_word' id='word_1_809' title='bbox 712 2687 766 2716; x_wconf 82' lang='lat'><strong>858</strong></span> <span class='ocrx_word' id='word_1_810' title='bbox 786 2687 1020 2716; x_wconf 87' lang='lat' dir='ltr'><strong>continuationem</strong></span> <span class='ocrx_word' id='word_1_811' title='bbox 1036 2688 1157 2721; x_wconf 80' lang='lat' dir='ltr'><strong>exhibet,</strong></span> <span class='ocrx_word' id='word_1_812' title='bbox 1169 2696 1230 2724; x_wconf 69' lang='lat' dir='ltr'><strong>qua</strong></span> <span class='ocrx_word' id='word_1_813' title='bbox 1247 2688 1275 2716; x_wconf 91' lang='lat' dir='ltr'><strong>in</strong></span> <span class='ocrx_word' id='word_1_814' title='bbox 1291 2688 1434 2718; x_wconf 86' lang='lat' dir='ltr'><strong>codicibus</strong></span> <span class='ocrx_word' id='word_1_815' title='bbox 1448 2688 1597 2717; x_wconf 84' lang='lat' dir='ltr'><strong>Parisiensi</strong></span> <span class='ocrx_word' id='word_1_816' title='bbox 1614 2688 1684 2718; x_wconf 80' lang='grc'>1708</span> <span class='ocrx_word' id='word_1_817' title='bbox 1696 2694 1723 2718; x_wconf 82' lang='lat' dir='ltr'><strong>et</strong></span> <span class='ocrx_word' id='word_1_818' title='bbox 1737 2689 1875 2718; x_wconf 77' lang='lat' dir='ltr'><strong>Marciano</strong></span> 
     </span>
    </p>
   </div>
   <div class='ocr_carea' id='block_1_61' title="bbox 241 2730 1873 2770">
    <p class='ocr_par' dir='ltr' id='par_1_61' title="bbox 241 2730 1873 2770">
     <span class='ocr_line' id='line_1_61' title="bbox 241 2730 1873 2770; baseline -0.001 -7"><span class='ocrx_word' id='word_1_819' title='bbox 241 2734 296 2763; x_wconf 77' lang='lat'><strong>608</strong></span> <span class='ocrx_word' id='word_1_820' title='bbox 307 2733 428 2770; x_wconf 64' lang='lat' dir='ltr'><strong>legitur;</strong></span> <span class='ocrx_word' id='word_1_821' title='bbox 448 2733 476 2761; x_wconf 92' lang='lat' dir='ltr'><strong>in</strong></span> <span class='ocrx_word' id='word_1_822' title='bbox 494 2732 547 2760; x_wconf 85' lang='lat' dir='ltr'><strong>hoc</strong></span> <span class='ocrx_word' id='word_1_823' title='bbox 562 2730 660 2769; x_wconf 73' lang='lat' dir='ltr'><strong>[Xlll]</strong></span> <span class='ocrx_word' id='word_1_824' title='bbox 676 2732 787 2768; x_wconf 83' lang='lat' dir='ltr'><strong>quidem</strong></span> <span class='ocrx_word' id='word_1_825' title='bbox 803 2732 839 2760; x_wconf 88' lang='lat' dir='ltr'><strong>ab</strong></span> <span class='ocrx_word' id='word_1_826' title='bbox 855 2739 883 2760; x_wconf 69' lang='grc' dir='ltr'><strong>ι.</strong></span> <span class='ocrx_word' id='word_1_827' title='bbox 899 2731 953 2760; x_wconf 74' lang='grc'><strong>915</strong></span> <span class='ocrx_word' id='word_1_828' title='bbox 966 2732 1000 2760; x_wconf 90' lang='lat' dir='ltr'><strong>ad</strong></span> <span class='ocrx_word' id='word_1_829' title='bbox 1014 2739 1041 2760; x_wconf 87' lang='lat' dir='ltr'><strong>a.</strong></span> <span class='ocrx_word' id='word_1_830' title='bbox 1056 2732 1126 2761; x_wconf 86' lang='grc'>1078</span> <span class='ocrx_word' id='word_1_831' title='bbox 1147 2737 1253 2761; x_wconf 87' lang='lat' dir='ltr'><strong>tantum</strong></span> <span class='ocrx_word' id='word_1_832' title='bbox 1270 2737 1297 2761; x_wconf 90' lang='lat' dir='ltr'><strong>ct</strong></span> <span class='ocrx_word' id='word_1_833' title='bbox 1310 2734 1419 2769; x_wconf 89' lang='lat' dir='ltr'><strong>quidem</strong></span> <span class='ocrx_word' id='word_1_834' title='bbox 1440 2733 1503 2761; x_wconf 88' lang='lat' dir='ltr'><strong>inde</strong></span> <span class='ocrx_word' id='word_1_835' title='bbox 1518 2734 1552 2762; x_wconf 85' lang='lat' dir='ltr'><strong>ab</strong></span> <span class='ocrx_word' id='word_1_836' title='bbox 1563 2741 1589 2761; x_wconf 91' lang='lat' dir='ltr'><strong>a.</strong></span> <span class='ocrx_word' id='word_1_837' title='bbox 1603 2734 1657 2762; x_wconf 78' lang='grc'><strong>965</strong></span> <span class='ocrx_word' id='word_1_838' title='bbox 1669 2734 1873 2762; x_wconf 84' lang='lat' dir='ltr'><strong>brevissimam.</strong></span> 
     </span>
    </p>
   </div>
   <div class='ocr_carea' id='block_1_62' title="bbox 241 2775 1874 2814">
    <p class='ocr_par' dir='ltr' id='par_1_62' title="bbox 241 2775 1874 2814">
     <span class='ocr_line' id='line_1_62' title="bbox 241 2775 1874 2814; baseline -0.001 -7"><span class='ocrx_word' id='word_1_839' title='bbox 241 2778 320 2808; x_wconf 74' lang='lat' dir='ltr'><strong>Vitas</strong></span> <span class='ocrx_word' id='word_1_840' title='bbox 333 2777 555 2814; x_wconf 84' lang='lat' dir='ltr'><strong>patriarcharum</strong></span> <span class='ocrx_word' id='word_1_841' title='bbox 571 2776 664 2812; x_wconf 86' lang='lat' dir='ltr'><strong>potius</strong></span> <span class='ocrx_word' id='word_1_842' title='bbox 677 2775 882 2805; x_wconf 78' lang='lat' dir='ltr'><strong>describentem</strong></span> <span class='ocrx_word' id='word_1_843' title='bbox 898 2784 981 2812; x_wconf 86' lang='lat' dir='ltr'><strong>quam</strong></span> <span class='ocrx_word' id='word_1_844' title='bbox 998 2777 1206 2811; x_wconf 84' lang='lat' dir='ltr'><strong>imperatorum.</strong></span> <span class='ocrx_word' id='word_1_845' title='bbox 1222 2776 1309 2811; x_wconf 83' lang='lat' dir='ltr'><strong>Quam</strong></span> <span class='ocrx_word' id='word_1_846' title='bbox 1325 2779 1360 2806; x_wconf 89' lang='lat' dir='ltr'><strong>ob</strong></span> <span class='ocrx_word' id='word_1_847' title='bbox 1373 2786 1430 2806; x_wconf 85' lang='lat' dir='ltr'><strong>rem</strong></span> <span class='ocrx_word' id='word_1_848' title='bbox 1443 2786 1515 2810; x_wconf 85' lang='lat' dir='ltr'><strong>cam,</strong></span> <span class='ocrx_word' id='word_1_849' title='bbox 1531 2778 1658 2814; x_wconf 75' lang='lat' dir='ltr'><strong>quamvis</strong></span> <span class='ocrx_word' id='word_1_850' title='bbox 1672 2777 1812 2812; x_wconf 84' lang='lat' dir='ltr'><strong>antiquior</strong></span> <span class='ocrx_word' id='word_1_851' title='bbox 1827 2778 1874 2806; x_wconf 75' lang='lat' dir='ltr'><strong>sit.</strong></span> 
     </span>
    </p>
   </div>
   <div class='ocr_carea' id='block_1_63' title="bbox 240 2819 1874 2859">
    <p class='ocr_par' dir='ltr' id='par_1_63' title="bbox 240 2819 1874 2859">
     <span class='ocr_line' id='line_1_63' title="bbox 240 2819 1874 2859; baseline -0.002 -8"><span class='ocrx_word' id='word_1_852' title='bbox 240 2822 367 2859; x_wconf 77' lang='lat' dir='ltr'><strong>ampliori</strong></span> <span class='ocrx_word' id='word_1_853' title='bbox 381 2821 584 2851; x_wconf 85' lang='lat' dir='ltr'><strong>continuationi</strong></span> <span class='ocrx_word' id='word_1_854' title='bbox 597 2820 702 2850; x_wconf 86' lang='lat' dir='ltr'><strong>codicis</strong></span> <span class='ocrx_word' id='word_1_855' title='bbox 717 2820 894 2855; x_wconf 84' lang='lat' dir='ltr'><strong>Parisiensis,</strong></span> <span class='ocrx_word' id='word_1_856' title='bbox 911 2828 967 2848; x_wconf 91' lang='lat' dir='ltr'><strong>tum</strong></span> <span class='ocrx_word' id='word_1_857' title='bbox 983 2828 998 2848; x_wconf 88' lang='lat' dir='ltr'><strong>e</strong></span> <span class='ocrx_word' id='word_1_858' title='bbox 1016 2819 1122 2849; x_wconf 85' lang='lat' dir='ltr'><strong>Zonara</strong></span> <span class='ocrx_word' id='word_1_859' title='bbox 1139 2822 1238 2857; x_wconf 62' lang='lat' dir='ltr'><strong>potitae,</strong></span> <span class='ocrx_word' id='word_1_860' title='bbox 1260 2827 1316 2850; x_wconf 87' lang='lat' dir='ltr'><strong>tttm</strong></span> <span class='ocrx_word' id='word_1_861' title='bbox 1332 2823 1481 2853; x_wconf 84' lang='lat' dir='ltr'><strong>recentiori</strong></span> <span class='ocrx_word' id='word_1_862' title='bbox 1507 2821 1638 2850; x_wconf 86' lang='lat' dir='ltr'><strong>idiomatc</strong></span> <span class='ocrx_word' id='word_1_863' title='bbox 1661 2821 1772 2856; x_wconf 69' lang='lat' dir='ltr'><strong>scripta</strong></span> <span class='ocrx_word' id='word_1_864' title='bbox 1787 2821 1874 2856; x_wconf 84' lang='lat' dir='ltr'><strong>subji-</strong></span> 
     </span>
    </p>
   </div>
   <div class='ocr_carea' id='block_1_64' title="bbox 240 2865 600 2895">
    <p class='ocr_par' dir='ltr' id='par_1_64' title="bbox 240 2865 600 2895">
     <span class='ocr_line' id='line_1_64' title="bbox 240 2865 600 2895; baseline -0.008 -1"><span class='ocrx_word' id='word_1_865' title='bbox 240 2866 367 2895; x_wconf 77' lang='lat' dir='ltr'><strong>ciendam</strong></span> <span class='ocrx_word' id='word_1_866' title='bbox 379 2872 444 2895; x_wconf 74' lang='lat' dir='ltr'><strong>esse</strong></span> <span class='ocrx_word' id='word_1_867' title='bbox 457 2865 600 2894; x_wconf 79' lang='lat' dir='ltr'><strong>duximus.</strong></span> 
     </span>
    </p>
   </div>
   <div class='ocr_carea' id='block_1_65' title="bbox 282 2908 1875 2948">
    <p class='ocr_par' dir='ltr' id='par_1_65' title="bbox 282 2908 1875 2948">
     <span class='ocr_line' id='line_1_65' title="bbox 282 2908 1875 2948; baseline -0.004 -9"><span class='ocrx_word' id='word_1_868' title='bbox 282 2910 298 2948; x_wconf 66' lang='grc' dir='ltr'>ί</span> <span class='ocrx_word' id='word_1_869' title='bbox 315 2911 360 2940; x_wconf 74' lang='grc'>15.</span> <span class='ocrx_word' id='word_1_870' title='bbox 374 2909 514 2947; x_wconf 71' lang='lat' dir='ltr'><strong>8¢ptimn</strong></span> <span class='ocrx_word' id='word_1_871' title='bbox 529 2909 598 2938; x_wconf 83' lang='lat' dir='ltr'><strong>liber</strong></span> <span class='ocrx_word' id='word_1_872' title='bbox 615 2908 649 2937; x_wconf 87' lang='lat' dir='ltr'><strong>de</strong></span> <span class='ocrx_word' id='word_1_873' title='bbox 666 2909 804 2937; x_wconf 89' lang='lat' dir='ltr'><strong>creatione</strong></span> <span class='ocrx_word' id='word_1_874' title='bbox 825 2917 839 2937; x_wconf 84' lang='lat' dir='ltr'><strong>e</strong></span> <span class='ocrx_word' id='word_1_875' title='bbox 860 2908 994 2946; x_wconf 83' lang='lat' dir='ltr'><strong>Symeone</strong></span> <span class='ocrx_word' id='word_1_876' title='bbox 1009 2914 1036 2939; x_wconf 87' lang='lat' dir='ltr'><strong>et</strong></span> <span class='ocrx_word' id='word_1_877' title='bbox 1051 2915 1158 2939; x_wconf 68' lang='lat' dir='ltr'><strong>octavo:</strong></span> <span class='ocrx_word' id='word_1_878' title='bbox 1176 2910 1245 2940; x_wconf 90' lang='lat' dir='ltr'><strong>libcr</strong></span> <span class='ocrx_word' id='word_1_879' title='bbox 1267 2911 1300 2939; x_wconf 85' lang='lat' dir='ltr'><strong>ad</strong></span> <span class='ocrx_word' id='word_1_880' title='bbox 1327 2918 1429 2939; x_wconf 86' lang='lat' dir='ltr'><strong>annum</strong></span> <span class='ocrx_word' id='word_1_881' title='bbox 1451 2910 1519 2937; x_wconf 71' lang='grc'>1165</span> <span class='ocrx_word' id='word_1_882' title='bbox 1533 2908 1707 2937; x_wconf 81' lang='lat' dir='ltr'><strong>continuatus</strong></span> <span class='ocrx_word' id='word_1_883' title='bbox 1731 2908 1760 2937; x_wconf 85' lang='lat' dir='ltr'><strong>in</strong></span> <span class='ocrx_word' id='word_1_884' title='bbox 1783 2912 1875 2937; x_wconf 80' lang='lat' dir='ltr'><strong>nostra</strong></span> 
     </span>
    </p>
   </div>
  </div>
