4168 6446
521 401 594 467 :3
1875 364 2468 467 PROLEGOMENA.
3721 405 3795 469 at

521 524 581 572 et
631 521 874 585 exegetat
923 515 1276 574 Alexandrini
1333 517 1460 581 569,
1522 518 1628 581 19;
1681 516 1754 573 cl'.
1820 516 1921 573 551
1982 517 2051 573 de
2085 514 2285 590 ,[XXI]
2339 515 2566 573 Iustino
2627 517 2699 581 II,
2775 516 2992 573 caeteris
3054 517 3107 570 in
3149 516 3313 572 codd.
3370 517 3791 588 desiderantur;

517 603 587 657 3°
619 616 652 657 θ
683 600 989 673 Logotheta,
1035 602 1132 658 τοῦ
1182 603 1485 672 Λογοθέτου
1536 619 1591 673 p.
1646 602 1740 666 80.
1785 603 1855 659 I8
1879 604 2052 674 (III).
2084 604 2159 661 72

2147 605 2218 667 II.
2247 604 2303 671 ι,
2337 604 2598 677 (182⁸)-θι
2625 603 2752 669 851,
2791 602 2857 659 21
2898 602 3105 676 (205-).
3134 604 3272 670 Quae
3298 605 3490 662 ultima
3521 622 3648 663 cum
3681 608 3793 664 sint

521 688 757 760 Georgio
780 692 1113 758 recentiora,
1149 707 1179 750 a
1215 692 1603 749 continuatore
1656 691 1905 762 ejusdem
1952 693 2046 762 qui
2088 691 2446 763 Logothetam
2494 692 2790 758 excerpsit,
2834 690 3095 759 adjuncta
3137 702 3287 752 sunt.
3322 708 3416 748 ex.
3463 709 3549 767 gr.
3587 695 3642 749 in
3665 692 3796 752 Vita

522 773 867 850 Theophili§
907 779 1071 835 19-29
1126 795 1249 851 quae
1289 778 1643 836 Coislinianis
1703 779 1759 835 in
1793 780 2078 835 codicibus
2121 780 2346 846 desunt,
2394 780 2491 836 sed
2522 779 2647 835 aliis
2707 779 2763 833 in
2807 779 3094 834 codicibus
3134 780 3405 848 ampliora
3437 781 3793 838 inueniuntur

522 878 690 933 quam
729 866 785 920 in
807 865 1082 924 breviario
1112 867 1406 940 Symeonls
1430 867 1601 924 edito.
1628 867 1759 924 Post
1785 877 1947 924 notas
1973 867 2307 939 marginales
2337 867 2393 922 in
2427 874 2632 922 textum
2674 864 2936 931 insertas,
2958 864 3180 936 Georgii
3208 867 3381 936 ipsius
3416 877 3599 924 textus
3631 884 3791 925 resu-

522 954 694 1009 mitur
720 954 958 1011 formula
982 957 1288 1028 Γεωργίου,
1318 965 1379 1012 ιιι
1406 957 1526 1024 IIII,
1554 956 1794 1026 adjecta.
1823 956 2009 1023 Quare
2032 965 2176 1011 notae
2209 955 2314 1010 illa
2353 954 2478 1010 aliis
2509 969 2540 1009 e
2586 953 2745 1008 libris
2772 953 2975 1023 quibus
3005 955 3247 1023 scriptor
3280 970 3418 1011 usus
3450 966 3556 1019 est,
3584 956 3802 1013 codicis

520 1040 763 1110 margini
800 1044 1053 1113 ascriptaa
1080 1044 1400 1116 neutiquam
1443 1052 1769 1113 argumento
1805 1043 2070 1099 inservire
2112 1050 2350 1112 possunt
2389 1039 2568 1110 ipsum
2602 1048 2812 1094 textum
2839 1038 3058 1110 Georgii
3093 1055 3201 1095 non
3234 1056 3379 1106 esse,
3411 1042 3555 1097 sicut
3589 1042 3798 1099 UndoIo

522 1128 673 1184 scius
699 1129 873 1184 voluit
904 1146 958 1198 p.
994 1131 1061 1187 I0
1092 1140 1146 1187 et
1178 1133 1249 1189 33
1285 1132 1693 1189 dissertationis
1739 1147 1854 1188 sum
1892 1131 1961 1186 de
1994 1131 2317 1186 Hamartolo
2350 1129 2594 1199 scriptae,
2625 1130 2719 1185 sed
2760 1130 2945 1199 potius
2987 1129 3225 1197 probant
3262 1129 3482 1202 Georgii
3523 1132 3689 1188 verba
3726 1131 3799 1188 ab

523 1214 592 1269 iis
622 1214 826 1272 diserte
847 1216 1112 1287 distingui
1151 1234 1276 1288 quae
1311 1219 1438 1279 aliis
1467 1233 1499 1275 e
1540 1217 1786 1276 fontibus
1823 1219 1951 1274 huic
1995 1219 2172 1275 codici
2206 1233 2237 1272 a
2270 1216 2495 1272 librario
2524 1216 2732 1271 inserta
2777 1225 2928 1273 sunt.
2974 1215 3152 1272 Simili
3186 1217 3349 1273 modo
3376 1219 3550 1274 codici
3585 1219 3795 1276 inserta

519 1316 646 1357 esse
683 1302 941 1357 videntur
967 1314 1021 1359 et
1047 1306 1280 1377 reliqua,
1325 1322 1447 1378 quae
1474 1305 1808 1379 Hosquensis
1845 1309 1992 1363 solus
2023 1306 2210 1373 habet,
2244 1319 2331 1360 ex.
2373 1319 2459 1375 gr.
2501 1318 2552 1358 c.
2577 1302 2717 1367 CXI,
2747 1303 2947 1366 20-22,
2991 1304 3059 1357 de
3092 1312 3336 1370 quatuor
3375 1303 3609 1361 Ilerodis
3643 1305 3803 1372 filiis,

520 1389 613 1444 ubi
647 1388 930 1447 Cedrenus
956 1401 1013 1447 et
1065 1393 1340 1465 interpres
1383 1393 1706 1457 Slavonicus
1737 1394 1766 1468 ᾗ
1800 1395 1865 1450 21
1908 1403 2119 1451 tantum
2168 1398 2475 1456 noverunt;
2511 1386 2725 1455 CXXV,
2766 1390 2822 1455 3,
2851 1398 2905 1444 et
2944 1386 3204 1453 CXXVII,
3247 1390 3301 1452 I.
3339 1390 3407 1444 de
3442 1387 3807 1458 Vespasiano,

520 1492 650 1532 cum
676 1476 954 1537 Cedrenus
987 1482 1291 1539 secundum
1311 1484 1517 1548 locum,
1549 1498 1657 1539 non
1689 1499 1819 1540 vero
1852 1494 2146 1553 utrumque
2176 1479 2398 1544 referat,
2436 1478 2766 1534 Slavonicus
2793 1479 3067 1548 primum;
3096 1493 3147 1534 c.
3182 1476 3474 1540 CXXXVI,
3502 1478 3561 1544 5,
3595 1480 3799 1535 mentio

518 1563 786 1622 Cerdonis
813 1567 865 1622 in
901 1569 1127 1626 Adriani
1155 1570 1274 1626 Vita
1299 1571 1440 1633 facta
1469 1573 1612 1642 apud
1632 1571 1853 1629 eosdem
1881 1572 2056 1636 deest,
2083 1578 2137 1625 et
2169 1568 2238 1624 ab
2264 1566 2627 1637 ipsoGeorgio
2657 1566 2711 1621 in
2736 1566 2861 1623 Vita
2884 1566 3145 1621 Antonini
3174 1564 3461 1629 CXXXVI,
3488 1565 3521 1619 6
3540 1605 3556 1629 ,
3587 1568 3800 1636 reperio

520 1660 634 1719 ων,
656 1655 747 1709 ubi
773 1654 824 1727 (§
849 1655 883 1719 6
912 1665 968 1712 et
1003 1656 1057 1724 5)
1090 1657 1429 1715 Bardesanes
1469 1660 1553 1719 bis
1594 1668 1951 1723 memoratur,
1981 1658 2228 1714 Cedreno
2259 1664 2314 1711 et
2340 1653 2520 1710 Leone
2550 1668 2674 1709 cum
2714 1651 2743 1725 ς
2786 1651 2820 1705 5
2851 1653 3345 1710 consentientibus.
3390 1650 3557 1707 Iidem
3603 1653 3801 1709 leones

520 1740 742 1797 occisos
771 1756 894 1798 cum
921 1742 1155 1814 Georgio
1191 1745 1373 1817 (CXL,
1404 1746 1459 1819 8)
1501 1745 1824 1812 Commodo,
1859 1762 1965 1804 non
1996 1745 2176 1800 Marco
2200 1742 2530 1804 attribuunt.
2561 1751 2622 1796 ut
2653 1738 2990 1804 CXXXVIII,
3029 1739 3063 1794 6
3098 1741 3325 1813 legitur;
3352 1755 3404 1797 c.
3441 1738 3700 1807 CXLVII,
3742 1742 3803 1797 1.

522 1830 839 1886 nominatur
875 1831 1170 1901 Maximus,
1207 1834 1302 1905 qui
1326 1833 1382 1907 (ς
1409 1834 1464 1906 3)
1487 1849 1613 1890 cum
1639 1834 1891 1889 Cedreno
1943 1843 1998 1889 et
2032 1833 2212 1889 Leone
2245 1840 2474 1887 vocatur
2502 1828 2872 1895 Maximinus;
2901 1826 2988 1885 CL
3020 1827 3494 1898 lialbinusjunior
3519 1844 3646 1884 cum
3678 1828 3785 1886 Ce-

522 1916 694 1970 dreno
716 1925 840 1987 post
875 1916 1148 1989 Pupinum
1181 1930 1537 1987 memoratur,
1581 1921 1677 1977 sed
1706 1919 1842 1985 CLI,
1876 1920 1933 1985 2,
1974 1929 2100 1990 post
2125 1919 2507 1984 Gordianum;
2552 1916 2661 1972 Leo
2705 1916 2849 1972 hunc
2891 1916 3283 1988 imperatorem
3320 1917 3539 1984 penitus
3572 1918 3803 1984 omisit;

520 2001 705 2069 CLIV,
737 2003 787 2063 I.
813 2004 870 2072 2,
895 2004 1223 2063 Valerianus
1253 2007 1337 2065 bis
1355 2008 1705 2075 nominatur;
1731 2008 2014 2064 Cedrenus
2044 2007 2346 2063 secundum
2373 2014 2582 2061 tantum
2615 2006 2797 2060 locum
2825 2007 3066 2076 repetiit;
3097 2003 3428 2069 CLXXXVI,
3452 2005 3487 2058 2
3513 2018 3568 2060 et
3588 2006 3643 2070 5,
3680 2005 3807 2061 Dio-

521 2089 747 2146 cletiani
781 2092 1216 2165 Maximianique
1246 2096 1373 2153 Iinis
1394 2096 1503 2162 bis,
1533 2112 1563 2153 a
1586 2096 1834 2152 Cedreno
1857 2096 2155 2152 secundum
2181 2096 2208 2168 §
2234 2096 2269 2150 2
2295 2105 2655 2151 memoratur.
2685 2093 2772 2151 Cf.
2800 2092 3106 2158 CLXXVII,
3142 2095 3198 2161 7,
3234 2097 3323 2157 I2.
3360 2093 3647 2160 CLXXXI,
3682 2094 3713 2146 7
3748 2103 3804 2150 et

519 2174 829 2242 CLXXXII,
864 2179 1151 2244 CLXXXI,
1204 2182 1293 2237 1-8
1325 2192 1381 2238 et
1429 2182 1762 2250 CLXXXIII,
1813 2184 1866 2249 7,
1920 2181 2250 2241 CLXXXVII
2295 2191 2351 2238 et
2395 2179 2778 2242 CLXXXVIII,
2822 2184 2875 2247 1,
2923 2179 3186 2247 CLXXX,
3225 2184 3260 2237 5
3298 2190 3354 2236 et
3381 2179 3715 2245 CLXXXIII,
3744 2186 3803 2248 2,

519 2261 847 2331 CLXXXIII,
880 2267 913 2323 6
949 2276 1004 2323 et
1025 2266 1362 2336 CLXXXVI,
1395 2272 1450 2334 7,
1479 2269 1587 2334 CC,
1622 2271 1671 2334 1,
1694 2270 1750 2335 5,
1774 2268 2030 2336 CCXVII,
2051 2272 2152 2326 ὅθι
2172 2267 2458 2335 CCXXIX,
2480 2267 2888 2333 8,CCXXX|II,
2929 2270 2951 2322 1
2983 2279 3036 2324 et
3063 2268 3420 2333 CCXXXVII,
3456 2271 3507 2332 1,
3536 2270 3807 2339 praecipuo

520 2364 656 2406 vero
669 2350 1030 2421 CLXXXVII,
1060 2357 1117 2422 '5,
1145 2372 1267 2427 qua:
1285 2356 1388 2411 sub
1410 2365 1560 2412 textu
1581 2357 1726 2412 edita
1752 2367 1903 2424 sunt,
1932 2358 2059 2427 quia
2091 2357 2243 2412 nullo
2268 2357 2378 2412 alio
2400 2358 2453 2411 in
2482 2357 2671 2412 codice
2690 2356 3067 2420 inveniuntur,
3090 2354 3318 2420 CCLIII,
3339 2359 3369 2412 7
3396 2358 3667 2413 Anastasii
3705 2372 3802 2426 pa-

523 2438 781 2496 triarcbat
813 2442 980 2498 verba
1010 2451 1064 2498 et
1093 2453 1325 2507 sortem,
1360 2459 1485 2513 qua:
1510 2444 1581 2498 27
1610 2445 1679 2500 de
1712 2444 2077 2501 Constantino
2107 2454 2451 2513 repetuntur,
2480 2445 2550 2499 53
2580 2443 2731 2499 et-10
2769 2444 3175 2514 expeditionem
3215 2445 3270 2498 in
3310 2444 3572 2514 Bnlgaros
3605 2444 3799 2503 iisdem

521 2526 709 2583 verbis
754 2529 1007 2595 relatam,
1050 2529 1332 2597 CCXXVI,
1358 2532 1416 2592 6.
1444 2532 1498 2587 in
1544 2532 1650 2587 Iino
1677 2532 1945 2589 visionem
1982 2535 2369 2597 monasticam,
2394 2529 2676 2596 CCXXVI,
2708 2531 2763 2598 6,
2798 2529 2851 2595 7,
2878 2531 2973 2599 22,
2999 2529 3274 2595 CCLVIII,
3314 2531 3370 2595 2,
3403 2532 3458 2594 3,
3479 2533 3533 2598 4,
3554 2530 3803 2598 CCLXII,

523 2611 580 2678 1,
617 2617 672 2677 2.
698 2613 732 2668 6
778 2624 833 2671 et
857 2616 961 2670 alia
981 2615 1106 2686 plus
1135 2617 1319 2674 minus
1358 2621 1690 2689 apocrypha,
1719 2635 1807 2676 ex.
1830 2637 1915 2694 gr.
1939 2620 2283 2688 c.CCLXlIl,
2315 2620 2402 2689 10,
2430 2619 2517 2687 11,
2542 2635 2665 2690 quae
2706 2619 2758 2674 in
2795 2618 2823 2691 §
2860 2619 2894 2674 5
2924 2618 3173 2689 ejusdem
3208 2619 3405 2693 capitis
3434 2627 3490 2674 et
3525 2615 3808 2686 CCLXIV,

525 2700 580 2768 '5,
607 2711 954 2770 repetuntur.

593 2785 652 2843 In
706 2792 945 2860 margine
999 2805 1128 2846 vero
1174 2792 1381 2849 codicis
1412 2793 1496 2847 vel
1552 2792 1789 2861 laterali,
1817 2797 1901 2852 vel
1952 2799 2244 2868 superiori,
2275 2799 2359 2853 vel
2402 2797 2655 2853 inferiori
2698 2797 3040 2852 inueniuntur
3069 2812 3099 2851 a
3133 2796 3310 2866 prima
3352 2810 3515 2850 manu
3551 2796 3794 2866 ascripta

522 2892 642 2953 qua:
667 2875 893 2933 Cedrem’
914 2890 964 2934 et
990 2878 1179 2935 Leonis
1215 2882 1269 2935 in
1295 2891 1498 2936 textum
1523 2885 1875 2940 transierunt.
1902 2884 2084 2940 Prima
2116 2887 2163 2958 ej

2143 2886 2385 2958 jnsmodi
2422 2894 2552 2939 nota
2578 2884 2774 2954 legitur
2792 2883 2912 2939 I.2b
2944 2880 3364 2953 προσκυνοῦμεν
3389 2882 3485 2937 καὶ
3510 2882 3789 2954 κηρύττο-

528 2981 630 3035 μεν
684 2964 876 3020 τοῦτον
907 2967 1071 3037 μόνον
1104 2962 1246 3022 εἶναι
1291 2967 1428 3021 Θεὸν
1482 2969 1736 3041 ἀληθινὸν
1774 2972 1868 3026 καὶ
1910 2972 2093 3042 πάσης
2142 2990 2174 3027 κ

2152 2973 2374 3033 κτίσεως
2418 2971 2695 3040 (editionis
2738 2978 2940 3026 nostra:
2984 2985 3039 3041 p.
3096 2970 3208 3040 49),
3256 2970 3498 3026 secunda
3563 2985 3582 3026 :
3635 2969 3697 3023 4·
3729 2970 3798 3024 ad

525 3070 579 3125 ρ.
621 3053 719 3121 55;
775 3053 1165 3109 Ἐνεοσκοπίαν
1210 3056 1432 3125 λέγεται
1481 3055 1844 3130 ἐξευρηκέναι
1894 3060 2171 3130 Τιλεγόνα,

2138 3078 2178 3128 ι,
2233 3061 2389 3116 tertia
2455 3060 2524 3115 ad
2566 3059 2635 3115 55
2678 3077 2692 3114 :
2735 3058 3038 3122 Ποσιδῶνος
3068 3057 3437 3128 σύγγραμμα,
3474 3068 3669 3127 quarta
3716 3059 3784 3111 aI

523 3141 594 3197 55
648 3159 664 3198 :
723 3141 899 3198 Τοῦτο
949 3143 1260 3215 συνέγραψε
1312 3146 1682 3218 Ξενοκράτης,
1723 3148 1914 3217 quinta
1960 3148 2028 3203 ad
2075 3149 2145 3204 55
2189 3190 2203 3204 .
2243 3148 2420 3203 Τοῦτο
2457 3147 2769 3220 συνέγραψε
2804 3147 2997 3213 Πόλις;
3030 3148 3093 3202 81³
3144 3147 3257 3201 Καὶ
3312 3147 3626 3216 ’Ἥφαιστος
3653 3145 3789 3217 mtp‘

523 3228 849 3297 Αιγυπτίοις
890 3230 1270 3288 ἐδυνάστευεν.
1301 3251 1375 3283 =
1406 3232 1538 3288 Ced.
1561 3234 1651 3300 55,
1681 3234 1783 3299 I2;
1818 3236 1921 3288 47b
1963 3237 1991 3289 ὁ
2026 3236 2169 3291 dixit:

2154 3254 2210 3299 ος
2240 3236 2302 3290 τὸ
2330 3236 2592 3307 τέταρτον
2625 3237 2727 3307 τῆς
2765 3235 2996 3304 οὑγγίας
3023 3234 3268 3305 (unciae).
3300 3233 3502 3289 Confer
3536 3234 3800 3290 editionis

525 3325 730 3373 nostrae
766 3332 823 3386 ι).
858 3315 930 3372 85
959 3334 1084 3375 cum
1117 3317 1318 3375 Leonis
1346 3330 1401 3376 et
1429 3319 1610 3391 Glycte
1643 3321 1779 3376 loris
1806 3322 2007 3377 ibidem
2048 3323 2314 3389 laudatis,
2349 3339 2402 3394 p.
2436 3324 2538 3377 117
2586 3338 2710 3379 cum
2750 3322 3040 3387 Cedreno;
3092 3332 3218 3376 nota
3258 3338 3313 3392 p.
3355 3322 3459 3376 I29
3506 3323 3561 3377 in
3604 3331 3802 3377 neutro

526 3406 834 3472 invenitur;
882 3416 1027 3462 notae
1058 3406 1390 3477 marginales
1420 3422 1475 3479 p.
1511 3407 1641 3464 158.
1677 3408 1962 3475 416,528“
1995 3425 2025 3466 a
2056 3410 2305 3468 Cedreno
2338 3420 2573 3481 recepta:
2622 3421 2774 3476 sunt,
2822 3409 2971 3467 698"
3006 3420 3061 3465 et
3107 3410 3255 3477 699‘,
3279 3427 3328 3466 c.
3363 3409 3641 3480 CCLXIIL,
3680 3411 3733 3477 7,
3767 3411 3807 3467 9

525 3510 558 3549 a
588 3493 712 3550 Par.
766 3494 939 3562 I705;
977 3495 1018 3552 ἰ.
1047 3496 1149 3553 98b
1197 3497 1251 3551 in
1306 3497 1552 3564 margine
1606 3497 1802 3567 legitur
1850 3498 2043 3554 notitia
2092 3499 2162 3554 de
2213 3501 2437 3569 pulvere
2484 3515 2654 3557 aureo
2704 3499 2986 3554 Aureliani
3027 3508 3277 3569 tempore
3310 3499 3377 3553 de
3407 3500 3548 3553 ctelo
3577 3499 3805 3568 delapso

531 3584 609 3653 (p.
661 3581 880 3654 561‘“),
936 3599 1102 3655 quam
1162 3585 1279 3655 ipse
1310 3585 1549 3654 scriptor
1583 3600 1639 3655 p.
1668 3584 1772 3641 569
1826 3599 1886 3641 se
1915 3585 2036 3656 ejus
2079 3587 2427 3657 imperatOris
2459 3588 2515 3643 in
2557 3587 2670 3643 vita
2707 3586 2964 3641 retulisse
3003 3585 3276 3650 allirmat;
3311 3585 3569 3640 similiter
3602 3601 3657 3654 p.
3693 3586 3795 3640 371

526 3682 583 3727 et
602 3671 710 3728 372
738 3673 905 3729 iidem
947 3682 1218 3745 martyres
1275 3672 1332 3727 in
1382 3672 1632 3744 margine
1664 3682 2064 3729 enumerantur
2090 3676 2182 3746 qui
2218 3691 2273 3747 p.
2320 3675 2429 3732 ’572
2473 3676 2526 3731 in
2583 3683 2731 3729 textu
2770 3685 2936 3737 sunt;
2974 3673 3069 3728 sed
3096 3688 3150 3740 p.
3190 3672 3296 3727 590
3324 3681 3449 3725 nota
3481 3672 3804 3740 marginalia

533 3758 973 3817 Vindobonensis
1001 3774 1030 3814 a
1069 3759 1385 3830 Mosquensi
1412 3762 1466 3815 in
1504 3770 1715 3816 textum
1750 3772 1966 3833 recepta
1997 3772 2102 3829 est,
2134 3763 2179 3819 cl

2151 3763 2207 3819 :1.
2240 3773 2401 3820 notas
2426 3779 2517 3834 pp.
2548 3762 2679 3827 279,
2708 3762 2836 3824 592,
2874 3761 3000 3823 599.
3023 3760 3163 3826 401,
3193 3760 3321 3825 402,
3350 3759 3479 3826 409,
3507 3760 3635 3821 415,
3668 3758 3797 3826 411,

525 3850 656 3916 415,
695 3849 800 3907 426
830 3847 978 3921 (cum
1013 3857 1164 3904 textu
1197 3849 1348 3918 437),
1379 3849 1508 3914 428,
1538 3849 1663 3913 561,
1696 3849 1821 3906 671.
1861 3852 2054 3909 Plures
2104 3867 2171 3907 no

2160 3861 2251 3907 me
2286 3851 2622 3923 marginales
2662 3863 2836 3905 erasae
2882 3864 3007 3905 esse
3044 3849 3322 3912 videntur,
3350 3861 3438 3902 ex.
3482 3864 3565 3918 gr.
3601 3843 3806 3919 [XXll'j

526 3939 596 3993 de
630 3936 864 4008 Origene
899 3935 1022 3999 945,
1049 3936 1173 4000 99b,
1211 3936 1372 4000 109°;
1402 3936 1521 3992 alia;
1552 3952 1677 3991 cum
1705 3938 1951 4008 margine
1982 3942 2172 4007 DBI'Iel‘I

2156 3947 2266 3993 'unt
2301 3939 2415 4011 (96,
2456 3937 2578 4003 101,
2629 3938 2752 4000 107,
2786 3937 2912 3999 108,
2951 3935 3075 4001 110,
3120 3936 3223 3991 123
3250 3936 3473 3995 -125,
3510 3936 3637 4004 151,
3670 3934 3802 4000 152.

530 4025 659 4088 158,
689 4023 966 4091 171,180,
996 4024 1119 4079 182.
1152 4024 1290 4081 Cum
1340 4025 1485 4080 notis
1516 4024 1718 4080 ibidem
1770 4025 1963 4080 deleta:
2011 4035 2142 4083 sunt
2188 4026 2353 4082 etiam
2401 4026 2651 4088 rubricas,
2679 4040 2802 4097 quae
2839 4035 2953 4079 tum
2990 4024 3253 4088 minores,
3296 4033 3414 4078 tum
3448 4023 3636 4093 plures
3668 4028 3798 4078 sunt

532 4124 768 4166 numero
808 4124 973 4180 quam
1005 4110 1061 4166 in
1093 4110 1256 4167 codd.
1291 4111 1468 4168 Paris.
1497 4111 1639 4166 I706
1665 4121 1720 4167 et
1741 4111 2080 4175 Monacensi.
2114 4111 2368 4182 Scriptus
2400 4122 2485 4167 est
2512 4112 2601 4168 hic
2633 4113 2805 4168 codex
2851 4112 2903 4167 1°
2928 4120 3237 4165 atramento
3265 4108 3616 4175 Ilavescentc,
3650 4108 3796 4180 quod

531 4197 738 4267 saepius
776 4197 1019 4259 evanuit.
1051 4198 1328 4269 praecipue
1358 4200 1412 4253 in
1458 4200 1607 4254 notis
1671 4199 2068 4271 marginalibus
2125 4210 2181 4257 ct
2236 4202 2291 4257 in
2338 4202 2536 4259 litteris
2575 4202 2880 4258 initialibus
2917 4215 3041 4270 quae
3072 4199 3126 4254 in
3150 4199 3450 4267 marginem
3483 4199 3806 4253 interiorem.

530 4286 676 4341 inter
704 4286 843 4341 duas
881 4284 1057 4341 lineas
1091 4286 1235 4356 stylo
1266 4296 1519 4341 exaratas
1560 4288 1802 4357 positum
1836 4290 2114 4358 productas
2141 4301 2305 4359 sunt;
2335 4292 2428 4347 illa
2459 4291 2783 4364 marginalia
2830 4304 2959 4346 vero
2992 4290 3134 4344 inter
3168 4288 3466 4344 secundam
3493 4296 3552 4343 et
3581 4288 3799 4344 tertiam

529 4372 619 4429 vel
659 4382 961 4429 extremam
1009 4381 1139 4429 sunt
1175 4382 1382 4439 notata,
1420 4373 1694 4431 interdum
1756 4392 1885 4433 vero
1921 4379 2004 4434 vel
2044 4379 2185 4436 intra
2232 4381 2432 4436 lineam
2480 4378 2825 4451 superiorem
2880 4377 3309 4434 transversalem
3338 4376 3422 4431 vel
3456 4391 3625 4445 supra
3657 4375 3805 4435 duas

530 4463 710 4522 lineas
750 4464 1042 4520 inferiores
1073 4470 1205 4520 sunt
1237 4474 1487 4519 exarata.
1523 4465 1776 4536 Nigriore
1809 4477 2119 4524 atramento
2147 4477 2201 4525 et
2226 4485 2255 4524 a
2287 4468 2529 4526 secunda
2566 4483 2759 4530 manu,
2789 4466 3024 4521 multum
3062 4465 3391 4528 recentiore,
3426 4465 3648 4533 scriptae
3673 4472 3805 4525 sunt

530 4552 944 4629 emendationcs
973 4554 1250 4609 nonnullze
1276 4553 1362 4609 vel
1391 4556 1792 4623 annotationes,
1834 4557 1952 4612 suis
1978 4558 2111 4613 locis
2146 4573 2179 4612 a
2204 4559 2365 4613 nobis
2388 4557 2572 4613 relatae
2603 4571 2692 4611 ex.
2737 4570 2789 4611 c.
2830 4555 2898 4627 ἢν
2958 4563 3086 4610 ante
3124 4553 3349 4625 ἡμέραν
3377 4568 3434 4622 p.
3461 4553 3589 4619 279;
3621 4552 3681 4607 2°
3713 4555 3805 4608 Iit~

528 4642 666 4698 teris
721 4641 1079 4704 minusculis;
1109 4642 1167 4698 5⁸
1211 4641 1495 4710 spiritibus
1544 4642 1821 4708 rotundis,
1858 4647 2220 4716 apostropbes
2280 4646 2451 4717 signis
2501 4646 2703 4709 nullis;
2738 4644 2796 4698 4ο
2824 4663 2841 4697 ι
2877 4659 2977 4699 nec
3034 4644 3351 4712 subscripto
3394 4658 3495 4699 nec
3524 4643 3799 4713 ascripto;

526 4734 593 4790 5°
627 4733 850 4805 punctis
879 4740 934 4787 et
955 4731 1179 4805 virgulis
1228 4731 1527 4795 distinctis,
1550 4733 1648 4795 sed
1688 4734 1743 4788 6°
1777 4734 1944 4789 nullis
1972 4735 2418 4807 interrogationis
2444 4733 2658 4803 signis;
2693 4732 2797 4787 loci
2832 4732 3071 4787 aliorum
3104 4732 3437 4802 scriptorum
3471 4732 3525 4786 in
3555 4733 3804 4801 margine

531 4829 635 4879 hoc
672 4823 834 4893 signo
864 4819 922 4891 >
948 4820 1290 4884 indicantur;
1334 4820 1389 4872 7°
1439 4830 1639 4890 puncta
1689 4836 1854 4891 super
1914 4841 1932 4876 ι
1985 4832 2041 4878 et
2075 4840 2108 4875 υ
2154 4837 2277 4877 rara
2321 4837 2413 4878 ex.
2447 4837 2535 4890 gr.
2579 4820 2895 4889 ἐκλῖπαρῶν
2943 4836 2997 4891 p.
3055 4819 3191 4887 282;
3226 4820 3284 4876 8°
3328 4821 3652 4889 compendia
3686 4819 3811 4889 plu-

528 4911 690 4980 rima,
716 4911 772 4965 in
806 4924 915 4965 una
940 4910 1133 4981 pagina
1158 4908 1291 4964 208°
1320 4909 1430 4965 fere
1465 4907 1526 4973 L,
1563 4925 1665 4964 nec
1696 4909 1813 4964 sine
1837 4911 2079 4979 periculo
2108 4910 2313 4965 erroris
2356 4908 2682 4964 resolvenda
2707 4924 2720 4972 ;
2751 4909 2807 4964 9°
2834 4927 2863 4960 ν
2886 4908 3299 4979 ephelcysticon
3342 4919 3471 4964 ante
3526 4920 3803 4964 consonos

528 5012 750 5068 quoque
776 4998 1014 5064 ponitur.
1050 4998 1139 5051 10°
1163 4997 1403 5052 Itaeistni
1432 5012 1650 5052 errores
1678 4996 2112 5068 frequentissimi
2153 5014 2174 5053 ε

2154 5014 2245 5053 ex.
2280 5012 2362 5068 gr.
2397 4995 2639 5067 p.278,7
2667 4998 3058 5068 ἁντιχρήστου,
3077 4998 3289 5061 οὑάλις,
3311 4997 3458 5053 sicut
3487 5007 3542 5051 et
3566 4998 3657 5052 II°
3685 4996 3800 5050 alia

531 5087 836 5155 sphaimata
866 5101 881 5149 ;
919 5083 992 5139 cf.
1027 5101 1079 5155 p.
1111 5085 1305 5152 277,2,
1336 5085 1594 5138 ὲτελείτω
1623 5085 1930 5155 προσευχ”,
1960 5086 1993 5139 5
2020 5087 2177 5139 ἐκτεν

2156 5086 2273 5156 νῆς,
2309 5086 2377 5140 14
2403 5088 2518 5150 τοῖς
2557 5115 2625 5126 —
2655 5085 3024 5151 Ναυατινούς,
3056 5086 3252 5150 286,11
3290 5084 3742 5148 καταπατοῦντας
3770 5100 3802 5140 Il

528 5175 705 5246 prima
742 5188 909 5227 manu
941 5183 1273 5237 correctum,
1310 5174 1683 5243 superscripto
1707 5192 1753 5238 ε,
1792 5174 1994 5239 301,14
2023 5175 2051 5227 ὁ
2094 5173 2174 5228 θεῖ

2158 5177 2215 5228 ἴα
2244 5175 2395 5245 δίκη.
2423 5176 2630 5235 305.15
2658 5175 2767 5229 τίνι
2797 5205 2868 5218 --
2897 5174 3209 5246 μεταϐολήν
3248 5174 3339 5243 129
3361 5172 3526 5228 Multa
3558 5172 3612 5226 in
3653 5186 3803 5227 mar-

529 5266 655 5330 gine
683 5262 1036 5318 inveniuntur
1064 5277 1095 5315 a
1114 5263 1287 5331 prima
1325 5278 1487 5317 manu
1531 5271 1715 5318 notata
1742 5278 1829 5319 ex.
1875 5280 1960 5333 gr.
1993 5263 2065 5335 Σή
2088 5282 2162 5314 =

2159 5263 2497 5335 τΣημεξωσαι
2527 5266 2594 5319 ad
2628 5280 2681 5334 ρ.
2723 5264 2930 5322 27721
2962 5262 3201 5321 et277.2
3231 5300 3249 5325 ,η
3278 5270 3334 5318 et
3362 5260 3666 5329 sarpissime
3702 5261 3805 5332 ὅρα

528 5354 721 5418 281.1,
760 5362 864 5407 etc.
894 5350 998 5423 ὅρα
1031 5349 1093 5403 τὸ
1126 5348 1363 5403 ἐλεεινὸν
1392 5351 1454 5403 τὸ
1489 5352 1632 5421 μέγα
1663 5350 1823 5405 τοῦτο
1848 5351 2042 5416 288,6,
2064 5353 2168 5424 ὅροι
2193 5353 2289 5406 καὶ
2317 5352 2593 5421 φυλάττου
2625 5350 2736 5404 ἀπὸ
2768 5351 2878 5405 τῶν
2908 5350 3170 5404 τοιούτων
3191 5348 3416 5416 551,25,
3440 5351 3544 5420 ὅρα
3570 5349 3806 5423 φοϐερὸν

529 5439 755 5509 528,16,
782 5439 1003 5494 nomina
1040 5438 1432 5509 prophetarum
1468 5440 1519 5493 in
1557 5448 1708 5495 testu
1744 5439 2095 5496 laudatorum
2129 5441 2175 5496 21

1468 5440 1519 5493 in
1557 5448 1708 5495 testu
1744 5439 2095 5496 laudatorum
2129 5441 2258 5508 295,
2293 5444 2361 5496 ἐκ
2399 5441 2495 5496 σοῦ
2535 5456 2636 5512 pro
2662 5439 2723 5507 ἐξ
2751 5434 2812 5495 οὗ
2840 5439 2968 5506 301,
3001 5438 3094 5494 26.

1939 5554 2215 5612 SJECULI
2249 5554 2387 5614 XIII.

602 5671 655 5725 7.
692 5672 824 5728 Cod.
866 5671 1182 5727 Parisiensis
1222 5670 1357 5730 I70i
1389 5690 1407 5723 ‹
1448 5674 1923 5739 mctnbrauaccus,
1958 5688 2068 5746 quo
2103 5675 2418 5728 continetur
2452 5669 2663 5743 Georgii
2697 5672 2943 5727 monac/ti
2978 5670 3279 5728 cltronicon
3307 5670 3377 5727 ab
3412 5670 3545 5725 orbe
3573 5668 3802 5725 condito

532 5757 598 5812 ad
632 5765 873 5830 tempora
919 5774 1088 5831 usque
1130 5758 1383 5815 Maxentii
1409 5761 1540 5831 imp.
1588 5762 1665 5816 Ad
1722 5763 1927 5818 calcem
1961 5764 2206 5819 occurrit
2262 5759 2560 5834 Nicephori
2615 5762 2930 5833 pbilOsopbi
2968 5768 3152 5834 caput,
3187 5760 3279 5817 ubi
3314 5758 3382 5813 de
3425 5758 3548 5816 Illiis
3579 5755 3694 5819 Dei,
3731 5756 3798 5809 de

535 5849 844 5918 gigantibus
911 5849 975 5905 dc
1018 5848 1245 5905 diluvio.
1294 5849 1341 5905 Is
1393 5852 1561 5906 codex
1591 5848 1712 5904 XIII
1749 5850 1811 5905 5°
1869 5861 2129 5909 cxaratus
2158 5852 2389 5945 videtur.
2431 5870 2449 5903 ί
2490 5850 2805 5923 (Catalogus
2839 5850 2998 5907 cod].
3041 5866 3148 5906 ms.
3184 5846 3316 5905 bibl.
3354 5845 3489 5917 Reg.
3529 5845 3590 5900 Il.
3622 5846 3801 5899 Paris.
