4168 6444
613 416 676 479 31
1962 409 2548 473 PROLEGOMENA.
3808 408 3877 467 3?.

613 523 817 580 Christi
845 521 1112 577 incarnati
1143 536 1312 584 nono,
1342 531 1397 578 et
1436 521 1748 576 Cbronicon
1805 534 1964 574 suum
2008 518 2328 588 perduxisse
2377 533 2486 573 non
2522 517 2686 573 modo
2716 517 2782 572 ad
2821 516 3038 572 initium
3074 517 3359 572 Michaelis
3413 517 3705 589 Theophili
3752 522 3878 588 Iilii,

614 611 760 682 quod
794 610 1404 666 decernuntdoctorum
1445 609 1719 671 nonnulli,
1753 607 1848 664 sed
1889 622 2061 676 usque
2089 607 2154 661 ad
2183 607 2304 676 ejus
2332 614 2561 661 mortem
2583 647 2598 670 ,
2641 603 2744 659 hoc
2768 613 2876 664 est.
2909 618 3084 673 usque
3122 603 3190 659 ad
3221 603 3350 669 866,
3390 625 3410 658 ι
3460 605 3570 661 imo
3595 622 3770 676 usque
3799 609 3867 661 ad

616 710 847 756 mortem
871 700 1105 754 Romani
1142 699 1323 769 I,qua:
1351 713 1484 752 vero
1517 698 1628 767 jam
1662 713 1770 753 non
1813 697 2030 766 Georgii
2067 704 2194 750 sunt
2225 696 2318 752 sed
2356 693 2704 761 Logothetas;
2753 692 2808 756 4,
2849 692 2920 746 20
2963 701 3086 760 post
3127 691 3295 745 αὐτοῦ
3329 693 3744 764 ιιιηιιιιείιοῦτω
3776 696 3875 762 μὲν

612 786 708 844 οὖν
753 791 782 842 ὁ
835 788 1052 860 πρῶτος
1101 788 1321 856 ἐγένετο
1371 786 1659 857 ἄνθρωπος
1709 784 1863 855 παρὰ
1917 783 2054 837 Θεοῦ
2085 776 2128 852 ᾧ
2160 783 2333 852 ὄνομα
2369 781 2562 850 ’Λδὰμη
2606 780 2702 832 καὶ
2739 780 2772 850 ή
2811 779 2950 848 γυνὴ
2983 779 3152 834 αὑτοῦ
3199 779 3334 834 Εὕα.
3371 782 3576 850 Ἀρσεν
3611 783 3707 836 καὶ
3735 781 3872 852 θῆλυ

613 875 871 945 ἐποίησεν
901 874 1100 936 αὐτοὺς
1132 877 1160 927 ὁ
1186 873 1340 937 Θεός.
1392 873 1478 937 Et,
1515 875 1580 926 ὲκ
1622 873 1723 941 τῆς
1753 871 2015 941 γυναικὸς
2045 870 2210 926 αὐτοῦ
2231 879 2350 939 post
2383 869 2694 939 ἐγέννησεν.
2729 868 2782 930 7,
2827 868 2886 922 11
2931 868 3088 922 Μετὰ
3119 868 3312 922 τοῦτον
3335 870 3384 924 οἱ
3409 869 3576 925 αὐτοῦ
3614 871 3876 938 ἀπόγονοι

614 963 710 1017 καὶ
745 965 773 1014 ὀ
798 962 906 1030 Σὴθ
941 961 1387 1032 προμηνυθέντες
1411 962 1498 1026 ἂν,
1531 960 1777 1030 ἔγραφον
1814 960 1884 1013 τὰ
1917 961 2184 1029 μέλλοντα
2247 957 2377 1024 περὶ
2423 955 2518 1010 τοῦ
2572 954 2964 1025 κατακλυσμοῦ
3012 957 3070 1008 ὲν
3118 955 3352 1018 λιθίναις
3384 957 3480 1010 καὶ
3510 957 3870 1028 ὀστρακίναις

612 1050 804 1116 πλαξὶ,
841 1050 1220 1120 σημαίνοντες,
1250 1049 1333 1101 ὅτι
1371 1049 1722 1112 ἀναλωθῆναι
1768 1048 1863 1102 καὶ
1903 1048 2180 1117 φθαρῆναι
2216 1044 2401 1114 μέλλει
2430 1044 2490 1096 τὺ
2521 1044 2654 1106 πᾶν,
2685 1043 2718 1114 ἦ
2749 1041 2855 1096 ὑπὸ
2883 1043 3056 1110 πυρὸς
3088 1043 3120 1114 ἢ
3153 1043 3261 1096 ὑπὸ
3308 1043 3522 1106 ὕδατος.
3549 1047 3660 1099 Καὶ
3695 1048 3746 1099 εί
3774 1046 3875 1116 μὲν

613 1137 718 1191 ὑπὸ
738 1136 929 1205 πυρὸς,
967 1135 1312 1206 σωθήσονται
1351 1135 1422 1188 τὰ
1447 1135 1803 1205 γράμμματα
1837 1136 1895 1187 ὲν
1934 1134 2293 1204 ὀστρακίναις
2325 1130 2512 1197 πλαξὶ,
2541 1133 2591 1186 sl
2622 1132 2679 1188 δὲ
2711 1131 2817 1184 ὑπὸ
2845 1130 3066 1194 ὓδατος,
3096 1132 3156 1184 ἐν
3199 1132 3454 1192 λιθίναις.
3495 1132 3776 1195 Ἐλθόντος
3815 1133 3876 1186 δὲ

609 1221 708 1276 τοῦ
769 1221 1159 1292 κατακλυσμοῦ
1212 1223 1307 1278 καὶ
1365 1224 1581 1278 ἅπαντα
1627 1224 2020 1287 ἀπολέσαντος,
2065 1223 2223 1293 μόνος
2265 1222 2447 1290 ἐσώθη
2473 1221 2595 1274 Νῶε
2627 1220 2724 1274 καὶ
2752 1222 2802 1276 oi
2827 1222 2932 1274 ulo‘t
2966 1220 3130 1274 αὐτοῦ
3173 1221 3272 1274 κα)⁵
3307 1223 3363 1275 αί
3395 1221 3699 1292 θυγατέρες
3735 1223 3874 1292 πρὸς

609 1311 870 1378 δευτέρου
917 1311 1265 1364 ἀνακαίνισιν
1309 1311 1540 1379 κόσμου.
1594 1311 1751 1366 Μετά
1795 1312 1852 1365 δὲ
1887 1313 1978 1365 τὸν
2020 1310 2412 1379 κατακλυσμὸν
2465 1307 2696 1372 Καϊνὰν,
2752 1310 2781 1362 ὀ
2833 1310 2950 1372 υἱὸς
2987 1308 3288 1378 Ἀρφαξέιδ,
3340 1311 3724 1379 συνεγράψατο
3769 1309 3878 1380 τὴν

611 1398 980 1470 ἀστρονομίαν
1030 1399 1285 1469 εὑρηκὼς
1314 1397 1410 1469 τὴν
1441 1399 1535 1453 τοῦ
1603 1399 1712 1471 Σὴθ
1763 1400 1859 1453 καὶ
1883 1400 1991 1452 τῶν
2022 1397 2189 1452 αὐτοῦ
2220 1397 2430 1451 τέκνων
2449 1395 2752 1466 ὀνομασίαν
2779 1395 2856 1458 ὡς
2894 1396 3095 1466 ἕψηται
3160 1396 3269 1452 τῶν
3301 1397 3554 1466 ἀστέρων
3603 1400 3662 1451 ὲν
3703 1397 3878 1452 πλακὶ

612 1486 792 1558 λιθίνῃ
820 1486 1239 1558 γεγραμμένην,
1267 1487 1392 1556 ἥτις
1421 1487 1458 1542 l.
1492 1486 1564 1542 20
1588 1517 1660 1528 --
1698 1486 1960 1558 Ἰώσηπος
1988 1487 2040 1551 7,
2075 1487 2169 1541 22.

679 1573 772 1637 51,
809 1574 875 1630 10
902 1574 1057 1644 Λδὰμ
1087 1575 1267 1628 τοίνυν
1296 1574 1473 1635 ~53,
1514 1574 1586 1629 28
1613 1575 1708 1640 ἔτη
1737 1574 1850 1642 @v’.
1903 1575 1995 1635 55,
2027 1574 2098 1631 24
2145 1574 2325 1628 Ἐπειδ

2221 1573 2365 1644 mat;
2394 1603 2465 1615 -——
2493 1573 2583 1636 ιι,
2621 1573 2678 1628 11
2710 1571 2828 1639 τλ¹ς
2873 1573 2966 1637 64,
2995 1573 3066 1630 ‘25
3091 1603 3163 1614 -—
3191 1574 3281 1639 65,
3320 1574 3379 1634 2,
3412 1573 3464 1636 7,
3499 1574 3571 1629 24
3597 1573 3776 1635 -10,
3808 1573 3867 1628 2.

616 1661 830 1730 (Atque
855 1663 1139 1732 hucusque
1170 1663 1362 1726 habes,
1390 1663 1582 1727 lector,
1603 1673 1986 1732 excerptorum
2011 1663 2524 1733 chronologicorutn
2553 1672 2835 1720 auctorem
2863 1676 3228 1733 anonymum;
3267 1663 3519 1733 paginam
3551 1673 3873 1732 sequentem

607 1767 672 1806 ex
708 1753 971 1808 chronico
1002 1754 1374 1807 Alexandrino
1401 1755 1795 1821 descripsimus
1834 1771 1853 1805 ι
1897 1751 2173 1822 (Hodius).

675 1839 769 1894 20.
797 1840 854 1896 ν.
885 1841 1300 1896 Vindobonensis
1322 1840 1396 1894 N°
1423 1841 1514 1903 40,
1543 1841 1672 1895 olim
1702 1841 1792 1904 59,
1827 1840 1898 1906 I'°,
1924 1841 2086 1908 cujus
2109 1836 2478 1908 praefationem
2509 1846 2564 1896 et
2585 1838 2761 1900 capita
2781 1836 3226 1893 CXXVIII-CXCI
3253 1838 3330 1905 (p.
3362 1837 3466 1892 589
3496 1837 3624 1902 451,
3656 1837 3744 1904 15)
3767 1836 3880 1889 hu-

605 1927 946 1991 manissime,
970 1945 1282 1997 quanquam
1307 1929 1426 1996 ipse
1459 1927 1753 1982 editionem
1777 1927 1992 1994 Georgii
2029 1925 2296 1998 [XXVIII]
2324 1926 2758 1993 przeparavisset,
2787 1926 3071 1981 nobiscum
3096 1925 3524 1980 communicavit
3556 1925 3639 1979 vir
3663 1925 3878 1979 doctis-

608 2011 785 2067 simus
804 2011 1134 2076 MtkiOSiiCh,
1174 2013 1519 2068 bibliothecae
1553 2011 1587 2069 Ι.
1636 2011 1700 2064 11.
1733 2010 2044 2080 praefectus.
2071 2011 2128 2063 In
2159 2013 2348 2065 eadem
2379 2013 2672 2068 collatione
2701 2023 2900 2068 notatae
2940 2023 3069 2069 sunt
3094 2011 3258 2068 etiam
3298 2013 3460 2066 variae
3493 2013 3754 2068 lectiones
3785 2027 3885 2068 εο-

607 2099 790 2154 dicum
822 2099 1336 2171 Monacensium(N°
1359 2102 1408 2163 1,
1429 2101 1554 2162 404,
1577 2101 1950 2168 Augustaniet
1970 2099 2025 2162 9,
2052 2101 2176 2165 159,
2204 2100 2354 2168 259).
2387 2100 2573 2155 Prima
2607 2118 2731 2170 pars
2761 2103 2959 2157 codicis
2991 2101 3148 2158 Vind.
3180 2101 3248 2157 40
3281 2118 3444 2172 usque
3471 2104 3538 2154 ad
3569 2103 3610 2170 Ῑ.
3639 2102 3710 2156 49
3740 2100 3887 2154 sicut

604 2199 652 2244 ct
677 2189 802 2260 ﬁnis
838 2190 880 2260 f.
927 2191 1168 2246 515-326
1202 2193 1254 2246 in
1306 2191 1496 2246 charta
1533 2191 1758 2246 Turcica
1793 2207 1954 2245 manu
1977 2192 2172 2247 recenti
2195 2192 2392 2259 scripta
2420 2200 2520 2255 est,
2553 2201 2744 2244 caetera
2770 2207 2896 2255 pars
2927 2193 3371 2251 membranacea,
3404 2190 3627 2259 antiqua
3653 2189 3885 2258 optimi-

604 2295 714 2349 que
747 2281 1073 2346 commatis;
1102 2281 1231 2334 olim
1259 2281 1328 2334 ab
1361 2283 1499 2350 Aug.
1530 2278 1802 2337 Busbeltio
1823 2290 2178 2349 comparatus
2203 2277 2677 2344 Constantinopoli
2713 2277 2984 2347 (Nessel);
3019 2293 3195 2347 usque
3225 2279 3291 2332 ad
3345 2277 3592 2332 Alexium
3635 2276 3886 2331 Conme-

606 2381 762 2432 num,
792 2366 922 2420 1081
959 2367 1225 2437 (Gretser.
1255 2367 1327 2421 De
1349 2384 1504 2423 cruce
1528 2369 1553 2422 2
1574 2371 1611 2436 ).
1643 2369 1701 2422 1ll
1740 2369 2007 2436 Χρονικδν
2037 2367 2252 2436 σύντομι

2243 2385 2302 2420 ον
2331 2368 2398 2420 ὲκ
2427 2367 2702 2435 διαφόρων
2754 2366 3114 2435 λογογράφων
3152 2369 3248 2421 καὶ
3296 2367 3582 2436 ἐξηγητῶν
3614 2363 3887 2430 συλλεγὲν

605 2455 706 2506 καὶ
728 2454 989 2507 συντεθὲν
1030 2454 1138 2506 ὑπὸ
1173 2455 1445 2524 Γεωργίου
1482 2454 1838 2525 Ἀμαρτωλοῦ
1899 2455 2160 2523 μοναχοῦ.
2211 2457 2430 2524 Ταύτης
2472 2457 2529 2509 δὲ
2580 2457 2681 2521 τῆς
2733 2455 2940 2524 βίϐλου,
2980 2455 3126 2523 quod
3161 2469 3188 2508 a
3221 2455 3570 2509 substantivo
3601 2452 3887 2522 Πρόλογος

611 2540 852 2609 pendere
876 2541 1108 2596 videtur.
1163 2542 1333 2611 Ἀρχὴ
1367 2544 1463 2595 σὺν
1495 2542 1614 2611 Θεῷ
1643 2542 1738 2594 τοῦ
1762 2542 2019 2612 χρονικοῦ
2053 2543 2257 2611 Γεοργίι

2235 2544 2312 2596 ίου
2349 2542 2589 2611 μοναχοῦ
2614 2561 2685 2593 ::
2723 2557 2776 2611 p.
2804 2541 2899 2605 28,
2931 2542 2984 2606 6,
3024 2541 3055 2592 7
3097 2549 3298 2594 nostrm
3339 2540 3603 2594 editionis
3634 2554 3664 2592 ιι
3711 2539 3881 2593 codd.

606 2627 755 2684 Rion.
790 2628 846 2683 b.
882 2629 920 2682 1.
947 2640 1174 2697 paratae.
1210 2629 1399 2698 Capita
1431 2629 1720 2691 CCXXVI,
1751 2629 2166 2685 4—CCXXVIII
2204 2647 2272 2684 ex
2321 2631 2513 2683 eodem
2564 2631 2750 2683 codire
2779 2630 2924 2683 edita
2973 2629 3094 2682 vide
3131 2629 3184 2682 in
3223 2628 3362 2681 libro
3393 2628 3480 2680 cui
3518 2626 3709 2681 titulus
3741 2632 3824 2680 est
3857 2643 3874 2676 τ

613 2736 634 2770 s
671 2717 1020 2783 Theophanis
1059 2718 1526 2784 cbronograpbia.
1557 2737 1574 2769 s
1620 2716 1797 2770 Probe
1818 2719 1968 2770 einer
2003 2733 2179 2771 neuen
2209 2745 2278 2758 ——-
2309 2718 2559 2785 Ausgabe
2587 2733 2690 2770 von
2714 2717 2777 2772 G.
2811 2716 2872 2771 L.
2907 2716 2966 2771 F.
2999 2715 3173 2769 Tal‘el.
3205 2731 3257 2784 p.
3291 2715 3482 2770 26-34.

676 2805 768 2858 21.
812 2803 875 2860 γ.
916 2806 972 2859 ‘2.
1005 2803 1137 2859 Cod.
1201 2803 1624 2860 Vindoboncnst's
1674 2803 1888 2858 2.1nde
1934 2805 2000 2858 ab
2027 2805 2150 2858 38b.
2193 2805 2322 2874 Ἀρχ

2233 2807 2359 2876 ιρχὴ
2409 2806 2511 2872 τῆς
2557 2805 2906 2874 Χριστιανῶν
2941 2804 3241 2874 βασιλείας,
3270 2821 3323 2858 κ.
3360 2820 3410 2856 τ.
3438 2802 3488 2856 λ.
3552 2800 3815 2856 collatum
3844 2816 3879 2852 at

607 2889 727 2944 viro
767 2890 836 2944 cl.
867 2890 1173 2947 Miltlositcb
1230 2909 1406 2962 usque
1462 2893 1531 2946 ad
1597 2893 1758 2946 linem
1793 2891 2006 2959 imperii
2052 2888 2278 2954 Juliani,
2312 2912 2330 2945 ι
2374 2893 2720 2956 chartaceus,
2771 2893 3033 2960 antiquus
3060 2906 3113 2946 et
3149 2893 3305 2945 bona:
3353 2899 3518 2951 notae,
3566 2889 3620 2942 in
3650 2890 3738 2950 4°,
3773 2887 3874 2943 sed

605 2978 859 3041 mutilus,
888 2993 1031 3048 aqua
1068 2983 1280 3034 marina
1313 2981 1442 3036 hinc
1475 2980 1603 3034 inde
1641 2980 1841 3034 misere
1890 2978 2152 3042 balatus,
2186 2989 2509 3048 constatque
2540 2994 2685 3034 nuiic
2724 2980 2870 3035 loliis
2900 2978 2992 3039 85.
3028 2979 3270 3048 olimque
3300 2978 3366 3033 azi
3399 2977 3485 3032 Jo.
3528 2975 3870 3032 Sambucunt

610 3064 900 3132 pertinuit,
961 3082 1074 3136 quo
1129 3068 1483 3122 continentur
1537 3067 1758 3134 Georgii
1796 3064 2096 3122 Hasuartoli
2149 3067 2448 3135 fragmenta
2490 3067 2750 3122 historica
2792 3085 2812 3119 ι
2869 3066 3104 3136 (Nessel,
3147 3081 3202 3135 p.
3237 3064 3408 3135 142.).
3443 3061 3582 3120 Vide
3609 3062 3885 3118 lectiones

605 3153 886 3210 variantes
917 3154 1060 3223 adp.
1092 3155 1219 3218 589,
1257 3154 1446 3220 1-451,
1484 3155 1548 3208 16
1583 3163 1822 3214 notatas,
1859 3170 1997 3222 quas
2028 3154 2098 3210 cl.
2136 3153 2531 3210 MiItIOsitscliio
2571 3155 2857 3209 debemus.

674 3241 748 3299 29
801 3242 871 3296 Μ.
905 3243 930 3296 1
966 3243 1149 3297 Codex
1174 3242 1507 3296 Monacensis
1541 3243 1594 3306 1,
1631 3240 1706 3293 Νο
1750 3242 1878 3303 414,
1937 3241 2310 3311 Augustanus,
2365 3243 2692 3298 chartaceus
2729 3243 2980 3309 signatus
3022 3255 3076 3310 p.
3112 3239 3182 3294 68
3212 3237 3288 3293 Νο
3315 3241 3383 3295 3'7
3426 3239 3564 3308 (8|),
3597 3238 3651 3292 in
3689 3250 3879 3292 assero

607 3329 762 3384 corio
792 3328 948 3383 I‘usco
969 3340 1170 3396 tectus,
1205 3345 1312 3385 aere
1342 3330 1588 3384 munitus
1615 3338 1668 3384 et
1699 3329 1938 3389 clausus.
1976 3330 2027 3384 in
2058 3329 2125 3392 1ο,
2185 3331 2246 3386 tit

2233 3333 2405 3385 Iulum
2437 3331 2585 3386 hunc
2629 3329 2890 3398 praefert:
2921 3329 3198 3398 Γεωργίου
3234 3331 3325 3381 καὶ
3351 3327 3666 3395 λογοθέτου.
3693 3326 3879 3395 Γεωρ-

609 3415 732 3485 γίου
770 3418 1003 3487 μοναχοῦ
1035 3419 1127 3473 καὶ
1163 3417 1451 3485 λογοθὲτου
1491 3417 1854 3489 ίστορικῘδνῖ]
1912 3419 2230 3486 συγκέλλου.
2255 3417 2446 3483 Πίναξ.
2471 3419 2606 3484 Περὶ
2639 3417 2748 3470 τῶν
2780 3417 3227 3484 πρωτοπλάστων
3272 3415 3446 3480 ’Λδὲιμ
3481 3413 3579 3468 καὶ
3603 3413 3768 3476 Εὔας.
3803 3443 3878 3457 -ο

609 3505 746 3576 Περὶ
782 3506 1042 3559 Εὐσεϐίου
1077 3505 1170 3559 τοῦ
1212 3507 1495 3575 Παμφίλου
1522 3507 1598 3568 ὡς
1633 3509 1690 3559 ὲν
1713 3507 2116 3575 συνόψει-τῶν
2141 3508 2255 3560 αὐτι

2233 3507 2320 3561 τῶν
2353 3505 2502 3575 (:::c.
2541 3504 2862 3566 XXVII.9.9,
2899 3505 3010 3571 15).
3045 3504 3182 3570 Περὶ
3208 3501 3304 3557 τοῦ
3343 3501 3518 3570 Ἀδὰμ
3541 3502 3633 3556 καὶ
3667 3499 3776 3554 τῶν
3816 3498 3879 3566 ἐξ

607 3592 775 3648 αὐτοῦ
803 3595 1200 3664 καταγομένων
1245 3595 1338 3664 (::
1364 3594 1430 3658 ll,
1465 3596 1488 3650 1
1531 3610 1582 3663 p.
1621 3595 1711 3656 3|,
1749 3595 1932 3663 19)-
1964 3597 2092 3663 scapi.
2122 3595 2232 3648 τῶν

2231 3618 2232 3626 η
2282 3595 2710 3662 κεκοιμημένων
2756 3595 2847 3658 (:::
2873 3608 2923 3647 c.
2957 3590 3264 3656 CCXXXII,
3293 3607 3345 3653 p.
3379 3591 3505 3652 578,
3541 3588 3620 3655 8‘).
3665 3588 3877 3642 Testes

611 3680 926 3734 extenditur
959 3697 1012 3750 p.
1047 3681 1186 3735 2765
1223 3698 1398 3750 usque
1427 3682 1492 3736 ad
1525 3682 1685 3735 ﬁnem
1719 3681 1916 3751 capitis
1953 3698 2004 3752 p.
2033 3683 2160 3746 587,
2203 3683 2272 3738 52
2301 3684 2429 3736 ὅταν
2450 3681 2644 3751 ὄφελος
2681 3680 2838 3733 οὐδέν
2868 3698 2883 3746 ;
2911 3679 3150 3740 scriptus
3175 3690 3259 3733 est
3283 3679 3458 3732 titulis
3484 3686 3538 3731 et
3569 3677 3880 3732 initialibus

611 3767 926 3840 rubricatis,
985 3768 1180 3822 litteris
1229 3770 1454 3823 minutis
1495 3777 1548 3823 et
1601 3770 1788 3824 nitidis
1830 3785 1954 3823 cum
1979 3771 2253 3825 seboliisi

2237 3771 2293 3825 in
2336 3779 2488 3825 textu
2531 3770 2643 3839 (ex.
2672 3785 2752 3838 gr.
2789 3784 2844 3839 p.
2875 3768 2966 3832 29,
3003 3768 3071 3822 15
3106 3768 3319 3836 σκόλιον
3347 3767 3456 3820 τῶν
3491 3766 3665 3832 ἁγίων
3699 3766 3880 3822 Πατέ-

613 3870 723 3924 ρων
751 3855 894 3922 quod
947 3856 999 3909 in
1067 3854 1360 3912 I’arisiensi
1397 3857 1536 3912 1705
1569 3857 1740 3920 deest,
1779 3873 1810 3911 e
1858 3859 2101 3926 margine
2135 3860 2418 3927 irrepsisse
2447 3861 2712 3923 videtur),
2757 3858 2946 3915 szecttli
2988 3855 3108 3912 XVI
3143 3857 3294 3925 (vide
3343 3854 3470 3911 cod.
3506 3854 3630 3921 Μ’).
3673 3857 3885 3925 optime

610 3954 975 3998 conservatus
1000 3956 1054 4000 et
1111 3955 1234 4014 post
1288 3945 1522 4001 indicem
1555 3947 1851 4015 inscriptus
1886 3963 1899 4000 :
1933 3948 2200 4018 Χρονικδν
2230 3964 2256 4001 σ

2230 3949 2499 4016 σύντομον
2542 3950 2607 4003 ἑκ
2643 3949 2917 4017 διαφόρων
2960 3945 3100 4018 [χρ.]
3147 3947 3241 3999 καὶ
3271 3944 3553 4015 ἐξηγητῶν
3592 3944 3745 3998 συλλ.
3778 3946 3875 3998 καὶ

612 4047 766 4085 σνντ.
801 4031 906 4086 ὐπὸ
930 4032 1208 4103 Γεωργίου
1250 4051 1341 4106 αχ.
1377 4036 1472 4088 καὶ
1495 4035 1795 4103 συγκέλλου
1854 4037 2327 4105 (χρηματίσαντος
2379 4039 2472 4090 ἰπὶ
2529 4038 2806 4105 Ταρασίου
2843 4036 2936 4089 τοῦ
2963 4037 3274 4103 ἁγιωτάτον
3309 4036 3655 4103 πατριάρχου
3693 4035 3761 4087 Κ.
3806 4033 3876 4086 il.

614 4118 743 4181 νέας
783 4116 1002 4189 Ῥώμης
1030 4122 1325 4191 Προοίμιον
1352 4128 1398 4175 α’
1436 4123 1645 4192 (ἀρχή).
1705 4123 1822 4178 Hoc
1871 4139 1902 4177 e
1951 4125 2141 4179 codice
2183 4125 2260 4178 cla

2239 4126 2528 4180 arissimus
2583 4125 2735 4179 τοῖσι
2766 4125 2926 4178 nobis
2971 4123 3188 4177 initium
3238 4123 3292 4175 in
3332 4121 3522 4176 oodice
3559 4122 3879 4190 Mosqurnsi

609 4206 872 4260 deﬁciens
908 4206 985 4275 (p.
1031 4207 1085 4268 4,
1129 4208 1320 4270 17-44,
1370 4209 1464 4276 24)
1512 4210 1743 4276 benigne
1788 4209 2129 4272 transmisit;
2171 4220 2430 4280 praeterea
2476 4212 2741 4267 lectiones
2771 4212 3047 4265 variantes
3079 4211 3325 4263 Vitarnm
3375 4209 3729 4263 Constantini
3776 4206 3874 4269 Μ..

609 4292 954 4348 Constantini
981 4306 1036 4350 et
1054 4296 1257 4351 Juliani
1289 4299 1364 4365 (p.
1399 4297 1530 4360 589,
1575 4297 1764 4362 1-451,
1815 4298 1904 4366 16)
1933 4298 2255 4354 doctissimo
2281 4310 2337 4356 et
2373 4300 2770 4354 humanissimo
2789 4299 2906 4353 viro
2939 4297 3278 4354 Miklositselt
3307 4298 3570 4353 debemus
3601 4315 3616 4363 ;
3651 4297 3877 4352 Gretse«

614 4395 706 4433 rus
745 4396 873 4434 vero
901 4382 1040 4436 libro
1069 4398 1105 4436 ιι
1148 4383 1224 4436 De
1254 4401 1412 4437 cruce
1447 4385 1936 4452 exscripseratiam
1975 4403 2026 4455 p.
2049 4387 2174 4450 410,
2205 4387 2392 4446 7-412.
2419 4389 2472 4452 3,
2495 4387 2749 4441 Petavius
2795 4387 2848 4441 iu
2905 4386 3202 4455 appendice
3251 4386 3316 4438 ad
3354 4385 3690 4439 breviarium
3717 4381 3878 4438 Nice-

613 4468 773 4537 phori
809 4469 956 4540 (Par.
991 4472 1130 4527 1616
1159 4489 1210 4542 p.
1243 4473 1509 4543 539-407)
1545 4474 1722 4528 Vitam
1762 4475 2034 4543 lleraclii;
2064 4487 2349 4548 syntagma
2375 4475 2444 4529 de
2467 4483 2609 4529 statu
2642 4474 2993 4530 morientium
3025 4474 3102 4542 (p.
3140 4472 3407 4541 572'587)
3443 4472 3632 4528 Latine
3661 4472 3872 4526 laetum

622 4559 881 4627 notisque
923 4562 1252 4616 illustratum
1288 4562 1578 4619 Mattba'us
1613 4563 1862 4621 Raderus
1906 4568 2166 4634 Augustin
2201 4566 2340 4620 1607
2373 4564 2425 4615 in
2474 4561 2538 4617 8°
2596 4576 2663 4617 ex
2720 4561 2823 4616 hoc
2859 4561 3051 4616 codice
3093 4577 3112 4612 ι
3149 4561 3242 4626 qui
3287 4560 3426 4614 ultra
3448 4559 3881 4614 Constantinum

619 4644 856 4701 lleraclii
901 4651 1068 4704 lilium
1103 4667 1212 4705 non
1244 4653 1615 4723 progreditur.
1652 4673 1671 4706 ι
1710 4654 1796 4709 Cl‘.
1857 4665 2121 4724 praeterea
2166 4654 2430 4709 lectiones
2457 4651 2664 4704 codicis
2697 4649 3002 4718 Lipsiensis
3044 4664 3112 4704 ett
3148 4649 3470 4716 Augustano
3503 4647 3767 4714 descripti
3802 4648 3868 4699 ad

615 4750 706 4804 pp.
741 4737 1003 4792 ὅθι-587.
1037 4738 1324 4808 Prologum
1357 4755 1457 4794 nos
1486 4742 1585 4808 ipsi
1627 4757 1746 4796 cum
1777 4752 1923 4796 textu
1950 4743 2004 4797 Μ
2025 4744 2045 4774 ³
2083 4743 2404 4796 contulimus
2449 4754 2685 4807 quorutn
2720 4740 2900 4793 varias
2933 4736 3197 4792 lectiones
3230 4751 3354 4791 cum
3404 4735 3788 4792 Ambrosiauis
3827 4747 3883 4790 et

614 4821 1131 4882 Vindobonensibus
1169 4828 1484 4898 plerumque
1518 4831 1924 4885 consentientes
1951 4831 2005 4887 in
2042 4830 2356 4896 Appendice
2389 4827 2661 4882 invenies.

2021 4939 2292 4994 SECULI
2331 4935 2494 4992 XVII.

682 5024 775 5082 23.
807 5027 871 5081 L.
899 5031 1202 5099 Lipsiensis
1226 5033 1331 5088 852
1359 5034 1514 5102 (Rep.
1557 5033 1601 5098 1,
1635 5033 1688 5093 4.
1722 5032 1846 5102 49);
1876 5032 1948 5088 cf.
1975 5031 2281 5087 Naumanni
2313 5033 2619 5100 catalogum
2658 5027 2791 5084 bibl.
2849 5026 3108 5091 Senatus,
3142 5028 3406 5082 Grimmre
3439 5028 3603 5090 1838,
3657 5045 3711 5100 p.
3745 5029 3877 5093 215)

622 5134 640 5166 s
688 5115 907 5185 Georgii
943 5121 1191 5175 monachi
1217 5132 1270 5176 et
1287 5122 1520 5193 Syncelli
1561 5121 1623 5175 C.
1675 5121 1732 5176 Ρ.
1777 5123 2078 5175 chronicon
2111 5135 2284 5189 usque
2329 5120 2394 5174 a:|
2426 5118 2810 5172 Constantium
2859 5115 3090 5170 lleraelii
3130 5117 3301 5170 Illiuut
3334 5119 3670 5186 descriptum
3705 5135 3732 5172 ο
3777 5137 3880 5174 ms.

615 5204 796 5258 codice
822 5204 1147 5260 bibliotheca:
1183 5209 1510 5278 Augustam:
1531 5225 1657 5264 cum
1694 5211 2172 5265 emendationibus
2193 5207 2244 5264 .1.
2277 5207 2341 5264 Il.
2385 5205 2532 5259 Bosii
2565 5219 2632 5259 ex
2669 5204 2802 5260 bibl.
2829 5204 2892 5259 C.
2926 5203 3228 5274 Sagittarii,
3261 5215 3386 5275 post
3413 5206 3464 5261 .1.
3504 5209 3570 5261 Α.
3605 5205 3880 5264 Scltmidii

617 5300 672 5344 et
701 5293 767 5344 P.
800 5291 983 5361 Lyseri
1006 5294 1267 5363 junioris.
1305 5315 1324 5348 ι

698 5379 916 5454 [XXIX]
943 5383 1007 5436 5³
1037 5384 1312 5454 Γεωργίου
1345 5387 1440 5440 καὶ
1472 5386 1782 5454 λογοθὲτου,
1825 5387 2095 5458 Χρονικὸν
2125 5385 2390 5455 σύντομον
2431 5387 2495 5438 ins
2537 5385 2812 5456 διαφόρων
2853 5385 3250 5454 χρονογράφων
3296 5384 3393 5440 καὶ
3428 5384 3714 5454 ἐξηγητῶν
3755 5385 3885 5438 συλ-

618 5469 778 5536 λεγὲν
812 5471 907 5522 καὶ
942 5472 1198 5526 συντεθὲν
1224 5473 1328 5526 ὑπὸ
1353 5475 1631 5544 Γεωργίου
1659 5476 1898 5546 μοναχοῦ
1933 5476 2028 5528 καὶ
2061 5474 2378 5544 σνγκὲλλου.
2405 5475 2720 5544 Προοίμιον.
2757 5473 2953 5526 Πολλοὶ
2994 5473 3130 5537 τῶν,
3161 5489 3216 5526 κ.
3239 5489 3290 5525 τ.
3324 5473 3375 5527 λ.
3406 5473 3702 5529 Lectiones
3738 5489 3792 5542 p.
3828 5477 3880 5537 1,

624 5556 740 5618 1-6,
767 5558 792 5611 1
825 5566 880 5612 et
905 5557 1034 5620 571,
1061 5559 1289 5624 21-587,
1317 5561 1385 5616 32
1411 5562 1502 5630 qui
1525 5571 1609 5617 est
1633 5565 1842 5619 codicis
1874 5563 2017 5619 finis.
2047 5579 2073 5609 ἰ
2105 5564 2262 5618 nobis

2237 5578 2262 5617 s
2288 5563 2522 5632 primum
2561 5561 2865 5630 exscriptus
2882 5560 3004 5614 vide
3040 5560 3092 5615 in
3123 5560 3457 5630 Appendice.
3480 5561 3564 5616 Ci.
3596 5561 3877 5616 Ilciskium

621 5643 722 5708 (De
752 5647 1088 5701 ctersmoniis
1122 5645 1263 5701 (zqu
1293 5649 1420 5719 Byz.
1460 5649 1611 5719 prmi.
1650 5650 1846 5720 Lipsiae
1877 5650 2004 5706 I754
2041 5649 2136 5709 1'”).

1943 5737 2214 5794 S/ECULI
2264 5738 2561 5792 INILER'I'I.

693 5818 760 5874 21
813 5820 1121 5886 Palatinus,
1157 5821 1489 5880 Vaticanus?
1517 5827 1619 5893 Χρ.
1656 5843 1703 5879 σ.
1756 5829 1814 5879 ἐκ
1848 5828 1892 5880 ὀ.
1932 5846 2022 5898 χρ.
2077 5829 2168 5882 καὶ
2216 5827 2294 5892 ἐξ.

2236 5827 2294 5892 με.
2343 5845 2394 5881 σ.
2449 5829 2540 5882 καὶ
2578 5845 2623 5880 σ.
2675 5827 2825 5897 παρὰ
2870 5828 3119 5881 Ἰωάννου
3163 5829 3254 5882 τοῦ
3303 5829 3626 5883 Σικελιώτου
3664 5833 3754 5883 το)
3795 5830 3882 5882 καὶ
