4168 6438
563 393 639 457 75
1781 380 2109 442 GEORGII
2151 381 2612 442 HAMARTOLI
3756 388 3828 453 76

568 503 850 574 βασιλείας
879 499 1172 570 Κανδάκης
1223 497 1321 568 τῆς
1352 497 1551 570 χήρας,
1598 494 1995 565 βασιλευούσης
2041 493 2152 546 τῶν
2220 492 2517 564 ενδοτερων
2551 495 2594 524 ’³
2644 491 2854 557 Ἰνδῶν,
2885 492 3009 562 ἥτις
3076 493 3171 547 καὶ
3217 494 3512 551 συνέλαϐεν
3542 495 3706 552 αὑτὸν
3737 498 3834 552 οὑ-

566 612 698 658 τως.

991 683 1134 738 XIX.
1175 683 1251 738 De
1276 684 1453 754 regina
1481 681 1746 738 Candace.

633 798 1570 866 ConsueveratAlexanderiisquos
1602 796 1670 850 ad
1700 809 1852 864 reges
1881 794 2143 850 adversa-

578 896 692 949 rios
721 892 1028 962 delegabat,
1066 905 1188 945 sese
1225 889 1330 943 sub
1370 887 1563 942 militis
1594 886 1778 955 specie
1809 885 2142 950 immiscere,

566 996 627 1040 ut
655 985 902 1056 singulos
925 983 1045 1037 illos
1073 981 1245 1036 oculis
1267 979 1570 1036 metiretur.
1597 978 1716 1044 Quo
1741 977 1982 1048 cognito,
2003 978 2148 1032 Can-

563 1081 698 1137 dace
732 1078 1018 1150 inquisivit
1059 1091 1182 1146 qua:
1216 1075 1364 1131 illius
1401 1082 1547 1130 esset
1578 1071 1756 1128 forma
1798 1079 1894 1125 aut
1925 1073 2146 1142 signum

563 1171 878 1241 peculiare;
927 1177 981 1224 et
1007 1169 1100 1223 ubi
1147 1167 1449 1222 audivisset
1491 1179 1618 1220 eum
1668 1164 1879 1233 exigua:
1922 1171 2148 1218 staturae

561 1280 708 1331 esse,
729 1273 784 1318 et
801 1263 1056 1318 dentibus
1082 1259 1383 1331 grandibus
1405 1273 1470 1313 ac
1493 1256 1985 1327 praeminentibus,
2017 1255 2144 1310 item

564 1358 849 1416 oculorum
879 1355 1080 1410 habere
1101 1367 1271 1407 unum
1299 1350 1870 1417 caeruleumgalterum
1906 1348 2144 1418 nigrum,

562 1451 682 1520 ipsa
712 1447 816 1503 sibi
856 1445 1085 1501 notavit.
1127 1442 1295 1512 Igitur
1349 1455 1474 1496 cum
1511 1441 1820 1494 Alexander
1841 1453 1966 1493 cum
1997 1437 2143 1492 dele-

563 1541 702 1612 gatis
735 1539 853 1595 suis
893 1538 1144 1601 intraret,
1184 1535 1373 1605 regina
1417 1547 1539 1602 qua:
1585 1546 1712 1586 eum
1745 1545 1808 1586 ex
1845 1531 2019 1602 signis
2044 1543 2147 1584 no-

565 1636 817 1697 scitabat,
846 1631 1250 1702 comprehenso
1277 1627 1533 1683 manibus
1566 1625 1616 1681 ei
1649 1625 1826 1679 dixit:
1861 1642 1880 1676 ι
1916 1624 2148 1678 Alexan-

563 1728 660 1781 der
688 1742 805 1791 rex,
842 1735 898 1780 tu
921 1723 1112 1778 orbem
1139 1730 1410 1776 terrarum
1439 1718 1659 1789 cepisti,
1687 1731 1833 1771 nunc
1861 1732 1890 1770 a
1917 1715 2147 1771 muliere

560 1826 776 1886 captus.
809 1831 829 1866 ι
863 1814 943 1868 Ad
974 1828 1094 1882 quae
1116 1811 1500 1866 Alexandern
1539 1806 1769 1876 Propter
1790 1805 2058 1860 malitiam
2089 1812 2146 1859 et

561 1908 820 1964 astutiam
877 1915 1028 1962 tuam
1083 1912 1138 1960 tc
1184 1903 1436 1973 filiosque
1479 1901 1784 1957 incolumes
1827 1913 1952 1954 cum
1977 1911 2146 1968 regno

561 1999 831 2062 servabo;
881 1998 995 2052 imo
1029 2004 1082 2051 te
1105 1995 1282 2065 ipsam
1322 1993 1378 2048 in
1422 1991 1834 2046 matrimonium
1855 1989 2078 2045 ducam.
2118 2006 2137 2040 ι

2448 677 2549 731 ΙΘ’.
2584 677 2723 745 Περὶ
2760 675 2864 745 τῆς
2890 678 3283 748 βασιλίσσης
3311 681 3650 750 Κανδάκης.

2322 791 2483 854 "Ei-30g
2508 788 2654 861 εἰχεν
2684 791 3035 862 Ἀλέξανδρος
3067 793 3114 824 ⁸³
3147 793 3286 863 μετὰ
3314 795 3426 848 τῶν
3459 796 3834 866 πεμπομένων

2247 883 2338 936 ὑπ’
2371 881 2538 936 αὑτοῦ
2573 882 2863 953 πρέσϐεων
2913 884 3053 954 πρὸς
3095 885 3224 949 τοὺς
3258 885 3539 951 ἐναντίους
3591 889 3836 958 βασιλεῖς

2247 975 2693 1047 συνεισέρχεσθαι
2745 975 2791 1008 ⁵⁸
2827 979 3070 1048 σχήματι
3123 978 3468 1048 στρατιώτου
3525 983 3621 1033 καὶ
3677 983 3833 1051 ὁρᾷν,

2246 1068 2435 1132 ὁποῖός
2474 1071 2628 1122 ἐστιν
2674 1070 2703 1122 ὀ
2733 1067 2990 1137 βασιλεὺς
3023 1070 3252 1133 ἐκεῖνος.
3319 1070 3380 1125 'H
3427 1071 3522 1125 οὖν
3573 1073 3832 1141 Κανδάκη

2245 1159 2404 1214 τοῦτο
2429 1159 2681 1231 μαθοῦσα
2712 1162 3163 1233 περιειργάσατο,
3196 1164 3392 1227 ὁποίας
3426 1164 3547 1217 ἐστὶ
3574 1164 3837 1227 θέα;,καὶ

2247 1253 2300 1306 τί
2331 1252 2444 1323 ἔχει
2505 1254 2808 1324 σύσσημον.
2860 1255 2972 1308 Kal
3021 1253 3272 1323 μαθοῦσα
3298 1255 3365 1318 ⁸⁵,
3417 1255 3500 1309 ὅτι
3551 1255 3838 1326 χθαμαλὸς

2246 1346 2420 1409 ἐστιν,
2449 1345 2671 1408 ὀδόντας
2719 1345 2860 1414 ἔχων
2888 1345 3162 1415 μεγάλους
3197 1347 3294 1400 καὶ
3323 1347 3687 1417 φαινομίνους
3738 1347 3836 1402 καὶ

2246 1437 2338 1491 τὸν
2362 1437 2460 1492 ἕνα
2496 1438 2594 1507 μὲν
2624 1438 2906 1508 ὀφθαλμὸν
2930 1439 3190 1507 γλαυκὸν,
3228 1439 3320 1493 τὸν
3343 1439 3399 1492 δὲ
3443 1439 3633 1510 ἕτερον
3668 1439 3837 1508 μέλα-

2247 1545 2336 1595 να,
2371 1527 2872 1600 παρεσημειῶσατο
2915 1528 3040 1582 καθ’
3072 1528 3273 1598 ἑαυτὴν
3325 1527 3523 1584 ταῦτα.
3558 1530 3671 1582 Kal
3692 1527 3758 1599 δὴ
3786 1529 3833 1559 ⁸⁸

2245 1623 2580 1687 εἰσελθόντος
2604 1625 2647 1656 ⁸⁷
2673 1625 2810 1694 πρὸς
2839 1623 3012 1696 αὐτὴν
3059 1626 3178 1695 ἅμα
3225 1628 3339 1689 τοῖς
3366 1624 3670 1694 πεμφθεῖσι
3701 1642 3817 1697 παρ

2245 1711 2412 1766 αὑτοῦ
2439 1713 2486 1745 ⁸⁸
2509 1713 2896 1785 πρεσϐευταῖς,
2933 1715 3027 1768 καὶ
3059 1715 3377 1785 γνωρίσασα
3424 1715 3590 1768 αὑτὸν
3635 1716 3698 1768 ἐκ
3725 1715 3837 1768 τῶν

2246 1805 2564 1874 συσσήμων,
2596 1805 2856 1874 συνέσχεν
2877 1805 3042 1858 αὑτὸν
3058 1805 3126 1868 δ’,
3145 1805 3411 1874 λέγουσαο
3456 1823 3476 1857 t
3518 1805 3834 1876 Ἀλέξανδρε

2248 1893 2492 1964 βασιλεῦ,
2516 1896 2609 1948 τὸν
2633 1896 2837 1966 κόσμον
2854 1895 3180 1964 έλαϐες,καὶ
3208 1900 3347 1968 γυνή
3376 1915 3436 1952 σε
3463 1899 3792 1970 παρέλαϐεν.
3808 1917 3828 1952 ι

2245 1984 2356 2056 26.
2389 1985 2447 2038 '0
2475 1985 2534 2039 δὲ
2565 1983 2719 2039 εἶπεν
2758 1987 2898 2057 αὐτῇ
2924 2003 2938 2016 ·
2979 2008 2996 2040 ι
3025 1988 3124 2041 Διά
3150 1988 3214 2041 τὸ
3259 1989 3572 2058 πανοῦργον
3600 1990 3695 2042 καὶ
3731 2005 3832 2042 πε-

523 2107 528 2114 ·
563 2088 696 2142 l’ost
729 2089 954 2156 nuptias
983 2088 1150 2157 igitur
1197 2100 1305 2140 una
1333 2099 1458 2139 cum
1499 2097 1563 2138 ea
1599 2085 1654 2136 in
1685 2080 1980 2152 Egyptum
2014 2093 2142 2150 pro-

2249 2078 2328 2148 ρίε
2340 2093 2468 2147 ργον
2495 2077 2596 2147 τῆς
2618 2078 2835 2148 φύσεώς
2866 2095 2959 2132 σου
2981 2079 3028 2111 ⁸⁸
3057 2078 3270 2147 ἀϐλαϐῆ
3304 2097 3364 2132 σε
3397 2081 3493 2133 καὶ
3520 2081 3646 2143 τοὺς
3679 2079 3832 2144 υίούς

562 2177 755 2243 fectus,
785 2177 1172 2232 Alexandriam
1208 2176 1282 2231 ibi
1314 2174 1591 2231 conditam
1623 2187 1689 2228 ex
1725 2186 1786 2227 se
1813 2169 2140 2224 nominavit.

563 2271 774 2325 llursus
839 2267 1170 2340 Babylonem
1233 2282 1508 2332 reversus,
1566 2265 1640 2322 ibi
1690 2263 1981 2319 defunctus
2034 2270 2138 2328 est,

556 2363 733 2418 artatis
765 2376 911 2416 anno
935 2360 1027 2426 32,
1061 2361 1214 2432 regni
1248 2359 1336 2413 l2.

2251 2189 2347 2225 σου
2387 2171 2482 2224 καὶ
2523 2172 2624 2241 τήν
2654 2170 2938 2240 βασιλείαν
2960 2188 3054 2224 σου
3082 2170 3421 2239 διαφυλάξω,
3464 2173 3556 2226 καὶ
3587 2172 3834 2244 λήψομαί

2251 2281 2310 2318 σε
2339 2265 2436 2318 καὶ
2457 2266 2716 2332 γυναῖκα.
2749 2282 2769 2315 ι
2810 2265 2913 2316 Ἦν
2963 2263 3059 2318 καὶ
3103 2260 3289 2316 λαϐὼν
3312 2265 3408 2318 καὶ
3435 2267 3515 2329 εἰς
3552 2265 3834 2333 Αἴγυπτον

2247 2354 2418 2409 ἐλθὼν
2455 2357 2550 2411 καὶ
2579 2355 2679 2427 τὴν
2721 2356 2968 2426 μεγάλην
3022 2352 3436 2427 Ἀλεξάνδρειαν
3474 2358 3658 2420 εἰς,τὸ
3700 2359 3836 2412 ἰδιον

560 2458 754 2521 κτίσας
787 2458 980 2528 ϐνομα,
1023 2457 1185 2511 πάλιν
1221 2453 1624 2524 ὑπέστρεφεν⁸¹
1653 2452 1734 2515 εἰς
1755 2449 2144 2503 Βαϐυλῶναυ·
2184 2451 2244 2505 ἓν
2372 2451 2468 2505 καὶ
2532 2451 2782 2523 τελευτᾷ,
2842 2450 3108 2522 ὑπάρχων
3163 2448 3304 2503 hth
3351 2448 3452 2517 λβ’,
3501 2450 3836 2520 βασιλεύσας

559 2550 655 2604 ἐτη
694 2549 783 2604 ιβ’.

589 2568 618 2604 τ
694 2568 709 2602 ι
749 2549 783 2604 ’.

624 2549 935 2697 ffllepitander
967 2640 1257 2694 innumera
1289 2637 1560 2707 fidemque
1584 2637 1899 2708 superantia
1936 2646 2142 2708 tropaea

2315 2636 2393 2706 (2)
2430 2635 2605 2690 Πολλά
2633 2635 2735 2705 μὲν
2758 2629 2852 2688 οὗν
2885 2635 2976 2690 καί
3016 2636 3153 2690 ἄλλα
3186 2638 3358 2709 μυρία
3383 2637 3624 2708 τρόπαια
3655 2637 3839 2693 δυσδι-

559 2732 662 2790 sibi
695 2731 889 2787 erexit.
938 2728 1120 2796 Quare
1149 2729 1415 2798 propheta
1451 2727 1657 2797 pardali
1693 2741 1817 2782 eum
1862 2734 2144 2795 comparat

2245 2729 2421 2799 ήγητα
2448 2728 2541 2781 καὶ
2591 2728 2750 2795 λόγον
2787 2728 3194 2798 ὑπερϐαίνοντα
3232 2730 3549 2800 εἰργάσατο.
3588 2730 3696 2783 Kal
3743 2729 3837 2784 διὰ

562 2823 741 2888 alata,
775 2821 978 2892 quippe
1012 2821 1106 2891 qui
1140 2821 1455 2875 universam
1489 2829 1689 2874 terram
1725 2817 1899 2871 vietor
1926 2831 2144 2872 summo

2245 2821 2401 2876 τοῦτο
2449 2820 2660 2890 πτηνήν
2691 2820 2960 2890 πάρδαλιν
2997 2823 3026 2875 ὁ
3069 2823 3363 2894 προφήτης
3398 2822 3446 2854 ⁸⁸
3478 2821 3642 2876 αὑτὸν
3692 2839 3833 2894 προ-

562 2931 686 2972 cum
718 2915 916 2969 ardore
971 2928 1320 2984 percurrens,
1383 2911 1702 2981 improvisis
1757 2909 1941 2964 hostes
1971 2909 2143 2964 armis

559 3001 895 3075 aggreditur.
944 2999 1090 3056 idem
1125 3000 1452 3071 philosopho
1482 2999 1665 3068 aliquo
1711 2997 1948 3062 dicente,
1982 2997 2144 3051 innu-

559 3110 740 3152 meros
769 3109 892 3152 esse
909 3097 1164 3160 mundos,
1194 3091 1573 3163 gemebundus
1605 3109 1618 3146 :
1660 3091 1757 3144 «Et
1777 3104 2014 3160 quorum
2046 3103 2147 3160 ego

554 3204 631 3244 ne
646 3204 812 3243 unum
833 3188 1054 3260 quidem
1089 3188 1334 3258 subegi,»
1357 3185 1516 3241 dixit.
1550 3185 1699 3240 Adeo
1731 3198 1897 3255 porro
1924 3197 2148 3253 magna-

544 3281 746 3336 .nlmus
781 3293 845 3334 ac
873 3293 1172 3351 generosus
1200 3287 1320 3333 erat
1345 3287 1403 3334 ut
1436 3278 1639 3348 ubique
1665 3287 1885 3346 propter
1907 3276 2149 3346 pruden-

2242 2913 2454 2977 ϐλέπει,
2489 2914 2549 2966 τὸ
2588 2913 2727 2983 ταχὺ
2762 2916 2857 2966 καὶ
2893 2914 3122 2983 σφοδρὸν
3155 2914 3252 2968 καὶ
3289 2915 3349 2968 τὸ
3373 2915 3624 2987 πυρῶδες
3664 2915 3712 2948 ³⁸
3739 2916 3836 2968 καὶ

2244 3005 2305 3058 τδ
2334 3005 2489 3073 άφνω
2527 3005 2820 3075 διαπτῆναι
2862 3007 2964 3078 τήν
3009 3007 3338 3079 οἰκουμένην
3387 3009 3526 3079 μετὰ
3553 3008 3836 3078 τροπαίων

2245 3098 2342 3151 καὶ
2377 3099 2534 3168 νίκης
2575 3097 2955 3169 προῡπέφηνε.
2988 3100 3065 3170 (5)
3090 3100 3330 3168 Λέγεται
3368 3101 3448 3164 δὲ,
3471 3102 3553 3155 ὅτι
3590 3099 3837 3174 [φιλοσό-

2247 3206 2351 3258 φου
2397 3189 2542 3253 τινὸς
2593 3189 2882 3259 εἰρηκότος
2937 3191 3198 3259 ἤκουσεν,
3245 3189 3352 3264 ὃτι]
3382 3192 3577 3262 κόσμοι
3609 3191 3834 3262 ἄπειροί

2246 3282 2371 3334 εἰσι.
2409 3279 2535 3352 [Ὃς
2570 3279 2666 3334 καὶ
2700 3279 2966 3353 ἀκούσας]
3025 3281 3120 3335 καὶ
3173 3281 3320 3350 μέγα
3377 3282 3638 3350 στενάξας
3687 3282 3832 3353 ἔφη’

564 3370 696 3424 tiam
723 3376 778 3423 et
801 3368 1002 3439 ingenii
1045 3381 1274 3423 acumen
1319 3367 1752 3438 sapientiamque
1806 3364 1860 3418 in
1900 3367 2144 3422 omnium

2253 3389 2271 3422 ι
2303 3371 2415 3425 Kal
2435 3369 2681 3442 άπείρων
2715 3373 2760 3404 ⁵⁵
2792 3370 2985 3436 ὄντων,
3029 3372 3257 3444 μηδενὸς
3291 3373 3405 3443 ἐγὼ
3425 3373 3768 3445 κεκράτηκα.
3806 3391 3827 3426 ι

561 3475 663 3517 ore
742 3470 909 3531 atque
997 3460 1363 3516 admiratione
1432 3470 1767 3516 versaretur.
1850 3461 2144 3516 Aristotele

2245 3460 2430 3524 υῦτως
2471 3455 2538 3531 ἦν
2587 3460 2969 3534 μεγαλόφρων,
3026 3464 3402 3536 μεγαλόψυχος
3439 3466 3536 3518 καὶ
3585 3467 3832 3534 γενναῖος

543 3551 824 3622 magistro
881 3566 1035 3617 usus,
1091 3552 1279 3622 logica:
1333 3553 1435 3611 arti
1491 3568 1618 3607 cum
1673 3569 1896 3610 summo
1958 3554 2144 3610 Studia

561 3658 784 3713 operam
811 3643 992 3699 dabat.
1041 3644 1185 3699 ldem
1217 3644 1417 3700 bellum
1449 3646 1671 3716 gerendi
1701 3647 1836 3702 artis
1875 3648 2146 3718 peritissio

2242 3553 2387 3625 (ὅθεν
2434 3555 2528 3608 καὶ
2560 3555 2841 3626 πανταχοῦ
2870 3556 3026 3628 ᾔδετο
3065 3557 3160 3610 καὶ
3195 3557 3542 3628 ιθαυμάζετο
3595 3558 3835 3627 μάλιστα

2238 3645 2328 3700 διὰ
2353 3647 2710 3718 σωφροσύνην
2742 3647 2909 3702 αὑτοῦ
2943 3650 3038 3702 καὶ
3066 3649 3288 3704 σύνεσιν
3313 3651 3408 3704 καὶ
3439 3649 3640 3721 πολλὴν
3669 3650 3834 3719 ἀγχί-

549 3751 686 3790 ιηιυε
712 3751 836 3791 cum
860 3734 1268 3792 adolescentem
1301 3736 1393 3806 qui
1425 3738 1567 3793 idem
1602 3739 1749 3809 quod
1778 3741 1913 3809 ipse,
1942 3755 2140 3795 nomen

2245 3739 2391 3794 νοιάν
2413 3757 2471 3792 τε
2504 3743 2598 3794 καὶ
2636 3742 2877 3812 σοφίαν).
2916 3743 3284 3813 Ἀριστοτέλει
3315 3744 3428 3815 γάρ
3461 3742 3834 3816 μαθητευθεῖς

563 3826 834 3896 gerebat,
904 3827 1087 3882 minus
1167 3828 1384 3884 fortiter
1449 3840 1776 3900 pugnantem
1861 3831 2140 3886 vidisset:

555 3935 586 3969 -σ
643 3916 810 3986 Heus,
864 3919 1061 3989 inquit,
1121 3930 1216 3975 aut
1267 3935 1450 3976 mores
1506 3931 1600 3976 aut
1650 3937 1848 3977 nomen
1909 3931 2082 3978 muta.
2121 3939 2141 3973 ι

560 4010 739 4064 Animi
779 4015 1197 4082 generositatem
1235 4021 1294 4068 ut
1321 4013 1448 4068 alibi
1482 4014 1556 4068 ita
1587 4017 1821 4070 maxime
1847 4015 1936 4069 ubi
1969 4016 2148 4069 vietor

559 4116 591 4154 c
650 4117 828 4171 pugna
881 4115 1224 4171 excesserat,
1291 4105 1645 4161 manifestare
1709 4107 1943 4162 solebat.
2006 4103 2141 4158 Nam

551 4200 850 4261 postquam
889 4191 1032 4248 Darii
1070 4194 1211 4251 filias
1260 4195 1432 4251 forma
1477 4199 1721 4266 insignes
1759 4199 2028 4270 cepisset,
2077 4213 2144 4253 ne

2243 3833 2425 3885 πᾶσαν
2445 3829 2672 3904 λογικὴν
2691 3833 3006 3904 ἐπιστήμην
3046 3835 3127 3898 εἰς
3165 3834 3338 3903 ἄκρον
3371 3833 3729 3903 ἔξεπαιδεύθη
3761 3834 3829 3886 ⁵⁸.

2247 3922 2796 3993 (4)Πολεμικὼτατος
2834 3924 2893 3978 δὲ
2940 3927 3033 3979 καὶ
3082 3925 3491 3996 τολμηρότατος
3538 3923 3830 3994 ὑπάρχων,

2251 4015 2375 4067 ἰδὼν
2401 4013 2696 4086 ὁμώνυμον
2724 4017 2875 4088 αὑτῷ
2905 4017 3191 4071 νεανίσκον
3215 4017 3338 4071 τινὰ
3364 4016 3554 4082 δειλῶς
3585 4019 3832 4087 μαχόμε-

2245 4121 2334 4158 νον
2366 4101 2485 4157 εἷπε
2509 4108 2648 4176 πρὸς
2677 4106 2840 4160 αὑτόν
2862 4119 2876 4137 ⁶
2931 4128 2949 4159 ι
2989 4109 3282 4173 Νεανίσκε,
3320 4108 3352 4179 ἢ
3379 4108 3472 4162 τὸν
3495 4108 3698 4181 τρόπον
3734 4108 3832 4163 άλ-

2246 4196 2406 4262 λαξον
2438 4197 2472 4269 ἢ
2517 4199 2577 4250 τὸ
2605 4197 2799 4270 δνομα.
2826 4217 2846 4252 a
2881 4199 2958 4268 (5)
3023 4202 3175 4255 Ἐπεὶ
3206 4201 3301 4254 οὖν
3352 4203 3447 4256 καὶ
3501 4200 3828 4273 σωφροσύνῃ

565 4283 749 4339 videre
809 4285 1030 4353 quidem
1088 4303 1188 4342 eas
1245 4289 1448 4355 voluit;
1512 4298 1668 4359 turpe
1713 4305 1836 4345 esse
1883 4291 2074 4344 dicens
2113 4305 2144 4343 a

2247 4289 2417 4360 πολλῇ
2449 4290 2798 4364 διεκόσμητο,
2819 4292 3186 4363 ἐκδηλοτέραν
3214 4294 3418 4362 ταύτην
3443 4295 3667 4363 ἐποίησε
3691 4295 3831 4362 μετὰ

565 4371 782 4427 feminis
837 4375 1015 4443 subigi
1063 4390 1188 4430 eum
1239 4379 1332 4446 qui
1383 4377 1450 4433 de
1501 4378 1635 4433 viris
1689 4378 1864 4448 iisque
1909 4379 2144 4434 fortibus

2245 4383 2346 4454 τὴν
2367 4383 2548 4454 νίκην.
2577 4385 2687 4439 Kal
2735 4387 2844 4456 γὰρ
2879 4387 3265 4456 αἰχμαλώτους
3304 4387 3485 4440 λαϐὼν
3515 4387 3613 4450 τάς
3660 4385 3828 4451 θυγαο

565 4463 937 4533 ινίυηιριιετὶι.
2247 4475 2411 4545 τέρας
2444 4476 2671 4548 Δαρείου
2701 4477 3154 4548 μαρτυρουμένας
3182 4479 3328 4550 ἔχειν
3349 4479 3544 4544 κάλλος
3575 4477 3830 4545 ἀξιοθαύ-

555 4574 790 4628 ,μαστον,
823 4559 946 4612 οὑδὲ
974 4559 1254 4630 προσιδεῖν
1277 4559 1531 4630 ἠξίωσεν,
1559 4562 1782 4634 αἰσχρὸν
1811 4566 1906 4618 καὶ
1946 4565 2135 4621 λίαν...
2177 4567 2489 4641 ἀποφήνας,
2542 4574 2634 4625 τὸν
2658 4571 2853 4642 ἄνδρας
2877 4571 2922 4604 ⁵⁷
2958 4571 3218 4644 ἀνδρείως
3286 4573 3696 4644 χειρωσάμενον
3723 4569 3828 4622 ὑπό

561 4649 841 4720 γυναικῶν
871 4651 1071 4716 ἀθλίως
1103 4653 1430 4724 ήττηθῆναι.

990 4743 1112 4800 XX.
1169 4743 1242 4797 De
1272 4744 1712 4803 Brachntam'bttr.

2620 4755 2703 4808 K'.
2731 4756 2868 4823 Περὶ
2911 4753 3030 4810 τῶν
3063 4755 3452 4825 Βραχμάνων.

628 4834 958 4902 Alexander,
1000 4835 1097 4906 qui
1135 4851 1246 4890 non
1300 4837 1480 4892 solum
1532 4839 1599 4893 ad
1632 4838 1794 4894 Indos
1834 4839 2142 4894 remotissi-

2317 4845 2415 4909 ’ος
2451 4862 2513 4914 γε
2544 4849 2639 4901 καὶ
2671 4849 2828 4919 μέχρι
2857 4850 2966 4902 τῶν
3000 4851 3296 4905 ὲνδοτάτων
3338 4850 3514 4904 Ἰνδῶν
3546 4851 3641 4904 καὶ
3664 4848 3760 4903 τοῦ
3778 4849 3826 4883 ⁸⁸

561 4940 703 4992 mos,
757 4928 853 4984 sed
903 4930 1068 4984 etiam
1123 4929 1194 4984 ad
1253 4927 1529 4985 Oceanum
1587 4932 1680 5001 qui
1722 4941 1888 4987 totam
1939 4943 2140 4987 terram

2245 4936 2568 5002 κυκλοῦντος
2604 4941 2785 4994 πᾶσαν
2813 4942 2912 5012 τὴν
2938 4942 3044 5013 γῆν
3073 4943 3352 5008 Ὠκεανοῦ,
3389 4943 3627 5014 μεγάλου
3653 4960 3824 4997 ποτα-

563 5018 754 5085 ambit,
818 5033 874 5076 et
941 5022 1180 5078 insulam
1233 5022 1636 5079 Brachmanum
1687 5035 2031 5095 processerat
2079 5036 2140 5080 ut

2245 5029 2368 5100 μοῦ,
2409 5031 2625 5101 καὶτῆς
2661 5034 2926 5104 μεγίστης
2969 5036 3135 5104 νήσου
3165 5037 3273 5088 τῶν
3308 5033 3654 5106 Βραχμάνων
3686 5034 3827 5104 φθά-

561 5108 848 5165 hominum
907 5127 1087 5170 mores
1130 5122 1186 5169 et
1239 5129 1428 5171 verum
1479 5116 1748 5174 falsumve
1795 5117 2001 5172 cultum
2031 5131 2141 5187 quo

2245 5138 2340 5185 σας
2373 5125 2470 5178 καὶ
2499 5124 2640 5196 ὑπὲρ
2658 5126 2702 5158 ⁸⁸
2744 5125 3032 5196 ἄνθρωπον
3055 5124 3170 5196 βίον
3201 5127 3297 5179 καὶ
3321 5126 3420 5197 τὴν
3451 5127 3532 5188 εἰς
3560 5123 3651 5178 τὸν
3679 5124 3824 5177 πάν-

564 5198 736 5252 Deum
780 5201 1206 5271 omnipotentem
1251 5216 1738 5276 prosequerentur,
1785 5208 2138 5278 perdisceret,

2245 5231 2348 5270 των
2405 5216 2538 5271 Θεὸν
2588 5217 2870 5272 εὐσέϐειάν
2917 5236 2975 5272 τε
3027 5222 3120 5272 καὶ
3177 5219 3434 5291 λατρείαν
3481 5217 3823 5289 μεμαθηκὼς

1770 5372 1972 5434 Variis
2013 5373 2324 5438 lectiones
2370 5385 2432 5439 et
2467 5383 2656 5441 nota).

633 5507 677 5589 ’ξ
707 5505 1082 5589 ἐνδλοτέραλῦἢ
1159 5508 1326 5589 ἸἙ.
1376 5511 1484 5589 γὰρ
1527 5514 1575 5566 ι,
1625 5515 1652 5567 ὁ
1711 5511 1984 5589 Ἄλλην..
2061 5514 2111 5548 tt

2249 5516 2507 5589 έρχεσθαι
2539 5520 2622 5576 P’.
2701 5521 2746 5553 "
2780 5524 2886 5577 Kai
2919 5525 3202 5580 ἀκούσασα
3227 5524 3354 5581 Par.
3432 5527 3477 5561 “
3511 5527 3618 5581 Kal
3645 5525 3702 5579 δέ
3729 5527 3815 5582 B’.

561 5577 1228 5667 :'-sla£106~:fa"far:n_:°‘
1257 5577 2218 5667 στρατάῦταές.’-ιδξαὺτδιν-ρη).ις’,
2375 5591 2694 5667 πανορργον-
2718 5595 2816 5663 τῆς
2856 5577 3404 5667 φρονῆάὲῷξσὲιιῖιιε.
3481 5577 3821 5667 σίῐᾶέέέτρεέ

561 5646 775 5739 ΙΨ.
931 5646 1393 5739 52].(4976ῂῡέρ.
1428 5646 1612 5739 vituli.
1646 5654 1880 5739 (ὄλϐιεώ
1914 5656 2132 5739 32?,94

2245 5729 2258 5739 _
2276 5659 2321 5691 ⁸³
2343 5666 2478 5739 ταχὺ
2504 5646 2880 5739 δήλᾉνρ-τισξαῖ
3240 5646 3504 5739 ζπυρῶδες
3532 5646 3647 5721 Ill.—
3669 5646 3760 5739 1':
3768 5646 3819 5719 ξι

562 5718 808 5808 ἐπείρων
835 5717 919 5804 Βξ.
995 5717 1158 5808 “rei;
1195 5717 1292 5808 μς
1333 5724 1423 5808 ἐπ.
1459 5717 1910 5808 Πολεμέκῶτερος
1945 5717 2144 5782 Ε”ὲκπ

2245 5729 2356 5785 Ion.
2406 5717 2592 5802 Kugft
2664 5733 2708 5764 ⁸⁷
2734 5734 2853 5788 λίαν
2880 5717 3569 5806 ea51.39;;’ni;"ii';a
3599 5717 3697 5808 τήν
3732 5717 3818 5793 8⁵.

562 5743 808 5786 απιιρων
835 5743 919 5774 D'.
995 5743 1041 5752 "
1075 5743 1158 5784 εις
1241 5743 1292 5784 λς
1333 5743 1423 5774 επ.
1459 5743 1806 5792 ιιοΑεμικωτε
1849 5743 1901 5791 ος

558 5787 604 5818 ⁸⁸
633 5788 848 5857 φθάσας
870 5794 894 5842 (ἒ
915 5811 942 5845 ν
966 5791 1056 5846 καὶ
1081 5791 1173 5845 τὸν
1195 5743 1499 5860 ϐαυμάσιον
1519 5795 1610 5846 καὶ
1645 5796 1785 5865 ὑπέρ
1817 5743 1901 5852 E’.
