4168 6442
586 381 655 441 83
1801 379 2124 442 GEORGII
2166 379 2623 440 l-IAMARTOLI
3785 394 3857 455 ει

589 507 936 564 pt‘Olthlllr‘S;
976 514 1000 547 ι·

589 591 749 650 "ista,
785 605 892 642 non
930 588 1178 656 Iudaeus,
1235 606 1348 646 rem
1397 591 1472 644 uti
1536 591 1697 646 alicui
1754 589 1974 645 Patrnm
2017 604 2172 642 reve-

589 679 692 734 lata
725 678 918 743 fuerat,
952 690 1157 734 narrat.

1055 499 1254 566 quibus
1287 499 1538 555 Cll-mens
1575 499 1937 561 Strematens,
1981 497 2160 568 Orige-

2279 495 2510 565 Κλήμης
2535 497 2592 549 δὲ
2611 496 2654 528 ³⁷
2709 497 2804 550 καὶ
2839 497 3171 569 Ἀφρικανὸς
3196 503 3293 556 καὶ
3337 503 3628 569 Τατ;ανός,
3665 507 3772 560 τῶν
3799 507 3857 562 δὲ

2278 589 2342 640 ἐκ
2378 588 2684 658 περιτομῆς
2727 587 2991 659 Ἰώσηπος
3044 592 3140 646 καὶ
3180 593 3414 659 Ἰοῦστος
3472 599 3614 652 κατὰ
3644 600 3861 669 Ἴναχον

2273 680 2524 748 ἀκμάσαι
2565 681 2659 732 τὸν
2714 680 3005 736 θεσπέσιον
3062 685 3304 752 Μωῦσῆν
3358 687 3672 760 ἱστόρησαν,
3713 691 3861 756 ίδίως

586 773 817 844 ἕκαστος
853 775 916 828 ὲκ
941 774 1175 840 παλαιᾶς
1202 777 1443 846 ἱστορίας
1510 776 1811 847 παρασχὼν
1843 777 1940 845 τὴν
2010 770 2308 835 ἀπῦδειξιν,
2368 772 2602 843 Κλήμης
2665 774 2780 827 δέὁ
2838 776 3228 847 Στριοματεὺς,
3298 780 3709 853 Ὧριγενιαστὴς
3755 781 3858 847 ὢν.

587 861 659 930 ὥς
698 881 802 916 τινι
835 865 945 917 τῶν
979 868 1241 937 Πατέρων
1300 867 1686 938 ἀπεκαλύφθη,
1729 868 1804 938 μὴ
1841 869 1900 918 ἐν
1933 866 2155 920 κολάσει
2209 863 2464 928 Ἰουδαῖος
2499 863 2593 918 ῶν.

814 977 1033 1036 XXVII.
1073 981 1322 1037 S:Itolion
1353 993 1660 1038 sanctorum
1685 982 1937 1039 Patrum.

657 1095 802 1149 Nihil
839 1095 1037 1149 mirum
1076 1095 1370 1152 Eusebium
1427 1098 1694 1167 Pamphili
1741 1100 1795 1153 in
1844 1099 2097 1169 plurimis
2132 1115 2161 1154 a

585 1203 644 1240 se
678 1188 900 1255 scriptis
941 1188 1318 1244 Arianismum
1362 1191 1667 1258 professum
1692 1207 1836 1255 esse,
1869 1202 1920 1246 et
1949 1192 2016 1246 ab
2069 1193 2166 1246 ali-

585 1291 716 1348 quot
773 1280 1164 1336 ecclesiasticis
1222 1283 1540 1338 auctoribus
1597 1286 1649 1336 in
1701 1283 2066 1338 admiratione
2111 1295 2169 1339 ut

585 1369 968 1426 doctissimum
998 1382 1050 1424 ct
1076 1371 1464 1441 polyliistorem
1510 1373 1752 1427 habitmn
1795 1374 1985 1440 fuisse,
2019 1386 2077 1430 ut
2107 1384 2161 1430 et

586 1459 850 1528 Origenes
879 1469 934 1514 et
981 1461 1072 1520 alii
1122 1463 1306 1530 plures
1331 1464 1424 1532 qui
1464 1474 1616 1518 extra
1669 1463 1968 1520 Ecclesiam
2000 1467 2161 1535 dege-

591 1553 743 1606 bant.
781 1551 881 1607 Hic
914 1553 1032 1622 ipse
1062 1563 1241 1608 autem
1287 1554 1554 1610 Eusebius
1585 1557 1674 1625 qui
1706 1571 1845 1626 opus
1874 1557 2161 1611 chronolo-

587 1645 768 1710 gicum
807 1661 931 1702 cum
965 1663 1179 1702 summa
1212 1664 1340 1702 cura
1373 1649 1700 1719 composuit,
1726 1649 1908 1702 divum
1942 1650 2158 1718 quidem

585 1736 845 1794 Iacobum
905 1737 1123 1800 Inacho,
1174 1739 1389 1809 Moysen
1447 1751 1626 1794 autem
1681 1741 1908 1809 Cecmpi
1963 1751 2161 1796 coaeta-

589 1845 750 1882 neum
773 1829 921 1884 l‘ecit.
951 1830 1005 1884 ln
1044 1846 1252 1885 canone
1283 1832 1449 1896 enim,
1481 1848 1640 1902 quem
1672 1833 1936 1897 condidit,
1984 1833 2160 1888 histo—
2192 1865 2236 1920 Β

587 1921 702 1974 rico
728 1929 1072 1996 quarumque
1093 1932 1314 1978 relatum
1363 1939 1516 1994 reges
1555 1939 1585 1979 e
1631 1925 1852 1990 regione
1889 1926 2166 1995 apposuit,

587 2017 648 2060 ut
686 2009 1088 2076 Chaldaaorum,
1125 2009 1666 2068 Lacedaemoniorum
1688 2053 1703 2077 ,
1733 2013 2164 2082 Corinthiorum,

585 2097 1000 2167 Thessalorum,
1040 2101 1395 2158 Macedonum
1439 2103 1586 2175 (olim
1614 2105 1983 2174 Citiensium),
2021 2107 2169 2162 Lati-

586 2206 805 2258 norum,
827 2193 919 2263 qui
960 2210 989 2249 a
1012 2193 1205 2251 Latino
1231 2211 1355 2266 rege
1391 2211 1580 2251 eorum
1606 2198 1820 2253 oriundi
1851 2210 2036 2270 postea
2057 2199 2167 2254 Ro-

584 2296 868 2337 manorum
888 2284 1106 2338 nomine
1123 2299 1152 2339 a
1169 2284 1345 2338 Romo
1367 2294 1421 2339 et
1440 2283 1607 2338 Remo
1624 2285 1871 2356 appellati
1889 2297 2036 2345 sunt.
2057 2287 2165 2344 Ho-

585 2381 700 2417 rum
733 2366 892 2436 igitur
913 2372 1156 2425 omnium
1190 2381 1432 2444 tempora
1448 2371 1924 2448 ordinavitregum
1950 2393 2166 2448 semper

583 2456 794 2511 ratione
815 2458 1017 2526 habita,
1045 2462 1292 2534 singulos
1313 2481 1462 2537 reges
1498 2484 1619 2524 cum
1641 2469 1984 2540 Assyriorum
2026 2469 2165 2537 regi-

583 2550 701 2612 bus,
730 2551 1113 2618 Semiramide,
1136 2555 1372 2627 denique
1400 2561 1711 2616 Abrahamo
1748 2564 2159 2632 conglutinavit.

583 2641 965 2699 Semiramidis
1016 2647 1160 2700 enim
1211 2653 1549 2713 temporibus
1597 2655 1870 2708 Abraham
1903 2656 2160 2723 innotuit,

581 2734 762 2788 Inachi
795 2735 986 2802 Jacob,
1019 2736 1230 2810 Moyses
1275 2739 1565 2814 Cecropis,
1614 2761 1775 2815 quem
1831 2746 2002 2801 Graeci
2055 2749 2163 2816 pri-

583 2839 730 2877 mum
777 2826 967 2882 Atticre
1021 2844 1204 2902 regem
1267 2834 1438 2889 fuisse
1495 2836 1764 2891 scribunt.
1825 2834 1964 2892 Hinc
2019 2847 2162 2906 patet

584 2915 800 2988 Moysen
827 2919 1078 2977 ﬂoruisse
1113 2934 1239 2979 ante
1279 2925 1591 2981 Graacorum
1627 2928 2042 2998 antiquissimos
2076 2944 2161 2982 sa-

581 3009 812 3084 pientes,
850 3013 1142 3074 Homerum
1173 3019 1296 3074 dico
1329 3030 1382 3074 et
1417 3020 1750 3088 Hesiodum;
1789 3031 1917 3076 ante
1955 3022 2156 3077 bellmn

580 3099 878 3171 ‘l‘rojanum
911 3147 926 3172 ,
985 3107 1268 3166 Herculem
1343 3120 1400 3166 et
1458 3111 1741 3177 Musaeum,
1775 3111 1968 3165 Linum
1997 3153 2011 3176 ,
2055 3111 2157 3168 Or-

2504 983 2630 1035 KZ'.
2662 984 2915 1051 Σχόλιον
2938 982 3055 1036 τῶν
3075 984 3262 1054 ἁγίων
3280 989 3581 1056 Πατέρων.

2339 1097 2473 1166 Περὶ
2494 1096 2586 1149 τοῦ
2609 1097 2898 1164 Παμφίλου
2936 1098 3222 1164 Εὐσεσίου,
3252 1100 3334 1153 ὅτι
3359 1102 3418 1154 έν
3441 1101 3661 1166 πολλοῖς
3683 1104 3852 1157 αὐτοῦ

2270 1187 2673 1256 συγγράμμασι
2695 1187 2972 1241 δείκνυται
3012 1188 3292 1257 Ἀρειανὺς
3315 1191 3538 1260 γνήσιος
3563 1208 3578 1223 ·
3605 1192 3654 1244 εί
3677 1193 3734 1247 δὲ
3758 1195 3860 1248 καὶ

2270 1295 2345 1331 πα
2354 1281 2620 1349 ραινεῖται
2635 1279 2678 1311 ⁸⁸
2698 1279 2850 1350 παρά
2866 1296 3029 1333 τινων
3049 1281 3523 1350 ὲκκλησιαστικῶν
3541 1282 3753 1355 ἀνδρῶν
3777 1285 3858 1347 ὡς

2269 1369 2589 1440 πολυμαθὴς
2613 1370 2709 1424 κο.)⁵
2739 1371 3070 1442 πολυῖστωρ,
3103 1371 3358 1441 καθάπερ
3379 1375 3474 1428 καὶ
3510 1374 3795 1444 Ὧριγὲνης
3809 1376 3856 1407 ³³

2269 1463 2365 1515 καὶ
2395 1461 2544 1516 ἄλλοι
2573 1462 2758 1516 πολλοὶ
2785 1464 2894 1516 τῶν
2911 1462 3017 1528 ἔξω
3041 1464 3142 1532 τῆς
3171 1462 3498 1535 Ἐκκλησίας
3527 1466 3716 1531 ὄντων,
3743 1467 3858 1538 [οὑ-

2267 1554 2358 1608 δὲν
2387 1554 2748 1627 θαυμαστόν].
2781 1555 2858 1626 (2)
2898 1555 2959 1608 Ὀ
2984 1555 3041 1608 δὲ
3075 1556 3396 1629 πολυμαθὴς
3423 1559 3519 1612 καὶ
3543 1559 3857 1623 πολυῖστωρ

2270 1645 2550 1709 Εὐσέϐιος,
2602 1647 3072 1718 άκριδεστάτηνδθ
3122 1649 3233 1703 τῶν
3292 1651 3503 1721 χρόνων
3525 1652 3854 1722 ἀναγραφὴν

2267 1736 2658 1805 ποιησάμενος,
2688 1738 2801 1799 τοῖς
2834 1737 3049 1807 χρόνοις
3086 1738 3188 1808 μὲν
3231 1740 3436 1811 Ἰναχοῦ
3485 1743 3632 1813 ἱερὸν
3665 1743 3857 1798 Ἰάκω-

2265 1825 2414 1880 6ον¹⁵¹
2466 1819 2592 1898 εὗρε
2626 1829 3077 1897 συνακμάσαντα.
3121 1831 3328 1886 Μωσέα
3347 1832 3404 1886 δὲ
3429 1832 3743 1904 Κέκροπος.
3769 1837 3854 1907 ('5)

2272 1919 2541 1989 Χρονικοῦ
2576 1921 2684 1990 γάρ
2716 1920 2944 1982 κανόνος
2977 1920 3233 1988 σύνταξιν
3260 1924 3578 1996 ἐπινοήσας,
3611 1927 3677 1980 ἑκ
3708 1944 3855 1998 παρ-ο

2274 2011 2509 2081 αλλήλου
2575 2012 2985 2083 ἀντιπαρέθηκε
3038 2013 3128 2066 τὸν
3166 2016 3298 2084 παρ’
3369 2016 3588 2086 ἑκάστῳ
3617 2017 3728 2072 ἔτει
3758 2020 3856 2074 δυ-

2269 2101 2600 2154 ναστεύοντα
2626 2103 2689 2156 ⁸⁸.
2724 2103 3007 2174 Συνήγαγε
3029 2104 3085 2158 δὲ
3119 2105 3347 2175 χρόνους
3374 2107 3418 2138 ⁸⁸
3454 2108 3548 2177 τῆς
3573 2108 3855 2179 βασιλείας

2268 2193 2552 2246 Χαλδαίων
2571 2195 2637 2258 ⁸³,
2666 2195 3137 2266 Λακεδαιμονίων,
3185 2197 3514 2269 Κορινθίων,
3538 2200 3853 2268 Θετταλῶν,

2267 2285 2592 2338 Μακεδόνων
2622 2286 2753 2358 (τῶν
2814 2287 2982 2342 πάλαι
3019 2289 3284 2344 Κειτιέων
3323 2291 3682 2365 λεγομένων),
3739 2297 3856 2349 Λα-

2265 2377 2435 2430 τίνων
2465 2377 2573 2430 τῶν
2599 2379 2707 2431 άπὸ
2733 2380 2962 2433 Λατίνου
2986 2381 3254 2450 βασιλέως
3278 2383 3458 2438 αὐτῶν
3497 2388 3591 2441 καὶ
3632 2388 3854 2445 Ἰταλῶν

2266 2465 2330 2520 ἔκ
2363 2485 2506 2531 τινος
2532 2469 3002 2539 ἡγεμονεύσαντος
3053 2473 3235 2526 αὐτῶν
3286 2478 3854 2548 προσαγορευθέντων

2266 2562 2360 2612 καὶ
2395 2559 2627 2630 ὕστερον
2673 2562 3082 2634 ἐπικληθέντων
3129 2565 3419 2636 Ῥωμαίων
3477 2570 3588 2623 ἀπὸ
3632 2571 3852 2642 Ῥώμου

2263 2651 2372 2722 30
2400 2653 2493 2704 καὶ
2536 2653 2742 2724 Ῥήμου
2770 2671 2785 2686 °
2845 2656 2935 2707 καὶ
2969 2653 3176 2710 τούτων
3228 2659 3357 2723 τοὺς
3414 2662 3642 2731 χρόνους
3670 2665 3763 2718 ἐπὶ
3789 2667 3854 2720 τὸ

2263 2745 2396 2796 αὐτὸ
2427 2747 2770 2814 συναρτήσας
2791 2747 2858 2812 ⁸⁸,
2908 2748 3146 2802 ἑκάστου
3208 2751 3396 2816 ἔθνους
3431 2753 3541 2806 τῶν
3583 2754 3852 2824 βασιλέων

2266 2837 2548 2906 συνέκρινε
2585 2839 2710 2900 τοὺς
2750 2839 2998 2907 χρόνους,
3032 2843 3429 2914 ἀντιπαραθεὶς
3463 2845 3532 2900 τὰ
3560 2846 3654 2919 έτη
3673 2848 3719 2880 ⁸ο
3749 2851 3850 2920 τῆς

2265 2929 2545 2998 βασιλείας
2585 2935 2652 3003 τῇ
2704 2933 3010 3002 Ἀσσυρίων
3063 2933 3338 3010 βασιλείᾳ,
3381 2937 3525 2992 τοῦτ’
3591 2939 3709 2994 ἐστι
3748 2943 3848 3013 τῆς

2263 3021 2624 3092 Σεμιράμεως
2645 3025 2686 3055 ⁸⁷
2717 3025 3093 3098 τοϊςἋὸραάμ
3125 3027 3292 3083 ἔτεσι.
3318 3029 3395 3100 (4)
3417 3032 3572 3086 Κατὰ
3605 3033 3714 3104 γὰρ
3745 3035 3848 3106 τὴν

2261 3115 2576 3186 Σεμίραμιν
2618 3116 2874 3188 ’Δδραὰμ
2921 3120 3270 3190 ὲγνωρίξετο,
3335 3124 3428 3179 καὶ
3471 3124 3670 3180 Ἰακὼὸ
3705 3131 3848 3183 κατὰ

581 3194 804 3260 pheum,
838 3195 1167 3265 Dioscuros;
1218 3210 1346 3257 ante
1393 3200 1741 3271 Asclepium,
1780 3199 2050 3256 Bacchum
2094 3217 2158 3257 ac

2277 3207 2502 3276 Ἰναχδν,
2539 3208 2634 3262 καὶ
2697 3209 2940 3279 Μωῦσῆς
2973 3212 3116 3265 κατὰ
3147 3212 3414 3285 Κέκροπα
3455 3216 3548 3271 τὸν
3590 3217 3758 3290 διφυῆ
3777 3220 3846 3286 ⁸⁸,

585 3283 934 3350 Mercurium,
977 3291 1326 3364 Apollinem;
1359 3302 1484 3347 ante
1530 3293 1786 3364 mysteria
1818 3292 2156 3359 Cra-corum,

580 3379 688 3430 imo
716 3375 865 3436 Jovis
893 3379 1066 3450 ipsius
1103 3384 1504 3440 exsistcntiam.
1559 3386 1698 3441 Hinc
1735 3401 1955 3457 quoque
1979 3389 2154 3458 conji~

578 3485 702 3524 rere
729 3470 873 3538 licet,
917 3475 1183 3544 plurimos
1223 3493 1414 3534 eorum
1455 3495 1594 3549 quos
1634 3482 2057 3535 memoravimus
2087 3497 2150 3535 ex

581 3562 780 3634 ftloysis
835 3569 1054 3638 scriptis
1121 3587 1219 3627 sua
1295 3582 1571 3629 mutuatos
1631 3590 1772 3628 esse.
1843 3573 1905 3628 lli
1961 3591 2154 3629 omnes

577 3655 798 3718 quidem
852 3669 974 3728 post
1021 3660 1318 3735 Cecropem
1371 3680 1584 3730 venere,
1635 3665 1870 3721 Homero
1905 3677 2050 3723 certe
2099 3676 2154 3721 ct

579 3745 816 3805 Hesiodo
847 3752 1008 3826 longe
1038 3763 1201 3810 aetate
1227 3755 1532 3818 inferiores.

2262 3297 2322 3350 ὃν
2357 3297 2574 3367 πρῶτον
2631 3299 2857 3369 βασιλέα
2901 3302 3000 3372 τῆς
3045 3303 3300 3376 Ἀττικῆς
3331 3307 3594 3378 Ἕλληνες
3625 3311 3849 3382 ἱστόρη-

2264 3407 2395 3443 σαν⁹
2425 3391 2500 3455 ὡς
2557 3388 2700 3445 εἶναι
2756 3392 2868 3446 τῶν
2924 3395 3054 3466 παρ’
3085 3397 3344 3469 Ἕλλησιν
3377 3403 3624 3474 ἀρχαίων
3661 3407 3847 3472 σοφῶν

2260 3485 2498 3539 Μωῦσέα
2536 3485 2932 3558 πρεσϐύτερον,
2970 3488 3214 3561 Ὀμήρου
3263 3492 3406 3562 λέγω
3434 3497 3527 3549 καὶ
3574 3497 3844 3563 Ἠσιόδου,

2259 3579 2355 3629 καὶ
2392 3576 2499 3630 τῶν
2553 3578 2595 3630 Τ
2604 3579 2837 3647 ρωϊκῶν,
2901 3579 3232 3652 Ἡρακλέους
3265 3602 3325 3638 τε
3382 3589 3476 3640 καὶ
3533 3589 3840 3656 Μουσαίου,

2255 3671 2419 3723 Λίνου
2477 3687 2534 3722 τε
2567 3672 2661 3724 καὶ
2711 3671 2952 3743 Ὀρφέως
2992 3675 3085 3728 καὶ
3125 3679 3457 3752 Διοσκόρων,
3502 3682 3845 3754 Ἀσκληπιοῦ

2257 3761 2354 3814 καὶ
2383 3763 2640 3815 Διονύσου
2681 3763 2778 3817 καὶ
2821 3764 3046 3837 Ἑρμοῦ,
3113 3770 3449 3836 Ἀπόλλωνός
3495 3791 3555 3827 τε
3610 3777 3703 3829 καὶ
3733 3777 3848 3833 τῶν

583 3841 912 3912 Ἑλληνικῶν
976 3848 1294 3919 μυστηρίων
1349 3851 1442 3904 καὶ
1496 3850 1751 3916 τελετῶν,
1810 3852 1906 3906 καὶ
1959 3851 2140 3906 αὐτῶν
2182 3853 2291 3906 τῶν
2323 3852 2416 3906 τοῦ
2442 3855 2563 3916 Διὸς
2584 3854 2627 3886 ⁸⁸
2694 3856 2986 3927 πράξεων·
3027 3859 3152 3914 ὅθεν
3173 3863 3266 3916 καί
3321 3881 3467 3928 τινες
3531 3865 3640 3920 τῶν
3687 3871 3845 3939 παρὰ

571 3935 681 3988 τῶν
709 3939 1024 4010 προκρίτων
1046 3941 1329 4011 φαίνονται
1361 3947 1425 4000 ὲκ
1448 3945 1557 3998 τῶν
1613 3946 1779 4001 αὐτοῦ
1846 3947 2302 4018 συγγραμμάτων
2360 3950 2842 4020 σφετερισάμενοι.
2881 3952 3086 4017 Πάντες
3116 4008 3133 4026 ι,
3158 3956 3260 4027 μὲν
3285 4019 3297 4028 ἱ
3318 3949 3467 4012 οὗτοι
3501 3958 3548 3990 ⁵⁸
3585 3961 3727 4031 μετὰ
3749 3963 3846 4017 τὸν

573 4030 838 4100 Κέκροπα
856 4034 1171 4114 γεγόνασιν,
1202 4031 1277 4092 ὧν
1333 4040 1467 4094 πολὺ
1499 4041 1750 4113 ’Όμηρος
1767 4043 1863 4096 καὶ
1901 4041 2145 4106 Ἡσίοδος
2182 4043 2298 4104 τοῖς
2322 4040 2536 4112 χρόνοις
2568 4042 2996 4114 ὑποόεϐήκασιν.

1029 4145 1265 4206 XXVIII.
1305 4150 1492 4210 Sancti
1525 4152 1738 4208 Basilii.

645 4254 860 4326 Moyses
887 4259 1094 4329 itaque,
1129 4269 1191 4316 ut
1214 4263 1483 4331 vidimus,
1517 4268 1762 4321 omnium
1805 4269 2149 4324 eruditorum

573 4359 878 4420 praeceptor
927 4356 1183 4423 mysteria
1236 4358 1534 4423 revelavit,
1585 4361 1868 4416 veritatem
1922 4365 2148 4419 detexit.

573 4438 954 4510 rEgyptiorum
987 4446 1132 4500 enim
1159 4449 1420 4518 sapientia
1445 4462 1775 4522 contempta,
1809 4470 1989 4510 rerum
2022 4456 2146 4510 uni-

2591 4152 2727 4208 KH'.
2771 4157 2884 4210 Τοῦ
2942 4158 3121 4225 ἁγίου
3151 4162 3501 4218 Βασίλειον.

2325 4261 2494 4330 Οὗτός
2518 4269 2582 4336 γέ
2613 4285 2690 4322 τοι
2725 4270 2969 4341 Μωῦσῆς
2990 4271 3100 4326 τῶν
3122 4274 3303 4343 σοφῶν
3327 4277 3549 4333 πάντων
3582 4281 3843 4337 διδάσκα-

2250 4359 2342 4424 λος
2399 4361 2640 4432 πέφηνε,
2691 4361 2802 4415 τῶν
2837 4364 3168 4436 ἀπορρήτων
3209 4367 3487 4442 ἐξηγητὴς
3512 4376 3833 4445 γενόμενος,

2253 4453 2348 4505 καὶ
2376 4452 2478 4519 τῆς
2495 4451 2757 4522 ἀληθείας
2797 4455 3086 4526 ὑφηγητὴς
3110 4457 3405 4524 θειότατος,
3450 4461 3564 4535 Τὴν
3608 4468 3720 4539 γάρ
3755 4486 3840 4523 σο.

570 4547 791 4588 versum
846 4537 1170 4606 exploravit,
1219 4550 1273 4596 et
1305 4541 1464 4597 facile
1499 4547 1851 4614 persuadebis
1877 4549 1974 4603 tibi
2011 4564 2136 4603 cum

2260 4544 2380 4614 ρίαν
2399 4544 2508 4600 τῶν
2537 4547 2850 4614 Αἰγυπτίων
2881 4547 3185 4614 διαπτύσας
3213 4551 3431 4622 ἄριστα,
3490 4558 3620 4626 περὶ
3649 4557 3840 4631 δὲ’τῆς

571 4624 757 4681 divino
809 4627 1014 4697 Spiritu
1049 4631 1140 4686 Dei
1194 4641 1248 4688 et
1288 4637 1532 4691 omnium
1595 4653 1774 4693 rerum
1828 4641 2146 4696 Conditoris

569 4718 812 4775 amatum
860 4724 1144 4779 veritatem
1205 4730 1569 4797 perspexisse.
1611 4729 1752 4786 Dicit
1803 4734 1948 4787 enim
1980 4748 1994 4787 :
2032 4753 2049 4786 ι
2088 4734 2144 4788 In

568 4812 839 4884 principio
868 4819 1071 4871 creavit
1118 4817 1261 4876 Deus
1309 4823 1507 4877 caelum
1558 4832 1612 4876 et
1663 4833 1885 4878 terram.
1929 4844 1948 4876 ι
1992 4824 2145 4880 Multi

567 4910 712 4955 certe
743 4905 970 4973 gentiles
986 4907 1080 4976 qui
1115 4909 1201 4963 his
1224 4911 1496 4967 contraria
1525 4927 1768 4967 asserere
1797 4915 1916 4970 ausi
1937 4924 2062 4969 sunt
2091 4917 2145 4970 in

567 4991 898 5058 profundum
931 4997 1218 5055 dementiae
1247 5010 1303 5056 et
1333 5001 1630 5070 impietatis
1653 5003 1974 5060 barathrum
2011 5007 2146 5061 inci-

567 5086 788 5150 derunt,
823 5099 883 5142 ut
909 5106 1122 5161 aequum
1162 5104 1266 5150 est.
1301 5095 1434 5162 Quae
1470 5112 1501 5150 e
1534 5107 1716 5154 mente
1747 5101 1981 5155 humana
2015 5116 2146 5170 pro-

570 5173 710 5229 tecta
741 5188 870 5233 sunt
893 5183 1168 5249 dogmata,
1215 5188 1444 5247 confusa
1478 5197 1532 5243 et
1562 5189 1889 5247 inconcinna
1939 5202 2069 5247 sunt
2097 5201 2151 5248 et

572 5266 798 5323 minime
825 5272 1063 5341 stabilia,
1104 5277 1376 5346 siquidem
1410 5281 1673 5337 doctrina:
1696 5283 1943 5339 doctrina
1966 5299 2154 5340 succe-
2187 5334 2200 5347 ,

569 5359 760 5424 debat,
791 5363 860 5416 ita
899 5373 955 5417 ut
986 5381 1086 5430 nos
1115 5383 1182 5422 ne
1221 5369 1500 5433 refellendi
1531 5371 1750 5442 quidem
1782 5388 1878 5428 eas
1910 5373 2150 5428 necessi—

2249 4637 2344 4691 τοῦ
2372 4639 2580 4707 κόσμου
2623 4638 2814 4706 ἐξῆλθε
2846 4640 3173 4706 συντάξεως,
3225 4644 3318 4696 ὑπ’
3367 4647 3535 4700 αὐτοῦ
3567 4647 3729 4717 δῆλον
3753 4653 3838 4706 ὄτι

2249 4731 2343 4784 ἐπὶ
2375 4731 2596 4785 πάντων
2643 4731 2779 4786 Θεοῦ
2836 4733 2930 4786 καὶ
2978 4737 3328 4806 Δημιουργοῦ
3381 4740 3563 4812 πάσης
3603 4735 3836 4809 κτίσεως

2249 4824 2613 4894 ἐμπνευσθεὶς
2659 4825 2759 4894 τὴν
2811 4825 3100 4897 ἀλήθειαν.
3156 4830 3234 4901 (2)
3287 4832 3452 4902 Λέγει
3515 4834 3653 4905 γάρ’
3689 4854 3709 4889 ι
3747 4838 3838 4892 Ἐν

2205 4933 2210 4949 ι
2249 4913 2393 4983 ἀρχῇ
2443 4915 2698 4986 ἐποίησεν
2726 4917 2754 4968 ό
2782 4915 2916 4979 Θεὸς
2966 4917 3058 4971 τὸν
3097 4919 3330 4988 οὐρανὸν
3367 4924 3462 4976 καὶ
3513 4924 3613 4996 τὴν
3648 4925 3776 4998 γῆν.
3812 4948 3830 4980 ι

2249 5007 2362 5061 Καὶ
2389 5007 2574 5060 πολλοὶ
2598 5007 2708 5060 τῶν
2743 5012 2876 5080 παρ’
2904 5010 3130 5082 Ἕλλησι
3167 5015 3427 5070 τάναντία
3463 5018 3670 5072 τούτων
3710 5022 3833 5074 τολ-

2253 5098 2527 5169 μήσαντες
2559 5099 2813 5166 διεξιέναι
2847 5103 2926 5167 είς
2951 5102 3113 5172 βυθὸν
3138 5106 3412 5174 ἀγνωσίας
3445 5111 3538 5165 καὶ
3573 5112 3837 5178 ἀσεϐείας

2249 5189 2662 5262 κατηνέχθησαν
2707 5209 2723 5224 ⁸
2777 5193 2874 5246 καὶ
2920 5195 3168 5260 εἰκότως.
3243 5199 3325 5252 Τὰ
3370 5201 3430 5268 ἐξ
3479 5203 3838 5274 ἀνθρωπίνης

2247 5281 2490 5347 διανοίας
2522 5287 2950 5355 προσφερόμενα
2970 5288 3220 5358 δόγματα
3252 5291 3431 5363 σαθρά
3456 5297 3718 5366 τυγχάνει
3739 5300 3838 5352 καὶ

2251 5375 2594 5448 ἀνάρμοστα·
2635 5377 2826 5450 διόπερ
2854 5380 3034 5446 οὐδεὶς
3068 5383 3200 5453 παρ’
3233 5385 3420 5451 αὐτοῖς
3444 5387 3646 5459 ἔστηκε
3673 5391 3836 5459 λόγος

1733 5487 1933 5548 Variaa
1978 5486 2291 5552 lectiones
2334 5498 2398 5552 et
2440 5498 2629 5552 notae.

641 5604 819 5690 ".IK’L
852 5624 909 5690 τε
940 5608 1056 5690 Bt.“
1105 5611 1488 5690 “Ergatveicat
1525 5614 1659 5690 8’.”
1687 5618 1731 5648 ³³
1757 5617 2068 5690 πολυῖστωρ
2094 5618 2206 5690 πὼς
2270 5620 2384 5690 Ὠρ.
2443 5620 2527 5674 B“.

1840 5688 2054 5757 χρόνοις
2090 5688 2232 5743 Μυιι.
2276 5688 2416 5758 Aug.
2492 5692 2537 5722 Vo

576 5745 861 5834 1f.6'1;'B‘.
943 5749 984 5778 "'
1020 5751 1088 5804 τά
1127 5750 1252 5823 ἔθνη
1302 5751 1384 5809 Β².
1465 5755 1507 5786 ⁸⁷
1536 5757 1609 5825 ﬂ“?
1682 5758 1727 5788 ⁸⁸
1758 5745 2053 5828 teme-si
2083 5776 2160 5813 om

2260 5763 2312 5816 ιι,
2363 5745 2436 5794 νδθ
2473 5745 2582 5813 τδν’
2611 5762 2703 5815 τοῦ
2737 5765 2793 5814 Δ.

573 5676 662 5723 τὴν
698 5676 956 5730 Ἰάκωϐον
994 5679 1077 5732 [ι’.
1157 5681 1201 5711 ³³
1229 5681 1570 5737 δυναστεύων
1602 5685 1684 5739 ιιι.
1763 5687 1807 5718 ⁵³

575 5809 715 5866 οὗτοι
753 5817 833 5869 ιιι.

2608 5622 2654 5652 ⁸ο
2690 5622 2969 5703 ῌὺσέδιος-
2997 5619 3325 5703 οὗτοςλάκρ.
3381 5630 3468 5703 β’.
3543 5633 3584 5703 'f'
3627 5633 3834 5703 Ἰνάχου

2572 5692 2854 5760 βασιλείας
2901 5696 3014 5747 τῶν
3050 5692 3335 5751 Χαλδαίων
3386 5700 3468 5751 Β¹.
3547 5702 3596 5733 ⁸⁸
3632 5692 3830 5759 συναν-

3407 5771 3451 5801 ⁸⁰
3479 5772 3684 5837 Πάντες
3720 5776 3827 5858 γὰρ
