4168 6464
555 318 656 382 107

1762 319 2080 384 GEORGII
2121 321 2575 387 IIAMARTOLI

3715 324 3820 392 108

550 432 738 499 verbo,
757 431 1006 487 omnium
1037 432 1129 503 qui
1161 434 1212 488 in
1256 431 1398 487 idola
1443 430 1788 487 insanierunt
1811 432 2119 502 discrepans

2234 434 2368 500 Θεὸς
2399 437 2480 500 εἰς
2519 434 2692 499 πάθος
2731 433 3016 502 ἀτιμίας.»
3054 435 3166 504 (18)
3199 434 3307 488 Καὶ
3331 435 3467 499 ὅλως
3501 436 3610 492 τῶν
3644 437 3703 492 ὲν
3747 443 3814 494 εί·

548 530 632 578 est
669 523 855 592 opinio
885 531 941 579 et
970 523 1175 589 cultus,
1212 539 1311 582 nec
1361 524 1550 579 eadem
1605 523 1745 594 apud
1790 524 1938 594 ipsos
1981 524 2134 578 inve-

549 615 808 674 niuntur..
825 614 888 669 Et
907 615 1032 685 jure
1053 617 1310 686 quidem;
1333 613 1467 670 illud
1487 615 1631 672 enim
1659 629 1765 668 nou
1791 630 2016 684 parvum
2046 631 2136 670 ar-

546 709 864 775 gumentum
893 717 975 764 est
1006 706 1300 778 impietatis
1332 721 1545 762 eorum.
1568 706 1702 761 Cum
1733 708 1878 762 enim
1917 707 2050 760 varii
2081 717 2136 762 et

546 797 704 852 multi
738 798 851 853 sint
879 797 934 852 in
965 813 1309 869 quacumque
1343 799 1564 868 regione
1587 797 1686 858 dli,
1710 799 1884 854 altero
1906 798 2132 856 alterius

544 889 708 945 deum
738 889 985 958 tollente,
1024 892 1290 947 tolluntur
1331 905 1546 946 omnes.
1595 889 1808 946 Etenim
1856 893 1950 961 qui
1986 895 2130 962 apud

545 979 684 1038 alios
714 979 787 1036 dii
817 981 1095 1047 coluntur.
1131 982 1202 1038 iis
1231 981 1324 1052 qui
1367 981 1510 1052 apud
1562 981 1702 1037 alios
1747 983 2012 1038 dicuntur
2049 983 2130 1039 dii

546 1071 900 1128 immolantur
928 1080 982 1127 et
1012 1072 1414 1128 saerilicantur.
1445 1070 1685 1142 Egyptii
1708 1073 1866 1141 Apim
1897 1072 2124 1128 \‘ituluzn

545 1174 876 1219 venerantur
899 1173 955 1220 et
979 1164 1320 1221 Mendesium
1349 1165 1586 1230 hircum,
1620 1180 1761 1235 quos
1786 1165 2010 1236 quidem
2035 1167 2128 1226 alii

540 1255 662 1313 Jovi
700 1257 1022 1324 immolant;
1053 1257 1208 1329 Libyi
1237 1271 1368 1316 oves
1396 1258 1649 1322 adorant,
1681 1266 1735 1311 et
1758 1257 1827 1311 ab
1849 1256 1974 1314 aliis
1997 1273 2127 1314 oves

544 1349 613 1404 ad
664 1349 950 1406 victimam
1001 1349 1345 1419 iugulantur.
1413 1349 1529 1405 lndi
1588 1348 1865 1404 Bacchum
1935 1351 2128 1408 colunt

543 1439 842 1510 syboliee
882 1440 1062 1511 ipsum
1116 1441 1303 1496 vinum
1364 1440 1720 1510 appellantes,
1754 1448 1807 1494 et
1841 1439 1932 1494 alii
1976 1441 2125 1496 istud

542 1531 751 1600 libant;
782 1531 876 1588 alii
931 1547 1064 1588 vero
1099 1531 1325 1589 ﬂumina
1382 1539 1437 1588 et
1487 1529 1690 1597 fontes,
1745 1541 1801 1587 et
1855 1534 2125 1603 praecipue

540 1626 778 1699 Aigyptii
815 1642 1012 1698 aquam
1041 1628 1213 1701 pluris
1245 1627 1492 1684 fecerunt
1523 1635 1579 1684 et
1616 1626 1779 1682 deum
1805 1627 2124 1684 declarave-

538 1731 687 1778 runt.
753 1721 912 1790 Apud
965 1721 1186 1776 eosdem
1243 1728 1454 1775 tantum
1493 1733 1660 1788 super
1693 1732 1886 1774 omnes
1933 1728 2154 1799 gentes.

2237 525 2430 589 δώλοις
2466 523 2752 596 μανέντων
2788 523 3007 578 πάντων
3038 524 3293 594 διάφορός
3319 527 3472 579 ἐστιν
3501 529 3536 598 ἡ
3569 527 3700 595 δόξα
3728 531 3819 582 καὶ

2235 615 2270 684 ὴ
2308 613 2598 684 θρησκεία.
2629 612 2723 667 καὶ
2750 615 2811 666 οὐ
2845 613 2916 667 τὰ
2940 614 3082 666 αὐτὰ
3119 615 3272 685 παρὰ
3314 617 3429 679 τοῖς
3487 616 3675 682 αὐτοῖς
3726 620 3812 672 εὐ-

2239 707 2508 775 ρίσκεται.
2542 708 2650 758 Καὶ
2673 706 2899 768 εἰκότως
2934 723 2947 736 ·
2981 707 3141 760 τοῦτο
3162 709 3272 777 γὰρ
3291 709 3352 760 οὐ
3381 710 3578 779 μικρὸς
3600 711 3821 782 ἔλεγχός

2235 796 2468 865 ὲστιτῆς
2495 797 2676 850 αὐτῶν
2702 797 2996 868 ἀθεότητος
3016 816 3030 832 ο
3063 799 3341 871 διαφόρων
3371 800 3481 871 γὰρ
3511 801 3686 857 ὄντων
3720 806 3820 858 καὶ

2235 887 2448 943 πολλῶν
2484 891 2629 943 κατὰ
2657 888 2844 960 χώραν
2872 890 3034 955 θεῶν,
3057 891 3149 945 τοῦ
3170 891 3358 962 ἑτέρου
3387 891 3480 944 τὸν
3510 892 3604 945 τοῦ
3628 894 3820 964 ἑτέρου

2233 979 2356 1034 θεὸν
2382 981 2402 1012 ⁸
2431 981 2809 1053 ἀναιροῦντος,
2848 983 2896 1034 oi
2928 983 3132 1045 πάντες
3165 981 3555 1052 ἀναιροῦνται·
3592 985 3688 1038 καὶ
3711 988 3821 1054 γὰρ

2232 1074 2282 1128 oi
2310 1075 2444 1145 παρ’
2473 1074 2659 1136 ἄλλοις
2691 1074 3045 1144 νομιζόμενοι
3104 1075 3220 1128 θεοὶ
3279 1075 3389 1129 τῶν
3458 1075 3591 1147 παρ’
3641 1077 3822 1132 ἄλλων

2231 1166 2542 1238 λεγομένων
2569 1167 2707 1221 θεῶν
2738 1166 2984 1236 γίνονται
3024 1167 3251 1221 σπονδαὶ
3281 1170 3379 1220 καὶ
3410 1167 3614 1223 θυσίαι.
3646 1169 3818 1238 Αίγύ-

2231 1277 2380 1314 πτιοι
2413 1261 2513 1331 μὲν
2543 1260 2633 1313 τὸν
2662 1255 2830 1314 ’Δπιν
2863 1257 2994 1329 βοῦν
3022 1259 3224 1330 μόσχον
3268 1260 3401 1314 ὄντα
3455 1260 3676 1315 σέϐουσι
3723 1265 3816 1315 καὶ

2228 1353 2322 1405 τἰν
2353 1352 2662 1422 Μενδήσιον
2713 1351 2940 1422 τράγον,
3001 1352 3230 1417 τούτους
3286 1352 3342 1406 δὲ
3404 1353 3554 1408 ἄλλοι
3598 1355 3675 1423 τῷ
3734 1355 3820 1408 Διῒ

2228 1441 2470 1497 θύουσιν.
2497 1443 2699 1506 Λίϐυες
2725 1444 2744 1474 ⁷
2770 1443 2828 1496 δὲ
2867 1442 3518 1513 προϐατοθεοποιοῦντες,
3535 1446 3630 1498 καὶ
3660 1445 3822 1499 τοῦτο

2227 1535 2359 1607 παρ’
2400 1535 2606 1603 ἐτέρων
2634 1535 2655 1566 ⁸
2678 1537 2760 1598 είς
2792 1535 2984 1588 θυσίαν
3016 1533 3314 1603 σφάττεται
3339 1536 3381 1588 ⁸.
3426 1534 3578 1588 Ἰνδοὶ
3618 1536 3676 1589 δὲ
3722 1536 3819 1588 τὸν

2225 1629 2480 1681 Διόνυσον
2511 1626 2900 1700 θρησκεύουσι,
2955 1625 3306 1697 συμϐολικῶς
3345 1627 3508 1680 αὐτὸν
3565 1625 3708 1682 οἶνον
3773 1630 3818 1662 ⁷⁸

2225 1719 2605 1789 ὀνομάζοντες.
2638 1721 2751 1773 Καὶ
2781 1718 2931 1773 ἄλλοι
2959 1718 3151 1773 τοῦτον
3177 1720 3488 1787 σπένδουσι,
3524 1720 3703 1792 ἕτεροι
3759 1720 3819 1776 δὲ

537 1812 1003 1885 superabundavit
1049 1815 1274 1869 insanus
1321 1813 1596 1870 idolorum
1639 1811 1855 1878 cultus,
1901 1820 1962 1866 ut
2006 1824 2118 1866 non

2226 1812 2512 1883 ποταμοὺς
2540 1815 2636 1866 καὶ
2659 1813 2842 1883 πηγάς
2869 1812 2912 1842 ⁷⁷
2935 1829 2948 1842 ·
2983 1814 3075 1867 καὶ
3110 1813 3328 1867 πάντων
3387 1813 3592 1882 μᾶλλον
3645 1814 3819 1882 Myti-

537 1907 715 1964 solum
746 1907 916 1962 boves
945 1916 999 1961 et
1027 1905 1235 1972 hircos,
1280 1919 1450 1961 canes
1487 1915 1540 1959 et
1580 1903 1770 1960 simias
1797 1902 2122 1970 adorarent,

536 1999 628 2055 sed
661 2008 714 2054 et
739 1998 866 2054 allia
896 2007 952 2054 et
977 2013 1140 2070 cepas
1167 2005 1225 2054 et
1244 1998 1416 2052 multa
1446 1996 1574 2052 vilia
1604 1997 1752 2052 olera
1782 1995 1916 2052 deos
1946 2009 2114 2051 voca-

536 2100 661 2147 rent
690 2099 746 2147 et
773 2091 1067 2147 adorarent
1117 2106 1229 2161 pra:
1258 2091 1428 2146 nimia
1478 2089 1776 2160 impietate.
1806 2087 1874 2144 Et
1918 2101 2120 2159 aquam

534 2185 759 2256 quidem
816 2181 924 2239 Nili
965 2185 1393 2248 venerabantur,
1446 2191 1631 2254 utpote
1667 2197 1789 2253 quae
1839 2181 2121 2254 regionem

538 2278 785 2348 ipsorum
821 2277 1120 2349 irrigabat;
1152 2276 1343 2332 bovem
1370 2282 1553 2330 autem
1588 2274 1787 2330 divinis
1817 2273 2125 2330 alliciebant

532 2370 856 2436 honoribus,
876 2379 936 2424 ut
953 2369 1343 2438 agriculturam
1375 2374 1767 2438 exsequentem
1783 2376 1839 2421 et
1855 2365 2118 2422 alimenta

535 2472 851 2534 parantem;
905 2461 1118 2516 hircum
1167 2475 1298 2516 vero
1319 2470 1374 2515 et
1415 2476 1549 2516 oves
1604 2459 1676 2514 ob
1731 2474 1922 2514 earnm
1973 2459 2123 2513 utili-

539 2566 748 2624 tatem;
777 2565 1002 2612 ctcteras
1031 2554 1497 2620 abominationes,
1522 2568 1798 2624 canesque
1827 2562 1882 2608 et
1909 2553 2122 2621 simias,

530 2657 587 2705 et
635 2647 882 2702 marinas
929 2645 1136 2702 bestias
1178 2653 1234 2700 et
1289 2645 1398 2701 alia
1454 2645 1692 2702 absurda
1752 2645 2013 2700 animalia
2068 2652 2123 2700 et

530 2740 683 2796 olera
712 2739 989 2805 colebant,
1017 2753 1084 2794 eo
1143 2737 1293 2809 quod
1340 2738 1574 2794 salutem
1617 2738 1934 2810 pra-hebant
1980 2747 2124 2793 tem-

528 2846 664 2903 pore
693 2830 850 2888 exitii
884 2829 1223 2900 gPharaonis.
1262 2829 1496 2898 Quando
1533 2831 1680 2886 enim
1722 2829 1826 2886 iste
1857 2829 2115 2886 lsraelem

528 2939 868 2996 persequens
897 2925 1221 2981 submersus
1252 2934 1360 2992 est,
1386 2924 1782 2997 {unusquisque
1817 2923 1952 2979 illud
1989 2938 2118 2994 pro-

527 3027 654 3088 pter
672 3018 818 3088 quod
844 3017 1142 3088 impeditus
1169 3017 1351 3074 fuerat
1381 3033 1453 3073 ne
1479 3016 1826 3073 Pharaonem
1861 3031 2116 3086 sequere-

528 3120 640 3178 tur,
672 3121 726 3168 et
757 3113 919 3183 cujus
948 3115 1242 3169 occasione
1289 3112 1478 3168 salvus
1511 3117 1784 3177 evaserat,
1819 3110 1949 3163 illud
1971 3149 1985 3173 ,
2027 3109 2116 3163 iu-

527 3218 717 3275 quam,
749 3203 942 3260 divino
972 3203 1154 3261 al'l‘ecit
1201 3204 1435 3271 honore,
1463 3203 1693 3259 dicens:
1727 3220 1746 3254 ι
1791 3201 1936 3257 Deus
1961 3217 2118 3258 meus

527 3295 709 3352 factus
762 3311 821 3351 es
857 3297 1019 3352 hodie
1045 3297 1374 3367 praesertim,
1420 3312 1517 3368 per
1561 3311 1724 3367 quem
1769 3295 1956 3350 salvus
2009 3311 2116 3350 non

528 3385 667 3458 perii
707 3401 832 3440 cum
863 3386 1170 3456 Pharaone,
1214 3387 1509 3458 impeditus
1549 3388 1652 3442 ista
1692 3386 2056 3455 providentia.
2090 3405 2110 3438 ι

2227 1921 2374 1958 πτιοι
2404 1904 2465 1958 τὸ
2486 1903 2633 1976 ὕδωρ
2657 1906 3100 1977 προτετιμήκασι
3131 1904 3227 1958 καὶ
3259 1904 3382 1958 θεὸν
3409 1907 3814 1977 ἀνηγόρευσαν.

2235 1997 2350 2070 (19)
2395 1995 2487 2050 Ἐν
2525 1991 2609 2063 οἷς
2625 1999 2721 2050 καὶ
2754 1997 3009 2052 τοσοῦτον
3034 1997 3515 2069 ὑπερεπλεόνασεν
3568 2003 3602 2069 ἡ
3659 2001 3820 2054 είδωο

2225 2089 2462 2161 λομανία
2498 2091 2540 2123 ⁷⁷
2570 2090 2725 2162 παρά
2755 2092 2822 2144 τὰ
2856 2090 2987 2164 ἔθνη
3014 2093 3216 2158 πάντα,
3251 2091 3326 2155 ὡς
3361 2092 3422 2144 οὐ
3473 2093 3634 2163 μόνον
3685 2093 3819 2164 βόας

2223 2199 2285 2237 τε
2315 2185 2410 2238 καὶ
2439 2183 2678 2254 τράγους
2707 2187 2801 2238 καὶ
2825 2183 2996 2248 κύνας
3029 2186 3123 2238 καὶ
3151 2185 3420 2256 πιθήκους
3452 2185 3818 2256 θεραπεῦσαι,

2225 2275 2362 2331 ἀλλά
2388 2275 2500 2348 46
2547 2276 2642 2330 καὶ⁵
2679 2277 2914 2347 σκόροδα
2951 2277 3046 2330 καὶ
3095 2277 3316 2347 κρόμυα
3353 2279 3449 2330 καὶ
3487 2277 3661 2331 πολλὰ
3702 2280 3818 2331 τῶν

2223 2367 2459 2421 εὐτελῶν
2487 2369 2531 2400 ³³
2564 2367 2817 2437 λαχάνων
2851 2367 3008 2432 θεοὺς
3038 2367 3312 2439 ὀνομάσαι
3360 2370 3404 2400 ⁷⁵
3433 2376 3530 2422 και
3562 2387 3818 2441 προσκυ-

2224 2461 2501 2532 νῆσαιδιά
2539 2461 2632 2514 τὸν
2664 2460 2898 2514 πλοῦτον
2951 2465 3052 2534 τῆς
3105 2463 3385 2526 ἀσεϐείας.
3443 2463 3555 2516 Καὶ
3593 2463 3656 2516 τὸ
3712 2463 3821 2532 μὲν

2225 2551 2372 2625 ὕδωρ
2413 2553 2506 2607 τοῦ
2545 2553 2741 2609 Νείλου
2773 2554 3028 2608 ὲσέϐοντο
3043 2555 3118 2618 ὼς
3140 2556 3240 2624 τὴν
3262 2556 3450 2627 χώραν
3480 2557 3591 2627 (Ib)
3628 2557 3820 2611 αὐτῶν

2223 2644 2452 2715 ἀρδεῦον
2482 2646 2525 2677 ⁸⁵
2551 2661 2563 2674 ο
2611 2645 2705 2699 τὸν
2735 2645 2791 2700 δὲ
2815 2645 2945 2716 βοῦν
2969 2645 3288 2701 ἐθεοποίουν
3320 2648 3364 2680 ⁷⁸
3394 2648 3469 2711 ῶς
3494 2647 3593 2719 τὴν
3636 2665 3819 2716 γεωρ-

2224 2737 2352 2806 γίαν
2382 2737 2736 2790 ἐπιτελοῦντα
2766 2737 2863 2790 καὶ
2888 2740 2989 2808 τὴν
3019 2737 3229 2809 τροφὴν
3281 2739 3598 2810 πορίζοντα,
3630 2738 3722 2792 τὸν
3755 2739 3817 2793 δὲ

2220 2829 2426 2900 τράγον
2461 2830 2556 2882 καὶ
2581 2828 2654 2883 τὰ
2686 2829 2936 2901 πρόϐατα
2959 2831 3047 2884 διὰ
3081 2832 3184 2901 τὴν
3243 2829 3304 2896 ἐξ
3357 2830 3537 2885 αὐτῶν
3568 2831 3761 2902 χρῆσιν
3795 2844 3814 2862 ο

2217 2922 2287 2976 τὰ
2316 2923 2373 2976 δὲ
2399 2923 2564 2976 λονπά
2601 2922 2956 2994 βδελύγματα
2983 2964 3000 2991 ,
3063 2923 3234 2987 κύνας
3275 2941 3334 2976 τε
3395 2925 3490 2978 καὶ
3534 2924 3815 2995 πιθήκους

2219 3015 2315 3070 καὶ
2346 3014 2596 3069 κνώδαλα
2627 3019 2724 3070 καὶ
2763 3017 2864 3087 τὴν
2887 3017 3084 3089 λοιπὴν
3116 3018 3430 3086 ἀπρέπειαν
3483 3017 3593 3071 τῶν
3651 3017 3814 3082 ζώων

2221 3125 2280 3162 τε
2314 3110 2408 3162 καὶ
2436 3110 2688 3181 λαχάνων
2714 3111 3051 3183 ἐθεράπευον
3076 3112 3146 3178 ⁷⁷,
3178 3112 3372 3166 καθότι
3404 3112 3684 3182 πρόφασις
3711 3111 3813 3164 αὐ-

2222 3209 2333 3269 τοῖς
2364 3206 2419 3260 αί
2453 3206 2582 3278 περὶ
2609 3205 2783 3260 ταῦτα
2829 3210 3013 3277 χρεῖαι
3052 3207 3340 3277 γεγόνασι,
3381 3207 3546 3277 δῆθεν
3580 3207 3732 3261 αίτια
3763 3205 3811 3238 ⁸⁸

2226 3297 2503 3368 σωτηρίας
2521 3298 2580 3349 ὲν
2600 3295 2677 3366 τῷ
2694 3297 2875 3368 καιρῷ
2902 3297 3000 3368 τῆς
3027 3297 3120 3351 τοῦ
3147 3297 3346 3368 Φαραὼ
3370 3294 3814 3365 πανολεθρίας¹⁹ο

2239 3386 2434 3442 Ἦνίκα
2463 3387 2572 3458 γὰρ
2601 3389 2809 3451 ἐκεῖνος
2859 3388 2949 3441 τὸν
3005 3386 3226 3458 Ἰσραὴλ
3283 3385 3497 3439 διώκων
3539 3399 3814 3436 κατεπονο

525 3479 710 3550 τίσθη,
746 3481 980 3543 ἕκαστος
1007 3479 1208 3552 περὶῳ
1271 3478 1672 3551 ἀπησχολίσθη,
1729 3479 1804 3549 μὴ
1852 3479 2288 3551 ἐξακολουθήσας
2344 3480 2424 3552 τῷ
2443 3479 2644 3551 Φαραῷ
2706 3482 2804 3534 καὶ
2870 3479 3220 3550 περισωθεὶς,
3276 3478 3438 3531 τοῦτο
3487 3475 3812 3545 ὲθεοποίησε

527 3575 702 3644 λέγων
735 3591 752 3607 ο
783 3575 942 3638 «Θεός
1004 3594 1106 3646 μου
1159 3575 1392 3644 γέγονας
1433 3575 1674 3646 σήμερον
1697 3575 1952 3646 μάλιστα,
1983 3572 2050 3626 δι’
2077 3567 2138 3628 οὐ
2179 3575 2275 3629 καὶ
2339 3574 2535 3640 σωθεὶς
2575 3575 2636 3628 οὐ
2686 3573 3094 3646 συναπόλμωην
3125 3573 3203 3645 τῷ
3270 3571 3497 3646 Φλραῷ,
3539 3569 3814 3634 κωλυθεὶς

526 3670 618 3724 διὰ
641 3674 741 3744 τῆς
769 3671 964 3725 τούτου
997 3668 1281 3741 προνοίας.
1311 3687 1329 3720 ι

599 3874 726 3930 Post
761 3871 1208 3942 tempusdgitur,
1255 3879 1310 3926 ct
1357 3869 1512 3940 juxta
1548 3868 1754 3939 justam
1792 3867 2104 3939 periodum,

523 3965 792 4040 Egyptiis
847 3964 1182 4022 nascebatur
1243 3962 1369 4026 bos.
1404 3961 1614 4017 habens
1662 3960 1817 4031 signa
1855 3959 2106 4031 quaedam

523 4075 688 4130 super
729 4059 912 4128 lingua
958 4065 1013 4112 et
1074 4056 1128 4111 in
1175 4055 1370 4120 cauda,
1425 4052 1632 4125 quibus
1680 4053 2107 4122 dignoscebatur

522 4150 656 4219 Apis
705 4149 822 4203 sive
869 4147 1006 4202 deus
1068 4159 1229 4211 esse;
1290 4141 1437 4199 unde
1481 4141 1681 4198 festum
1733 4140 2104 4206 celebrabant,

521 4241 678 4312 quasi
711 4241 848 4295 deus
881 4238 1022 4292 inter
1065 4251 1163 4293 eos
1192 4249 1487 4293 mansurus
1537 4232 1874 4299 advenisset,
1895 4241 1951 4288 et
1980 4232 2107 4287 bovi

524 4333 737 4388 lautum
771 4331 824 4385 in
857 4329 1087 4401 ρηοδερί
1119 4327 1464 4400 apponebant
1489 4326 1826 4393 convivium,
1851 4325 1924 4380 ita
1941 4325 2106 4380 deum

523 4439 683 4480 suum
713 4423 890 4494 epulis
917 4422 1282 4479 celebrantes.
1314 4419 1582 4475 Similiter
1612 4427 1668 4476 et
1695 4418 1910 4475 hircum
1946 4434 2107 4474 vene-

2293 3865 2404 3938 (20)
2448 3862 2623 3934 ’Υπὲρ
2653 3862 2850 3935 χρόνον
2871 3862 2928 3917 δὲ
2961 3864 3144 3917 τοίνυν
3200 3862 3294 3916 καὶ
3355 3861 3498 3916 κατά
3549 3861 3811 3934 περίοδόν

2213 3975 2337 4012 τινα
2386 3959 2501 4021 τοῖς
2563 3957 2893 4025 Αἰγυπτίοις
2979 3957 3240 4025 ἐγεννᾶτο
3292 3956 3421 4026 βοῦς
3493 3955 3634 4027 ἔχων
3701 3973 3810 4026 ση-

2216 4053 2347 4119 μεῖά
2374 4069 2497 4105 τινα
2545 4051 2676 4121 περὶ
2717 4051 2818 4121 τὴν
2843 4049 3098 4119 γλῶσσαν
3129 4050 3223 4103 καὶ
3259 4050 3359 4120 τὴν
3388 4050 3606 4121 κέρκον,
3638 4048 3697 4116 ἐξ
3726 4045 3810 4105 ῶν

2215 4143 2570 4216 ὲγνωρίζετο,
2590 4145 2674 4198 ὅτι
2704 4139 2874 4208 *Δπίς
2900 4145 3050 4198 ἐστιν
3079 4145 3148 4211 ὀ,
3173 4144 3341 4215 ἦγουν
3369 4143 3512 4210 θεὸς,
3547 4143 3672 4198 ὅθεν
3706 4144 3813 4200 καὶ⁵

2213 4239 2410 4310 ἑορτὴν
2437 4238 2680 4304 ἐποίουν,
2707 4236 2784 4302 ὡς
2815 4237 2941 4293 θεοῦ
2989 4238 3175 4302 αὐτοῖς
3230 4237 3663 4308 ὲνδημήσαντος,
3707 4241 3812 4294 καὶ

2213 4331 2586 4403 παρατιθέασι
2615 4331 2695 4403 τῷ
2731 4331 2815 4402 βοῒ
2853 4331 3182 4386 πανδαισίαν
3208 4334 3248 4364 ⁸⁸
3276 4334 3336 4385 ἐν
3362 4335 3431 4402 τῇ
3450 4333 3632 4405 φάτνῃ
3669 4331 3808 4385 πο).-

2213 4423 2335 4495 λὴν,
2369 4425 2444 4490 ῶς
2469 4425 2536 4480 ἄν
2569 4427 2620 4481 εί
2651 4425 2994 4496 εὐωχοῦντες
3026 4424 3120 4478 τὸν
3159 4425 3282 4478 θεὸν
3335 4425 3539 4481 αὐτῶν.
3601 4425 3806 4479 Ὠσαῦο

523 4490 810 4580 rabantur,
848 4529 1009 4585 quem
1044 4512 1270 4569 Menden
1304 4511 1591 4576 vocabant,
1614 4509 1835 4580 etjuxta
1863 4508 2105 4580 linguam

2224 4490 2408 4581 τῶςδὲ
2439 4518 2652 4573 καὶτὸν
2696 4490 2904 4589 τράγον
2942 4519 3229 4588 σεϐόμενοι
3278 4520 3323 4550 ’⁸
3372 4517 3592 4588 Μένδην
3645 4517 3809 4586 λεγό-

521 4623 680 4664 suam
711 4616 972 4678 tanquam
1019 4613 1406 4663 eonsecratmn
1454 4603 1678 4660 aiebant
1722 4601 1945 4675 genitali
1991 4603 2102 4658 vir-

518 4703 643 4766 tuti,
689 4703 844 4772 cujus
874 4702 1013 4757 hirci
1055 4701 1315 4770 templum
1343 4698 1618 4760 exstabat.
1677 4698 1733 4753 in
1781 4711 1890 4768 quo
1919 4706 2102 4756 statua

516 4804 634 4849 erat
695 4795 924 4852 hircinis
977 4794 1268 4859 cruribus,
1346 4802 1526 4847 erecta
1581 4789 1815 4846 verenda
1869 4790 2097 4846 habens.

2217 4624 2380 4677 μενον
2410 4607 2505 4663 καὶ
2545 4609 2592 4641 ⁸³
2625 4608 2770 4664 κατά
2801 4612 2902 4680 τὴν
2935 4610 3148 4663 ἑαυτῶν
3183 4608 3439 4677 γλῶσσαν
3467 4610 3540 4673 ὡς
3575 4611 3804 4664 ἀνακεί-

2213 4717 2377 4772 μενον
2405 4699 2652 4769 ἒφασκον
2693 4703 2760 4772 τῇ
2792 4702 3008 4772 γονίμῳ
3047 4702 3300 4772 δυνάμει,
3351 4697 3560 4765 οὗτινος
3591 4703 3803 4772 τράγο)

2211 4792 2306 4846 καὶ
2343 4793 2490 4865 ίερὸν
2513 4794 2761 4868 ὑπῆρχεν
2790 4796 2850 4849 ὲν
2869 4789 2914 4865 ᾧ
2951 4791 3021 4866 ἦν
3050 4795 3430 4867 τραγοσκελὴς
3458 4796 3505 4828 ⁷⁸
3525 4796 3710 4868 ὄρθιον
3739 4797 3805 4850 τὸ

1700 5014 1903 5076 Variae
1952 5015 2258 5079 lectiones
2289 5024 2346 5079 et
2386 5025 2571 5080 notae.

588 5261 608 5294 ⁷
636 5259 830 5322 Λίϐυες
867 5259 924 5330 δι
956 5260 1232 5330 πρόϐατον
1263 5260 1571 5315 θεοποιοῦσι
1612 5259 1687 5323 ὡς
1708 5258 1841 5312 Θεόν
1882 5258 1986 5330 li‘.
2045 5258 2066 5289 ⁸
2101 5259 2309 5329 ὲτέρεες
2342 5259 2424 5314 ιιι.

1730 5331 1774 5360 ⁷³
1797 5329 2032 5383 εὐτελῶν
2066 5345 2176 5383 om.
2207 5331 2295 5386 B‘.
2413 5331 2456 5362 "
2485 5331 2606 5399 όνομ

1730 5400 1807 5453 λλ.
1917 5401 1956 5431 ⁸⁸
1989 5402 2323 5453 ἐθεράπευον
2372 5416 2482 5453 om.
2545 5399 2606 5452 B‘

1989 5416 2323 5470 ευεραπευον
2372 5416 2482 5455 om.
2545 5416 2630 5454 ις’.

517 5329 615 5384 καὶ
641 5333 852 5401 κρήνας
871 5329 952 5384 B‘.
1006 5329 1073 5362 7“
1101 5330 1507 5401 εἱδωλομανίαὼ
1533 5331 1618 5386 B‘.

521 5404 566 5434 “
587 5398 964 5471 ὲθεοποιοῦντο
1016 5409 1070 5454 et
1123 5414 1236 5454 om.
1295 5398 1396 5470 τήν
1430 5400 1491 5454 Βι
1519 5429 1592 5441 -
1633 5398 1807 5471 βδελλ.

518 5469 925 5541 ὲνασχολεῐσθαι
979 5473 1058 5534 είς
1108 5471 1250 5523 αὐτά
1283 5469 1363 5523 ὅτι
1403 5489 1457 5526 κ.
1497 5469 1754 5524 π.τ.“τοῦ

1805 5471 2001 5542 χρόνου
2027 5470 2276 5542 ἐγείνατο
2297 5488 2346 5525 τ.
2383 5473 2462 5524 Ἀ.

518 5547 708 5597 codex.
785 5541 831 5572 "
857 5541 1098 5610 deditam:
1123 5542 1197 5594 M.
1229 5541 1479 5609 λέγουσιν
1510 5558 1566 5594 κ.
1609 5541 1708 5610 τὴν
1747 5541 1814 5594 ἐξ
1837 5543 2113 5596 διάλεκτον

2224 5542 2361 5594 rava).
2402 5558 2556 5610 κειμ.
2588 5541 2670 5594 B'.

2500 5264 2520 5290 ‘
2554 5259 2819 5328 σφάζεται
2854 5260 2938 5312 B‘.
3048 5260 3089 5290 "
3116 5253 3228 5312 οἷον
3257 5259 3310 5313 ά.
3346 5259 3423 5312 όν.
3464 5258 3548 5313 ιιι.
3661 5263 3698 5291 ¹¹
3734 5280 3798 5317 π.

2413 5331 2456 5362 ⁸⁸
2485 5331 2846 5399 ὀνομάζουσιν
2893 5331 2980 5386 B'.
3100 5331 3142 5360 ¹⁵
3169 5330 3412 5399 ἀρδεύων
3466 5332 3525 5383 B'
3557 5341 3612 5385 et
3670 5337 3800 5386 Coti.

2415 5417 2482 5455 ill.
2545 5399 2630 5454 B‘.
2741 5401 2784 5432 "
2808 5402 3006 5456 αἴτιον.
3115 5401 3158 5430 ’⁵
3184 5401 3542 5457 πανολεθρίας
3594 5401 3685 5454 διὰ
3738 5405 3800 5457 τὸ

2545 5418 2630 5454 ιδ’.
2742 5418 2784 5432 ι’
2808 5418 3006 5456 αιτιον.
3118 5418 3542 5470 ’νπανοΑευριας
3594 5418 3685 5454 οια
3738 5418 3799 5457 το

2517 5470 2644 5540 βοῦς
2683 5470 2769 5524 B‘.
2846 5472 2894 5502 ²⁰
2923 5471 3072 5525 ἐστίν
3127 5486 3242 5526 om.
3278 5469 3364 5525 Βί.
3425 5474 3466 5503 ⁸⁸
3498 5474 3799 5526 πανδεσίαν

2747 5542 2794 5574 ⁸³
2823 5543 2917 5596 καί
2955 5544 3078 5597 dele
3119 5543 3174 5596 in
3216 5541 3402 5596 codice
3423 5541 3700 5597 deﬁciens.
3726 5574 3799 5586 -

517 5613 809 5686 πανδεσίαν
839 5611 925 5686 B'_,
948 5609 1033 5686 ti);
1061 5611 1127 5665 ἂν
1162 5614 1352 5686 sicut.
1372 5612 1457 5673 ll'.
1535 5614 1579 5645 "’
1611 5609 1969 5682 τραγοσκελίς
2003 5613 2119 5666 codt

2236 5612 2328 5668 scd
2359 5610 2430 5666 cf.
2473 5609 2804 5668 llerodotum
2855 5613 2916 5681 ll,
2951 5613 3021 5669 46
3047 5642 3114 5654 --
3137 5612 3512 5686 τραγοσκελὴς
3538 5613 3621 5680 Βί,
3655 5629 3798 5684 τρα-

517 5684 795 5750 γοσκελές,
820 5684 912 5737 sed
941 5684 1080 5753 ἔχων
1132 5682 1256 5738 cod.
