4168 6464
451 350 564 417 Χῦίὸ

1703 360 2173 425 CHRONICON.
2215 388 2284 399 —
2322 365 2471 425 LIB.
2528 369 2565 425 Ι.

3654 378 3757 445 110

485 465 679 519 αὶδοῖον
713 464 897 534 ἔχων.
936 466 1056 520 Ἔτι
1086 467 1193 537 μὴν
1225 468 1319 521 καὶ
1379 468 1505 532 τοὺς
1556 469 1955 539 κροκοδείλους,
1993 472 2086 525 καὶ

2188 471 2508 531 Crocodilos
2531 488 2752 545 quoque
2783 484 2837 530 et
2869 487 3173 548 serpentes,
3204 490 3259 537 et
3297 482 3453 550 feles.
3498 496 3552 544 et
3582 491 3763 560 pisces

487 559 610 619 τοὺς
640 555 831 625 δφεις,
857 556 957 610 καὶ
979 557 1104 620 τοὺς
1125 559 1434 630 αἰλούρους,
1472 562 1572 614 καὶ
1600 562 1730 626 τοὺς
1758 561 1947 633 ἰχθύας
1992 580 2080 617 τις

493 648 731 718 μῶντες,
792 647 856 712 ἐξ
926 648 1127 717 ἀλόγου
1184 652 1352 722 τιμῆς
1393 652 1622 723 ἀτιμίαν
1658 653 1879 718 ἑαυτοῖς
1917 672 2081 729 περι-

491 740 780 794 ποιοῦνται
810 742 881 796 ⁸³.
914 742 1028 813 (2i)
1070 743 1207 814 Ἤδη
1240 742 1297 796 δέ
1328 760 1470 807 τινες
1499 747 1580 810 είς
1608 746 1884 819 τοσαύτην
1912 749 2079 802 ἀσθέ-

494 847 647 884 νειαν
681 833 780 885 καὶ
802 835 1245 904 παραφροσύνην
1267 836 1599 907 ὲξήχθησαν,
1628 837 1706 901 ὡς
1737 840 1832 893 καὶ
1861 838 2079 912 ἀνθρώ-

493 942 634 988 πους
665 926 777 988 τοῖς
809 926 1134 995 παράύτῶν
1161 927 1479 996 ψευδοθέοις
1516 930 1923 999 κατασφάττειν
1986 931 2082 991 καὶ

492 1018 578 1079 είς
606 1016 803 1070 θυσίαν
825 1018 1158 1088 προσάγειν.
1193 1019 1306 1092 (22)
1339 1021 1505 1077 Ὀθεν
1535 1022 2081 1094 προασφαλιζόμενος

491 1110 711 1164 ἄνωθεν
755 1111 781 1162 ό
833 1111 980 1175 θεῖος
1007 1111 1168 1181 λόγος
1203 1114 1297 1168 τὸν
1326 1114 1394 1168 ὲκ
1421 1114 1682 1186 τοιαύτης
1710 1116 1831 1149 ³⁸⁸⁸
1870 1117 2082 1186 πλάνης

490 1202 880 1271 ἀπαλλαγέντα
898 1202 1031 1257 λαὸν
1070 1204 1351 1273 ἔφασκεν·
1414 1206 1522 1259 «ού
1580 1207 1818 1279 ποιήσῃς
1866 1208 2081 1280 σεαυτῷ

489 1289 716 1344 εἴδωλον
740 1292 860 1345 οὐδὲ
882 1293 994 1347 πᾶν
1023 1295 1280 1365 ὁμοίωμα
1305 1295 1408 1349 ὅσα
1454 1296 1513 1349 ἐν
1564 1296 1642 1367 τῷ
1694 1298 1914 1369 οὐρανῷ
1940 1300 2077 1366 ἀνω,

490 1382 587 1433 καὶ
612 1383 717 1435 ὅσα
740 1384 829 1436 ἐπὶ
862 1383 962 1453 τῆς
986 1385 1093 1454 γῆς
1130 1388 1304 1453 κάτω,
1334 1387 1427 1440 καὶ
1454 1387 1515 1440 ού
1546 1391 1933 1462 προσκυνήσῃς
1984 1391 2082 1445 αύ-

488 1476 627 1537 τοῖς,
664 1473 790 1528 οὐδὲ
841 1474 916 1547 μὴ
942 1475 1251 1548 λατρεύσῃς
1279 1478 1523 1542 αὐτοῖς.»
1576 1480 1665 1544 Ὠς
1690 1478 1786 1534 οῦν
1812 1483 2080 1553 διαφορᾶς

489 1564 663 1634 οὔσης
696 1568 899 1635 μεταξὺ
932 1568 1158 1622 εἰδώλου
1188 1569 1285 1633 καὶ
1310 1569 1681 1642 ὀμοιώματος,
1704 1574 1933 1638 εἰκότως
1969 1575 2077 1647 4⁷

490 1654 649 1711 εἶπεν
674 1674 691 1691 ο
728 1660 835 1712 «ού
855 1661 1092 1733 ποιήσῃς
1120 1661 1335 1733 σεαυτῷ
1362 1661 1583 1716 εἴδωλον
1609 1663 1731 1718 οὐδὲ
1760 1666 2073 1738 ὁμοίωμα’›

490 1752 553 1802 τὸ
585 1750 684 1819 μὲν
709 1752 818 1821 γὰρ
846 1752 1070 1806 εἴδωλον
1107 1752 1372 1823 οὐδεμίαν
1403 1754 1706 1817 ὑπόστασιν
1752 1756 1887 1828 ἔχει,
1919 1759 1980 1813 τὸ
2020 1759 2079 1814 δι

2185 565 2430 621 colentes
2450 581 2514 621 ex
2534 567 2895 623 irrationabili
2922 569 3130 627 honore
3150 573 3385 632 dedecus
3404 578 3510 633 sibi
3532 596 3759 654 compa-

2185 663 2329 710 rant.
2382 654 2617 728 Jamque
2660 658 2881 728 quidam
2932 661 2998 716 ad
3037 672 3242 720 tantam
3279 667 3644 729 inﬁrmitatem
3708 687 3764 730 et

2185 748 2501 821 amentiam]
2528 750 2749 806 adducti
2796 760 2925 808 sunt
2954 763 3014 809 ut
3046 755 3292 817 hamines
3337 777 3557 834 quoque
3609 765 3762 825 falsis

2184 839 2304 897 suis
2382 842 2701 899 numinibus
2754 843 3032 915 jugulatos
3098 852 3489 912 sacrificarent.
3552 856 3761 917 idcirco

2187 934 2558 1003 pmmuniens
2588 936 2716 991 olim
2769 939 2987 994 divinus
3040 955 3222 997 sermo
3277 947 3535 1016 populum
3583 964 3614 1004 a
3666 954 3759 1007 tali

2188 1038 2376 1079 errore
2400 1025 2718 1093 liberatum,
2746 1027 2993 1085 dicebat:
3020 1050 3039 1083 ι
3059 1030 3178 1087 Νοη
3212 1034 3378 1092 facies
3396 1037 3494 1094 tibi
3529 1039 3757 1108 idolum,

2185 1129 2364 1184 neque
2383 1131 2600 1173 omnem
2636 1118 3053 1178 similitudinem
3090 1140 3212 1194 qua:
3237 1128 3394 1183 estin
3425 1132 3567 1186 coelo
3595 1133 3763 1190 desu-

2183 1222 2300 1278 per,
2348 1217 2404 1264 et
2444 1224 2567 1280 quas
2594 1211 2649 1265 in
2698 1219 2843 1267 terra
2880 1214 3157 1283 deorsum,
3198 1234 3298 1274 nec
3328 1221 3645 1280 adoraveris
3672 1242 3757 1291 ea.

2184 1313 2364 1369 neque
2389 1300 2629 1357 colueris
2657 1316 2743 1359 ea.
2769 1321 2787 1356 ι
2823 1303 2959 1360 Cum
2988 1321 3151 1376 porro
3194 1310 3263 1364 sit
3293 1310 3588 1371 discrimen
3617 1315 3761 1375 inter

2184 1392 2390 1447 idolum
2421 1401 2478 1448 et
2507 1393 2943 1464 similitudinem,
2991 1397 3116 1469 jure
3144 1400 3283 1456 dixit
3315 1419 3330 1457 :
3371 1421 3392 1456 ι
3430 1405 3549 1460 Νοη
3590 1406 3761 1465 facies

2182 1483 2281 1539 tibi
2326 1486 2555 1551 idolum,
2609 1502 2787 1558 neque
2815 1489 3263 1563 similitudinem;
3295 1512 3314 1547 ι
3355 1496 3563 1554 idolum
3610 1501 3758 1557 enim

2182 1576 2389 1632 nullam
2418 1592 2710 1648 personam
2745 1580 2934 1649 habet,
2985 1584 3287 1642 similitudo
3336 1599 3513 1644 autem
3569 1594 3761 1663 cujus-

2181 1669 2306 1725 dam
2325 1680 2409 1725 est
2438 1672 2649 1741 species
2678 1680 2733 1728 et
2754 1673 2953 1746 imago.
2984 1674 3120 1731 Cum
3152 1692 3282 1747 ergo
3307 1678 3481 1737 Graeci
3503 1681 3758 1755 efﬁngant

2183 1758 2390 1816 formas
2421 1776 2542 1831 qua:
2586 1761 2643 1816 in
2670 1773 2867 1819 natura
2899 1779 3008 1819 non
3036 1775 3183 1836 sunt,
3219 1769 3489 1841 Spltinges
3536 1782 3589 1829 et
3633 1772 3758 1831 Tri-

492 1844 755 1913 ὁμοίωμά
805 1844 953 1909 τινός
1002 1846 1151 1899 ἐστιν
1226 1845 1458 1918 ῐνδαλμα
1533 1848 1629 1901 καὶ
1725 1849 2075 1922 ἀπείκασμα.

2185 1866 2340 1910 tones
2365 1864 2420 1910 et
2449 1853 2777 1921 Centauros,
2826 1864 2881 1911 et
2905 1854 3146 1928 Egyptii
3176 1860 3374 1915 canina
3401 1839 3541 1917 facie
3570 1864 3755 1928 deum,

510 1936 733 2004 Ἐπειδὴ
799 1938 978 1993 τοίνυν
1032 1939 1295 2009 Ἕλληνες
1365 1939 1773 1996 ἀναπλάττουσι
1823 1944 1924 2007 τὰς
1976 1944 2076 2015 οὐχ

490 2029 818 2097 ὑφεστώσας
902 2031 1141 2103 μορφὰς,
1192 2031 1459 2101 Σφίγγας,
1513 2032 1610 2087 καὶ
1634 2032 1937 2104 Τρίτωνας.
1980 2037 2077 2090 καὶ

494 2120 848 2191 Κενταύρους
884 2162 901 2189 ,
975 2122 1073 2176 καὶ
1146 2123 1438 2192 Αἰγύπτιοι
1499 2125 1545 2159 ³⁸
1628 2126 2075 2197 κυνοπρόσωπον

490 2211 591 2261 καὶ
626 2210 995 2280 Βουκέφαλον,
1032 2212 1229 2267 εἴδωλα
1260 2213 1419 2267 καλεί
1445 2215 1514 2268 τὰ
1535 2215 1645 2269 τῶν
1677 2217 1776 2287 οὐχ
1824 2218 2073 2287 ὑφεστώ-

487 2321 601 2357 των
632 2309 954 2375 μιμήματα,
991 2307 1320 2380 ὁμοιώματα
1357 2309 1418 2364 δὲ
1455 2309 1527 2364 τὰ
1576 2309 1689 2363 τῶν
1737 2310 2072 2380 ὑφεστώτων

487 2398 827 2467 είκάσματα,
883 2396 997 2454 οἷον
1058 2400 1214 2472 ήλίου
1244 2443 1259 2469 ,
1343 2403 1577 2474 σελήνης
1605 2444 1622 2470 ,
1681 2403 1922 2477 ἄστρων,
1982 2405 2066 2458 ἀνι

487 2489 757 2559 θρώπων,
790 2494 1015 2565 θηρίων,
1039 2495 1289 2566 ἑρπετῶν
1312 2497 1406 2553 καὶ
1434 2497 1545 2553 τῶν
1591 2498 1859 2565 τοιούτοις
1893 2518 2076 2569 παρα-

487 2582 772 2653 πλησίωνο
804 2587 1021 2650 τούτοις
1045 2587 1104 2640 δὲ
1131 2587 1371 2642 κελεύων
1408 2589 1484 2660 μὴ
1513 2592 1847 2661 προσκυνεῖν
1876 2590 2015 2660 μηδὲ
2028 2590 2074 2622 ⁸⁸

488 2672 802 2742 λατρεύειν,
853 2679 954 2749 ούχ
1005 2679 1190 2743 ἁπλῶς
1219 2680 1559 2752 ἀπαγορεύει
1623 2682 1699 2753 (2)
1745 2682 2070 2753 ἀμφότεραο

486 2765 606 2819 ἀλλ’
637 2770 828 2840 ἐπειδὴ
859 2774 1117 2841 σημαίνει
1138 2772 1294 2837 τινας
1321 2775 1703 2845 προσκυνῆσαι
1738 2775 1838 2846 μὲν
1893 2776 2075 2846 ἀμφύ-

2177 1962 2233 2005 et
2257 1949 2651 2022 Bucephalam,
2700 1949 2845 2006 idola
2894 1960 3053 2008 vocat
3088 1952 3335 2008 lictarum
3371 1969 3551 2010 rerum
3581 1957 3759 2011 imita-

2180 2050 2384 2108 menta,
2422 2041 2815 2098 similitudines
2860 2050 3044 2097 autetn
3093 2043 3361 2114 imagines
3405 2062 3589 2102 rerum
3631 2063 3761 2105 vere

2180 2130 2587 2195 exsistentium,
2623 2138 2681 2185 ut
2712 2130 2862 2197 solis,
2913 2131 3077 2199 lunae,
3110 2133 3415 2200 stellarum.
3450 2137 3756 2207 hominum,

2180 2218 2443 2287 ferarum,
2492 2222 2825 2292 serpentium
2858 2230 2914 2278 et
2946 2223 3034 2279 bis
3079 2224 3364 2281 similium.
3426 2228 3756 2298 Hujusmudl

2179 2311 2480 2382 prohibens
2526 2326 2593 2367 ne
2636 2311 2927 2368 adorarent
2954 2322 3049 2369 aut
3071 2314 3332 2381 colerent,
3358 2332 3467 2372 non
3499 2319 3760 2388 simplici-

2179 2412 2263 2461 ter
2314 2414 2614 2476 utrumque
2664 2405 2953 2476 prohibet;
3005 2407 3100 2463 sed
3137 2411 3444 2479 praevidens
3488 2410 3756 2481 quosdam

2178 2507 2414 2568 utraque
2465 2498 2787 2554 adoraturos
2837 2512 2962 2556 esse
3014 2507 3235 2570 propter
3302 2509 3507 2558 metum
3583 2502 3761 2558 homi-

2178 2606 2334 2657 num,
2376 2606 2476 2649 nec
2524 2601 2704 2647 tamen
2758 2593 2901 2647 intra
2942 2607 3040 2648 cor
3080 2608 3203 2650 esse
3245 2595 3515 2661 culturos,
3570 2595 3763 2652 docuit

2179 2693 2474 2755 utrumque
2503 2699 2628 2739 esse
2667 2684 2917 2756 impium,
2949 2695 3006 2751 et
3029 2687 3140 2743 Deo
3187 2687 3464 2756 odiosum,
3499 2699 3551 2746 et
3577 2690 3755 2745 enini-

2185 2792 2258 2831 no
2287 2776 2740 2832 abominandum.

485 2876 623 2928 τερα
648 2861 736 2915 διὰ
769 2862 936 2932 φόϐον
974 2865 1341 2937 ἀνθρώπινον,
1387 2866 1448 2921 ού
1503 2868 1612 2940 μὴν
1668 2868 1726 2921 δὲ
1771 2867 2074 2938 λατρεῦσαι
2125 2868 2266 2923 κατὰ
2316 2868 2520 2940 ψυχὴν,
2557 2869 2799 2937 ἐδίδαξεν
2833 2869 2911 2936 ὡς
2960 2870 3224 2945 ἑκάτερον
3253 2870 3451 2936 ἀσεϐὲς
3505 2873 3599 2926 καὶ
3631 2871 3755 2926 θεο-

491 2958 692 3025 στυγὲς
713 2959 805 3013 καὶ
826 2959 947 3013 λίαν
978 2962 1310 3034 ἀπόϐλητον.

727 3161 804 3215 E'.
836 3162 983 3230 Περί
1018 3162 1134 3217 τῶν
1164 3164 1482 3235 τεσσάρων
1510 3166 1848 3236 στοιχείων.

556 3345 658 3399 Διά
692 3345 945 3416 δήτοῦτο
978 3347 1162 3416 πάλιν,
1200 3350 1290 3403 ἵνα
1327 3352 1400 3422 μή
1447 3368 1595 3415 τινες
1645 3351 1721 3417 ὡς
1774 3345 1947 3419 οὗτοι,
1998 3352 2078 3425 τῷ

484 3436 676 3491 κάλλει
700 3438 810 3491 τῶν
836 3441 1157 3510 κτισμάτων
1182 3442 1620 3513 ἀποϐλέψαντες,
1674 3445 1772 3518 οὐχ
1814 3446 1889 3510 ὡς
1918 3446 2080 3517 ἔργον

483 3530 649 3595 Θεοῦ,
675 3530 793 3585 ἀλλ’
828 3533 905 3596 ὠς
946 3534 1105 3597 θεοὺς
1153 3536 1488 3606 τιμήσωσιν,
1522 3539 1798 3607 εἰσάγει²¹
1836 3540 2079 3611 προσφό-

485 3640 598 3693 ρως
617 3624 650 3692 ή
680 3624 874 3696 Γραφὴ
901 3624 1135 3695 λέγουσα
1160 3644 1175 3658 ·
1209 3628 1282 3679 ι³²
1302 3627 1414 3683 Καὶ
1480 3630 1556 3701 μὴ
1615 3630 1930 3704 ἀναϐλέψῃς
1966 3635 2080 3698 τοῖς

482 3714 786 3786 ὀφθαλμοῖς
821 3718 954 3772 ἰδεῖν
977 3717 1070 3771 τὸν
1106 3718 1261 3791 ἥλιον
1301 3722 1395 3775 καὶ
1430 3721 1531 3794 τὴν
1561 3723 1797 3797 σελήνην
1828 3724 1949 3758 ³³·³⁴
1984 3725 2079 3779 καὶ

482 3804 666 3860 πάντα
700 3807 794 3861 τὸν
850 3808 1060 3880 κόσμον
1100 3811 1196 3864 τοῦ
1258 3810 1492 3882 ούρανοῦ
1516 3854 1533 3879 ,
1560 3814 1702 3884 (καὶ)
1774 3813 2074 3886 πλανηθεὶς

484 3902 881 3975 προσκυνήσῃς
953 3904 1146 3969 αὐτοῖς
1196 3904 1340 3971 ³⁸³⁸,
1387 3903 1425 3960 ἀ
1468 3906 1738 3977 ἀπένειμε
1808 3907 2014 3976 Κύριος
2051 3909 2080 3962 ὁ

480 3993 620 4055 Θεός
664 4009 759 4046 σου
802 3996 937 4049 πᾶσι
959 3998 1080 4060 τοῖς
1127 3996 1393 4064 έθνεσιν,ι
1442 3998 1712 4071 ἀπένειμε
1753 3999 1813 4053 δὲ
1843 3999 1966 4071 οὐχὶ
1996 4001 2081 4065 είς

488 4084 551 4137 τὸ
603 4082 749 4137 εἶναι
781 4085 939 4150 θεοὺς
972 4088 1158 4152 αὐτοῖς
1187 4088 1385 4155 ταῦτα,
1438 4089 1555 4143 ἀλλ’
1618 4091 1707 4145 ἴνα
1734 4094 1813 4164 ,τῇ
1871 4092 2081 4148 τούτων

488 4176 749 4249 ἐνεργείᾳ
772 4176 815 4209 ⁸⁷
844 4178 1188 4247 γινώσκωσιν
1211 4181 1259 4234 οἱ
1277 4181 1387 4234 ἀπὸ
1417 4181 1525 4235 τῶν
1546 4181 1717 4235 ἐθνῶν
1738 4182 1829 4237 τὸν
1859 4183 2080 4238 πάντων

481 4269 825 4339 δημιουργὸν
855 4273 951 4324 καὶ¹
970 4269 1203 4342 Κύριον·
1236 4275 1303 4326 ὲκ
1324 4273 1433 4344 γάρ
1464 4273 1731 4343 μεγέθους
1766 4275 1863 4330 καὶ
1889 4275 2080 4330 καλλο-

483 4362 585 4432 νῆς
612 4363 932 4433 κτισμάτων
962 4364 1245 4433 ἀναλόγως
1269 4369 1297 4419 ὁ
1322 4368 1711 4438 γενεσιουργὸς
1756 4367 2069 4439 θεωρεῖται,

2107 3151 2156 3213 C

2592 3168 2656 3224 V.
2697 3168 2772 3224 De
2802 3176 3032 3240 quatuor
3068 3168 3362 3239 principiis.

2253 3349 2463 3405 idcirco
2513 3364 2731 3419 rursus,
2783 3365 2854 3407 ne
2897 3349 3141 3422 quidam,
3195 3359 3256 3407 ut
3282 3349 3382 3417 illi,
3416 3351 3484 3408 ad
3513 3350 3757 3424 pulchri-

2183 3442 2424 3497 tudinem
2455 3452 2834 3498 creaturarum
2887 3442 3080 3499 oculos
3108 3453 3510 3509 convertentes,
3558 3459 3665 3500 non
3698 3452 3761 3501 ut

2183 3533 2277 3588 Dei
2308 3548 2471 3603 opus,
2523 3533 2617 3589 sed
2654 3542 2912 3604 tanquam
2978 3533 3111 3590 deos
3160 3546 3574 3602 venerarentur,
3620 3552 3758 3593 con-

2182 3626 2462 3680 venienter
2512 3624 2665 3679 addit
2712 3622 2994 3693 Scriptura
3040 3622 3233 3678 dicens
3267 3620 3288 3676 ἐ
3319 3621 3415 3678 «Et
3464 3638 3532 3679 ne
3579 3624 3759 3679 eleves

2182 3718 2372 3773 oculos
2422 3724 2482 3771 ut
2524 3718 2708 3772 videas
2758 3708 2927 3772 solem
2973 3724 3028 3770 et
3074 3715 3260 3771 lunam
3305 3723 3361 3772 et
3394 3715 3578 3770 omnia
3612 3726 3761 3772 astra

2182 3807 2329 3876 cmli,
2380 3815 2436 3863 et
2479 3822 2671 3863 errore
2724 3805 2985 3876 deceptus
3032 3804 3230 3862 adores
3280 3819 3342 3861 ea
3395 3821 3518 3876 quae
3568 3806 3764 3864 tribuit

2184 3900 2451 3956 Dominus
2502 3899 2649 3955 Deus
2709 3908 2835 3954 tuus
2896 3898 3112 3954 cunctis
3170 3898 3459 3969 gentibus;
3494 3917 3514 3952 ι
3568 3901 3761 3956 tribuit

2181 4003 2365 4050 autem
2406 4006 2516 4048 non
2547 4000 2607 4046 ut
2632 3997 2817 4046 essent
2845 3991 2926 4045 eis
2955 3987 3053 4057 dii,
3081 3989 3176 4047 sed
3205 3998 3263 4044 ut
3292 3989 3525 4044 istorum
3555 3992 3760 4047 virtute

2182 4094 2513 4156 cognoscant
2541 4091 2727 4155 gentes
2753 4080 2997 4137 universi
3022 4078 3335 4136 Creatorem
3352 4087 3405 4135 et
3427 4081 3715 4136 Domimun
3739 4123 3756 4148 ,

2181 4179 2383 4236 etenim
2415 4192 2481 4233 ex
2527 4173 2906 4245 magnitudine
2937 4180 2992 4229 et
3030 4171 3439 4243 pulchritudine
3465 4181 3752 4229 creatura-

2182 4286 2303 4328 rum
2335 4279 2459 4339 apte
2489 4267 2716 4324 Creator
2746 4265 3107 4338 dignoscitur,
3138 4272 3193 4320 et
3231 4264 3553 4321 «invisibilia
3584 4265 3759 4335 ipsius

2181 4379 2212 4419 a
2244 4373 2501 4419 creatura
2542 4359 2756 4425 mundi,
2792 4374 2892 4429 per
2934 4372 3000 4415 ea
3045 4372 3168 4428 quae
3201 4356 3344 4412 facta
3395 4366 3541 4424 sunt,
3597 4358 3760 4411 intel-

484 4454 583 4507 καὶ
624 4456 722 4508 ιτά
758 4457 966 4527 ἀόρατα
1021 4458 1189 4511 αὐτοῦ
1248 4460 1358 4513 ἀπὸ
1400 4460 1635 4526 κτίσεως
1695 4462 1902 4532 κόσμου
1957 4466 2072 4527 τοῖς

2182 4457 2345 4520 lecta,
2378 4454 2814 4524 conspiciuntur,
2845 4469 2865 4503 ι
2902 4461 2955 4507 et
3003 4469 3022 4502 ι
3054 4449 3179 4506 caeli
3229 4459 3492 4505 enarrant
3528 4450 3755 4521 gloriam

484 4547 759 4618 ποιήμασι
799 4549 1067 4618 νοούμενα
1129 4552 1439 4622 καθορᾶται
1482 4552 1585 4619 ³⁸»,
1619 4553 1713 4606 καὶ
1740 4553 2065 4625 ιοίούρανοὶ

482 4640 809 4710 διηγοῦνται
869 4643 1028 4708 δόξαν
1074 4642 1232 4707 Θεοῦ,
1274 4643 1494 4713 ποίησιν
1541 4644 1597 4697 δὲ
1650 4646 1852 4716 χειρῶν
1901 4647 2070 4701 αὐτοῦ

486 4733 782 4799 ἀναγγελεῖ
835 4734 893 4786 τὸ
941 4737 1266 4806 στρερέωμα
1319 4736 1387 4800 ³⁹,
1423 4754 1441 4787 ι
1505 4735 1650 4790 καθά
1732 4736 2069 4810 γέγραπται.

487 4824 567 4895 (2)
614 4823 674 4878 ’0
709 4826 808 4895 μὲν
844 4822 937 4881 οὖν
978 4829 1205 4896 κτίστης
1233 4828 1367 4892 Θεὸς
1418 4829 1625 4894 τέλειός
1655 4832 1773 4884 ἐστι
1810 4832 1906 4886 καὶ
1935 4849 2072 4903 προ-

486 4918 717 4982 τέλειος,
780 4919 1036 4993 ἀνενδεὴς
1078 4921 1219 4974 κατά
1258 4922 1437 4975 πάντα
1466 4922 1701 4994 τρόπον·
1739 4922 1811 4976 τά
1855 4924 1913 4978 δὲ
1954 4924 2073 4977 κτί-

488 5023 677 5074 σματα
706 5008 885 5060 λαϐὼν
917 5026 1020 5073 τις,
1062 5004 1173 5063 οἷον
1202 5008 1357 5080 ἥλιον
1396 5009 1516 5064 καθ’
1547 5008 1744 5064 ἑαυτὸν
1779 5012 1941 5081 μόνον
1975 5014 2072 5065 καὶ

489 5099 746 5170 σελήνην,
784 5100 890 5169 γῆν
917 5118 975 5154 τε
1006 5097 1073 5155 αὖ
1110 5103 1205 5155 καὶ⁸
1235 5102 1413 5173 ἄστρα
1434 5103 1577 5157 “xui
1608 5102 1708 5173 τὴν
1733 5102 1945 5174 θερμὴν
1976 5105 2072 5157 καὶ

2179 4550 2294 4615 Dei,
2312 4556 2542 4617 etopera
2556 4560 2814 4600 manuum
2841 4545 2961 4615 ejus
2982 4541 3270 4600 annuntiat
3296 4543 3754 4612 firmamentum,»

2175 4651 2236 4697 ut
2263 4642 2525 4710 scriptum
2562 4649 2663 4695 est.
2690 4637 2919 4695 Creator
2944 4652 3077 4709 ergo
3105 4638 3247 4692 Deus
3275 4635 3547 4707 perfectus
3576 4648 3660 4694 est
3707 4649 3762 4694 et

2171 4729 2640 4799 aeternusmullius
2659 4744 2886 4802 prorsus
2899 4729 2977 4785 rei
2994 4729 3264 4800 indigens;
3283 4737 3566 4785 creaturas
3579 4742 3761 4803 autem

2177 4829 2222 4887 si
2251 4829 2376 4900 quis
2404 4835 2609 4896 sumat,
2631 4837 2693 4883 ut
2716 4827 2884 4882 solem
2920 4826 2973 4881 in
3004 4840 3066 4881 se
3093 4826 3295 4891 solum,
3328 4832 3384 4880 et
3414 4826 3623 4888 lunam,
3648 4832 3760 4879 ter-

2177 4934 2406 4991 ramque
2466 4928 2522 4977 et
2550 4918 2758 4985 stellas,
2785 4926 2840 4975 et
2867 4916 3103 4973 calorem
3135 4920 3203 4982 et;
3228 4915 3423 4988 frigus,
3453 4924 3505 4972 et
3537 4916 3758 4972 siccita~

2183 5019 2292 5067 tem
2341 5022 2397 5067 et
2438 5012 2749 5078 humorem,
2800 5024 3061 5082 separans
3114 5023 3143 5062 a
3196 5008 3540 5064 connexione
3585 5021 3756 5078 quam

2182 5103 2385 5161 habent
2432 5103 2500 5158 ad
2556 5102 2812 5169 invicem,
2857 5111 2911 5157 et
2968 5113 3413 5173 unamquamque
3442 5100 3639 5159 harum
3670 5113 3755 5154 re-

1676 5307 1876 5371 νοτία)
1920 5308 2227 5373 lectiones
2257 5315 2319 5372 et
2355 5317 2548 5373 notae.

561 5495 607 5525 "
635 5495 1056 5564 περιεποιοῦντο
1087 5496 1173 5555 B‘.

1288 5497 1408 5573 "'1‘
1433 5500 1499 5573 ἐκ
1528 5498 1630 5569 τῆς
1664 5501 1924 5573 τοιαύτης
1945 5503 2070 5558 cod.

487 5567 532 5599 "
574 5567 787 5635 εἰσάγει
817 5566 855 5620 Ι.
885 5567 1083 5635 ἐπάγει
1115 5568 1237 5624 cod.

1354 5568 1399 5645 ’ξ
1433 5568 1593 5645 Deut.
1621 5573 1821 5645 HL”),
1864 5568 1975 5645 Καὶ
2007 5575 2081 5645 μὴ
2115 5575 2170 5629 ἀ.
2214 5576 2295 5638 εἰς
2321 5568 2416 5628 τὸν
2452 5568 2815 5645 οὐρανόνᾴώ
2839 5569 2979 5645 ἰᾷὡν.

2175 5504 2220 5536 ²⁹
2240 5502 2527 5573 Δίγύπτιοι
2550 5501 2585 5558 Ι.
2618 5499 3061 5573 Αἰγύπτιοιμςοὰ.
3136 5502 3193 5573 7“,
3212 5503 3345 5571 μηδέ
3382 5502 3416 5555 Ι.
3465 5503 3598 5573 μήτε
3633 5498 3754 5573 rod.

3105 5568 3224 5603 ³³⁸³⁸
3249 5568 3341 5625 καὶ
3366 5568 3495 5632 τοὺς
3516 5568 3754 5635 ἀστέρας

489 5636 644 5713 Πρω,
676 5637 872 5713 ..ἱκὲὶ
903 5636 1211 5713 λατρεύ-της
1234 5638 1417 5713 militet;
1451 5639 1606 5713 Udlll.
1646 5712 1651 5713 γ
1683 5643 1727 5672 ³⁵
1761 5642 1807 5672 ³⁸
1834 5643 1977 5695 αὐτὰ
1999 5636 2090 5699 Βιίι

2234 5636 2287 5677 ³⁷ή
2312 5636 2563 5713 ὲνεργείᾲ
2603 5644 2697 5696 καὶ
2714 5641 2915 5712 θεωρίᾳ
2936 5642 3298 5710 γινώσκουσιν
3330 5642 3449 5694 cod.
3508 5637 3551 5669 ³³
3593 5636 3750 5692 Ruunt.

493 5710 638 5774 ι,ξ.³υ.
717 5709 763 5740 ³⁸
797 5708 889 5762 Ps.
942 5694 1056 5773 ιιὶ,
1097 5694 1209 5761 LW
1239 5710 1286 5740 “
1314 5694 1489 5780 ἄστρα
1520 5710 1556 5762 l.
1595 5712 1729 5784 ἀέρα
1765 5713 1884 5769 cod.
