4168 6440
532 450 633 515 115

1726 451 2049 513 GEORGII
2088 447 2542 510 HAMARTOLI

3691 438 3798 503 116

525 567 686 636 plena
733 570 890 619 erant
936 558 1205 633 iniustitia
1259 573 1315 620 et
1374 565 1651 635 impietate
1707 565 1986 625 universa,
2047 572 2102 619 et

2215 561 2426 625 τίθουν,
2461 558 2629 632 μηδὲν
2667 558 2777 611 τῶν
2830 553 3170 624 φαινομένων
3222 551 3385 606 πλέον
3434 551 3798 623 λογιζόμενοι.

526 657 747 712 fraudes
782 663 964 710 vatum
1024 655 1228 725 ubique
1260 656 1535 727 vigebant.
1574 657 1746 713 Erant
1787 658 1933 712 enim
1983 670 2108 711 ora-

528 749 647 803 cula
700 746 945 818 Delphis,
996 745 1256 812 Dodona,
1292 748 1345 803 in
1405 749 1637 814 Boeotia,
1701 750 1754 804 in
1812 748 1998 820 Lycia,
2049 748 2105 803 in

527 839 717 911 Lybia,
742 839 799 894 in
826 839 1060 912 Egypto
1084 850 1139 897 et
1167 841 1421 897 Calanria
1470 843 1782 910 celebrata;
1830 840 2105 911 Pythiam-

525 946 633 1000 que
661 929 1003 988 mirabantur
1025 948 1161 988 vana
1184 936 1569 1004 superstitione
1587 934 1799 990 seducti
1828 934 2103 989 homines.

525 1019 684 1078 Nunc
704 1038 908 1078 veroex
923 1038 1031 1092 quo
1047 1023 1320 1091 Christus,
1336 1026 1430 1081 Dei
1445 1024 1707 1092 Verbum,
1726 1025 1819 1081 Dei
1839 1025 2108 1095 sapientia

526 1123 579 1168 et
598 1114 773 1170 virtus
793 1114 1139 1183 praedicatur,
1158 1127 1515 1173 cessaverunt
1540 1117 1665 1184 ista,
1685 1127 1740 1174 et
1761 1117 1877 1173 hac
1899 1116 2107 1172 daemo-

526 1201 685 1257 niaca
716 1202 925 1271 quievit
950 1203 1301 1271 insania,nec
1327 1207 1440 1277 jam
1464 1217 1551 1263 est
1584 1208 1641 1262 in
1660 1207 1838 1263 medio
1860 1206 2109 1276 ipsorum

526 1292 624 1359 qui
676 1293 1026 1349 vaticinetur.
1091 1296 1161 1350 Et
1198 1297 1329 1352 olim
1385 1299 1609 1368 quidem
1659 1298 1913 1353 liomines
1953 1296 2113 1352 vanis

528 1382 968 1453 percellebantur
1013 1385 1297 1443 ludribriis
1328 1389 1662 1454 daemonum,
1698 1387 1897 1453 fontes,
1926 1386 2110 1443 ﬂumi-

529 1489 621 1535 na,
652 1473 818 1545 ligna,
850 1475 1060 1548 lapides
1113 1479 1527 1549 occupantium,
1575 1480 1765 1551 sicque
1819 1477 2112 1550 prastigiis

528 1565 671 1620 male
703 1579 872 1622 sanos
928 1568 1288 1637 terrentium;
1331 1585 1479 1625 nunc
1534 1585 1685 1637 vero,
1732 1570 1827 1625 Dei
1880 1567 2117 1623 manife-

527 1665 670 1711 stato
694 1655 896 1723 Verbo,
920 1658 1101 1716 ablata
1125 1670 1211 1717 est
1234 1661 1430 1717 horum
1459 1662 1797 1732 superstitio.

2215 655 2327 709 Kal.
2391 653 2529 714 ὅλως
2584 648 2652 722 ἦν
2711 649 2895 703 πάντα
2967 645 3318 717 παρανομίας
3384 645 3478 698 καὶ
3540 646 3801 710 ἀσεϐείας

2213 743 2453 813 ἔμπλεα,
2499 743 2594 795 καὶ
2645 737 2924 808 πανταχοῦ
2981 736 3081 805 τῆς
3132 736 3351 803 ἀπάτης
3401 733 3511 786 τῶν
3553 734 3803 804 μάντεων

2213 836 2595 907 ἐπεπλήρωτο.
2634 832 2711 901 (2)
2746 834 2853 886 Καὶ
2882 831 2990 902 7&9
3020 830 3090 883 τά
3146 830 3204 882 ὲν
3248 828 3472 895 Δελφοῖς
3511 827 3607 879 καὶ
3638 828 3707 881 τὰ
3740 830 3801 879 έν

2214 927 2449 998 Δοδώνῃ,
2486 926 2583 980 καὶ
2607 924 2677 978 τά
2700 926 2757 979 ὲν
2789 922 3023 994 Βοιωτίᾳ
3054 921 3149 975 καὶ
3173 919 3375 990 Λυκίᾳ,
3395 920 3489 971 καὶ
3510 918 3685 989 Λιϐύῃ
3705 920 3802 971 καὶ

2212 1020 2477 1089 Αἰγύπτῳ
2501 1019 2594 1072 καὶ
2621 1017 2952 1086 Καλαυρίοις
2984 1013 3356 1085 μαντεύμασιν
3375 1028 3389 1043 ·
3418 1013 3452 1079 ἡ
3471 1010 3589 1043 ⁸⁸⁸⁸³
3624 1010 3802 1064 Πυθία

2210 1111 2586 1181 εθαυμάζοντο
2618 1110 2717 1179 μὲν
2756 1110 2879 1163 τότε
2922 1108 3028 1161 ὑπὸ
3059 1106 3171 1160 τῶν
3219 1102 3532 1174 ἀνθρώπων
3565 1106 3632 1173 τῇ
3664 1120 3801 1172 φαν-

2209 1203 2394 1273 τασίᾳ,
2427 1204 2540 1257 Νῦν
2592 1203 2672 1267 δὲ,
2709 1202 2804 1271 ἀφ’
2850 1190 2911 1253 οὗ
2956 1199 3214 1271 Χριστὸς,
3263 1200 3291 1251 ὁ
3338 1197 3471 1260 Θεὸς
3530 1196 3725 1264 Λόγος,
3756 1196 3793 1265 ἡ

2211 1292 2309 1346 τοῦ
2328 1292 2464 1346 Θεοῦ
2498 1292 2659 1361 σοφία
2681 1291 2776 1345 καὶ
2800 1288 3030 1359 δύναμις
3054 1284 3795 1356 καταγγέλλεται,πέπαυται

2213 1385 2388 1439 ταῦτα
2427 1386 2522 1438 καὶ
2569 1385 2603 1454 ἡ
2656 1382 2862 1437 τούτων
2908 1380 3272 1452 δαιμονιώδης
3318 1380 3513 1449 μανία,
3560 1377 3659 1432 καὶ
3685 1378 3793 1431 οὐκ

2215 1475 2364 1531 ἐστιν
2411 1475 2492 1531 ἔτι
2550 1476 2737 1529 λοιπον
2794 1476 2854 1528 έν
2914 1474 3100 1536 αὐτοῖς
3140 1474 3169 1526 ὁ
3229 1470 3801 1544 μαντευόμενοςΛςαι

2217 1568 2391 1623 πάλαι
2422 1567 2521 1639 μιν
2556 1565 3094 1637 έφαντασιοσκόπουν
3134 1564 3393 1635 δαίμονες
3428 1566 3555 1627 τοὺς
3582 1562 3803 1633 ἀνθρώ-

2216 1676 2376 1725 πους,
2444 1657 3068 1731 προκαταλαμϐάνοντες
3112 1656 3318 1725 πηγὰς,
3348 1656 3383 1725 ἢ
3438 1655 3737 1726 ποταμοὺς.
3764 1654 3800 1725 ἢ

532 1748 663 1813 ξὲλα
702 1754 736 1823 ἢ
780 1752 981 1818 λίθους,
1030 1754 1125 1808 καὶ
1168 1755 1313 1809 οὕτω
1366 1757 1491 1819 ταῖς
1542 1756 1802 1826 μαγείαις
1865 1754 2137 1826 έπληττον
2170 1754 2299 1819 τοὺς
2344 1754 2627 1826 ἀφροναςο
2663 1753 2760 1809 νῦν
2834 1752 2918 1819 δὲ,
2971 1752 3073 1824 τῆς
3135 1750 3289 1816 θείας
3328 1751 3654 1822 έπιφανείας
3702 1750 3801 1805 τοῦ

529 1842 666 1899 Θεοῦ
712 1846 891 1917 Λόγου
944 1846 1268 1919 γενομένης,
1317 1848 1617 1919 ⁴ὴφάνισται
1652 1845 1861 1903 τούτων
1903 1848 1937 1917 ἡ
1970 1845 2265 1916 φαντασία.

607 2069 673 2126 Ει
701 2072 828 2127 olim
861 2071 1081 2143 quidem
1122 2074 1298 2131 dictos
1337 2074 1480 2145 apud
1516 2083 1706 2146 poetas
1735 2073 1869 2132 deos
1917 2072 2106 2130 Jovem

2282 2072 2361 2143 (3)
2376 2072 2486 2127 Καὶ
2505 2072 2672 2127 πάλαι
2690 2072 2791 2144 μὲν
2816 2072 2943 2136 τοὺς
2968 2071 3070 2143 51
3097 2070 3252 2143 παρά
3279 2074 3537 2141 ποιηταῖς
3565 2072 3797 2141 λεγομέ-

534 2173 590 2222 et
641 2165 937 2235 Saturnum
970 2174 1025 2222 et
1076 2168 1381 2238 Apollinem
1416 2177 1471 2223 et
1513 2168 1736 2235 heroas,
1797 2181 1924 2223 cum
1980 2181 2109 2223 vere

534 2258 667 2314 deos
747 2272 868 2314 esse
946 2258 1304 2329 opinarentur
1379 2259 1736 2329 colerentque
1832 2258 2110 2324 homines,

535 2349 793 2403 errabant
838 2350 1208 2406 vehementer.
1249 2349 1368 2405 lmo
1413 2352 1676 2420 quosdam
1719 2366 1785 2406 ex
1834 2352 1946 2408 illis
1976 2351 2112 2406 alle-

533 2439 718 2511 gorice
774 2438 1197 2508 interpretantes
1247 2438 1569 2495 adorabunt.
1653 2438 1745 2494 Sic
1804 2439 2112 2510 Neptunum

534 2546 756 2601 aquam,
785 2527 1088 2585 Vulcanum
1119 2528 1609 2600 iguem,Junonem
1634 2547 1841 2597 aerem,
1859 2532 2112 2588 Cererem

537 2628 739 2674 terram
769 2627 826 2674 et
855 2618 1089 2683 fructus,
1136 2616 1327 2675 Jovem
1371 2620 1609 2689 pluviam
1637 2620 1934 2677 credebant
1966 2640 1980 2675 :
2014 2635 2115 2692 pro

541 2723 653 2778 quo
708 2708 813 2778 ipsi
868 2708 1121 2764 homines
1180 2708 1441 2764 mortales
1504 2710 1673 2780 agniti
1731 2718 1879 2766 sunt.
1953 2709 2114 2767 Solus

536 2800 790 2857 Christus
809 2801 948 2855 inter
973 2800 1223 2857 homines
1246 2802 1501 2872 cognitus
1527 2810 1611 2857 est
1624 2801 1766 2857 Deus
1795 2817 1979 2867 verus,
2000 2805 2111 2859 veri

537 2890 632 2946 Dei
663 2892 907 2948 divinum
935 2890 1197 2948 Verbum.
1223 2891 1629 2961 Poetaaquidem
1648 2892 1901 2948 dixerunt
1920 2893 2111 2950 Jovem

533 2997 656 3038 esse
686 2982 947 3051 imbrem;
971 2982 1065 3038 sed
1093 2983 1253 3039 iidem
1279 2982 1432 3039 illum
1469 2983 2111 3055 adulterum.puerorum

534 3081 933 3143 corruptorem,
957 3072 1307 3144 parricidam,
1327 3083 1382 3130 et
1403 3076 1630 3129 omnino
1652 3075 1943 3131 scelestum
1960 3076 2113 3132 dixe-

532 3174 690 3220 runt:
711 3175 766 3220 at
782 3180 849 3221 ne
871 3165 1043 3221 imber
1054 3166 1274 3237 quidem
1296 3175 1418 3235 est;
1440 3167 1487 3222 si
1507 3167 1653 3221 enim
1677 3167 1779 3221 hoc
1796 3168 2115 3231 credideris,

536 3263 593 3309 et
614 3254 708 3309 illa
724 3255 1021 3311 concedere
1038 3271 1262 3313 necesse
1274 3266 1389 3324 est;
1424 3257 1469 3314 si
1493 3272 1625 3313 vero
1656 3258 1784 3313 illud
1803 3260 2109 3331 negaveris,

538 3350 643 3405 hoc
726 3364 948 3422 quoque
1022 3350 1120 3407 tibi
1216 3352 1526 3423 negandum
1602 3354 1728 3408 erit.
1815 3354 1873 3408 Si
1958 3369 2108 3418 vero,

535 3442 760 3498 omissis
816 3444 1032 3513 poetis,
1093 3452 1281 3515 utpote
1334 3444 1729 3510 mendacibus,
1783 3446 1852 3501 ad
1912 3446 2116 3517 allego-

537 3534 647 3590 rias
722 3534 1072 3603 confugeris,
1165 3536 1269 3591 hoc
1342 3546 1395 3591 te
1482 3537 1868 3607 interrogabo,
1978 3537 2109 3607 quid

538 3626 761 3682 tandem
808 3628 882 3684 sit
919 3626 1157 3698 Jupiter,
1207 3628 1445 3696 fervens,
1492 3629 1739 3700 inquam,
1788 3629 2116 3695 substantia,

535 3729 589 3775 et
625 3720 800 3776 imber
834 3734 999 3791 super
1027 3734 1233 3787 aerem,
1287 3722 1468 3778 dictus
1513 3723 1686 3778 aether
1721 3738 1787 3779 eo
1826 3723 1974 3793 quod
2005 3723 2119 3780 fer-

536 3822 657 3867 veat
717 3821 770 3868 et
832 3821 975 3868 urat.
1070 3812 1214 3883 Ergo
1254 3828 1363 3869 non
1392 3822 1477 3871 est
1503 3814 1787 3871 rationalis
1821 3823 1875 3870 et
1907 3816 2117 3883 discre-

535 3904 645 3959 tira
677 3903 938 3969 essentia,
986 3903 1477 3976 sedirrationalis;
1513 3914 1766 3961 naturam
1796 3880 1954 3962 enim
1973 3907 2117 3963 aeris

531 4012 652 4051 esse
686 3996 1061 4052 irrationalem
1099 4012 1328 4067 prorsus
1361 3997 1585 4054 evidens
1610 4006 1713 4054 est.
1755 3997 1812 4053 Si
1852 3999 1997 4054 enim
2026 4014 2117 4053 aer

531 4089 603 4142 sit
629 4087 863 4159 Jupiter,
895 4090 1233 4146 irrationalis
1267 4099 1351 4145 est
1382 4100 1438 4145 et
1472 4090 1831 4155 insensibilis,
1882 4099 1937 4146 et
1981 4099 2115 4146 tunc

532 4178 715 4233 fabula
745 4180 951 4235 nullius
983 4181 1245 4236 momenti
1308 4180 1434 4237 erit.
1480 4181 1599 4237 Non
1650 4182 1798 4236 enim
1833 4196 1927 4236 aer
1961 4189 2116 4251 pater

531 4271 638 4326 fuit
675 4270 931 4340 alicujus,
987 4287 1089 4328 nec
1142 4274 1307 4328 ullam
1342 4274 1551 4343 peperit
1583 4272 1945 4329 substantiam
1973 4288 2113 4343 qua-

532 4361 639 4414 lem
693 4360 907 4429 ﬁngunt
963 4362 1262 4433 mythologi
1291 4372 1346 4418 et
1376 4363 1687 4419 fabularum
1732 4363 1971 4427 lictores,
2017 4366 2114 4433 qui

534 4450 728 4514 solem,
763 4465 925 4518 quem
955 4450 1119 4505 etiam
1147 4452 1451 4521 Apollinem
1484 4463 1706 4518 vocant,
1766 4452 1939 4506 (ilium
1989 4451 2113 4522 ejus

532 4557 654 4596 esse
689 4542 900 4597 dicunt.
941 4541 1033 4598 Sol
1060 4545 1205 4598 enim
1237 4558 1338 4598 nec
1367 4544 1657 4611 rationem,
1693 4558 1793 4599 nec
1816 4544 2110 4613 judicium,

532 4647 636 4688 nec
666 4643 899 4691 mentem
956 4636 1143 4698 habet,
1196 4636 1291 4691 sed
1360 4638 1479 4706 ipse
1525 4644 1613 4691 est
1659 4634 1906 4690 naturale
1951 4650 2111 4705 opus,

2211 2179 2338 2227 νους
2393 2163 2547 2226 θεοὺς
2583 2164 2703 2229 Δία,
2754 2163 2850 2217 καὶ
2901 2162 3131 2233 Κρόνον,
3189 2162 3286 2214 καὶ
3329 2160 3669 2229 Ἀπόλλωνα,
3704 2164 3804 2215 καὶ⁴

2212 2257 2424 2327 ἥρωας,
2473 2257 2790 2328 νομίζοντες
2843 2258 2893 2311 οἱ
2952 2256 3233 2328 ἄνθρωποι
3282 2255 3441 2319 θεοὺς
3496 2256 3802 2326 ὑπάρχειν,

2216 2347 2534 2402 έπλανῶντο
2581 2348 2833 2413 σέϐοντες
2870 2365 2882 2379 ·
2911 2347 3009 2401 καὶ
3054 2347 3240 2417 μέντοι
3282 2348 3378 2401 καὶ
3418 2346 3805 2419 ἀλληγορικῶς

2217 2456 2373 2503 τινας
2413 2439 2596 2493 αὐτῶν
2636 2440 3083 2511 ἐκλαμϐάνοντες
3120 2439 3520 2510 προσεκύνουν,
3545 2436 3658 2493 οἷον
3707 2441 3805 2493 τὸν

2219 2531 2531 2586 Ποσειδῶνα
2562 2532 2726 2605 ὕδωρ,
2775 2534 2870 2587 καὶ
2912 2532 3003 2587 τὸν
3054 2530 3363 2601 Ἥφαιστον
3414 2533 3548 2605 πῦρ,
3578 2535 3673 2587 καὶ
3699 2534 3806 2605 τὴν

2218 2621 2399 2691 Ἥραν
2421 2622 2580 2694 ἀέρα,
2622 2624 2717 2677 καὶ
2745 2623 2843 2694 τὴν
2871 2624 3176 2695 Δήμητραν
3228 2624 3333 2694 γῆν
3377 2624 3474 2678 καῖ⁵
3520 2626 3799 2693 καρποὺς.

2217 2712 2313 2767 καὶ
2362 2713 2461 2767 Δία
2525 2713 2700 2771 ὑετόν.
2730 2714 2880 2769 ’Δντὶ
2932 2716 3032 2787 μὲν
3082 2716 3312 2779 ἐκείνοις
3361 2716 3406 2747 ⁸³
3449 2716 3808 2787 ἐγνώσθησαν

2217 2803 2497 2875 ἄνθρωποι
2552 2806 2738 2876 θνητοί
2762 2823 2778 2839 ⁸
2811 2808 2975 2879 μόνος
3022 2807 3081 2861 δὲ
3125 2806 3362 2879 Χριστὸς
3406 2809 3464 2860 ὲν
3491 2808 3806 2878 ἀνθρώποις

2219 2894 2545 2968 ἀπεγνώσθη
2604 2897 2739 2962 Θεδς
2802 2900 3077 2970 ἀληθινὸς,
3136 2898 3398 2969 ἀληθινοῦ
3459 2899 3599 2952 Θεοῦ
3665 2900 3807 2964 Θεὸς

2219 2986 2415 3055 Λόγος.
2446 2985 2525 3058 (4)
2574 2988 2637 3042 Ol
2693 2987 2876 3044 τοίνυν
2922 2990 3145 3058 ποιηταὶ
3202 2989 3527 3059 εἰρήκασιν,
3556 2988 3804 3053 ὅτιΖεὺς

2221 3077 2371 3132 ἔστιν
2401 3079 2429 3130 ὁ
2455 3076 2567 3133 ῦων
2593 3095 2610 3111 ο
2652 3079 2769 3133 ἀλλ’
2810 3081 2859 3133 οἱ
2884 3078 3038 3134 αὐτοὶ
3095 3080 3259 3133 πάλιν
3292 3074 3467 3145 εἶπον,
3494 3081 3577 3133 ὅτι
3606 3080 3801 3150 μοιχός

2219 3171 2360 3237 εστι,
2388 3170 2483 3224 καὶ
2540 3170 2927 3244 παιδοφθόρος,
2959 3171 3055 3226 καὶ
3111 3172 3444 3243 πατραλῴας
3496 3172 3592 3224 καὶ
3635 3172 3804 3241 ἔτερα

2220 3262 2430 3317 τούτων
2485 3264 2587 3317 οὐκ
2638 3264 2862 3319 ἔλαττον
2908 3264 3234 3337 εγκλήματα
3284 3282 3298 3296 ’
3344 3264 3461 3319 ἀλλ’
3504 3265 3603 3317 οὐκ
3654 3264 3797 3328 ἔστι,

2221 3355 2366 3425 φημὶ
2386 3354 2455 3421 ⁸⁸,
2486 3354 2724 3425 ἀληθῶς,
2748 3356 2946 3411 οὐκοῦν
2973 3357 3094 3410 οὐδὲ
3124 3355 3187 3410 τδ
3217 3355 3354 3410 ὕειν.
3389 3357 3451 3409 El
3492 3358 3598 3427 7&9
3624 3355 3799 3409 ταῦτα

2218 3446 2371 3519 δέχῃ.
2405 3447 2640 3501 κάκεῖνά
2671 3465 2731 3501 σε
2765 3436 2979 3519 ἀνάγκη
3004 3447 3261 3514 δέξασθαι
3291 3464 3307 3480 '
3348 3450 3398 3502 εί
3436 3447 3494 3501 δὲ
3522 3450 3705 3501 ἐκεῖνα
3751 3448 3808 3480 ⁸⁸

2221 3538 2524 3607 ὲκδάλλεις,
2556 3542 2651 3596 καὶ
2692 3541 2867 3596 ταῦτα
2916 3542 3034 3612 μετ’
3064 3542 3310 3596 ἐκείνων.
3352 3538 3430 3613 (5)
3466 3541 3527 3594 Εἰ
3555 3539 3610 3593 δὲ
3642 3538 3807 3608 ἀφεὶς

2217 3631 2348 3694 τοὺς
2384 3633 2615 3703 ποιητὰς
2652 3632 2729 3696 ὡς
2772 3632 3197 3700 πλαστολόγους,
3238 3632 3333 3686 καὶ
3369 3631 3462 3685 ἐπὶ
3499 3630 3597 3693 τὰς
3639 3630 3809 3701 ἀλλη-

2218 3719 2414 3792 γορίας
2437 3723 2692 3793 δράμοις,
2725 3724 2902 3777 ἒκεῖνό
2928 3737 2989 3776 σε
3023 3723 3318 3795 ἐρήσομαι,
3354 3722 3408 3775 τί
3432 3721 3563 3775 ποτέ
3592 3724 3741 3775 ἐστιν
3773 3723 3805 3773 ὁ

2218 3814 2377 3879 Ζεὺς,
2406 3814 2440 3884 ἡ
2476 3813 2698 3881 ζέουσα,
2726 3813 2892 3885 φημὶ,
2940 3813 3102 3868 οὐσία
3134 3813 3230 3867 καὶ
3265 3813 3328 3866 τὸ
3368 3812 3510 3883 ὑπὲρ
3535 3812 3628 3865 τὸν
3658 3812 3803 3882 ἀέρα

2216 3903 2444 3976 ὄμϐρος,
2498 3903 2528 3957 ὃ
2575 3904 2741 3977 αἰθὴρ
2784 3905 3003 3974 λέγεται
3058 3902 3214 3974 παρά
3255 3903 3315 3956 τὸ
3354 3902 3475 3967 ζέον
3501 3900 3597 3956 καὶ
3622 3903 3799 3955 καῖον.

2218 3992 2431 4048 Οὐκοῦν
2483 3994 2588 4049 οὐκ
2635 3994 2753 4049 εστι
2799 3996 2992 4066 λογική
3034 4011 3123 4058 τις
3176 3994 3270 4049 καὶ
3303 3992 3638 4064 διακριτικὴ,
3664 3991 3807 4046 ἀλλὰ

2215 4086 2408 4156 ἀλογος
2429 4103 2443 4117 ·
2472 4086 2556 4141 ὅτι
2579 4087 2686 4156 7&9
2709 4088 2742 4157 ἡ
2762 4086 2856 4141 τοῦ
2881 4087 3043 4157 ἀέρος
3078 4086 3238 4156 φύσις
3265 4085 3461 4152 ἄλογός
3491 4085 3607 4137 εστι
3633 4082 3801 4136 παντί

2216 4195 2322 4232 που
2359 4177 2539 4249 δῆλον.
2570 4179 2632 4231 El
2671 4178 2781 4248 7&9
2806 4179 2917 4248 ἀήρ
2947 4178 3094 4231 εστιν
3124 4176 3152 4229 ό
3184 4177 3321 4238 Ζεὺς
3346 4177 3409 4239 ⁸⁸,
3442 4174 3637 4243 ἄλογός
3678 4174 3801 4225 ἐστι

2215 4272 2312 4325 καὶ
2359 4270 2684 4341 ἀναίσθητος
2726 4287 2740 4301 ο
2777 4267 3074 4323 κάντεῦθεν
3116 4270 3144 4321 ὁ
3202 4267 3375 4338 μῦθος
3408 4267 3689 4337 οἰχήσεται
3723 4280 3737 4295 ·
3771 4268 3801 4317 ό

2214 4364 2325 4434 7&9
2353 4362 2462 4433 ἀὴρ
2489 4360 2613 4417 οὔτε
2641 4360 2823 4432 πατὴρ
2866 4358 3083 4428 ιγένετό
3110 4375 3280 4424 τινος,
3299 4356 3424 4410 οὔτε
3462 4356 3585 4410 τινὰ
3610 4355 3805 4408 ἔτεκεν

2211 4454 2403 4511 οὐσίαν
2440 4454 2563 4509 οἵαν
2620 4452 3055 4507 ἀναπλάττουσιν
3109 4452 3158 4504 οί
3217 4450 3508 4519 μυθολόγοι
3548 4449 3643 4502 καὶ⁵
3692 4464 3806 4516 μυ-

2215 4548 2518 4603 θοπλάσται
2544 4546 2637 4600 τὸν
2658 4546 2870 4609 Ἥλιον,
2899 4544 2958 4599 ὃν
2980 4544 3077 4597 καὶ
3106 4542 3420 4596 Ἀπόλλωνα
3448 4540 3707 4595 καλοῦσιν
3731 4541 3801 4607 ⁸⁷,

2214 4639 2334 4693 υἱὸν
2356 4638 2523 4694 αὐτοῦ
2579 4637 2830 4706 λέγουσιν
2850 4637 2895 4670 ⁸⁸
2923 4631 3064 4689 εἶναι
3103 4650 3117 4665 ο
3145 4635 3274 4689 οὔτε
3328 4634 3440 4704 7&9
3474 4636 3502 4688 ὁ
3533 4634 3686 4704 ἥλιος
3714 4633 3809 4686 λο-

534 4734 740 4781 motum
769 4736 826 4782 et
855 4727 1238 4782 circumlatum
1272 4742 1336 4782 ea
1372 4726 1513 4798 lege,
1562 4742 1725 4796 quam
1774 4728 1842 4783 ab
1873 4728 2031 4783 initio
2060 4727 2111 4783 ei

2216 4728 2415 4798 γισμδν
2446 4728 2585 4799 ἔχει,
2640 4727 2768 4781 οὔτε
2821 4727 3066 4782 διάνοιαν
3115 4726 3149 4797 ἦ
3198 4725 3347 4790 νοῦν,
3377 4726 3518 4780 ἀλλά
3547 4725 3644 4778 καὶ
3670 4726 3808 4779 αὐτὸ

532 4816 676 4870 Deus
706 4818 1061 4887 praescripsit.
1102 4819 1291 4888 Itaque
1316 4833 1416 4873 nec
1436 4818 1655 4887 pluendi
1690 4819 1911 4889 quidem
1939 4834 2109 4876 causa

2215 4822 2443 4891 φυσικόν
2470 4823 2586 4875 ἐστι
2611 4821 2675 4875 τὸ
2715 4821 2905 4891 ἔργον,
2939 4819 3210 4890 ἀγόμενον
3239 4819 3333 4873 καὶ
3366 4819 3807 4889 περιφερόμενον

532 4915 616 4961 est
674 4909 864 4972 aether,
915 4910 1012 4965 sed
1058 4911 1231 4966 nubes
1266 4911 1589 4981 recipientes
1620 4925 1818 4980 aquam
1845 4928 1911 4968 ex
1947 4916 2105 4979 mari,

533 4997 648 5050 sive
675 4998 913 5068 desuper
945 5000 1170 5067 ﬂuenta,
1226 5004 1340 5058 sive
1386 5018 1544 5073 aquae
1593 5019 1717 5073 quae
1767 5014 1899 5059 sunt
1944 5020 2110 5075 super

534 5088 757 5154 cmlum,
799 5099 856 5144 ut
884 5092 1006 5160 ipsa
1034 5092 1246 5150 Veritas
1275 5094 1413 5151 dixit
1447 5110 1542 5165 per
1571 5094 1895 5164 Prophetas.

2214 4913 2293 4984 τῷ
2318 4915 2487 4984 νόμῳ,
2506 4909 2550 4981 ᾧ
2578 4913 2744 4967 πάλαι
2771 4912 2872 4983 τὴν
2902 4911 3077 4983 ἀρχὴν
3106 4912 3259 4984 αὐτῷ
3320 4912 3512 4978 ἔταξεν
3558 4914 3586 4966 ὁ
3624 4911 3759 4972 Θεός
3789 4928 3804 4941 ·

2215 5005 2354 5061 άλλά
2374 5006 2515 5059 ὥστε
2546 5005 2669 5059 οὐδὲ
2692 5005 2754 5058 τὸ
2790 5004 2909 5058 ὕειν
2940 5004 3055 5074 τοῦ⁶
3070 5005 3289 5075 αἰθέρος
3320 5005 3491 5069 ἐστὶν,
3522 5003 3659 5057 ἀλλά
3689 5000 3804 5056 τῶν

2218 5096 2458 5166 νεφελῶν
2493 5097 2802 5167 δεχομένων
2828 5097 2889 5150 τὸ
2913 5096 3057 5165 ὕδωρ
3081 5096 3126 5128 θ’
3150 5095 3185 5165 ἦ
3213 5095 3328 5151 ἀπὸ
3356 5096 3456 5165 τῆς
3496 5095 3804 5163 θαλάσσης,

534 5181 568 5250 ἢ
600 5181 806 5236 ἀνωθεν
838 5186 1157 5256 φερομένων
1196 5187 1304 5242 τῶν
1334 5188 1616 5259 ναμάτων,
1645 5188 1676 5259 ἢ
1706 5190 1815 5243 τῶν
1846 5189 1987 5259 ὑπὲρ
2024 5188 2117 5241 τὸν
2152 5189 2379 5259 οὐρανὸν
2432 5189 2663 5257 ὑδάτων,
2696 5190 2772 5255 ὡς
2798 5192 2833 5262 ὴ
2860 5190 3030 5255 ὅντως
3066 5189 3327 5260 ’Δλήθεια
3365 5190 3456 5245 διὰ
3496 5190 3605 5244 τῶν
3635 5188 3805 5244 θείων

536 5275 829 5346 προφητῶν
852 5276 979 5349 ἔφη·

1729 5508 1925 5571 Varite
1972 5505 2280 5571 lectiones
2314 5518 2376 5574 et
2406 5516 2593 5576 uola).

605 5716 1573 5791 “ﬁ”.Kalevplamméttmin}
1672 5719 2003 5791 ⁴³εκείνων⁷
2106 5726 2111 5747 ⁴

2218 5738 2249 5789 η
2271 5720 2464 5775 codex.
2495 5720 2540 5752 “
2562 5721 2746 5791 ἐκεῖνα
2781 5718 2816 5775 1.
2860 5721 3089 5776 κάκεῖνα
3116 5721 3238 5778 cod.

1323 5791 1367 5822 ⁸⁷
1392 5788 1722 5853 καλοῦντεςῗ
1822 5790 1865 5822 ⁸⁸
1897 5789 2199 5858 λέγοντεςῖ
2240 5788 2245 5789 “
2306 5791 2350 5822 δ’
2391 5791 2533 5861 ὓδωρ
2556 5791 2593 5847 l.
2621 5790 2787 5861 ὕδωρ.

538 5789 577 5848 l.
637 5788 771 5851 Ζεὺς
844 5787 950 5860 (5b)
998 5789 1211 5859 ἄλογός.

3339 5722 3382 5752 ⁸⁸
3405 5718 3560 5783 Ζεὺς,
3604 5717 3806 5787 ἄλογος
