4168 6464
421 446 515 515 ll’l

1684 467 2147 534 CHRONICON.
2186 498 2259 511 -
2298 474 2443 539 LIB.
2491 479 2543 541 Ι.

3623 493 3725 561 118

406 594 413 599 ο
497 564 578 633 (6)
618 567 743 621 Καὶ
778 572 982 641 ὥσπερ
1022 566 1115 627 οὖν
1158 573 1313 644 ήλίου
1354 574 1640 645 φαίνοντος
1668 577 2040 632 ἀπελαύνεται

2183 580 2369 675 γδίοιιι
2402 586 2569 657 igitur
2604 588 2718 644 sole
2753 591 2968 652 lucente
3018 596 3281 669 fugantur
3332 604 3593 675 tenebrae,
3652 608 3733 665 sic

440 660 669 725 σκότος,
736 660 929 727 οὕτως
984 665 1085 735 τῆς
1133 664 1285 731 θείας
1343 666 1670 737 ἐπιφανείας
1697 668 2032 740 γενομένης,

446 751 767 822 ἀπελήλατο
802 755 910 823 τῆς
942 757 1336 828 είδωλομανίας
1356 758 1417 813 τδ
1448 760 1664 825 σκότος,
1692 761 1788 815 καὶ
1828 762 1977 816 πᾶσα
2000 764 2035 834 ή

454 843 564 896 τῶν
612 845 931 915 φιλοσόφων
995 848 1351 919 πιθανολογία
1410 851 1593 921 μωρία
1644 852 1740 906 καὶ
1798 852 2037 924 φλυαρία

456 936 713 1006 φανερῶς
769 938 1094 1010 ἀπεδείχθη,
1127 941 1314 1005 καθὼς
1371 943 1701 1014 γέγραπται.
1761 945 1901 1015 Περὶ
1935 945 2036 1015 μὲν

456 1026 569 1096 γὰρ
597 1029 699 1095 τῆς
755 1029 868 1083 τῶν
908 1028 1146 1085 εἰδώλων
1174 1031 1346 1104 ἄρδην
1376 1031 1751 1101 καταλύσεως,
1792 1054 1809 1087 ι
1843 1037 1889 1069 ⁷ο
1928 1037 2040 1091 Καὶ

454 1119 635 1184 ἔσται,
666 1122 855 1190 φησὶν,
880 1123 942 1175 ἐν
975 1120 1083 1193 52
1111 1123 1294 1197 ἐκείνῃ
1326 1127 1392 1197 τῇ
1430 1125 1635 1197 ἡμέρᾳ,
1654 1124 1802 1194 λέγει
1834 1126 2038 1199 Κύριος

458 1211 713 1279 Σαϐαὼθ,
745 1213 1126 1285 ὲξολοθρεύσω
1155 1215 1224 1270 τά
1258 1216 1501 1288 ὀνόματα
1528 1216 1640 1271 τῶν
1666 1218 1901 1273 εἰδώλων
1931 1218 2041 1272 ἀπὸ

452 1307 561 1375 τῆς
581 1307 710 1377 γῆς,
733 1306 829 1361 καὶ
860 1308 964 1361 οὐκ
996 1307 1156 1362 ἔσται
1189 1309 1374 1364 αὐτῶν
1420 1308 1502 1364 ἐτι
1548 1311 1729 1381 μνεία.
1768 1328 1789 1365 ι
1824 1311 1962 1383 Περὶ
1984 1311 2043 1365 δὲ

457 1402 563 1469 τῆς
582 1401 695 1453 τῶν
730 1400 1040 1470 φιλοσόφων
1082 1401 1490 1472 ματαιολογίας,
1526 1420 1545 1455 ι
1588 1402 1650 1456 '0
1671 1401 2044 1473 δρασσόμενος

450 1492 583 1554 τοὺς
603 1492 799 1561 σοφοὺς
813 1494 873 1545 ἐν
889 1495 956 1564 τῇ
975 1493 1283 1565 πανουργίᾳ
1302 1493 1659 1560 αὺτῶν⁷⁸·⁷²,ι
1678 1494 1792 1560 καὶ,
1805 1492 2043 1565 «Κύριος

453 1583 721 1652 γινώσκει
764 1586 893 1649 τοὺς
941 1585 1329 1657 διαλογισμοὺς
1383 1586 1493 1640 τῶν
1554 1587 1758 1657 σοφῶν,
1812 1588 1896 1641 ὅτι
1925 1588 2038 1640 εἰσὶ

459 1676 705 1747 μάταιοι.
764 1696 784 1730 ι
844 1678 924 1749 (7)
976 1677 1087 1732 Καὶ
1134 1679 1305 1734 παλαι
1358 1681 1459 1750 μὲν
1519 1678 2046 1751 είδωλολατροῦντες

456 1769 724 1837 Ἕλληνες
776 1769 875 1822 καὶ
926 1768 1196 1840 βάρϐαροι
1246 1770 1372 1824 κατ’
1416 1770 1667 1841 ἀλλήλων
1713 1771 2040 1842 ἐπολέμουν,

454 1860 535 1921 ὡς
568 1861 806 1930 εἴρηται,
838 1861 931 1915 καὶ
960 1860 1105 1931 ὠμοὶ
1155 1863 1250 1915 καὶ
1289 1862 1522 1932 ἀπηνεῖς
1561 1863 1700 1933 πρὸς
1727 1862 1855 1926 τοὺς
1905 1879 2043 1932 συγ-

454 1952 644 2017 γενεῖς
705 1952 1174 2021 ἐτύγχανονσούκ
1226 1948 1296 2023 ἦν
1354 1954 1465 2024 γάρ
1523 1971 1651 2007 τινα
1704 1955 1768 2007 τὸ
1820 1952 2046 2009 σύνολον

456 2041 583 2095 οὔτε
614 2041 720 2113 τὴν
759 2046 865 2114 γῆν
897 2041 1025 2097 οὔτε
1081 2044 1183 2116 τὴν
1237 2044 1518 2099 Θάλασσαν
1551 2045 1755 2100 ἄοπλον
1784 2045 2045 2117 διαϐῆναι

458 2133 548 2186 διὰ
575 2133 677 2204 τήν
708 2134 848 2204 πρὸς
894 2134 1161 2205 ἀλλήλους
1213 2135 1631 2190 ἀκατάλλακτον
1690 2136 1872 2208 μάχην
1902 2152 1915 2165 ·
1949 2136 2047 2191 καὶ

460 2224 650 2287 ἁπλῶς
686 2227 840 2278 πᾶσα
873 2227 904 2296 ή
937 2224 1148 2280 τούτων
1198 2226 1311 2298 ζωὴ
1362 2226 1461 2281 καὶ
1493 2226 1744 2297 διαγωγὴ
1777 2226 1846 2280 δι’
1861 2225 2045 2281 ὃπλων

467 2316 712 2383 ἐγένετο,
742 2317 842 2370 καὶ
900 2317 1056 2386 ξίφος
1085 2314 1155 2390 ἦν
1201 2319 1389 2383 αὐτοῖς
1449 2318 1541 2371 me
1590 2318 1900 2390 βακτηρίας
1949 2320 2046 2374 καὶ

472 2411 674 2474 παντὸς
708 2411 1054 2483 βοηθήματος
1100 2411 1361 2483 ἔρεισμα.
1408 2412 1525 2466 Νῦν
1569 2413 1648 2478 δὲ,
1686 2414 1778 2467 ὅτε
1830 2414 1912 2478 είς
1946 2412 2047 2485 τήν

476 2499 573 2553 τοῦ
600 2501 931 2571 εἰρηνοποιοῦ
963 2502 1204 2574 Χριστοῦ
1231 2502 1585 2557 διδασκαλίαν
1606 2502 2046 2574 καταϐεϐήκασι,

473 2592 592 2645 τότε
624 2592 685 2663 δή
718 2594 1037 2664 παραδόξως
1082 2594 1163 2666 τῷ
1214 2594 1331 2648 ὄντι
1360 2594 1504 2649 κατά
1532 2594 1776 2651 διάνοιαν
1801 2611 2046 2650 κατανυ-

466 2684 659 2752 γέντες
680 2686 777 2757 τὴν
804 2686 1070 2758 ὠμότητα
1092 2686 1202 2740 τῶν
1224 2687 1404 2756 φόνων
1424 2686 1711 2752 ἀπέθεντο,
1740 2686 1838 2741 καὶ
1858 2686 2047 2741 οὐκέτι

463 2775 705 2845 πολέμια
722 2776 1039 2848 φρονοῦσιν.
1066 2778 1204 2833 ἀλλά
1230 2778 1375 2833 κατά
1394 2777 1669 2849 δαιμόνων
1693 2777 1788 2833 τὸν
1806 2781 2046 2850 πόλεμον

458 2867 550 2921 διά
606 2868 719 2923 τῶν
766 2870 1010 2942 ἀρίστων
1070 2870 1293 2942 τρόπων
1350 2870 1447 2925 καὶ
1503 2869 1616 2924 τῶν
1662 2868 1784 2924 κατ’
1838 2869 2046 2943 ἀρετὴν

462 2960 722 3032 πράξεων
751 2964 1056 3034 δτρέψαντο
1084 2965 1179 3017 καὶ
1204 2964 1489 3035 προδήλως
1509 2963 2042 3035 ἀντιπαρετάξαντο.

2138 674 2323 729 divina
2355 675 2792 737 manifestatione
2822 681 2989 753 facta,
3038 687 3316 760 dissipatae
3362 703 3494 749 sunt
3557 674 3733 753 idolo-

2140 764 2347 821 latricze
2379 768 2636 834 tenebrae,
2680 782 2734 827 et
2754 777 2935 830 omnis
2967 776 3419 852 pbiIOSOphorum
3452 784 3719 855 sapientia

2141 856 2369 913 insaniae
2404 867 2458 914 et
2483 863 2815 931 garrulitatis
2851 870 3213 939 convincitur,
3232 881 3290 928 ut
3336 875 3596 945 scriptum
3628 888 3732 933 est.

2136 945 2353 1002 Etenim
2390 949 2458 1004 de
2498 950 2655 1007 idolis
2702 954 2916 1022 penitus
2953 958 3301 1017 destruendis
3338 978 3353 1014 :
3396 981 3415 1014 ι
3455 961 3522 1018 Ει
3546 964 3650 1019 erit
3676 964 3731 1020 in

2146 1038 2234 1093 die
2265 1038 2379 1106 illa,
2402 1040 2537 1098 dicit
2569 1043 2835 1103 Dominus
2864 1047 3124 1116 Sabaoth,
3158 1049 3473 1122 disperdam
3506 1056 3732 1112 nomina

2143 1128 2418 1187 idolorum
2460 1134 2528 1190 dc
2559 1142 2727 1201 terra,
2771 1147 2825 1193 et
2858 1154 2965 1194 non
3020 1143 3477 1199 memorabuntur
3524 1147 3725 1202 ultra.»

2145 1222 2221 1279 De
2253 1221 2701 1294 philosophorum
2736 1238 2915 1285 autem
2937 1231 3344 1304 vaniloquentia
3385 1255 3397 1291 :
3438 1256 3457 1290 ι
3493 1235 3597 1303 Qui
3634 1252 3733 1309 ap-

2144 1315 2435 1384 prehendit
2452 1317 2727 1389 sapientes
2745 1321 2799 1376 in
2815 1324 3014 1379 astutia
3032 1339 3251 1393 eorum;
3276 1348 3295 1380 ι
3321 1336 3373 1383 et
3394 1345 3409 1383 :
3435 1348 3453 1382 ι
3467 1329 3731 1387 Dominus

2145 1406 2253 1462 scit
2290 1408 2650 1479 cogitationes
2678 1414 3031 1483 sapientium,
3060 1418 3323 1487 quoniam
3355 1435 3510 1476 vanae
3541 1432 3723 1477 sunt.»

2146 1495 2215 1550 Et
2256 1498 2385 1553 olim
2428 1500 2650 1570 quidem
2680 1501 2840 1560 idolis
2871 1505 3169 1563 servientes
3196 1507 3373 1565 Graeci
3410 1524 3474 1566 ac
3500 1509 3732 1567 Barbari

2146 1588 2290 1644 inter
2318 1604 2377 1646 se
2397 1589 2694 1662 bellabant,
2728 1605 2790 1651 ut
2819 1595 3029 1654 dictum
3057 1608 3161 1667 est,
3190 1610 3246 1655 et
3269 1601 3523 1660 crudeles
3570 1605 3727 1660 saevi-

2149 1694 2259 1750 que
2321 1695 2453 1752 erga
2512 1688 2953 1756 consanguineos
3009 1701 3204 1759 erant;
3271 1706 3374 1749 nec
3435 1694 3730 1766 quisquam

2150 1786 2384 1841 prorsus
2412 1782 2615 1831 terram
2646 1786 2741 1833 aut
2769 1795 2922 1836 mare
2952 1780 3181 1839 inermis
3209 1787 3463 1856 trajicere
3493 1797 3728 1858 poterat,

2149 1873 2371 1934 propter
2405 1867 2543 1922 bella
2594 1883 2717 1939 quas
2774 1870 2893 1926 sine
2933 1886 3029 1942 spe
3068 1874 3536 1932 reconciliationis
3588 1876 3731 1932 inter

2078 1940 2118 1997 Β
2149 1970 2209 2012 se
2238 1956 2550 2028 agitabant;
2604 1974 2716 2015 uno
2748 1962 2937 2028 verbo,
2965 1940 3082 2020 tota
3113 1965 3332 2022 illorum
3364 1967 3474 2022 vita
3505 1979 3560 2024 et
3591 1983 3728 2025 con-

2149 2049 2389 2104 versatio
2423 2047 2478 2105 in
2519 2050 2690 2109 armis
2722 2056 3176 2125 consumebatur,
3225 2057 3440 2130 gladius
3474 2059 3583 2115 illis
3612 2069 3732 2116 erat

2148 2154 2247 2210 pro
2287 2140 2484 2197 baculo
2513 2148 2567 2198 et
2596 2143 2835 2200 inomni
2861 2148 3213 2204 contentione
3242 2150 3534 2205 auxilium.
3573 2149 3732 2206 Nunc

2147 2244 2296 2297 vero,
2331 2231 2543 2302 paciﬁci
2574 2232 2781 2290 Christi
2813 2236 3120 2292 doctrinam
3146 2238 3406 2310 amplexi,
3430 2240 3640 2294 mirum
3674 2240 3731 2295 in

2147 2321 2369 2377 modum
2410 2333 2591 2380 mente
2624 2327 2962 2398 compuncti,
3004 2328 3325 2385 crudelitate
3357 2331 3413 2385 in
3462 2332 3731 2402 sanguine

2147 2411 2425 2469 fundendo
2485 2415 2753 2485 deposita,
2812 2418 3033 2475 hostilia
3068 2435 3178 2475 non
3226 2421 3586 2489 meditantur,
3634 2422 3735 2479 sed

2146 2503 2410 2563 adversus
2449 2508 2730 2566 daemones
2791 2511 2994 2567 bellum
3038 2521 3430 2569 converterunt
3458 2529 3554 2584 per
3580 2522 3729 2571 artes

2146 2598 2380 2668 optimas
2413 2608 2464 2654 et
2500 2600 2717 2657 virtutis
2766 2608 2957 2672 opera,
3009 2612 3064 2659 et
3102 2604 3388 2675 perspicue
3432 2605 3730 2661 dimicave-

2146 2697 2294 2744 runt.
2339 2689 2413 2746 De
2442 2691 2641 2761 quibus
2671 2692 2839 2749 etiam
2890 2694 3156 2765 scriptum
3196 2705 3278 2751 est
3311 2713 3325 2750 :
3353 2714 3372 2749 ι
3403 2695 3735 2752 Conﬂabunt

2154 2781 2362 2851 gladios
2416 2797 2548 2839 suos
2616 2784 2672 2839 in
2728 2800 3016 2852 vomeres,
3071 2797 3126 2843 et
3176 2788 3396 2846 lanceas
3473 2804 3605 2845 suas
3674 2788 3732 2843 in

2155 2873 2360 2939 falces.
2416 2884 2470 2932 et
2526 2890 2637 2932 non
2684 2886 2865 2934 sumet
2937 2893 3070 2951 gens
3117 2890 3308 2937 contra
3362 2889 3573 2952 gentem
3619 2878 3734 2951 gla-

2154 2963 2331 3032 dium,
2368 2984 2386 3018 ι
2418 2972 2526 3021 etc.

460 3054 603 3125 Περὶ
628 3048 705 3110 ὧν
748 3056 844 3109 καὶ
898 3056 1238 3127 γέγραπται,
1286 3058 1370 3111 ὅτι
1400 3058 1447 3091 ⁷⁸
1484 3074 1503 3109 ι
1562 3057 1908 3128 Συγκόψουσι
1943 3057 2044 3122 τάς
2079 3058 2358 3129 μαχαίρας
2382 3060 2565 3115 αὐτῶν
2632 3062 2713 3129 εἰς
2747 3061 2958 3135 ἄροτρα
2987 3064 3082 3119 καὶ
3146 3066 3247 3131 τάς
3298 3065 3523 3131 ζιϐύνας
3552 3064 3732 3121 αὐτῶν

458 3146 544 3209 είς
568 3146 833 3217 δρέπανα,
857 3148 954 3202 καὶ
981 3148 1045 3201 ού
1083 3148 1314 3219 λήψεται
1343 3148 1499 3211 ἔθνος
1527 3149 1617 3202 ἐπ’
1652 3149 1803 3214 ἔθνος
1838 3149 2141 3221 μάχαιραν,
2175 3168 2193 3200 ι
2228 3152 2323 3203 καὶ
2351 3151 2420 3206 τά
2455 3151 2604 3223 ὲξῆς.

535 3350 612 3423 (8)
648 3351 786 3424 Περὶ
833 3352 1042 3408 τούτων
1093 3355 1193 3426 μὲν
1244 3374 1329 3411 τοι
1386 3356 1486 3413 καὶ
1536 3358 1885 3433 Θεοδώρητος
1913 3360 2043 3415 τάδε

2222 3362 2297 3417 De
2328 3364 2413 3419 his
2433 3362 2808 3420 Theodoretus
2834 3364 3183 3436 quoquehaec
3202 3364 3334 3423 dicit
3362 3383 3376 3421 :
3414 3384 3432 3418 ι
3465 3362 3521 3421 Si
3548 3363 3728 3423 Graeci

457 3445 629 3514 φησίν
658 3461 672 3474 ·
692 3445 740 3478 ⁷⁸
777 3463 796 3497 ι
832 3447 896 3501 El
936 3448 1117 3502 τοίνυν
1146 3450 1407 3521 Ἕλληνες
1433 3449 1756 3521 ἀνέγνωσαν
1794 3453 2045 3526 ἀκριϐῶς

455 3538 561 3601 τάς
596 3538 923 3609 Ἑλληνικὰς
972 3541 1244 3611 ἱστορίας,
1297 3543 1546 3614 ἔγνωσαν
1592 3544 1640 3580 ⁷⁸
1665 3545 1941 3617 δήπουθεν
1969 3544 2048 3609 ὡς

456 3630 556 3684 καὶ
582 3629 682 3695 τάς
704 3635 1030 3704 περιφανεῖς
1074 3634 1387 3706 ἐπιστήμας
1425 3636 1521 3689 κοιλ⁸
1564 3637 1672 3691 τῶν
1710 3636 1917 3708 τεχνῶν
1946 3636 2047 3701 τὰς

456 3722 721 3783 πλείστας
752 3724 887 3795 παρ’
913 3725 1186 3796 Ἑϐραίοις
1207 3727 1252 3761 ⁷⁸
1291 3726 1695 3800 ἔπαιδεύθησαν
1746 3728 2008 3799 Ἕλληνες
2028 3744 2046 3759 ο

457 3814 811 3887 γεωμετρίαν
838 3816 885 3849 ⁷⁸
915 3816 1025 3887 γάρ
1047 3817 1093 3849 ⁷⁷
1134 3818 1472 3887 Αίγμπτίους
1517 3820 1817 3891 εὑρηκέναι
1855 3821 2046 3890 φασὶν,

454 3907 793 3977 ἀστρολογία
822 3907 879 3960 δὲ
910 3908 1005 3962 καὶ
1030 3909 1450 3980 γενεθλιαλογία
1499 3911 1787 3967 Χαλδαίων
1826 3912 2049 3986 εὓρημα

456 3997 701 4065 λέγεται,
746 3998 988 4069 ’Δραϐες
1045 3999 1103 4052 δὲ
1158 4000 1255 4054 καὶ
1299 4000 1518 4071 Φρύγες
1572 4005 1975 4060 οίωνοσκοπίαν
2004 4005 2051 4037 ⁷⁸

456 4086 767 4158 ἐπενόησαν
795 4082 939 4143 εἶναι
972 4109 992 4143 ι
1035 4105 1049 4120 ⁸
1084 4090 1180 4145 καὶ
1224 4090 1437 4163 πρῶτοι
1490 4092 1641 4148 θύειν
1688 4092 1853 4161 θεοῖς,
1904 4096 2051 4150 Χαλ-

454 4180 599 4234 δαῖοι
628 4180 686 4234 δὲ
715 4181 942 4254 ἐξεῦρον
975 4184 1093 4255 ἦτοι
1130 4182 1375 4257 Κύπριοι
1403 4185 1479 4251 ⁷⁸,
1511 4185 1905 4257 διαφοροῦνται
1941 4188 2051 4260 γάρ

457 4272 616 4337 ἔθνος
640 4276 915 4346 Περσικὸν
934 4275 1276 4348 ὑπάρχοντες
1300 4276 1408 4350 (4⁸)
1432 4295 1445 4308 ·
1476 4278 1576 4350 τὴν
1599 4280 1657 4332 δὲ
1679 4280 2053 4350 ἀστρονομίαν

454 4368 827 4437 ὲφευρηκέναι
855 4368 1065 4441 πρῶτοι
1096 4370 1143 4402 ³⁰
1174 4369 1514 4425 Βαϐυλώνιοι
1543 4372 1635 4427 διὰ
1668 4372 2047 4444 Ὠρωάστρου,

458 4458 522 4523 ἒξ
548 4452 623 4512 ὧν
657 4459 898 4531 δεύτεροι
929 4461 1336 4533 παρειλήφασιν
1366 4463 1678 4533 Αἰγύπτιοι,
1714 4462 1814 4534 τὴν
1838 4480 2051 4534 γεωμε-

454 4553 617 4623 τρίαν
648 4554 712 4607 ἐκ
735 4554 829 4608 τοῦ
847 4554 1085 4609 ἀπλέτου
1106 4556 1202 4627 τῆς
1225 4555 1333 4627 γῆς
1350 4537 1452 4610 καὶ.
1465 4557 1563 4628 τῆς
1592 4555 1920 4628 διαιρέσεως
1939 4554 2051 4611 τῶν

2150 3450 2365 3510 Graecas
2386 3454 2643 3512 historias
2667 3456 2911 3512 studiose
2950 3456 3232 3530 legissent,
3274 3457 3557 3515 novissent
3599 3473 3731 3515 sane

2148 3555 2204 3602 et
2240 3547 2500 3603 scientias
2549 3556 2603 3603 et
2654 3547 3104 3620 plerasqueartes
3127 3548 3385 3607 liberales
3401 3550 3469 3606 ab
3487 3548 3730 3606 Hebraeis

2150 3635 2367 3693 Graecos
2383 3636 2673 3707 didicisse;
2697 3641 3048 3708 geometriam
3078 3641 3222 3697 enirn
3239 3641 3306 3698 ab
3338 3638 3612 3714 [Egyptiis
3641 3640 3732 3696 in-

2149 3733 2365 3781 ventam
2402 3742 2524 3784 esse
2553 3728 2780 3799 dicunt;
2813 3730 3107 3803 astrologia
3140 3740 3195 3785 ct
3242 3746 3334 3787 ars
3369 3730 3730 3803 horoscOpica

2149 3815 2527 3874 Chaldaeorum
2565 3820 2846 3876 inventum
2894 3821 3122 3889 dicitur;
3158 3820 3373 3879 Arabes
3401 3831 3456 3878 et
3479 3823 3729 3894 Phryges

2151 3909 2381 3980 auguria
2422 3909 2836 3982 excogitarunt;
2868 3930 2888 3965 ι
2918 3909 3081 3982 primi
3114 3911 3221 3969 diis
3272 3911 3731 3971 sacriﬁcaverunt

2149 3999 2390 4057 Chaldaei
2420 4003 2533 4059 sive
2554 4002 2763 4074 Cyprii,
2783 4003 2875 4075 qui
2906 4004 3128 4076 quidem
3150 4020 3217 4059 ex
3241 4002 3430 4061 Persia
3462 4005 3729 4076 originem

2149 4092 2395 4158 ducunt;
2452 4095 2849 4150 astronomiam
2906 4096 3184 4152 invenisse
3247 4094 3409 4167 primi
3473 4093 3726 4151 dicuntur

2152 4184 2436 4259 Babylonii
2471 4202 2569 4258 per
2592 4190 2966 4256 Zoroastrem,
3012 4205 3076 4246 ex
3109 4191 3308 4262 quibus
3342 4199 3530 4262 postea
3569 4203 3727 4245 exceo

2150 4290 2353 4351 perunt
2393 4277 2660 4352 Egyptii.
2727 4279 2863 4336 Nam
2909 4282 3263 4353 geometriam
3303 4282 3375 4338 ob
3404 4282 3729 4337 immensam

2152 4382 2358 4428 terram
2430 4373 2486 4427 in
2553 4383 2739 4446 partes
2809 4375 3157 4431 dividendam
3219 4376 3374 4448 prius
3436 4376 3637 4443 edocti,
3675 4377 3729 4432 iu

2150 4465 2372 4536 scriptis
2400 4466 2516 4523 suis
2535 4466 2769 4537 posteris
2798 4466 3163 4524 tradiderunt.
3184 4466 3416 4540 Magiam
3449 4478 3505 4523 et
3534 4469 3730 4524 incan-

2152 4560 2412 4613 tationem
2447 4566 2502 4614 et
2550 4559 2874 4614 venelicium
2924 4556 3064 4615 Medi
3105 4568 3161 4616 ct
3197 4559 3416 4629 Persae,
3471 4561 3621 4616 vario
3652 4570 3730 4615 ta-

455 4644 656 4716 κωρῶν
707 4647 1151 4718 προδιδαχθέντες
1183 4665 1199 4680 ο
1231 4649 1327 4703 καὶ
1380 4646 1481 4702 εἷθ’
1519 4647 1664 4703 οὓτω
1706 4648 2045 4721 γράψαντες,

2153 4664 2276 4704 men
2304 4650 2466 4705 modo
2488 4650 2764 4706 invenere.
2795 4648 2971 4721 Magia
2998 4661 3081 4708 est
3115 4652 3422 4708 daemonum
3457 4652 3729 4707 invocatio

455 4737 640 4808 ἕτεροι
687 4738 1004 4808 μετέλαϐον.
1037 4739 1116 4811 (9)
1162 4739 1275 4813 Τὴν
1322 4741 1378 4795 δὲ
1408 4739 1512 4812 53
1538 4740 1774 4811 μαγείαν
1796 4742 1891 4795 καὶ
1921 4757 2055 4812 γοη-

455 4831 611 4884 τείαν
628 4832 726 4886 καὶ
743 4833 1095 4903 φαρμακείαν
1112 4835 1286 4905 Μῆδοι
1314 4833 1417 4904 μὲν
1446 4834 1678 4905 ἐφεῦρον
1701 4835 1796 4889 καὶ
1819 4834 2050 4905 Πέρσαι,

452 4923 777 4995 διαφέρουσι
822 4924 879 4978 δὲ
912 4924 1050 4996 πρὸς
1107 4925 1411 4997 ἀλλήλους⁸
1444 4927 1479 4998 ή
1530 4927 1631 4998 μὲν
1675 4925 1784 4998 γὰρ
1845 4927 2051 4997 μαγεία

452 5017 750 5086 ἐπίκλησίς
803 5018 925 5071 ἐστι
985 5018 1295 5089 δαιμόνων,
1332 5020 1681 5089 ἀγαθοποιῶν
1706 5020 1869 5090 δῆθεν
1913 5022 2052 5092 πρὸς

449 5109 934 5176 ἀγαθοῦσύστασίν
965 5113 1499 5186 τινος,ῶσπερ⁸⁰’τά
1551 5116 1647 5169 τοῦ
1688 5115 2049 5168 Ἀπολλωνίου

2153 4741 2519 4798 beneﬁcorum
2564 4744 2632 4798 ad
2685 4742 2895 4798 bonum
2936 4744 3162 4815 aliquod
3208 4745 3570 4815 eﬂingendum
3602 4763 3615 4798 :
3650 4743 3729 4799 sic

2151 4833 2442 4904 Apollonis
2481 4835 2791 4906 Tyanensis
2835 4836 3060 4890 oracula
3095 4836 3161 4891 ad
3217 4837 3419 4893 bonum
3477 4836 3728 4892 eﬂ‘ectum

2152 4924 2281 4981 data
2299 4925 2778 4982 sunt.lncantatio
2804 4925 3078 4981 invocatio
3110 4935 3194 4982 est
3226 4926 3534 4983 daemonum
3564 4928 3732 4982 male-

2152 5019 2382 5073 ﬁcorum
2455 5019 2665 5074 circum
2733 5018 2989 5090 sepulcra
3078 5016 3145 5073 ad
3214 5019 3421 5073 malum
3504 5019 3726 5089 aliquod

2159 5109 2545 5175 elliciendum;
2586 5112 2731 5168 unde
2760 5112 2994 5182 γοητεία
3038 5113 3355 5168 nominatur
3385 5114 3456 5170 ob
3493 5114 3728 5185 gemitus

1624 5319 1819 5381 Varias
1850 5318 2154 5384 lectiones
2181 5321 2241 5375 ct
2281 5322 2471 5375 nota).

608 5502 770 5580 Zach.
814 5518 935 5580 sm,
961 5504 1015 5557 Ξ.
1096 5505 1212 5580 ’_‘-"
1248 5505 1276 5580 ιγ
1297 5507 1533 5580 Gor._tx,
1565 5525 1631 5564 ex
1662 5510 1783 5567 Job.
1812 5514 1978 5579 ν,15,
2034 5530 2047 5568 ι

2146 5513 2233 5569 Ps.
2274 5530 2395 5570 χειν
2418 5557 2433 5580 ,
2466 5516 2554 5572 Η.

448 5572 579 5647 6.45
607 5573 1052 5647 ἀνεγινώσκεσαν
1069 5577 1188 5640 τάς.
1265 5579 1311 5611 ⁷⁸
1331 5578 1398 5632 ἀν
1415 5572 1629 5636 “1.22.
1649 5582 1695 5635 δ.
1714 5583 1814 5647 τὰς
1843 5572 1899 5638 δὲ
1917 5572 1977 5637 πί
2002 5586 2123 5639 cod.

445 5645 643 5721 νομίαν
674 5646 775 5721 Τ
852 5647 924 5721 ff
952 5647 1413 5721 olmvoqxontxiju
1443 5650 1532 5721 é_rr.
1598 5645 1808 5721 πρῶτοι
1836 5652 1937 5707 Th.

448 5783 610 5845 lento.

494 5663 643 5726 ςμεαν
674 5655 781 5731 Ἰἰιζ
852 5655 926 5731 :5.
952 5655 1415 5731 σέωνοσκοπικὴν.
1443 5655 1578 5731 ὲτπᾈ
1598 5655 1808 5731 πρῶτοι
1836 5655 1937 5707 Th.
1983 5723 2012 5731 __
2035 5655 2077 5687 ⁷⁸
2113 5656 2180 5710 Χ.
2208 5655 2683 5731 δὲζητοιιίέύρτριοι
2715 5660 2799 5726 ἐξ.
2845 5661 2907 5731 τὸ
2947 5655 3335 5731 μαγεύεινυκ·

447 5712 695 5796 λέγονται
740 5717 802 5773 Β.
847 5717 939 5771 διὰ
967 5718 1325 5789 Ζωροάστρου
1342 5712 1417 5785 ’ἐξ
1451 5712 1795 5793 ὧνξδεύτεροι
1829 5723 2175 5796 παρείληφαν
2218 5724 2304 5782 B'.

2657 5519 2703 5549 ⁷³
2728 5518 2809 5573 lsa
2869 5532 2929 5583 ll,
2958 5521 3013 5575 4.
3090 5525 3219 5581 "ad
3255 5527 3471 5582 Graecos
3515 5525 3649 5579 159:2
3685 5524 3723 5579 Γ.

2201 5586 2269 5619 ⁷⁸⁶
2294 5588 2448 5654 παρὰ
2465 5586 2759 5659 βαρϐάρων
2780 5589 2881 5644 Th.
2957 5592 3004 5624 "
3024 5594 3124 5663 μέν
3153 5595 3254 5648 'l‘h.
3334 5598 3377 5629 "
3408 5597 3501 5650 καὶ
3530 5598 3725 5661 ἀστρο-

2208 5655 2264 5697 aa
2286 5656 2404 5697 ἦτοι
2443 5659 2680 5697 κιῖπιιιη
2716 5660 2791 5697 εει
2845 5661 2907 5697 ,φλ
2949 5664 3211 5697 nmmum...
3246 5663 3335 5697 Ita.
3436 5666 3483 5697 eo
3519 5664 3720 5697 ..ι-ητιολ.

2442 5681 2683 5729 rumme
2715 5681 2799 5726 ες.
2845 5681 2907 5713 το
2947 5681 3335 5731 μαγευεινιιιί
3436 5681 3483 5697 ον
3519 5681 3725 5733 πρωτοι

2408 5728 2475 5761 ⁸⁸⁸
2511 5726 2703 5801 ὥσπερ
2733 5758 2799 5775 --
2831 5730 3093 5793 σύστασιν
3122 5734 3153 5788 6
3187 5748 3297 5787 om.
3334 5732 3397 5788 B‘
3426 5735 3723 5792 homoiOtc-
