4168 6464
420 441 521 505 123

1619 449 1942 509 GEORGII
1988 450 2147 510 HMl
2162 451 2198 506 ,λ
2213 449 2438 508 RTULI

3572 449 3669 516 Hi

413 575 538 614 esse
572 558 833 624 dicimus,
885 574 982 610 nec
1014 559 1174 611 talem
1209 560 1434 614 sortitos
1464 575 1586 615 esse
1631 569 1857 625 statum,
1899 562 1990 616 sed

2108 561 2214 629 ἔριν
2248 559 2381 628 πρὸς
2415 558 2674 627 ἀλλήλους
2707 561 2801 612 καὶ
2831 561 3010 632 μάχην
3046 560 3412 632 ἐμϐάλλοντα.
3439 563 3675 625 Τούτους

415 651 806 720 depravatione
839 649 1036 704 mentis
1082 667 1108 704 a
1150 651 1471 706 melioribus
1496 652 1565 706 ad
1613 653 1800 723 pejora
1854 653 1994 708 ceci-

415 744 562 798 disse
588 752 783 814 spontc
816 753 868 797 et
901 744 1103 810 libere;
1167 755 1219 799 et
1252 745 1338 798 his
1373 760 1480 798 non
1531 746 1775 800 contenti
1835 746 1996 801 bouis

420 851 544 904 qua:
575 850 602 887 a
655 836 919 890 Creatorc
983 845 1328 903 acceperant,
1379 836 1488 889 imo
1541 837 1754 903 majora
1821 851 1994 905 appe—

419 937 620 989 tentes,
703 928 956 994 superbia
1019 927 1370 994 intumuisse,
1431 938 1484 981 et
1547 929 1617 982 ab
1691 928 1995 996 antiquitus

416 1015 539 1070 data
586 1016 752 1082 gloria
798 1017 1112 1072 decidisse:
1162 1018 1358 1071 deinde
1411 1019 1676 1072 adversus
1721 1017 1993 1078 homines,

415 1111 483 1162 ad
542 1110 833 1179 imaginem
884 1111 976 1165 Dei
1033 1121 1274 1176 creatos,
1338 1112 1488 1166 rabie
1538 1121 1690 1166 actos
1754 1126 1895 1176 esse,
1946 1121 1996 1164 et

414 1211 604 1256 contra
637 1218 733 1257 eos
774 1203 971 1258 bellum
1020 1206 1353 1274 suscepisse.
1412 1205 1586 1260 Porro
1627 1205 1875 1266 Creator,
1928 1219 1995 1259 ex

417 1309 522 1347 una
555 1303 730 1362 parte,
774 1293 1044 1348 bonorum
1097 1295 1416 1363 angelorum
1466 1294 1715 1350 custodia
1761 1292 2000 1348 servavit

423 1387 705 1438 hominum
740 1399 934 1455 genus,
967 1399 1033 1439 ne
1059 1386 1110 1440 vi
1151 1395 1206 1441 et
1236 1387 1519 1458 tyrannica
1556 1395 1826 1456 potestate
1863 1400 1998 1440 usus

419 1478 724 1544 etimpune
785 1477 1074 1541 invadens,
1129 1493 1270 1547 quos
1332 1494 1441 1548 prie
1513 1479 1717 1533 invidia
1782 1478 1996 1544 oderat,

421 1577 628 1622 temere
659 1566 914 1622 diabolus
945 1570 1230 1637 perderet;
1277 1585 1346 1625 ex
1381 1570 1551 1625 altera
1595 1580 1773 1640 parte.
1825 1578 2000 1624 certa-

421 1659 590 1712 minis
619 1659 918 1714 discrimen
947 1674 1054 1715 non
1101 1661 1406 1731 impedivit,
1469 1672 1528 1717 ut
1577 1663 1813 1733 optimos
1855 1663 1998 1718 lucta

421 1750 761 1815 ostenderet,
796 1761 850 1805 et
877 1752 1218 1808 fortitudinis
1258 1754 1590 1823 exemplaria
1617 1753 1829 1809 ﬁerent.
1879 1752 1999 1820 Qua

421 1845 490 1898 de
515 1859 684 1900 causa
707 1845 1004 1899 violentum
1034 1844 1178 1899 illius
1203 1846 1466 1914 impetum
1509 1855 1770 1914 tanquam
1803 1845 2001 1900 exitia-

423 1935 524 1990 lem
561 1949 659 2006 per
684 1937 1002 2008 angelorum
1030 1936 1336 2002 custodiam
1379 1937 1746 2004 compescuit,
1782 1935 1998 2006 cogita-

423 2026 641 2078 tionum
670 2033 852 2080 autem
888 2035 972 2080 est
1002 2040 1264 2082 assensus
1293 2027 1602 2089 certamini,
1653 2034 1713 2080 ut
1744 2035 2003 2083 strenuos

421 2116 618 2185 dignos
674 2116 896 2172 coronis
935 2117 1270 2182 ostenderet,
1322 2132 1500 2186 neque
1551 2118 1666 2187 ipse
1714 2118 1881 2172 istum
1933 2117 2001 2172 ad

420 2206 604 2258 aemuli
637 2205 1009 2261 conditionem
1037 2215 1187 2262 sorte
1215 2206 1434 2276 delegit.
1460 2207 1552 2263 sed
1580 2209 1646 2263 ad
1681 2223 1820 2278 opus
1842 2222 2002 2264 suum

421 2295 582 2351 istius
617 2297 823 2353 malitia
857 2312 992 2352 usus
1022 2306 1127 2362 est,
1169 2300 1635 2369 quemadmodum
1678 2300 1873 2356 medici
1929 2298 2009 2355 vi-

421 2387 568 2455 peris
598 2389 663 2442 ad
692 2390 916 2443 morbos
947 2390 1250 2458 pellendos.

2097 653 2261 719 ἠμεῖς
2295 650 2356 702 οὐ
2403 652 2676 720 πονηροὺς
2727 651 2788 716 ἐξ
2838 653 3013 724 ἀρχῆς
3060 651 3210 722 παρὰ
3252 652 3350 707 τοῦ
3394 653 3533 706 Θεοῦ
3565 653 3676 706 τῶν

2097 743 2233 797 ὅλων
2267 742 2744 814 δημιουργηθῆναι
2791 745 2996 815 φαμὲν,
3040 745 3164 798 οὐδὲ
3198 745 3413 798 τοιάνδε
3440 746 3555 812 egw
3591 745 3682 799 λαο

2097 838 2234 904 χεῖν,
2279 834 2416 888 ἀλλά
2463 837 2530 906 τῇ
2586 839 2920 908 παρατροπῇ
2977 837 3076 905 τῆς
3129 834 3359 907 γνώμης
3407 836 3518 889 ἀπο
3568 835 3678 888 τῶν

2099 927 2400 995 ἀμεινόνων
2423 928 2504 990 εἰς
2526 928 2593 981 τὰ
2616 928 2837 999 χείρονα
2865 930 3054 981 πεσεῖν
3076 927 3412 997 αὐθαιρέτως
3433 927 3527 980 καὶ
3549 927 3679 980 αύτ-

2097 1019 2375 1087 εξουσίως,
2399 1023 2492 1074 καὶ
2525 1024 2641 1085 τοῖς
2673 1021 2826 1092 παρά
2859 1020 2976 1074 τοῦ·
3008 1022 3370 1092 πεποιηκότος
3400 1036 3680 1089 παρασχεο

2099 1113 2238 1166 θεῖσι
2266 1112 2368 1166 οὐκ
2396 1112 2762 1184 ἀρκεσθέντες
2788 1113 2830 1178 ⁸,
2870 1112 3008 1166 ἀλλά
3034 1112 3302 1181 μειζόνως
3332 1110 3680 1182 ὀρεχθέντες,

2099 1202 2441 1268 εἰσδέξασθαι
2487 1204 2587 1274 μὲν
2623 1203 2719 1257 τοῦ
2759 1203 2932 1273 τύφου
2978 1203 3040 1256 τδ
3085 1203 3277 1265 πάθος,
3317 1203 3576 1255 ἐκπεσεῖν
3621 1199 3683 1254 δὲ

2097 1297 2197 1364 τῆς
2235 1295 2476 1365 ἀρχῆθεν
2515 1294 2769 1365 δοθείσης
2815 1295 2984 1365 τιμῆς
3008 1308 3024 1323 ο
3076 1289 3198 1347 εἶτα
3246 1293 3392 1346 κατά
3435 1291 3545 1346 τῶν
3585 1291 3680 1344 ἀν-

2101 1387 2334 1455 θρώπων
2358 1384 2434 1449 ὡς
2465 1387 2637 1440 εικόνι
2684 1387 2807 1458 θεία
2857 1385 3247 1456 τετιμημένων
3283 1383 3550 1453 λυττῆσαι
3585 1381 3683 1435 καὶ

2099 1477 2190 1531 τὸν
2219 1477 2339 1532 κατ’
2365 1478 2546 1533 αὐτῶν
2579 1477 2945 1544 ἀναδέξασθαι
2966 1477 3206 1546 πόλεμον
3229 1490 3244 1504 ·
3290 1473 3385 1527 τδν
3421 1473 3480 1526 δὲ
3523 1489 3684 1544 ποιη-

2101 1569 2200 1635 τὴν
2220 1572 2284 1641 τῇ
2321 1569 2420 1640 μὲν
2444 1571 2555 1624 τῶν
2579 1569 2751 1639 ἁγίων
2771 1569 3022 1640 ἀγγέλων
3053 1565 3347 1637 ἐπιστασίᾳ
3372 1565 3685 1637 φρουρῆσαι

2101 1662 2210 1716 τῶν
2243 1661 2552 1733 ἀνθρώπων
2581 1663 2641 1716 τὸ
2664 1662 2848 1731 γένος,
2869 1663 3020 1724 ὅπως
3047 1661 3122 1731 μὴ
3152 1659 3244 1730 βία
3278 1659 3372 1712 καὶ
3399 1657 3684 1729 τυραννίδι

2102 1753 2384 1825 χρώμενος
2422 1755 2671 1827 ἀοράτως
2697 1752 2892 1816 ἐπιὼν,
2934 1751 3029 1815 οὓς
3051 1752 3139 1805 διὰ
3168 1749 3368 1819 φθόνον
3399 1749 3686 1820 ἐμίσησεν,

2103 1846 2278 1910 ἀδεῶς
2309 1845 2600 1917 διαφθείρῃ
2635 1847 2657 1878 δ
2682 1861 2697 1877 ο
2727 1845 2829 1916 τὴν
2857 1845 2914 1898 δὲ
2936 1842 3310 1914 ἀγωνιστικὴν
3340 1841 3442 1894 οὐκ
3479 1839 3690 1893 ἐκώλυε

2110 1937 2315 2008 μάχην,
2343 1936 2430 1990 ίνα
2457 1936 2609 2008 δείξῃ
2651 1937 2778 1998 τοὺς
2811 1935 3073 2005 ἀρίστους
3105 1934 3138 2003 ἡ
3170 1932 3318 2003 πάλη
3351 1931 3446 1984 καὶ
3479 1931 3691 1999 γένων-

2107 2043 2199 2080 ται
2220 2026 2603 2097 ἀνδραγαθιῶν
2624 2026 2913 2097 ἀρχέτυπα
2937 2039 2952 2054 ο
2987 2018 3049 2077 οῦ
3074 2024 3138 2094 δὴ
3169 2023 3358 2076 εἵνεκα
3382 2021 3481 2093 τὴν
3507 2019 3694 2090 βιαίαν

2110 2119 2320 2172 ἑκείνου
2362 2118 2673 2190 προσϐολὴν
2711 2119 2788 2180 ὡς
2827 2116 3074 2187 ὀλέθριον
3104 2116 3451 2178 διακωλύσας
3480 2116 3546 2183 τῇ
3579 2111 3695 2166 τῶν

2110 2209 2364 2277 ἀγγέλων
2412 2209 2650 2278 φρουρᾷ,
2700 2209 2768 2277 τῇ
2821 2206 2932 2260 τῶν
2960 2205 3244 2274 λογισμῶν
3302 2201 3694 2272 συνεχώρησεν

2113 2301 2345 2372 ἀγωνίᾳ,
2373 2302 2522 2362 ὅπως
2558 2300 2685 2361 τοὺς
2723 2293 3034 2362 ἀξιονίκους
3064 2295 3328 2366 ἀποφήνῃ
3369 2294 3554 2358 ἀξίους
3581 2292 3694 2346 τῶν

2111 2392 2418 2463 στεφάνων,
2450 2392 2552 2446 οὐκ
2597 2391 2764 2456 αὐτὸς
2814 2392 3024 2445 ἐκεῖνον
3071 2390 3153 2452 είς
3198 2386 3500 2443 ἀντιπάλου
3537 2384 3695 2451 τάξιν

421 2475 845 2547 ἀποκληρώσας,
881 2480 996 2532 ἀλλ’
1062 2480 1172 2551 56
1203 2481 1283 2544 είς
1336 2484 1456 2535 δεον
1489 2485 1554 2554 τῇ
1587 2482 1608 2514 ⁵
1669 2480 1884 2536 ἐκείνου
1930 2483 2214 2554 πονηρίαι
2295 2483 2671 2556 χρησάμενος,
2710 2482 2902 2554 ὥσπερ
2946 2483 2997 2536 οί
3049 2481 3229 2553 ίατροὶ
3283 2482 3407 2542 ταῖς
3459 2476 3696 2547 ἐχίδναις

422 2566 502 2628 είς
524 2566 849 2640 ἀπαλλαγὴν
877 2571 1226 2640 νοσημάτων.

505 2763 672 2820 Porro
697 2767 956 2835 quoniam
991 2766 1165 2824 Graeci
1211 2782 1490 2839 apostotos
1513 2779 1566 2826 ct
1619 2787 1720 2827 nos
1776 2773 2010 2831 barbara

428 2855 618 2925 lingua
667 2857 814 2926 loqui
865 2858 1044 2924 aiunt,
1095 2859 1272 2916 sciant
1323 2863 1737 2934 nobismetipsis
1791 2863 2012 2922 Graecos

427 2963 623 3004 omnes
675 2949 906 3019 Scythas
939 2952 1108 3008 videri
1145 2970 1160 3008 :
1194 2953 1296 3008 hoc
1349 2956 1491 3010 enim
1542 2956 1744 3013 Paulus
1785 2957 2012 3013 demon-

2184 2774 2263 2844 (5)
2305 2773 2459 2827 Ἐπεὶ
2494 2771 2588 2828 οῦν
2619 2771 3083 2844 βαρϐαροφώνους
3111 2770 3376 2839 Ἕλληνες
3403 2770 3529 2833 τοὺς
3558 2772 3695 2825 ἀπο-

2111 2866 2332 2929 στόλους
2377 2866 2476 2918 καὶ
2527 2865 2676 2936 ἡμᾶς
2725 2861 3121 2928 ἀποκαλοῦσιν,
3167 2862 3408 2915 ῐστωσαν
3466 2861 3544 2925 ὡς
3599 2863 3695 2916 καὶ

2110 2958 2247 3029 ἡμῖν
2303 2957 2510 3021 πάντες
2566 2956 2828 3025 Ἕλληνες
2887 2953 3271 3017 σκυθίζουσινο
3305 2953 3468 3007 τοῦτο
3509 2954 3619 3026 γὰρ
3665 2956 3696 3008 ὁ

430 3042 628 3097 stravit
661 3043 892 3099 dicens:
931 3062 951 3096 ι
992 3043 1050 3099 Si
1072 3059 1204 3115 ergo
1229 3049 1478 3103 nesciero
1517 3050 1774 3105 virtutem
1833 3050 2005 3112 vocis,

2112 3048 2326 3112 Παῦλος
2377 3049 2617 3119 ἐδήλωσε
2660 3047 2916 3116 ιράσιιων⁹
2961 3063 2980 3098 ι
3019 3044 3150 3099 Ἐὰν
3183 3045 3260 3115 μὴ
3295 3043 3411 3114 γνῶ
3451 3043 3553 3115 τὴν
3601 3043 3696 3099 δύ·-

429 3151 530 3191 ero
570 3137 620 3192 ei
656 3140 752 3207 qui
810 3138 1057 3209 loquitur
1093 3138 1382 3194 barbarus.
1422 3159 1440 3192 ι
1479 3139 1689 3196 Revera
1743 3141 2010 3211 quemad-

431 3230 654 3284 modum
677 3229 885 3286 Grzecis
915 3230 1082 3302 Illyrii
1107 3239 1165 3286 et
1187 3231 1406 3287 Paeones
1435 3241 1488 3286 et
1512 3233 1695 3287 caeteri
1723 3233 2011 3289 barbarico

430 3321 583 3392 loqui
660 3323 936 3387 videntur,
981 3325 1063 3381 sic
1122 3322 1210 3378 his
1264 3332 1320 3379 et
1379 3324 1654 3382 similibus
1697 3327 2013 3397 quicunque

430 3413 750 3470 Graecorum
805 3416 1160 3472 artiﬁciosam
1207 3416 1631 3488 disputationem
1682 3425 1736 3474 et
1778 3419 2013 3489 garruli-

433 3517 600 3562 tatem
665 3508 945 3578 percipere
1006 3517 1307 3580 nequeunt,
1390 3510 1492 3579 ipsi
1565 3510 1787 3564 barbari
1831 3510 2015 3565 viden-

434 3609 525 3654 tur
581 3615 726 3656 esse.
775 3601 1039 3655 liumdem
1086 3615 1311 3657 sensum
1364 3603 1544 3658 omnis
1601 3602 1787 3674 lingua
1827 3603 2012 3672 habet;

431 3693 623 3748 eadem
654 3692 800 3746 enim
852 3693 1100 3747 omnium
1149 3695 1436 3750 hominum
1484 3705 1703 3762 natura,
1757 3702 1815 3752 et
1851 3709 2016 3766 expe-

434 3784 632 3840 rientia
661 3784 944 3854 magistra.
973 3783 1263 3841 Enimvero
1285 3787 1533 3843 invenire
1558 3796 1646 3844 est
1671 3788 1838 3843 etiam
1871 3789 2014 3860 apud

435 3874 709 3930 Barbaros
740 3884 888 3930 artes
912 3884 966 3929 et
988 3875 1248 3933 scientias
1279 3887 1333 3932 et
1366 3879 1419 3933 in
1460 3877 1613 3933 bellis
1641 3878 1925 3946 virtutem,
1957 3889 2016 3936 et

437 3969 581 4022 inter
632 3969 779 4039 ipsos
825 3969 1046 4038 quidam
1118 3969 1422 4026 acutiorem
1484 3969 1799 4026 Graecorum
1848 3970 2016 4027 disci-

440 4061 646 4128 plinam
709 4076 776 4115 ac
836 4061 1224 4132 loquacitatem
1280 4064 1553 4120 sermonis
1607 4065 1874 4120 brevitate
1917 4080 2015 4120 su-

439 4161 653 4221 perant.
691 4151 850 4217 Quod
879 4152 1247 4208 testiﬁcantur
1281 4154 1465 4210 Persa:
1495 4166 1550 4210 et
1587 4165 1801 4212 veteres
1847 4155 2019 4212 histo-

438 4242 565 4305 rici,
593 4242 713 4296 etsi
741 4241 864 4310 quis
901 4258 1051 4298 nunc
1079 4244 1313 4315 legatus,
1365 4254 1460 4300 aut
1490 4246 1623 4312 dux,
1655 4255 1752 4301 aut
1803 4259 2018 4302 merca-

2115 3143 2394 3212 ναμιντῆς
2418 3142 2624 3211 φωνῆς,
2664 3140 2863 3212 ἔσομαι
2901 3138 2981 3210 τῷ
3007 3136 3260 3193 λαλοῦντι
3297 3137 3576 3208 βάρσαρος
3595 3138 3615 3169 ⁷
3633 3153 3650 3170 ’
3670 3157 3692 3191 ι

2112 3233 2192 3305 τῷ
2241 3232 2357 3288 δντι
2401 3232 2510 3305 γὰρ
2560 3231 2754 3304 ὥσπερ
2803 3233 2917 3294 τοῖς
2969 3230 3230 3302 Ἕλλησιν
3270 3228 3544 3298 Ἰλλύριοι,
3600 3229 3700 3284 καὶ

2115 3327 2369 3391 Παίονες,
2426 3326 2523 3380 καὶ
2577 3324 2726 3381 ἄλλοι
2784 3323 3140 3396 βαρϐαρίζειν
3187 3319 3469 3384 δοκοῦσιν,
3521 3319 3698 3384 οὕτως

2113 3419 2349 3482 ὲκείνοις
2397 3418 2641 3481 καὶτοῖς
2687 3415 2959 3479 τοιούτοις
2986 3416 3106 3469 ὅσοι
3156 3413 3257 3484 τῆς
3299 3411 3553 3472 Ἑλλάδος
3601 3412 3701 3464 καὶ

2113 3510 2215 3579 τῆς
2244 3508 2570 3580 Ἑλληνικῆς
2589 3505 2944 3578 τιχνολογίας
2981 3505 3080 3559 καὶ
3119 3503 3437 3574 στωμυλίας
3481 3501 3698 3556 ἐπαΐειν

2115 3601 2176 3655 οὐ
2207 3600 2486 3666 δύνανται,
2519 3599 2784 3672 βάρϐαροι
2826 3598 3078 3654 δοκοῦσιν
3117 3592 3280 3652 είναι.
3338 3596 3461 3650 ὀτι
3499 3594 3557 3648 δὲ
3597 3594 3700 3664 τὴν

2116 3693 2288 3765 αὐτὴν
2315 3692 2430 3765 ἔχει
2460 3694 2613 3747 πᾶσα
2653 3692 2878 3764 γλῶσσα
2919 3691 3183 3754 διάνοιαν,
3226 3690 3326 3758 μία
3361 3687 3472 3759 γὰρ
3502 3688 3538 3759 ἠ
3563 3687 3700 3742 πάνο

2114 3799 2223 3841 των
2274 3785 2584 3860 ἀνθρώπων
2647 3784 2832 3857 φύσις,
2878 3785 2975 3840 καὶ
3033 3785 3068 3856 ἠ
3125 3785 3291 3852 πεῖρα
3348 3781 3697 3842 διδάσκαλος.

2120 3881 2279 3936 Ἐστι
2310 3880 2420 3951 γὰρ
2450 3880 2632 3951 εὑρεῖν
2681 3879 2775 3933 καὶ
2805 3877 2957 3948 παρά
3002 3878 3118 3937 τοῖς
3149 3872 3451 3946 βαρϐάροις
3501 3871 3702 3943 τέχνας

2117 3975 2213 4030 καὶ
2250 3974 2566 4044 ἐπιστήμας
2598 3973 2693 4026 καὶ
2721 3972 2822 4035 τὰς
2845 3972 2906 4025 ιν
2932 3969 3196 4040 πολέμοις
3219 3963 3597 4039 ἀνδραγαθίας
3635 3965 3701 4018 ἐκ

2119 4066 2465 4138 περιουσίας,
2515 4064 2651 4119 ἔνιοι
2689 4064 2748 4119 δὲ
2796 4063 3008 4118 τούτων
3049 4062 3145 4116 καὶ
3198 4057 3516 4130 σοφωτέραν
3550 4056 3572 4088 ⁸
3599 4055 3710 4127 τὴν

2129 4161 2404 4230 Ἑλλήνων
2442 4157 2694 4212 παιδείαν
2739 4157 2834 4211 καὶ
2885 4154 3213 4223 πολυλογίαν
3255 4149 3596 4224 βραχυλογία
3625 4166 3706 4202 νι-

2121 4253 2344 4314 κῶντες.
2385 4250 2464 4321 (4)
2497 4247 2672 4303 Τοῦτο
2701 4247 2810 4320 γὰρ
2839 4248 2904 4318 δὴ
2937 4247 3033 4301 καὶ
3067 4248 3091 4279 θ
3126 4245 3336 4317 Πέρσαι
3356 4239 3702 4314 μαρτυροῦσι

439 4345 615 4388 turam
664 4351 931 4390 exercens
983 4351 1108 4390 cum
1157 4337 1237 4398 eis
1283 4347 1721 4405 conversaretur,
1767 4339 2005 4409 peritiam

2121 4344 2218 4398 xui.
2241 4345 2291 4396 οί
2319 4343 2540 4397 παλαιοὶ
2575 4343 2935 4412 συγγραφεῖς,
2971 4339 3068 4394 καὶ
3103 4338 3158 4391 εί
3193 4355 3278 4400 τις
3313 4335 3412 4390 νῦν
3443 4332 3706 4406 πρεσϐευο

438 4443 630 4481 corum
665 4435 721 4482 et
753 4427 1149 4496 malignitatem
1185 4430 1376 4498 utique
1405 4407 1782 4501 experiretur;
1821 4430 2005 4486 Dicunl

2121 4434 2292 4506 τῶνῆ
2327 4407 2736 4505 στρατηγῶν
2761 4407 3035 4504 ἐμπορίαν
3076 4429 3200 4485 τινὰ
3234 4427 3437 4499 μετιὼν
3483 4423 3708 4493 συνεγέ-

439 4520 588 4574 enim
637 4535 733 4574 eos
779 4530 936 4575 acute
982 4520 1258 4590 percipere
1285 4537 1598 4576 sermonum
1646 4523 1916 4578 versutias
1967 4537 2005 4578 el

2124 4543 2272 4590 νετο,
2297 4527 2392 4581 καὶ
2419 4528 2722 4597 πεπείρατο
2773 4524 2956 4591 καλῶς
2997 4523 3099 4594 τῆς
3139 4520 3367 4576 ἐκείνων
3419 4515 3707 4587 ἀγχινοίας

436 4608 622 4674 dolos,
651 4618 707 4663 et
740 4609 932 4678 paucis
968 4610 1150 4666 verbis
1180 4609 1435 4679 subigere
1465 4627 1562 4666 eos
1605 4612 1697 4682 qui
1728 4621 1860 4667 ante
1903 4611 2005 4667 disi

2123 4618 2220 4672 καὶ
2251 4617 2608 4690 πανουργίας,
2645 4616 2784 4673 Φασὶ
2829 4616 2941 4686 γὰρ
2993 4614 3194 4677 αὐτοὺς
3228 4611 3398 4678 ὀξέως
3427 4611 3571 4663 νοεῖν
3605 4607 3707 4668 ea;

441 4709 755 4756 scruerunt.
790 4700 1038 4773 Magnam
1067 4703 1232 4758 etiam
1280 4704 1643 4758 ratiocinandi
1677 4703 1786 4758 vim
1819 4703 2005 4758 habere

2122 4712 2233 4765 τῶν
2259 4711 2435 4781 λόγων
2459 4711 2667 4774 πλοκάς
2693 4727 2752 4764 τε
2771 4711 2865 4764 καὶ
2891 4707 3100 4770 κλοπὰς
3121 4706 3214 4760 καὶ
3241 4701 3588 4774 ὲπικρύψεις,
3615 4698 3708 4752 καὶ

435 4791 703 4847 dicuntur
733 4803 790 4847 et
816 4793 995 4848 idonei
1016 4810 1141 4851 esse
1165 4795 1235 4851 ad
1261 4795 1421 4852 facile
1444 4796 1766 4852 solvendum
1796 4795 1866 4850 ab
1897 4795 2005 4852 alii:

2119 4802 2280 4872 ὀλίγα
2318 4803 2733 4874 φθεγγομένους
2775 4801 2934 4871 νικᾷν
2976 4799 3105 4861 τοὺς
3148 4789 3700 4867 προδιαλεγομένους·

442 4900 607 4952 nexa,
659 4895 711 4940 ct
754 4888 1060 4957 proverbiis
1092 4889 1171 4944 uti
1219 4897 1276 4944 et
1334 4891 1718 4961 aanigmatibus
1771 4889 2005 4945 disertis

2126 4894 2222 4948 καί
2267 4911 2332 4964 γε
2385 4893 2828 4964 ξυλλογιστικοὺς
2875 4892 3019 4960 ἀγαν
3066 4883 3207 4942 εῖναι
3234 4883 3700 4944 διασεσαιοῦνται,

441 4977 639 5043 simis;
669 4993 777 5034 non
811 4981 958 5035 enim
991 4981 1386 5052 philosophicis
1415 4991 1470 5038 et
1502 4981 1788 5038 rhetoricis
1814 4981 2005 5037 imbuti

2127 4985 2226 5038 καὶ
2271 4984 2516 5040 διαλύειν
2566 4985 2786 5048 ίκανοὺς
2838 4982 2909 5036 τὰ
2947 4980 3078 5051 παρ’
3125 4978 3328 5049 ἑτέρων
3388 4973 3704 5044 πλεκόμενα

444 5070 807 5134 sermonibus,
836 5082 1086 5128 naturam
1113 5077 1284 5131 solam
1320 5076 1599 5131 habebant
1628 5073 1968 5145 magistram.

2123 5078 2350 5149 ῥᾳδίως.
2392 5079 2490 5132 καὶ
2516 5076 2837 5148 παροιμίαις
2871 5071 3176 5145 κεχρῆσθαι
3225 5067 3567 5140 σοφωτάταις
3610 5061 3706 5116 καὶ

447 5162 766 5232 αἰνίγμασιν
799 5182 816 5198 ⁸
848 5167 909 5220 οὗ
937 5168 1046 5239 γὰρ
1071 5171 1244 5239 δήπου
1283 5168 1716 5240 φιλοσοφικοῖςῆ
1753 5171 2064 5239 ῥητορικοῖς
2103 5171 2481 5244 ὲνετρύφησαν
2528 5169 2731 5240 λόγοις,
2780 5167 2917 5224 ἀλλά
2958 5167 3061 5238 τὴν
3106 5167 3271 5239 φύσιν
3354 5164 3520 5236 μόνην
3558 5152 3706 5226 εἶχον

442 5255 794 5314 διδάσκαλον.

3016 5346 3054 5369 Α

1652 5488 1849 5550 Variae
1880 5488 2182 5550 lectiones
2211 5489 2275 5549 et
2305 5489 2490 5548 notua.

559 5724 595 5792 ’ί
617 5722 984 5791 ἀρκεσθέντας
1011 5751 1078 5762 —-
1110 5720 1472 5792 ὀρεχθένταςῗ
1572 5722 1593 5752 ⁸
1617 5721 1900 5792 διαφθερεῖ
1943 5729 2000 5775 et

2108 5718 2235 5792 ﬁget
2289 5717 2424 5792 cod:
2535 5716 2556 5749 '
2582 5713 2705 5784 τήν.
2841 5713 2861 5745 ⁸
2903 5711 3339 5783 πονηρίανοοσι.
3375 5727 3400 5762 ε
3434 5728 3451 5762 ι
3490 5709 3703 5764 subscr.

459 5795 478 5825 '
515 5793 531 5845 l
569 5785 695 5848 Cur.
727 5809 835 5855 xtv,
862 5785 976 5847 Η(
1025 5793 1045 5824 ⁸
1075 5785 1429 5853 commiscet?
1481 5795 1500 5825 '
1536 5793 1662 5854 περὶ
1705 5785 1928 5854 Περσῶν
1984 5806 2005 5841 v

2147 5785 2427 5856 Πέρσαιςῖ
