4168 6458
412 449 510 516 127

413 659 618 712 micum
651 665 757 721 est,
805 658 896 713 sed
928 659 1094 713 etiam
1129 658 1210 712 sui
1246 659 1420 727 ipsius
1475 675 1540 712 ex
1597 667 1794 713 natura
1839 675 1980 723 sua;

411 751 618 804 veritas
647 759 829 804 autem
883 751 1210 820 sibimetipsi
1252 767 1494 807 consona
1530 760 1632 816 est,
1672 750 1984 822 falsumque

409 840 587 894 solum
621 842 783 896 habet
817 843 1154 912 oppositum.
1189 840 1341 897 Unde
1365 843 1454 896 alii
1489 841 1711 912 quidem
1742 853 1980 897 mentem

407 929 492 985 sui
528 931 669 998 juris
687 947 809 985 esse
835 931 1110 994 dixerunt,
1127 932 1462 1000 omninoque
1487 945 1647 999 posse
1670 945 1734 984 cx
1758 929 1984 983 arbitrio

409 1024 582 1076 malos
615 1040 811 1078 sanare
843 1022 1110 1089 allectus;
1164 1023 1255 1078 alii
1307 1039 1439 1078 vero
1469 1024 1614 1078 illam
1669 1023 1980 1078 necessitati

405 1127 457 1166 rt
492 1115 600 1166 fato
634 1113 842 1168 servire
891 1113 1333 1178 declaraverunt,
1403 1122 1459 1167 et
1489 1129 1552 1166 ex
1589 1113 1711 1168 cmli
1743 1115 1982 1168 circum-

405 1206 567 1262 dante
600 1205 862 1274 gravitate
890 1213 944 1261 et
970 1216 1245 1262 astrorqu
1309 1205 1698 1276 conjunctione
1726 1207 1980 1276 pendere.

477 1585 630 1640 Plato
661 1591 848 1640 contra
883 1583 1190 1654 appositam
1225 1583 1302 1639 illi
1332 1584 1401 1640 de
1434 1583 1615 1639 anima
1645 1583 1833 1639 docuit
1857 1599 1986 1640 sen-

408 1677 671 1742 tentiam;
697 1674 996 1730 dixitenim
1033 1673 1258 1728 liberam
1283 1673 1429 1730 illam
1449 1689 1571 1729 esse
1603 1681 1657 1730 et
1689 1673 1982 1730 aﬂ'eetuum

404 1768 708 1832 dominam,
781 1767 928 1821 sicut
977 1765 1216 1820 ostendit
1281 1767 1334 1821 in
1385 1765 1659 1838 Legibus:
1701 1786 1719 1819 ι
1750 1769 1982 1822 Vincere

406 1861 668 1930 seipsum,
732 1858 975 1912 omnium
1036 1859 1385 1913 victoriarum
1459 1859 1730 1931 praecipua
1790 1870 1876 1916 est
1923 1870 1979 1917 et

1609 453 1929 516 GEORGII
1976 455 2422 516 HAMARTOLI

410 565 740 621 sententias.
781 564 1001 620 Falsum
1036 565 1181 620 enim
1226 580 1336 619 non
1378 564 1624 620 veritatis
1669 566 1840 622 solius
1883 568 1984 620 ini-

2099 569 2467 636 μαχεσάμενοι
2545 568 2722 633 δέξας,

3574 458 3668 523 128

2796 570 3022 634 εἰκότως
3095 570 3436 627 καταλελύκα
3447 591 3531 626 σιν
3595 577 3666 641 ὡς

2089 660 2634 727 ψευδεπιπλάστουςο
2677 661 2867 733 ἐπειδὴ
2917 662 2978 714 τὸ
3016 663 3115 732 μὲν
3145 662 3342 732 ψεῦδος
3389 666 3450 718 οὐ
3507 668 3667 736 μόνον

2086 754 2152 819 τῇ
2189 750 2420 822 ἀληθείᾳ
2478 750 2766 822 πολέμιον,
2799 753 2933 807 ἀλλά
2963 756 3055 808 καὶ
3088 755 3221 808 αὐτὸ
3272 755 3439 809 αυτοῦ
3497 758 3667 825 πέφνεν

2087 859 2203 903 κεν,
2229 844 2258 911 ἡ
2284 842 2342 894 δὲ
2368 842 2596 913 ἀλήθεια
2633 843 2922 915 ξύμφωνον
2945 849 3136 919 ἑαυτῇ,
3153 849 3250 902 καὶ
3289 849 3450 920 μόνον
3469 851 3667 921 ἔχουσα

2084 935 2143 985 τὸ
2175 933 2370 1001 ψεῦδος
2423 935 2826 1005 ἀντικείμενον.
2859 937 3025 992 Ὅθεν
3054 941 3100 991 οἱ
3141 941 3240 1010 μὲν
3290 940 3668 1013 αὐτοκράτορα

2084 1023 2174 1074 τὸν
2205 1024 2328 1076 νοῦν
2355 1019 2508 1076 εἷπον
2547 1022 2688 1076 εἶναι
2719 1025 2816 1078 καὶ
2855 1025 2998 1094 ἄγαν
3031 1026 3296 1080 δύνασθαι
3334 1028 3376 1059 ¹⁸
3410 1027 3522 1098 (6⁸)
3548 1029 3670 1080 κατ’

2085 1115 2337 1180 ἐξουσίαν
2368 1116 2437 1170 τὰ
2459 1117 2606 1186 πάθη
2645 1117 2974 1187 θεραπεύειν
2995 1157 3009 1182 ,
3056 1119 3108 1171 οί
3141 1118 3193 1174 δέ
3231 1119 3478 1188 ἀνάγκης
3508 1120 3670 1173 αὐτὸν

2085 1210 2180 1262 καὶ
2207 1209 2552 1279 εἱμαρμένης
2583 1207 2871 1279 ἀπέφηναν
2914 1209 3103 1264 δοῦλον
3127 1227 3140 1240 ·
3179 1212 3272 1264 καὶ
3324 1210 3436 1283 [ἐκ]
3481 1212 3522 1244 ¹⁹
3567 1211 3670 1280 τῆς

2083 1302 2175 1355 τοῦ
2203 1301 2436 1370 ούρανοῦ
2482 1301 2878 1372 περιδινήσεως
2905 1303 2998 1356 καὶ
3027 1304 3126 1374 τῆς
3160 1305 3272 1357 τῶν
3295 1303 3512 1375 ἄστρων
3545 1304 3669 1369 Euv-

2085 1393 2206 1447 ὁδου
2257 1393 2354 1456 τὰς
2404 1391 2598 1446 τούτου
2653 1390 2882 1463 πράξεις
2921 1393 3015 1445 καὶ
3055 1393 3339 1463 ἐνεργείας
3369 1391 3667 1463 ἠρτῆσθαι.

2157 1583 2202 1614 ’⁸
2235 1584 2311 1652 (4)
2347 1583 2407 1634 ὐ
2437 1581 2494 1635 δέ
2526 1597 2588 1650 γε
2614 1582 2842 1636 Πλάτων
2871 1581 2969 1652 τὴν
2993 1578 3250 1634 ἐναντίαν
3269 1577 3520 1632 τούτον¹¹
3540 1576 3673 1646 περὶ⁸

2084 1674 2266 1746 ψυχῆς
2329 1673 2681 1741 ἐξεπαίδευσε
2746 1673 2928 1740 δόξαν,
2975 1671 3273 1742 ἐλευθέραν
3337 1668 3514 1740 αὐτὴν
3573 1669 3671 1721 καὶ

2084 1768 2374 1819 δέσποιναν
2413 1765 2522 1818 τῶν
2568 1764 2757 1818 παθῶν
2788 1761 2929 1818 εἶναι
2961 1765 3142 1834 φήσας
3169 1764 3235 1825 “,
3265 1761 3454 1831 ὥσπερ
3486 1759 3666 1829 δηλῶν

2085 1859 2140 1911 ἐν
2174 1861 2286 1920 τοῖς
2320 1859 2540 1927 Νόμοις
2574 1857 2676 1928 ἔφη
2699 1875 2712 1889 ο
2752 1875 2770 1908 ι
2813 1857 2886 1909 Τὸ
2935 1856 3035 1926 μὲν
3071 1855 3228 1926 νικᾷν
3271 1853 3433 1907 αύτδν
3481 1851 3672 1904 ἑαυτὸν

407 1952 644 2022 optima;
683 1950 826 2006 vinci
855 1959 1037 2005 autem
1067 1966 1095 2005 a
1124 1950 1332 2020 seipso,
1373 1951 1758 2022 turpissimum
1802 1963 1887 2008 est
1929 1963 1980 2008 et

2088 1951 2279 2004 πασῶν
2332 1951 2498 2003 νικῶν
2540 1948 2731 2022 πρώτη
2774 1949 2871 2002 καὶ
2908 1947 3130 2018 ἀρίστη,
3189 1946 3248 1998 τὸ
3289 1945 3347 2000 δέ
3401 1943 3671 2014 ἡττᾶσθαι

406 2042 728 2113 pessimum.
743 2061 762 2095 ι
785 2071 857 2082 --
873 2040 1168 2097 tNovimus
1189 2042 1676 2113 enimIaﬂ'ectioncs
1693 2043 1834 2111 illas,
1858 2052 1984 2098 tan-

405 2151 564 2201 quam
600 2149 799 2190 nervos
833 2141 929 2188 aut
977 2131 1250 2189 funiculos
1298 2135 1352 2189 in
1408 2135 1566 2190 nobis
1615 2134 1833 2200 insitos,
1881 2151 1983 2191 nos

405 2225 646 2296 trahere,
674 2224 1011 2296 obnixasque
1043 2241 1140 2281 nos
1165 2224 1398 2282 invicem
1435 2227 1712 2282 retrahere
1749 2229 1815 2282 ad
1843 2243 1978 2282 con-

407 2317 602 2370 trarias
631 2317 1022 2388 Oppositasque
1053 2317 1329 2373 actiones:
1355 2318 1445 2372 ubi
1482 2319 1718 2374 invicem
1759 2319 1984 2374 divulsa

406 2408 787 2477 distractazque
827 2409 1008 2462 virtus
1040 2417 1094 2462 et
1133 2408 1406 2463 vitiositas
1432 2408 1637 2479 iacent.
1693 2409 1784 2464 Sic
1835 2412 1980 2464 enim

411 2500 550 2553 ratio
585 2499 772 2565 edicit,
802 2515 967 2554 unam
1001 2500 1332 2554 tractionum
1370 2499 1587 2554 illarum
1622 2515 1838 2570 semper
1861 2517 1984 2557 esse

410 2590 767 2659 sequendam,
836 2606 1010 2660 neque
1042 2591 1190 2645 illam
1249 2591 1662 2661 relinquendam
1718 2608 1982 2663 unquam,

411 2679 506 2732 sed
545 2679 647 2732 hac
700 2679 955 2736 omnibus
1025 2682 1210 2736 nervis
1256 2680 1610 2736 obnitendum
1649 2697 1772 2738 esse
1797 2700 1810 2738 :
1838 2683 1986 2738 hunc

409 2770 556 2824 enim
585 2786 706 2826 esse
743 2771 890 2827 illius
917 2771 1153 2826 rationis
1186 2773 1432 2827 ductum.
1471 2791 1492 2826 ι
1538 2776 1980 2830 Demonstratum

410 2872 492 2916 rst
522 2863 685 2933 igitur
713 2864 977 2918 voluntati
1017 2865 1214 2920 animae
1239 2866 1371 2921 boni-
1398 2877 1452 2921 ct
1491 2867 1619 2922 mali
1651 2868 1979 2924 divisionem

410 2972 439 3007 a
475 2956 736 3010 (Zrcatore
764 2956 1094 3025 assignatam
1149 2971 1297 3022 esse,
1328 2965 1382 3011 et
1415 2974 1526 3013 uno
1578 2959 1746 3014 verbo
1798 2975 1980 3015 rerum

411 3045 626 3098 illarum
667 3061 790 3115 qua
827 3045 1057 3101 invicem
1087 3057 1354 3119 pugnant.
1417 3046 1543 3104 Ilaec
1591 3051 1814 3121 quidem
1868 3053 1980 3107 ille.

411 3133 626 3191 llivcro
660 3136 756 3207 qui
793 3137 883 3192 illa
944 3138 997 3192 in
1051 3139 1259 3192 honore
1313 3139 1619 3196 habuerant
1673 3144 1980 3212 oppositam

408 3227 786 3295 parturiernnt
861 3230 1228 3298 sententiam;
1305 3246 1413 3285 non
1479 3233 1624 3287 enim
1698 3235 1981 3290 veritatem

408 3319 621 3374 discere
656 3320 972 3389 cupiebant,
1004 3321 1099 3377 sed
1135 3336 1291 3376 vana:
1320 3323 1508 3394 gloriae
1539 3332 1598 3379 et
1650 3325 1989 3382 aemulationi
2013 3305 2059 3370 Ο

407 3411 736 3476 servientes,
805 3427 1076 3468 novarum
1125 3414 1450 3485 opinionum
1519 3417 1838 3474 inventores
1881 3420 1986 3474 dici

408 3503 740 3572 gestiebant,
765 3503 1000 3576 ideoque
1023 3521 1282 3578 magnum
1303 3508 1638 3564 substitueru
1648 3519 1706 3566 nt
1719 3526 1987 3578 errorem,

409 3595 540 3648 dum
577 3595 911 3652 recentiores
957 3597 1312 3668 antiquorum
1351 3598 1675 3665 doctrinam,
1712 3605 1861 3656 omni
1888 3617 1992 3673 pu-

407 3689 542 3743 dore
570 3688 800 3757 abjecto,
828 3696 1166 3758 pervertunt.
1213 3688 1506 3746 Enimvero
1552 3691 1725 3748 miser
1749 3693 1840 3748 ille
1860 3695 1952 3748 Ari
1974 3724 1989 3736 -

407 3779 634 3835 stoteles
662 3779 787 3835 vivo
817 3779 998 3834 adhuc
1025 3778 1236 3836 Platoni
1260 3781 1541 3852 propalam
1564 3792 1618 3837 et
1646 3783 1990 3854 impudenter

409 3873 649 3940 obstitit,
702 3882 757 3928 et
789 3882 982 3929 contra
1030 3874 1382 3930 Academiam
1449 3875 1650 3931 bellum
1706 3877 1989 3947 suscepit,

412 3979 594 4036 neque
641 3965 951 4021 doctrinam
985 3965 1180 4022 habuit
1215 3967 1268 4022 in
1309 3968 1508 4036 pretio,
1549 3983 1656 4038 qua
1688 3970 1989 4027 ambitiose

411 4056 653 4115 fructum
695 4066 934 4129 ceperat,
967 4073 1145 4129 neque
1175 4059 1594 4116 celebratissimi
1630 4061 1732 4115 viri
1757 4063 1984 4132 gloriam

409 4159 707 4204 veneratus
737 4161 842 4214 est,
897 4165 997 4206 nec
1028 4150 1198 4207 robur
1245 4151 1300 4206 in
1349 4152 1582 4208 dicendo
1641 4155 1842 4218 timuit,
1890 4155 1984 4210 sed

408 4241 642 4309 superbe
677 4249 730 4295 et
756 4241 1107 4310 impudenter
1137 4258 1377 4300 vesanus
1411 4244 1498 4300 bic
1541 4246 1807 4303 adversus
1835 4247 1983 4302 illum

405 4333 575 4399 stetit,
614 4349 718 4386 non
752 4333 1031 4388 meliorem
1058 4335 1154 4390 sed
1188 4336 1361 4390 multo
1399 4337 1642 4407 peiorem
1677 4338 1983 4394 doctrinam

406 4425 710 4490 proferens.
762 4423 858 4479 ille
891 4427 1035 4479 enim
1065 4427 1306 4482 animam
1334 4429 1551 4485 dixerat
1580 4430 1634 4484 in
1665 4441 1775 4487 tres
1798 4441 1980 4501 partes

405 4515 638 4570 divisam
659 4525 711 4569 et
729 4516 1090 4573 immortalem
1119 4520 1408 4591 formaque
1434 4523 1607 4577 Deum
1619 4522 1979 4591 referentem,

408 4607 497 4662 hic
531 4616 715 4662 autem
787 4610 1075 4666 mortalem
1128 4613 1264 4668 dixit
1316 4622 1372 4669 et
1419 4617 1984 4686 temporaneamzille

405 4696 575 4752 Deum
626 4699 842 4757 dixerat
889 4713 1084 4758 cuncta
1137 4705 1488 4775 prospicere,
1541 4707 1628 4762 ltic
1660 4715 1882 4775 terram,
1935 4709 1982 4764 si

405 4791 684 4847 traditioni
714 4794 872 4861 ﬁdes,
901 4794 1000 4852 Dei
1021 4812 1154 4852 cura
1205 4798 1468 4868 privavit.
1494 4800 1640 4855 Dixit
1669 4800 1818 4856 enim
1859 4817 1982 4872 quae

405 4897 577 4952 usque
615 4885 681 4939 ad
713 4885 901 4942 lunam
935 4897 1068 4946 sunt
1092 4903 1122 4942 a
1161 4888 1271 4945 Deo
1311 4889 1495 4960 dirigi,
1551 4899 1750 4947 caetera
1791 4903 1974 4948 autem

2095 2045 2259 2098 αύτδν
2319 2043 2412 2113 ὑφ’
2465 2043 2659 2096 ἐαυτοῦ
2713 2041 2998 2113 αἴσχιστόν
3057 2057 3118 2093 τε
3173 2039 3269 2092 καὶ
3325 2038 3613 2092 κάκιστον.
3650 2055 3668 2085 ι

2098 2155 2118 2188 ι
2154 2137 2342 2206 Ἷσμεν
2369 2136 2575 2206 731p”,
2613 2136 2695 2188 ὅτι
2731 2134 2799 2187 τὰ
2822 2133 2972 2203 πάθη
3005 2131 3181 2186 ταῦτα
3207 2131 3257 2164 ⁸⁸
3281 2132 3339 2183 ἐν
3365 2131 3520 2200 ἡμῖν.
3558 2125 3673 2182 οἷον

2093 2227 2258 2298 νεῦρα
2290 2229 2322 2299 ἧ
2359 2228 2613 2300 μήρινθοι
2646 2228 2691 2259 ’⁸
2718 2244 2865 2289 τινες
2894 2224 3116 2279 ἐνοῦσαι
3143 2224 3188 2256 ’⁸
3221 2223 3402 2276 σπῶσί
3427 2239 3487 2275 τε
3528 2222 3676 2293 ἡμᾶς

2092 2319 2189 2374 καὶ
2241 2320 2506 2390 ἀλλήλαις
2556 2318 2936 2383 ἀνθέλκουσιν,
2984 2315 3227 2370 ἐναντίαι
3276 2331 3340 2383 γε
3382 2312 3542 2368 οὖσαι
3587 2312 3677 2366 ἐπ’

2092 2413 2343 2476 ἐναντίας
2368 2414 2618 2480 πράξεις,
2645 2405 2708 2466 οὗ
2739 2411 2804 2483 δὴ
2824 2408 3160 2482 διωρισμένη
3185 2407 3354 2480 ἀρετὴ
3383 2408 3479 2462 καὶ
3507 2405 3677 2460 κακία

2094 2507 2308 2559 κεῖται·
2346 2506 2446 2575 μιᾷ
2498 2505 2608 2575 γάρ
2657 2520 2822 2574 φησιν
2865 2504 2894 2556 6
2943 2501 3106 2570 λόγος
3153 2501 3267 2554 δεῖν
3315 2499 3427 2552 τῶν
3474 2498 3676 2565 ἕλξεων

2093 2594 2530 2666 ἐπομένωνίνάεὶ
2555 2594 2650 2647 καὶ
2676 2593 2902 2665 μηδαμῇ
2935 2591 3369 2662 ἀπολειπόμενον
3392 2589 3441 2622 ⁸⁸
3457 2591 3676 2658 ἐκείνης

2092 2687 2372 2741 ἀνθέλκειν
2418 2689 2531 2750 τοῖς
2577 2686 2758 2749 ἄλλοις
2808 2685 3025 2753 νεύροις
3074 2684 3328 2750 ἓκαστον,
3369 2682 3577 2753 ταύτην
3619 2681 3678 2735 δδ

2091 2776 2231 2833 εἶναι
2283 2779 2381 2850 τὴν
2426 2777 2521 2831 τοῦ
2572 2776 2838 2847 λογισμοῦ
2888 2777 3137 2845 ἀγωγήν.
3186 2793 3204 2827 ι
3272 2774 3676 2828 Ἀποδέδεικται

2089 2869 2184 2926 οὖν
2212 2872 2286 2936 ὡς
2314 2875 2380 2942 τῇ
2413 2870 2579 2941 βουλῇ
2611 2873 2707 2940 τῆς
2734 2869 2912 2940 ψυχῆς
2941 2868 3240 2936 ἀπένειμεν
3267 2868 3293 2920 6
3318 2864 3550 2935 ποιητὴς
3576 2863 3683 2933 τὴν

2089 2964 2198 3017 τῶν
2237 2968 2562 3033 κρειττόνων
2605 2963 2700 3015 καὶ
2742 2961 3004 3033 χειρόνων
3047 2960 3318 3029 διαίρεσιν
3354 2956 3450 3010 καὶ
3485 2953 3678 3016 ἁπλῶς

2090 3055 2208 3127 ἔριν
2259 3057 2354 3109 καὶ
2401 3057 2584 3126 μάχην
2633 3055 2850 3124 ἔχοντες
2902 3057 2969 3109 ’⁸.
3018 3051 3129 3108 Kal
3171 3054 3199 3106 6
3243 3051 3341 3123 μὲν
3384 3048 3573 3103 ταῦτα.
3606 3047 3670 3100 ³⁸.

2092 3149 2169 3219 (5)
2209 3150 2270 3202 Οἱ
2310 3148 2367 3200 δέ
2411 3150 2603 3200 ἐκείνα
2653 3145 3056 3216 πρεσϐεύοντες
3119 3144 3371 3198 ἐναντίαν
3417 3141 3576 3206 δόξαν
3630 3141 3673 3172 ³⁸

2091 3239 2310 3294 ὢδινον·
2351 3239 2412 3292 ού
2459 3239 2577 3310 γάρλ
2613 3238 2846 3309 τάληθὲς
2887 3237 3080 3308 μαθεῖν
3118 3235 3502 3302 ἐπεθύμησαν,
3539 3232 3675 3288 ἀλλά

2091 3331 2377 3404 κενοδοξία
2403 3333 2499 3387 καὶ
2527 3332 2812 3402 φιλοτιμία
2850 3329 3240 3390 δουλεύσαντες
3273 3325 3480 3380 καινῶν
3511 3325 3672 3394 εὑρε-

2089 3425 2184 3478 ταὶ
2212 3423 2485 3495 κληθῆναι
2523 3421 2814 3492 δογμάτων
2865 3418 3240 3488 ἐπεπόθησαν,
3273 3415 3398 3468 ὅθεν
3443 3414 3536 3468 καὶ
3573 3414 3680 3482 τὴν

2091 3513 2294 3586 πολλὴν
2339 3513 2658 3584 ὑπέστησαν.
2703 3511 2936 3582 πλάνην,
2987 3508 3097 3562 τῶν
3138 3507 3367 3578 ὕστερον
3419 3507 3674 3572 ἐπιγενο-

2093 3606 2272 3676 μένων
2310 3603 2730 3673 ἀνατρεπόντων
2775 3599 3011 3663 ἀναιδῶς
3057 3601 3102 3632 ⁸¹
3133 3599 3242 3652 τῶν
3281 3595 3674 3669 πρεσϐυτέρων

2091 3701 2190 3762 τὰς
2223 3698 2402 3764 δόξας.
2445 3698 2557 3752 Καὶ
2581 3699 2690 3769 γὰρ
2724 3693 3104 3768 Ἀριστοτέλης
3139 3694 3167 3747 6
3197 3691 3367 3756 τάλας
3397 3691 3477 3744 ἔτι
3509 3689 3672 3755 ζῶντι

2091 3792 2339 3846 Πλάτωνι
2379 3791 2672 3863 προφανῶς
2719 3807 2779 3842 τε
2853 3787 2949 3842 καὶ
3016 3785 3392 3855 ἀναισχύντως
3440 3785 3675 3836 ἀντιπα-

2090 3884 2354 3954 ρετάξατο
2396 3884 2492 3937 καὶ
2537 3883 2629 3937 τὸν
2682 3881 2784 3950 τῆς
2849 3879 3188 3950 Ἀκαδημίας
3240 3873 3528 3938 ἀνεδέξατο
3571 3871 3672 3925 πό-

2089 3975 2286 4046 λεμονο
2335 3976 2433 4030 καὶ
2485 3973 2608 4028 οὔτε
2682 3975 2783 4045 τὴν
2836 3972 3190 4028 διδασκαλίαν
3246 3969 3532 4038 ἐτίμησεν,
3599 3961 3669 4036 ἧς

2089 4067 2392 4139 φιλοτίμως
2445 4067 2793 4130 ἀπέλαυσεν,
2865 4064 2989 4119 οὔτε
3065 4063 3161 4118 τοῦ
3229 4059 3670 4132 πολυθρυλλήτου

2087 4161 2282 4231 ἀνδρὸς
2323 4159 2528 4232 ⁴ᾐδέσθη
2588 4158 2650 4212 τὸ
2702 4157 2883 4224 κλέος,
2940 4156 3064 4210 οὔτε
3267 4155 3329 4208 τὸ
3378 4155 3441 4207 ἐν
3490 4152 3671 4217 λόγοις

2086 4253 2262 4307 ἔδεισε
2330 4252 2376 4284 ³³
2424 4249 2647 4321 κράτος,
2696 4248 2834 4302 ἀλλά
2899 4248 3271 4319 ὑπερηφάνως
3317 4244 3412 4298 καὶ
3457 4244 3673 4312 ἀπηρυν

2086 4343 2433 4415 θριασμὲνως
2464 4343 2509 4374 ³⁷⁸
2533 4344 2562 4396 6
2589 4341 2982 4412 ἐμϐρόντιστος
3023 4340 3161 4410 πρὸς
3205 4337 3372 4393 αὐτὸν
3403 4335 3668 4404 ἀντέστη,

2083 4435 2186 4488 οὐκ
2232 4431 2514 4503 ἀμείνοσιν
2542 4431 2756 4502 ἐκείνῳ,
2791 4431 2928 4484 ἀλλὰ
2981 4429 3162 4500 πολλῷ
3202 4429 3246 4461 ³⁸
3293 4427 3505 4498 χείροσι
3531 4442 3672 4495 χρητ

2088 4524 2324 4595 σάμενος
2356 4523 2647 4592 δόγμασιν.
2688 4521 2797 4574 Καὶ
2836 4522 2945 4590 γὰρ
2987 4520 3052 4590 δὴ
3090 4519 3192 4590 τὴν
3236 4518 3414 4588 ψυχὴν
3454 4514 3680 4567 ἐκείνου,

2085 4616 2332 4678 εἰπόντος
2364 4615 2604 4686 τριμερῆ
2643 4614 2737 4668 καὶ
2779 4611 3052 4668 ἀθάνατόν
3103 4627 3163 4663 τε
3220 4610 3314 4663 καὶ
3351 4610 3396 4642 ³⁸
3434 4607 3667 4676 θεοειδῆ,

2011 4673 2247 4770 θαύτδς
2293 4673 2494 4776 θνητὴν
2535 4673 2648 4775 ’έιρη
2709 4705 2803 4756 καὶ
2862 4703 3186 4774 ἐπίκαιρον·
3233 4701 3331 4754 καὶ
3383 4698 3477 4752 τὸν
3535 4673 3670 4751 Θεὸν

2087 4798 2375 4869 εἰρηκότος
2398 4798 2442 4830 ⁸⁷
2459 4795 2670 4851 ἐκείνου
2690 4793 3093 4866 προμηθεῖσθαι
3118 4793 3225 4847 τῶν
3251 4792 3494 4854 πάντων,
3514 4784 3670 4852 οὗτος

2084 4893 2184 4964 τὴν
2230 4895 2368 4963 γῆν,
2393 4891 2520 4946 ὅσον
2551 4883 2691 4960 ἧκεν
2733 4889 2813 4954 είς
2859 4883 3392 4956 λόγουςιτῆςθείας,
3432 4883 3669 4952 κηδεμο-

1579 5137 1781 5200 Varim
1810 5136 2119 5202 lectiones
2157 5145 2220 5200 et
2258 5143 2458 5200 ηοῑιρ.

480 5373 523 5406 ⁸⁸
564 5369 794 5425 δύνασαι
846 5373 940 5427 καὶ
995 5377 1116 5428 κατ’
1178 5377 1262 5432 Β¹.
1362 5379 1403 5411 ¹⁹
1457 5380 1520 5431 ἐκ
1560 5394 1670 5432 om.
1706 5379 1793 5432 B’.

1895 5377 1943 5448 Ῥ
1969 5373 2250 5448 ὴρτείσθαι
2289 5375 2414 5448 cod.
2445 5370 2964 5448 -_i~,ptsio0at_-l_3‘.

3065 5372 3108 5403 ’ί
3139 5369 3354 5433 τούτοις
3397 5371 3484 5436 Β¹,
3507 5369 3660 5424 τούτι

404 5443 529 5496 cod.
603 5443 649 5530 "'
685 5443 887 5513 φήσας.
944 5445 1012 5530 ,η
1041 5445 1158 5530 τόξε
1187 5447 1397 5530 δεμ.
1440 5449 1544 5530 Si“
1583 5447 1670 5530 Ε..
1721 5449 1767 5480 ⁸⁵
1795 5464 1848 5530 τ..

2086 5445 2154 5499 ΡΙ.
2228 5448 2274 5530 ’ξ
2304 5439 2594 5530 σμίρυνθοί
2622 5444 2742 5530 cod;
2800 5442 2868 5530 "‘
2890 5439 3302 5530 ἐνούσιξεςνοαιξ
3372 5439 3426 5530 ς’
3456 5442 3674 5530 ἐπρμέοε

407 5530 506 5582 νην
533 5513 656 5566 cod.
687 5509 1069 5583 συνεπομένων
1092 5515 1172 5569 ΡΙ.
1250 5518 1296 5550 ’⁸
1330 5517 1774 5588 ἀπολειπομένην
1820 5515 1984 5570 ἐκείνι

419 5581 478 5634 ’0
510 5582 567 5634 δέ
599 5583 772 5645 οὕτως
797 5585 1157 5648 πρεσόεύωνῖ
1186 5588 1270 5642 B’.
1348 5588 1388 5619 ³¹
1433 5587 1744 5648 κενοδοξίαν
1802 5589 1900 5642 καὶ
1954 5605 1984 5642 α

2086 5546 2155 5557 -
2199 5509 2421 5585 μέτροις
2443 5514 2567 5570 cod.
2642 5514 2689 5546 ¹⁹
2723 5511 3003 5583 ἐχόντωντ
3075 5513 3120 5543 ³⁹
3148 5511 3300 5565 Κειὶὸ
3327 5509 3429 5579 μὲν
3488 5509 3664 5572 οὕτως

2086 5586 2276 5648 τιμίαν
2334 5584 2454 5640 cod.
2538 5584 2584 5614 "
2618 5583 2861 5638 ἀναιδῶν
2910 5583 3035 5638 cod.
3071 5597 3102 5637 e
3128 5580 3456 5648 compendio
3495 5580 3660 5633 ἀναιδ

423 5582 478 5634 ’0
510 5582 567 5634 δέ
599 5583 772 5645 οὕτως
797 5582 1157 5654 πρεσόεύωνῖ
1186 5588 1270 5642 B’.
1348 5588 1388 5619 ³¹
1433 5582 1744 5652 κενοδοξίαν
1802 5589 1900 5642 καὶ
1954 5605 1984 5642 α

423 5681 477 5725 -_-
501 5652 727 5725 ἀναίδην
761 5653 845 5714 B'.
873 5656 1110 5709 ἀναίδειν
1141 5658 1262 5712 cod.
1298 5689 1367 5698 --
1401 5659 1510 5722 ζῶν
1532 5659 1626 5710 καὶ
1657 5663 1750 5711 πλ.
1791 5659 1876 5712 Β².
1955 5658 1984 5688 ³³

2086 5586 2276 5654 τιμίαν
2304 5582 2454 5640 ὀοά.
2538 5584 2584 5614 ³·
2618 5582 2861 5638 ἀναιδῶν
2910 5583 3035 5638 cod.
3071 5597 3102 5637 e
3128 5582 3456 5648 compendio
3495 5582 3660 5633 ἀναιδ

2091 5673 2187 5725 ησε
2222 5655 2344 5711 cod.
2424 5654 2470 5685 “
2502 5652 3048 5725 ἀπηρυθριασμένως
3089 5653 3116 5704 6
3139 5650 3515 5725 £p_6_p6v'c_r,co;
3547 5651 3660 5725 πρδ

407 5721 638 5799 ούρανόν
657 5723 761 5799 B'_.‘
821 5725 1072 5799 "3mg.
1100 5727 1300 5796 μᾶλλον
1324 5721 1568 5798 χείρονος
1600 5730 1866 5799 δόγμασιν
1901 5729 1975 5791 ὡς
2031 5721 2346 5796 ἀπεφάνθη.
2390 5725 2498 5779 Καί
2540 5721 2623 5778 Βίζ

406 5789 562 5852 οὗτος
593 5790 674 5848 θν.
705 5795 785 5848 Β¹.
867 5797 908 5827 ³⁷
931 5814 954 5848 ε
987 5789 1054 5868 ρη
1095 5789 1213 5850 6:0:
1255 5789 1353 5866 μὲν
1503 5800 1584 5850 B'.

2705 5720 2750 5755 “
2788 5739 2844 5777 τε
2869 5720 2973 5777 καὶ
3001 5720 3270 5792 φωτοειδῆ
3308 5721 3403 5772 καὶ
3447 5720 3664 5788 θεοειδῇ
