4168 6506
486 376 588 441 1⁸9

1700 373 2160 436 CHRONICON.
2202 399 2269 409 ·-
2312 373 2461 435 LIB.
2508 374 2551 432 Ι.

3659 371 3761 471 13ί)

490 513 601 574 νίας
632 509 900 579 ἐστέρησε
937 508 1017 539 ³⁸·
1054 508 1122 561 τὰ
1150 505 1260 577 γὰρ
1285 504 1348 575 δὴ
1395 504 1555 577 μέχρι
1599 505 1827 576 σελήνης
1871 506 2073 576 ίθτιιειιςι

2188 504 2297 560 lato
2326 513 2379 559 et
2404 513 2556 559 sorte
2592 503 2729 574 regi,
2787 512 2841 557 et
2871 519 2934 559 ex
2969 510 3196 572 cogente
3248 502 3573 560 necessitate
3615 507 3761 561 acci-

487 607 593 675 έφη
618 604 710 657 τὸν
749 601 910 664 Θεὸν,
944 601 1013 656 τά
1047 600 1103 654 δέ
1149 616 1212 668 γε
1256 599 1392 654 ἄλλα
1432 597 1538 652 ὑπὸ
1577 598 1678 667 τὴν
1729 599 2080 669 εἱμαρμένην

2188 597 2308 651 dere
2356 607 2557 651 cuncta
2611 596 2948 666 unicuique;
2989 596 3203 666 istoque
3254 610 3445 650 errore
3492 611 3762 666 generans

485 696 749 767 τετάχθαι
795 696 893 749 καὶ
924 692 1100 764 τύχην
1136 692 1232 747 κα)⁸
1277 690 1418 745 κατά
1457 692 1557 760 τὴν
1609 690 1796 760 βιαίαν
1828 691 2080 760 ἀνάγκην

487 790 778 860 ἐφίστησιν
813 786 1054 856 ἑκάστῳ.
1089 784 1199 838 Καὶ
1232 783 1411 856 ταύτῃ
1443 782 1796 854 παραγνώμῃ
1829 782 1873 814 ³⁸
1908 782 2083 835 ποιῶν

486 883 619 946 τοὺς
644 880 1006 951 ἀνδροερόνους
1043 879 1136 932 καὶ
1163 876 1533 947 τοιχωρύχους
1564 877 1655 929 καὶ
1680 876 1912 946 πόρνους
1934 876 2085 938 ⁸⁸,τά

487 972 594 1042 τῆς
633 968 989 1042 παρανομίας
1027 967 1166 1038 εῐδη,
1201 966 1299 1020 καὶ
1335 965 1471 1020 ἄλλα
1510 963 1567 1017 δὲ
1612 961 1908 1033 πάμπολλα
1949 962 2085 1034 πρὸς

2181 688 2508 753 homicidas,
2565 687 2908 753 eﬂractores,
2959 696 3313 752 scortatores,
3395 688 3462 742 ad
3532 690 3762 744 subver-

2182 781 2409 835 tendum
2444 780 2798 850 magistrum,
2832 781 3129 851 impietatis
3167 781 3381 850 species
3418 790 3472 837 et
3501 781 3605 837 alia
3640 799 3763 852 prr-

2182 872 2357 927 multa
2397 884 2643 929 monstra
2697 874 2982 945 improbus
3037 874 3129 931 hic
3183 874 3350 946 impie
3395 885 3454 931 et
3506 876 3769 933 audacter

2183 963 2398 1018 eﬂ‘utiit.

488 1061 805 1135 ἀνατροπὴν
832 1062 877 1095 ⁸¹
912 1063 940 1116 6
982 1060 1215 1124 δείλαιος
1257 1058 1353 1114 τοῦ
1396 1057 1720 1113 διδασκάλου
1766 1055 2046 1120 δυσσεῦῶς
2079 1072 2138 1109 τε
2166 1056 2260 1111 καὶ
2293 1055 2582 1128 τολμηρῶς
2608 1057 3090 1128 ἐτερατολόγησεν.

565 1242 643 1313 (6)
679 1242 740 1295 ’0
766 1240 948 1295 τοίνυν
993 1237 1305 1307 σοφώτατος
1333 1236 1561 1291 Πλάτων
1618 1232 1889 1304 θεολογῶν
1930 1233 2071 1305 ἔφη.

497 1356 515 1387 ι
565 1336 635 1388 Τί
673 1335 734 1387 τὸ
758 1332 817 1385 ὃν
842 1332 990 1404 (μὲν)
1024 1332 1070 1362 ⁸⁸
1109 1330 1219 1393 ἀεὶ,
1244 1330 1459 1398 γένεσιν
1504 1327 1562 1382 δὲ
1609 1328 1707 1380 οὐκ
1729 1325 1876 1397 ἕχον,
1914 1326 2009 1378 καὶ
2028 1323 2076 1356 ⁸³

490 1430 554 1483 τὸ
586 1427 909 1497 γιγνόμενον
934 1425 1034 1496 μὲν
1051 1424 1159 1490 ἀεὶ,
1184 1422 1243 1477 ὸν
1267 1422 1323 1476 δὲ
1354 1422 1631 1487 οὑδέποτε;
1650 1421 1723 1473 Τὸ
1746 1421 1845 1490 μὲν
1872 1418 1936 1489 δὴ
1953 1418 2080 1487 νοή-

493 1537 580 1574 σει
602 1520 649 1550 ⁸⁸
674 1519 815 1589 μετὰ
838 1517 1000 1585 λόγου
1028 1514 1367 1586 περιληπτὸν
1390 1514 1498 1578 ἀεὶ,
1520 1512 1663 1567 κατά
1684 1512 1741 1566 τὸ
1758 1512 1887 1565 αὐτὸ
1903 1510 1985 1578 ὸν,
2016 1513 2109 1586 τὸυ

491 1615 550 1668 δὲ
569 1612 825 1683 αἰσθήσει
839 1609 1023 1680 ἀλόγῳ
1039 1609 1082 1643 ⁸⁸
1095 1607 1349 1673 δοξαστὸν
1361 1607 1427 1673 ⁸⁸,
1452 1605 1560 1678 (61³)
1577 1605 1901 1675 γιγνόμενον
1919 1603 1960 1635 ⁸⁷
1979 1603 2080 1673 μὲν

493 1707 590 1759 καὶ
616 1702 1076 1772 ἀπογιγνόμενον,
1104 1699 1271 1762 ὅντως
1294 1698 1341 1731 ⁸⁸
1364 1698 1422 1752 δὲ
1444 1697 1699 1752 οὐδέποτε
1731 1695 1811 1751 δν.
1845 1714 1865 1748 ι
1892 1693 2082 1748 Ταῦτα

491 1799 549 1851 δὲ
587 1797 763 1850 πάντα
800 1794 967 1863 μέρος
1000 1791 1215 1863 χρόνου,
1242 1792 1304 1843 τὸ
1327 1786 1395 1861 ἦν
1428 1791 1522 1846 καὶ
1555 1790 1712 1842 ἔσται
1735 1805 1752 1822 ο
1800 1786 1837 1841 ά
1886 1786 1952 1858 δὴ
1979 1785 2077 1855 φέ-

497 1906 680 1960 ροντες
704 1888 1048 1955 λανθάνομεν
1078 1887 1173 1940 ἐπὶ
1203 1883 1302 1956 τὴν
1331 1883 1502 1938 ἀίδιον
1521 1881 1712 1935 οὐσίαν
1740 1879 1841 1935 οὐκ
1870 1878 2079 1950 ὀρθῶς·

2257 1232 2434 1291 Porro
2464 1235 2908 1305 sapientissimus
2948 1235 3126 1303 Plato,
3171 1234 3240 1291 de
3292 1237 3406 1293 Deo
3461 1238 3762 1303 disserens,

2183 1326 2319 1383 dicit
2349 1345 2364 1381 :
2403 1345 2422 1381 ι
2459 1326 2600 1394 Quid
2623 1337 2708 1384 est
2753 1328 2805 1384 id
2834 1330 2978 1399 quod
2998 1343 3216 1399 semper
3241 1338 3347 1396 est,
3374 1340 3553 1385 ortum
3581 1343 3762 1387 autem

2186 1434 2296 1475 non
2327 1421 2508 1486 habet,
2543 1430 2597 1476 et
2621 1421 2751 1491 quid
2784 1430 2869 1476 est
2906 1421 2957 1476 id
3002 1422 3149 1492 quod
3183 1435 3402 1493 semper
3433 1426 3763 1487 renascitur,

2188 1525 2470 1580 nunquam
2498 1527 2625 1567 vero
2646 1511 2905 1568 exsistit?
2941 1513 3143 1579 Unum,
3185 1515 3327 1583 quod
3359 1530 3573 1582 semper
3622 1518 3762 1572 idem

2187 1608 2295 1666 est,
2356 1603 2690 1674 cogitatione
2768 1606 3255 1675 comprehenditur
3327 1608 3762 1677 rationabiliter,

2186 1694 2419 1751 alterum
2447 1698 2614 1767 quod,
2640 1713 2925 1768 nunquam
2959 1704 3147 1755 rever'a
3175 1700 3466 1768 exsistens,
3499 1703 3766 1758 nascitur-

2186 1802 2291 1857 que
2320 1798 2375 1842 et
2395 1789 2649 1856 moritur,
2683 1790 2986 1847 irrationali
3014 1808 3178 1848 sensu
3204 1795 3501 1863 percipitur
3530 1811 3765 1849 meram-

2187 1895 2295 1949 que
2326 1880 2640 1952 opinionem
2675 1884 2869 1953 gignit.
2908 1903 2927 1936 ι
2968 1883 3093 1939 Haec
3122 1894 3303 1939 autem
3350 1886 3558 1951 omnia,
3616 1888 3764 1956 quod

496 1984 727 2053 λέγομεν
753 1982 866 2051 γὰρ
897 1980 964 2050 δή
988 1997 1001 2009 ·
1037 1978 1065 2031 6
1096 1973 1188 2049 ἦν,
1228 1979 1343 2029 ἐστι
1368 1975 1412 2009 ⁸³
1432 1992 1491 2028 τε
1522 1975 1619 2027 καὶ
1644 1973 1820 2039 ἔσται,
1860 1969 1995 2024 τίδὲ
2020 1967 2081 2022 τὸ

2188 1982 2303 2028 erat
2334 1982 2388 2027 et
2415 1976 2561 2045 quod
2590 1974 2835 2031 futurum
2871 1987 2976 2042 est,
3009 1993 3134 2047 pars
3162 1978 3461 2049 temporis;
3514 1994 3765 2036 erramus

493 2076 609 2127 εστι
660 2073 827 2141 μόνον
865 2070 1012 2126 κατά
1052 2072 1147 2123 τὸν
1176 2069 1351 2139 ἀληθῆ
1383 2069 1541 2137 λόγον
1582 2067 1851 2139 προσήκει
1874 2081 1889 2096 °
1935 2065 2000 2119 τὸ
2023 2065 2080 2119 δὲ

493 2164 561 2238 ἦν
594 2167 688 2220 καὶ
721 2165 878 2219 ἔσται
905 2164 1039 2234 περὶ
1068 2162 1167 2233 τὴν
1198 2164 1255 2216 έν
1283 2165 1463 2233 χρόνῳ
1491 2162 1709 2230 γένεσιν
1748 2154 1915 2213 οὖσαν
1946 2158 2083 2229 πρέ-

492 2279 591 2314 πει
619 2261 664 2292 “
696 2257 983 2327 λέγεσθαι,
1007 2256 1069 2310 τὸ
1094 2257 1152 2311 δὲ
1177 2256 1265 2310 ἀεὶ
1302 2256 1399 2308 καὶ
1436 2254 1562 2308 καθ’
1599 2254 1764 2308 αὑτὸν
1786 2252 1851 2307 ὸν
1882 2252 2071 2305 ἀνακιο

498 2357 675 2423 νὴτως
701 2349 932 2417 ⁵⁸,οθτε
977 2346 1242 2418 νεώτερον
1287 2345 1414 2399 οὔτε
1469 2343 1844 2415 πρεσϐύτερον
1913 2358 2084 2412 προσ-

504 2446 636 2516 ήκει
663 2442 915 2510 λέγεσθαι
938 2457 954 2475 ·
1000 2442 1095 2495 καὶ
1129 2441 1238 2512 γάρ
1267 2440 1329 2492 τὸ
1357 2439 1444 2492 del.
1472 2437 1530 2491 ὃν
1590 2437 1684 2491 καὶ
1723 2435 1892 2506 προὸν
1926 2434 2082 2503 γενέ·

516 2535 655 2599 σεὼς
692 2536 837 2587 ἐστιν
859 2535 1075 2603 ἀπάσης
1124 2532 1448 2603 ὑπέρτερον,
1483 2528 1545 2582 τὸ
1590 2528 1647 2581 δὲ
1685 2526 1981 2597 γενόμενον
2032 2527 2079 2558 ⁵⁸

512 2626 607 2680 καὶ
636 2625 947 2687 ἀλλοιώσεις
976 2623 1182 2687 πολλὰς
1234 2621 1554 2691 δεχόμενον,
1607 2620 1836 2682 εἰκότως
1879 2618 2085 2688 ἔφησεν

502 2719 760 2773 οὐδέποτε
809 2712 953 2770 εἶναι
986 2716 1055 2770 ⁸³.
1096 2716 1206 2768 Καὶ
1243 2714 1405 2769 πάλιν
1454 2713 1482 2766 6
1539 2710 1764 2766 Πλάτων
1799 2710 1965 2781 φησίν
2001 2709 2079 2742 “-

504 2833 523 2864 ι
569 2810 799 2879 Ἀγαθὲς
846 2809 947 2879 μὲν
967 2812 994 2862 6
1016 2807 1147 2871 Θεὸς
1179 2804 1256 2876 τῷ
1273 2805 1387 2859 ὅντι
1415 2822 1478 2875 γε
1509 2804 1606 2859 καὶ
1637 2803 1879 2867 λεκτέον,
1910 2801 2085 2866 αι’τιος

494 2902 609 2958 τῶν
646 2900 895 2971 ἀγαθῶν,
931 2898 1143 2954 τῶνδὲ
1199 2896 1390 2955 κακῶν
1451 2895 1708 2951 ἁπάντων
1757 2892 2022 2958 ἀναίτιος.
2059 2911 2079 2947 ι

498 2996 686 3052 Ταῦτα
715 2994 811 3048 οὖν
839 2994 971 3067 περὶ
1000 2994 1047 3027 ⁸⁸
1107 2992 1206 3047 τοῦ
1253 2993 1623 3062 πεποιηκότος
1645 2988 1784 3043 Θεοῦ
1826 2990 1920 3043 καὶ⁵
1952 2990 2085 3059 περὶ

498 3090 596 3159 τῆς
620 3088 781 3159 ἡμῶν
816 3086 1305 3156 αὐτεξουσιότητος
1340 3082 1553 3148 ἐδίδαξε
1584 3083 1767 3146 καλῶς
1792 3084 1819 3136 6
1854 3083 2086 3137 Πλάτων

500 3181 723 3246 φρονεῖν
770 3179 866 3231 καὶ
894 3177 1178 3242 δοξάζειν·
1234 3178 1329 3228 καὶ
1375 3175 1504 3238 τοὺς
1540 3174 1730 3228 κακῶν
1780 3175 1953 3228 αἴτιον
1992 3174 2087 3228 τὸν

500 3271 633 3323 Θεὸν
670 3270 935 3337 λέγοντας
995 3267 1306 3333 ἐξελαύνειν
1368 3266 1646 3333 ἐκέλευσε,
1727 3266 1823 3319 καὶ
1869 3267 2086 3321 ἀνόσιον

501 3363 638 3417 εἶναι
680 3361 829 3415 τόνδε
881 3361 971 3413 τὸν
1006 3360 1160 3429 λόγον
1195 3359 1330 3429 φησὶ
1352 3360 1445 3412 καὶ
1465 3358 1779 3429 ἀξύμφορον
1814 3362 1948 3430 ἡμῖν
1984 3360 2082 3412 καὶ

499 3455 835 3526 ἀσύμςξωνον
868 3451 1072 3522 ἐαυτῷ.
1106 3451 1316 3505 Οὐκοῦν
1350 3452 1397 3504 εί
1425 3450 1631 3520 ἀγαθὸς
1660 3451 1689 3503 6
1714 3450 1869 3515 Θεὸς,
1897 3450 2087 3521 ῶσπερ

499 3549 613 3618 60
637 3548 703 3619 δὴ
736 3547 832 3600 καὶ
861 3544 1088 3612 ἀγαθὸς,
1117 3545 1217 3597 οὐκ
1241 3544 1306 3598 ἂν
1330 3544 1438 3613 ἄρα
1473 3544 1660 3597 κακῶν
1684 3544 1859 3605 αῐτιος
1889 3542 2088 3610 γένοιτ’

500 3639 591 3691 ἀν.
646 3638 784 3691 Είδὲ
819 3635 1199 3696 ἀναίτιοςητῶν
1255 3634 1567 3704 γενομένων
1601 3633 1810 3697 κακῶν,
1847 3635 1997 3687 κακὰ
2032 3634 2088 3687 δὲ

504 3733 711 3801 κυρίως
734 3729 1118 3801 ὀνομαζόμενα
1145 3728 1206 3781 οὐ
1259 3729 1329 3780 τά
1366 3727 1518 3797 παρά
1549 3725 1760 3779 πολλῶν
1797 3726 2090 3796 ὀνομάζειν

503 3824 658 3892 φίλον
686 3822 857 3884 τισὶν,
886 3820 1023 3874 ἀλλὰ
1049 3818 1276 3883 κακίαν,
1301 3816 1604 3871 ἀκολασίαν
1641 3818 1735 3871 καὶ
1785 3817 1887 3880 τὰς
1921 3816 2091 3879 ἄλλας

503 3916 855 3987 παρανομίας
914 3914 1015 3975 τὰς
1061 3912 1151 3981 ὑφ’
1190 3909 1351 3981 ἡμῶν
1385 3908 1756 3975 αὐτεξουσίως
1796 3907 2087 3978 τολμωμέ-

502 4026 603 4070 νις
624 4023 637 4037 ·
676 4009 839 4078 ἡμεῖς
862 4005 971 4077 γὰρ
994 4004 1201 4058 τούτων
1236 4003 1346 4074 ἄρα
1374 4003 1562 4069 αἴτιοι,
1594 4005 1690 4058 καὶ
1722 4002 1823 4073 οὐχ
1839 4004 1866 4055 6
1890 4002 2091 4054 τάναν-

501 4100 595 4153 τία
618 4097 992 4167 νομοθετήσας
1022 4094 1187 4158 Θεός’
1215 4095 1354 4165 ὅπερ
1392 4093 1546 4165 δηλοί
1600 4090 1758 4157 αὖθις
1785 4093 1815 4145 6
1863 4090 2091 4147 Πλάτων

502 4193 568 4244 ἐν
594 4193 707 4254 τοῖς
732 4192 975 4259 Νόμοις,
1012 4188 1105 4242 καὶ
1132 4187 1348 4251 δεικνὺς
1371 4188 1503 4257 ἡμῖν
1541 4185 1632 4240 τὸν
1651 4186 1761 4240 τῶν
1786 4185 1922 4238 ὅλοιν
1950 4182 2092 4256 πρύ-

502 4302 682 4349 τανιν,
710 4283 821 4335 τῶν
851 4282 946 4335 τοῦ
977 4280 1181 4343 παντὸς
1198 4281 1405 4334 οἰάκων
1434 4277 1861 4350 ἐπειλημμένον,
1884 4278 2051 4349 φησίν
2070 4294 2088 4312 ο

510 4396 529 4429 ι
595 4376 654 4429 Ὀ
687 4376 785 4445 μὲν
816 4374 883 4448 δὴ
911 4374 1067 4440 Θεὸς,
1105 4373 1180 4437 ὼς
1220 4374 1318 4428 καὶ
1345 4376 1374 4426 6
1430 4371 1665 4435 παλαιὸς
1698 4371 1882 4441 λόγος,
1914 4372 2091 4446 ἀρχὴν

508 4469 602 4521 καὶ
626 4467 890 4538 τελευτὴν
923 4470 1019 4521 καὶ
1057 4467 1332 4536 μεσότητα
1380 4466 1431 4497 ⁸⁸
1459 4464 1571 4518 τῶν
1619 4464 1882 4520 ἁπάντων
1927 4464 2087 4535 ἔχων,

501 4558 696 4629 εὐθείᾳ
724 4559 972 4633 περαίνει
1032 4558 1174 4613 κα.τά
1214 4556 1377 4626 φύσιν
1428 4556 1955 4627 περιπορευόμενος,
2010 4557 2089 4628 τῷ

2183 2074 2368 2120 autem
2404 2081 2505 2121 nec
2535 2067 2673 2124 bene
2703 2069 2940 2125 dicimus
2982 2086 3107 2125 cum
3155 2072 3272 2127 haec
3319 2071 3389 2126 ad
3445 2082 3762 2143 perpetuam

2182 2157 2561 2213 exsistentiam
2617 2159 3047 2229 transierimus;
3114 2162 3349 2218 dicimus
3402 2164 3571 2226 enim,
3620 2168 3765 2233 quod

2183 2257 2303 2302 erat
2335 2261 2389 2304 et
2414 2259 2496 2305 est
2517 2258 2572 2304 et
2601 2250 2653 2304 in
2686 2253 2929 2307 futurum
2958 2254 3085 2319 erit,
3113 2255 3204 2309 sed
3232 2256 3277 2310 si
3303 2269 3428 2310 vera
3455 2255 3636 2311 dicere
3668 2272 3764 2311 ve-

2185 2339 2349 2395 limus
2376 2341 2559 2397 dicere
2585 2343 2882 2401 convenit:
2920 2343 3051 2399 Erat
3079 2355 3133 2400 et
3171 2344 3413 2400 futurum
3448 2356 3552 2413 est,
3591 2348 3658 2402 de
3703 2364 3765 2403 ea

2185 2446 2247 2487 re
2267 2448 2389 2502 quae
2412 2433 2466 2488 in
2493 2443 2735 2505 tempore
2757 2446 2935 2492 ortum
2968 2438 3132 2493 habet
3154 2438 3262 2494 dici
3290 2440 3546 2495 convenit
3573 2458 3586 2496 :
3618 2442 3765 2511 quod

2185 2536 2370 2583 autem
2408 2543 2624 2599 semper
2661 2537 2716 2584 et
2765 2530 3174 2586 immutabiliter
3222 2532 3276 2587 in
3327 2547 3387 2587 se
3419 2541 3525 2596 est,
3582 2550 3762 2604 neque

2188 2620 2464 2676 recentius
2491 2636 2665 2690 neque
2700 2616 2984 2693 antiquius
3030 2623 3137 2679 dici
3190 2625 3363 2679 decet.
3410 2624 3567 2691 Quod
3619 2627 3765 2681 enim

2189 2726 2407 2779 semper
2428 2722 2510 2767 est
2531 2722 2586 2768 et
2611 2723 2739 2769 ante
2787 2724 2896 2782 est,
2934 2716 3080 2771 ultra
3127 2732 3344 2771 onmem
3404 2730 3584 2773 ortum
3638 2730 3766 2784 est;

2188 2803 2337 2872 quod
2361 2814 2541 2860 autem
2602 2806 2806 2862 factum
2838 2792 2966 2875 'est,
3021 2818 3077 2865 et
3125 2810 3534 2867 immutationes
3568 2812 3770 2867 multas

2189 2896 2409 2968 recipit,
2463 2897 2587 2968 jure
2640 2899 2777 2956 dixit
2834 2916 3113 2972 nunquam
3161 2915 3306 2958 esse.
3363 2900 3577 2959 Rursus
3637 2903 3770 2959 dicit

2188 2988 2384 3046 Plato:
2429 3010 2447 3042 ι
2480 2991 2665 3046 Bonus
2709 2993 2927 3062 quidem
2964 2994 3109 3048 Deus
3160 3009 3347 3048 revera
3377 3004 3468 3049 est
3504 2995 3768 3052 dicendus

2188 3097 2354 3138 causa
2385 3082 2677 3149 bonorum,
2714 3085 2919 3139 nullius
2964 3093 3143 3139 autem
3179 3086 3308 3140 mali
3342 3094 3555 3140 auctor.
3593 3104 3611 3137 ι
3640 3087 3768 3141 Haec

2189 3190 2356 3246 porro
2382 3176 2448 3231 de
2473 3175 2583 3231 Deo
2614 3184 2864 3231 creatore
2897 3187 2953 3231 et
2996 3178 3066 3232 de
3100 3188 3294 3231 nostro
3331 3175 3506 3231 libero
3537 3177 3769 3232 arbitrio

2189 3269 2373 3324 docuit
2392 3269 2542 3325 Plato
2560 3270 2845 3325 sentienda
2864 3279 2917 3325 et
2940 3269 3205 3325 laudanda
3227 3310 3243 3335 ,
3268 3280 3321 3325 et
3358 3286 3452 3325 eos
3469 3270 3561 3340 qui
3579 3269 3771 3326 dicunt

2194 3359 2363 3416 Deum
2397 3362 2523 3417 mali
2554 3374 2830 3418 auctorem
2862 3363 3057 3434 expelli
3107 3362 3284 3433 jubet,
3333 3363 3496 3431 idque
3541 3364 3766 3418 verbum

2191 3453 2417 3523 impium
2450 3469 2571 3510 esse
2593 3455 2836 3511 declarat
2868 3465 2922 3511 et
2953 3455 3113 3511 nobis
3154 3457 3378 3510 noxium
3433 3466 3491 3512 et
3534 3456 3636 3512 sibi
3666 3458 3769 3527 ipsi

2191 3545 2700 3601 contradictorium.
2724 3546 2887 3617 Igitur
2910 3550 2955 3603 si
2990 3549 3165 3603 bonus
3190 3547 3334 3603 Deus
3358 3558 3442 3603 est
3472 3550 3552 3618 (ut
3583 3565 3766 3604 revera

2192 3637 2371 3693 bonus
2403 3640 2532 3707 est),
2564 3656 2671 3694 non
2723 3641 2851 3695 mali
2906 3656 3075 3697 causa
3120 3657 3244 3697 esse
3276 3652 3493 3713 potest;
3547 3643 3594 3698 si
3642 3658 3769 3699 vero

2193 3744 2303 3785 non
2357 3739 2551 3786 auctor
2579 3743 2664 3787 est
2698 3733 2965 3788 malorum
3000 3750 3122 3805 quae
3155 3735 3431 3801 accidunt,
3488 3751 3595 3791 non
3629 3739 3770 3791 mala

2191 3820 2407 3888 proprie
2430 3820 2660 3876 dicenda
2691 3831 2821 3875 sunt
2845 3838 2964 3892 qua:
3009 3824 3268 3878 accidunt
3303 3825 3573 3895 vulgoque
3628 3827 3767 3880 mala

2192 3910 2474 3975 dicuntur,
2508 3910 2604 3966 sed
2631 3912 2863 3976 malitia,
2895 3912 3291 3968 incontinentia
3325 3922 3380 3967 et
3408 3914 3515 3966 alia
3542 3926 3768 3983 peccata

2193 4016 2316 4071 quae
2348 4003 2517 4058 libere
2546 4004 2816 4059 audemus
2849 4005 3192 4059 committere
3218 4019 3234 4069 ;
3267 4018 3369 4059 nos
3397 4004 3540 4058 enim
3573 4004 3768 4058 horum

2190 4093 2442 4165 profecto
2478 4111 2644 4150 causa
2674 4111 2889 4161 sumus,
2948 4111 3060 4149 non
3107 4105 3292 4149 autem
3343 4094 3437 4164 qui
3493 4095 3769 4149 contraria

2194 4188 2535 4259 prescripsit
2580 4187 2746 4245 Deus.
2782 4187 2937 4255 Quod
2986 4189 3330 4243 demonstrat
3389 4189 3584 4243 iterum
3622 4187 3772 4243 Plato

2192 4280 2248 4335 in
2281 4278 2524 4349 Legibus,
2552 4279 2644 4336 ubi
2676 4280 2971 4336 oetendens
2989 4278 3236 4334 omnium
3275 4294 3457 4334 rerum
3481 4288 3769 4345 rectorem,

2197 4372 2692 4442 universitatisque
2773 4381 3050 4427 tenentem
3143 4372 3531 4439 gubernacula,
3586 4373 3770 4427 dicit:

2201 4482 2221 4517 ι
2258 4464 2403 4520 Deus
2437 4464 2684 4534 quidem,
2716 4463 3178 4534 quemadmodum
3214 4472 3271 4519 et
3298 4463 3558 4533 antiquus
3590 4479 3773 4518 sermo

2197 4565 2455 4622 testatur,
2501 4558 2750 4611 omnium
2788 4571 2973 4611 rerum
2999 4564 3050 4610 et
3084 4556 3414 4626 principium
3447 4564 3503 4611 et
3530 4556 3770 4611 medium

499 4654 561 4707 δὲ
584 4654 670 4704 ἀεὶ
700 4652 987 4718 ξυνέπεται
1017 4650 1141 4719 δίκη
1165 4650 1273 4703 τῶν
1294 4648 1746 4718 ἀπολειπομένων
1778 4647 1873 4701 τοῦ
1901 4646 2087 4719 ὀρθίου

2195 4657 2251 4706 et
2291 4649 2456 4704 tinem
2498 4649 2554 4703 in
2599 4664 2660 4705 se
2689 4649 2920 4714 habens,
2971 4659 3118 4704 recta
3166 4648 3250 4704 via
3302 4650 3571 4719 procedit.
3617 4647 3775 4702 Hunc

503 4744 674 4812 νόμου
700 4744 743 4774 ³⁷
776 4741 1056 4813 τιμωρός·
1098 4735 1163 4813 ἧς
1193 4741 1221 4792 6
1271 4741 1372 4812 μὲν
1421 4740 1844 4810 εὐδαιμονήσειν
1875 4740 2089 4811 μέλλων

503 4839 761 4910 ἐχόμενος
787 4837 831 4869 ⁵·
864 4835 1159 4903 ξυνέπεται
1191 4834 1464 4899 ταπεινῶς
1493 4837 1537 4867 ⁵⁹
1570 4833 1991 4905 κεκοσμημένος
2015 4848 2030 4863 ⁸
2059 4836 2089 4887 6

2195 4755 2412 4813 semper
2444 4741 2694 4812 sequitur
2718 4741 2956 4813 iustitia,
2995 4758 3185 4799 eorum
3230 4742 3323 4813 qui
3355 4757 3385 4797 a
3425 4741 3612 4796 divina
3660 4742 3776 4810 lege

2197 4830 2462 4889 deﬁciunt
2494 4832 2660 4887 ultrix
2694 4841 2859 4903 atque
2884 4832 3080 4889 vindex
3118 4849 3133 4888 :
3164 4831 3254 4889 cui
3289 4832 3511 4902 quidem
3545 4831 3774 4902 iustitiae

1699 5063 1901 5127 Varias
1930 5064 2256 5131 lectiones
2288 5075 2350 5131 et
2382 5074 2575 5132 notae.

577 5262 623 5294 ³⁸
650 5260 915 5331 ὑστέρησε
932 5259 1019 5314 Β¹.

1186 5255 1623 5340 παρὰςγνώμ-ην
1651 5264 1856 5340 (ποιεῖν
1913 5259 2449 5340 Β¹·-,π.αραγν-ιιιμ.
2490 5277 2625 5340 ,ποις
2679 5261 2802 5340 cod.

2912 5258 2960 5291 ιο
2988 5258 3221 5327 πόρνους
3268 5255 3377 5327 καὶ,
3420 5256 3520 5310 ὅσα
3564 5258 3633 5311 τὰ
3678 5258 3780 5326 τῆς

495 5334 702 5405 ἡδονῆς
746 5325 861 5405 καῖΔ
897 5347 959 5383 π.
983 5332 1062 5405 ἐ..
1084 5328 1182 5405 _B’.
1235 5325 1421 5405 ἀν,
1440 5325 1558 5405 Δτοιῖι
1576 5325 1918 5405 ’διδασκάλου
1946 5325 2293 5405 αὑτοῦᾀτερζ
2315 5325 2531 5405 β’ξώυ
2551 5331 2665 5405 μέν⁸
2683 5330 2954 5405 οιιι.[1“ἰιη.
3104 5325 3166 5405 ί).
3206 5326 3332 5405 "3‘
3368 5326 3449 5405 ΙῚτ
3465 5397 3481 5405 _
3508 5325 3775 5405 ξξῇοήσὲι

496 5398 598 5457 καὶ
631 5398 721 5455 τὸν
764 5400 899 5471 τῷδε
939 5398 1404 5471 αἱσθήσξιᾼάλὸγῳ
1434 5398 1563 5471 δόξα
1597 5401 1657 5471 τὸ
1680 5399 1938 5471 ’γιγχΒκ

498 5473 628 5528 cod.
706 5473 747 5505 "
775 5460 829 5540 τί
884 5470 982 5523 καὶ
1014 5460 1414 5537 ἀπολλύμενον,
1435 5460 1605 5533 ὅντως
1639 5460 1726 5524 ι)ιὶ
1773 5460 1839 5503 ’⁸³
1876 5469 2044 5533 ὅντως
2075 5470 2102 5522 E

498 5546 624 5573 ..-θ’
666 5542 728 5573 m
828 5545 870 5573 ll
904 5538 1252 5573 ἑιιηνιιμῖηφοιιρ
1295 5538 1311 5573 Ῐ
1376 5539 1649 5573 loqu-Jun.“-
1678 5541 1742 5573 ιυ
1775 5549 1829 5573 nl
1862 5542 1960 5573 and
2088 5543 2102 5573 Ι

2238 5471 2283 5501 δ’
2322 5471 2404 5525 ἔτι
2432 5460 2621 5525 ΙΫέἇ-τι
2655 5473 2777 5526 cod.
2843 5460 2908 5501 ’δ’
2942 5494 2943 5501 η

2188 5540 2454 5573 μευΑηευΑυ
2488 5542 2498 5573 Ι
2562 5542 2847 5573 νηιίηευηι.
2882 5539 2943 5573 Ri

984 5539 1252 5609 ικινήτως
1293 5539 1329 5591 ί.
1376 5539 1649 5607 ἀκινήτως
1678 5541 1742 5593 Β²
1775 5549 1831 5596 ιιι
1861 5542 1983 5594 cod.
2088 5541 2134 5573 "
2161 5540 2454 5610 γενόμενον
2486 5542 2522 5594 Ι.
2562 5542 2848 5610 γινόμενον
2879 5539 2964 5603 B',
2990 5540 3111 5593 cod.
3204 5539 3224 5569 '

984 5609 1210 5676 “liesp.
1249 5606 1311 5663 ΙΙ.
1341 5608 1444 5663 580
1490 5608 1549 5674 Β,
1584 5611 1646 5675 C,
1676 5609 1819 5666 Tim.
1847 5610 1917 5690 4%
1949 5609 2031 5663 E?
2101 5606 2255 5695 ⁸ξοῦν
2286 5614 2414 5734 περὶ
2457 5612 2491 5665 Ι.
2530 5608 2624 5665 οὖν
2664 5614 2757 5663 καὶ
2798 5612 2923 5679 περί
2964 5609 3087 5665 cuti.
3177 5607 3224 5641 ⁵⁸

984 5683 1060 5734 lli.
1105 5679 1168 5733 A.
1199 5679 1505 5734 περιβαίνει
1536 5682 1658 5734 cod.
1749 5681 1793 5713 "
1824 5697 1917 5734 του
1950 5679 2095 5734 θείου
2128 5680 2289 5734 Λόγου
2319 5680 2357 5734 Ρ
2385 5720 2398 5734 .
2492 5682 2539 5713 ⁸⁸
2581 5683 2821 5734 ὲνοαένω
2846 5683 2968 5734 cod.
3079 5680 3124 5711 ”
3158 5696 3224 5731 κει.

495 5679 595 5737 ἀπ.
661 5683 739 5739 Pi.
796 5682 886 5738 IV.
935 5682 1060 5734 716.
1105 5679 1168 5733 Α.
1199 5679 1505 5750 περιραίνει
1536 5682 1658 5735 cod.
1749 5681 1793 5713 "
1824 5679 1917 5734 τοῦ
1950 5679 2095 5735 θείου
2128 5680 2289 5749 λόγου
2319 5680 2357 5735 P

498 5546 624 5596 κατ’
666 5542 749 5598 B’.
788 5538 797 5540 ἡ
828 5545 870 5575 ⁵⁸
902 5538 1252 5609 ἁνακινήτως
1276 5538 1351 5609 ΑΙ,
1376 5539 1649 5609 ἀκινήτως
1678 5541 1742 5593 B'
1775 5549 1831 5596 ut
1861 5542 1983 5594 cod.

498 5616 601 5682 μξν
621 5615 650 5665 6
679 5614 775 5667 ηλ.
813 5612 899 5666 B'.

491 5771 524 5808 τ
554 5772 603 5809 .ν
650 5758 774 5812 cod.

2042 5399 2174 5472 δξτὸ
2276 5395 2345 5472 αὖ
2379 5395 2666 5472 διεῃμμετν
2695 5395 2999 5472 αἰσθήσεως
3027 5396 3331 5472 416799.”-

3439 5397 3483 5429 ’⁸⁸
3502 5398 3628 5463 δόξα
3684 5400 3776 5449 τόν

2863 5470 2908 5501 δ’
2942 5463 3147 5539 πρέπει
3199 5463 3366 5521 οὖσαν
3401 5467 3453 5522 λ.
3480 5470 3545 5520 τὸ
3592 5468 3648 5519 δὲ
3687 5468 3776 5519 ἀεὶ

2879 5539 2964 5590 B'.
2990 5540 3111 5590 cod.
3204 5538 3250 5569 ³³
3288 5535 3449 5590 εἶναι.
3484 5536 3774 5590 καὶταῦτα

3288 5555 3449 5601 ειναι,
3484 5555 3577 5590 και
3601 5555 3774 5587 ταυτα

3252 5609 3394 5677 μέσα
3428 5606 3558 5677 τῶν
3601 5606 3775 5677 ὄντων

2385 5720 2398 5735 .
2492 5682 2539 5713 ⁸⁸
2581 5683 2821 5753 ἐχομένῳ
2846 5674 2968 5735 cbtl.
3079 5680 3124 5711 ”
3158 5674 3262 5731 καί
3294 5677 3371 5730 l’l.
3416 5674 3500 5729 15.
3556 5674 3776 5745 χρημά-
