4168 6482
469 380 562 446 131
1676 370 2002 430 GEORGII
2051 365 2500 428 IIAMARTOLI

3632 363 3733 428 132

461 495 510 550 is
536 492 787 546 modesto
822 499 872 543 et
907 486 1214 558 composito
1242 485 1428 538 animo
1475 483 1718 537 adhaeret
1762 482 1854 551 qui
1911 481 2036 535 felix

2151 478 2201 532 δέ
2229 494 2315 540 τις
2343 475 2618 547 ἐξαρθεὶς,
2653 474 2757 526 ὑπὸ
2796 449 3177 544 μεγαλαυχίας
3208 474 3548 546 ἢχρήμασιν
3570 478 3732 530 ἐπαι-

462 585 824 641 estfuturus.
873 581 974 648 Qui
1015 589 1199 635 autem
1254 579 1514 648 superbia
1563 577 1742 631 elatus
1788 582 1894 637 est,
1945 571 2039 642 qui

465 678 822 747 pecuniarum
888 675 1232 729 honorumve
1300 669 1627 727 conﬁdentia
1705 674 1896 729 tumet,
1956 663 2042 718 vel

466 767 713 837 corporis
762 757 936 818 forma
979 778 1084 817 una
1138 777 1262 816 cum
1321 763 1611 831 juventute
1656 765 1712 811 et
1765 756 2042 809 dementia

463 858 837 915 inﬂammatur
867 857 1054 910 animo
1091 855 1157 908 ad
1188 853 1570 924 petulantiam,
1607 847 1764 918 quasi
1795 862 1893 900 nec
1927 861 2042 899 ma-

463 953 662 1021 gistro,
711 963 811 1002 nec
857 949 994 1001 duce
1036 946 1293 1015 indigeat,
1337 944 1430 998 sed
1480 941 1712 996 aliorum
1770 939 1880 993 dux
1928 936 2046 1005 ipse

468 1044 703 1097 idoneus
737 1055 859 1094 esse
888 1037 1062 1106 possit
1094 1052 1109 1089 :
1146 1037 1234 1089 ille
1261 1031 1508 1104 profecto
1553 1046 1583 1085 a
1630 1030 1742 1085 Deo
1770 1027 2046 1083 deseritur

459 1136 578 1204 ejus
615 1133 748 1185 vict
786 1128 1027 1183 ellicacia
1080 1129 1328 1181 orbatus.
1389 1124 1694 1178 Derelictus
1749 1133 1931 1175 autem
1989 1123 2045 1172 et

463 1223 776 1294 huiusmodi
811 1221 947 1275 altus
978 1221 1147 1273 duces
1193 1227 1408 1279 nactus,
1449 1215 1713 1277 exsultat,
1772 1220 1826 1265 ct
1860 1209 2044 1264 omnia

460 1318 624 1370 simul
680 1313 964 1383 perturbat
1037 1319 1202 1379 atque
1261 1309 1556 1378 permiscet
1606 1304 1817 1373 :vulgo
1861 1310 2042 1356 tamen

459 1405 661 1475 aliquis
700 1420 822 1459 esse
859 1403 1090 1467 videtur,
1148 1410 1205 1454 at
1257 1407 1379 1470 post
1431 1410 1646 1467 tempus
1701 1395 1899 1450 divina:
1964 1392 2044 1447 illi

462 1499 696 1567 iustitiae
736 1511 842 1551 non
884 1494 1190 1565 culpabiles
1225 1493 1319 1548 dat
1352 1507 1566 1563 prnuns,
1609 1497 1664 1544 ct
1695 1489 1938 1557 scipsum
1991 1495 2046 1542 et

462 1591 724 1645 [anniliam
751 1600 802 1644 et
844 1588 1121 1644 civitatem
1168 1585 1407 1654 denique
1445 1585 1621 1655 ipsam
1675 1591 1924 1636 extremo
1957 1579 2044 1634 in-

463 1684 631 1738 volvit
659 1683 849 1738 exitio.
894 1698 914 1733 ι
948 1678 1039 1733 Sic
1075 1677 1438 1750 philosophus
1497 1683 1553 1730 et
1597 1674 1766 1730 Deum
1810 1671 2048 1728 ostendit

464 1774 740 1830 universis
785 1773 950 1828 rebus
1002 1771 1402 1835 consulentem,
1439 1777 1494 1822 et
1546 1767 1669 1837 ejus
1714 1763 2047 1834 longanimi-

462 1877 627 1923 tatem
658 1881 785 1936 erga
807 1864 1096 1936 quosdam,
1117 1872 1171 1917 et
1199 1861 1348 1933 quod
1368 1861 1499 1916 hinc
1529 1858 1831 1915 insensatis
1858 1870 2050 1926 supcr-

461 1959 614 2013 venit
670 1958 1081 2024 detrimentum,
1115 1964 1171 2010 et
1230 1956 1449 2009 tandem
1496 1961 1821 2016 extremam,
1883 1964 2050 2021 quam

466 2049 603 2118 ipsis
637 2056 794 2118 parat
829 2047 1068 2100 ruinam.
1126 2047 1184 2099 In
1235 2043 1437 2114 Gorgia
1501 2057 1791 2114 pinnarum
1853 2053 2095 2095 causas.

464 2140 706 2194 Ostendit
747 2138 836 2192 his
862 2139 1046 2192 verbis
1078 2152 1094 2192 :
1137 2155 1156 2188 ι
1197 2134 1661 2192 Convenitautem
1697 2132 1923 2188 cuilibet
1955 2130 2052 2201 qui

468 2230 745 2300 supplicio
780 2229 1037 2284 addictus
1070 2236 1175 2294 est,
1205 2237 1258 2282 et
1281 2238 1428 2284 recte
1450 2227 1519 2281 ab
1549 2223 1662 2280 alio
1700 2225 1948 2296 punitur,
1965 2222 2053 2279 vel

467 2333 528 2376 ut
555 2323 746 2376 melior
777 2321 1067 2387 evadat,ct
1096 2321 1311 2375 caeteris
1343 2319 1658 2373 hominibus
1673 2315 2050 2387 sitexemplo:

468 2420 523 2462 ut
552 2409 646 2462 alii
670 2409 1002 2478 supplicium
1034 2408 1156 2478 ejus
1187 2409 1458 2473 videntes,
1494 2407 1789 2462 formidine
1829 2422 2053 2462 carum-

467 2502 594 2556 dem
627 2516 916 2571 pugnarunt
947 2500 1209 2556 meliores
1239 2501 1395 2555 ﬁant.
1446 2499 1512 2556 lli
1544 2501 1796 2556 videlicet
1836 2501 1931 2572 qui
1987 2516 2052 2556 ex

469 2593 578 2646 illis
618 2593 904 2662 suppliciis
939 2593 1230 2647 utilitatem
1255 2593 1504 2662 capiunt,
1565 2600 1621 2648 ct
1653 2592 1765 2648 Deo
1797 2601 1851 2648 et
1874 2592 2056 2647 homi-

468 2686 629 2739 nibus
664 2685 1025 2753 dantpcnnas,
1051 2685 1105 2738 bi
1142 2687 1386 2754 suntqui
1421 2685 1626 2740 leviora
1653 2695 1877 2756 peccata
1902 2701 2056 2740 com-

472 2778 738 2832 miserant
783 2794 795 2830 :
834 2777 970 2847 ipsis
997 2787 1203 2842 autem,
1257 2793 1288 2833 c
1317 2779 1600 2833 doloribus
1635 2788 1688 2832 et
1721 2778 2055 2834 cruciatibus

471 2877 586 2921 tum
618 2869 706 2922 hic
752 2878 863 2921 tum
907 2869 1051 2937 apud
1113 2869 1317 2924 inferos
1369 2869 1578 2924 utilitas
1637 2869 1902 2924 exsistit:
1938 2868 2055 2922 ﬁeri

476 2961 624 3014 enim
661 2977 770 3015 non
820 2969 998 3031 potest
1054 2962 1216 3015 aliter
1257 2971 1317 3016 ut
1349 2977 1379 3016 a
1411 2977 1554 3016 noxa
1606 2961 1928 3016 liberentur.
1967 2949 2052 3014 Ex

469 3051 579 3106 illis
641 3059 820 3104 autem
881 3050 974 3120 qui
1033 3051 1370 3120 gravissimis
1441 3052 1739 3108 sceleribus
1783 3051 2054 3108 contami-

2150 569 2443 640 ρόμενοςῆ
2502 568 2754 638 τιμαῖςῆ
2819 568 2916 621 καὶ
2971 567 3231 637 σώματος
3286 569 3564 640 εὐμορφία
3621 568 3736 638 ἀπα

2146 662 2366 732 νεότητι
2393 659 2548 714 xui.“
2566 658 2724 730 ἀνοίᾳ
2747 658 3008 728 φλέγεται
3023 657 3124 729 τὴν
3147 657 3325 728 ψυχὴν
3351 659 3472 728 μεθ’
3499 657 3734 729 ὕϐρεως,

2146 752 2222 815 ὼς
2253 752 2318 822 δή
2349 751 2463 805 οὔτ’
2491 753 2533 784 ⁶¹
2565 751 2831 821 ἄρχοντος
2858 749 2970 803 οὔτ’
2998 745 3064 804 αὖ
3086 750 3356 818 ἡγεμόνος
3391 750 3434 782 ⁸⁸
3458 749 3731 819 δεόμενος,

2151 844 2290 896 ἀλλά
2320 844 2418 896 καὶ
2443 843 2628 906 ἄλλοις
2656 842 2845 905 ἱκανὸς
2892 840 2968 896 ὢν
3007 841 3265 913 ήγείοοαι
3300 840 3370 908 ⁸³,
3406 841 3739 894 καταλείπε-

2145 954 2237 990 ται
2280 936 2487 1008 ἕρημος
2537 935 2695 1000 Θεοῦ,
2741 933 3129 1005 καταλειφθεὶς
3177 934 3358 988 δὲκαὶ
3411 933 3491 987 ἔτι
3542 934 3737 995 άλλους

2147 1030 2424 1092 τοιούτους
2500 1026 2830 1100 προσλαϐὼν
2873 1026 2919 1060 ⁸⁸
2981 1027 3182 1098 σκιρτᾷ
3230 1027 3520 1098 ταράττων
3577 1025 3736 1080 πάνθ’

2155 1123 2272 1192 ἀμα
2292 1137 2306 1152 ⁸
2333 1121 2428 1174 καὶ
2452 1120 2668 1183 πολλοῖς
2691 1137 2834 1172 τισιν
2867 1117 3048 1184 ἔδοξεν
3087 1115 3229 1172 εἷναί
3250 1137 3324 1184 τι,
3361 1121 3502 1189 μετά
3527 1119 3584 1172 δὲ
3603 1119 3736 1188 χρό-

2152 1232 2242 1268 νον
2271 1215 2314 1246 ⁸⁸
2349 1211 2605 1284 ὑποσχὼν
2633 1212 2912 1284 τιμωρίαν
2943 1213 3005 1265 οὐ
3041 1211 3301 1283 μεμπτὴν
3339 1215 3406 1283 τῇ
3431 1213 3578 1284 δίκῃ.
3611 1213 3741 1264 ὲαυυ

2149 1308 2238 1360 τόν
2268 1323 2326 1359 τε
2355 1303 2497 1378 [καὶ]
2521 1301 2672 1358 οἷκον
2693 1304 2788 1357 καὶ
2822 1303 2977 1357 πόλιν
3003 1303 3173 1374 ἄρδην
3206 1304 3512 1357 ἀνάστατον
3539 1302 3734 1372 ἐποίη-

2153 1414 2267 1450 σεν.
2316 1415 2336 1448 ι
2376 1393 2476 1448 Διά
2505 1393 2664 1446 τοῦτο
2709 1393 2739 1445 ὀ
2765 1391 3060 1462 φιλόσοφος
3112 1392 3209 1446 καὶ
3255 1393 3348 1446 τὸν
3383 1393 3478 1447 τοῦ
3533 1395 3738 1455 παντὸς

2151 1489 2317 1554 ἔδειξε
2352 1488 2628 1560 κηδεμόνα
2655 1487 2753 1541 καὶ
2786 1486 2885 1557 τὴν
2919 1484 3011 1540 ἐπὶ
3039 1485 3206 1540 τινῶν
3257 1487 3484 1539 ἐσκόπει
3527 1502 3738 1556 μακρο-

2150 1583 2352 1653 θυμίαν
2382 1581 2477 1635 καὶ
2498 1582 2600 1651 τὴν
2637 1578 2893 1635 ἐντεῦθεν
2916 1581 3030 1644 τοῖς
3067 1580 3320 1650 ἀνοήτοις
3362 1578 3737 1649 προσγινομέ-

2149 1693 2248 1746 νην
2271 1675 2452 1746 λώϐην
2483 1673 2579 1729 καὶ
2627 1673 2728 1744 τὴν
2759 1670 3055 1744 ἐσύστερον
3104 1673 3289 1734 αὐτοῖς
3327 1671 3738 1741 ἐπιφερομένην

2157 1766 2547 1839 πανολεθρίαν.
2600 1766 2691 1820 Ἐν
2725 1765 2782 1818 δὲ
2821 1765 2899 1836 τῷ
2939 1765 3164 1835 Γοργίᾳ
3204 1765 3303 1817 καὶ⁵
3333 1763 3433 1833 τῆς
3465 1763 3740 1832 τιμωρίας

2083 1834 2122 1890 Β
2152 1860 2304 1930 δηλοῖ
2331 1834 2433 1923 τάξ
2465 1858 2648 1922 αἰτίας
2700 1834 2879 1927 λέγω
2931 1857 3031 1912 ὡδί
3056 1834 3082 1888 οί
3118 1875 3137 1908 ι
3171 1853 3447 1929 Προσήκει
3478 1854 3534 1908 δι
3564 1857 3735 1908 παντὶ

2151 1953 2232 2023 τῷ
2293 1953 2352 2004 ὲν
2401 1950 2652 2021 τιμωρίᾳ
2698 1949 2840 2014 ὄντι,
2880 1949 2975 2002 ὑπ’
3026 1949 3191 2004 ἄλλου
3240 1947 3420 2019 ὀρθῶς
3467 1963 3744 2018 τιμωρου-

2157 2045 2306 2116 μένῳ
2335 2044 2382 2076 ⁸⁸
2411 2044 2445 2115 ἢ
2483 2043 2699 2114 βέλτιον
2727 2040 2775 2073 ⁸⁷
2820 2041 3074 2111 γίνεσθαι
3129 2041 3226 2095 καὶ
3259 2038 3574 2112 ὠνήσασθαι
3625 2037 3672 2070 ⁸⁸
3705 2038 3740 2109 ἢ

2153 2138 2518 2210 παράδειγμα
2547 2137 2593 2170 ⁸⁸
2619 2136 2807 2200 ἄλλοις
2836 2135 3111 2205 γίνεσθαι,
3149 2133 3217 2188 ἶν’
3259 2135 3461 2188 ὲκείνοι
3489 2132 3538 2164 ⁷⁸
3567 2131 3744 2203 ὀρῶν-

2152 2246 2246 2293 τες
2283 2229 2566 2300 πάσχοντα
2594 2227 2632 2282 ἀ
2667 2229 2870 2298 πάσχει
2897 2227 2967 2292 ⁷⁸,
3001 2225 3334 2296 φοϐούμενοι
3363 2225 3474 2296 (⁵1⁸)
3499 2222 3745 2294 βελτίους

2152 2319 2479 2388 γίγνωνται.
2524 2318 2649 2373 Εἰσὶ
2670 2317 2729 2371 δὲ
2761 2320 2810 2371 oi
2841 2316 3218 2388 ὠφελούμενοι
3256 2317 3356 2388 μὲν
3393 2316 3440 2350 ⁷³
3460 2317 3556 2369 καὶ
3585 2315 3746 2384 δίκην

2153 2413 2392 2473 διδόντες
2420 2412 2528 2465 ὑπὸ
2572 2411 2712 2466 Θεοῦ
2783 2410 2881 2465 καὶ
2921 2411 2969 2443 ⁷³
3020 2409 3331 2480 ἀνθρώπων
3380 2402 3527 2462 οῦτοι
3572 2408 3622 2461 οἱ
3677 2407 3744 2460 ἀν

2159 2503 2357 2574 ἰάσιμα
2410 2503 2796 2574 ἁμαρτήματα
2834 2502 3230 2574 ἁμαρτάνωσιν
3279 2501 3344 2567 ⁷⁵,
3377 2501 3530 2572 ὅμως
3574 2499 3632 2553 δὲ
3671 2499 3742 2552 δι’

2155 2596 2472 2668 ἀλγηδόνων
2531 2596 2628 2650 καὶ
2665 2596 2871 2650 ὀδυνῶν
2921 2595 3137 2663 γίνεται
3191 2594 3380 2656 αὐτοῖς
3414 2592 3574 2666 ήθι
3602 2591 3752 2661 ὠφέ-

2155 2688 2302 2754 λεια,
2325 2687 2562 2742 κάνθάδε
2588 2688 2684 2742 καὶ⁵
2711 2688 2768 2740 ὲν
2828 2688 2984 2758 ᾍδου
3008 2701 3022 2716 ⁸
3057 2686 3119 2741 οὐ
3152 2684 3258 2756 γὰρ
3277 2679 3451 2738 οἷόντε
3486 2685 3662 2748 άλλως
3699 2685 3746 2716 ⁷⁸

2156 2783 2608 2839 ἀπαλλάττεσοαι
2628 2799 2642 2814 ο
2683 2783 2734 2836 oi
2764 2782 2844 2846 δὲ,
2880 2780 3061 2835 ὲάντά
3084 2780 3292 2850 ἔσχατα
3311 2779 3618 2849 ἀδικήσωσι
3651 2791 3750 2830 και

2155 2876 2247 2931 διὰ
2273 2877 2344 2930 τά
2382 2878 2427 2913 ⁷⁸
2462 2878 2690 2932 τοιαῦτα
2716 2875 3034 2946 ἀδικήματα
3067 2871 3281 2928 ἀνίατοι
3314 2873 3357 2904 ⁷⁷
3399 2872 3636 2941 πάμπαν
3661 2869 3755 2936 γέ.

2158 2983 2385 3030 νωνται,
2423 2966 2663 3020 ἐνταῦϐα
2697 2967 2767 3020 τά
2801 2965 3233 3037 παραδείγματα
3285 2965 3530 3032 γίνονται
3559 2963 3627 3026 ⁷⁸,
3655 2964 3750 3014 καὶ

2156 3051 2308 3112 οῦτοι
2344 3059 2390 3092 ⁷³
2425 3060 2526 3132 μὲν
2555 3059 2743 3114 οὐκέτι
2761 3059 3039 3113 ὀνίνανται
3063 3057 3131 3120 ⁸ο,
3157 3055 3256 3110 άτε
3272 3055 3482 3109 ἀνίατοι
3503 3053 3656 3115 ὄντες
3675 3053 3748 3085 ⁸⁸⁸

471 3141 584 3197 uati
641 3141 886 3206 fuerint,
949 3144 1170 3213 illisque
1221 3146 1357 3199 adeo
1427 3143 1645 3214 iujustis
1722 3144 2052 3200 facinoribus

2160 3151 2314 3206 ἄλλοι
2341 3152 2400 3205 δὲ
2445 3151 2724 3208 ὀνίνανται
2754 3151 2805 3205 οί
2857 3150 3089 3213 τούτους
3138 3147 3377 3220 ὁρῶντες
3429 3147 3519 3200 διὰ
3572 3145 3671 3210 τὰς
3701 3146 3749 3178 ⁸⁸

473 3234 807 3289 insanabiles
899 3235 1252 3302 exstiterint,
1328 3235 1575 3305 exempla
1632 3245 2054 3306 proponuntur:

471 3325 576 3394 ipsi
644 3340 774 3380 vero
850 3326 1059 3380 nullum
1137 3327 1263 3381 inde
1357 3328 1582 3396 capiunt
1642 3327 2056 3397 adiumentum,

471 3421 675 3492 quippe
727 3424 817 3492 qui
871 3423 1204 3478 insanabiles
1254 3425 1401 3490 sint;
1449 3423 1541 3477 alii
1588 3438 1720 3477 vero
1769 3423 2056 3477 utilitatem

473 3513 802 3582 percipiunt,
869 3514 1030 3568 hosce
1085 3522 1305 3583 propter
1361 3530 1457 3569 sua
1513 3525 1733 3583 peccata
1782 3527 1837 3569 et
1884 3515 2058 3568 maxi-

475 3621 596 3660 mas
631 3619 682 3660 ct
715 3606 1178 3666 horrendissimas
1226 3618 1280 3662 ct
1329 3607 1544 3662 inﬁnito
1573 3607 1762 3661 dolore
1806 3608 2057 3661 cumula-

475 3707 581 3762 tas,
627 3712 831 3766 easque
903 3702 1268 3769 sempiternas
1325 3713 1517 3768 poenas
1559 3698 1668 3769 pati
1720 3699 1992 3752 videntes.
2031 3715 2052 3750 ι

478 3786 604 3842 llaec
683 3790 896 3843 videtur
972 3791 1413 3860 sapientissimus
1486 3789 1642 3844 Plato
1722 3804 1789 3844 ex
1859 3790 2060 3845 divinis

477 3880 732 3934 hausisse
788 3880 1125 3950 Scripturis;
1195 3881 1438 3950 profecto
1487 3881 1633 3936 enim
1685 3882 1887 3937 audivit
1935 3897 2059 3951 qua:

475 3983 570 4038 per
602 3970 824 4040 Moysen
853 3987 880 4025 a
910 3970 1022 4028 Deo
1065 3973 1132 4025 ad
1175 3971 1517 4026 Pharaonem
1551 3973 1696 4027 dicta
1731 3983 1859 4028 sunt
1889 3990 1904 4027 :
1945 3974 2058 4030 «Ad

477 4065 580 4115 hoc
631 4063 862 4117 excitavi
915 4074 986 4128 te,
1023 4073 1085 4118 ut
1139 4064 1424 4119 ostendam
1477 4065 1532 4118 in
1569 4074 1620 4120 te
1680 4063 2056 4122 fontitudinem

477 4167 675 4216 meam,
725 4161 780 4206 et
837 4161 897 4206 ut
945 4154 1304 4208 annuutietur
1347 4169 1542 4208 nomen
1583 4169 1766 4208 meum
1817 4155 1870 4208 in
1909 4155 2056 4208 onmi

478 4254 648 4298 terra.
678 4262 695 4295 ι
733 4243 872 4298 Cum
899 4245 1046 4299 enim
1077 4247 1305 4300 omnino
1333 4245 1614 4316 improbus
1639 4246 1728 4301 ille
1756 4246 1939 4300 factus
1972 4261 2059 4300 es-

478 4347 580 4403 set,
636 4337 816 4391 omnis
861 4338 1080 4409 generis
1135 4354 1326 4408 pmnas
1355 4341 1570 4394 induxit
1599 4355 1763 4408 super
1789 4355 1918 4394 eum
1950 4338 2060 4394 Do-

479 4431 680 4494 minus,
725 4445 834 4483 non
873 4440 932 4484 ut
960 4432 1238 4485 meliorem
1274 4448 1333 4487 se
1363 4432 1646 4487 exhiberet
1686 4433 1776 4488 ille
1811 4431 2060 4502 (noverat

2165 3245 2434 3315 μεγίστας
2460 3245 2742 3316 ἁμαρτίας
2759 3244 2856 3298 καὶ
2884 3242 3254 3314 ὀδυνηρότερα
3278 3240 3374 3295 καὶ
3393 3239 3749 3310 φοϐερώτερα

2169 3336 2319 3408 πάθη
2355 3337 2675 3408 πάσχοντας
2703 3318 2827 3370 ⁸⁸⁸⁸⁸
2852 3337 2946 3390 τὸν
2967 3336 3054 3389 ἀεὶ
3077 3336 3272 3407 χρόνον
3299 3331 3540 3403 ἀτεχνῶς
3567 3331 3614 3366 ⁸³
3646 3349 3751 3385 πα-

2162 3428 2507 3498 ραδείγματα
2540 3429 2606 3483 ⁸⁸.
2646 3447 2665 3481 ι
2708 3428 2784 3500 (7)
2839 3427 3026 3481 Ταῦτα
3064 3427 3123 3480 δὲ
3179 3426 3357 3479 ἔοικεν
3380 3428 3407 3478 ὀ
3435 3422 3750 3494 σοφώτατος

2165 3515 2389 3569 Πλάτων
2420 3518 2486 3569 ὲκ
2511 3517 2624 3570 τῶν
2655 3513 2821 3570 Θείων
2873 3515 3239 3588 σεσυληκέναι
3285 3515 3461 3583 λόγων
3482 3530 3496 3545 ο
3542 3514 3748 3584 ἢκουσε

2160 3605 2272 3677 γὰρ
2311 3607 2531 3670 πάντως
2571 3607 2641 3661 τά
2690 3608 2778 3660 διὰ
2831 3609 3113 3672 Μωῦσέως
3144 3608 3234 3660 ἐπὶ
3285 3606 3421 3660 Θεοῦ
3483 3607 3624 3678 πρὸς
3653 3605 3750 3660 τδν

2159 3698 2363 3770 Φαραὼ
2395 3700 2690 3770 λεχθέντα’
2721 3701 2784 3754 τό
2804 3717 2816 3731 ·
2856 3719 2875 3753 ι
2915 3703 3009 3765 Εἰς
3030 3700 3163 3754 αὐτὸ
3189 3700 3349 3755 τοῦτο
3369 3701 3632 3772 ἐξήγειρά
3664 3717 3751 3758 σε.

2161 3793 2310 3856 ὅπως
2341 3793 2666 3863 ἐνδείξωμαι
2700 3795 2756 3845 ἓν
2792 3796 2875 3846 σοὶ
2902 3794 3002 3864 τὴν
3049 3793 3282 3862 δύναμίν
3316 3810 3439 3862 μου,
3471 3794 3565 3845 καὶ
3599 3793 3752 3855 ὅπως

2160 3883 2423 3955 διαγγελῇ
2470 3887 2532 3938 τὸ
2561 3884 2735 3955 δνομά
2770 3902 2872 3954 μου
2905 3886 2966 3938 ιν
3012 3885 3162 3956 πάσῃ
3209 3887 3275 3956 τῇ
3305 3887 3376 3954 γῇ
3411 3882 3477 3937 ⁸⁷.
3514 3901 3532 3935 ι
3591 3884 3752 3952 Παμ-

2161 3980 2383 4048 ποιήρῳ
2411 3979 2519 4049 γάρ
2550 3995 2633 4032 τοι
2663 3977 3022 4047 γεγενημένῳ
3050 3978 3244 4044 ἐκείνῳ
3268 3974 3620 4038 παντοδαπὰς
3651 3975 3753 4028 καὶ

2160 4069 2412 4133 κολάσεις
2443 4071 2729 4138 ἐπήγαγεν
2757 4069 2908 4138 αὐτῷ
2931 4069 2960 4120 ὀ
2985 4067 3139 4131 Θεὸς.
3165 4066 3266 4137 οὐχ
3288 4066 3431 4120 ὥστε
3461 4067 3748 4136 ἀποφῆναι

2163 4161 2412 4232 βελτίονα
2443 4189 2515 4199 -
2540 4160 2658 4231 ᾔδει
2692 4160 2799 4229 γὰρ
2831 4159 3000 4213 αὐτοῦ
3031 4157 3242 4212 καὶτὸν
3268 4157 3392 4210 νοῦν
3450 4157 3749 4210 ἀντίτυπον

2162 4253 2260 4305 καὶ
2285 4251 2345 4304 τὸ
2370 4252 2542 4314 πάθος
2572 4251 2878 4322 ἀνήκεστον
2898 4280 2971 4290 —
3001 4251 3116 4303 ἀλλ’
3141 4250 3291 4311 ὅπως
3318 4249 3388 4301 τά
3429 4248 3562 4319 περὶ
3606 4247 3758 4300 ὲκεί-

2163 4361 2256 4401 νου
2283 4345 2600 4415 διηγήματα
2640 4344 2808 4398 πᾶσιν
2846 4341 3118 4414 ὠφελείας
3164 4342 3428 4410 γένωνται
3485 4339 3753 4411 παραδεί-

2164 4450 2373 4505 γματα.
2411 4433 2683 4505 Καθάπερ
2740 4435 2851 4505 γὰρ
2881 4435 2940 4488 αί
2974 4435 3158 4496 πόλεις
3213 4433 3472 4506 τρέφουσι
3497 4434 3622 4496 τοὺς
3654 4432 3755 4501 δη-

475 4522 624 4574 cnim
688 4521 847 4576 istius
901 4533 1136 4576 mentem
1187 4535 1568 4578 contumacem
1609 4532 1665 4578 et
1698 4523 2052 4578 insanabilem

2166 4528 2348 4598 μίους,
2381 4527 2526 4582 ὥστε
2555 4529 2687 4592 τοὺς
2726 4527 3091 4599 ἀνδροφόνους
3128 4529 3222 4581 καὶ
3251 4524 3631 4598 τοιχωρύχους
3655 4525 3756 4578 καὶ

479 4613 793 4682 malitiam),
831 4615 925 4669 scd
960 4625 1019 4669 ut
1045 4630 1108 4670 ea
1137 4631 1260 4686 qua;
1294 4617 1360 4672 de
1389 4618 1507 4687 ipso
1535 4615 2052 4672 circumferebantur

2160 4619 2289 4682 τοὺς
2319 4613 2496 4682 άλλως
2518 4618 2978 4689 παρανομοῦντας
3009 4617 3284 4682 κολάζειν,
3307 4618 3408 4670 οὐκ
3430 4615 3754 4671 ἐπαινοῦσαι

477 4706 737 4760 oninibus
789 4707 940 4761 utilia
995 4708 1243 4778 exempla
1302 4709 1512 4764 tierent.
1579 4707 2052 4774 Quemadmodum

2164 4709 2264 4775 μὲν
2296 4710 2498 4778 αὐτῶν,
2553 4711 2691 4764 ἀλλά
2723 4712 2819 4764 καὶ
2860 4710 2982 4765 λίαν
3038 4710 3300 4782 μισοῦσαι
3350 4712 3452 4780 τὴν
3500 4710 3596 4763 τοῦ
3629 4709 3752 4780 βίου

477 4800 623 4853 enim
652 4799 904 4855 civitates
936 4801 1222 4858 carniﬁces
1255 4793 1410 4856 alunt
1439 4802 1505 4856 ad
1544 4801 1850 4872 puniendos
1881 4801 2052 4856 homi-

2160 4801 2506 4872 προαίρεσιν,
2553 4802 2886 4874 ἀνεχόμεναι
2933 4804 2990 4856 δὲ
3040 4804 3140 4873 τῆς
3188 4802 3396 4857 τούτων
3444 4803 3755 4872 ὑπηρεσίας

480 4889 652 4958 cidas,
704 4891 1056 4960 eil‘ractores,
1123 4902 1179 4948 et
1235 4903 1464 4949 caeteros
1517 4893 1693 4965 legum
1755 4903 2052 4963 transgres-

2159 4895 2249 4950 διὰ
2279 4897 2378 4967 τὴν
2408 4897 2622 4968 χρείαν,
2648 4897 2824 4963 οὕτως
2858 4899 2887 4952 ὀ
2923 4896 3020 4950 τοῦ
3065 4895 3272 4968 κόσμου
3321 4895 3610 4968 πρύτανις,
3659 4889 3755 4948 οἷα

1677 5143 1871 5205 Variae
1911 5143 2216 5206 lectiones
2247 5153 2308 5206 et
2342 5151 2529 5206 notae.

2045 5400 2088 5473 i'
2117 5401 2166 5454 δι
2199 5403 2343 5466 τινδῖ
2374 5403 2466 5473 ἠγ.
2498 5402 2576 5456 PI.
2633 5402 2722 5473 _”
2744 5405 2890 5472 δ.ηγ.
2941 5405 3065 5458 cod.
3169 5405 3213 5437 “
3238 5405 3416 5460 λαλῶν
3466 5426 3554 5463 σκ.
3625 5408 3753 5463 cod.

1912 5471 2163 5543 βελτίονι.
2243 5473 2289 5504 ⁸⁸
2320 5469 2603 5526 ὀνίνασθαι
2633 5469 2712 5543 ΡΙ.
2755 5469 2935 5526 5251}:
2999 5476 3043 5506 ⁸⁸
3074 5477 3186 5540 τοῖς
3211 5476 3291 5532 ΡΙ.
3387 5479 3432 5510 ⁷⁰
3463 5481 3550 5533 ἵνα
3600 5480 3757 5534 ἄλλοι

582 5617 590 5620 _
614 5543 739 5620 _“_&
781 5543 891 5620 av.
934 5545 1141 5620 πάσχῃ-
1165 5541 1244 5598 l‘l.
1279 5541 1528 5620 _:_"p_é_v
1662 5560 1723 5620 τε
1751 5542 1827 5596 Pl.
1913 5541 2246 5620 "ﬂama:
2287 5544 2383 5598 καί
2630 5541 2677 5573 ⁷⁸
2708 5543 3091 5620 ἁμαρτάνουσι
3131 5549 3256 5620 cod.
3323 5549 3613 5620 ἁμάρτωσι
3671 5551 3756 5605 l'l.

478 5615 523 5644 ⁷⁵
571 5615 782 5678 ἀδικίας
835 5614 914 5667 ΡΙ.
993 5615 1038 5645 ⁷⁸
1071 5613 1156 5667 cla
1194 5633 1243 5667 τ.
1279 5613 1358 5667 ΡΙ.
1471 5614 1512 5643 ⁷⁷
1539 5615 1629 5668 ἀν.
1665 5615 1954 5680 γένωνται,
1991 5614 2056 5665 ἐκ
2089 5614 2319 5666 τούτων.
2415 5614 2460 5645 ⁷⁸
2492 5613 2740 5682 γίγνεται
2771 5613 2850 5667 Pl.
2933 5615 2976 5646 "’
3011 5617 3167 5670 αὐτοί
3211 5617 3297 5672 ΙΙΙ.
3364 5613 3611 5672 “esse:
3676 5620 3760 5675 Pl.

478 5682 519 5712 "
555 5686 752 5760 ἀνίατα
801 5685 931 5760 ὄντα
966 5685 1094 5760 cod.
1206 5683 1366 5760 {ﬂendi
1406 5682 1505 5743 τὰς
1530 5684 1584 5760 ά,
1614 5683 1984 5760 τάῌμ-ἐγιστα
2032 5683 2127 5760 καὶ
2175 5683 2547 5760 ὀδμγηρότατα
2599 5683 3109 5760 καὶ-φοϐερώτατα
3135 5687 3215 5742 ΡΙ.
3293 5691 3416 5723 ⁸³·⁸⁸
3452 5691 3759 5760 πάσχοντες

481 5757 574 5807 καὶ
626 5756 717 5807 τόν
763 5757 885 5809 cod.
964 5753 1011 5786 ⁸⁵
1054 5755 1423 5808 παοαΘέονται
1482 5754 1606 5808 cod.
1685 5753 1731 5785 ⁸⁸
1769 5755 2052 5820 ἀνηρτημέ

2157 5770 2181 5817 ς
2232 5754 2311 5809 Pl.
2344 5753 2352 5756 Ἴ
2386 5755 2432 5788 ⁸⁷
2458 5755 2556 5809 Ex.
2597 5767 2673 5818 tv,
2712 5753 2796 5807 16.

551 5405 596 5436 ⁸⁸
639 5401 832 5474 ἀγνοίᾳ
866 5403 1067 5474 μάλλον
1096 5403 1219 5458 cod.
1251 5403 1418 5474 gloss.
1513 5402 1557 5432 “
1590 5402 1666 5466 ὡς
1701 5401 1814 5455 οὔτ’
1863 5402 1942 5474 Pl.

484 5474 528 5545 ⁸⁵
559 5477 619 5528 οὐ
675 5472 844 5545 ιτρλύν
904 5472 986 5528 ΡΙ.
1061 5475 1106 5505 ⁸⁸
1146 5472 1580 5545 τιμωρουμέιου
1614 5474 1776 5545 rod:
1828 5474 1870 5504 ⁸⁷
