4168 6474
537 369 643 437 133

1746 360 2210 426 CHRONICON.
2260 389 2319 397 -
2365 362 2513 423 LIB.
2562 362 2609 421 f.

3711 364 3812 431 1'34

538 474 943 548 δημίουςτινάς
991 472 1249 542 γενέσθαι
1301 474 1575 544 συγχωρεῖ
1627 473 1753 537 τοὺς
1798 473 2121 545 τυράννους,

2230 487 2407 539 sores,
2452 487 2558 526 non
2590 471 2907 542 probantes,
2930 474 3023 530 sed
3054 483 3275 530 econtra
3299 490 3512 530 summo
3540 476 3662 531 ultio
3690 494 3813 547 prn-

536 570 677 623 ὦστε
712 566 805 621 διά
846 565 1059 619 τούτων
1118 566 1308 638 ποινὴν
1360 566 1486 629 τοὺς
1529 564 1988 636 παρανομοῦντας
2028 564 2125 618 καὶ

532 659 877 723 ἀσεϐοῦντας
903 658 1263 729 εἰσπράττειν
1288 673 1301 689 °
1352 656 1581 725 ὕστερον
1611 655 1667 708 δὲ
1692 657 1786 709 καῖ⁸
1826 656 1983 709 αὐτοὶ
2017 674 2125 710 πα-

536 753 937 825 ραδοθήσονται
998 750 1318 820 τιμωρίαις,
1373 749 1679 821 ἐπειδήπερ
1738 750 1836 820 οὐχ
1880 750 1956 813 ὡς
2004 749 2123 821 Θεῷ

534 844 945 909 διακονοῦντες,
984 842 1105 897 ἀλλ’
1142 842 1321 913 οίκείᾳ
1368 842 1606 915 πονηρίᾳ.
1658 842 2026 907 δουλεύοντες,
2056 842 2126 896 τὰ

530 938 690 991 δεινά
723 936 1055 1007 δεδράκασιν
1113 936 1321 989 ἐκεῖνα.
1380 934 1565 997 Οὖτως
1622 935 1984 1006 ἡμαρτηκότα
2030 934 2125 990 τὸν

546 1029 771 1101 Ἰσραὴλ
803 1032 869 1101 τῇ
893 1029 1006 1083 τῶν
1045 1026 1355 1098 Ἀσσυρίων
1400 1025 1647 1097 ὠμότητι
1683 1028 1989 1097 παρέδωκε,
2028 1028 2123 1081 καὶ

532 1120 730 1191 ἐπειδὴ
778 1120 836 1175 δὲ
888 1120 983 1174 τὸν
1045 1119 1292 1174 τοιοῦτον
1324 1118 1426 1173 οὑκ
1466 1117 1717 1187 ἔγνωσαν
1751 1120 1975 1184 σκοπὸν,
2028 1121 2125 1175 καὶ

533 1210 746 1264 τούτων
769 1208 1087 1273 καταλύσας
1106 1207 1206 1279 τὴν
1234 1208 1582 1274 δυναστείαν,
1608 1209 1817 1281 ἑτέροις
1847 1210 2122 1265 δουλεύειν

532 1302 880 1371 ἠνάγκασεν,
914 1300 990 1364 ὡς
1022 1300 1323 1374 διαρρήδην
1376 1301 1428 1353 οί
1459 1299 1740 1373 προφῆται
1779 1300 2143 1375 διδάσκουσι,

530 1394 671 1463 παρ’
704 1385 780 1446 ὧν
810 1395 837 1447 6
872 1392 1102 1446 Πλάτων
1154 1391 1253 1455 τὰς
1300 1391 1558 1462 ἀφορμὰς
1598 1391 1882 1461 κεκλοφὼς
1939 1393 2121 1445 τοιάδε

533 1486 643 1556 ἔφη
678 1486 807 1548 τοὺς
853 1485 1094 1546 ἀνιάτως
1125 1484 1504 1554 διακειμένους
1522 1484 1603 1546 εἰς
1623 1483 1893 1553 ὠφέλειαν
1915 1483 2121 1553 ἑτέρων

532 1578 918 1632 παιδεύεσθαι.
950 1577 1028 1648 (8)
1047 1577 1156 1631 Καὶ
1181 1579 1282 1647 μέν
1308 1575 1392 1629 τοί
1423 1592 1486 1643 γε
1506 1577 1603 1628 καὶ⁵
1625 1575 1887 1646 περὶτῶν
1909 1575 2121 1646 λήξεων

534 1674 636 1726 καὶ
658 1668 1108 1740 ἀποκληρώσεως
1135 1668 1245 1723 τῶν
1278 1666 1468 1738 ψυχῶν
1495 1667 1523 1719 6
1562 1665 1876 1736 σοφώτατος
1929 1670 1984 1719 ἐν
2011 1667 2121 1737 62

532 1764 612 1834 τῷ
641 1763 924 1817 Φαίδωνα
946 1763 1111 1816 πάλιν
1141 1761 1306 1832 φησίν
1325 1760 1402 1792 ⁸⁸·
1431 1779 1449 1811 ι
1487 1760 1546 1812 '0
1580 1758 1679 1827 μὲν
1701 1759 1984 1822 ἀτέλεστος
2026 1760 2120 1812 καὶ

2228 570 2519 632 sequentes
2549 562 2949 629 carnificinam,
2998 564 3215 619 illorum
3264 574 3442 620 tamen
3490 567 3808 622 adhibentes

2226 654 2595 710 ministerium
2654 655 2723 709 ob
2781 656 3188 721 necessitatem,
3250 658 3321 712 ita
3371 659 3557 713 mundi
3591 659 3809 721 ltector,

2228 746 2549 801 carnificum
2594 746 2739 809 loco,
2802 748 2932 803 sinit
2962 763 3083 804 esse
3111 757 3392 820 tyrannos,
3444 758 3505 805 ut
3536 765 3630 819 per
3662 751 3811 819 ipsos

2225 853 2443 909 poenam
2498 839 2944 908 praevaricatores
3001 847 3056 894 et
3117 840 3268 910 impii
3342 841 3691 910 persolvant;
3755 852 3812 894 at

2230 938 2419 998 postea
2452 928 2737 983 tradentur
2766 928 2872 998 ipsi
2923 943 3143 1000 quoque
3195 931 3499 1001 suppliciis,
3551 933 3808 999 quoniam

2228 1034 2336 1073 non
2367 1020 2524 1089 quasi
2558 1019 2669 1075 Deo
2701 1020 3101 1086 ministrantes,
3132 1024 3226 1078 sed
3263 1039 3378 1079 suae
3402 1024 3646 1093 ipsorum
3685 1039 3774 1077 scr
3797 1056 3811 1064 -

2225 1110 2435 1165 vientes
2468 1110 2709 1177 malitire,
2740 1127 2807 1167 ea
2835 1111 3043 1169 scelera
3084 1124 3486 1185 perpetrat-unt.
3557 1114 3650 1169 Sic
3684 1131 3808 1169 cum

2222 1213 2509 1271 peccasset
2536 1202 2725 1269 lsrael,
2782 1202 2961 1273 ipsum
3006 1205 3321 1261 crudelibus
3354 1206 3595 1276 Assyriis
3643 1208 3809 1260 trod.-

2223 1296 2325 1359 dit,
2354 1304 2409 1349 et
2443 1311 2566 1351 cum
2592 1295 2735 1351 hanc
2767 1312 2878 1351 non
2909 1298 3262 1368 agnovissent
3306 1308 3566 1363 mentem,
3619 1314 3809 1353 everso

2224 1388 2469 1457 ipsorum
2498 1403 2689 1460 regno,
2726 1388 2851 1445 aliis
2892 1390 3099 1445 servire
3124 1390 3321 1460 coegit,
3352 1400 3413 1444 ut
3446 1400 3631 1459 aperte
3678 1405 3807 1455 pro-

2224 1483 2400 1549 pheta:
2458 1480 2690 1547 docent;
2763 1496 2794 1534 a
2846 1480 3046 1550 quibus
3095 1481 3251 1536 Plato
3321 1493 3622 1551 opportune
3672 1482 3809 1536 dixit

2222 1588 2319 1627 eos
2346 1574 2437 1641 qui
2470 1573 2805 1629 insanabiles
2853 1583 2983 1630 sunt
3032 1574 3101 1630 ad
3154 1575 3446 1631 utilitatem
3482 1585 3803 1630 cancrorum

2224 1665 2503 1734 castigari.
2543 1663 2816 1721 Praeterea
2848 1665 2918 1721 de
2944 1667 3252 1721 animarum
3305 1677 3452 1721 sorte
3498 1676 3619 1735 post
3652 1680 3806 1719 mor-

2229 1762 2372 1821 tem,
2431 1754 2873 1824 sapientissimus
2930 1756 3019 1810 ille
3065 1756 3149 1811 vir
3197 1757 3252 1809 in
3296 1755 3563 1809 Pluedone
3615 1770 3806 1809 rursus

534 1857 851 1928 ἀκάθαρτος
879 1859 964 1922 είς
991 1855 1161 1928 ’ᾼδην
1200 1854 1534 1925 ἀφικόμενος
1570 1856 1628 1907 ἐν
1655 1853 1908 1924 βορϐόρῳ
1935 1850 2121 1905 κείσε-

2227 1846 2447 1901 όὶρὶιει
2507 1844 2870 1916 Imperfectus
2898 1857 2952 1902 et
3001 1848 3251 1917 impurus
3303 1865 3427 1903 cum
3472 1849 3537 1901 ad
3593 1846 3805 1901 inferos

536 1967 660 2003 ται·
696 1954 727 2004 6
772 1950 833 2005 δὲ
888 1947 1283 2019 τετελεσμένος
1335 1949 1432 2002 καὶ
1480 1945 1902 2018 κεκαθαρμένος
1940 1935 2122 1998 ἐκεῖσε

540 2041 943 2112 μεταχωρήσας
1000 2040 1141 2109 μετὰ
1172 2038 1308 2091 Θεοῦ
1355 2037 1672 2092 οἰκειώσει·
1724 2036 1818 2091 τὸν
1851 2036 1953 2109 μὲν
2010 2036 2123 2107 γὰρ

533 2131 763 2195 δικαίως
785 2132 879 2184 τὸν
916 2130 1032 2200 βίον
1064 2128 1477 2201 μετεληλυθότα
1521 2131 1617 2185 καὶ
1662 2130 1852 2196 ὁσίως,
1897 2129 2122 2186 ἐπειδάν

532 2221 873 2293 τελευτήσει,
913 2222 995 2286 είς
1027 2222 1311 2293 Μακάρων
1345 2225 1547 2289 νήσους
1594 2221 1829 2279 ἀπιόντα
1854 2222 2027 2276 οίκείν
2064 2223 2122 2276 ὲν

536 2312 700 2383 πάσῃ
735 2312 1052 2383 εὐδαιμονία
1079 2313 1267 2367 κακῶν
1298 2312 1480 2379 ἐκτὸς,
1531 2311 1624 2365 τὸν
1676 2312 1736 2366 δὲ
1794 2310 1996 2377 ἀδίκως
2029 2313 2123 2366 καὶ

543 2403 730 2466 ἀθέως
753 2406 833 2466 εἰς
859 2405 919 2457 τὸ
936 2404 1034 2476 τῆς
1067 2402 1305 2475 κρίσεώς
1320 2422 1381 2460 τε
1410 2406 1505 2460 καὶ
1534 2404 1690 2474 δίκης
1716 2404 2118 2477 δεσμωτήριον,

547 2493 668 2565 δδὴ
695 2495 968 2567 Τάρταρον
996 2495 1285 2566 καλοῦσιν,
1344 2496 1486 2552 ίὲναι
1533 2497 1630 2551 καὶ
1679 2495 1826 2551 οὕτω
1887 2496 2120 2567 γυμνὸν,

546 2585 739 2639 ἔπειτα
766 2589 977 2658 κριτέον
1006 2588 1264 2643 ἁπάντων
1284 2588 1492 2643 τούτων
1511 2605 1525 2621 ·
1556 2587 1860 2653 τεθνεῶτας
1875 2590 1985 2659 γάρ
2008 2588 2120 2659 (71»)

537 2675 605 2745 δὴ
634 2676 936 2747 κρίνεσθαι,
974 2679 1060 2733 ἵνα
1098 2678 1290 2733 δικαία
1319 2681 1352 2751 ἠ
1380 2678 1562 2751 κρίσις
1591 2679 1687 2733 τοῦ
1720 2680 1914 2751 κριτοῦ
1958 2680 2119 2750 γένη-

534 2782 649 2821 ται.
694 2785 716 2819 ι
755 2767 943 2834 Οὕτως
1001 2772 1030 2825 6
1062 2770 1292 2826 Πλάτων
1342 2770 1591 2843 ἀκριϐῶς
1624 2770 1950 2826 ἐπίστευσεν
1975 2767 2121 2826 εἶναι

530 2859 602 2911 τά
626 2862 687 2913 ὲν
713 2860 875 2929 ’ᾼδου
908 2864 1191 2937 κριτήρια.
1246 2864 1323 2935 (9)
1384 2862 1654 2933 Ἐντυχὼν
1686 2862 1795 2932 γὰρ
1844 2861 2120 2933 Ἑϐραίοις

530 2953 591 3004 ὲν
652 2954 941 3025 Αἰγύπτῳ,
1002 2956 1112 3009 τῶν
1172 2954 1532 3026 προφητικῶν
1587 2953 1786 3022 λογίων
1832 2950 2120 3015 ἀσπασίως

530 3043 738 3113 ηκιυσε
770 3046 867 3100 καὶ
890 3046 981 3102 τὸν
1007 3046 1102 3100 τοῦ
1136 3048 1309 3119 πυρὸς
1340 3047 1588 3119 ποταμὸν
1617 3047 1847 3118 ἔμαθεν,
1882 3046 1942 3101 ὃν
1965 3046 1993 3099 6
2025 3046 2123 3118 μέ-

532 3151 638 3202 γας
676 3137 949 3193 ἐθεάσατο
977 3139 1203 3212 Δανιὴλ,
1231 3143 1327 3195 καὶ
1359 3140 1486 3205 τοὺς
1524 3140 1755 3193 Ἡσαΐου
1780 3139 1877 3193 τοῦ
1911 3138 2121 3192 θειοτά-
2147 3176 2192 3236 C

531 3243 630 3280 του
668 3230 954 3302 μεμύηται
983 3231 1199 3301 λόγους,
1234 3233 1292 3287 ὲν
1325 3227 1404 3296 οἷς
1459 3249 1597 3304 φησι
1623 3232 1753 3304 περὶ
1797 3231 1905 3284 τῶν
1942 3232 2122 3303 ἁμαρ·

533 3321 726 3377 τωλῶν
760 3326 807 3356 ⁸⁸
837 3341 851 3352 '
890 3343 909 3377 ι
960 3323 1019 3378 '0
1049 3323 1268 3397 σκώληξ
1295 3324 1480 3379 αὐτῶν
1525 3325 1585 3379 οὑ
1622 3325 1876 3396 τελευτᾷ,
1928 3327 2024 3378 καὶ
2060 3324 2122 3377 τὸ

534 3413 649 3485 πῦρ
708 3415 772 3468 ού
815 3414 1228 3489 σϐεσθήσεται,
1268 3434 1287 3470 ι
1351 3416 1513 3472 mi.”
1544 3432 1559 3448 ‘
1597 3434 1617 3470 ι
1668 3417 1765 3482 Τίς
1824 3418 2122 3488 ἀναγγελεῖ

535 3504 668 3571 ὑμῖν
696 3505 790 3561 τὸν
819 3507 1045 3562 αίώνιον
1068 3509 1270 3577 τόπον;
1306 3529 1325 3564 ι
1358 3511 1525 3566 Ὥστε
1551 3508 1646 3567 οὖν
1672 3512 1924 3578 Πλάτων,
1950 3515 1977 3565 6
2012 3514 2122 3565 τῶν

544 3597 821 3669 Ἑλλήνων
840 3599 1064 3656 πάντων
1088 3601 1401 3676 σοφώτερος
1439 3606 1536 3658 καὶ
1574 3605 1875 3675 ὑπέρτερός
1910 3622 1971 3658 τε
2026 3604 2119 3659 καὶ

532 3689 846 3762 διαϐόητος,
900 3694 961 3745 ὲν
992 3692 1259 3766 Δίγύπτῳ
1312 3696 1451 3768 πρὸς
1492 3696 1619 3760 τοὺς
1678 3695 1980 3767 φρονίμους
2028 3697 2123 3749 καὶ

537 3782 740 3848 σοφοὺς
785 3781 896 3835 τῶν
950 3783 1270 3852 Αἰγυπτίων
1322 3785 1581 3856 ἀφίκετο,
1615 3786 1983 3857 πολυπειρίαν
2026 3785 2123 3838 καὶ

535 3873 895 3943 φυσιολογίαν
922 3876 1329 3950 ἀκριϐεστέραν
1366 3878 1775 3949 μαθησόμενος,
1813 3878 1890 3942 ὡς
1924 3877 2123 3948 Ἕλλη-

535 3984 625 4029 νες
655 3967 997 4037 ἱστοροῦσιν⁸
1027 3969 1201 4040 ἔμαθε
1231 3969 1286 4023 δὲ
1329 3970 1463 4044 παρ’
1503 3971 1783 4044 Ἑϐραίοις
1815 3973 1909 4025 καὶ
1940 3970 2123 4024 θεολο-

532 4058 683 4127 γίαν,
726 4061 776 4112 εἰ
805 4062 901 4115 καὶ
934 4062 1012 4132 μὴ
1041 4062 1394 4134 σαφεστάτην
1442 4066 1539 4118 καὶ
1593 4064 1900 4136 ἀκραιφνῆ,
1938 4063 2121 4128 καθὼς

534 4151 871 4223 παρειλήφει
902 4153 992 4208 διὰ
1048 4154 1150 4222 τὴν
1203 4156 1655 4226 προκατέχουσαν
1711 4156 1876 4211 αὑτὸν
1937 4155 2123 4227 δεινὴν

535 4244 729 4297 ἀθεϊαν
791 4247 886 4299 καὶ
928 4245 1171 4319 χαλεπὴν
1210 4247 1293 4301 ἔτι
1330 4247 1543 4319 πλάνην
1592 4248 1976 4319 ἀκμάζουσαν,
2005 4249 2122 4302 ἀλλ’

534 4332 629 4387 οὖν
690 4334 1041 4407 ἐξηγήσατοο
1080 4339 1174 4391 καὶ
1222 4339 1333 4411 γὰρ
1395 4338 1465 4393 τὰ
1522 4340 1799 4395 Μωσαῖκά
1868 4356 2124 4412 σφετερι-

540 4426 779 4497 σάμενος
832 4427 958 4497 ἱερά
1014 4430 1313 4500 πάμπολλα
1351 4432 1450 4485 καὶ
1506 4434 1869 4504 μεταφράσας
1932 4433 2120 4503 λόγια,

2223 1937 2454 2003 venerit,
2512 1938 2568 1991 in
2600 1953 2757 1993 emno
2785 1938 3024 2008 jacebit;
3082 1940 3353 2010 perfecms
3401 1952 3582 1996 autem
3615 1950 3670 1996 et
3703 1958 3805 2012 pu-

2225 2031 2469 2085 rilieatus
2502 2045 2628 2084 cum
2655 2030 2847 2085 eodem
2878 2031 3217 2102 migraverit,
3235 2049 3360 2087 cum
3385 2033 3802 2091 Deoliabilabit.

2225 2122 2277 2178 ls
2307 2122 2451 2177 enim
2485 2124 2579 2193 qui
2610 2123 2761 2193 juste
2786 2135 2840 2178 et
2872 2132 3062 2181 sancte
3093 2126 3258 2179 vitam
3296 2126 3497 2195 exegit,
3554 2134 3677 2195 post
3720 2126 3804 2178 in-

2224 2216 2447 2272 teritum
2507 2214 2577 2269 ad
2632 2214 3061 2270 Fortunatorum
3133 2216 3344 2273 insulas
3392 2215 3802 2278 transmittitur,

2223 2308 2317 2363 ubi
2379 2305 2648 2362 malorum
2694 2305 3348 2377 imunmis.,.omninoquc
3401 2308 3591 2363 beatus
3655 2321 3804 2362 eom-

2225 2408 2507 2467 moratur;
2559 2400 2650 2455 ille
2682 2408 2863 2455 autem
2898 2400 2992 2471 qui
3024 2401 3225 2471 injuste
3256 2410 3311 2456 et
3356 2402 3517 2471 impie
3546 2402 3703 2465 vixit,
3748 2402 3802 2455 in

2219 2490 2417 2561 judicii
2442 2501 2497 2545 et
2522 2491 2749 2562 iustitiae
2779 2506 3055 2547 carcerem
3102 2494 3272 2559 vadit,
3303 2510 3464 2564 quem
3511 2493 3803 2547 Tartarum

2227 2592 2443 2650 vocant,
2480 2583 2572 2638 ubi
2606 2584 2757 2639 omni
2780 2599 2841 2639 re
2866 2584 3125 2651 nudatus,
3167 2585 3233 2640 de
3263 2587 3515 2641 omnibus
3549 2586 3805 2656 operibus

2223 2673 2338 2729 suis
2361 2675 2681 2746 judicatur;
2729 2686 2945 2746 oportet
2975 2677 3121 2732 enim
3146 2678 3379 2747 iudicari
3409 2687 3653 2733 mortuos
3682 2694 3805 2732 om-

2223 2781 2344 2833 nes,
2383 2776 2440 2821 ut
2479 2767 2692 2838 justum
2741 2767 2942 2839 judicis
2982 2768 3251 2837 judicium
3300 2770 3445 2824 fiat.»
3510 2769 3602 2826 Sic
3649 2769 3805 2825 Plato

2223 2859 2454 2913 omnino
2506 2860 2739 2914 credidit
2777 2875 2901 2915 esse
2942 2860 2998 2914 in
3047 2861 3241 2919 inferis
3287 2862 3605 2917 tribunalia.
3665 2862 3803 2916 Cum

2224 2950 2373 3005 enim
2410 2966 2535 3005 eum
2560 2949 2802 3005 llebrmis
2828 2952 2882 3005 in
2917 2951 3158 3024 Egypto
3199 2965 3639 3018 conversarctur,
3674 2971 3802 3024 pro-

2225 3043 2440 3113 phetica
2472 3043 2694 3097 oracula
2723 3043 2954 3099 libenter
2976 3046 3207 3111 audivit,
3239 3056 3292 3099 et
3324 3046 3539 3117 igneum
3574 3046 3803 3101 ﬂuvium

2226 3150 2349 3191 esse
2395 3136 2624 3200 didicit,
2682 3151 2843 3205 quem
2896 3152 3126 3207 magnus
3174 3140 3433 3207 spectavit
3489 3138 3696 3202 Daniel,
3749 3147 3805 3194 et

2226 3228 2616 3299 sapientissimi
2671 3228 2826 3284 lsaia:
2879 3228 3125 3284 initiatus
3176 3238 3261 3285 est
3309 3230 3690 3296 sermonibus,
3746 3230 3802 3284 in

2222 3325 2424 3394 quibus
2446 3324 2587 3382 dicit
2608 3324 2675 3381 de
2704 3326 3083 3396 peccatoribus
3117 3344 3132 3382 :
3172 3325 3421 3382 «Vermis
3463 3340 3653 3381 eorum
3694 3341 3803 3382 non

2224 3417 2481 3483 moritur,
2515 3427 2569 3473 et
2597 3417 2740 3488 ignis
2763 3434 2871 3473 non
2902 3420 3281 3487 exstinguetur
3302 3437 3350 3486 ;i
3379 3428 3433 3472 et
3466 3433 3481 3471 :
3510 3437 3528 3469 ι
3550 3416 3685 3483 Quis
3715 3432 3806 3472 re-

2222 3509 2497 3565 nuntiabit
2522 3509 2681 3564 vobis
2711 3511 3109 3580 sempiternum
3145 3511 3320 3565 locum
3341 3511 3392 3564 ?)
3433 3510 3583 3565 Plato
3616 3509 3805 3579 igitur,

2222 3599 2535 3655 Graecorum
2602 3600 3045 3671 sapientissimus
3092 3601 3695 3673 praestantissitnusque
3749 3610 3804 3655 et

2224 3690 2366 3746 fama
2401 3691 2752 3761 percelebris,
2817 3693 2867 3747 in
2904 3692 3206 3765 Aigyptum
3237 3694 3387 3748 venit
3413 3694 3478 3747 ad
3507 3694 3806 3763 prudentes

2221 3793 2275 3838 et
2326 3785 2605 3855 sapientes
2658 3785 2802 3840 inter
2854 3784 3165 3855 ngyptios,
3240 3797 3299 3840 ut
3354 3802 3517 3857 quam
3547 3785 3806 3841 eruditis-

2221 3875 2396 3929 simus
2443 3876 2619 3936 fieret,
2672 3885 2728 3931 ct
2777 3875 3235 3946 perfectissimam
3283 3877 3351 3931 de
3397 3885 3590 3933 natura
3620 3892 3803 3931 rerum

2222 3966 2504 4022 scientiam
2559 3966 2892 4035 acquireret,
2953 3976 3011 4020 ut
3064 3965 3239 4022 Graeci
3292 3974 3540 4022 narrant.
3608 3967 3808 4021 Didicit

2222 4067 2405 4112 autem
2436 4056 2505 4112 ab
2538 4054 2784 4112 Hebraeis
2810 4066 2863 4113 et
2891 4058 3242 4129 theologiam,
3295 4073 3403 4112 non
3434 4058 3799 4113 certissimam

2222 4167 2356 4206 sane
2386 4162 2440 4206 et
2473 4166 2705 4223 puram;
2758 4158 3075 4219 susceperat
3128 4150 3273 4205 enim
3321 4166 3463 4214 carri,
3520 4161 3805 4219 grassante

2224 4248 2407 4302 adhuc
2467 4246 2686 4301 fortiter
2735 4246 3030 4309 atbeismo,
3082 4244 3405 4315 vigenteque
3434 4244 3488 4298 in
3517 4245 3633 4315 ipso
3683 4260 3808 4313 pcr-

2226 4343 2439 4399 nicioso
2478 4357 2688 4409 errore,
2748 4341 2890 4395 male
2921 4340 3200 4395 simulato.
3270 4340 3405 4396 Cum
3454 4340 3598 4395 enim
3644 4354 3803 4395 sacra

2227 4434 2434 4505 Moysis
2463 4434 2688 4490 oracula
2718 4433 2823 4490 sibi
2843 4434 3109 4503 permulta
3138 4434 3423 4489 ascivisset
3456 4445 3511 4488 et
3541 4433 3807 4501 interpre-

533 4519 712 4590 ταύτῃ
742 4537 825 4573 τοι
850 4522 1109 4593 πειρᾶται
1139 4521 1442 4594 λεληθότως
1499 4526 1916 4595 αἰνιγματωδῶς
1946 4529 2118 4579 ποιεῖ-

2231 4536 2375 4581 tatus
2422 4536 2591 4593 esset,
2641 4527 2729 4581 his
2778 4525 2965 4580 furtim
3016 4542 3151 4580 usus
3179 4527 3576 4595 aanigmaticam
3636 4534 3807 4579 tentat

536 4607 667 4661 σθαι
686 4606 786 4680 τὴν
833 4611 1113 4682 ἀφήγησιν
1144 4628 1159 4644 ο
1192 4610 1317 4665 ὅθεν
1359 4612 1456 4666 καὶ
1492 4613 1629 4684 πρός
1683 4629 1808 4665 τινα
1852 4611 2015 4666 τοῦτο
2061 4612 2127 4683 δὴ

538 4702 1022 4770 παρυπεμιραίνων
1055 4701 1114 4755 εὖ
1146 4703 1294 4773 μάλα
1322 4702 1428 4776 ἔφη
1452 4720 1467 4734 ο
1503 4723 1522 4756 ι
1552 4703 1825 4775 Φραστέον
1859 4704 1921 4774 δή
1945 4720 2030 4757 σοι
2058 4703 2126 4757 δι’

536 4792 884 4861 αἰνιγμάτων
911 4794 976 4859 οι,
1011 4793 1080 4846 ἶν’
1108 4796 1175 4849 ἀν
1222 4799 1333 4867 τιή
1365 4796 1547 4859 δέλτος
1575 4797 1622 4830 “
1665 4796 1699 4868 ἢ
1734 4798 1931 4851 πόντου
1956 4796 1990 4869 ἢ
2018 4797 2125 4867 γῆς

537 4878 597 4930 ὲν
626 4881 858 4949 πτυχαῖς
894 4881 1042 4955 πάθῃ
1066 4884 1132 4948 ⁸³,
1180 4885 1209 4938 6
1263 4885 1531 4954 ἀναγνοὺς
1568 4885 1643 4956 μὴ
1671 4886 1785 4957 γνῷ
1810 4900 1827 4917 ·
1856 4880 1959 4941 ὧδε
2011 4887 2125 4959 γάρ

534 4970 651 5043 εχει
686 4987 700 5003 ⁸
728 4973 868 5044 Περ)⁵
914 4975 1007 5030 τὸν
1064 4976 1285 5031 πάντων
1344 4976 1575 5048 βασιλέα
1624 4978 1807 5033 πάντα
1856 4981 1975 5033 ἐστὶ
2024 4982 2119 5035 καὶΙ

531 5064 749 5117 ἐκείνου
782 5065 827 5097 ⁸⁵
858 5066 1044 5122 εἵνεκα
1074 5070 1275 5135 πάντα,
1298 5070 1396 5123 καὶ
1425 5071 1605 5125 ἐκεῖνο
1631 5071 1851 5126 πάντων
1872 5071 1984 5125 τῶν
2020 5088 2121 5125 κα-

533 5157 641 5211 λῶν
676 5158 870 5228 αἴτιον,
900 5161 1158 5234 δεύτερον
1188 5164 1246 5218 δὲ
1276 5166 1407 5233 περὶ
1424 5166 1493 5220 τὰ
1534 5164 1785 5238 δεύτερα,
1814 5168 1908 5221 καὶ
1936 5166 2124 5239 τρίτον

2227 4615 2649 4682 narrationem;
2702 4614 2846 4669 unde
2870 4615 2937 4669 ad
2964 4615 3280 4685 quemdam,
3314 4615 3444 4668 illud
3493 4628 3626 4668 sane
3675 4614 3807 4667 insi-

2230 4722 2432 4773 nuans,
2465 4709 2604 4763 scite
2633 4704 2770 4761 dixit
2805 4723 2819 4760 :
2858 4723 2875 4759 ι
2917 4704 3276 4774 Loquendum
3305 4712 3389 4759 est
3422 4704 3519 4758 tibi
3548 4720 3644 4774 per
3676 4705 3809 4758 anti-

2226 4808 2430 4870 gmata,
2451 4808 2511 4853 ut
2536 4798 2582 4853 si
2611 4798 2905 4867 pugillares
2922 4795 3131 4864 aliquid
3156 4795 3271 4850 sive
3298 4796 3467 4848 maris
3496 4795 3612 4849 sive
3648 4804 3806 4848 terrae

2229 4892 2284 4946 in
2322 4890 2554 4947 ﬂexibus
2605 4890 2905 4960 patiantur,
2957 4889 3052 4960 qui
3112 4888 3305 4959 legerit
3354 4902 3461 4940 non
3516 4886 3805 4957 intelligat.

2228 4981 2309 5038 lta
2353 4982 2501 5037 enim
2542 4996 2631 5037 res
2664 4998 2724 5037 se
2765 4980 2947 5037 habet.
2976 4980 3133 5036 Circa
3184 4979 3425 5034 universi
3459 4994 3639 5051 regem
3680 4991 3809 5034 sunt

2227 5089 2359 5145 ergo
2414 5073 2641 5140 omnia,
2693 5083 2747 5128 et
2800 5073 2931 5128 illud
2981 5075 3226 5128 omnium
3283 5074 3555 5129 bonorum
3617 5090 3808 5139 causa,

2227 5166 2531 5224 secundum
2578 5174 2762 5221 autem
2799 5165 2942 5221 circa
2993 5166 3257 5235 secunda,
3310 5177 3363 5223 et
3401 5168 3619 5223 tertium
3663 5169 3807 5222 circa

1738 5423 2260 5489 Varitelcctiones
2289 5434 2350 5489 et
2383 5434 2570 5495 notm.

598 5638 647 5670 ⁸⁸⁸
676 5636 780 5691 108
810 5638 870 5690 Δ.
907 5666 977 5676 -—
1009 5633 1116 5688 164
1156 5635 1217 5699 Ο,
1253 5644 1558 5690 contracta.
1634 5636 1679 5669 ”
1710 5635 1893 5703 LXVI,
1915 5638 2007 5693 24.

519 5724 620 5764 του
650 5710 777 5764 cod.

2108 5640 2154 5672 ’°
2192 5636 2432 5705 XXXIII,
2469 5641 2556 5695 Η.

886 5709 931 5741 ⁸³
966 5705 1122 5776 μάθη
1145 5733 1207 5744 -
1245 5722 1306 5760 π.
1346 5707 1441 5760 τοῦ
1472 5724 1532 5761 π.
1577 5707 1841 5773 ϐασιλέως
1869 5711 1952 5762 ὅτι
1978 5711 2100 5764 rod.
2178 5713 2224 5743 ’δ
2253 5714 2334 5763 ὲκ.
2364 5712 2421 5763 δὲ
2474 5714 2556 5764 σοί
2604 5714 2725 5769 eod.

2666 5644 2709 5716 ’ξ
2746 5646 3018 5716 αἰνιγμῶν
3050 5646 3148 5716 Ep.
3182 5662 3242 5713 tt,
3270 5646 3372 5702 312
3402 5644 3461 5698 Ι).
3532 5645 3576 5678 ⁹²
3614 5662 3662 5697 τι
3688 5642 3807 5696 δέλ-
