4168 6454
481 351 581 416 135

1686 351 1731 412 G
1745 349 1944 412 EORG
1959 351 1973 407 Ι
1989 349 2009 407 Ι
2056 351 2106 409 ΙΙ
2119 351 2155 406 Α
2169 349 2267 407 ΜΛ
2281 345 2508 408 RTOLI

3637 344 3737 410 136

477 465 656 520 tertia.
674 482 692 516 ι
725 462 793 518 l't
832 473 1010 519 autem
1035 464 1352 520 summatim
1376 474 1428 520 et
1442 463 1678 520 breviter
1695 465 1764 520 de
1783 465 1918 535 ipsis
1941 478 2055 517 rur-

2168 466 2291 533 περὶ
2324 460 2601 532 simpl-cat.
2643 481 2662 513 ι
2700 461 2812 532 (l0)
2847 459 2958 514 Kal.
2988 458 3175 522 άπλῶς
3200 460 3268 524 ’³,
3304 457 3393 513 ἵνα
3436 457 3742 532 συλλήϐδην

478 571 574 612 sus
601 556 800 620 dicam,
831 557 1014 612 multa:
1037 567 1088 612 et
1116 557 1447 612 omnimodae
1479 557 1702 611 fuerunt
1752 558 2048 611 electorum

479 649 773 717 impiorum
833 651 1029 712 turbae,
1113 649 1438 720 diversaque
1515 650 1618 703 tela
1670 648 2051 718 blasphemize;

479 743 853 812 inultilidoque
903 751 958 796 et
1003 743 1155 798 vario
1203 745 1488 799 mendacio
1535 743 1798 812 voluptati
1845 741 2057 796 fabula-

478 850 600 889 rum
662 836 954 900 permixto,
1007 836 1466 904 miscellaneaque
1519 842 1773 903 tanquam
1835 834 2056 904 potione

479 927 721 990 condita,
772 927 1116 999 polytheisnii
1163 942 1349 982 errore
1405 928 1653 981 homines
1709 925 1864 996 quasi
1915 923 2052 978 ebrii

478 1015 607 1070 iacti
660 1027 807 1070 sunt.
853 1017 1122 1085 Saphistae
1171 1025 1353 1071 autem
1427 1017 1555 1070 trita
1611 1025 1664 1070 et
1714 1017 1835 1069 alba
1883 1023 2051 1078 veste,

477 1108 645 1162 barba
686 1108 896 1178 prolixa
928 1117 981 1163 et
1021 1122 1178 1162 coma
1231 1109 1424 1176 capitis
1474 1108 1873 1179 philosophiam
1919 1107 2054 1160 deli-

481 1202 727 1261 nientes,
779 1210 1060 1271 poetarum
1107 1200 1394 1268 theologia:
1442 1199 1733 1255 ridiculum
1788 1198 2054 1261 videntes,

477 1293 612 1348 alias
641 1293 1091 1363 excogitaverunt
1115 1293 1340 1348 semitas
1370 1291 1575 1347 erroris
1607 1307 1727 1360 quae
1780 1290 1846 1344 ad
1876 1291 2055 1359 ipsum

479 1382 820 1437 deducebant
852 1392 1135 1451 poetarum
1170 1383 1512 1438 barathrum.
1576 1381 1641 1435 lii
1691 1380 1911 1452 quidem
1943 1395 2060 1457 ser-

482 1475 663 1529 monis
710 1474 979 1544 elegantia
1025 1483 1079 1529 et
1118 1473 1169 1529 vi
1205 1474 1600 1530 sententiarum
1656 1474 1866 1542 poetica
1913 1471 2058 1528 foeda

482 1567 730 1621 facinora
795 1568 1023 1620 deorum
1066 1576 1122 1621 et
1160 1566 1556 1636 turpiloquium
1613 1565 2057 1630 absconderant;

481 1659 558 1713 illi
591 1668 771 1713 autem
803 1661 1077 1730 perversis
1101 1659 1386 1715 affectibus
1410 1659 1650 1713 divinam
1680 1660 2058 1728 imposuerunt

482 1752 924 1821 appellationem,
955 1763 1119 1820 atque
1149 1755 1501 1822 voluptatem,
1528 1761 1587 1804 ut
1610 1749 1743 1814 dixi,
1768 1747 2057 1816 Venerem,

2165 558 2292 625 περὶ
2329 555 2438 609 τῶν
2467 553 2647 609 αὐτῶν
2672 551 2834 618 αὖθις
2867 551 3263 623 κεφαλαιωδῶς
3289 551 3431 605 εἴπω
3458 554 3554 606 καὶ
3582 570 3734 624 περι-

2163 646 2468 717 ληπτικῶς,
2497 646 2667 699 πολλὰ
2701 647 2798 716 μὲν
2844 644 2938 699 οὖν
2987 645 3080 699 καὶ
3135 645 3452 698 παντοδαπὰ
3489 645 3597 715 63
3633 647 3740 698 τῶν

2172 739 2448 792 δυσσεδῶν
2477 740 2631 808 αίεου
2641 740 2819 808 μένων
2841 737 2909 791 τὰ
2945 736 3108 807 στίφη
3131 737 3199 771 ³³⁸
3228 737 3323 789 καὶ
3361 736 3594 808 διαφορα
3643 737 3744 806 τῆς

2165 831 2520 901 βλασφημίας
2550 831 2620 884 τὰ
2649 830 2803 900 βέλη,
2833 829 3157 900 πολυσχιδὲς
3189 828 3245 882 δὲ
3277 829 3374 882 καὶ
3406 829 3652 882 ποικίλον
3682 830 3744 881 τὸ

2161 921 2353 990 ψεῦδος
2383 922 2430 953 ⁸⁸
2459 921 2536 991 τῷ
2566 920 2790 991 τερπνῷ
2845 919 2942 973 τοῦ
2996 919 3278 988 μυθώδους
3304 920 3591 991 κεράσασα
3649 924 3744 975 καὶ

2162 1010 2274 1068 οἷον
2306 1015 2561 1069 κυκεῶνα
2589 1013 3080 1078 κατασκευάσασα,
3110 1013 3210 1084 τῆς
3235 1013 3503 1066 πολυθέου
3532 1013 3743 1084 πλάνης

2163 1108 2264 1178 τὴν
2295 1107 2472 1176 μέθην
2501 1109 2616 1169 τοῖς
2652 1105 2964 1176 ἀνθρώποις
3011 1108 3426 1178 προσήνεγκενο
3481 1109 3516 1179 ή
3567 1106 3624 1160 δὲ
3653 1124 3743 1159 σο-

2165 1199 2394 1269 φιστικὴ
2423 1201 2480 1252 ἐν
2511 1198 2741 1269 τρίϐωνι
2797 1197 2980 1269 λευκῷ
3017 1197 3115 1252 καὶ
3143 1197 3369 1267 πώγωνι
3415 1198 3615 1271 μακρῷ
3647 1200 3745 1252 καὶ

2166 1295 2312 1364 κόμῃ
2361 1291 2606 1361 κεφαλῆς
2637 1291 2737 1363 τὴν
2764 1290 3084 1360 φιλοσοφίαν
3113 1292 3432 1362 ὁριζομένη,
3461 1291 3563 1361 τῆς
3595 1308 3746 1360 ποιηο

2163 1386 2323 1454 τικῆς
2369 1383 2652 1452 θεολογίας
2701 1382 2762 1436 τὸ
2822 1382 3234 1452 καταγέλαστον
3285 1383 3492 1454 ὁρῶσα,
3530 1384 3746 1454 Ἶὲτέρας

2168 1477 2378 1544 πλάνης
2420 1477 2706 1546 ἐνενόησεν
2738 1475 3040 1545 ἀτραποὺς,
3062 1477 3145 1538 είς
3169 1477 3305 1530 αὐτὸ
3350 1475 3413 1528 τὸ
3457 1477 3744 1546 ποιητικὸν

2165 1568 2343 1620 ἐκεῖνο
2383 1565 2661 1637 βάραθρον
2686 1565 3030 1634 άπαγούσας.
3066 1567 3129 1619 Οί
3161 1565 3260 1637 μὶν
3295 1565 3406 1637 γάρ
3439 1569 3506 1636 τῇ
3531 1566 3579 1600 ’⁷
3604 1584 3746 1638 κομ-

2167 1656 2301 1727 ὠειᾳ
2331 1655 2426 1708 τοῦ
2461 1655 2622 1724 λόγου
2659 1655 2755 1709 καὶ
2784 1658 2853 1726 τῇ
2893 1655 3004 1710 τῶν
3029 1655 3437 1728 ἐνθυμημάτων
3479 1657 3748 1727 δεινότητι

2167 1751 2235 1821 τῇ
2270 1751 2531 1819 ποιητικῇ
2553 1748 2653 1818 τὴν
2701 1747 2973 1818 περὶτῶν
3025 1747 3165 1802 θεῶν
3209 1747 3602 1820 αίσχρουργίαν
3655 1751 3747 1801 καὶ

484 1846 617 1897 iram
662 1843 917 1907 Martem,
957 1846 1281 1900 ebrietatem
1328 1843 1628 1908 Bacchum,
1661 1843 1866 1898 furtum
1919 1842 2060 1897 Mer-

2168 1840 2556 1912 αίσχρολογίαν
2603 1839 2650 1872 ’⁸
2684 1838 2967 1907 ἐκάλυψαν
2995 1855 3008 1870 ο
3042 1840 3092 1892 oi
3150 1841 3207 1894 δὲ
3241 1843 3353 1904 τοῖς
3394 1839 3592 1894 πάθεσι
3649 1842 3750 1910 τὴν

479 1952 717 2001 Clll'ltllll,
766 1937 1111 2007 prudentiam
1148 1936 1448 1993 Minervam
1499 1936 1929 2008 appellaverunt,
1985 1946 2066 1990 ta-

481 2029 663 2100 liaque
699 2042 946 2086 monstra
978 2031 1216 2100 superbo
1254 2044 1380 2085 cum
1430 2029 1725 2100 supercilio
1784 2037 1839 2083 et
1886 2030 2064 2083 Attica

483 2123 814 2192 loquacitate
854 2121 1138 2193 tingentes,
1189 2122 1478 2192 plerosque
1514 2121 1766 2176 homines
1815 2123 1868 2175 in
1901 2122 2064 2176 aliam

482 2215 684 2270 erroris
717 2213 951 2269 formam
984 2214 1367 2281 adduxerunt;
1411 2224 1464 2268 et
1494 2214 1588 2285 qui
1620 2228 1679 2269 se
1709 2213 2065 2284 philosophos

480 2306 824 2371 dictitabant,
874 2314 929 2361 et
970 2317 1193 2377 propter
1227 2305 1472 2360 habitum
1507 2305 1576 2359 ab
1607 2305 1864 2360 omnibus
1897 2305 2069 2360 hono-

482 2413 596 2452 rem
647 2399 968 2468 carpebant,
1015 2407 1072 2453 et
1107 2413 1136 2451 a
1186 2412 1247 2452 se
1290 2395 1520 2451 all‘ectus
1554 2396 1695 2450 vinci
1761 2396 2063 2466 iactabant,

485 2491 862 2562 imprudenter
883 2499 1177 2546 suaserunt
1201 2491 1520 2545 hominibus
1544 2498 1604 2543 ut
1622 2488 1850 2545 ati'ectus
1869 2505 2070 2560 pravos

483 2584 856 2650 adorarent,et
876 2582 1246 2652 animum,qui
1270 2580 1497 2637 aﬂ'ectus
1512 2581 1680 2636 libera
1697 2583 2072 2648 potestatedo-

485 2675 686 2729 minari
723 2685 777 2729 et
811 2682 1076 2744 tanquam
1099 2674 1292 2744 auriga
1315 2687 1503 2743 regere
1519 2674 1703 2739 debet,
1723 2675 2069 2727 immolarcnt

483 2767 966 2838 concupiscentia,
1022 2767 1137 2832 irze,
1169 2768 1337 2834 furto,
1361 2767 1614 2822 ebrietati
1643 2768 1919 2822 ClCil'lel'iS
1940 2781 2068 2836 pra-

487 2863 570 2917 vis
598 2861 1010 2932 cupiditatibus.
1046 2861 1152 2916 Alii
1183 2875 1404 2931 quoque
1440 2859 1577 2914 nihil
1609 2873 1804 2931 praeter
1832 2857 2068 2913 visibilia

487 2955 731 3025 cogitare
758 2955 1023 3017 valentes,
1046 2954 1142 3010 sed
1175 2954 1321 3008 intra
1347 2952 1631 3009 sensibilis
1659 2952 2069 3022 intelligentiam

485 3056 818 3111 coercenles,
835 3061 957 3115 quae
972 3045 1150 3101 oculis
1168 3045 1396 3101 videnda
1417 3045 1719 3115 subiacent,
1739 3045 1872 3100 deos
1891 3043 2072 3098 decla-

489 3151 769 3209 raverunt,
794 3153 849 3196 et
872 3141 1183 3197 venerabile
1201 3158 1426 3208 nomen,
1449 3151 1697 3196 sanetum
1723 3139 2070 3196 audientibus
2100 3178 2141 3233 Ο

487 3234 763 3290 incutiens
809 3236 1122 3302 horrorem,
1152 3235 1206 3289 bi
1231 3234 1454 3306 quidem
1483 3235 1790 3299 elementis,
1819 3233 1911 3288 alii
1941 3249 2072 3288 vero

488 3327 681 3382 horum
739 3328 987 3397 partibus
1035 3328 1436 3398 imposuerunt.
1477 3327 1584 3382 Alii
1633 3343 1762 3382 casu
1805 3328 2068 3382 mundum

487 3416 690 3472 factum
745 3433 869 3473 esse
929 3419 1223 3486 dixerunt;
1272 3419 1494 3475 fuerunt
1550 3421 1644 3490 qui
1697 3420 1883 3490 plures
1941 3422 2071 3474 deos

487 3510 652 3565 unius
690 3510 811 3564 loco
847 3509 1301 3581 imaginarentur.
1365 3512 1472 3566 Alii
1503 3509 1674 3568 Deum
1713 3527 1941 3582 prorsus
1985 3527 2076 3565 ne-

489 3611 789 3672 gaverunt;
820 3602 912 3657 alii
943 3604 1110 3658 Deum
1141 3603 1375 3661 confessi
1409 3613 1557 3673 sunt,
1594 3606 1689 3661 sed
1723 3621 2072 3675 nequaquam

491 3693 750 3748 universo
780 3694 1155 3750 consulentem
1177 3695 1320 3762 ;.alii
1355 3697 1521 3750 Deum
1556 3695 1822 3751 mundum
1851 3697 2071 3767 quidem

435 3850 441 3856 ι
493 3801 686 3840 curare
729 3786 1008 3853 dixerunt,
1062 3788 1159 3843 sed
1211 3788 1402 3843 leviter
1437 3789 1543 3844 hoc
1590 3790 1792 3856 facere,
1839 3797 1893 3844 et
1941 3789 2072 3843 luna

493 3877 720 3934 deﬁnire
767 3879 1193 3948 providentiam,
1245 3888 1582 3950 canet-asque
1638 3881 1830 3935 mundi
1887 3889 2074 3951 partes

492 3980 696 4026 temere
751 3972 918 4038 ferri,
985 3971 1083 4026 fati
1140 3973 1460 4029 necessitati
1522 3974 1666 4028 haud
1727 3974 1898 4028 libere
1954 3989 2076 4030 ser-

493 4065 720 4119 vientes.
760 4063 858 4121 llis
881 4074 935 4120 et
957 4065 1230 4122 similibus
1250 4077 1434 4136 aperte
1459 4067 1781 4137 agnovimus
1801 4066 1944 4132 illos,
1967 4081 2073 4119 non

493 4155 670 4210 solum
699 4155 960 4220 invicem,
1012 4156 1108 4211 sed
1136 4156 1358 4212 eosdem
1391 4159 1459 4212 de
1491 4156 1683 4212 iisdem
1731 4159 1896 4212 rebus
1942 4171 2077 4211 con-

495 4247 666 4302 trario
695 4249 1008 4317 scripsisse,
1059 4249 1469 4317 maximamque
1526 4248 1888 4314 discordiam,
1939 4249 2072 4302 dum

493 4341 680 4415 gloria:
709 4339 892 4394 studio
917 4349 971 4394 et
1001 4340 1208 4394 malitia
1241 4356 1302 4396 se
1335 4340 1564 4394 invicem
1616 4348 1888 4408 premunt,
1945 4339 2075 4396 οπο-

495 4434 662 4498 cisse,
723 4439 926 4486 terram
981 4431 1422 4498 conturbavisse,
1474 4439 1529 4486 et
1587 4447 1711 4487 cum
1768 4430 2077 4502 semetipsis

497 4525 802 4597 perdidisse
833 4525 1055 4579 multos.

2168 1934 2320 1987 θείαν
2358 1932 2738 2004 προσηγορίαν
2760 1932 2976 1997 ἔθεσαν,
3017 1934 3111 1986 καὶ
3141 1933 3239 2004 τὴν
3264 1934 3362 2003 μὲν
3409 1932 3626 2005 ἡδονὴν,
3672 1933 3750 1995 tit;

2166 2027 2327 2098 ἔφην,
2343 2025 2670 2096 Ἀφροδίτην
2695 2025 3010 2096 ὠνόμασαν,
3034 2027 3210 2100 Ἀρεα
3227 2026 3284 2080 δὲ
3316 2028 3406 2080 τὸν
3431 2027 3625 2096 θυμὸν,
3648 2026 3751 2096 τὴν

2164 2120 2221 2174 δὲ
2255 2119 2428 2191 μέθην
2459 2119 2736 2183 Διόνυσον,
2779 2119 2993 2191 Ἑρμῆν
3023 2118 3081 2171 δὲ
3131 2119 3231 2190 τὴν
3274 2119 3507 2190 κλοπὴν,
3538 2120 3642 2188 τὴν
3687 2119 3747 2170 δὲ

2167 2211 2431 2283 φρόνησιν
2461 2210 2722 2280 ’Δθηνᾶν,
2745 2210 2840 2262 καὶ
2880 2208 3108 2264 τοιαῦτά
3137 2227 3260 2264 τινα
3303 2210 3443 2282 μετὰ
3503 2209 3752 2274 ἀλαζονι-

2167 2305 2269 2375 κῆς
2291 2302 2497 2375 ὀφρύος
2520 2304 2614 2358 καὶ
2643 2303 2744 2374 τῆς
2767 2303 3022 2374 Ἀττικῆς
3056 2303 3365 2373 στωμυλίας
3384 2305 3754 2374 τερατευόμε-

2167 2417 2268 2465 νοι,
2299 2399 2431 2462 τοὺς
2483 2397 2716 2460 πολλοὺς
2753 2396 2864 2450 τῶν
2895 2395 3201 2468 ἀνθρώπων
3230 2399 3309 2460 είς
3353 2398 3548 2468 ἑτέραν
3580 2397 3754 2460 εἴδους

2169 2493 2387 2563 ἀπάτην
2422 2491 2733 2564 μετήγαγον
2751 2506 2766 2522 ο
2794 2491 2889 2544 καὶ
2913 2491 2962 2543 oi
2989 2490 3300 2561 φιλοσοφεῖν
3326 2490 3754 2562 ὑπισχνούμενοι

2168 2586 2265 2640 καὶ
2297 2587 2397 2656 τὴν
2424 2585 2537 2640 ἀπὸ
2565 2582 2660 2637 τοῦ
2695 2585 2979 2655 σχήματος
3005 2583 3174 2654 τιμὴν
3203 2585 3358 2654 παρὰ
3385 2584 3603 2638 πάντων
3633 2584 3755 2654 δρε-

2171 2677 2398 2748 πόμενοι
2428 2674 2536 2746 (8⁸)
2567 2676 2660 2728 καὶ
2693 2675 2804 2728 τῶν
2842 2675 3034 2729 παθῶν
3075 2678 3304 2747 κρατεῖν
3335 2675 3755 2744 ἐπαγγελλόμε-

2171 2788 2249 2824 νοι
2283 2771 2609 2840 προσκυνεῖν
2631 2769 2699 2824 τὰ
2727 2768 2870 2841 πάθη
2896 2769 3023 2833 τοὺς
3062 2767 3388 2841 ἀνθρώπους
3434 2769 3755 2834 ἀνέπεισαν,

2172 2865 2268 2919 καὶ
2300 2864 2391 2917 τὸν
2422 2863 2805 2934 αὐτοκράτορα
2839 2863 2966 2916 νοῦν
3000 2863 3111 2916 τῶν
3153 2864 3343 2917 παθῶν
3390 2863 3486 2917 καὶ
3539 2863 3756 2933 ἡνίοχον

2175 2957 2325 3010 θύειν
2350 2948 2637 3026 ἐπιθυμία,
2664 2957 2758 3008 καὶ
2784 2955 2966 3026 θυμῷ,
2995 2957 3090 3010 καὶ
3123 2957 3322 3028 κλοπῇ,
3353 2957 3448 3009 καὶ
3469 2955 3631 3027 μέθῃ,
3660 2955 3757 3008 καὶ

2173 3053 2288 3112 τοῖς
2341 3048 2524 3112 ἄλλοις
2583 3048 2841 3112 πάθεσιν,
2911 3049 3155 3114 ἀνοήτως
3229 3049 3575 3102 πεπείκασιν.
3642 3046 3756 3116 (ll)

2179 3141 2363 3194 ’Λλλοι
2385 3140 2443 3195 δὲ
2476 3140 2638 3194 πάλιν
2665 3140 2821 3194 οὐδὲν
2846 3141 2986 3211 ὑπὲρ
3008 3141 3076 3195 τὰ
3105 3141 3361 3212 ὁρώμενα
3383 3141 3572 3210 νοῆσαι
3595 3140 3757 3208 δυνη-

2176 3234 2384 3301 θέντες,
2410 3234 2548 3288 άλλὰ
2568 3236 2679 3297 τοῖς
2702 3234 2981 3305 αίσθητοῖς
3009 3234 3102 3288 τὸν
3121 3233 3245 3287 νοῦν
3277 3233 3754 3305 ἐγκαθείρξαντες,

2173 3328 2242 3381 τά
2299 3329 2410 3389 τοῖς
2465 3325 2769 3397 ὀφθαλμοῖς
2843 3329 2923 3390 εἰς
2972 3327 3102 3380 θέαν
3186 3327 3549 3397 προκείμενα,
3603 3324 3758 3386 θεοὺς

2175 3417 2656 3490 προσηγόρευσαν,
2699 3418 2794 3472 καὶ
2843 3417 2904 3472 τδ
2937 3419 3135 3472 σεπτὸν
3181 3419 3353 3489 ὄνομα
3406 3419 3500 3472 καὶ
3553 3417 3759 3487 φρίκην

2175 3509 2437 3580 ἐμποιοῦν
2469 3511 2581 3572 τοῖς
2616 3509 2910 3563 ἀκούουσιν
2968 3512 3016 3562 ol
3058 3509 3158 3575 μὲν
3205 3513 3317 3573 τοῖς
3359 3511 3665 3581 στοιχείοις,
3708 3510 3758 3561 οἱ

2173 3605 2228 3658 δὲ
2257 3607 2371 3666 τοῖς
2409 3605 2604 3674 μέρεσι
2657 3605 2866 3657 τούτων
2909 3603 3221 3675 ἐπέθηκαν⁹
3276 3605 3369 3658 καὶ
3400 3606 3448 3658 οἱ
3488 3604 3587 3675 μὲν
3652 3605 3760 3656 ἀπὸ

2175 3697 2518 3765 ταύτομάτου
2545 3697 2880 3766 γεγενῆσθαι
2913 3697 3006 3749 τὸν
3055 3697 3285 3768 κόσμον,
3327 3699 3375 3750 οἱ
3433 3698 3490 3750 δὲ
3527 3695 3760 3760 πολλοὺς

2182 3789 2338 3852 θεοὺς
2367 3788 2486 3841 ἀνθ’
2515 3789 2633 3852 ἑνὸς
2663 3788 3090 3860 ὲφαντάσθησαν
3115 3808 3129 3822 ο
3173 3793 3267 3844 καὶ
3295 3789 3344 3843 οἱ
3371 3789 3474 3855 μὲν
3513 3791 3587 3860 μὴ
3618 3783 3762 3842 εἶναι

2177 3881 2458 3945 παντελῶς
2490 3883 2548 3935 τὸ
2579 3881 2755 3946 Θεῖον,
2795 3882 2844 3934 οί
2873 3881 2932 3934 δὲ
2961 3878 3101 3935 εἶναι
3141 3881 3261 3952 μὲν,
3295 3880 3511 3942 οὐδενὸς
3542 3880 3597 3931 δὲ
3647 3879 3760 3931 τῶν

2180 3975 2354 4027 ὄντων
2387 3972 2799 4042 ἐπιμελεῖσθαιο
2827 3973 2876 4025 οἱ
2904 3972 2961 4026 δὲ
2987 3971 3370 4042 ἐπιμελεῖσθαι
3402 3971 3501 4042 μὲν
3529 3970 3761 4038 ἔφασαν,

2178 4065 2401 4135 σμικρῷ
2433 4065 2577 4134 λόγῳ
2611 4067 2668 4119 δὲ
2694 4063 2855 4118 τοῦτο
2886 4067 3061 4117 ποιεῖν
3112 4067 3209 4116 καὶ
3250 4067 3318 4135 τῇ
3375 4063 3569 4134 σελήνῃ
3607 4078 3766 4132 περι-

2175 4154 2383 4225 ορίζειν
2417 4154 2518 4226 τὴν
2544 4155 2901 4225 πρόνοιαν,τδ
2930 4154 2987 4207 δὲ
3009 4153 3199 4207 λοιπὸν
3228 4154 3320 4206 τοῦ
3339 4154 3546 4222 κόσμου
3572 4153 3708 4222 μέρο
3745 4191 3762 4215 ,

2177 4248 2254 4311 ὡς
2307 4248 2489 4318 ἔτυχε,
2535 4247 2799 4317 φέρεσθαι
2854 4249 2920 4317 τῇ
2978 4249 3079 4317 τῆς
3121 4245 3476 4316 Εἱμαρμένης
3544 4245 3764 4316 ἀνάγκη

2175 4339 2451 4394 δουλεύειν
2479 4339 2866 4412 βεϐιασμένον.
2898 4338 3010 4410 (12)
3046 4339 3146 4392 Διὰ
3183 4338 3248 4407 δὴ
3295 4338 3503 4392 τούτων
3528 4336 3623 4388 καί⁵
3651 4334 3764 4388 τῶν

2177 4436 2436 4489 τοιούτων
2493 4436 2681 4506 σαφῶς
2733 4437 3001 4506 ἔγνωμεν,
3039 4437 3115 4500 ὡς
3153 4437 3212 4489 ού
3276 4437 3434 4507 μόνον
3473 4431 3763 4503 ἀλλήλους,

2107 4520 2151 4576 θ
2179 4528 2314 4583 ἀλλά
2341 4528 2452 4602 64
2481 4546 2545 4598 γε
2571 4531 2666 4582 καὶ
2691 4527 2873 4598 σφίσιν
2896 4529 3085 4593 αὐτοῖς
3115 4531 3244 4600 περὶ
3273 4530 3381 4582 τῶν
3405 4527 3586 4581 αὐτῶν
3606 4529 3763 4579 ἐναν-

491 4623 584 4673 τία
613 4619 924 4688 γεγράφασι
951 4621 1044 4672 καὶ
1090 4618 1364 4688 μεγίστων
1393 4620 1442 4651 ⁸⁵
1494 4619 1795 4687 διαφωνίαν
1821 4617 2102 4692 φιλοδοξία
2139 4637 2198 4674 τε
2231 4623 2326 4676 καὶ
2389 4622 2698 4693 κακουργίᾳ
2735 4619 3051 4693 πιεζόμενοι
3092 4624 3230 4694 πρὸς
3274 4622 3540 4693 ἀλλήλους
3575 4621 3765 4692 εἰργά-

502 4731 668 4769 σαντο
703 4714 798 4767 καὶ
831 4714 930 4786 τὴν
957 4714 1285 4786 οἰκουμένην
1315 4713 1588 4791 ἐτάραξαν
1615 4715 1709 4767 καὶ⁵
1743 4716 1840 4769 σὺν
1866 4714 2077 4778 ἑαυτοῖς
2115 4715 2344 4782 πολλοὺς
2375 4715 2688 4772 ἀπώλεσαν.

563 4887 772 4943 Tantus
795 4888 960 4959 igitur
977 4903 1132 4943 error
1151 4887 1280 4941 olim
1302 4887 1562 4943 mundum
1579 4891 1885 4960 occupavit,
1903 4907 2064 4962 quen.

2249 4892 2364 4964 (Ιῦ)
2399 4892 2655 4964 Τοσαύτη
2696 4891 2828 4961 γοῦν
2854 4893 2899 4926 ν’
2955 4893 3124 4948 πάλαι
3175 4893 3354 4965 πλάνη
3405 4896 3632 4964 κατεῖχε
3665 4893 3763 4948 τὸν

494 4983 721 5035 omnino
749 4981 1035 5051 dissipavit
1063 4990 1116 5037 et
1133 4983 1341 5052 expulit
1359 4983 1536 5054 palam
1578 4999 1608 5038 a
1633 4986 1789 5042 nobis
1816 4986 2067 5042 adoratus

2180 4984 2390 5056 κόσμον
2415 4997 2431 5013 ⁶
2468 4983 2606 5039 ἀλλὰ
2654 4981 2860 5056 ταύτην
2889 4984 3061 5057 ἄρδην
3089 4987 3322 5056 ἠφάνισε
3380 4988 3475 5040 καὶ
3531 4988 3766 5058 πάμπαν

500 5072 862 5128 Dominus.Et
915 5075 1142 5130 verbum
1193 5085 1460 5130 testantur
1503 5091 1689 5146 opera,
1724 5087 1977 5147 terraque
2021 5087 2067 5132 et

2181 5076 2412 5147 ἐξήλασε
2473 5076 2758 5147 προδήλως
2802 5079 2829 5131 ὀ
2878 5078 3009 5148 παρ’
3065 5078 3222 5148 ἡμῶν
3281 5078 3766 5150 προσκυνούμενος

499 5175 649 5214 mare
673 5165 839 5232 priori
879 5164 1187 5234 ignorantia
1215 5177 1266 5219 et
1298 5165 1573 5236 impietate
1596 5166 1841 5234 liberata,
1862 5168 2067 5222 sublato

2186 5167 2412 5240 Κύριος.
2445 5169 2556 5223 Καὶ
2592 5171 2864 5241 μαρτυρεῖ
2889 5169 2967 5241 τῷ
2993 5169 3138 5241 λόγῳ
3163 5171 3230 5225 τὰ
3256 5171 3576 5242 πράγματα,
3609 5170 3678 5239 γῆ
3704 5186 3764 5222 τε

1682 5416 1877 5477 Varia?
1937 5415 2237 5478 lectiones
2270 5425 2330 5480 et
2363 5425 2553 5480 nota).

577 5649 623 5689 "
651 5651 705 5704 ά.
739 5649 838 5705 ἀπ.
869 5648 977 5700 τῶν
1020 5667 1071 5702 κ.
1102 5647 1182 5701 ΡΙ.
1295 5649 1364 5679 ⁸⁵⁹
1397 5649 1574 5718 στήφη
1608 5651 1728 5704 cml.

1828 5653 1872 5684 "
1917 5655 1947 5725 ἡ
1974 5653 2302 5723 φιλοσοφίαῗ

503 5720 569 5752 ’⁸’
602 5721 907 5782 μεγίστηνῖ)
1007 5720 1051 5751 ’³
1096 5718 1332 5780 Τοιαύτη
1362 5715 1454 5772 οὖν
1490 5715 1612 5775 Par.
1651 5719 1705 5775 2.

2425 5655 2469 5688 "
2495 5656 2583 5725 τῇ.
2700 5654 2744 5685 ⁹⁶
2769 5653 3134 5727 αἰσχρουργία
3155 5652 3246 5707 καὶ
3267 5653 3619 5727 αἰσχοὶ.οργ’ᾳ
3639 5654 3764 5710 cod.
