4168 6438
575 410 676 469 13’.)
1776 400 2101 460 GEORGII
2142 398 2595 458 HAMARTOLI
3733 397 3840 460 Hii

568 533 773 575 norum
798 557 811 581 ,
837 529 891 571 et
920 518 972 569 in
1006 529 1164 570 sacra
1195 513 1438 567 initiatus
1457 519 1621 578 esset,
1652 509 1897 579 increpat
1946 517 2153 577 patrem

2261 504 2402 571 θεὶς,
2424 504 2702 558 ἐνουθέτει
2728 503 2823 557 τὸν
2855 502 3070 572 πατέρα
3095 500 3263 557 αὐτοῦ
3290 502 3466 571 λέγων
3491 518 3503 532 ·
3548 522 3565 555 ι
3612 502 3677 557 Τί
3706 504 3847 558 πλα-

576 628 736 669 suum
760 611 945 665 dicens
978 626 992 662 :
1031 627 1047 659 ι
1069 607 1181 663 Cur
1205 606 1454 662 homines
1473 618 1660 660 errare
1681 602 1816 658 facis
1846 605 1917 658 ob
1939 601 2149 656 lucrum

2260 602 2358 671 νᾷς
2410 602 2539 665 τοὺς
2576 600 2904 673 ἀνθρώπους
2959 599 3050 655 διὰ
3122 599 3318 670 κέρδος
3362 599 3697 670 έπιζήμιονς
3728 602 3847 655 Οὐκ

575 707 849 764 noxium?
877 706 992 761 Non
1024 704 1167 761 alius
1189 713 1274 759 est
1298 703 1437 759 Deus
1466 701 1572 757 nisi
1610 702 1709 770 qui
1769 701 1825 755 in
1861 699 2018 755 cmlis
2051 708 2155 763 cst,

2258 695 2406 748 ἐστιν
2450 694 2614 757 ἄλλος
2646 694 2779 757 Θεὸς
2810 698 2860 746 εί
2906 692 2982 764 μὴ
3008 695 3036 746 6
3078 694 3138 747 ὲν
3185 696 3298 756 τοῖς
3346 694 3618 762 οὐρανοῖς,
3667 697 3695 747 6
3751 697 3849 751 καὶ

574 795 670 865 qui
699 794 1019 848 universum
1054 791 1317 846 mundum
1347 792 1570 855 creavit,
1598 808 1618 841 ι
1656 800 1711 843 ct
1737 790 1818 844 sic
1840 788 2040 843 dicitur
2058 785 2150 839 Dei

2259 791 2438 843 πάντα
2479 789 2570 842 τὸν
2602 789 2808 859 κόσμον
2837 790 3072 857 ποιήσας
3094 801 3109 816 ⁶
3150 807 3173 841 ι
3212 787 3387 851 οὔτως
3417 788 3461 820 ⁸⁸
3486 788 3712 855 λέγεται
3745 790 3849 856 τῆς

576 884 888 954 cognitione
937 884 1135 954 dignus
1173 898 1296 938 esse
1353 882 1591 937 habitus.
1622 880 1818 935 Videns
1845 879 1990 933 enim
2020 892 2156 932 cun-

2260 882 2594 950 θεογνωσίας
2620 880 2925 952 ἀξιωθῆναι
2952 881 2995 915 ⁸⁸
3014 897 3027 910 '
3057 881 3200 952 δρῶν
3230 882 3340 951 γὰρ
3365 883 3492 945 τοὺς
3522 881 3850 953 ἀνθρώπους

575 988 695 1033 ctos
724 974 1294 1032 homines-creaturis
1331 975 1649 1037 servientes,
1690 980 1747 1026 et
1783 969 2017 1025 visibilis
2056 968 2157 1025 sub

2260 973 2472 1035 πάντας
2503 972 3113 1043 κτισματολατρούντας
3146 973 3243 1025 καὶ
3291 972 3583 1043 διαφόρους
3612 973 3657 1003 ³⁸
3687 972 3847 1033 θεοὺς

576 1069 741 1122 variis
767 1067 995 1122 deorum
1046 1064 1463 1134 cognominibus
1495 1064 1810 1124 adorantes,
1834 1060 2157 1115 circumibat

2262 1064 2331 1118 τὰ
2346 1064 2654 1134 φαινόμενα
2671 1063 3185 1134 προσαγορεύοντας
3195 1064 3289 1116 καὶ
3309 1062 3754 1131 προσκυνοῦντας
3774 1063 3847 1123 ⁸³,

574 1158 817 1228 quotidie
852 1156 1084 1211 allliclus
1110 1165 1165 1209 et
1200 1154 1367 1208 Deum
1401 1169 1590 1209 verum
1623 1152 1922 1223 exquirens
1950 1150 2157 1205 sincera

2266 1159 2603 1230 περιήρχετο
2626 1157 2753 1211 καθ’
2774 1158 3018 1225 ἑκάστην
3049 1156 3267 1225 ἡμέραν
3288 1154 3722 1222 διαπονούμενος
3750 1156 3852 1208 καὶ

576 1262 777 1304 meme.
850 1247 918 1302 Et
978 1248 1060 1302 sic
1119 1247 1395 1317 aspiciens
1442 1246 1640 1302 malum
1700 1243 1864 1298 modo
1920 1242 2157 1312 splendi-

2263 1245 2358 1299 τὸν
2386 1245 2556 1308 ὅντως
2581 1246 2714 1299 ὅντα
2732 1246 2870 1300 Θεὸν
2897 1244 3151 1315 ἐκζητῶν
3178 1247 3246 1297 εκ
3289 1245 3544 1313 φιλοθέου
3577 1245 3809 1315 καρδίας
3829 1260 3847 1274 ⁸

573 1343 725 1405 dum,
750 1341 911 1395 modo
945 1339 1320 1404 tenebrosum,
1344 1338 1487 1409 apud
1518 1354 1578 1394 se
1615 1337 1860 1391 dicebat:
1890 1353 1909 1386 ι
1934 1333 2052 1389 Non
2081 1344 2157 1389 est

2267 1338 2364 1391 καὶ
2392 1337 2539 1392 οὕτω
2558 1338 2774 1409 βλέπων
2801 1338 3034 1410 οὐρανὸν
3073 1338 3207 1391 ποτὲ
3246 1338 3348 1407 μὲν
3396 1338 3672 1407 λαμπρὸν,
3710 1337 3851 1390 ποτὲ

579 1436 679 1490 hoc
732 1433 873 1487 Deus
915 1447 986 1497 i;
1037 1429 1287 1486 similiter
1338 1441 1393 1483 et
1446 1430 1615 1485 solem
1664 1440 1720 1484 et
1753 1430 1958 1495 lunam,
1996 1442 2157 1482 unum

2264 1433 2324 1485 δὲ
2374 1430 2672 1498 σκοτεινὸν,
2708 1431 2896 1500 ἔλεγεν
2922 1433 2984 1483 έν
3035 1429 3248 1501 ἑαυτῷ·
3282 1446 3303 1480 ι
3341 1429 3456 1482 ούκ
3501 1429 3652 1482 ἐστιν
3686 1423 3850 1493 οὗτος

580 1527 802 1595 quidem
854 1523 1241 1579 abscouditum
1296 1530 1350 1576 et
1394 1522 1747 1577 obscuratum
1829 1535 1998 1590 saepe,
2033 1520 2157 1574 alte«

2268 1523 2401 1586 Θεός
2425 1537 2440 1552 ·
2478 1541 2497 1574 ι
2533 1523 2738 1592 ὁμοίως
2758 1522 2815 1576 δὲ
2870 1522 2965 1576 καὶ
2995 1521 3150 1591 ἥλιον
3200 1521 3297 1574 καὶ
3331 1519 3589 1589 σελήνην,
3614 1520 3707 1572 τὸν
3744 1520 3850 1589 μὲν

574 1633 691 1673 tam
714 1616 1054 1672 deﬁcientem
1087 1625 1143 1670 et
1189 1623 1629 1679 evanescentem,
1664 1615 1882 1669 dicebat
1910 1628 1927 1666 :
1990 1631 2011 1664 ι
2051 1612 2157 1667 Nec

2266 1614 2819 1686 ἀποκρυπτόμενονῆ
2856 1612 3282 1684 ἀμαυρούμενον
3324 1611 3613 1676 πολλάκις,
3655 1613 3757 1681 τὴν
3785 1611 3849 1664 δὲ

576 1715 678 1765 ista
699 1710 920 1780 quidem
966 1709 1042 1762 dii
1104 1717 1232 1763 sunt
1281 1725 1338 1776 ›;
1366 1707 1480 1761 imo
1510 1707 1788 1761 stellarum
1842 1718 2066 1759 cursum
2110 1714 2157 1757 cl

2269 1706 2569 1775 φθίνουσαν
2597 1707 2693 1760 καὶ
2715 1706 3123 1776 ἀπολήγουσαν,
3158 1705 3426 1775 ἔφασκεν·
3476 1722 3496 1756 ι
3547 1704 3669 1758 Οὐδ’
3694 1697 3849 1757 οὗτοί

570 1812 780 1857 motum
831 1801 1049 1855 curiose
1110 1810 1460 1876 perscrutans
1510 1799 1663 1871 (erat
1710 1798 1855 1852 enim
1916 1809 2157 1852 astrono—

2270 1799 2378 1849 είσι
2407 1795 2561 1849 θεοί·
2596 1814 2617 1847 ο
2648 1797 2747 1850 καὶ
2786 1795 3103 1865 μέποιτὴν
3139 1794 3255 1848 τῶν
3315 1795 3535 1865 ἄστρων
3578 1795 3754 1863 φοράν
3781 1810 3849 1847 τε

574 1895 736 1949 iniam
769 1908 803 1949 a
849 1903 1002 1964 patre
1031 1891 1319 1962 edoctus),
1360 1906 1462 1947 nec
1501 1890 1556 1946 in
1584 1891 1693 1945 illis
1720 1906 1819 1946 nec
1848 1890 1901 1944 in
1935 1890 2057 1943 aliis
2084 1890 2163 1943 vi-

570 1987 825 2041 sibilibus
868 1985 1152 2041 inveniens
1206 1984 1402 2039 borum
1446 1991 1722 2038 auctorem
1749 2023 1765 2049 ,
1833 1982 2163 2052 gravabatur

579 2076 737 2130 valde
767 2084 823 2131 et
847 2075 1219 2145 despondebat
1254 2074 1518 2128 animum.
1549 2071 1720 2142 Cujus
1754 2070 2080 2126 desiderium
2108 2078 2162 2125 et

577 2177 764 2221 votum
804 2167 989 2220 videns
1028 2166 1123 2236 qui
1170 2165 1327 2220 tinxit
1376 2164 1539 2219 corda
1581 2170 1766 2218 nostra
1823 2171 1877 2217 ct
1910 2162 2163 2231 intelligit

577 2260 630 2311 in
666 2255 921 2311 omnibus
952 2255 1210 2324 operibus
1244 2256 1384 2318 suis,
1417 2252 1668 2323 apparuit
1705 2252 1755 2306 ei
1777 2292 1794 2318 ,
1827 2259 1882 2306 et
1913 2251 2161 2306 invitavit

572 2359 637 2423 ut
661 2349 713 2418 in
734 2356 933 2403 terram
986 2348 1370 2425 promissionis
1411 2347 1537 2410 iret,
1568 2346 1797 2402 dicens:
1837 2365 1856 2398 ι
1894 2330 2161 2418 Egredere

576 2443 645 2495 tle
673 2450 819 2496 terra
853 2449 969 2505 tua,
1004 2449 1059 2495 et
1091 2441 1159 2493 de
1189 2439 1514 2511 cognatione
1549 2447 1661 2504 tua,
1698 2449 1753 2492 et
1779 2440 1846 2494 de
1872 2439 2030 2493 dOIIIO
2059 2453 2159 2508 pa-

576 2536 681 2588 tris
720 2534 818 2597 tui,
850 2544 904 2586 et
936 2533 1060 2587 veni
1100 2533 1155 2586 in
1174 2541 1374 2586 terram
1407 2546 1571 2601 quam
1620 2530 1940 2585 monstrabo
1977 2531 2095 2585 tibi.
2129 2549 2146 2581 ι

577 2623 889 2679 Confestim
922 2623 1067 2677 idola
1100 2637 1199 2679 sua
1238 2623 1435 2692 partim
1460 2620 1685 2692 frangit,
1718 2623 1919 2691 partim
1944 2623 2157 2676 incendi

584 2715 898 2785 seceditque
921 2729 1044 2770 cum
1064 2724 1215 2784 patre
1256 2730 1357 2769 suo
1383 2714 1450 2769 de
1482 2722 1622 2768 terra
1656 2712 2064 2780 Chaldaeorum,
2109 2723 2162 2769 et

587 2814 710 2861 trum
765 2808 1001 2862 venisset
1044 2808 1097 2861 in
1137 2804 1374 2869 Cbaran,
1429 2813 1679 2860 mortuus
1717 2813 1799 2860 est
1834 2815 1986 2876 pater
2016 2805 2158 2873 ejus.

590 2894 657 2952 Et
695 2910 950 2967 egressus
1001 2895 1151 2950 illinc
1189 2896 1404 2961 iterum,
1444 2894 1598 2965 juxta
1645 2894 1869 2949 verbum
1921 2892 2157 2961 Domini,

581 2987 866 3045 venitcum
905 3000 1074 3042 uxore
1094 3002 1192 3042 sua
1220 2987 1352 3041 Sara
1388 2994 1445 3041 et
1488 2983 1591 3041 Lot
1626 2986 1735 3041 lilio
1765 2985 1952 3042 fratris
1983 2987 2068 3042 sui
2104 2994 2159 3042 et

585 3081 837 3135 universa
864 3080 1108 3150 ipsorum
1128 3066 1515 3133 substantia‘in
1550 3090 1748 3133 terram
1774 3077 2030 3134 Chanaan
2050 3080 2156 3135 sibi

2196 1855 2239 1907 Β
2265 1889 2362 1940 καὶ
2395 1887 2612 1958 κίνησιν
2636 1855 3115 1958 πολυπραγμονέιν
3134 1915 3204 1927 -
3228 1882 3299 1957 ἦν
3356 1855 3466 1959 γὰρ
3508 1855 3848 1958 ἀστρονόμος

2266 1979 2437 2049 ἄκρος
2468 1979 2537 2032 ἐκ
2567 1979 2661 2032 τοῦ
2711 1979 2921 2049 πατρὸς
2967 1979 3408 2049 πεπαιδευμένος
3446 2008 3516 2020 --
3560 1983 3657 2033 καὶ
3706 1982 3842 2050 μήτε

2265 2071 2354 2125 διὰ
2376 2071 2577 2125 τούτου
2602 2076 2745 2142 μήτε
2785 2072 2897 2142 μὴν
2935 2072 3001 2125 δι’
3022 2070 3201 2125 ἄλλων
3229 2070 3395 2126 τινῶν
3428 2073 3723 2143 ὁρωμένων
3750 2072 3846 2123 εὑ·

2267 2162 2474 2232 ρίσκων
2499 2163 2593 2217 τὸν
2618 2162 2822 2217 τούτων
2863 2163 3221 2235 δημιουργὸν,
3261 2162 3592 2234 ἐδυσχέρηνε
3634 2164 3847 2235 σφόδρα

2263 2257 2362 2309 καὶ
2389 2254 2615 2325 ἠθύμει,
2644 2248 2709 2307 οὗ
2735 2256 2829 2308 τὸν
2865 2256 3034 2310 πόθον
3064 2258 3159 2311 καὶ
3196 2258 3299 2327 τὴν
3331 2257 3630 2327 ἐπιθυμίαν
3659 2255 3784 2309 ἰδὼν
3808 2258 3848 2308 6

2264 2346 2477 2410 πλάσας
2502 2347 2815 2417 καταμόνας
2830 2347 3058 2419 δετὰς
3076 2349 3306 2419 καρδίας
3334 2348 3494 2419 ἡμῶν
3522 2349 3616 2400 καί
3638 2346 3846 2410 συνιεὶς

2264 2439 2344 2499 εἰς
2383 2437 2560 2491 πάντα
2586 2441 2653 2492 τὰ
2681 2437 2820 2508 ἔργα
2844 2438 3034 2506 αὐτοῦ,
3067 2439 3225 2511 ὤφθη
3253 2439 3405 2510 αὐτῷ
3452 2440 3547 2493 καὶ
3578 2439 3713 2509 πρὸς
3741 2439 3845 2508 τὴν

2266 2528 2373 2596 γῆν
2397 2530 2494 2598 τῆς
2512 2530 2851 2598 ἐπαγγελίας
2874 2534 3102 2604 πορείαν
3125 2530 3579 2601 παρεκελεύσατο
3604 2532 3779 2597 λέγων
3796 2532 3843 2561 ¹²

2266 2636 2288 2672 ι
2332 2621 2513 2689 ἔξελθε
2542 2625 2607 2677 ὲκ
2656 2624 2761 2693 τῆς
2812 2626 2921 2696 γῆς
2964 2640 3062 2678 σου
3100 2626 3200 2679 καὶ
3238 2625 3306 2678 ἐκ
3358 2625 3460 2696 τῆς
3514 2624 3841 2693 συγγενείας

2267 2730 2360 2767 σου
2391 2717 2488 2768 καὶ
2516 2717 2579 2768 ὲκ
2601 2716 2696 2769 τοῦ
2721 2717 2874 2771 οἴκου
2898 2717 2993 2771 τοῦ
3026 2718 3234 2789 πατρός
3279 2735 3375 2773 σου
3420 2718 3515 2772 καὶ
3557 2717 3720 2788 δεῦρο
3760 2719 3842 2780 sl;

2264 2806 2369 2877 γῆν
2400 2807 2466 2878 ἢν
2499 2807 2564 2861 ἄν
2592 2825 2676 2861 σοι
2705 2809 2886 2874 δείξω.
2924 2829 2943 2862 ›
2981 2810 3058 2881 (5)
3088 2813 3203 2866 Καὶ
3246 2810 3313 2882 δὴ
3351 2811 3706 2882 παραχρῆμα
3744 2810 3843 2864 λαο

2264 2899 2374 2954 σὼν
2411 2902 2481 2953 τὰ
2507 2901 2703 2954 εἴδωλα
2735 2904 2829 2956 καὶ
2861 2902 2929 2955 τὰ
2962 2903 3058 2974 μὲν
3081 2904 3311 2967 κλάσας,
3335 2902 3403 2957 τὰ
3425 2903 3480 2956 δὲ
3507 2905 3839 2973 ἐμπυρήσας
3884 2882 3891 2897 ’

2263 2990 2532 3062 ἀνεχώρει
2564 2996 2705 3063 μετὰ
2734 2993 2827 3047 τοῦ
2858 2996 3068 3067 πατρὸς
3096 2994 3263 3048 αὺτοῦ
3300 2996 3363 3047 ὲκ
3399 2994 3504 3064 γῆς
3527 2995 3836 3059 Χαλδαίων,
3890 2990 3893 2993 ’

2261 3082 2357 3135 καὶ
2399 3083 2509 3154 (9⁸)
2545 3084 2722 3138 ἐλθὼν
2744 3089 2823 3149 εἰς
2847 3087 3074 3158 Χαρρὰν
3104 3086 3462 3158 ἐτελεύτησεν
3483 3089 3511 3140 6
3534 3089 3717 3158 πατὴρ
3737 3089 3840 3140 αύ-

581 3169 842 3233 debitam,
880 3183 1044 3236 quam
1104 3166 1399 3222 Cltananaei
1457 3167 1735 3238 tyrannica
1782 3168 2032 3223 tenebant
2095 3176 2157 3223 ut

2263 3172 2379 3226 τοῦ.
2434 3174 2545 3227 Καὶ
2597 3174 2833 3238 ἐξελθὼν
2873 3177 3085 3229 ἐκεῖθεν
3140 3178 3304 3230 πάλιν
3343 3182 3401 3229 ὲν
3444 3178 3586 3248 λόγῳ
3630 3178 3837 3245 Κυρίου

581 3270 783 3314 terram
818 3259 1096 3314 hostilem.
1129 3257 1205 3315 De
1225 3273 1333 3328 quo
1363 3257 1615 3314 Clemens
1645 3258 1946 3322 Romanus,
1972 3259 2155 3330 philo-

582 3354 790 3420 sophus
820 3352 1072 3423 ctmagni
1094 3352 1239 3407 Petri
1267 3366 1392 3407 vere
1420 3350 1742 3421 discipulus,
1770 3352 1844 3406 ita
1878 3351 2152 3422 loquitur:

588 3466 605 3497 ι
644 3445 782 3502 Cum
825 3446 996 3501 fames
1046 3446 1188 3501 facta
1246 3455 1409 3513 esset,
1464 3447 1647 3502 relicta
1697 3456 1840 3501 terra
1869 3447 2152 3517 Chanaan,

582 3539 781 3591 Abram
832 3536 966 3591 abiit
1004 3538 1054 3590 in
1106 3535 1404 3608 Egyptunt
1447 3577 1462 3593 .
1521 3538 1658 3592 Cum
1701 3550 1883 3593 autem
1921 3555 2146 3595 uxorem

578 3631 697 3698 ejus
750 3630 884 3682 Sara
956 3645 1046 3683 rex
1090 3628 1405 3684 Abimelecb
1442 3630 1748 3699 rapuisset,
1795 3632 1975 3686 statim
2012 3632 2156 3688 hunc

582 3722 724 3775 Deus
777 3720 1108 3775 examinavit
1162 3733 1219 3775 et
1256 3731 1468 3776 terrore
1535 3722 1812 3791 perculit;
1875 3725 2039 3778 slmul
2099 3732 2154 3780 et

583 3813 950 3866 membrorum
974 3812 1286 3883 languorem
1309 3812 1542 3878 induxit,
1560 3813 1805 3885 dixitque
1820 3815 1869 3869 ei
1890 3830 1905 3870 :
1924 3832 1945 3867 ι
1975 3815 2155 3872 Redde

576 3906 859 3960 mulierem
886 3905 1028 3970 viro,
1061 3905 1187 3975 quia
1206 3904 1472 3975 propheta
1508 3915 1589 3961 est
1609 3944 1624 3971 ,
1651 3914 1707 3960 et
1738 3907 1917 3962 orabit
1942 3923 2038 3978 pro
2064 3916 2115 3964 te
2136 3950 2152 3977 ,

580 4007 635 4052 ct
664 3998 843 4051 vives:
880 3997 926 4051 si
964 4011 1091 4051 vero
1121 4011 1227 4052 non
1260 3996 1580 4062 reddideris,
1614 3998 1755 4052 scito
1783 4000 1928 4070 quod
1955 4003 2155 4055 morie-

578 4093 657 4146 ris
692 4099 745 4143 tu
790 4102 844 4144 et
870 4103 1212 4159 quaecunque
1253 4089 1348 4144 tibi
1378 4098 1526 4145 sunt.
1552 4108 1572 4142 ι
1606 4088 1670 4145 Et
1697 4091 1770 4145 ita
1817 4092 2153 4159 impollutam

580 4184 714 4236 Sara
736 4184 941 4251 recepit
974 4183 1200 4243 Abram,
1230 4189 1284 4235 et
1315 4191 1569 4250 precatus
1587 4190 1700 4249 est,
1738 4191 1796 4238 et
1827 4186 2053 4239 sanatus
2070 4192 2154 4239 est

578 4272 891 4327 Abimelecb
909 4287 937 4325 a
956 4273 1236 4343 languore,
1253 4283 1301 4325 et
1321 4286 1511 4327 omnes
1525 4273 1806 4330 domestici
1824 4274 1942 4344 ejus
1954 4290 1984 4329 a
1999 4276 2154 4345 plaga

580 4377 743 4432 quam
775 4362 917 4417 Deus
949 4361 1273 4417 immiserat.
1297 4361 1426 4418 Ideo
1447 4372 1633 4433 postea
1661 4372 1919 4435 tanquam
1942 4367 2152 4435 justum

579 4472 629 4510 ct
647 4454 740 4509 Dei
762 4470 979 4509 servum
999 4454 1166 4508 coluit
1187 4468 1309 4508 eum
1323 4465 1513 4519 rex,et
1532 4455 1775 4511 animum
1825 4456 2052 4512 advertit
2080 4456 2153 4513 iis

578 4562 701 4616 quae
750 4547 823 4601 sb
858 4548 949 4601 illo
974 4546 1313 4612 dicebantur,
1341 4559 1394 4602 et
1418 4547 1679 4618 magister
1713 4548 1931 4619 pietatis
1968 4559 2026 4605 et
2057 4552 2153 4605 do-
2184 4530 2229 4585 θ

577 4638 766 4691 ctrina:
796 4635 968 4691 factus
994 4645 1079 4691 est
1108 4635 1352 4706 (Abram)
1374 4636 1661 4708 Egyptlis.
1690 4656 1708 4689 ι
1745 4637 1960 4694 Primus
1980 4641 2151 4708 enim,

579 4740 637 4784 ut
657 4731 732 4783 ait
750 4725 1044 4799 Josrpbus,
1068 4728 1267 4782 Abram
1290 4738 1592 4796 creatorem
1616 4729 1785 4785 Deum
1816 4731 2150 4801 praedicavit,

575 4831 630 4876 ct
662 4823 871 4891 primus
886 4836 1011 4877 cum
1046 4824 1100 4875 in
1125 4820 1418 4892 Egypturn
1446 4822 1842 4890 descendisset,
1891 4825 2152 4879 arithme-

576 4913 741 4965 ticam
759 4922 813 4967 et
841 4913 1235 4967 astronomiam
1258 4911 1465 4977 docuit,
1492 4912 1852 4982 amabilisque
1881 4913 1954 4967 ita
1977 4923 2030 4967 et
2047 4914 2153 4968 bo-

576 5017 800 5062 noratus
820 5007 994 5065 factus
1020 5017 1199 5075 esl,et
1219 5008 1471 5079 dignatus
1498 5017 1581 5062 est
1603 5021 1697 5062 rex
1727 5008 1794 5062 ab
1815 5007 1908 5062 illo
1937 5006 2150 5063 discere

577 5096 924 5165 astrol0giam
942 5109 994 5154 et
1029 5101 1260 5169 magiam
1283 5140 1298 5165 ,
1343 5108 1526 5169 utpote
1551 5099 1666 5152 viro
1695 5099 2067 5154 eruditissimo
2097 5107 2152 5154 et

577 5182 864 5252 Chaldaeo;
921 5190 1213 5260 astrologia
1268 5189 1414 5245 enim
1446 5202 1501 5246 et
1552 5190 1730 5259 magia
1767 5205 1815 5261 Ia
1860 5187 2148 5259 Magusaeis

2260 3259 2392 3335 ἦλθε
2437 3267 2534 3318 σὺν
2565 3268 2632 3336 τῇ
2663 3268 2886 3333 γυναικὶ
2911 3266 3078 3321 αὐτοῦ
3122 3268 3309 3340 Σειρρμ
3356 3268 3450 3322 καὶ
3510 3268 3587 3339 τῷ
3629 3268 3841 3339 ἀνεψιῷ

2257 3356 2424 3410 αὐτοῦ
2470 3357 2594 3411 Λὼτ
2643 3360 2781 3429 μετὰ
2822 3361 3003 3429 πάσης
3035 3361 3218 3414 αὐτῶν
3261 3362 3364 3430 τῆς
3401 3361 3718 3430 ἀποσκευῆς
3754 3364 3839 3425 είς

2256 3446 2357 3518 τὴν
2385 3448 2750 3520 ὀφειλομένην
2799 3452 2904 3520 γῆν
2951 3452 3197 3516 Χαναὰν,
3226 3452 3293 3524 ἢν
3335 3454 3384 3503 οἰ
3418 3454 3714 3505 Χαναναῖοι
3741 3469 3840 3505 τι-

2265 3539 2537 3608 ραννικῶς
2581 3539 2827 3610 ᾤκησαν,
2896 3544 3173 3613 πολεμικῇ
3231 3547 3569 3615 χρησάμενοι
3607 3544 3717 3614 βίᾳ.
3757 3546 3838 3615 (li)

2256 3630 2394 3702 Περὶ
2419 3625 2480 3685 οὗ
2508 3632 2697 3701 μέντοι
2745 3634 2839 3686 καὶ
2871 3634 3103 3704 Κλήμης
3128 3635 3157 3687 6
3197 3637 3467 3705 Ῥωμαῖος
3515 3639 3609 3688 καὶ
3656 3636 3841 3705 σοφῶ-

2255 3737 2417 3786 τατος
2458 3724 2551 3777 καὶ
2583 3723 2836 3794 μαθητὴς
2879 3725 3093 3794 Πέτρου
3158 3725 3253 3778 τοῦ
3294 3726 3538 3796 μεγάλου
3609 3730 3837 3795 γνήσιος

2255 3813 2429 3877 οὕτως
2462 3813 2567 3886 ἔφη
2599 3816 2678 3847 ²⁸·
2727 3835 2745 3866 ι
2790 3815 2968 3886 Λιμοῦ
3023 3815 3080 3868 δὲ
3163 3818 3461 3886 γενομένου
3518 3815 3841 3869 καταλιπὼν

2267 3906 2485 3978 Ἀϐρὰμ
2510 3909 2609 3978 τὴν
2646 3908 2962 3961 Χαναναίαν
2984 3907 3109 3978 γῆν,
3145 3910 3225 3973 είς
3255 3908 3531 3975 Αἴγυπτον
3555 3910 3740 3980 ἀπῄει,
3775 3902 3841 3962 οὗ

2256 3999 2357 4070 τὴν
2394 4001 2630 4067 γυναῖκα
2663 4000 2883 4072 Σάρῥαν
2940 4001 3232 4070 Ἀϐιμέλεχ
3273 4002 3530 4071 ἀρπάσας
3586 4004 3613 4053 6
3670 4003 3836 4070 βασι-

2256 4090 2404 4157 λεὺς,
2435 4092 2636 4145 αὐτίκα
2659 4092 2849 4146 τοῦτον
2877 4094 2904 4146 ὁ
2934 4091 3090 4157 Θεὸς,
3127 4093 3327 4154 έτάσας
3367 4091 3462 4144 καὶ
3489 4090 3610 4145 λίαν
3655 4092 3837 4145 ἐκδει-

2258 4183 2541 4253 ματὼσας,
2576 4183 2695 4252 ἆμα
2747 4184 2845 4237 καὶ
2906 4184 3143 4255 πάρεσιν
3202 4180 3312 4235 τῶν
3366 4181 3548 4252 μελῶν
3587 4182 3838 4248 ἐπάξαςο

2263 4292 2283 4325 ι
2326 4273 2553 4338 Ἀπόδος
2578 4275 2643 4342 ’⁵,
2677 4275 2808 4345 ἔφη,
2863 4274 2963 4343 τὴν
2990 4278 3229 4342 γυναῖκα
3286 4273 3365 4344 τῷ
3409 4273 3703 4344 ἀνθρώπῳ,
3749 4274 3843 4328 ὅτι

2255 4366 2544 4436 προφήτης
2573 4367 2711 4430 ἐστὶ,
2752 4366 2846 4419 καὶ
2882 4365 3247 4437 προσεύξεται
3300 4365 3431 4434 περὶ⁸
3480 4363 3577 4416 σοῦ
3612 4363 3707 4417 καὶ
3734 4363 3843 4433 ζή-

2258 4474 2372 4521 σεις
2397 4474 2411 4488 ⁸
2445 4460 2493 4510 εί
2522 4458 2580 4511 δὲ
2606 4459 2680 4528 μὴ
2708 4458 2943 4528 ἀποδῷς,
2970 4459 3138 4527 γνῶθι
3166 4459 3248 4510 ὅτι
3281 4455 3529 4525 ἀποθανῇ
3558 4456 3621 4508 σὺ
3651 4454 3743 4507 καὶ
3766 4457 3842 4509 τὰ

2259 4552 2329 4606 σὰ
2381 4553 2580 4606 πάντα.
2631 4570 2650 4603 ι
2690 4551 2801 4605 Καὶ
2837 4550 3013 4613 οὕτως
3067 4546 3357 4602 ἀπολαϐὼν
3408 4549 3437 4599 6
3471 4544 3696 4616 ’Λϐραμ
3736 4547 3844 4616 τὴν

2254 4645 2473 4717 Σάῤῥαν
2499 4644 2765 4714 ἀμίαντον
2793 4644 2885 4696 καὶ
2913 4636 3375 4713 προσευξάμενος,
3411 4641 3535 4710 ἰάθη
3564 4640 3661 4709 τῆς
3696 4655 3844 4711 παρ-

2266 4738 2437 4800 έσεως
2466 4737 2495 4789 ὅ
2533 4752 2594 4789 τε
2634 4735 2933 4806 Ἀϐιμέλεχ
2988 4734 3083 4788 καὶ
3122 4733 3327 4797 πάντες
3368 4732 3421 4784 οί
3481 4732 3540 4783 ὲν
3575 4730 3654 4801 τῷ
3700 4733 3842 4801 οἴκῳ

2255 4824 2424 4879 αὐτοῦ
2458 4828 2521 4879 ἐκ
2549 4826 2649 4895 τῆς
2672 4823 2938 4895 θεηλάτου
2966 4822 3211 4895 πληγῆς.
3243 4839 3263 4873 ι
3303 4822 3380 4893 (7)
3421 4819 3587 4904 Ὅθεν
3616 4819 3680 4888 δὴ
3721 4819 3842 4871 λοι-

2259 4917 2359 4972 πὸν
2385 4918 2462 4981 ὼς
2496 4918 2709 4971 δίκαιον
2740 4916 2933 4970 ἔκτοτε
2978 4917 3073 4968 καὶ
3111 4913 3206 4967 τοῦ
3257 4911 3393 4967 Θεοῦ
3422 4910 3613 4964 δοῦλον
3657 4910 3843 4979 τιμῶν

2256 5009 2421 5063 αὐτὸν
2449 5010 2477 5062 ὁ
2498 5007 2753 5078 βασιλεὺς
2785 5006 2883 5061 καὶ⁸
2913 5005 3198 5076 προσέχων
3226 5006 3337 5067 τοῖς
3366 5002 3457 5056 ὑπ’
3486 5000 3653 5055 αὑτοῦ
3683 5000 3846 5068 λεγοι

2262 5098 2469 5167 μένοις,
2501 5097 2826 5160 διδάσκαλος
2855 5095 3141 5158 εὐσεϐείας
3203 5095 3295 5148 καὶ
3340 5092 3706 5162 πολυπειρίας
3741 5093 3843 5144 Al-

2259 5193 2510 5259 γυπτίοις
2544 5190 2781 5259 ἐγένετο.
2828 5209 2847 5243 ι
2887 5188 3117 5260 Πρῶτος
3150 5185 3281 5257 γὰρ,
3328 5185 3404 5249 ὥς
3459 5202 3594 5256 φησι
3642 5183 3839 5241 Ἰώση-

1784 5434 1984 5497 Varia)
2009 5432 2318 5496 lectiones
2362 5439 2424 5494 et
2462 5436 2659 5495 nolis.

646 5604 708 5677 "_
728 5601 784 5656 δέ
811 5601 935 5677 Par.
958 5603 1013 5659 2.
1085 5604 1136 5677 1”
1170 5622 1234 5659 π.
1272 5623 1321 5662 τ.
1349 5607 1402 5677 6.:
1426 5572 1631 5662 Par.2.
1670 5564 1675 5567 v
1707 5609 1754 5642 ²⁶
1782 5606 2059 5677 διαφόρως
2087 5624 2154 5659 κτ

2263 5622 2368 5660 ατα
2402 5602 2918 5677 λαμπρρύνταςξκαὶ
2959 5599 3238 5677 δια-φέϐον
3280 5598 3331 5652 θ.
3366 5597 3488 5650 Par.
3656 5594 3834 5677 ‘_'_np.

574 5677 665 5747 καί
695 5672 1056 5747 λατρεύοντας
1085 5672 1215 5747 Par.
1268 5677 1326 5747 f'
1364 5675 1500 5730 Gen.
1530 5691 1625 5747 xu,
1664 5678 1711 5732 l.
1788 5678 1837 5709 ³³
1872 5665 2146 5739 Clemens,

2258 5691 2361 5747 30g.
2422 5665 2662 5747 Ιςίῦῗξςᾷξ
2694 5674 2884 5747 de__ltis
2932 5665 3276 5747 nillil_"habet
3324 5684 3429 5747 nec
3476 5666 3603 5747 alibi
3632 5665 3720 5719 ubi
3761 5665 3836 5718 de

580 5738 877 5799 Abrabamo
908 5746 1104 5816 agitur.
1182 5746 1227 5778 "
1257 5745 1392 5800 Gen.
1427 5761 1525 5812 xu,
1568 5746 1672 5814 ll);
1713 5764 1800 5814 xx,
1826 5747 1882 5816 2,
1924 5748 2052 5803 Ced.
2107 5738 2688 5813 52,1l,'55,l9-56,8,
2732 5741 2887 5812 Glyc.
2926 5740 3231 5807 256,19-22
3279 5738 3597 5805 eJoscplm.
