4168 6460
531 482 667 544 ³1ίό

1769 481 2092 542 GEORGII
2132 481 2231 540 HA
2244 480 2578 541 MARTOLI

3713 481 3813 546 1H

563 606 803 650 attamen
827 594 1078 648 homines
1106 593 1309 663 aliquid
1335 593 1390 646 iu
1420 593 1633 662 'seipsis
1663 592 1865 648 habent
1891 593 2123 648 liberum

2242 610 2332 657 νος
2353 592 2450 647 τοῦ
2473 592 2734 660 θανάτου,
2763 593 2933 665 φησὶν
2979 597 3007 649 ό
3038 595 3334 666 βασιλεύς·
3372 611 3394 647 ε
3456 593 3600 663 Ἐγὼ
3638 597 3810 666 σήμε-

560 687 828 743 nativitati
855 703 960 740 non
989 686 1281 754 subiacens
1301 701 1366 740 eo
1381 686 1529 755 quod
1560 686 1852 752 uativitate,
1873 684 2014 739 istud
2040 699 2138 738 an-

561 781 766 848 tiquius
785 779 876 842 sit;
900 789 954 830 et
977 777 1108 830 illud
1141 787 1224 830 est
1252 777 1306 829 in
1335 775 1649 829 hominibus
1671 775 1840 829 libera
1871 781 2134 842 potestas,

556 886 737 942 quaz-a
782 871 888 924 Deo
904 869 1060 924 nobis
1089 869 1212 923 data
1251 883 1356 930 εει,
1389 867 1694 936 quahrutis
1713 866 2126 935 praestantiores

550 965 693 1034 ipsa
719 961 1081 1017 interficiendi
1119 971 1312 1014 natura
1342 959 1611 1014 licentiam
1654 960 1940 1014 habemus.
1970 958 2136 1013 Nobis

545 1056 645 1124 qui
697 1054 868 1106 nostri
921 1051 1062 1118 juris
1122 1064 1314 1104 sumus
1341 1058 1394 1102 tu
1430 1051 1774 1119 praestantior
1809 1064 1895 1113 es,
1934 1049 2027 1118 qui
2079 1051 2132 1102 in

551 1157 657 1196 nos
708 1141 982 1194 licentiam
1028 1140 1218 1194 habes.
1279 1138 1750 1205 Quemadmodum
1810 1141 1972 1210 igitur
2013 1155 2134 1195 -nos

557 1234 734 1289 brutis
757 1249 947 1298 ,-cum
997 1233 1249 1287 meliores
1284 1234 1481 1296 simus,
1519 1234 1871 1302 imperamus,
1907 1233 1980 1286 ita
2033 1249 2136 1287 no-

557 1327 670 1388 bis,
708 1334 762 1378 tu
807 1339 936 1390 rex,
984 1339 1107 1378 cum
1161 1324 1508 1394 praestantior
1555 1325 1668 1390 sis,
1710 1324 1863 1392 juxta
1918 1324 2130 1394 imperii

559 1419 825 1472 rationem
861 1416 1356 1481 licentiamhabcs,
1390 1431 1495 1468 non
1519 1417 1676 1484 ψιεεί
1711 1426 1762 1469 te
1794 1417 2135 1485 praestantior

557 1511 630 1566 sit
688 1510 888 1575 homo,
943 1509 1036 1562 sed
1087 1509 1228 1562 Deus
1261 1507 1546 1560 invisibilis
1578 1509 1821 1560 onmium
1860 1509 2134 1562 facter'et

558 1602 823 1656 Dominus
855 1615 886 1654 a
935 1615 1046 1670 quo
1105 1600 1234 1668 quid
1273 1598 1530 1668 expediat
1570 1611 1749 1668 petere
1803 1607 2076 1657 convenit.
2107 1623 2125 1655 ι

555 1696 692 1750 Cum
724 1696 892 1748 multa
931 1693 1126 1748 similia
1149 1692 1378 1746 dixisset
1404 1691 1602 1744 Abram
1627 1694 1923 1759 spectantia
1953 1704 2125 1748 astro-

555 1785 752 1852 IOgiam
782 1825 796 1849 ,
831 1799 955 1855 rege
998 1784 1364 1852 approbante.
1413 1782 1614 1834 multos
1643 1797 1708 1835 ex
1742 1781 2011 1854 ngyptiis
2056 1795 2131 1840 at-

553 1877 720 1930 traxit
755 1876 820 1929 ad
863 1875 1178 1944 religionem
1209 1883 1266 1928 et
1297 1873 1489 1926 falsam
1522 1889 1711 1928 eorum
1740 1877 2026 1931 scientiam
2061 1878 2129 1933 dc

2240 702 2334 756 ρον
2368 687 2558 740 τοῦτον
2589 686 2886 754 ἀπαλλάξω
2907 687 3001 741 τοῦ
3022 687 3110 741 διὰ
3137 684 3308 754 πυρὸς
3338 685 3594 751 θανάτου,
3620 687 3814 742 κελεύ-

2237 795 2338 842 σας
2369 777 2527 832 ὕδατι
2567 780 2734 834 αὑτὸν
2786 780 3172 852 ἀναιρεθῆναι,
3225 781 3317 836 ἶνα
3357 781 3491 854 ὑμῖν
3519 783 3669 853 ἔργῳ
3704 799 3815 836 πα-

2238 874 2496 942 ραστήσω
2542 873 2845 944 προδήλως,
2899 875 2984 927 ὅτι
3021 875 3252 929 δύναταί
3313 893 3364 929 τι
3402 877 3554 945 παρὰ
3593 877 3813 946 γένεσιν

2237 963 2514 1030 γενέσθαιο
2549 983 2569 1016 ι
2607 965 2704 1018 καὶ
2730 965 2903 1027 οὕτως
2928 966 3161 1038 ήλεγξεν
3191 967 3375 1020 αὐτῶν
3413 963 3474 1021 εὖ
3523 967 3671 1038 μάλα
3711 970 3815 1038 τὴν

2236 1053 2368 1122 περὶ
2393 1054 2504 1106 τῶν
2539 1055 2748 1124 χρόνων
2778 1057 3033 1128 περὶτῆς
3067 1058 3214 1128 ζωῆς
3243 1058 3554 1131 πρόρρησιν
3590 1062 3686 1113 καὶ
3711 1057 3816 1128 τῆς

2236 1144 2498 1214 τελευτῆς
2543 1147 2842 1215 ἀπόφασιν.
2903 1147 3333 1218 Ἦσυχασαντων
3371 1146 3467 1203 οὖν
3507 1152 3750 1216 πάντων,
3782 1152 3816 1204 6

2241 1239 2464 1311 Ἀὑραμ
2486 1239 2581 1293 τοῦ
2611 1239 2793 1310 λέγειν
2818 1240 3058 1311 ήρξατοο
3095 1260 3114 1294 ι
3148 1242 3391 1310 Μέγιστε
3431 1243 3524 1296 καὶ
3576 1242 3813 1314 φιλαληο

2237 1331 2464 1385 θέστατε
2490 1332 2734 1401 βασιλεῦ,
2757 1331 2949 1403 ἐπειδὴ
2975 1332 3089 1404 δρῶ
3119 1349 3179 1386 σε
3205 1333 3562 1404 φροντίζοντα
3604 1337 3815 1406 σφόδρα

2234 1426 2333 1493 τῆς
2363 1425 2736 1495 προκειμένης
2763 1424 3076 1496 ζητήσεως,
3109 1425 3172 1479 τὸ
3197 1425 3564 1497 ἀληθέστερον
3589 1429 3700 1496 ἐγώ
3730 1444 3814 1481 σοι

2238 1516 2460 1587 παρέξω
2514 1515 2583 1569 δι’
2645 1516 2944 1586 ἐπιτομῆς,
2981 1515 3269 1586 ἀληθεύων
3301 1519 3361 1571 ἐν
3382 1520 3574 1584 πᾶσιν,
3603 1517 3677 1583 ὡς
3712 1519 3816 1591 τῆς

2239 1609 2501 1678 ἀληθείας
2529 1609 2700 1673 ὅντως
2735 1607 2942 1674 δοῦλος.
2973 1627 2992 1662 ι
3030 1608 3139 1664 Τοῦ
3161 1609 3218 1664 δὲ
3245 1610 3516 1681 βασιλέως
3537 1612 3810 1676 εἰπόντος’

2241 1719 2264 1752 ε
2303 1701 2568 1772 Μεγάλην
2601 1719 2691 1772 μοι
2731 1701 2936 1773 ταύτην
2981 1704 3235 1774 ποιήσεις
3293 1704 3477 1776 χάριν,
3518 1720 3539 1756 ι
3591 1706 3759 1774 φησὶν
3784 1705 3815 1758 ὁ

2243 1793 2467 1864 τἈσραμ
2491 1811 2505 1826 ·
2531 1813 2548 1846 ε
2579 1793 2654 1846 Ub
2679 1795 2840 1864 μόνον
2867 1795 2918 1847 οἰ
2940 1793 3246 1864 ἄνθρωποι,
3266 1795 3404 1849 ἀλλὰ
3422 1797 3521 1849 καὶ
3544 1795 3614 1849 τὰ
3639 1796 3815 1864 ἄλογα

2238 1886 2354 1950 ζῶα
2381 1886 2592 1950 γενέσει
2625 1887 2940 1940 ὑπόκεινται
2967 1900 2980 1914 ·
3011 1886 3062 1939 oi
3105 1887 3290 1957 μέντοι
3315 1887 3596 1958 ἄνθρωποι
3625 1887 3813 1959 ἔχουσί

555 1967 846 2036 astrOIOgia
898 1975 952 2020 et
986 1966 1161 2036 magia
1211 1966 1521 2020 emendavit
1550 1966 1772 2022 dicens:
1820 1989 1839 2018 ε
1874 1970 2126 2039 Magnum

2239 1995 2294 2029 τι
2325 1979 2383 2029 ἐν
2411 1978 2626 2039 ἑαυτοῖς
2667 1976 2974 2046 ἐλεύθερον,
3021 1978 3238 2044 γενέσει
3285 1977 3362 2047 μὴ
3414 1977 3806 2048 ὑποκείμενον,

556 2060 852 2113 discrimen
897 2068 1013 2123 est,
1085 2072 1119 2111 ο
1167 2056 1287 2121 viri,
1367 2056 1506 2110 inter
1566 2060 1846 2112 veritatem
1897 2071 1950 2114 et
1989 2078 2122 2116 con-

549 2153 890 2207 suetudinem
917 2167 932 2214 ;
965 2150 1162 2204 veritas
1195 2150 1362 2212 enim,
1393 2165 1518 2203 cum
1575 2151 1786 2205 sincere
1840 2155 2124 2222 quaeritur,

548 2244 773 2297 omnino
827 2242 1140 2307 invenitur;
1198 2243 1536 2297 consuetudo
1596 2258 1723 2297 vero
1769 2245 1885 2299 sive
1932 2262 2128 2301 secun-

547 2337 676 2389 dum
722 2336 1038 2402 veritatem,
1086 2335 1200 2390 sive
1251 2337 1550 2390 secundum
1593 2335 1930 2402 falsitatem,
1989 2340 2128 2394 citra

544 2427 812 2497 judicium
887 2442 983 2496 per
1053 2427 1288 2494 seipsam
1347 2427 1744 2492 confirmatur,
1806 2437 1862 2481 et
1907 2429 2000 2495 qui
2066 2431 2130 2482 il-

550 2523 660 2575 lam
715 2520 955 2590 suscepit
1007 2534 1073 2573 ne
1141 2519 1365 2573 veritate
1435 2522 1654 2589 quidem
1715 2523 1952 2590 gaudet,
2027 2540 2126 2581 nec

549 2616 690 2672 falso
717 2615 1068 2687 indignatur;
1105 2629 1212 2668 non
1246 2615 1391 2669 enim
1439 2615 1665 2684 judicio,
1705 2617 1796 2670 sed
1833 2618 2122 2688 anticipata

553 2709 835 2778 opinione,
863 2709 909 2762 is
934 2721 1195 2762 assensus
1216 2716 1299 2761 est
1321 2708 1602 2761 sententiae
1649 2723 1838 2763 eorum
1874 2712 1965 2780 qui
1996 2721 2121 2766 autc

550 2816 610 2856 se
628 2800 868 2864 fuerunt,
895 2799 1113 2854 incertae
1132 2799 1362 2854 fortunae
1379 2814 1475 2854 sua
1503 2801 1675 2872 ipsius
1694 2817 1788 2871 spe
1809 2805 2124 2858 commissa.

550 2889 737 2962 Neque
769 2891 882 2961 jam
916 2888 1073 2945 facile
1125 2890 1360 2960 patrium
1406 2890 1678 2961 deponere
1711 2893 2119 2957 vestimentum,

549 2983 678 3039 licet
735 2997 960 3054 prorsus
1017 2983 1067 3036 ei
1122 2993 1458 3039 monstretur
1514 2985 1803 3040 stultitiam
1855 2986 1961 3041 hoc
2004 3003 2128 3043 csse

547 3075 664 3130 risu
701 3075 942 3145 dignam.
985 3073 1246 3144 Equidem
1279 3075 1398 3130 sine
1429 3090 1576 3130 mora
1615 3076 1754 3131 hanc
1789 3093 2124 3146 paganorum

544 3167 892 3238 disciplinam
941 3175 996 3222 et
1045 3168 1410 3236 nugacitatem
1446 3167 1573 3221 mali
1620 3167 1888 3221 tliBlllOttiS
1941 3171 2125 3238 perni-

547 3258 917 3316 ciosissimam
951 3259 1354 3328 suggestionem
1391 3274 1512 3313 esse
1541 3259 1698 3321 dico;
1727 3261 1950 3328 quidam
1981 3263 2123 3313 enim

2237 2069 2430 2122 καθότι
2457 2067 2558 2137 τῆς
2587 2069 2853 2135 γενέσεως
2875 2070 3054 2122 ἐκεῖνο
3077 2069 3474 2141 πρεσόύτερον,
3504 2071 3640 2142 ὅπερ
3664 2073 3815 2125 ἐστὶν

2233 2161 2291 2212 ἐν
2326 2159 2636 2228 ἀνθρώποις
2665 2159 3105 2230 αὑτεξουσιότης,
3157 2161 3283 2230 ἥτις
3311 2162 3378 2215 ἐκ
3410 2162 3548 2216 Θεοῦ
3593 2162 3812 2216 δοθεῖσα

2237 2253 2391 2320 ἡμῖν,
2425 2252 2550 2304 ὅθεν
2605 2253 2715 2303 τῶν
2750 2253 2963 2320 ἀλόγων
3007 2252 3298 2322 κρείττους
3352 2253 3508 2318 ὅντες
3555 2257 3652 2308 καὶ
3687 2257 3810 2309 κατ’

2235 2342 2490 2406 ἐξουσίαν
2560 2345 2809 2412 ἀναιρεῖν
2865 2345 2966 2411 μὲν
3029 2345 3195 2412 ἡμεῖς
3247 2344 3389 2398 αὐτὰ
3455 2343 3809 2415 πεφύκαμεν

2243 2436 2402 2505 ἡμῶν
2465 2435 2522 2488 δὲ
2561 2436 2660 2504 τὴν
2726 2432 2976 2497 ἐξουσίαν
3011 2434 3193 2486 αὐτῶν
3242 2436 3500 2503 ἐχόντων,
3533 2436 3599 2490 σὺ
3646 2435 3812 2491 πάλιν

2236 2529 2501 2598 κρείττων
2529 2527 2574 2559 ³⁸
2598 2527 2884 2595 ὑπάρχεις,
2916 2525 3076 2594 ἡμῶν
3105 2526 3245 2595 ἔχων
3277 2528 3376 2595 τὴν
3405 2527 3676 2593 ἐξουσίαν.
3721 2527 3814 2590 ἀς

2233 2619 2326 2676 οὖν
2397 2621 2560 2689 ἡμεῖς
2609 2620 3121 2691 καταλογικώτερον
3187 2618 3298 2672 τῶν
3366 2619 3581 2686 ἀλόγων
3627 2618 3806 2685 ζώων,

2233 2715 2458 2784 ἄμεινον
2486 2713 2664 2776 ὄντες,
2709 2713 2976 2782 ἄρχομεν,
3017 2713 3194 2776 οὕτως
3229 2711 3392 2782 ἡμῶν
3425 2713 3514 2776 σὺ,
3549 2712 3810 2782 βασιλεῦ,

2233 2800 2500 2872 κρείττων
2548 2804 2593 2832 ’⁸
2648 2803 2931 2871 ὑπάρχων,
2988 2805 3127 2856 κατὰ
3160 2802 3255 2855 τὸν
3299 2801 3402 2872 τῆς
3437 2802 3612 2873 ἀρχῆς
3651 2802 3813 2871 λόγον

2232 2897 2331 2961 τὴν
2362 2895 2612 2957 ἐξουσίαν
2657 2894 2825 2963 ἔχεις,
2859 2893 3052 2964 ὥσπερ
3089 2893 3156 2962 δὴ
3183 2892 3278 2946 καὶ
3328 2894 3424 2947 σοῦ
3460 2896 3734 2963 κρείττων
3765 2894 3813 2926 ⁸³

2231 2987 2334 3039 οὐκ
2371 2986 2682 3056 ἄνθρωπος,
2712 2987 2828 3040 ἀλλ’
2857 2989 2884 3040 ὁ
2911 2987 3044 3049 Θεὸς
3091 2987 3120 3039 ὁ
3154 2987 3388 3055 ἀόρατος
3432 2986 3529 3040 καὶ
3579 2985 3812 3056 ποιητὴς

2229 3078 2452 3131 πάντων
2482 3079 2576 3130 καὶ
2603 3078 2898 3147 δεσπότης,
2927 3076 3060 3146 παρ’
3084 3071 3145 3129 οὗ
3178 3076 3273 3129 καὶ
3300 3077 3359 3129 τὸ
3391 3076 3675 3147 συμφέρον
3722 3077 3814 3130 αἰ-

2229 3167 2442 3220 τεῖσθαι
2497 3171 2786 3239 προςήκει.
2834 3186 2850 3219 ι
2884 3167 3067 3221 Ηολλὰ
3105 3167 3162 3220 δέ
3214 3182 3272 3237 γε
3317 3167 3542 3220 τοιαῦτα
3592 3169 3750 3234 λέξας
3779 3169 3811 3220 6

2233 3261 2458 3330 Ἀϐραμ
2499 3262 2580 3323 είς
2611 3261 2703 3313 τὸν
2735 3261 2834 3328 τῆς
2863 3260 3225 3330 ἀστρολογίας
3253 3261 3456 3313 σκοπὸν
3487 3259 3563 3329 τῷ
3593 3259 3812 3329 βασιλεῖ

547 3368 616 3408 cx
662 3351 770 3407 illis
802 3351 1006 3406 multos
1035 3351 1167 3405 deos
1204 3351 1627 3405 introduxerunt
1661 3362 1714 3405 et
1747 3353 1844 3406 lius
1879 3355 2014 3405 viles
2070 3365 2123 3407 et

2233 3325 2620 3423 χαρίζόμενος,
2661 3325 2892 3416 πολλοὺς
2939 3325 3048 3406 των
3095 3325 3417 3420 Ᾰίγυπτίων
3457 3325 3814 3405 ἐπεσπάσατο

550 3443 810 3498 omnibus
843 3442 1236 3512 cupiditatibus
1299 3442 1536 3510 deditos,
1587 3453 1646 3497 ut
1685 3444 1870 3498 volens
1927 3449 2126 3515 aliquis

551 3535 753 3591 similia
806 3549 971 3604 agere
1033 3549 1140 3588 non
1175 3535 1484 3600 erubescat,
1532 3536 1672 3604 quod
1723 3536 1959 3590 hominis
1997 3554 2125 3606 prn-

553 3627 730 3698 prium
754 3637 840 3682 est
867 3627 1146 3696 exemplar
1193 3627 1398 3682 habens
1430 3628 1724 3697 pessimam
1778 3640 1834 3683 et
1889 3629 2125 3683 inhone-

557 3727 698 3772 stam
743 3718 912 3772 vitam
949 3717 1217 3772 falsorum
1247 3718 1462 3772 illorum
1494 3721 1744 3781 deorum,
1803 3719 2126 3788 sublatoque

549 3810 762 3882 pudore
815 3824 882 3864 ne
916 3810 1249 3880 pmnitentiae
1295 3810 1515 3880 quidem
1571 3825 1722 3881 spem
1754 3809 1846 3865 ille
1901 3812 2127 3866 omnino

549 3904 777 3974 praebet.
813 3901 919 3956 Alii
947 3917 1077 3957 vero
1111 3901 1213 3957 fati
1244 3902 1369 3958 ficto
1404 3917 1614 3968 errore,
1642 3903 1788 3956 aliud
1824 3903 2126 3958 nativitatis

550 3996 772 4050 nomine
803 3995 923 4049 sine
951 4009 1058 4063 qua
1087 3993 1223 4047 nihil
1245 3994 1356 4063 pati
1388 4003 1483 4050 aut
1506 3993 1686 4050 facere
1718 3995 1918 4064 aliquis
1935 3995 2115 4064 possit

551 4087 789 4142 absurde
829 4084 1093 4156 attingunt
1141 4094 1196 4139 et
1222 4087 1326 4140 hoc
1361 4085 1479 4156 ipso
1535 4100 1723 4140 errore
1755 4095 1809 4140 et
1850 4086 2128 4156 impietate

549 4177 870 4244 offendunt;
914 4178 961 4231 si
989 4177 1261 4246 putaverit
1293 4177 1440 4231 enim
1479 4176 1678 4247 aliquis
1705 4185 1904 4246 praeter
1931 4180 2128 4232 nativi-

552 4277 740 4334 tatem,
776 4267 890 4323 sive
929 4267 1125 4331 fatum,
1163 4267 1296 4321 nihil
1326 4267 1606 4322 hominem
1655 4269 1764 4337 pati
1789 4278 1884 4322 aut
1949 4269 2128 4325 facere

550 4376 735 4434 posse,
770 4360 928 4416 facile
953 4360 1256 4430 pecudibus
1284 4360 1480 4416 similis
1505 4360 1573 4414 ad
1605 4371 1828 4430 peccata
1855 4362 2124 4417 deﬂectet.

552 4451 621 4506 Et
651 4459 776 4522 post
816 4459 1036 4521 peccata
1059 4465 1167 4503 non
1207 4449 1356 4504 illum
1387 4453 1615 4520 paenitet
1669 4451 1989 4520 impietatis,
2024 4466 2125 4506 ex-

551 4544 891 4600 cusationem
943 4541 1236 4596 absurdam
1291 4540 1604 4606 habentem,
1664 4542 1949 4596 nativitate
1971 4557 2032 4597 se
2058 4543 2124 4596 ad

2232 3447 2313 3507 εἰς
2367 3443 2705 3508 θεοσέόειαν,
2765 3443 2864 3496 ιιιαλ⁸
2884 3442 2985 3512 τὴν
3035 3442 3390 3512 ὲσφαλμένην
3444 3443 3579 3514 (ω’)
3625 3442 3812 3495 αὐτῶν

2229 3535 2432 3603 γνῶσιν
2468 3536 2563 3588 καὶ
2603 3534 2858 3588 παιδείαν
2888 3535 3018 3604 περὶ
3051 3533 3414 3605 ἀστρολογίας
3442 3535 3538 3587 καὶ
3572 3533 3811 3604 μαγείας

2226 3625 2577 3696 διωρθώσατο
2611 3625 2836 3694 φάσκων
2855 3641 2870 3656 ·
2913 3644 2930 3678 ι
2973 3625 3148 3696 Πολλή
3178 3642 3284 3689 τις,
3320 3619 3366 3679 ὦ
3393 3627 3607 3696 ἄνδρες,
3636 3625 3813 3695 ἡδια·

2229 3718 2372 3787 φορά
2401 3719 2548 3771 ἐστιν
2581 3716 2842 3787 ἀληθείας
2873 3718 2968 3770 καὶ
2997 3716 3318 3786 συνηθείας·
3349 3719 3381 3788 ή
3414 3717 3518 3788 μὲν
3539 3718 3650 3788 γὰρ
3669 3717 3815 3787 ἁλή-

2229 3810 2349 3860 θεια
2389 3809 2630 3880 γνησίως
2665 3809 2977 3878 ζητουμένη
3020 3809 3239 3873 πάντως
3274 3810 3616 3879 εὑρίσκεται,
3650 3811 3712 3863 τὸ
3749 3810 3811 3863 δέ

2228 3898 2348 3961 ἔθος
2364 3901 2546 3952 όποίον
2575 3899 2641 3952 ἂν
2666 3897 3000 3970 παραληφθῇ
3033 3899 3143 3951 εῐτε
3167 3897 3406 3969 ἀληθῶς,
3433 3899 3544 3951 εἴτε
3570 3898 3808 3966 ψευδῶς,

2227 3991 2469 4061 ἀκρίτως
2525 3992 2615 4059 ὑφ’
2657 3988 2856 4043 ἑαυτοῦ
2913 3989 3270 4060 κρατύνεται,
3296 3990 3392 4042 καὶ
3439 3989 3562 4042 οὔτε
3615 3989 3813 4060 ἀληθεῖ

2229 4082 2379 4152 αὐτῷ
2408 4083 2449 4113 ³¹
2483 4083 2671 4151 ἥδεται
2702 4084 2730 4134 ὁ
2755 4081 3116 4152 παραλαδὼν,
3144 4080 3257 4152 69
3282 4080 3406 4134 οὔτε
3426 4081 3502 4144 ὼς
3533 4081 3728 4150 ψευδὲς
3761 4082 3808 4115 ³³

2230 4171 2457 4243 ἄχθεται
2484 4187 2498 4202 ο
2536 4171 2598 4224 ού
2633 4172 2743 4240 γὰρ
2775 4172 2981 4241 κρίσει,
3013 4170 3153 4223 ἀλλὰ
3203 4170 3476 4241 προλήψει
3505 4172 3533 4224 ὁ
3565 4170 3812 4234 τοιοῦτος

2231 4263 2562 4316 πεπίστευκε
2593 4263 2790 4336 γνώμῃ
2814 4263 2923 4316 τῶν
2982 4263 3089 4333 πρὸ
3129 4261 3318 4326 αὐτοῦ,
3342 4263 3430 4316 ἐπ’
3453 4262 3634 4332 ἀδήλῳ
3668 4261 3812 4335 τύχῃ

2230 4357 2328 4429 τὴν
2362 4357 2501 4411 ίδίαν
2554 4357 2902 4421 ἐπιδεδωκὼς
2955 4357 3173 4413 ἐλπίδα.
3214 4355 3328 4410 Καὶ
3363 4357 3550 4409 οὐκέτι
3605 4354 3809 4426 ῥᾳδίως

2229 4453 2608 4508 ἀποδύσασθαι
2638 4452 2737 4523 τὴν
2756 4453 2985 4520 πάτριον
3011 4449 3330 4522 περιϐολὴν,
3358 4449 3462 4502 κᾶν
3483 4448 3627 4501 πάνυ
3655 4445 3812 4514 αύτῷ

2229 4545 2506 4598 δείκνυται
2567 4545 2750 4615 μωρία
2801 4544 2896 4596 καὶ
2948 4542 3359 4612 καταγέλαστος
3390 4537 3548 4596 οὖσα.
3599 4537 3813 4592 Αὐτίκα

551 4639 656 4694 ista
695 4634 940 4690 facienda
981 4645 1254 4688 coactum.
1304 4631 1576 4688 Craterum
1640 4633 1734 4702 qui
1782 4633 2123 4688 nativitatem

2233 4637 2324 4691 οὖν
2348 4636 2460 4705 ἐγὼ
2491 4636 2589 4708 τὴν
2614 4637 2747 4707 παρ’
2784 4637 3055 4706 Ἐλλήνων
3081 4633 3334 4688 παιδείαν
3365 4634 3460 4686 καλ⁸
3499 4628 3813 4701 φληναφίαν

549 4730 825 4801 corrigere
853 4727 1062 4798 nequit,
1082 4727 1228 4781 hunc
1250 4741 1359 4781 non
1385 4726 1552 4797 pudet
1572 4740 1848 4795 peccasse.
1873 4725 1978 4779 Alii
1994 4741 2122 4782 vero

547 4822 922 4880 inconsultum
957 4820 1250 4890 impulsum
1304 4819 1589 4882 inducunt,
1637 4818 1880 4873 dicentes
1938 4821 2122 4873 omnia

549 4925 754 4970 temere
782 4913 1085 4967 consistere
1107 4919 1160 4964 et
1188 4909 1316 4963 ferri
1361 4908 1510 4963 nullo
1561 4909 1789 4976 iuvante
1813 4910 2040 4964 domino
2071 4920 2125 4964 et

551 5017 783 5061 rectore.
822 5006 1027 5060 Idcirco
1045 5003 1189 5058 haud
1209 5002 1388 5069 facile,
1407 5019 1472 5056 ne
1492 5003 1668 5058 dicam
1691 5019 1994 5072 nunquam,
2031 5004 2122 5073 qui

551 5099 679 5152 talia
714 5099 956 5152 sentiunt
987 5096 1348 5154 emendantur
1378 5105 1432 5150 et
1462 5095 1528 5149 ad
1585 5095 1906 5164 sapientiam
1962 5096 2127 5150 redu-

554 5193 778 5240 cuntur.
803 5203 820 5236 ι
853 5185 962 5240 Rex
990 5199 1317 5256 magnopere
1337 5183 1577 5240 laudavit
1606 5199 1753 5249 eum,
1777 5183 1845 5239 ab
1873 5184 2127 5239 omnibus

552 5277 817 5346 siquidem
852 5277 905 5333 in
941 5275 1300 5333 admiratione
1329 5276 1516 5334 haberi
1547 5275 1755 5339 videns,
1787 5284 1835 5330 et
1875 5274 2125 5330 maximis

2232 4727 2407 4782 κακοῦ
2431 4727 2688 4798 δαίμονος
2714 4727 3114 4797 χαλεπωτάτην
3145 4725 3404 4778 ὑπόθεσιν
3449 4719 3591 4775 εἶναι
3621 4721 3769 4788 λέγω
3795 4736 3810 4750 ο

2231 4822 2283 4876 οἱ
2316 4824 2414 4892 μὲν
2469 4820 2579 4891 γὰρ
2608 4819 2791 4874 αὐτῶν
2823 4819 3054 4881 πολλοὺς
3104 4817 3262 4879 θεοὺς
3302 4815 3668 4886 εἰσηγήσαντο
3711 4812 3814 4864 καί⁵

2231 4914 2456 4977 τούτους
2479 4912 2718 4982 φαύλους
2749 4913 2845 4966 καὶ
2883 4911 3275 4973 παντοπαθεῖς,
3321 4909 3407 4962 ἴνα
3457 4910 3485 4962 ὁ
3541 4907 3610 4960 τὰ
3646 4906 3814 4973 ὃμοια

2233 5006 2495 5077 πράττειν
2522 5005 2723 5058 ἐθέλων
2765 5003 2902 5074 μηδέ
2929 5003 3143 5074 αἰδῆται
3174 5003 3242 5069 ³³,
3268 5002 3406 5072 ὅπερ
3431 5001 3564 5054 [διον
3593 4999 3814 5067 ἀνθρώ-

2235 5113 2362 5163 που,
2398 5096 2751 5167 παράδειγμα
2785 5095 2896 5149 τῶν
2945 5093 3435 5166 μυθολογουμένων
3485 5091 3625 5146 θεων
3667 5091 3818 5161 ἔχων

2231 5187 2358 5252 τοὺς
2385 5187 2682 5252 κακίστους
2710 5188 2804 5241 καὶ
2832 5187 3112 5260 ἁσέμνους
3140 5185 3315 5257 βίους,
3359 5185 3440 5256 τῷ
3467 5184 3514 5218 ³⁸
3543 5184 3603 5238 δὲ
3629 5183 3712 5254 μὴ,
3734 5185 3822 5235 αἱ·

2229 5279 2440 5336 δεῖσθαι
2473 5279 2597 5337 οὐδὲ
2632 5280 2926 5350 μετανοίας
2975 5278 3170 5334 ἐλπίδα
3232 5277 3452 5342 πάντως
3494 5277 3524 5331 δ
3563 5274 3819 5341 τοιοῦτο-ς

1743 5529 1937 5592 Varia)
1968 5529 2274 5595 lectiones
2315 5538 2379 5595 et
2421 5541 2613 5596 nota.

623 5759 667 5834 ’ξ
697 5759 942 5834 κρεῖττον
977 5755 1100 5834 cod.
1177 5757 1222 5791 "
1255 5761 1503 5829 κρεῖττον
1550 5762 1672 5820 cod.
1759 5761 1805 5795 ”
1837 5764 2083 5834 κρεῖττον
2116 5763 2237 5821 εοάο

561 5829 688 5883 cad.
768 5827 812 5860 ἰ
851 5829 907 5881 τό
946 5827 1069 5881 cod.

2329 5765 2372 5798 “
2403 5765 2563 5839 ἁληθ.
2596 5767 2758 5823 αὐτόν
2801 5771 2926 5827 cod.
3017 5772 3060 5805 ³⁸
3094 5770 3265 5842 ψευδῆ
3301 5773 3425 5830 cod.
3504 5774 3547 5808 ⁸³
3581 5773 3816 5830 αἰδεῖται
