4168 6450
444 385 542 450 1ῗῦ

1632 397 1954 457 GEORGlI
1996 395 2447 456 HAMABTOLI

3599 396 3707 460 ιῧθ

442 502 610 562 hunc.
640 504 1000 575 mirerisquia
1024 523 1186 578 supra
1217 509 1487 564 hominem
1509 512 1765 579 segessit,
1799 521 1850 565 et
1883 523 2005 564 eum

2119 509 2170 574 ἐξ
2204 507 2264 562 οὗ
2299 509 2554 576 Ἀφρικὴ,
2587 503 2698 580 ἔςνῇ
2735 509 3052 579 παρῴκησε,
3109 511 3204 563 καὶ
3235 512 3265 581 ὴ
3298 511 3448 583 χώρει
3472 531 3691 583 προσω-

444 593 660 647 noveris
689 598 962 663 regionem
997 599 1048 650 in
1077 615 1180 666 qua
1219 600 1428 656 frui-tus
1466 603 1552 655 hic
1587 611 1770 656 tantus
1811 603 2009 667 ﬂoruit,

423 689 568 737 vero
611 687 963 755 obstupescas
987 691 1175 746 videns
1221 694 1399 760 qualis
1451 709 1573 748 rosa
1611 695 1662 746 in
1689 694 1863 748 medio
1903 694 2014 762 spi-

441 791 637 830 narum
673 791 797 833 nata
830 784 920 837 sit.
963 781 1091 836 Erat
1121 785 1263 837 enim
1304 786 1368 838 de
1400 787 1616 855 regione
1643 789 1908 850 Ausitidc.
1947 789 2013 842 de

441 872 660 939 regione
687 872 850 937 Esau,
883 889 911 927 a
943 890 1051 943 quo
1089 876 1293 930 Ausitis
1324 887 1635 946 nuncupata
1662 891 1767 941 est,
1811 895 1837 932 a
1870 896 2013 934 scor-

443 971 616 1014 tatore
645 963 853 1017 scilicet
885 973 937 1016 et
974 965 1222 1033 profano,
1262 975 1319 1018 ut
1355 968 1568 1022 mireris
1603 985 1666 1022 ex
1704 985 1807 1038 qua
1839 971 2012 1039 patria

439 1060 492 1099 et
535 1053 716 1104 radice
749 1055 888 1106 mala
946 1063 1105 1108 natus
1161 1058 1230 1108 sit
1287 1057 1498 1112 fructus
1551 1059 2009 1127 speciosissimns.

439 1139 614 1209 Nepos
635 1144 777 1197 enim
811 1157 893 1198 est
927 1147 1120 1202 famosi
1153 1149 1322 1214 illius,
1353 1161 1408 1202 et
1440 1150 1718 1220 Scriptura
1760 1154 2011 1220 quintum

436 1250 560 1286 eum
625 1237 692 1288 ab
738 1239 1011 1292 Abraham
1071 1241 1317 1294 nominat
1373 1243 1752 1308 :«Abraham,
1811 1246 2010 1314 inquit,

439 1327 624 1389 genuit
657 1329 823 1389 ls.iac,
881 1330 1030 1385 Isaac
1077 1330 1241 1393 Esau,
1302 1333 1446 1386 Esau
1499 1333 1708 1402 Ragnel
1757 1345 1810 1388 et
1851 1335 2011 1400 Zara,

438 1413 574 1468 Zara
607 1417 726 1474 Job.
770 1420 984 1475 llaln-ns
1017 1423 1184 1491 igitur
1215 1426 1615 1479 successionem
1643 1427 1710 1479 ab
1737 1427 2012 1481 Abraham

438 1506 506 1558 ad
539 1508 684 1560 illum
717 1526 812 1578 per
851 1511 994 1566 Esau
1029 1513 1448 1577 discurrentem.
1484 1519 1721 1572 ostendit
1751 1521 2009 1586 radicem,

443 1607 496 1648 ut
524 1597 762 1653 fructum
799 1603 1117 1669 admireris;
1195 1623 1318 1660 nam
1371 1609 1452 1660 hic
1494 1609 1712 1677 quidem
1745 1621 2014 1666 scortator

437 1699 491 1741 et
546 1693 807 1758 profanus
839 1735 853 1756 ,
911 1696 1000 1750 ille
1083 1713 1211 1750 vero
1274 1699 1491 1766 sapiens
1539 1711 1594 1754 et
1641 1703 2010 1768 venerabilis,

436 1783 527 1850 qui
563 1783 642 1836 sic
678 1785 920 1854 l0qnitur
951 1805 964 1846 :
1009 1788 1092 1841 «Si
1129 1801 1349 1843 sci-ntus
1376 1804 1454 1844 εει
1483 1794 1674 1847 oculus
1705 1810 1858 1850 meus
1885 1811 2006 1848 mu-

2115 596 2359 669 νομάσθη
2395 599 2790 669 πατρωνύμως,
2828 599 3014 667 ὥσπερ
3039 601 3084 632 ⁸⁸
3134 603 3227 654 καὶ
3261 602 3482 665 Ausim;
3539 605 3566 656 ὁ
3608 607 3695 657 τό-

2116 703 2214 747 πος
2236 687 2277 718 ⁸⁷
2313 684 2408 738 τοῦ
2453 686 2643 751 Ἠσαῦ,
2671 689 2729 739 ὲν
2820 686 3227 760 ἀνεϐλάστησεν
3253 693 3280 742 ὁ
3309 693 3581 761 μακάριος
3600 695 3704 746 καὶ»

2117 776 2383 840 πολύτλας
2417 780 2510 830 καὶ
2544 778 2829 849 διαϐόητος
2859 777 3000 844 Ἰὼβ,
3030 779 3089 832 ὃν
3111 781 3473 850 ἐγκωμιάζων
3502 785 3530 836 ὁ
3552 784 3697 846 θεῖος

2116 868 2500 937 Χρυσόστομος
2549 871 2694 937 λέγει
2735 870 2781 901 ⁸⁸
2810 887 2824 900 ο
2863 889 2881 922 ι
2918 871 3240 940 Ἄνθρωπός
3271 890 3354 934 τις
3388 869 3456 943 ἦν
3511 875 3571 926 έν
3628 878 3692 944 τῇ

2113 957 2266 1028 χώρα
2292 963 2354 1030 τῇ
2377 961 2614 1013 Αύσίτιδι
2635 977 2650 992 ⁸
2675 961 2956 1032 κηρύττει,
2983 963 3168 1032 φησιν,
3203 963 3366 1014 αὐτὸν
3393 963 3488 1015 καὶ
3515 966 3622 1016 ἀπὸ
3651 968 3696 996 ⁸⁸

2113 1049 2212 1117 τῆς
2246 1051 2460 1118 φύσεως
2493 1051 2586 1104 καὶ
2609 1053 2717 1105 ἀπὸ
2751 1054 2850 1124 τῆς
2879 1053 3086 1122 χώρας,
3122 1055 3209 1107 ἵνα
3239 1053 3428 1124 ὥσπερ
3455 1057 3697 1119 ἀκούσας

2115 1141 2276 1194 αὐτὸν
2309 1142 2596 1212 άνθρωπον
2627 1144 2912 1217 θαυμάζῃς
2937 1147 3005 1212 ⁷⁸,
3065 1147 3147 1198 ὅτι
3210 1147 3352 1216 ὑπὲρ
3409 1148 3710 1218 ἀνθρωπονι

2115 1233 2521 1299 ἐπολιτεύσατο,
2551 1235 2694 1288 οὕτω
2723 1236 2912 1306 μαθὼν
2951 1239 2995 1270 τι
3035 1239 3129 1292 καὶ
3157 1236 3256 1308 τὴν
3295 1238 3499 1307 χώραν,
3543 1241 3600 1304 ἐξ
3629 1235 3696 1310 ἧς

2114 1326 2141 1376 ὁ
2171 1325 2422 1388 τοσοῦτος
2448 1326 2660 1394 καρπὸς
2686 1326 2938 1396 ἤνθησεν,
2959 1327 3241 1395 ὲκπλαγῇς
3274 1328 3492 1395 άληθῶς
3511 1333 3696 1383 ὁποῖον

2115 1415 2266 1485 ῥόδον
2285 1417 2341 1468 ὲν
2375 1417 2524 1486 μέσῳ
2553 1418 2660 1471 τῶν
2700 1419 2951 1472 ἀκανθῶν
2982 1418 3319 1488 ἐϐλάστησεν
3347 1436 3362 1449 ’
3405 1438 3426 1471 ι
3480 1416 3548 1490 ἦν
3587 1425 3697 1491 γὰρ

2112 1505 2210 1566 τῆς
2249 1505 2532 1568 Αύσίτιδος
2567 1507 2754 1577 χώρας
2785 1508 2880 1560 τοῦ
2925 1506 3120 1571 Ἠσαῦ,
3159 1508 3219 1572 ἐξ
3255 1501 3430 1577 οὗπερ
3472 1510 3700 1572 Αύσῖτις

2111 1594 2444 1664 ὠνόμασται,
2478 1599 2541 1652 ὲκ
2571 1598 2664 1650 τοῦ
2698 1599 2896 1667 πόρνου
2938 1601 3032 1652 καὶ
3068 1598 3322 1668 βεϐήλου,
3370 1601 3519 1660 ὅπως
3567 1600 3698 1652 θαυ-

2115 1689 2293 1757 μάζῃς
2313 1689 2378 1740 ἐκ
2405 1689 2564 1750 ποίας
2589 1690 2846 1760 πατρίδος
2881 1691 2974 1741 καὶ
3001 1689 3159 1760 ῥίζης
3193 1693 3370 1759 κακῆς
3393 1690 3696 1758 ἐϐλάστησε

2114 1778 2325 1848 καρπὸς
2366 1779 2724 1848 ὼραιὸτατος.
2765 1780 3058 1846 Ἀπόγονος
3090 1782 3200 1850 γάρ
3263 1784 3380 1835 ἐστι
3425 1782 3521 1836 τοῦ
3578 1785 3698 1836 δια-

439 1875 621 1927 lierem
675 1877 933 1941 alienam,
965 1889 1100 1932 ret:
1153 1880 1384 1935 «Foedus
1434 1883 1611 1953 pepigi
1661 1899 1783 1938 cum
1833 1887 2008 1939 oculis

2119 1845 2467 1942 βαλλομένου,
2523 1876 2707 1938 καθὼς
2774 1877 2808 1944 ἡ
2876 1879 3068 1950 Γραφὴ
3103 1845 3368 1947 *πέμπτον
3421 1877 3530 1931 άπὸ
3602 1878 3696 1931 τοῦ

437 1968 627 2021 meis»
695 1970 834 2033 Quin
884 1971 992 2025 imo
1025 1974 1274 2026 victimas
1306 1990 1400 2042 pro
1435 1975 1549 2029 suis
1588 1976 1714 2031 ﬁliis
1765 1980 2010 2046 quotidie

436 2054 741 2110 adducebat
769 2059 955 2113 dicens
993 2077 1007 2112 :
1045 2060 1161 2114 aNe
1187 2063 1324 2116 forte
1355 2066 1492 2118 mala
1524 2068 1883 2134 cngitaverint
1915 2071 2008 2122 ﬁlii

439 2149 543 2200 mei
580 2160 768 2203 contra
804 2153 1028 2206 Deum.»
1073 2152 1203 2208 Jure
1244 2171 1372 2223 ergo
1410 2157 1589 2210 dixit:
1629 2176 1647 2208 ι
1676 2159 1737 2210 Et
1777 2169 1897 2212 erat
1929 2161 2011 2214 vir

438 2239 529 2292 ille
587 2242 773 2297 colens
827 2245 992 2299 Deum
1047 2256 1100 2300 et
1154 2247 1558 2317 inculpabilis,»
1595 2260 1649 2304 et
1701 2254 2008 2320 sequentia.

438 2331 663 2386 Externi
707 2335 1014 2406 philosophi
1048 2337 1415 2394 deﬁnitionem
1448 2341 1686 2396 hominis
1717 2344 2016 2398 ostenden-

438 2432 540 2485 tes,
576 2425 765 2481 dicunt
799 2446 811 2482 :
847 2428 1021 2482 llomo
1047 2441 1129 2485 est
1155 2432 1358 2485 animal
1396 2434 1663 2487 rationale
1688 2437 1847 2489 morti
1882 2437 2013 2491 sul)-

435 2517 619 2584 iaceus
643 2537 655 2582 ;
679 2520 862 2574 divina
884 2535 1062 2576 autem
1089 2523 1374 2592 Scriptura
1407 2540 1516 2578 non
1541 2527 1640 2588 sic,
1676 2529 1768 2581 sed
1796 2547 1810 2582 :
1841 2528 2015 2583 llomo

435 2619 518 2661 est
559 2609 920 2676 «inculpatus,
945 2612 1148 2680 justus,
1175 2614 1359 2668 colens
1390 2613 1581 2680 Deum,
1633 2617 1912 2671 abstinens
1949 2619 2018 2672 ab

437 2701 587 2752 olnni
642 2717 807 2769 pravo
832 2718 1028 2770 opere;
1059 2722 1078 2754 ι
1108 2703 1154 2758 is
1178 2705 1322 2758 enim
1354 2707 1420 2760 de
1451 2721 1562 2775 quo
1593 2707 1706 2761 haec
1737 2723 1841 2763 non
1873 2708 2018 2762 alitr-

437 2802 658 2844 mantur
683 2793 991 2860 iumentum
1027 2807 1126 2860 est,
1167 2797 1364 2852 nedum
1397 2799 1579 2853 homo.
1623 2801 1679 2854 Si
1729 2803 1872 2856 enim
1923 2819 2021 2857 na—

441 2892 575 2938 turas
631 2897 816 2957 typum
875 2889 1081 2944 habens
1129 2893 1465 2946 contumelia
1521 2893 1720 2949 aliieiat
1773 2912 1895 2950 eum
1949 2897 2018 2952 ob

439 2978 702 3032 malitiam
743 2981 1058 3048 voluntatis,
1113 2985 1348 3040 audiatis
1393 2987 1719 3054 Pr0phetam
1755 3007 1768 3042 :
1811 2989 2018 3043 «llomo

2126 1965 2380 2035 Ἀϐραάμ
2419 1982 2432 1999 ο
2471 1987 2490 2019 ›
2537 1967 2791 2036 Ἀϐραάμ
2848 1970 2996 2039 γάρ,
3047 1970 3234 2038 φησὶν,
3298 1969 3556 2038 ἐγέννησε
3608 1970 3701 2020 τὸν

2126 2056 2334 2122 Ἰσαὰκ,
2379 2058 2563 2111 Ἰσαάκ
2609 2059 2700 2112 τὸν
2741 2060 2950 2121 Ἡσαῦ,
2993 2062 3168 2115 Ἠσαῦ
3220 2063 3312 2114 τὸν
3351 2061 3616 2132 Ῥαγουὴλ
3656 2066 3711 2096 τ’·

2117 2148 2208 2200 καὶ
2228 2148 2321 2200 τὸν
2352 2150 2527 2219 Ζαρὰ.
2550 2150 2701 2219 Ζαρὰ
2730 2151 2824 2202 τὸν
2861 2152 3003 2220 Ἰὼβ.
3045 2153 3228 2220 Ἔχων
3258 2154 3303 2184 ⁷³
3327 2150 3420 2206 οὖν
3458 2154 3556 2223 τὴν
3579 2155 3699 2208 δια-

2113 2239 2274 2310 δοχὴν
2304 2241 2412 2293 ἀπὸ
2433 2240 2524 2294 τοῦ
2562 2241 2817 2312 ’Λϐραάμ
2840 2244 2920 2306 είς
2955 2244 3120 2298 αὐτὸν
3153 2248 3566 2317 κατερχομένην
3610 2249 3702 2300 διὰ

2115 2331 2210 2383 τοῦ
2251 2331 2443 2395 Ἠσαῦ,
2484 2331 2728 2385 δείκνυσι
2754 2333 2802 2366 ’θ
2846 2335 2944 2402 τὴν
2986 2335 3164 2404 ῥίζαν,
3207 2335 3294 2388 ἵνα
3338 2337 3432 2390 τὸν
3484 2340 3699 2406 καρπον

2117 2419 2406 2491 θαυμάσῃς
2435 2438 2450 2452 ³
2483 2423 2566 2474 ὅτι
2589 2425 2616 2474 ό
2641 2423 2740 2492 μὲν
2778 2423 2976 2494 πόρνος
3000 2420 3069 2494 ἦν
3103 2427 3147 2460 ⁷⁸
3180 2426 3272 2478 καὶ
3305 2427 3552 2494 βέϐηλος,
3591 2431 3616 2480 ὁ
3643 2429 3701 2481 δὲ

2118 2512 2352 2581 σώφρων
2389 2513 2481 2566 καὶ
2518 2514 2734 2582 σεμνὸς,
2774 2514 2950 2583 λέγων
2976 2515 3148 2578 οὕτως
3180 2517 3260 2559 ’⁸η
3307 2519 3419 2569 «Ἐξ
3464 2519 3520 2570 δὲ
3567 2520 3705 2589 ἐπη-

2119 2604 2450 2674 κολούθησεν
2490 2607 2519 2656 ὁ
2568 2605 2848 2675 ὀφθαλμός
2894 2624 2995 2676 μου
3034 2609 3256 2675 γυναικὶ
3285 2608 3544 2680 ἀλλοτρίᾳ
3581 2629 3598 2661 ι
3632 2641 3703 2651 -ιο

2120 2697 2218 2749 καὶ
2239 2697 2281 2727 ⁷⁷
2309 2712 2321 2726 ’
2361 2717 2379 2748 ι
2421 2697 2700 2768 Διαθήκην
2738 2698 2995 2768 διεθέμην
3024 2702 3136 2763 τοῖς
3167 2701 3466 2770 ὀφθαλμοῖς
3513 2718 3634 2771 μου.
3678 2723 3694 2753 ι

2119 2788 2195 2840 Ού
2227 2788 2336 2858 μὴν
2371 2788 2429 2841 δὲ
2452 2787 2588 2842 ἀλλά
2619 2790 2713 2842 καὶ
2739 2790 2932 2852 θυσίας
2963 2791 3104 2858 ὑπὲρ
3143 2790 3252 2844 τῶν
3289 2791 3435 2844 ίδίων
3493 2793 3700 2846 τέκνων

2119 2880 2442 2949 προσήγαγε
2485 2879 2610 2933 καθ’
2665 2881 2880 2952 ἡμέραν
2929 2882 3154 2948 φάσκων
3198 2899 3212 2913 ·
3245 2883 3507 2952 «Μήποτε
3559 2888 3704 2938 κακά

2119 2976 2412 3045 ἐνενόησαν
2433 2977 2482 3028 οί
2522 2976 2628 3028 υἱοί
2666 2993 2768 3045 μου
2799 2977 2934 3048 πρὸς
2959 2978 3054 3032 τὸν
3087 2977 3239 3032 Θεόν.
3272 2998 3289 3030 ι
3327 2979 3565 3043 Εἰκότως
3609 2981 3702 3034 οὖν

438 3083 561 3121 eum
601 3070 654 3122 in
689 3072 898 3127 honore
945 3082 1112 3138 esset,
1169 3091 1279 3130 non
1333 3077 1619 3141 intellexit,
1665 3089 2013 3147 comparatus

2119 3069 2224 3140 ἔφη
2243 3067 2313 3100 ἠ’
2345 3089 2363 3122 ι
2395 3069 2506 3121 Καὶ
2563 3065 2631 3139 ἦν
2663 3069 2954 3139 ἄνθρωπος
2976 3073 3184 3133 ἐκεῖνος
3213 3071 3495 3142 θεοσεϐὴς.
3519 3075 3706 3142 ἀμεμ-

437 3167 519 3210 est
569 3159 831 3226 iumentis
885 3164 1292 3232 insipientibus,
1352 3177 1406 3220 et
1457 3169 1653 3222 similis
1703 3169 1878 3223 factus
1929 3179 2014 3224 est

439 3249 597 3302 illisa
642 3250 1114 3316 Quemadmodum
1150 3257 1337 3322 igitur,
1371 3271 1437 3311 ex
1469 3259 1745 3311 communi
1781 3274 2015 3314 consue-

440 3339 630 3394 tudine
685 3343 730 3395 si
764 3344 890 3410 quis
929 3346 1110 3398 mittat
1144 3345 1312 3399 lilium
1347 3362 1507 3401 suum
1557 3357 1652 3402 aut
1683 3364 1902 3403 servum
1948 3351 2012 3404 ad

437 3431 657 3499 aliquod
709 3435 1005 3502 negotium,
1061 3437 1385 3492 adhortatur
1465 3438 1652 3494 dicens
1699 3439 1852 3494 :cUt
1911 3443 2014 3505 vir,

441 3539 540 3592 age
563 3525 706 3593 quod
741 3526 913 3595 agis,»
969 3537 1022 3582 et
1048 3543 1340 3584 commune
1376 3546 1573 3584 nomen
1609 3534 1890 3602 proprium
1934 3535 2013 3599 tit,

441 3617 514 3670 ita
564 3619 817 3686 quamvis
881 3635 1070 3674 omnes
1131 3622 1380 3678 homines
1433 3624 1687 3678 dicantur
1740 3626 2014 3692 homines,

441 3707 592 3761 solus
622 3721 748 3762 vere
795 3709 842 3762 is
893 3720 975 3763 est
1015 3711 1181 3765 homo
1225 3712 1318 3782 qui
1375 3714 1667 3782 imaginem
1719 3725 1917 3778 servat,
1964 3725 2018 3770 et

444 3801 778 3866 primitivum
830 3803 1259 3870 pulchritudinis
1303 3807 1612 3875 exemplum
1663 3823 1771 3861 non
1820 3807 2015 3862 aufert.

446 3891 587 3945 Dixit
620 3893 788 3963 igitur
837 3896 1013 3964 ipsum
1063 3897 1358 3960 hominem,
1401 3908 1459 3952 ut
1507 3900 1578 3954 ob
1611 3909 1859 3953 naturam
1892 3915 2019 3970 pro-

441 3984 675 4052 positum
706 3987 928 4053 laudes;
956 3988 1152 4043 deinde
1174 4004 1392 4059 quoque
1415 3991 1484 4045 ab
1510 3992 1761 4046 Ausitide
1797 3993 2018 4063 regione

441 4077 596 4141 dixit,
632 4088 691 4132 ut
732 4081 804 4134 ob
837 4081 1113 4148 regionem
1145 4081 1422 4150 impietate
1444 4081 1731 4149 famosam,
1778 4084 2016 4138 fructum

441 4170 706 4228 celebres.
742 4186 903 4237 quem
943 4182 1135 4227 auctor
1184 4175 1454 4228 malorum
1491 4175 1683 4230 videns
1725 4185 1782 4230 et
1817 4177 2018 4230 invidia

442 4271 647 4323 motus,
697 4263 830 4329 petit
861 4278 891 4315 a
924 4265 1032 4316 Deo
1060 4273 1117 4318 ut
1151 4273 1390 4319 tentetur
1413 4266 1614 4334 justus,
1672 4277 1731 4320 ut
1777 4278 1832 4321 tu
1868 4269 2013 4322 ﬁdu-

441 4351 581 4405 ciam
614 4367 802 4406 sumas
831 4353 1082 4408 etdiscas
1111 4357 1413 4409 daemonem
1447 4371 1554 4409 non
1606 4358 1806 4411 habere
1870 4370 2020 4428 pote-

2117 3177 2303 3226 πτος,»
2349 3163 2442 3214 καὶ
2470 3162 2539 3214 τά
2570 3163 2718 3231 ἑξῆς.
2753 3163 2817 3215 Ol.
2847 3162 2944 3229 μὲν
2970 3163 3079 3232 γάρ
3105 3163 3211 3229 ἔξω
3238 3165 3281 3196 τ’
3306 3165 3588 3233 φιλήσοφοι
3611 3169 3714 3218 τὸν

2117 3254 2241 3323 ὅρον
2268 3254 2362 3306 τοῦ
2394 3254 2683 3325 ἀνθρώπου
2715 3254 3001 3324 δηλοῦντες
3034 3257 3140 3327 7⁷
3161 3274 3344 3324 φασινο
3383 3259 3705 3328 Ἀνθρωπος

2117 3348 2237 3399 ἐστι
2277 3347 2415 3411 ζῶον
2438 3347 2656 3415 λογικὸν
2691 3349 2885 3420 θνητόν
2914 3367 2929 3382 ο
2967 3351 3079 3420 ἡδὲ
3113 3351 3233 3403 θεία
3271 3352 3459 3420 Γραφὴ
3482 3353 3580 3419 ούχ
3609 3349 3703 3402 οὔ»

2117 3457 2246 3502 τως,
2278 3439 2393 3492 ἀλλ’
2419 3456 2432 3469 °
2473 3441 2792 3513 Ἄνθρωπός
2825 3445 2973 3496 ἐστιν
3008 3461 3026 3494 ι
3059 3443 3104 3474 ¹⁰
3132 3442 3443 3511 ἄμεμπτος,
3467 3443 3702 3507 δίκαιος,

2121 3533 2402 3603 θεοσεϐὴς,
2426 3535 2766 3605 ἀπεχόμενος
2798 3535 2906 3588 ἀπὸ
2937 3536 3139 3598 παντὸς
3169 3533 3408 3604 πονηροῦ
3438 3534 3704 3604 πράγμα-

2119 3642 2210 3688 τος
2254 3644 2271 3675 ι
2307 3626 2476 3689 -ὼς
2527 3628 2556 3680 ὅ
2603 3643 2664 3694 γε
2724 3627 2935 3690 τούτοις
2962 3629 3006 3660 ⁸¹
3065 3627 3140 3698 μὴ
3204 3627 3703 3696 μεμαρτυρημένος

2119 3717 2240 3770 οὐδὲ
2265 3717 2572 3787 ἄνθρωπος,
2605 3720 2742 3772 ἀλλά
2785 3721 3003 3789 κτῆνος.
3056 3719 3182 3772 Ἐὰν
3210 3719 3316 3788 γὰρ
3341 3719 3441 3788 ἔχῃ
3470 3719 3564 3770 τὸν
3605 3734 3704 3786 χαι

2125 3809 2376 3878 ρακτῆρα
2395 3808 2496 3878 τῆς
2529 3807 2766 3877 φύσεως,
2795 3809 2991 3880 ὑϐρίζῃ
3029 3810 3087 3862 δὲ
3118 3810 3281 3861 αὑτὸν
3310 3811 3374 3878 τῇ
3407 3809 3578 3878 κακίᾳ
3604 3809 3704 3875 τῆς

2123 3900 2519 3969 προαιρέσεως,
2561 3900 2824 3953 ἀκούσετε
2853 3901 2900 3933 ⁸⁸
2953 3901 3106 3970 παρὰ
3146 3900 3242 3954 τοῦ
3284 3900 3566 3969 προφήτου
3607 3900 3651 3929 ’⁸
3689 3915 3703 3929 ·

2129 3990 2486 4062 «Ἄνθρωπος
2519 3993 2578 4044 ἐν
2611 3996 2746 4064 τιμῇ
2781 3992 2857 4046 ὣν
2891 3993 2952 4045 οὐ
2983 3993 3208 4061 συνῆκε,
3240 3992 3706 4062 παρασυνεϐλήθη

2121 4086 2235 4146 τοῖς
2268 4085 2487 4153 κτήνεσι
2515 4086 2628 4147 τοῖς
2654 4087 2925 4153 ἀνοήτοις,
2963 4085 3058 4138 καὶ
3085 4083 3342 4155 ὡμοιώθη
3374 4085 3579 4148 αὐτοῖς.
3598 4104 3614 4136 ι
3637 4114 3706 4124 -γ

2126 4177 2336 4245 Ὥσπερ
2367 4176 2548 4229 τοίνυν
2578 4177 2672 4229 ἐπὶ
2694 4178 2793 4246 τῆς
2833 4178 3016 4246 κοινῆς
3049 4177 3336 4246 συνηθείας
3375 4177 3595 4229 ἐπειδάν
3623 4194 3708 4238 τις

2122 4267 2214 4321 τὸν
2241 4266 2442 4320 ἑαυτοῦ
2470 4267 2585 4321 υἱὸν
2629 4269 2660 4338 ἢ
2701 4269 2920 4339 οἰκέτην
2950 4269 3258 4340 ἀποστέλλῃ
3289 4269 3381 4321 ὲπί
3409 4285 3529 4320 τινα
3567 4269 3710 4337 πραι-

2126 4359 2230 4424 ειν,
2267 4358 2703 4428 παρακελεύεται
2736 4358 2910 4426 λέγων
2937 4375 2951 4390 ο
3015 4377 3032 4410 ι
3062 4357 3138 4421 ὡς
3182 4357 3472 4428 ἄνθρωπος
3505 4356 3708 4426 πρᾶξαι

442 4453 641 4496 statem
695 4445 1357 4512 adversus‘_Clnristianum
1396 4448 1487 4515 qui
1525 4463 1649 4502 vere
1675 4447 1841 4502 Deum
1889 4449 2014 4503 colit

2124 4449 2191 4501 τά
2217 4447 2316 4517 τῆς
2341 4447 2618 4519 πράξεως,
2667 4467 2685 4500 ι
2717 4451 2811 4501 καὶ
2839 4449 2901 4502 τὸ
2927 4448 3105 4502 κοινὸν
3125 4448 3299 4518 ὄνομα
3336 4449 3701 4501 ἰδιοποιεῖταυ

443 4541 495 4588 et
529 4535 701 4600 timet,
759 4537 861 4590 nisi
919 4538 1237 4605 procuratio
1296 4537 1585 4591 desursum
1640 4537 1840 4602 veniat,
1902 4540 2018 4594 sive

445 4635 667 4695 propter
696 4629 1130 4698 castigationem,
1178 4631 1295 4684 sive
1341 4640 1564 4699 propter
1599 4631 2014 4699 indulgentian'i.

441 4718 673 4784 Quando
695 4720 838 4774 enim
865 4720 1076 4775 inducit
1099 4720 1241 4777 Deus
1262 4725 1680 4788 correctionem,
1712 4731 1808 4776 aut
1832 4737 2020 4792 pinnas

442 4814 618 4880 poscit
645 4823 1017 4882 peccatorum,
1049 4824 1145 4870 aut
1175 4810 1430 4870 virtutem
1457 4829 1674 4871 exercet
1700 4817 1764 4870 ad
1801 4816 2018 4870 divinos

445 4917 785 4971 progressus,
819 4914 952 4960 tunc
981 4907 1147 4960 tradit
1177 4922 1300 4961 eum
1335 4907 1504 4974 malo;
1533 4923 1641 4963 non
1668 4908 1813 4962 enim
1841 4907 2020 4976 potuit

445 4995 646 5052 bellare
677 5001 846 5055 donec
876 5000 1095 5055 licentia
1130 5000 1251 5055 data
1281 5011 1385 5067 est,
1436 5010 1582 5056 etne
1624 5000 1861 5066 mireris;
1905 5015 2011 5052 non

2129 4536 2322 4601 οὕτως,
2361 4539 2409 4589 εἰ
2431 4537 2528 4589 καὶ
2559 4536 2760 4600 πάντες
2791 4536 3071 4607 ἄνθρωποι
3093 4537 3362 4602 λέγονται,
3383 4537 3542 4606 μόνος
3573 4536 3708 4606 ἀλη-

2129 4630 2227 4697 θὴς
2260 4631 2469 4692 ικείνός
2500 4631 2646 4682 ἔστιν
2684 4631 2712 4681 ὁ
2751 4629 2848 4700 τὴν
2889 4630 3077 4684 εἰκόνα
3118 4629 3307 4693 σώζων
3341 4631 3438 4682 καὶ
3466 4633 3528 4681 τὸ
3558 4647 3708 4698 πρω-

2133 4721 2363 4774 τότυπον
2397 4719 2535 4789 (15⁸)
2566 4720 2761 4783 κάλλος
2797 4721 2871 4790 μὴ
2904 4721 3200 4790 ἀφανίζων.
3232 4717 3398 4774 Εἶπεν
3427 4717 3520 4774 οὖν
3543 4721 3708 4774 αὑτὸν

2131 4815 2440 4886 ἄνθρωπον,
2474 4813 2562 4865 ἵνα
2591 4813 2698 4866 ἀπὸ
2727 4813 2829 4881 τῆς
2857 4813 3068 4882 φύσεως
3116 4812 3213 4883 τὴν
3253 4811 3514 4880 πρόθεσιν
3547 4811 3700 4864 ἐπαι-

2131 4905 2315 4977 νέσῃς·
2345 4898 2463 4956 εἶτα
2495 4903 2550 4955 δὲ
2578 4901 2740 4956 αὑτὸν
2770 4903 2864 4956 καὶ
2895 4902 3002 4956 ἀπὸ
3029 4903 3128 4966 τῆς
3175 4901 3457 4964 Αὐσίτιδος
3501 4900 3704 4971 χώρας,

2131 4999 2280 5060 ὅπως
2309 4999 2370 5049 ὲκ
2392 4996 2490 5065 τῆς
2535 4995 2800 5066 κομώσης
2822 4996 2927 5065 γῆς
2990 4999 3056 5067 τῇ
3089 4994 3318 5064 ἀσεϐείᾳ
3352 4995 3444 5047 τὸν
3495 4994 3706 5063 καρπ².ν

1627 5255 1826 5317 Varia
1848 5254 2152 5317 lectiones
2187 5259 2248 5316 et
2281 5260 2467 5319 noue.

521 5490 656 5543 ⁸⁸6).
719 5491 801 5544 ’A.
851 5489 974 5544 Par.
1022 5493 1077 5545 2.

448 5560 629 5633 μάσῃς
695 5561 833 5633 (3hrL
926 5563 980 5633 _"{
1040 5561 1135 5614 ἐὰν
1193 5563 1370 5633 μάθῃς
1435 5562 1566 5620 Chr.
1663 5564 1708 5594 ⁷³
1787 5560 1866 5617 Ῥζ

447 5629 491 5660 ⁷⁸
546 5627 633 5693 τ’ίς
700 5631 753 5682 δὲ
806 5627 873 5698 ἦν
923 5631 1007 5693 Ἥ.
1063 5649 1102 5683 π
1167 5627 1260 5685 καὶ

444 5700 535 5749 ἒπ.
563 5701 596 5766 ὴ
635 5700 829 5766 καρδία
860 5719 962 5768 μου
1034 5701 1080 5732 ⁷⁷
1117 5719 1265 5763 XXXI,
1297 5703 1346 5754 l.
1414 5701 1457 5734 ⁷⁸
1496 5702 1535 5755 l.
1568 5700 1713 5758 5-99.
1743 5706 1781 5758 1,
1824 5705 1873 5757 ’1.

443 5768 485 5806 ⁸¹
524 5773 636 5821 τοῖς
669 5771 926 5832 τοιούτοις
955 5771 1084 5824 (2hr.
1176 5773 1220 5804 ⁸³
1249 5773 1434 5825 ἀκούει
1465 5773 1592 5827 Chr.

1191 5494 1350 5564 "sic
1408 5491 1531 5564 Par.
1587 5493 1638 5544 2.
1720 5493 1764 5524 ⁸⁸
1793 5495 1895 5564 Χρ.
1959 5495 2062 5564 ἔφη

1927 5566 2017 5650 τὶν
2053 5562 2141 5648 “Ζ.,
2189 5562 2335 5650 Clll‘l.‘

1313 5619 1366 5700 βξ
1406 5635 1433 5684 ὁ
1502 5634 1559 5685 δὲ
1611 5633 1808 5702 σεμνὸς
1842 5636 1936 5687 καὶ
1965 5634 2268 5701 θαυμάσιος
2297 5633 2426 5686 Chr.
2506 5633 2552 5663 ⁷⁶
2585 5619 2690 5684 Ιὶιι)
2750 5645 2900 5692 xui,
2925 5619 2989 5683 '7.
3026 5628 3086 5680 Εί
3131 5627 3186 5678 δὲ
3217 5625 3312 5677 καὶ
3338 5623 3414 5692 τῷ
3445 5621 3633 5705 epes}-
3666 5619 3703 5676 ὧ

1313 5704 1346 5753 l.
1414 5701 1457 5734 ⁷⁸
1496 5702 1535 5755 l.
1568 5702 1713 5758 5-99.
1743 5706 1781 5758 1,
1824 5705 1873 5757 Ἰ.
1954 5707 1996 5734 ⁷⁹
2028 5706 2078 5756 οἱ
2103 5701 2304 5764 ἔξωθεν
2327 5705 2370 5754 ὁ.
2409 5701 2593 5754 ἔθεντο
2628 5701 2680 5752 ἀ.
2709 5699 2842 5753 Chr.
2917 5699 2964 5728 ⁸⁸
2993 5698 3101 5750 δικ.
3135 5695 3410 5765 ἀληθινὸς,
3445 5695 3542 5746 ἀπ.
3572 5693 3703 5745 (.hr.

1671 5774 1716 5804 ⁸³
1757 5773 1844 5827 Ps.
1886 5791 2029 5838 sus,
2071 5775 2151 5827 ιε.

2447 5493 2490 5524 ⁸⁸
2521 5511 2572 5544 κ.
2651 5491 2704 5543 ἀ.
2763 5488 2892 5543 Chr.
2953 5486 3042 5541 VI.
3113 5486 3216 5541 584
3257 5486 3322 5539 Α.
3468 5484 3514 5514 ⁷⁰
3572 5482 3704 5534 θαυ-

2426 5563 2470 5592 ⁷³
2531 5557 2690 5628 Εἶχον
2761 5560 2796 5613 Ι.
2858 5554 3018 5628 Εἷχεν
3099 5557 3222 5611 cod.
3289 5553 3404 5630 "‘_
3427 5547 3542 5630 ούν-
3573 5552 3703 5630 (91,τί

2506 5633 2552 5663 το
2585 5617 2690 5684 .i'ob
2750 5645 2900 5692 xm,
2925 5617 2989 5683 "7.
3026 5628 3086 5680 Et
3131 5627 3186 5678 δὲ
3217 5625 3312 5677 καὶ
3338 5623 3414 5692 τῷ
3445 5621 3633 5692 ὀφθσλ·
3666 5619 3707 5676 ὦ

2117 5493 2235 5546 Par.
2275 5494 2330 5546 2.
