4168 6506
422 419 518 480 ιη

420 619 706 674 temdecim
762 623 834 676 ibi
886 633 1260 678 commoratus
1306 635 1473 684 esset,
1528 633 1580 676 et
1633 622 1760 678 facti
1813 631 1998 678 essent

419 727 611 766 omnes
682 714 808 766 anui
863 714 984 782 ejus
1050 725 1270 770 rentum
1334 715 1694 783 quadraginta
1769 723 1994 784 septem.

419 802 522 867 Qui
565 820 685 857 cum
733 808 1201 876 septuagesimum
1241 809 1492 877 quintum
1538 823 1741 880 annum
1790 818 1994 877 ageret,

421 901 476 943 rt
511 892 719 963 fugeret
755 897 825 949 ab
866 895 1005 950 Esau
1062 896 1230 952 fratre
1293 914 1416 960 suo,
1470 898 1716 966 pervasit
1774 896 1992 951 Churan

421 983 827 1055 Mesopotamia:
856 989 922 1041 ad
952 989 1134 1042 Laban
1168 987 1391 1043 fratrem
1429 989 1617 1043 matris
1645 1002 1759 1043 suae
1790 987 1996 1042 Rebec-

421 1093 522 1142 cze,
579 1079 736 1146 cujus
787 1081 969 1134 ovium
1043 1096 1166 1134 cum
1219 1091 1404 1137 custos
1462 1082 1639 1136 factus
1665 1091 1810 1136 esset
1840 1081 1998 1136 annis

423 1171 634 1238 viginti,
686 1181 738 1224 et
787 1173 924 1226 duas
971 1172 1108 1226 ﬁlias
1155 1175 1274 1243 ejus
1305 1172 1438 1227 Lian
1474 1183 1526 1228 et
1569 1173 1770 1227 Rachel
1800 1187 1998 1226 uxores

420 1259 688 1323 duxisset,
747 1262 935 1316 habuit
989 1263 1130 1318 lllios
1184 1264 1476 1319 duodecim
1523 1275 1574 1316 et
1621 1265 1787 1318 tiliam
1811 1280 1996 1329 unam,

420 1354 536 1406 sive
563 1355 626 1405 de
673 1353 876 1420 liberis,
931 1356 1044 1410 sive
1073 1357 1138 1410 de
1167 1356 1380 1410 ancillis
1407 1356 1616 1410 Bala-et
1658 1355 1880 1425 chpha.
1922 1356 1997 1411 Ex

426 1441 520 1495 Lia
551 1445 719 1508 enim,
757 1461 926 1500 uxore
953 1462 1073 1510 sua,
1113 1448 1302 1514 genuit
1326 1447 1538 1511 Ruben,
1568 1448 1812 1510 Simeon.
1849 1448 1999 1514 Levi,

419 1533 638 1596 .ludam,
685 1535 953 1601 Issachar,
992 1537 1237 1592 Zabulon
1287 1547 1340 1593 et
1385 1538 1621 1604 Biuam;
1659 1556 1722 1594 ex
1775 1538 1998 1602 Rachel,

419 1622 646 1695 Josoph,
700 1637 1000 1699 posteaque
1073 1630 1377 1700 Briijamin.
1429 1643 1553 1700 pnst
1615 1632 1884 1697 reditum;
1935 1648 2001 1686 ex

424 1715 571 1782 Bala,
609 1716 720 1770 Dan
757 1727 812 1773 et
847 1717 1173 1788 Nepbtbali;
1229 1738 1294 1776 ex
1347 1721 1567 1791 Zelpha,
1605 1722 1800 1777 Gadet
1843 1729 1997 1778 Aser.

427 1802 554 1858 Post
614 1821 742 1859 vero
793 1806 980 1877 viginti
1032 1825 1228 1873 annos,
1274 1820 1486 1881 tempus
1535 1812 1672 1880 luga:
1720 1823 1778 1867 et
1828 1813 2001 1866 servi-

1621 419 1942 480 GEORGII
1986 416 2433 477 ΗἉΜΑΗΤΟΕΙ

419 545 632 590 ατη-ριν,
664 538 714 580 ιιι
749 541 993 584 mortuus
1023 539 1105 585 est
1135 531 1187 584 in
1229 529 1486 601 Egypto,
1517 547 1640 585 cum
1674 545 1849 585 annos
1882 545 2002 600 sep-

2109 527 2193 592 ιζ’.
2248 525 2419 597 ζήσας
2469 525 2538 577 τὰ
2588 527 2763 580 πάντα
2821 527 2913 594 ἔτη
2951 524 3210 592 ρτιζ’.,ι5)
3253 523 3372 584 Ὃς,

3585 406 3682 466 ιω

3421 519 3679 588 ζπάρχων

2101 617 2239 669 ἐτῶν
2268 623 2366 680 οε’,
2401 617 2496 669 καὶ
2526 614 2714 683 τρυγὼν
2760 613 2930 668 Ἦσαῦ
2959 615 3064 666 τὸν,
3103 611 3333 679 άδελφδν
3361 607 3552 673 αὐτοῦ,
3585 627 3692 662 κα·-

2097 710 2364 778 τήντησεν
2393 710 2473 771 εἰς
2517 707 2880 779 79Χαρῤάν
2911 706 3010 776 τῆς
3061 701 3492 772 Μεσοποταμίας
3543 701 3681 771 πρὸς

2099 801 2311 864 Λάϐαν,
2371 803 2464 853 τὸν
2495 800 2722 870 ἀδελφὸν
2777 803 2878 870 τῆς
2912 801 3119 872 μητρὸς
3155 799 3322 852 αὑτοῦ
3357 796 3682 856 Ῥεϐέκκας.

2098 887 2158 945 οὗ
2200 893 2293 944 καὶ
2332 891 2441 944 τῶν
2474 892 2764 961 προϐάτων
2803 893 3003 960 νομεὺς
3030 893 3325 958 γενόμενος
3358 888 3451 957 ἔτη
3481 885 3553 951 κ’,
3589 887 3702 939 καὶ·

2099 984 2196 1046 τὰς
2243 982 2287 1052 βῖ
2321 983 2630 1053 θυγατέρας
2670 983 2836 1036 αὐτοῦ
2886 983 3031 1037 Δεέαν
3088 984 3182 1036 καὶ
3225 981 3430 1051 Ῥαχὴλ
3461 981 3542 1042 εἱς
3581 997 3682 1045 γυ»

2101 1076 2294 1137 ναίκας
2329 1075 2531 1140 λαϐὼν,
2568 1075 2727 1145 ἔσχεν
2779 1076 2930 1138 υἱοὺς
2985 1075 3050 1145 ιβ’
3101 1077 3196 1128 καὶ
3230 1073 3508 1142 θυγατέρα
3557 1073 3718 1142 μίαν,

2100 1169 2209 1221 άπὸ
2257 1185 2314 1220 τε
2361 1167 2470 1221 τῶν
2500 1167 2898 1238 θεραπαινίδων
2951 1167 3160 1230 Βάλλας
3193 1167 3288 1219 καὶ
3325 1165 3536 1234 Ζελφᾶς
3575 1181 3589 1194 ·
3623 1169 3687 1215 ὲκ

2105 1262 2205 1329 μὲν
2235 1261 2342 1330 γάρ
2399 1261 2562 1324 Λέας,
2619 1261 2718 1330 τῆς
2761 1260 3020 1328 γυναικὸς
3059 1259 3248 1323 αὐτοῦ,
3295 1260 3556 1326 ἐγέννησε
3594 1257 3688 1332 τὸν

2111 1351 2354 1420 Ῥουϐὴμ
2385 1353 2482 1406 καὶ
2503 1353 2765 1423 Συμεῶνα
2793 1353 2888 1406 καὶ
2917 1355 3008 1405 τὸν
3041 1353 3173 1406 Λευτ
3213 1352 3305 1404 καὶ
3328 1351 3420 1404 τὸν
3459 1349 3686 1408 Ἰούδαν,

2103 1446 2194 1498 τὸν
2244 1445 2463 1515 Ἰσάχαρ
2493 1449 2588 1499 καὶ
2618 1448 2708 1498 τὸν
2737 1445 3022 1498 Ζαϐουλὼν
3055 1446 3149 1499 καὶ
3190 1445 3289 1512 τὴν
3323 1447 3505 1506 Δεῖνα,
3537 1445 3601 1496 ὲκ
3630 1443 3688 1497 δὲ

2116 1535 2316 1606 Ῥαχὴλ
2371 1537 2462 1588 τὲν
2500 1520 2994 1608 Ἰωσὴφξ’ὖστερον
3049 1538 3105 1590 δὲ
3141 1537 3234 1589 καὶ
3285 1538 3376 1588 τὸν
3426 1536 3693 1604 Βενιαμὶν,

2107 1629 2245 1695 μετὰ
2276 1629 2376 1697 τὴν
2417 1629 2697 1691 ἐπάνοδον,
2742 1631 2805 1682 ἐκ
2838 1630 3048 1692 Βάλλας
3088 1630 3178 1681 τὸν
3209 1631 3316 1681 Δᾶν
3347 1629 3440 1680 καὶ
3467 1629 3556 1680 τὸν
3581 1628 3690 1679 M-

2104 1717 2334 1785 φθαλὶμ,
2371 1721 2436 1772 ἐκ
2480 1719 2536 1772 δὲ
2584 1719 2799 1786 Ζελφᾶς
2854 1719 2946 1772 τὸν
2977 1719 3082 1773 Γὰδ
3117 1719 3212 1771 καῖ¹
3233 1718 3326 1770 τὸν
3377 1717 3570 1786 Ἀισήρ.
3611 1715 3688 1785 (1‘)

2104 1810 2339 1864 Μετάδὲ
2366 1811 2456 1862 τὸν
2475 1810 2523 1864 κ’
2553 1810 2742 1881 χρόνον
2769 1811 2870 1881 τῆς
2899 1812 3192 1880 άποφυγῆς
3215 1828 3274 1864 τε
3303 1811 3400 1864 καὶ
3419 1809 3686 1872 δουλείας,

422 1895 576 1959 tntis,
613 1907 666 1949 ct
697 1907 820 1965 post
871 1914 1182 1968 regressum
1215 1915 1247 1952 ο
1277 1900 1663 1972 Mesopotamia
1706 1904 1761 1956 in
1796 1912 1998 1957 terram

2109 1897 2222 1971 [atat
2245 1898 2407 1971 μετὰ]
2438 1899 2537 1970 τὴν
2576 1903 2642 1954 εκ
2672 1901 3102 1972 Μεσοποταμίας
3136 1901 3232 1954 καὶ
3277 1899 3415 1971 πρὸς
3449 1899 3550 1970 γῆν
3579 1899 3693 1952 Xa-

420 1984 678 2039 Cbanaan
727 1996 784 2041 et
838 1987 1038 2043 luctam
1101 2004 1226 2044 cum
1297 1989 1444 2054 Deo,
1507 1992 1560 2045 in
1623 2008 1729 2061 qua
1791 1993 2002 2049 visione

428 2075 590 2131 Israel
615 2081 928 2135 nominatus
959 2089 1066 2146 est,
1100 2081 1366 2137 visionem
1401 2099 1596 2137 novam
1633 2085 1766 2139 vidit
1791 2084 1998 2151 Betbel,

423 2178 480 2220 et
537 2184 658 2222 cum
720 2169 962 2227 decimas
1021 2172 1263 2228 dedisset
1319 2175 1566 2229 omnium
1623 2192 1802 2230 rerum
1861 2193 2002 2247 quas

429 2259 760 2328 possidebat,
813 2263 1036 2320 ultimos
1087 2264 1306 2334 subjicit
1358 2265 1525 2330 filios.
1575 2277 1629 2321 et
1659 2268 1927 2338 incipiens
1971 2284 2001 2323 a

423 2351 732 2419 Benjamin,
766 2354 1069 2426 ordineque
1111 2365 1442 2427 praepostero
1487 2357 1554 2412 ad
1602 2356 1728 2413 Levi
1760 2359 2000 2425 veniens,

421 2443 696 2498 decimum
738 2445 884 2502 hunc
912 2447 1189 2503 inventum
1225 2449 1334 2504 Deo
1365 2449 1555 2514 oerrt;
1587 2449 1776 2520 sicque
1820 2451 2004 2507 omnia

427 2553 525 2592 sua
553 2540 776 2594 et'lilios
812 2556 1034 2611 quoque
1063 2541 1376 2607 decimavit,
1423 2543 1566 2599 sicut
1609 2555 1738 2599 ante
1788 2543 2005 2616 fugiens

424 2628 536 2682 Deo
560 2630 891 2697 promiserat
914 2631 1108 2688 dicens
1147 2650 1212 2688 ει
1250 2631 1587 2689 Cunctorum
1647 2651 1768 2701 qua:
1787 2635 2006 2691 dederis

427 2721 584 2785 mihi,
634 2723 878 2780 decimas
924 2724 1148 2781 oﬂ'eram
1197 2727 1297 2783 tibi
1349 2742 1472 2783 ea.»
1534 2727 1832 2784 Confestim
1879 2733 2003 2784 cum

429 2811 696 2867 induisset
728 2811 856 2869 Levi
882 2817 1020 2870 stola
1052 2817 1398 2882 sacerdotali.
1429 2834 1526 2888 per
1551 2819 1730 2888 ipsum
1757 2819 2006 2874 victimas

429 2903 626 2959 obtulit
659 2905 768 2960 Deo
805 2906 1014 2974 Bethel,
1069 2920 1124 2966 et
1158 2910 1360 2968 exinde
1389 2912 1481 2982 qui
1528 2911 1684 2982 legali
1735 2913 2006 2968 sacrificio

425 3008 481 3055 et
516 3001 822 3060 ministerio
857 3005 1200 3074 incumbunt,
1245 3007 1443 3063 Levila:
1470 3009 1644 3064 vocati
1678 3019 1826 3072 sunt.
1879 3019 1936 3065 et
1967 3009 2004 3063 ii

429 3092 522 3161 qui
553 3093 750 3151 divinae
778 3098 967 3166 gratiae
1000 3099 1326 3156 incumbunt
1354 3101 1646 3165 sacrificio,
1682 3101 1862 3157 clerici
1904 3117 2007 3156 no-

431 3189 726 3255 minantur,
769 3205 836 3245 eo
865 3194 1011 3262 quod
1039 3194 1303 3266 scriptum
1336 3195 1410 3250 sit

432 3276 556 3330 vitis
585 3281 862 3346 possessio
908 3282 963 3336 in
998 3283 1125 3341 filiis
1153 3284 1341 3353 Israel,
1380 3283 1647 3342 Dominus
1691 3286 1834 3342 enim
1879 3301 2007 3358 pars

428 3384 618 3424 eorum
653 3380 706 3426 et
735 3374 1030 3443 possessio.
1045 3393 1063 3428 ι

860 3774 1024 3830 XVII.
1072 3776 1144 3832 De
1180 3785 1348 3832 morte
1389 3776 1558 3832 Esau.

508 3950 658 4007 Isaac
683 3964 737 4009 et
759 3953 1034 4023 Rebecca,
1071 3966 1191 4028 post
1223 3957 1454 4014 reditum
1481 3956 1677 4022 Jacob.
1715 3958 2012 4017 advocatos

430 4038 601 4097 Jacob
622 4051 673 4098 et
693 4044 834 4100 Esau
867 4045 1065 4102 hortati
1097 4056 1298 4102 suntet
1323 4046 1685 4119 jurejurando
1707 4047 2019 4105 obstrinxe-

434 4143 560 4187 runt
585 4143 644 4190 ut
663 4151 848 4205 pacem
877 4139 1016 4192 inter
1033 4153 1093 4194 se
1108 4139 1395 4205 haberent,
1413 4147 1470 4196 et
1490 4141 1746 4197 fraternae
1765 4143 2018 4199 amicitia:

435 4228 878 4296 amplexarentur
910 4229 1204 4296 allectum;
1241 4247 1348 4302 quo
1389 4231 1554 4295 facto.
1590 4232 1833 4287 defuncti
1864 4244 2013 4303 sunt,

438 4319 586 4388 prior
615 4319 831 4389 quidem
864 4321 1130 4390 Rebecca,
1178 4339 1287 4378 non
1337 4325 1511 4379 multo
1559 4340 1689 4380 vero
1729 4334 1851 4396 post
1897 4329 2015 4396 ipso

436 4411 629 4476 Isaac,
719 4413 924 4468 relictis
1007 4413 1178 4470 Jacoh
1251 4416 1701 4487 primogenitum
1749 4420 2014 4486 praemiis.

438 4499 569 4556 Post
634 4502 749 4558 haec
815 4504 1106 4575 instigatus
1169 4515 1253 4562 est
1317 4507 1458 4562 Esau
1504 4507 1573 4561 ab
1616 4507 1857 4574 Amalec,
1906 4510 2017 4564 lilio

439 4606 542 4647 suo
571 4607 734 4662 quem
766 4610 831 4648 ex
862 4595 1055 4665 pellice
1085 4597 1374 4662 habuerat,
1405 4607 1459 4653 et
1493 4599 1732 4653 collectis
1766 4599 2016 4668 gentibus

439 4686 601 4741 irruit
633 4686 894 4744 adversus
925 4688 1116 4753 Jacob,
1153 4690 1372 4746 ut‘dicit
1397 4689 1692 4760 Iosephus.
1729 4690 1831 4746 Hic
1861 4707 2016 4755 vero,

441 4778 678 4834 occlusis
734 4780 908 4849 portis
938 4781 1088 4835 urbis
1116 4779 1170 4835 in
1200 4797 1364 4852 quam
1392 4779 1735 4851 confugerat,
1765 4781 1836 4837 de
1863 4798 2022 4838 muro

440 4869 582 4924 Esau
615 4870 936 4926 hortabatur
991 4882 1050 4926 ut
1101 4882 1388 4943 parentum
1437 4881 1706 4941 praecepta
1761 4873 2020 4927 recorda-

441 4972 614 5016 retur.
675 4961 812 5017 Cum
844 4966 946 5019 iste
974 4979 1102 5018 vero
1137 4979 1244 5018 non
1277 4963 1657 5028 assentiretur,
1692 4964 1803 5018 imo
1847 4965 2022 5035 magis

440 5052 790 5109 insolesceret
829 5065 884 5110 et
919 5056 1339 5122 conviciaretur,
1380 5065 1437 5111 et
1463 5064 1691 5110 mortem
1725 5055 1800 5110 illi
1838 5055 2017 5110 mina-

446 5151 616 5207 retur,
662 5143 850 5211 Jacob,
897 5147 1107 5204 iutenso
1155 5163 1312 5213 arcu,
1363 5146 1563 5218 deiecit
1593 5145 1738 5202 Esau
1775 5147 1878 5203 sub
1904 5161 2020 5201 ma-

443 5236 589 5290 milla
642 5238 864 5293 dextera
923 5241 1266 5296 vulneratum
1319 5250 1372 5296 et
1415 5256 1737 5310 percussum
1793 5239 2016 5295 occidit.

1461 3210 1475 3249 :
1534 3193 1681 3250 «Non
1723 3195 1866 3265 jacet
1901 3195 2004 3250 Le-
2034 3217 2078 3278 α

2104 1989 2239 2043 ναὰν
2275 1989 2622 2061 ὑποστροφὴν
2661 1993 2756 2045 καὶ
2789 1991 2890 2061 τὴν
2930 1991 3277 2060 παλαίστραν
3321 1991 3368 2023 ⁵⁸
3411 1989 3552 2059 μετὰ
3594 1987 3691 2041 τοῦ

2103 2082 2262 2148 Θεοῦ,
2294 2076 2447 2153 δι’ἦς
2473 2083 2565 2136 καὶ
2600 2082 2816 2154 Ἰσραὴλ
2847 2082 3144 2153 ὠνομάσθη
3165 2082 3234 2137 δι’
3254 2081 3546 2145 ὀπτασίας,
3579 2074 3691 2135 εῐδε

2105 2175 2269 2230 πάλιν
2325 2177 2511 2246 ὅραμα
2565 2177 2623 2229 ὲν
2680 2176 2857 2247 Βεθὴλ
2887 2176 2982 2231 καὶ
3029 2177 3209 2230 πάντα
3261 2171 3694 2235 άποδεκατὼσας

2106 2271 2252 2342 ἅπερ
2285 2269 2570 2340 ικὲκτητο,
2609 2270 2958 2334 τελευταίους
2978 2269 3276 2325 ὑποϐάλλει
3307 2267 3436 2330 τοὺς
3466 2267 3710 2330 παὶδας..

2106 2362 2201 2416 καὶ
2222 2360 2535 2432 ἀριθμήσας
2547 2361 2747 2426 αὐτοὺς
2771 2362 2880 2417 άπὸ
2895 2361 2990 2416 τοῦ
3011 2361 3273 2430 Βενιαμὶν
3292 2359 3712 2431 άρξάμενοςἮ-

2105 2453 2380 2508 ἀνάπαλιν
2410 2457 2505 2508 καὶ
2533 2454 2626 2508 επὶ
2655 2454 2747 2508 τὸν
2773 2454 2908 2509 Λευτ
2939 2454 3135 2518 ἐλθὼν..
3154 2454 3214 2508 δν
3243 2453 3467 2508 δέκατον
3489 2452 3692 2524 εὑρὼν,

2105 2543 2326 2616 τῷ.Θεῷ
2345 2545 2536 2600 τοῦτον
2555 2547 2934 2618 προσήγαγεν,
2957 2544 3386 2610 άποδεκατὼσας
3402 2545 3504 2616 καὶ⁴
3524 2544 3696 2599 τέκνα

2107 2639 2203 2691 καὶ
2241 2637 2420 2691 πάντα
2449 2637 2549 2691 ὅσα
2575 2634 2645 2709 ἦν
2690 2636 2864 2708 αὐτῷ,
2903 2636 3092 2700 καθὼς
3127 2639 3224 2690 καὶ
3256 2635 3693 2708 προῦποσχόμε-

2107 2745 2194 2792 νος
2228 2723 2350 2781 εἷπε
2380 2729 2459 2799 τῷ
2485 2727 2605 2800 Θεῷ
2623 2730 2681 2782 ὲν
2699 2727 2778 2800 τῷ
2799 2729 3241 2799 ἀποδιδράσκειν,
3273 2727 3357 2782 δτι
3391 2745 3411 2780 ε
3441 2726 3695 2792 Πάντων,

2111 2821 2213 2876 ὅσα
2239 2821 2306 2876 ἄν
2358 2838 2452 2891 μοι
2500 2821 2628 2891 δῷς,
2657 2821 2895 2892 δεκάτην
2922 2818 3246 2878 ἀποδεκατῶ
3285 2836 3368 2874 σοι
3396 2819 3538 2874 αὐτά
3563 2821 3634 2873 θ’.
3673 2839 3708 2870 »η

2112 2915 2224 2968 Καὶ
2275 2913 2436 2978 εὐθὺς
2494 2913 2722 2978 ὲνδύσας
2748 2913 2840 2968 τὸν
2880 2912 3238 2984 Δευὶιστολὴν
3283 2912 3591 2983 ἱερατικὴν,
3619 2910 3690 2966 διὲ

2111 3007 2276 3060 αὐτοῦ
2303 3005 2495 3071 θυσίας
2530 3007 2876 3078 προσήνεγκε
2901 3005 2980 3076 τῷ
3000 3003 3205 3076 Θεῷ.ἑν
3237 3004 3436 3076 Βεθήλ,
3463 3001 3696 3058 κάντιῦο

2111 3099 2204 3155 θεν
2234 3101 2284 3153 οἱ
2317 3099 2396 3170 μη
2424 3099 2472 3132 ’³
2503 3103 2568 3171 τῇ
2611 3099 2908 3171 κατανόμῳ
2949 3097 3114 3169 θυσίᾳ
3143 3113 3203 3152 τε
3238 3097 3333 3151 καὶ
3379 3093 3699 3166 λειτουργία

2113 3191 2569 3260 προσεδρεύοντες
2607 3189 2834 3245 Λευῖται
2861 3190 3179 3262 κέκληνται,
3227 3189 3278 3242 οἱ
3311 3187 3375 3242 δὲ
3405 3187 3506 3258 τὴν
3553 3185 3700 3240 κατὰ

2111 3282 2213 3350 τῆς
2263 3281 2416 3344 θείας
2483 3283 2709 3354 χάριτος
2757 3280 3070 3352 ἱερουργίαν
3117 3279 3375 3351 κληρικοὶ
3422 3293 3700 3349 προσαγον

2115 3374 2391 3446 ρεύονται,
2427 3375 2518 3430 διὰ
2549 3375 2611 3428 τδ
2639 3374 2953 3445 γεγράφθαι
2981 3389 2994 3404 ·
3038 3391 3058 3426 ε
3095 3372 3171 3425 ού
3197 3373 3379 3426 κεῖται
3405 3372 3520 3436 τοὶς
3547 3369 3699 3424 Acut

2113 3482 2241 3530 ταις
2272 3466 2476 3538 κλῆρος
2500 3468 2557 3519 ιν
2588 3467 2726 3528 υἱοῖς
2777 3463 3046 3537 Ἰσραήλ·
3091 3465 3120 3517 ὁ
3149 3465 3258 3534 γάρ
3300 3460 3504 3534 Κύριος
3543 3461 3720 3532 μερὶς,

2118 3558 2296 3612 αὐτῶν
2318 3559 2412 3614 καὶ
2437 3559 2637 3629 κλῆρος
2669 3557 2735 3611 ’⁸.
2776 3576 2794 3610 ι

2497 3757 2597 3816 lZ'.
2633 3763 2772 3829 Περὶ
2807 3757 3069 3815 θανάτου
3123 3757 3331 3813 Ἡσαῦς

2199 3942 2328 3998 ’0δᾶ
2354 3959 2419 4011 γε
2451 3941 2753 3997 Ἰσαάκμκαὶ
2780 3943 2815 4012 ή
2847 3939 3123 3995 Ῥεϐέκκα
3172 3937 3450 4011 μετάττήν
3491 3935 3708 3990 ιεονῖδἸαι⁵

2118 4038 2237 4095 κὼϐ
2265 4039 2553 4105 ἐπάνοδον,
2593 4037 3103 4108 προσκαλεσάμενοι
3121 4036 3214 4090 τόν
3262 4051 3322 4088 τε
3378 4032 3576 4088 Ἰακὼϐ
3612 4033 3707 4085 καὶ

2117 4136 2212 4189 τὸν
2243 4131 2439 4196 Ἠσαῦ,
2459 4129 2552 4184 καὶ
2577 4129 3064 4200 παρακαλέσαντες
3096 4124 3424 4197 soceros;
3457 4123 3574 4188 ἃμα
3608 4123 3707 4176 καὶ

2120 4230 2540 4301 ὲνορκισάμενοι
2573 4230 2802 4298 εἰρήνην
2827 4228 2984 4294 ἄγειν
3007 4225 3142 4294 πρὸς
3168 4221 3432 4293 ἀλλήλους
3480 4221 3578 4274 καὶ
3605 4220 3706 4289 τῆς

2120 4320 2415 4389 άδελφικῆς
2485 4319 2824 4388 οἰκειότητος
2876 4314 3222 4380 ἀσπάζεσθαι
3275 4313 3375 4383 τὴν
3435 4309 3702 4372 διάθεσιν,

2119 4409 2435 4475 τελευτῶσι,
2465 4409 2712 4480 προτέρα
2743 4408 2842 4478 μὲν
2895 4409 2928 4476 ἡ
2984 4404 3275 4467 Ῥεϐέκκα.
3302 4403 3422 4473 μετ’
3478 4400 3542 4454 ού
3568 4398 3706 4453 πολὺ

2122 4501 2179 4554 δὲ
2209 4503 2302 4554 καὶ
2343 4501 2553 4566 Ἰσαάκ,
2574 4497 2653 4568 τῷ
2701 4495 2899 4550 Ἰακὼϐ
2935 4495 3037 4565 τῆς
3073 4491 3502 4563 πρωτοτοκυὶας.
3533 4504 3708 4542 κατα-

2051 4562 2094 4617 D
2123 4593 2375 4656 λιπόντες
2403 4592 2474 4645 τὰ
2501 4562 2664 4661 γέρα.
2706 4589 2782 4657 (2)
2835 4562 3004 4642 Meti:-
3044 4562 3327 4640 δὲταῦτα
3373 4579 3707 4653 παρωξύνθη

2130 4685 2304 4740 Ἦσαῦ
2334 4685 2440 4739 ύπδ
2481 4685 2540 4737 Ἀ
2553 4683 2759 4753 μαλὴκι,
2784 4681 2880 4734 τοῦ
2914 4683 2980 4734 ἐκ
3010 4677 3340 4740 παλλακίδος
3371 4675 3488 4729 υἱοῦ
3513 4673 3704 4738 αὐτοῦ,

2117 4780 2216 4836 καὶ
2255 4777 2586 4846 συναγαγὼν
2628 4776 2756 4846 ἔθνη
2794 4774 3022 4846 ὥρμησε
3059 4773 3202 4827 κατά
3243 4770 3341 4825 τοῦ
3380 4769 3599 4835 Ἰακὼϐ,
3631 4768 3708 4831 ὥς

2121 4891 2287 4944 φησιν
2332 4871 2598 4941 Ἰώσηπος
2629 4871 2705 4902 ’⁸ο
2740 4873 2767 4923 ὀ
2795 4870 2873 4933 δὲ,
2911 4869 3009 4932 τὰς
3028 4867 3203 4930 πύλας
3237 4865 3570 4928 ἀποκλείσας
3608 4862 3708 4931 τῆς

2129 4964 2342 5027 πόλεως
2366 4965 2449 5026 εἱς.
2475 4964 2542 5034 ἢν
2564 4962 2865 5032 κατέφυγε,
2905 4963 2971 5014 ἐκ
3003 4957 3100 5012 τοῦ
3127 4958 3348 5028 τείχους
3403 4955 3710 5026 παρεκάλει

2127 5054 2222 5108 τὸν
2267 5051 2440 5107 Ἦσαῦ
2497 5051 2807 5122 μνησθῆναι
2838 5048 2948 5104 τῶν
3002 5047 3236 5118 γονιεκῶν
3276 5045 3534 5101 ἐντολῶν.
3599 5043 3708 5098 Τοῦ

2126 5146 2183 5201 δὲ
2226 5143 2302 5216 μὴ
2351 5144 2747 5216 ἀνασχομένου,
2802 5141 2943 5198 ἀλλὰ
2999 5141 3202 5211 μᾶλλον
3251 5137 3569 5210 ὑϐρίζοντος
3618 5135 3742 5188 καὶ⁴

2127 5237 2481 5303 ὀνειδίζοντος
2509 5237 2604 5308 (14
2634 5237 2654 5309 )
2681 5237 2777 5291 καὶ
2825 5233 3174 5307 ὀλοθρεύσειν
3220 5232 3396 5287 αύτδνι
3422 5228 3710 5286 άπειλοῦνμ-

1644 5503 1839 5565 Variis
1874 5501 2176 5567 lectiones
2219 5509 2282 5564 et
2314 5509 2504 5565 notae.

521 5736 564 5812 ’ξ
594 5737 1220 5812 τῇςᾲπαλαίστραςοοιὶ.
1254 5809 1263 5812 _
1328 5740 1371 5771 "
1409 5741 1718 5812 ἀρξαμένου
1737 5743 1856 5797 cod.

445 5807 507 5859 Α.
533 5807 585 5860 2.
621 5807 660 5861 l.
700 5808 752 5860 “2.
785 5808 851 5862 de
888 5807 977 5863 his
1013 5809 1146 5864 nihil
1179 5808 1339 5863 liab-t

1970 5743 2013 5773 "
2047 5741 2181 5797 Gen.
2235 5753 2422 5802 sxvnl,
2453 5737 2544 5791 22.

2655 5738 2700 5769 ”
2730 5739 2778 5791 οἱ
2805 5736 2948 5808 μένὶ
3019 5735 3066 5770 ’⁸
3109 5735 3260 5792 Deut.
3311 5751 3366 5798 ι,
3391 5735 3443 5789 9.
3519 5735 3563 5766 ’⁵
3593 5730 3704 5788 Jos.
