4096 6454
465 408 563 473 Ιῦῗ

1673 413 1716 472 0
1727 414 1957 474 ΕΘΠΟ]
1973 414 1993 472 Ι
2036 414 2199 476 HA}!
2209 417 2488 480 ΜὶΤοιί

3625 419 3729 481 168

464 539 589 577 nam
624 524 804 588 nubis,
837 533 892 580 ct
925 538 1064 593 pane
1092 525 1302 580 caelesti
1355 524 1672 587 entttrisset,
1720 525 1904 577 hostes
1949 536 2034 578 eo-

2149 526 2227 594 (5)
2264 525 2372 588 οὕς
2404 542 2513 596 περ
2565 527 2660 578 καὶ
2703 526 2979 596 ὀδηγήσας
3031 527 3087 578 ὲν
3135 528 3200 596 τῇ
3237 526 3434 598 ὶρήμῳ
3461 529 3519 581 ἰν
3549 529 3727 601 στύλῳ

469 631 590 670 rum
625 618 955 672 Amaiecitas
972 619 1213 673 extensis
1237 618 1492 673 manibus
1516 616 1574 670 in
1607 615 1790 686 fugam
1817 631 2044 671 conver-

469 709 556 760 tit.
597 705 695 760 Hic
745 708 959 762 audivit
1007 707 1298 763 Dominutn
1351 707 1617 762 dicentem
1653 723 1667 757 :
1704 725 1722 757 ι
1761 706 1901 760 Ecce
1941 719 2042 773 ego

466 798 626 856 venio
657 781 722 850 ad
751 807 806 852 te
842 799 895 850 in
923 799 1177 852 columna
1205 799 1345 867 ignis
1372 807 1425 851 et
1448 798 1628 859 nubis,
1655 806 1712 849 ιιι
1742 797 1927 850 audiat
1958 813 2043 850 m.

463 891 696 959 populus
728 891 1038 960 loquentem
1079 891 1143 943 ad
1179 899 1252 952 te,
1285 898 1339 943 et
1371 889 1592 942 credant
1638 887 1734 941 tibi
1782 888 1838 940 in
1885 897 2044 942 aeter-

459 998 649 1036 num.»
674 982 736 1035 Et
765 1002 782 1033 ι
815 983 1309 1052 tertiadie,iuquit,
1336 981 2040 1050 vocesetfulguraetmnbes

465 1072 764 1138 caliginosa
795 1088 964 1142 super
1003 1084 1240 1126 mantcm
1273 1072 1425 1125 Sinai
1467 1081 1860 1141 apparuerunt,
1892 1071 2044 1124 clan-

461 1178 664 1231 gorque
726 1164 971 1218 buccime
1027 1165 1260 1218 sonabat
1296 1164 1512 1218 fortiter
1540 1172 1594 1216 et
1626 1160 2040 1230 obstupefactus

458 1259 542 1304 est
568 1253 816 1321 populus.
851 1272 869 1304 ι
895 1283 967 1292 -
995 1274 1012 1305 ‹
1043 1253 1215 1310 Totus
1242 1265 1422 1309 autem
1461 1269 1620 1308 mons
1653 1253 1928 1318 inuitabat,
1973 1268 2040 1308 eo

457 1344 603 1409 quod
635 1343 1013 1399 descendisset
1054 1345 1319 1400 Dominus
1363 1361 1526 1413 super
1558 1361 1681 1398 eum
1719 1347 1770 1398 in
1809 1345 1952 1414 igne,
1984 1354 2038 1400 et

458 1437 704 1488 ascendit
735 1452 906 1505 vapor
935 1438 1095 1508 quasi
1130 1437 1318 1493 furnus
1350 1437 1611 1501 fornacis,
1648 1448 1700 1492 et
1732 1439 1911 1491 omnis
1939 1453 2038 1506 po-

458 1524 621 1592 pulus
654 1526 902 1581 turbatus
949 1537 1038 1581 est
1068 1528 1436 1592 vehementer,
1473 1537 1528 1580 et
1549 1527 1764 1581 sonitus
1797 1528 2039 1582 buccina

457 1615 723 1683 prolixius
769 1617 1111 1672 tendebatur.
1143 1637 1268 1670 ι-ι
1302 1619 1365 1672 Ει
1395 1619 1572 1672 omnis
1604 1618 1833 1687 populus
1861 1620 2039 1672 stabat

459 1710 670 1773 procul,
699 1711 933 1765 audiens
964 1727 1159 1776 voces,
1181 1722 1236 1766 et
1259 1722 1496 1766 montem
1535 1722 1704 1765 totum
1738 1709 2033 1765 fumantem

461 1800 703 1854 videntes
725 1841 740 1864 ,
769 1818 866 1855 nec
900 1804 1161 1856 accedere
1191 1804 1480 1866 audentes,
1524 1803 1616 1857 sed
1643 1802 1783 1871 jnssi
1818 1809 1878 1856 ut
1903 1802 2036 1856 ado-

2150 612 2325 684 πυρὸς
2373 614 2468 668 καὶ
2517 614 2770 684 νεφέλης,
2811 614 2906 668 καὶ
2940 613 3091 684 ἄρτῳ
3129 612 3428 686 διαθρέψας
3463 617 3725 688 οὐρανίῳ,

2146 703 2274 764 τοὺς
2305 701 2536 772 ἐχθροὺς
2588 701 2768 755 αὐτῶν
2827 701 3204 771 Ἀμαληκίτας
3251 703 3452 772 χειρῶν
3505 706 3728 758 ἐκτάσει

2149 789 2632 859 κατετροπώσατο.
2665 784 2835 854 Οὗτος
2859 791 3060 861 ἢκουσε
3091 789 3244 859 παρὰ
3287 792 3494 862 Κυρίου
3534 792 3728 860 λέγον-

2148 892 2260 938 τοςο
2299 877 2463 931 «Ἰδοὺ
2494 876 2605 946 ἐγὼ
2623 879 3004 948 παραγίνομαι
3023 879 3157 948 πρὸς
3189 877 3247 930 σὲ
3271 880 3326 931 ὲν
3351 877 3527 948 στύλῳ
3557 881 3726 949 πυρὸς

2150 968 2245 1016 atat
2272 965 2527 1034 νεφέλης,
2555 965 2644 1018 ἴνα
2670 966 2881 1036 ἀκούσῃ
2913 967 2940 1018 6
2979 964 3108 1028 λαὸς
3134 963 3425 1028 λαλοῦντός
3460 984 3563 1036 μου
3589 969 3728 1040 πρὸς

2151 1055 2234 1117 σὲ,
2266 1057 2362 1108 καὶ
2396 1057 2732 1109 πιστεύσωσί
2767 1073 2849 1110 σοι
2907 1058 2987 1120 είς
3020 1057 3113 1110 τὸν
3158 1057 3333 1111 αἰῶνα
3361 1059 3462 1112 η».
3498 1057 3575 1128 (ι)
3618 1060 3728 1110 Καὶ

2157 1149 2251 1217 «τῇ
2281 1149 2442 1220 τρίτῃ
2465 1148 2674 1219 ἡμέρᾳ,
2711 1147 2903 1216 φησὶν,
2931 1149 3176 1216 ἐγίνοντο
3201 1147 3378 1217 φωναὶ
3400 1149 3495 1200 καὶ
3522 1149 3726 1218 άστρα-

2149 1243 2251 1291 παὶ
2283 1243 2378 1292 καὶ
2403 1241 2599 1309 νεφέλη
2632 1239 2915 1310 γνοφώδης
2937 1241 3031 1293 ἐπὶ
3059 1239 3221 1311 ὅρους
3250 1240 3408 1305 Σινά,
3449 1240 3546 1293 καὶ
3571 1242 3726 1310 φωνὴ

2150 1331 2457 1401 σάλπιγγος
2489 1334 2613 1403 ἧχει
2633 1335 2796 1404 μέγα.
2831 1335 2942 1387 Καὶ
2964 1333 3204 1404 money,
3231 1335 3260 1385 6
3285 1333 3414 1396 λαός
3437 1331 3728 1386 ¹⁹ι.-‹Τὸ

2145 1424 2204 1478 δι
2233 1424 2358 1494 ὅρος
2386 1426 2506 1479 ὅλον
2540 1427 2864 1491 ὲκαπνίζετο
2918 1425 3009 1478 διὰ
3040 1425 3101 1478 τὸ
3130 1424 3580 1492 καταϐεϐηκέναι
3638 1424 3728 1475 τὸν

2145 1517 2278 1572 Θεὸν
2310 1521 2368 1572 ἐν
2393 1519 2545 1590 αὐτῷ
2573 1521 2636 1572 ιν
2670 1519 2826 1591 πυρὶ,
2858 1521 2952 1572 καὶ
2985 1518 3270 1572 ἀνέϐαινεν
3302 1519 3334 1587 ἡ
3376 1516 3542 1587 ἀτμὶς
3591 1516 3729 1568 ὡσεὶ

2146 1613 2351 1676 καπνὸς
2382 1614 2640 1683 καμίνου,
2695 1613 2792 1666 καὶ
2842 1614 2951 1674 πᾶς
2991 1614 3019 1665 6
3063 1611 3190 1674 λαὸς
3236 1610 3430 1680 ἐξέστη
3473 1610 3679 1679 σφόδρα
3709 1627 3723 1639 ·

2144 1705 2387 1772 ἐγίνοντο
2419 1705 2474 1758 δὲ
2503 1707 2557 1757 al
2612 1706 2788 1773 φωναὶ
2830 1708 2928 1773 τῆς
2967 1703 3271 1772 σάλπιγγος
3324 1702 3727 1772 προϐαίνουσαι

2147 1795 2383 1866 ισχυρῶς
2434 1797 2638 1868 σφόδρα
2689 1796 2786 1851 ⁸³⁵..
2858 1797 3001 1849 (Καὶ
3045 1797 3155 1858 πᾶς
3213 1797 3243 1848 6
3304 1794 3430 1858 λαὸς
3478 1795 3726 1860 εἱστήκει

458 1900 642 1945 rarent
668 1894 902 1962 procul:
939 1911 956 1943 ι
999 1894 1062 1947 Et
1089 1897 1134 1950 si
1182 1894 1318 1960 fera,
1369 1896 1569 1966 inquit,
1617 1895 1870 1964 tetigerit,
1905 1895 2034 1964 lapi-

2149 1888 2446 1957 μανρόθεν,
2505 1887 2720 1941 ἁκούων
2763 1888 2863 1950 τὰς
2897 1887 3104 1955 φωνάς,
3155 1886 3249 1940 καὶ
3302 1885 3364 1938 τὸ
3429 1883 3554 1953 ὅρος
3603 1883 3726 1935 ὅλον

456 1981 620 2036 dibus
653 1984 1016 2052 opprimetur,
1052 2004 1070 2036 ι
1115 1997 1169 2040 οι
1202 1987 1442 2041 terribile
1490 1997 1607 2041 erat
1638 1985 1786 2057 quod
1815 1985 2036 2041 videba-

458 2084 567 2128 tur.
599 2073 844 2130 Territus
874 2088 1052 2130 autem
1087 2079 1374 2132 universus
1397 2078 1629 2147 populus
1660 2078 1797 2132 dixit
1820 2078 2035 2148 Moysi:

461 2188 481 2218 ε
508 2167 755 2238 Loquere
778 2169 936 2224 nobis
964 2181 1043 2238 tu,
1075 2181 1129 2225 et
1154 2187 1262 2225 non
1290 2173 1544 2241 loquatur
1567 2173 1724 2225 nobis
1749 2170 2033 2235 Dorriuus,

455 2275 524 2314 ne
581 2263 720 2314 torte
774 2263 1101 2318 moriamur.
1151 2282 1170 2314 ι
1204 2294 1270 2307 η
1307 2283 1324 2314 ι
1359 2265 1421 2318 Ει
1490 2263 1704 2318 vocavit
1773 2261 2036 2318 Donamus

453 2352 664 2423 Moyses
700 2355 751 2406 in
788 2354 1044 2408 verticem
1086 2355 1312 2418 montis,
1345 2371 1362 2405 ι
1394 2383 1456 2391 -
1489 2373 1507 2405 ι
1546 2367 1784 2422 cumque
1837 2368 2035 2407 ascen-

451 2444 620 2499 disset
670 2445 884 2514 operuit
933 2445 1104 2499 nubes
1150 2455 1385 2498 montem
1411 2486 1425 2508 ,
1462 2457 1515 2498 et
1542 2445 1822 2498 descendit
1864 2445 2035 2514 gloria

455 2533 670 2589 Domini
725 2551 892 2605 super
948 2546 1228 2601 montem,
1271 2547 1326 2590 et
1384 2537 1600 2605 operuit
1658 2537 1809 2589 illum
1862 2537 2036 2592 nubes

453 2627 652 2681 diebus
696 2643 815 2683 sex.
873 2624 1094 2698 Species
1152 2639 1330 2682 autem
1381 2629 1568 2697 gloria:
1632 2628 1843 2682 Domini
1877 2629 2034 2698 quasi

455 2718 595 2786 ignis
648 2719 846 2773 ardens
897 2734 1062 2788 super
1108 2719 1312 2774 vertice
1368 2722 1588 2784 montis,
1630 2721 1681 2772 in
1737 2729 2034 2789 conspectu

452 2809 687 2864 filiorum
727 2809 916 2866 Israel.
961 2809 1356 2880 Ingressusque
1400 2812 1611 2882 Moyses
1664 2811 1906 2865 medium
1941 2827 2038 2866 ne-

451 2900 594 2955 bula:
624 2916 793 2970 super
824 2913 1089 2965 montem,
1124 2913 1244 2956 erat
1275 2902 1347 2956 ibi
1383 2903 1576 2958 diebus
1610 2906 2028 2971 quadraginta,»

448 3003 602 3049 stans
655 2996 706 3047 in
762 3005 1058 3063 conspectu
1119 2995 1249 3061 Dei;
1295 3010 1541 3064 «panem
1609 3011 1714 3048 non
1771 2997 2034 3058 comedit,

448 3099 646 3154 aquam
700 3100 810 3139 non
866 3085 1027 3140 bibit.
1068 3104 1086 3136 ι
1135 3083 1200 3137 Et
1255 3084 1390 3139 alias
1451 3100 1689 3139 rursus:
1729 3105 1746 3135 ι
1777 3085 2036 3139 Ascendit

447 3175 661 3248 Moyses
691 3187 744 3231 et
791 3177 972 3232 Aamn
1007 3188 1062 3231 et
1110 3177 1355 3232 seniores
1402 3177 1772 3247 septuaginta.
1806 3188 1860 3231 et
1888 3177 2036 3230 vidc-

448 3279 578 3324 runt
605 3269 785 3323 locum
823 3270 914 3323 ubi
947 3269 1130 3323 stabat.
1160 3267 1303 3324 Dens
1330 3279 1383 3322 et
1409 3285 1529 3338 quae
1563 3279 1718 3321 erant
1746 3268 1848 3322 sub
1881 3267 2029 3336 pedi-

449 3361 549 3416 bus
591 3362 730 3431 ejus,
770 3361 929 3430 quasi
972 3375 1108 3428 Opus
1163 3360 1356 3430 lapidis
1403 3359 1727 3429 sapphirini,
1775 3371 1828 3412 et
1871 3375 2026 3428 quasi

447 3453 656 3521 species
693 3451 1020 3506 ﬁrmamenti
1062 3453 1184 3506 ωσιιί
1223 3453 1476 3518 puritate.
1505 3470 1523 3500 ›
1553 3450 1617 3504 Ει
1645 3467 1838 3505 rursus
1861 3450 2027 3505 dicit:

453 3561 470 3594 ι
502 3542 568 3596 Ει
599 3544 814 3598 locutus
843 3553 926 3596 est
956 3541 1219 3595 Dominus
1243 3543 1308 3594 ad
1333 3539 1551 3609 Moysen
1582 3541 1719 3595 facie
1747 3543 1812 3595 ad
1837 3539 2028 3596 faciem

446 3635 606 3706 quasi
636 3635 679 3690 si
713 3635 838 3703 quis
865 3636 1120 3702 loquatur
1153 3635 1219 3686 ad
1255 3635 1489 3688 amicum
1538 3649 1721 3694 suum,
1758 3643 1811 3687 ct
1846 3635 2030 3688 dimit-

447 3726 666 3779 tebatur
700 3725 768 3778 ad
805 3735 1004 3778 castra.
1044 3722 1107 3775 Et
1139 3726 1274 3777 dixit
1305 3722 1519 3794 Moyses
1553 3724 1633 3791 ,ad
1683 3723 1972 3778 Dominum
2013 3741 2026 3777 :

453 3838 471 3868 ι
515 3818 571 3872 Si
607 3817 786 3871 inveni
838 3819 1070 3886 gratiam
1110 3818 1162 3869 in
1211 3827 1508 3885 conspectu
1541 3826 1656 3882 tuo,
1704 3815 1931 3870 ostende
1979 3825 2030 3872 te

448 3911 577 3963 milii
613 3921 669 3963 ut
701 3921 753 3964 te
784 3925 1082 3980 agnoscere
1112 3909 1338 3979 possim,
1375 3917 1436 3962 ut
1481 3907 1691 3962 videam
1727 3917 1799 3974 te,
1853 3917 1913 3962 ut
1943 3910 2029 3962 in-

446 4005 659 4058 veniam
694 4004 924 4074 gratiam
983 4005 1035 4057 in
1091 4015 1387 4073 conspectu
1424 4014 1536 4066 tuo,
1580 4014 1633 4057 et
1663 4004 2030 4072 glorificemur

444 4111 546 4164 ego
579 4105 632 4150 et
653 4096 889 4165 populus
917 4105 1065 4150 tuus.
1095 4115 1112 4147 ι
1154 4099 1218 4149 Ει
1245 4097 1382 4150 dixit
1404 4098 1668 4150 Dominus
1688 4097 1755 4151 ad
1781 4095 2026 4168 Moysen:

450 4207 469 4239 ι
507 4187 570 4240 lit
598 4189 820 4242 verbum
856 4188 1024 4252 istud,
1060 4189 1201 4257 quod
1235 4189 1446 4242 locutus
1481 4204 1561 4248 es,
1594 4186 1790 4241 faciam
1829 4207 1841 4241 :
1881 4191 2032 4243 inve-

448 4281 576 4334 nisti
607 4280 752 4333 enim
784 4295 967 4334 coram
1002 4295 1087 4333 me
1117 4282 1369 4350 gratiam,
1400 4289 1455 4334 et
1489 4281 1615 4334 novi
1643 4290 1694 4334 te
1718 4296 1881 4350 supra
1906 4295 2028 4335 om-

451 4385 570 4435 nes,
606 4378 658 4423 ct
709 4373 946 4440 gratiam
1000 4373 1168 4426 babes
1201 4374 1342 4441 apud
1386 4389 1491 4436 me,
1535 4372 1628 4426 sed
1679 4389 1784 4426 non
1822 4373 2030 4442 poteris

448 4463 632 4516 videre
699 4463 914 4530 facient,
961 4479 1188 4518 meam:
1233 4481 1340 4518 non
1406 4467 1550 4519 enim
1598 4465 1798 4519 videbit
1865 4467 2028 4519 homo

447 4554 640 4609 faciem
675 4570 850 4608 meam
903 4564 958 4609 et
993 4556 1157 4618 vivet,
1202 4567 1250 4611 et
1285 4571 1411 4611 ecce
1456 4557 1608 4610 locus
1641 4562 1782 4626 apud
1817 4575 1922 4624 me,
1976 4570 2025 4614 et
2062 4587 2104 4642 ο

446 4649 621 4703 stabis
670 4665 836 4719 supra
868 4658 1097 4719 petram.
1138 4661 1191 4704 et
1221 4660 1497 4720 protegam
1533 4660 1582 4704 te
1621 4651 1845 4705 dextera
1881 4667 2024 4714 mea,

449 4751 501 4794 et
536 4751 668 4795 tunc
701 4741 912 4796 videbis
943 4743 1250 4812 posteriora
1284 4757 1439 4809 mea;
1483 4742 1647 4798 iacies
1690 4753 1872 4799 autem
1905 4761 2021 4800 mea

446 4850 553 4888 non
586 4836 856 4890 videbitur
883 4836 1000 4889 tibi.
1038 4855 1055 4887 ι
1097 4834 1364 4902 Deinceps
1409 4848 1534 4888 cum
1582 4833 1804 4889 deberet
1832 4835 2022 4890 deute-

445 4929 754 4982 ronomium
814 4929 1094 4998 suscipere
1123 4967 1139 4992 ,
1187 4941 1382 4980 rursus
1436 4926 1512 4980 ait
1548 4944 1560 4980 :
1594 4945 1612 4978 ‹
1665 4925 1729 4979 Ει
1781 4927 2026 4981 ascendit

445 5019 656 5090 Moyses
681 5021 734 5073 in
764 5029 999 5074 montem
1027 5019 1202 5086 Sinai,
1231 5018 1372 5073 sicut
1402 5028 1736 5089 praeceperat
1756 5019 1805 5072 ei
1837 5019 2022 5072 Domi-

447 5126 568 5165 nus.
611 5110 675 5164 Et
705 5112 991 5166 descendit
1032 5110 1298 5166 Dominus
1332 5109 1387 5164 in
1417 5110 1580 5164 nube.
1615 5128 1633 5160 ι
1661 5140 1730 5150 -
1759 5129 1777 5161 ι
1809 5109 1876 5163 Et
1925 5108 2022 5162 atl-

446 5203 583 5254 stitit
620 5203 668 5256 ei
696 5202 766 5256 ibi
806 5202 1168 5272 quadraginta
1198 5203 1315 5258 dies
1343 5211 1397 5257 et
1426 5201 1786 5272 quadraginta
1815 5210 2021 5269 noctes;

2151 1979 2552 2048 καπνιζόμενον
2603 1979 2838 2048 ὁρῶντες
2859 1979 2932 2028 ’⁵)
2986 1979 3080 2029 καὶ
3143 1976 3440 2047 πλησιάσαι
3483 1974 3558 2044 μὴ
3610 1971 3726 2026 τολο

2144 2071 2379 2140 μῶντες,
2419 2071 2556 2125 ἀλλὰ
2592 2072 2967 2142 προσκυνῆσαι
2992 2067 3275 2140 πόρρωθεν
3299 2068 3680 2126 κελευσθέντα
3705 2081 3719 2094 ·

2143 2166 2299 2219 «Κᾶν
2332 2165 2541 2235 θηρίον,
2573 2165 2728 2234 φησὶ,
2769 2163 2939 2233 θίγῃ,
2968 2160 3476 2231 λιθοϐοληθήσεται,
3508 2157 3582 2208 ⁸⁸»
3628 2157 3728 2209 καὶ

2139 2257 2372 2327 φοϐερὸν
2433 2252 2500 2327 ἦν
2553 2256 2616 2308 τὸ
2663 2254 3099 2325 φανταζόμενον.
3193 2250 3457 2320 Φοϐηθεὶς
3501 2249 3558 2301 δὲ
3612 2248 3725 2309 πᾶς

2137 2352 2166 2402 6
2218 2350 2346 2414 λαὸς
2388 2347 2509 2402 εἷπε
2576 2351 2712 2419 πρὸς
2774 2349 2980 2414 Μωσῆν
3009 2346 3090 2377 ³⁷·
3129 2344 3420 2414 «Λάλησον
3453 2343 3583 2411 ἡμῖν
3630 2341 3722 2399 σὺ.

2140 2444 2235 2496 καὶ
2286 2442 2362 2515 μὴ
2394 2443 2628 2496 λαλείτω
2681 2444 2820 2512 πρὸς
2865 2441 3012 2511 ἡμᾶς
3042 2441 3070 2492 6
3109 2438 3265 2501 Θεὸς.
3323 2437 3535 2507 μήποτε
3586 2433 3726 2488 ἀπο-

2141 2540 2417 2610 θάνωμεν.
2483 2557 2608 2590 ι-ι
2647 2537 2690 2568 ’⁸
2723 2537 2833 2591 Καὶ
2886 2535 3116 2588 ἐκάλεσε
3180 2531 3380 2598 Κύριος
3428 2527 3565 2596 (l5)
3628 2524 3722 2576 τὸν

2140 2629 2382 2700 Μωῦσῆν
2426 2631 2519 2682 ἐπὶ
2537 2630 2634 2700 τῆς
2664 2628 2908 2699 κορυφῆς
2931 2625 3025 2680 τοῦ
3081 2624 3242 2694 ὅρους
3272 2638 3285 2651 ·
3329 2639 3346 2670 ι
3378 2649 3439 2660 -ο
3469 2621 3514 2652 ³⁸
3561 2637 3579 2669 ι
3611 2617 3726 2671 Καὶ

2139 2723 2248 2794 85
2280 2722 2486 2786 ἀναϐάς
2511 2721 2779 2790 ἐκάλυψεν
2810 2722 2842 2790 ἡ
2871 2719 3068 2787 νεφέλη
3096 2718 3157 2770 τὸ
3196 2716 3347 2787 ὅρος,
3380 2713 3475 2768 καὶ
3515 2710 3724 2778 κατέϐη

2139 2816 2329 2888 ήδόξα
2372 2815 2466 2868 τοῦ
2511 2814 2648 2868 Θεοῦ
2687 2814 2778 2866 ἐπὶ
2820 2813 2881 2866 τὸ
2925 2813 3072 2884 ὅρος,
3104 2811 3200 2864 καὶ⁵
3241 2807 3510 2876 ἐκάλυψεν
3556 2805 3723 2858 αὑτὸν

2140 2911 2172 2978 ἠ
2203 2908 2400 2978 νεφέλη
2439 2908 2652 2979 ἡμέρας
2678 2905 2729 2972 ς’
2752 2924 2766 2938 ο
2801 2907 2862 2958 τὸ
2903 2905 2961 2959 δὲ
3007 2900 3144 2967 εἶδος
3189 2903 3286 2973 τῆς
3314 2903 3472 2972 δόξης
3511 2899 3720 2970 Κυρίου

2138 3001 2273 3054 ὡσεὶ
2305 3000 2414 3070 πῦρ
2440 2999 2659 3068 φλέγον,
2692 2999 2786 3053 ἐπὶ
2811 2999 2909 3066 τῆς
2954 2996 3201 3066 κορυφῆς
3235 2993 3329 3047 τοῦ
3364 2993 3525 3065 ὅρους
3559 2993 3718 3044 ὲναν-

2138 3091 2251 3143 τίον
2281 3091 2390 3143 τῶν
2415 3089 2548 3143 υίῶν
2589 3089 2808 3160 Ἰσραήλ
2833 3102 2846 3116 ·
2893 3086 3152 3141 εἰσελθὼν
3175 3087 3233 3140 ὁὶ
3261 3086 3504 3154 Μωῡσῆς
3540 3085 3621 3145 είς
3659 3081 3724 3134 τὸ

2142 3181 2308 3250 μέσον
2336 3180 2435 3249 τῆς
2457 3179 2689 3249 νεφέλης
2720 3179 2815 3233 ἐπὶ
2839 3178 2931 3232 τοῦ
2954 3178 3080 3249 ὅρου
3096 3197 3134 3238 ;,
3152 3171 3217 3246 ἦν
3250 3177 3370 3230 ἐκεῖ
3390 3175 3602 3247 ἡμέρας
3626 3179 3710 3243 μ’»

2139 3273 2369 3326 ἐνώπιον
2408 3272 2502 3325 τοῦ
2550 3271 2686 3325 Θεοῦ
2733 3269 2983 3340 ἑστηκώς
3009 3287 3024 3300 ’
3070 3289 3088 3322 ι
3127 3271 3291 3339 ἄρτον
3329 3271 3430 3324 οὐκ
3486 3271 3718 3336 ἔφαγεν.

2137 3365 2280 3436 ὕδωρ
2319 3366 2420 3418 οὐκ
2469 3365 2622 3418 ἔπιεν
2647 3364 2713 3417 ³⁸.
2758 3384 2776 3416 ι
2819 3365 2930 3417 Ka‘:
2981 3364 3171 3419 ἄλλοτε
3204 3364 3368 3418 πάλιν
3397 3379 3410 3394 ο
3457 3381 3476 3414 ι
3519 3360 3720 3426 Ἀνέϐη

2134 3457 2373 3525 Μωῦσῆς
2405 3459 2498 3510 καὶ
2538 3454 2750 3526 ’Δαρὼν
2795 3459 2890 3510 καὶ
2939 3457 3303 3527 πρεσϐύτεροι
3353 3455 3415 3521 o',
3443 3455 3535 3508 καὶ
3579 3449 3723 3506 εἶδον

2137 3548 2226 3599 τὸν
2254 3548 2421 3599 τόπον
2449 3540 2510 3600 οὗ
2542 3549 2787 3617 εἱστήκει
2813 3550 2840 3598 6
2865 3549 2999 3611 Θεὸς
3032 3549 3126 3600 καὶ
3158 3551 3227 3601 τά
3256 3547 3361 3600 ὑπὸ
3393 3547 3517 3608 τοὺς
3552 3545 3724 3606 πόδας

2134 3639 2325 3701 αὑτοῦ,
2355 3639 2430 3702 ὡς
2457 3640 2618 3708 ἔργον
2647 3639 2798 3692 λίθου
2841 3641 3152 3709 σαπφείρου
3175 3641 3268 3692 καὶ
3313 3642 3390 3700 ὼς
3421 3640 3560 3696 είδος
3594 3653 3727 3688 στε-

2138 3731 2420 3800 ρεὼματος
2466 3730 2562 3783 τοῦ
2615 3729 2847 3800 οὐρανοῦ
2899 3734 2965 3802 τῇ
3025 3731 3381 3800 καθαρότητι.
3432 3749 3450 3781 ι
3487 3728 3562 3801 (5)
3603 3729 3722 3783 Καὶ

2133 3824 2287 3888 αὖθίς
2313 3841 2480 3894 φησιν
2505 3824 2548 3854 ³¹
2573 3840 2588 3854 ·
2620 3843 2638 3874 ι
2675 3824 2783 3876 Kai.
2819 3824 3050 3893 ἐλάλησα
3079 3824 3285 3894 Κύριος
3314 3823 3448 3892 πρὸς
3473 3823 3723 3890 Μωῦσῆν

2132 3915 2365 3968 ἐνώπιον
2416 3917 2636 3984 ένωττίφ
2689 3915 2765 3978 ὡς
2820 3916 2873 3968 εί
2912 3932 2999 3978 τις
3037 3914 3267 3984 λαλήσει
3323 3918 3460 3984 πρὸς
3513 3913 3720 3966 humi

2132 4007 2306 4074 φίλον,
2339 4008 2433 4059 καὶ
2473 4005 2745 4059 ἀπελύετο
2783 4007 2864 4069 είς
2888 4007 2988 4077 τὴν
3030 4007 3410 4078 παρεμϐολήν.
3448 4008 3554 4059 Καὶ
3591 4002 3720 4058 εἷπε

2131 4097 2372 4167 Μωῦσῆς
2411 4096 2548 4167 πρὸς
2593 4096 2796 4166 Κύριον
2821 4114 2832 4127 ·
2879 4117 2896 4149 ι
2939 4099 3000 4151 El
3040 4097 3255 4170 εῢρηκα
3286 4099 3449 4170 χάριν
3482 4097 3720 4151 ἐνώπιόν

2133 4205 2250 4248 σου,
2283 4187 2586 4256 ἐμφάνισον
2643 4203 2732 4256 μοι
2788 4187 2987 4240 σαυτὸν
3045 4189 3306 4254 γνωστὸς,
3348 4187 3424 4249 ὡς
3473 4189 3568 4241 ίδω
3627 4203 3717 4252 σε,

2130 4281 2281 4343 ὅπως
2317 4281 2382 4332 ἂν
2416 4273 2460 4332 ὧ
2507 4279 2760 4350 εὑρηκὼς
2804 4281 2965 4350 χάριν
3004 4281 3235 4334 ἐνώπιόν
3287 4298 3406 4347 σου,
3449 4283 3541 4334 καὶ
3573 4280 3724 4332 ἐνδο-

2135 4371 2538 4444 ξασθησώμεθα
2569 4373 2681 4441 ἐγώ
2721 4391 2779 4426 τε
2837 4375 2928 4427 καὶ
2970 4377 2998 4427 6
3032 4373 3161 4437 λαός
3209 4391 3324 4429 σου.
3365 4393 3384 4426 ι
3434 4376 3544 4428 Καὶ
3588 4368 3720 4426 εἷπε

2135 4466 2338 4540 Κύριος
2381 4466 2516 4536 πρὸς
2565 4469 2772 4537 Μωσῆν
2797 4485 2811 4498 ο
2848 4485 2865 4517 ι
2909 4469 3019 4520 Καὶ
3052 4468 3241 4521 τοῦτόν
3269 4485 3364 4522 σου
3405 4469 3499 4522 τὸν
3533 4467 3717 4535 λόγον.

2130 4556 2190 4609 ὃν
2247 4556 2496 4627 εἴρηκας,
2555 4559 2806 4625 ποιήσω·
2863 4556 3109 4627 εὕρηκας
3159 4559 3268 4628 γάρ
3324 4557 3559 4609 ἐνώπιόν
3607 4573 3717 4626 μου

2134 4651 2295 4721 χάριν
2319 4667 2332 4679 ·
2383 4651 2476 4703 καὶ
2518 4646 2636 4704 οἶδά
2678 4668 2736 4703 σε
2783 4652 2936 4720 παρὰ
2975 4653 3205 4714 πάντας,
3240 4652 3334 4703 καὶ
3366 4651 3530 4720 χάριν
3567 4649 3719 4718 ἔχεις

2135 4743 2267 4810 παρ’
2301 4743 2444 4809 ἐμοι,
2483 4739 2598 4793 ἀλλ’
2632 4741 2693 4793 οὐ
2732 4740 2951 4811 δυνήσει
2987 4741 3114 4793 ἰδεῖν
3153 4740 3212 4793 τὸ
3241 4738 3536 4810 πρόσωπόν
3567 4755 3670 4807 μου
3699 4754 3714 4767 ·

2135 4833 2194 4885 οὐ
2224 4833 2332 4901 γὰρ
2371 4832 2445 4902 μὴ
2473 4832 2558 4903 ῐδῃ
2599 4831 2884 4903 ἄνθρωπος
2911 4831 2973 4885 τὸ
3002 4831 3299 4904 πρόσωπόν
3347 4848 3453 4902 μου
3484 4831 3580 4884 καὶ
3615 4830 3717 4898 ζή-

2135 4939 2286 4974 σεται
2307 4939 2321 4952 ο
2359 4923 2450 4974 καὶ
2481 4921 2590 4974 ἰδοὺ
2628 4922 2795 4984 τόπος
2831 4923 2960 4993 παρ’
2992 4925 3138 4991 ἐμοὶ,
3166 4923 3260 4977 καὶ
3293 4923 3469 4995 στήσῃ
3491 4923 3583 4974 ἐπὶ
3611 4922 3716 4989 τῆς

2133 5012 2342 5081 πέτρας
2371 5013 2465 5066 καὶ
2490 5014 2752 5064 σκεπάσω
2786 5030 2846 5066 σε
2867 5016 2932 5084 τῇ
2961 5015 3106 5086 χειρί
3151 5033 3277 5085 μου,
3317 5016 3411 5068 καὶ
3442 5015 3563 5068 τότε
3590 5013 3717 5084 ὄψει

2131 5106 2199 5158 τά
2221 5106 2400 5158 ὀπίσω
2447 5123 2552 5173 μου
2573 5123 2589 5141 ο
2617 5106 2678 5158 τὸ
2709 5107 2767 5159 δὲ
2799 5107 3092 5178 πρόσωπόν
3133 5125 3236 5178 μου
3279 5109 3382 5162 οὐκ
3410 5108 3716 5178 ὀφθήσεταί

2133 5214 2237 5251 σοι.
2272 5217 2290 5249 ι
2319 5198 2362 5229 ³¹
2380 5197 2456 5268 (6)
2491 5194 2624 5251 Εἶτα
2659 5198 2870 5268 μέλλων
2899 5201 2958 5253 τὸ
2986 5202 3411 5273 Δευτερονόμιον
3432 5201 3714 5269 δέχεσῗιαι,

1640 5446 1839 5509 νοτ-ξω
1869 5448 2172 5509 lectiones
2204 5455 2264 5508 et
2302 5453 2493 5509 noue.

1434 5685 1477 5716 ’⁵
1505 5700 1614 5741 tux.
1666 5683 1842 5741 18.19.

508 5699 553 5729 "
581 5697 678 5750 Ex.
710 5711 819 5754 ιιι,
848 5694 902 5748 9.
1013 5691 1058 5723 ”
1091 5688 1305 5752 nx,16

1564 5770 1756 5816 xxxut,
1817 5752 2000 5806 "-971.

439 5767 482 5798 ³³
513 5783 653 5826 xxxv.
686 5767 751 5820 15
778 5764 862 5820 l8.
937 5764 980 5794 ‘°
1014 5761 1169 5817 Deut.
1201 5773 1317 5822 xu,
1342 5757 1410 5822 ος
1489 5757 1527 5786 ³“

1952 5683 1996 5710 ’³
2026 5697 2112 5737 xx.
2179 5680 2357 5743 lS,“2l.

2079 5753 2121 5782 ³⁸
2147 5752 2276 5805 ιῖριΙ.
2302 5749 2679 5814 89,20-91,1-ι.

2462 5682 2509 5717 ’⁸
2549 5694 2657 5733 ιιι.
2704 5678 2883 5740 “2.15.
2990 5682 3032 5710 υ
3069 5699 3159 5740 ιι,
3203 5682 3288 5735 19.

3391 5685 3437 5717 ’⁸
3471 5702 3552 5750 xx,
3615 5685 3713 5747 ἐῢ,
