4096 6420
429 394 529 456 169

1643 400 2103 463 CHRONICON.
2146 424 2214 434 -
2253 402 2402 463 LIB.
2439 403 2494 465 Ι.

3586 406 3687 467 Πί)

427 505 590 558 πάλιν
630 503 802 573 φησίν
844 503 922 537 ³³·
977 523 995 557 ι
1032 507 1144 559 Καὶ
1180 504 1347 576 ἀνέϐη
1396 507 1641 578 Μωῦσῆς
1683 510 1766 571 εἰς
1795 509 1855 562 τὸ
1885 509 2001 578 ὅρος

2114 525 2307 580 panem
2328 527 2437 566 non
2462 511 2719 578 comedit,
2756 522 2811 567 et
2841 528 3039 583 aquam
3074 528 3183 567 nou
3207 512 3363 578 bibit,
3396 524 3447 568 et
3470 513 3684 581 ﬁt‘l'ipsil

426 599 490 651 τὸ
520 598 673 661 Σινά,
692 595 881 659 καθὼς
914 598 1211 661 συνέταξεν
1240 597 1391 668 αὐτῷ
1418 600 1775 675 Κύριος.Καὶ
1801 599 2010 669 κατέϐη

429 690 635 761 Κύριος
688 690 749 742 έν
798 689 1024 761 νεφέλῃ.
1066 707 1084 740 ι
1121 720 1186 731 -
1218 709 1237 743 ι
1274 692 1382 744 Καὶ
1417 676 1666 762 παρέστη
1706 692 1860 763 αύτῴ
1894 695 2014 745 ἐκεῖ

428 784 644 853 ἡμέρας
698 779 748 852 μ’
778 784 874 834 καὶ
926 781 1133 845 νύκτας
1186 789 1270 851 μ’·
1307 784 1472 853 ἄρτον
1519 784 1621 836 οὐκ
1668 783 1863 852 ἔφαγε,
1916 785 2013 837 καὶ

430 876 577 946 ὕδωρ
606 875 708 926 οὐκ
752 874 898 937 ἔπιε,
930 873 1028 928 καὶ
1084 873 1326 943 ἔγραψεν
1371 873 1467 928 ἐπὶ
1514 875 1624 927 τῶν
1679 876 1909 928 πλακῶν
1943 877 2012 929 τὰ

429 970 657 1040 ῥήματα
686 968 785 1037 τῆς
831 967 1129 1036 διαθήκης,
1164 970 1292 1030 τοὺς
1348 973 1381 1019 ι’
1431 968 1645 1036 λόγους.
1676 970 1787 1021 Καὶ
1832 968 2011 1020 λαϐὼν

425 1060 532 1122 τάς
554 1059 771 1120 πλάκας
802 1060 896 1110 καὶ
926 1058 1175 1121 καταϐὰς
1202 1060 1312 1113 ἀπὸ
1350 1058 1448 1112 τοῦ
1500 1060 1661 1129 ὅρους
1684 1058 2009 1129 δεδοξασμέ-

428 1167 545 1213 voc,
569 1146 941 1216 εἶδενἍαρὼν
968 1150 1063 1201 καὶ
1088 1150 1287 1213 πάντες
1314 1151 1362 1204 οί
1386 1151 1492 1205 υίοὶ
1518 1151 1736 1221 Ἰσραὴλ
1756 1151 1816 1204 τὸ
1844 1152 2011 1220 πρός-

422 1261 580 1297 ωπον
618 1243 923 1306 Μωῦσέως,
980 1241 1077 1294 καὶ
1120 1238 1189 1312 ἦν
1238 1242 1652 1311 δεδοξασμένον,
1683 1243 1777 1296 καὶ
1810 1242 2008 1313 έφοῦἡ-

424 1334 607 1405 θησαν
632 1333 783 1403 αὑτῷ
810 1333 1197 1404 προσεγγίσαι.
1228 1351 1247 1384 ι
1280 1334 1391 1387 Καὶ
1411 1334 1641 1397 εἰκότως
1659 1350 1673 1366 ·
1705 1332 2008 1404 νηστεύσας

426 1428 538 1497 γάρ
563 1426 784 1496 ἡμέρας
829 1430 883 1477 π’
913 1423 1098 1494 Κυρίῳ
1129 1423 1491 1494 παρεστηκὼς
1522 1422 1619 1477 καὶ
1648 1422 1749 1487 τὰς
1776 1423 2011 1494 θεογρά-

425 1537 562 1587 (pou;
608 1518 827 1579 πλάκας
863 1516 1157 1587 δεξάμενος
1196 1516 1295 1571 καὶ
1330 1516 1392 1569 τὸ
1435 1515 1715 1569 θεόσδοτον
1746 1518 2009 1587 Δευτερο⁶

423 1609 617 1677 νόμιον
653 1605 918 1675 εἰληφὼς,
949 1605 1209 1660 τοσοῦτον
1254 1604 1421 1660 αὐτοῦ
1466 1606 1527 1660 τὸ
1565 1607 1860 1677 πρόσωπον
1896 1608 2009 1678 86

425 1702 491 1752 ἐκ
529 1699 632 1765 τῆς
668 1697 932 1759 θεοπτίας
983 1696 1266 1767 ἐδοξάσθη,
1299 1697 1441 1751 ὥστε
1490 1697 1565 1769 μὴ
1612 1699 1876 1753 δύνασθαι
1914 1701 2007 1752 τὸν

423 1792 555 1844 λαὸν
601 1790 854 1843 ἀτενίσαι
899 1788 1037 1855 πρὺς
1085 1787 1183 1858 τὴν
1233 1789 1445 1843 ἐκεῖθεν
1496 1790 1807 1859 φερομένην
1852 1789 2007 1842 θείαν

2116 605 2171 657 in
2198 604 2398 659 tabulis
2428 605 2591 659 verba
2633 605 2878 671 imderis,
2908 606 3096 660 decem
3143 607 3422 660 mandata.
3458 604 3519 658 Et
3564 620 3687 657 rum

2115 698 2447 765 sumpsisset
2481 697 2715 763 tabulas,
2749 706 2804 751 et
2849 698 3227 752 descendisset
3258 696 3335 751 de.
3357 705 3542 750 monte
3574 698 3688 765 glo-

2113 793 2379 852 riﬁcatus,
2423 788 2559 842 vidit
2595 788 2774 841 Aaron
2807 798 2862 843 et
2892 804 3083 843 omnes
3133 790 3230 843 lilii
3277 789 3446 844 Israel
3494 789 3687 845 faciem

2116 878 2336 948 Moysis,
2365 888 2420 933 et
2448 888 2565 933 erat
2594 878 2915 947 gloriﬁcata,
2946 890 2995 933 et
3036 878 3338 935 timuerunt
3359 879 3425 932 ad
3443 895 3569 934 eum
3598 895 3664 933 ac

2112 970 2327 1025 cedere.
2361 989 2381 1023 ι
2440 970 2505 1025 Ει
2548 971 2796 1025 merito:
2835 986 2961 1026 cum
3011 972 3159 1025 eniut
3212 972 3521 1041 jejunasset
3570 972 3688 1026 dies

2110 1062 2387 1130 octoginta
2427 1070 2580 1116 stans
2601 1076 2727 1116 cum
2750 1062 3006 1126 Domino,
3027 1073 3081 1117 et
3104 1063 3318 1118 tabulas
3340 1080 3371 1117 a
3397 1063 3508 1118 Deo
3548 1065 3689 1121 εει-ὶ-

2111 1162 2233 1221 ptas
2265 1154 2585 1221 accepisset,
2642 1160 2699 1207 et
2745 1153 3215 1208 deuteronomium
3263 1170 3295 1210 a
3344 1155 3457 1210 Deo
3498 1156 3687 1209 datum

2109 1244 2457 1312 sumpsisset,
2491 1244 2629 1299 adeo
2657 1259 2723 1300 ex
2754 1244 2941 1300 divino
2968 1244 3147 1300 aﬂlatu
3179 1245 3345 1301 facies
3369 1247 3488 1315 ejus
3516 1247 3686 1314 glori-

2109 1335 2270 1388 licata
2298 1342 2401 1395 est,
2442 1340 2500 1387 ut
2534 1349 2645 1388 non
2692 1344 2878 1403 posset
2926 1336 3165 1405 ponulus
3199 1336 3515 1405 prospicere
3546 1336 3688 1392 divi-

2113 1440 2244 1479 num
2307 1423 2376 1478 ad
2428 1424 2774 1493 splendorem
2824 1432 2879 1478 et
2924 1426 3151 1494 gloriam
3186 1442 3310 1495 qua:
3351 1427 3500 1482 illinc
3535 1442 3687 1497 θεῖε*

2106 1514 2419 1571 diebantur.
2451 1514 2815 1581 Quamobrem
2882 1534 2901 1567 ι
2937 1516 3176 1570 velamen
3227 1518 3331 1572 sibi
3373 1518 3688 1587 imponebat

2107 1609 2239 1663 dum
2286 1609 2353 1662 ad
2382 1622 2479 1662 eos
2507 1608 2914 1677 colloqueretur
2934 1625 2981 1676 ;›
3024 1608 3208 1664 radios
3237 1611 3385 1666 enim
3419 1608 3687 1667 micantes

2106 1699 2365 1754 emittens
2397 1708 2450 1754 et
2478 1697 2766 1768 fulgurans
2785 1700 3155 1766 vehementer,
3176 1701 3364 1756 oculos
3425 1703 3686 1772 torqueba

2109 1789 2460 1852 intuentium,
2484 1790 2642 1859 quasi
2668 1790 2802 1844 solis
2828 1790 3087 1860 splendor
3108 1791 3164 1846 in
3192 1792 3383 1846 oculos
3412 1794 3685 1859 incidens.

431 1881 604 1951 αὑγήν
640 1880 687 1912 ⁸⁸
732 1897 795 1933 τε
835 1880 932 1934 καὶ
976 1879 1159 1944 δόξαν.
1199 1879 1306 1934 Καὶ
1333 1881 1422 1933 διὰ
1465 1879 1627 1933 τοῦτο
1676 1898 1695 1931 ι
1736 1878 2001 1949 κάλυμμα

2112 1878 2243 1934 Post
2272 1880 2634 1950 quadraginta
2669 1890 2850 1935 autem
2884 1880 3022 1946 dies,
3052 1896 3174 1935 cum
3202 1882 3598 1947 descendisset,
3631 1892 3687 1936 et

426 1972 660 2040 ἐπετέθη
714 1972 881 2041 ἡνίκα
915 1971 1054 2042 πρὸς
1099 1970 1300 2034 αὐτοὺς
1345 1971 1545 2041 ὡμίλει
1586 1972 1666 2004 ³⁵·
1709 1989 1728 2022 ι
1775 1972 2003 2033 ἀκτῖνας

423 2065 533 2134 γὰρ
564 2063 873 2135 ἐκπέμπων
909 2064 1247 2132 σελαφόρους
1278 2064 1372 2116 καὶ
1412 2062 1832 2133 ἀπαστράπτων
1870 2061 2003 2130 σφό-

420 2157 551 2228 δρα,
584 2158 681 2222 τὰς
716 2157 870 2228 δψεις
904 2155 1207 2226 ἐπέστρεψε
1253 2155 1364 2209 τῶν
1403 2154 1677 2226 ὁρώντων,
1704 2153 1894 2224 ὥσπερ
1920 2171 2005 2216 τις

421 2249 633 2321 ήλιακὴ
651 2249 796 2317 αὐγὴ
818 2252 929 2311 τοῖς
954 2247 1257 2316 ὀφθαλμοῖς
1282 2246 1724 2316 προσπίπτουσα.
1751 2246 1827 2317 (7)
1852 2246 2003 2299 Μετὰ

427 2344 544 2412 γὰρ
575 2341 789 2411 ἡμέρας
822 2348 868 2410 μ’
905 2338 1188 2393 κατελθὼν
1226 2338 1324 2392 καὶ
1362 2337 1451 2392 διὰ
1499 2337 1598 2409 τὴν
1638 2337 2005 2408 μοσχοποιίαν

437 2432 719 2501 θυμωθεὶς
752 2432 945 2497 εὐθέως
962 2433 1064 2495 τὰς
1093 2431 1305 2493 πλάκας
1326 2429 1655 2500 συντρίψας,
1683 2430 1762 2493 είς
1788 2430 1850 2482 τὸ
1878 2430 2004 2500 ὅρος

440 2522 608 2578 πάλιν
656 2522 959 2593 ἀνέδραμε,
1015 2522 1286 2585 τοσαύτας
1333 2521 1501 2584 ἄλλας
1551 2519 1903 2591 ὲνδιατρίψας
1947 2522 2003 2572 ἐν

426 2612 509 2681 τῷ
540 2611 656 2683 ὄρει
680 2612 891 2683 ἡμέρας
922 2611 1377 2684 προσφιλοσοφῶν
1399 2610 1475 2680 τῷ
1496 2607 1636 2680 Θεῷ,
1661 2609 1844 2680 πάσης
1868 2608 2001 2681 (16⁸)

420 2703 777 2773 ἀνθρωπίνης
807 2705 1015 2775 τροφῆς
1047 2703 1123 2767 ὡς
1150 2705 1244 2756 καὶ
1278 2706 1336 2756 ὲν
1369 2703 1492 2765 ταῖς
1537 2701 1834 2772 προτέραις
1860 2702 2001 2771 ὴμέ-

421 2814 549 2868 ραις
584 2798 879 2867 γενόμενος
910 2800 1200 2864 ἄγευστος.
1235 2795 1423 2859 Οὕτως
1451 2794 1551 2858 τὰς
1579 2795 1842 2865 δευτέρας
1872 2794 2005 2847 πλά-

418 2904 527 2951 κας
576 2886 780 2946 λαϐὼν.
822 2888 960 2956 πρὸς
999 2888 1089 2940 τὸν
1129 2887 1257 2941 λαὸν
1305 2885 1566 2956 κατῆλθε.
1597 2884 1679 2955 (8)
1714 2886 1870 2946 Ποῖος
1910 2882 2005 2937 οὖν

418 2980 686 3050 λογισμὸς
735 2979 1079 3051 ἀνθρώπινος
1106 2978 1167 3030 τὸ
1205 2977 1514 3048 ὑπέρογκον
1556 2975 1709 3030 τοῦδε
1742 2975 1836 3029 τοῦ
1868 2973 2002 3029 θαύ-

422 3088 593 3140 ματος
653 3069 1014 3141 παραστῆσαι
1067 3068 1382 3139 δυνήσεται,
1430 3068 1547 3129 πῶς
1582 3067 1615 3136 ἡ
1652 3065 1861 3137 ῥοώδης
1906 3066 2002 3120 τοῦ

424 3162 677 3232 σώματος
756 3160 921 3230 φύσις
989 3159 1247 3213 τοσοῦτον
1325 3160 1622 3229 κινουμένη
1685 3158 1997 3230 διήρκεσεν,

418 3254 634 3318 οὐδενὸς
671 3250 1147 3323 ἀνεκπληροῠντος
1198 3252 1261 3305 τὸ
1312 3250 1438 3304 καθ’
1481 3252 1697 3323 ἡμέραν
1743 3249 2004 3305 διαπνέον

416 3346 517 3398 καὶ
546 3344 921 3413 ἐξωθούμενον
952 3342 1051 3413 τῆς
1081 3342 1402 3411 δυνάμεως
1449 3343 1582 3397 Λύει
1623 3342 1681 3396 δὲ
1706 3344 1767 3395 τὸ
1799 3342 2005 3412 ἄπορον

416 3436 580 3490 τοῦτο
606 3438 843 3507 πρᾶγμα
873 3439 966 3489 καὶ
997 3436 1301 3505 θαυμάσιον
1329 3437 1357 3487 ὁ
1385 3434 1531 3497 θεῖος
1566 3433 1744 3500 λόγος,
1772 3434 1848 3497 ὡς
1875 3434 2005 3486 ὅταν

416 3531 559 3603 λέγῃ
592 3546 609 3560 ·
656 3549 677 3582 ι
715 3531 832 3583 Οὐκ
889 3527 978 3582 ἐπ’
1023 3528 1173 3598 ἄρτῳ
1220 3528 1372 3598 μόνῳ
1408 3527 1632 3597 ζήσεται
1690 3524 2000 3597 ἄνθρωπος,

417 3624 520 3676 ἀλλ
569 3622 666 3675 ἐπὶ
710 3620 876 3674 παντὶ
913 3620 1121 3689 ῥήματι
1164 3618 1589 3689 ἐκπορευομένῳ
1627 3618 1691 3670 ἐκ
1734 3617 2002 3686 στόματος

415 3714 578 3769 Θεοῦ.
620 3733 639 3766 ι
674 3712 889 3766 Οὐκοῦν
936 3713 1159 3781 εὔδηῖνον
1198 3714 1367 3763 πᾶσιν
1407 3709 1678 3769 ἐντεῦθεν,
1712 3708 1789 3771 ὡς
1833 3709 2002 3777 μηδὲν

414 3807 513 3859 τὸν
542 3805 779 3874 ἄγγελον
806 3804 999 3858 τοῦτον
1040 3805 1384 3875 βεϐρωκέναι
1420 3803 1703 3866 παντελῶς
1730 3805 1789 3854 ἑν
1825 3798 1858 3875 ᾖ
1908 3803 2002 3854 καὶ

416 3896 691 3966 κατῆλθεν
723 3897 934 3966 ἡμέρα.
968 3894 1218 3947 σπεύδων
1252 3896 1309 3947 ἐν
1340 3892 1485 3963 λόγῳ
1534 3894 1769 3961 Κυρῖου,
1802 3893 1899 3945 καὶ
1931 3895 1997 3963 τῇ

416 3989 686 4057 ἐπαύριον
721 3991 778 4041 ἐν
816 3986 894 4056 τῷ
928 3986 1045 4057 ὄρει
1073 3985 1328 4055 ἀνῆλθεν,
1357 3984 1499 4038 ὥστε
1544 3985 1771 4047 δικαίως
1813 3982 1891 4053 τῷ
1920 3983 1999 4035 δι-

415 4081 563 4150 καίῳ
630 4079 789 4149 θυμῷ
841 4078 1213 4149 χρησάμενον,
1277 4076 1376 4139 τὰς
1422 4078 1481 4129 έν
1544 4076 1678 4145 λίθῳ
1707 4074 1997 4145 σαπφείρῳ

414 4171 705 4233 δακτύλοις
738 4169 876 4223 Θεοῦ
910 4170 1219 4241 γραφείσας
1253 4170 1403 4229 θείας
1442 4169 1658 4239 ῥήσεις,
1698 4166 1771 4236 μὴ
1819 4167 1999 4236 φέρων

414 4263 517 4333 τὴν
550 4264 827 4333 ἐπάρατον
858 4259 1123 4331 ἐργασίαν
1154 4276 1213 4312 τε
1245 4259 1339 4312 καὶ
1370 4255 1637 4327 θεοστυγῆ
1666 4254 1867 4326 πρᾶξιν
1890 4253 1998 4307 τῶν

413 4354 654 4408 ἀνοσίων
713 4357 940 4407 ἐκείνων
986 4354 1082 4405 καὶ
1140 4350 1413 4420 βεϐήλων,
1462 4346 1809 4418 συνέτριψεν,
1839 4345 1998 4399 τοῦτο

417 4445 522 4514 μὲν
574 4444 796 4510 ἀνάξιον
860 4442 1093 4511 πάμπαν
1155 4439 1213 4493 εὖ
1280 4440 1426 4509 μάλα
1485 4438 1681 4508 κρίνας
1735 4434 1995 4499 τοιαύτης

2112 1970 2185 2025 ob
2228 1955 2456 2024 vitultim
2510 1969 2807 2025 conﬂatum
2853 1970 3168 2043 indignatus
3199 1982 3363 2035 esset,
3396 1973 3579 2028 subito
3606 1980 3687 2045 ta.

2112 2061 2269 2117 bulas
2290 2062 2619 2116 contrivitet
2638 2062 2705 2116 ad
2732 2070 2972 2117 montem
2997 2077 3188 2118 rursus
3213 2064 3473 2130 accurrit,
3508 2064 3561 2119 in
3579 2079 3687 2134 quo

2112 2150 2339 2205 totidem
2398 2150 2537 2206 alios
2562 2151 2681 2207 dies
2731 2163 3105 2209 commoratus
3131 2161 3249 2223 est,
3291 2155 3687 2226 philosopharis

2111 2242 2254 2312 apud
2298 2242 2490 2309 Deum,
2529 2252 2584 2298 et
2626 2243 2910 2300 abstinens
2945 2260 3026 2304 se.
3067 2245 3211 2301 sicut
3245 2246 3439 2303 diebus
3474 2263 3683 2318 praece-

2111 2335 2392 2400 dentibus,
2426 2335 2495 2390 ab
2525 2336 2676 2390 omni
2717 2336 2960 2391 humano
3002 2336 3147 2392 cibo.
3173 2335 3339 2392 Novis
3372 2340 3498 2393 dein
3532 2355 3685 2397 sum-

2111 2429 2218 2495 ptis
2249 2427 2477 2492 tabulis,
2530 2427 2815 2482 descendit
2862 2428 2930 2482 ad
2972 2429 3256 2498 populum.
3312 2429 3560 2496 Quanam
3594 2446 3685 2487 ra-

2111 2519 2259 2574 tione
2319 2517 2669 2589 magniﬁcum
2740 2520 3219 2576 liocmiraculum
3291 2535 3686 2593 repraesentare

2111 2611 2277 2666 homo
2332 2610 2533 2681 aliquis
2580 2610 2791 2682 possit?
2841 2610 3151 2678 Quomodo,
3183 2613 3387 2669 eximia
3441 2615 3687 2686 corporis

2111 2713 2307 2759 natura
2340 2711 2552 2768 tantum
2597 2703 2799 2774 agitata
2848 2705 3183 2773 perduravit,
3224 2721 3348 2761 cum
3384 2707 3683 2777 nihilsup-

2111 2795 2283 2864 pleret
2304 2794 2567 2865 quidquid
2588 2795 2782 2849 virium
2810 2796 3057 2864 quotidie
3078 2812 3173 2866 per
3203 2799 3682 2867 transpirationem

2109 2886 2515 2957 expellebatur?
2536 2887 2606 2941 At
2628 2886 2791 2943 solvit
2815 2886 3032 2942 diﬂicile
3060 2888 3195 2943 illud
3223 2898 3276 2944 et
3302 2890 3683 2948 admirandum

2110 2979 2295 3035 divina
2326 2976 2609 3047 Scriptura
2644 2979 2871 3034 dicens:
2914 2997 2934 3030 ι
2968 2978 3090 3034 Non
3128 2979 3183 3034 in
3220 2981 3337 3037 solo
3364 2997 3504 3051 pane
3543 2982 3685 3039 vivet

2111 3070 2300 3135 homo,
2331 3072 2425 3125 sed
2465 3072 2519 3125 in
2552 3072 2703 3125 omni
2755 3072 2922 3127 verbo
2966 3072 3114 3143 quod
3159 3074 3439 3142 egreditur
3485 3074 3553 3129 de
3587 3088 3684 3141 ore

2112 3164 2230 3219 Dei.
2266 3183 2285 3215 ι
2326 3164 2467 3219 Hinc
2496 3163 2664 3234 igitur
2697 3162 2959 3218 omnibus
2989 3164 3214 3218 evidens
3239 3171 3324 3219 est
3351 3162 3486 3217 nihil
3525 3178 3685 3233 pror-

2108 3266 2201 3307 sus
2254 3253 2503 3322 angelum
2540 3254 2706 3307 istum
2761 3256 3124 3306 manducasse
3176 3250 3293 3320 ipsa
3338 3266 3557 3321 quoque
3592 3251 3684 3309 die

2103 3359 2213 3415 qua
2242 3344 2524 3399 descendit
2552 3343 2816 3398 obediens
2850 3343 3106 3397 mandato
3139 3342 3351 3397 Domini
3381 3352 3436 3397 et
3478 3344 3685 3413 postri-

2105 3436 2193 3489 die
2243 3436 2297 3488 in
2352 3444 2591 3489 montem
2652 3436 2833 3500 rediit,
2864 3442 3053 3504 utpote
3085 3434 3180 3504 qui
3227 3436 3373 3505 juste
3402 3444 3459 3490 et
3496 3436 3682 3517 obju-

2103 3537 2246 3583 stam
2287 3529 2425 3582 iram
2485 3528 2718 3597 egisset;
2786 3543 2911 3583 nam
2963 3529 3224 3584 contrivit
3282 3530 3444 3584 verba
3499 3531 3683 3587 divina

2108 3618 2201 3673 Dei
2249 3618 2434 3689 digitis
2483 3618 2746 3688 inscripta
2819 3619 2872 3673 in
2928 3618 3106 3688 lapide
3162 3621 3520 3690 sappliirino,
3572 3636 3682 3677 non

2111 3727 2274 3765 erens
2302 3712 2702 3767 exescrabilem
2739 3720 2795 3766 et
2826 3711 2939 3767 Deo
2968 3712 3200 3767 invisam
3222 3714 3513 3783 impiorum
3547 3714 3684 3770 isto-

2104 3816 2226 3856 rum
2286 3810 2341 3855 et
2395 3800 2749 3871 profanorum
2797 3803 3104 3867 actionem;
3157 3803 3488 3859 existimavit
3534 3806 3681 3861 enim

2101 3905 2334 3961 prorsus
2378 3890 2663 3960 indignum
2722 3905 2843 3945 esse
2892 3890 3091 3959 impios
3139 3900 3195 3946 et
3246 3900 3490 3947 amentes
3545 3888 3683 3949 istos

2104 3988 2255 4034 tanto
2311 3979 2406 4034 Dei
2463 3979 2727 4033 beneﬂcio
2779 3994 2844 4033 ac
2902 3981 3108 4035 auxilio
3158 3980 3305 4044 frui,
3356 3996 3681 4050 persuasum

2100 4071 2309 4127 habens
2352 4071 2556 4142 justam
2604 4087 2726 4126 esse
2770 4080 2965 4127 contra
3017 4071 3120 4127 bos
3167 4072 3261 4127 Dei
3297 4072 3456 4139 iram,
3489 4073 3679 4141 jussit,

2092 4176 2212 4233 non
2279 4176 2470 4217 omnes
2515 4161 2759 4228 quidem,
2801 4162 2899 4216 sed
2957 4163 3148 4218 obvios
3178 4178 3425 4233 quosque
3475 4162 3676 4219 occidi.

2102 4253 2388 4319 Quomodo
2444 4252 2608 4321 igitur
2656 4252 2892 4307 eximius
2954 4253 3329 4323 tomperantia:
3391 4263 3445 4309 et
3482 4252 3679 4325 jejuuii

2102 4353 2383 4415 operator,
2413 4353 2467 4397 et
2492 4344 2667 4414 gratia
2705 4343 2799 4397 Dei
2860 4344 3077 4413 plenus,
3116 4352 3172 4398 et
3200 4344 3388 4400 divina
3439 4345 3556 4399 zelo
3586 4361 3680 4401 ac-

2097 4451 2320 4500 census,
2378 4436 2650 4504 simulque
2698 4436 2927 4501 anxius,
2982 4434 3301 4506 fractusque
3357 4438 3574 4502 animo,
3633 4448 3684 4493 et

414 4528 715 4606 θεουργίας
747 4535 843 4589 καὶ
867 4532 1188 4605 εὐεργεσίας
1219 4529 1532 4585 ἀπολαῦσαι
1556 4530 1683 4590 τοὺς
1718 4527 1996 4596 θεομισείς

2107 4538 2252 4582 extra
2271 4528 2491 4582 modum
2517 4525 2769 4593 alllictus,
2788 4528 2858 4581 ob
2880 4528 3215 4583 horrendum
3241 4526 3374 4583 illud
3394 4521 3682 4600 peccatum

414 4626 513 4681 καὶ
547 4622 976 4695 ἐμϐροντήτους,
1018 4621 1177 4675 τοῦτο
1214 4621 1272 4673 δὲ
1310 4620 1513 4690 μᾶλλον
1553 4618 1711 4681 εἰδὼς
1746 4617 1846 4687 τὴν
1876 4616 1995 4668 κατ’

413 4721 480 4772 αἰ
496 4719 601 4771 τῶν
630 4714 841 4770 ἔνδικον
875 4715 969 4770 τοῦ
1003 4710 1141 4767 Θεοῦ
1170 4712 1566 4781 ἀγανάκτησιν,
1604 4710 1699 4762 καὶ
1725 4708 1812 4762 διὰ
1842 4708 1999 4760 τοῦτο

413 4806 585 4863 παντί
622 4824 722 4861 που
747 4808 907 4876 δῆλον
942 4804 1233 4870 κελεύσας,
1265 4805 1314 4857 εἰ
1352 4802 1449 4856 καὶ
1477 4802 1553 4872 μὴ
1602 4802 1835 4865 πάντας,
1862 4798 1998 4851 ἀλλὰ

408 4905 544 4966 τοὺς
600 4900 1129 4971 παρατυγχάνοντας
1192 4888 1573 4965 ἀναιρεθῆναι.
1640 4892 1765 4954 Πῶς
1816 4886 1909 4943 οὖν
1971 4892 2000 4942 ό

404 4996 677 5062 τοιαύτης
739 4994 833 5045 καὶ
889 4988 1162 5062 τοσαύτης
1198 4986 1527 5057 ἐγκρατείας
1586 4984 1683 5038 καὶ
1736 4984 1996 5054 νηστείας

400 5091 657 5157 ἐργάτης
704 5082 800 5138 καὶ
843 5084 1067 5155 χάριτος
1106 5080 1259 5143 θείας
1291 5076 1531 5148 ἔμπλεος
1579 5079 1645 5130 ὲκ
1692 5074 1993 5146 διαμέτρου

398 5187 503 5237 καί
552 5177 690 5247 θείῳ
744 5175 892 5246 ζήλῳ
944 5170 1400 5245 πυρπολούμενος
1438 5170 1556 5243 ἅμα
1589 5168 1682 5223 καὶ
1743 5166 1994 5235 ἰλιγγιῶν

2103 4622 2441 4691 ingratorum
2482 4629 2537 4673 et
2569 4620 2837 4673 naturalis
2871 4620 3075 4674 amoris
3103 4621 3436 4691 expertium',
3480 4623 3683 4679 inﬁdo-

2099 4726 2330 4780 rumque
2373 4711 2554 4765 cibum
2579 4720 2674 4764 aut
2703 4722 2886 4779 potum
2914 4710 3180 4781 attingere
3213 4711 3566 4769 sustinuisset
3593 4715 3681 4768 die

2101 4815 2231 4861 una,
2263 4799 2630 4854 amaritudine
2659 4807 2715 4853 et
2752 4800 2830 4852 ira
2878 4798 3095 4868 plenus,
3134 4799 3499 4869 angustialus,
3537 4801 3679 4855 inter

2100 4889 2361 4960 populum
2421 4888 2753 4958 improbum,
2806 4889 3128 4958 pessimum.
3185 4889 3679 4953 scelestissimum,

2090 4982 2257 5050 prius
2296 4994 2460 5049 quam
2512 4986 2613 5048 pro
2655 4979 2777 5047 ipso
2826 4988 3107 5034 exorasset
3159 4994 3255 5050 per
3300 4982 3678 5052 przesc'riptum

2103 5071 2371 5142 jejunium
2402 5076 2458 5124 et
2487 5069 2988 5139 compunctionem,
3025 5083 3136 5140 quo
3165 5071 3303 5127 nihil
3331 5069 3443 5127 Deo
3472 5074 3680 5141 gratius

2106 5172 2231 5218 esse
2262 5162 2467 5235 optime
2497 5166 2629 5216 sane
2674 5168 2903 5216 noverat
2924 5157 2946 5213 ί
2971 5154 3262 5219 Enimvero
3296 5170 3403 5217 una
3438 5163 3681 5221 interfuit

1598 5413 1799 5477 Variae
1827 5410 2137 5474 lectiones
2170 5416 2231 5470 et
2268 5415 2475 5470 notua;

466 5675 515 5707 “
548 5667 653 5723 Ex.
702 5681 893 5731 xxxiv,
940 5656 1503 5731 uaeas-30,01“.
1532 5653 1736 5731 39b,“
1775 5653 1835 5707 '0
1874 5652 1931 5731 δὲ
1980 5650 2001 5702 ῐ

2107 5664 2249 5722 ργιος
2298 5647 2470 5717 λέγει.
2519 5648 2602 5702 ὅτι
2645 5650 2672 5701 ὁ
2720 5646 2964 5717 Militaui};
3012 5663 3071 5701 π.
3104 5645 3320 5715 ἡμέρας
3356 5644 3536 5711 νῆστις
3581 5639 3670 5712 ἦν.

390 5751 440 5781 ιι
464 5748 644 5813 αῖγην
691 5742 822 5794 cod.
876 5724 934 5767 ’⁸⁸
956 5733 1057 5787 Ex.
1086 5724 1471 5792 ὶχιινζὸὖοίϐ
1493 5745 1506 5795 ;
1532 5725 1690 5783 Deut.
1732 5738 1848 5789 vttt,
1874 5724 1930 5778 5.

719 5840 1007 5901 Ρηιιοι.
1049 5829 1165 5888 Gtt.
1209 5825 1335 5888 CX.

3273 5812 3313 5869 6
