4096 6412
436 397 536 468 171

1647 393 1970 455 GEORGII
2013 392 2467 455 ilAMARTOLI

3610 395 3706 458 172

402 509 552 562 .dies
586 506 724 562 inter
756 503 1083 560 descensum
1126 516 1246 570 ejus
1287 502 1355 557 de
1395 511 1581 558 monte
1612 512 1666 557 et
1699 515 2016 564 ascensum,

2129 501 2219 553 καὶ
2259 501 2551 571 ἀδημονῶν
2582 501 2675 554 καὶ
2715 500 2944 572 ἀθυμῶν
2982 503 3189 573 σφόδρα
3228 503 3323 557 καὶ
3364 501 3708 572 λυπούμενος

434 618 541 670 qua
573 601 662 656 die
679 599 899 655 tabulas
930 597 1198 667 confregit
1228 608 1280 651 et
1312 595 1544 650 vitulum
1587 595 1860 649 destruxit
1886 593 2015 646 tria-

430 711 541 766 que
579 693 745 747 millia
774 691 1222 761 turpissimorum
1255 698 1312 744 et
1352 688 1712 760 pessimorum
1735 684 2016 740 hominum

424 787 691 860 perdidit.
736 787 1037 851 volens,ut
1085 784 1425 847 existimant,
1486 781 1704 850 placare
1734 778 2016 849 paululum

430 881 682 937 ξεινιηῶθὶ
701 889 756 936 et
781 880 1038 936 acerbum
1069 877 1333 941 furorem,
1353 891 1459 944 qua
1489 875 1577 928 vix
1605 873 1792 940 elapsa
1811 870 1902 924 die
1921 885 2016 936 po-

428 976 638 1032 etridiaa
672 975 787 1029 cito
817 971 1070 1026 ascendit
1109 972 1161 1022 in
1188 978 1430 1022 montem
1459 968 1524 1021 ad
1564 965 1858 1020 Dominum
1885 978 2020 1016 exu-

429 1077 649 1121 ratnrus
662 1081 765 1136 pro
786 1065 884 1119 eis.
910 1063 1050 1117 Audi
1071 1060 1412 1129 Scripturam
1434 1059 1714 1128 expressis
1731 1071 1824 1110 ver
1836 1053 2018 1108 bisdi-

425 1168 638 1216 eeutem
667 1175 682 1212 :
710 1156 929 1212 (‘Facto
942 1165 1120 1209 autem
1141 1156 1312 1208 altero
1329 1152 1439 1213 die.
1466 1153 1684 1205 locutus
1705 1157 1790 1204 est
1804 1147 2020 1218 Moyses

429 1253 496 1305 ad
559 1248 1174 1322 populum:Pecca-stis
1235 1251 1526 1314 peccatum
1579 1241 1904 1304 maximum,
1966 1247 2021 1294 et

430 1358 576 1398 Imm:
608 1342 851 1397 studebo
895 1340 1070 1395 Deum
1127 1337 1346 1406 placare
1391 1335 1460 1390 de
1499 1344 1724 1403 peccato
1754 1344 1950 1387 vestro.
1995 1351 2013 1383 ε

431 1434 639 1490 Deinde
671 1432 858 1487 statim
908 1429 1118 1483 addidit
1151 1444 1166 1482 :
1199 1445 1221 1479 ι
1281 1429 1665 1494 lteverwsque
1693 1435 1777 1478 est
1807 1423 2020 1492 Moyses

430 1528 500 1583 ad
535 1527 852 1587 Βοιηίηιιηι.
884 1532 940 1578 et
968 1523 1142 1576 dixit:
1167 1540 1184 1572 ι
1220 1517 1486 1584 Obsecro,
1520 1518 1763 1588 peccavit
1789 1517 2020 1585 populus

433 1620 539 1676 iste
598 1619 971 1679 vehementer,
1019 1613 1378 1682 feceruntque
1429 1612 1532 1667 sibi
1581 1615 1733 1673 deos,
1767 1619 1823 1664 et
1871 1624 2020 1664 nunc

433 1716 478 1770 si
519 1715 741 1786 quidem
793 1711 1271 1766 dimittis'eorum
1325 1715 1632 1778 peccatum,
1682 1705 1918 1770 dimitte,
1971 1704 2017 1758 si

432 1824 565 1863 vero
595 1823 727 1872 non,
765 1807 890 1860 dele
933 1820 1019 1859 me
1065 1816 1286 1874 quoque
1344 1801 1412 1854 de
1479 1799 1620 1854 libro
1671 1813 1834 1869 quem
1880 1798 2020 1852 scri-

433 1902 616 1972 psisti.
651 1919 670 1952 ι
712 1899 776 1955 Et
806 1898 942 1953 dixit
967 1896 1247 1951 ‘Dominus
1295 1893 1360 1946 ad
1414 1891 1634 1962 Moysen
1669 1905 1683 1943 :
1719 1907 1740 1942 ι
1791 1887 1854 1944 Si
1891 1890 2019 1959 quis

433 1991 743 2066 peccaverit
780 1991 832 2046 in
865 1995 1164 2056 conspectu
1194 1999 1342 2047 meo,
1373 1983 1568 2037 delebo
1595 1996 1719 2037 eum
1760 1981 1838 2035 de
1879 1979 2020 2035 libro

437 2095 560 2141 meo
596 2101 610 2140 :
645 2097 793 2138 nunc
828 2091 1010 2134 autem
1047 2080 1204 2140 vale,
1231 2085 1292 2131 et
1327 2076 1436 2129 duc
1473 2073 1735 2144 populum
1768 2074 1934 2127 istum
1969 2072 2021 2126 in

434 2181 615 2233 locum
639 2190 801 2246 quem
831 2173 942 2228 dixi
974 2172 1091 2225 tibi.
1110 2169 1182 2224 Et
1206 2184 1336 2225 ecce
1363 2168 1596 2238 angelus
1627 2181 1786 2222 meus
1817 2180 2026 2236 pluere.

434 2272 527 2326 det
548 2276 676 2324 ante
695 2267 892 2322 faciem
923 2280 1133 2330 meatu;
1165 2278 1273 2334 qua
1301 2271 1482 2316 autem
1513 2260 1602 2315 die
1630 2259 1890 2323 visitabo,
1909 2257 2022 2312 ad-

428 2361 632 2413 ducant
667 2371 834 2425 super
864 2370 963 2409 eos
1002 2361 1288 2422 peccatum
1327 2365 1544 2406 eorum.
1584 2367 1604 2402 ι
1637 2347 2025 2420 ‘Et'percussit

435 2447 704 2503 Dominus
734 2448 992 2517 populum
1019 2460 1115 2513 pro
1131 2451 1284 2497 reatu
1315 2442 1471 2496 vituli
1499 2457 1664 2512 quem
1692 2439 2022 2496 feceratAa-

437 2554 559 2594 ron.
577 2535 716 2591 Vide
735 2534 1127 2606 benignitatem
1143 2543 1199 2587 et
1215 2531 1564 2586 severitatem
1588 2529 1678 2583 Dei
1691 2529 1848 2600 juxta
1865 2527 2028 2583 Chri-

437 2629 784 2700 stopliorum,
805 2637 857 2681 et
886 2642 1052 2681 nosce
1080 2623 1367 2695 perspicue
1389 2623 1725 2678 horrendum
1755 2638 1880 2677 vere
1904 2637 2026 2677 esse

438 2721 684 2776 incidere
711 2718 764 2771 in
794 2733 990 2771 manus
1033 2717 1122 2770 Dei
1172 2716 1426 2781 viventis,
1456 2729 1557 2769 nec
1592 2713 1821 2768 omnino
1862 2729 2026 2784 posse

435 2811 532 2883 qui
553 2811 694 2880 lapsi
716 2821 844 2864 sunt
865 2808 1105 2877 rll‘ugere
1121 2807 1420 2862 vindictam
1441 2805 1709 2868 divinam.
1733 2805 1890 2874 cujus
1907 2821 2026 2860 om-

437 2901 570 2957 nino
591 2902 804 2972 justum
864 2912 918 2956 et
952 2902 1226 2971 integrum
1255 2899 1424 2955 Deum
1459 2915 1742 2970 nunquam
1773 2899 2024 2970 pteuitet,

434 2995 690 3065 quamvis
723 3009 833 3048 non
870 2991 1056 3048 subito
1107 2992 1253 3045 hanc
1303 2989 1442 3042 iram
1495 2989 1642 3044 Deus
1682 2989 1932 3053 adduxit,
1964 2997 2027 3042 ut

419 3084 850 3140 evidentissima:
875 3091 930 3138 et
955 3081 1284 3138 brevissime
1309 3089 1592 3136 ostensum
1619 3089 1724 3136 est.
1749 3079 1897 3135 Citra
1925 3080 2029 3150 igi-

2122 590 2247 643 xali'
2297 591 2606 662 ὑπερϐολὴν
2678 593 2776 646 ἀπὶ
2828 599 2892 664 τῇ
2959 595 3167 666 φοϐερᾷ
3224 593 3336 648 τῶν
3390 591 3709 664 ἀχαρίστων

2121 688 2391 760 ἁμαρτίᾳ,
2421 689 2532 742 τῶν
2558 689 2844 762 ἀστόργων
2868 689 2962 741 καὶ
2982 689 3092 759 87
3117 687 3426 750 ἀσπόνδων,
3446 683 3712 754 ἠνέσχετο

2121 777 2378 848 βρώσεως
2405 779 2436 849 ἦ
2463 781 2674 843 πόσεως
2707 783 3002 850 μετασχεῖν
3030 783 3088 831 ὲν
3109 777 3298 849 ἡμέρᾳ
3330 776 3453 847 μιᾷ,
3477 773 3708 842 πικρίας

2120 869 2214 919 καὶ
2256 869 2430 936 Θυμοῦ
2483 871 2920 941 πεπληρωμένος
2962 871 3059 924 καὶ
3089 869 3456 939 στενοχωρίας
3499 868 3560 920 δν
3594 863 3711 932 λαῷ

2122 960 2415 1032 κακούργῳ
2464 965 2559 1017 καὶ
2608 964 2968 1034 πονηροτάτῳ
3025 964 3120 1016 καὶ
3177 961 3570 1032 μυσαροτάτῳ,
3634 955 3712 1024 μὴ

2121 1059 2390 1129 πρότερον
2434 1057 2576 1128 ὑπὲρ
2627 1057 2826 1110 ἑαυτοῦ
2875 1057 3308 1124 ἐξιλεωσάμενος
3349 1053 3418 1107 δι’
3449 1056 3694 1106 ἐπιτετα-

2121 1151 2332 1221 γμένης
2388 1151 2508 1202 ἐστὶ
2542 1150 2800 1221 νηστείας
2855 1148 2951 1202 καὶ
3000 1146 3373 1211 κατανύξεως,
3421 1139 3490 1217 ἦς
3548 1145 3705 1196 οὐδὲν

2123 1241 2276 1311 φίλον
2315 1242 2362 1274 ⁸⁸
2403 1240 2524 1311 Θεῷ
2570 1242 2838 1310 πέφυκεν,
2865 1239 2926 1293 εὖ
2975 1239 3133 1303 είδὼς
3164 1241 3214 1292 εἰ
3253 1237 3351 1292 καί
3391 1255 3474 1298 τις
3508 1237 3706 1299 dum;

2121 1333 2200 1404 (9)
2241 1333 2367 1386 Ὀτι
2397 1335 2508 1404 γάρ
2564 1333 2662 1402 μία
2707 1333 2934 1401 γέγονεν
2978 1331 3162 1403 ἡμέρα
3200 1329 3406 1399 μεταξὺ
3451 1328 3552 1398 τῆς
3597 1329 3710 1380 ἀπὸ

2121 1424 2218 1476 τοῦ
2257 1424 2419 1492 ὅρους
2459 1423 2824 1485 καταϐάσεως
2866 1422 3034 1476 αὐτοῦ
3073 1421 3170 1474 καὶ
3199 1419 3546 1484 ἀναϐάσεως,
3591 1413 3710 1492 ὲ·ιῇ

2121 1517 2222 1579 τάς
2244 1533 2303 1568 τε
2329 1517 2543 1580 πλάκας
2568 1515 2864 1584 συντρίψας
2891 1515 2984 1568 καὶ
3014 1514 3107 1566 τὸν
3136 1514 3338 1583 μόσχον
3373 1510 3712 1578 ἐξαφανίσας

2124 1607 2220 1660 καὶ
2249 1609 2376 1670 τοὺς
2418 1608 2754 1677 τρισχιλίους
2792 1605 3108 1675 αίσχίστους
3141 1607 3237 1658 καὶ
3280 1604 3581 1666 κακίστους
3609 1602 3710 1656 ἄν-

2121 1696 2256 1768 δρας
2315 1696 2666 1766 ὀλοθρεύοας,
2719 1697 3063 1767 βουλόμενος,
3112 1697 3189 1759 ὡς
3254 1696 3485 1760 οἴονται,
3540 1710 3715 1748 καταο

2126 1787 2332 1840 παῦσαι
2363 1789 2461 1858 τὴν
2485 1790 2656 1860 ὀργὴν
2694 1789 2788 1842 τοῦ
2831 1788 2969 1842 Θεοῦ
3011 1789 3214 1861 μικρὸν
3240 1791 3332 1843 καὶ
3358 1790 3450 1843 τὸν
3471 1789 3716 1860 ἄκρατον

2057 1847 2100 1905 Β
2127 1879 2322 1949 θυμὸν,
2355 1847 2574 1934 αύτίκαν
2609 1847 2683 1952 τῇ
2733 1880 2967 1952 ἐπιούσῃ
3011 1847 3213 1934 δάτπον
3263 1883 3498 1954 ἀνῆλθεν
3543 1847 3625 1945 είς
3656 1883 3716 1932 το

2123 1971 2251 2042 ὅρος
2282 1973 2422 2044 πρὸς
2456 1973 2684 2042 Κύριον,
2711 1975 3057 2045 δυσωπήσων
3109 1975 3254 2046 ὑπὲρ
3304 1975 3509 2041 αὐτῶν,
3543 1975 3716 2030 ἀκου-

2127 2081 2222 2118 σον
2263 2065 2318 2118 τί
2359 2082 2527 2134 φησιν
2557 2067 2590 2137 ἡ
2617 2066 2806 2138 Γραφὴ
2837 2067 3140 2139 διαρρήδην
3174 2068 3215 2100 ⁸⁷
3237 2083 3254 2098 ⁶
3288 2086 3307 2116 ι
3356 2070 3466 2122 Kal.
3492 2070 3717 2137 ἐγένετο

2130 2155 2270 2226 μετά
2293 2156 2394 2227 τὴν
2429 2155 2620 2226 αὔριον
2666 2159 2760 2211 καὶ
2806 2153 2928 2212 εἷπε
2969 2161 3214 2232 Μωῦσὴς
3251 2161 3386 2231 πρὸς
3431 2160 3524 2214 τὸν
3550 2159 3714 2214 λαόνο

2133 2267 2152 2300 ι
2197 2248 2390 2320 ’Υμεῖς
2424 2251 2787 2321 ἡμαρτήκατε
2837 2253 3116 2324 ἁμαρτίαν
3169 2256 3437 2328 μεγάλην,
3475 2255 3568 2309 καὶ
3619 2253 3719 2308 νῦν

2126 2340 2514 2410 ἀναμνήσομαι
2555 2343 2694 2414 πρὸς
2719 2343 2812 2397 τὸν
2852 2344 3010 2406 Θεδν,
3050 2347 3137 2400 ἵνα
3171 2347 3554 2417 ἐξιλεὼσωμαι
3586 2347 3719 2419 περὶ

2126 2433 2227 2502 τῆς
2279 2434 2558 2503 ἁμαρτίας
2622 2435 2798 2505 ὑμῶν.
2855 2455 2872 2488 ι
2945 2435 3076 2489 Εἶτα
3131 2440 3416 2509 ἐπήγαγεν
3487 2439 3714 2503 εύθέως’

2134 2544 2153 2578 ι
2192 2525 2533 2597 Ἐπέστρεψε
2560 2527 2616 2580 δὲ
2658 2528 2864 2598 Μωσῆς
2897 2529 3034 2599 πρὸς
3062 2531 3151 2580 τὸν
3190 2529 3395 2599 Κύριον
3438 2532 3531 2584 καὶ
3556 2527 3681 2583 εἰπε
3705 2549 3718 2558 υ

2133 2637 2153 2670 ι
2183 2619 2414 2690 Δὲομαι,
2439 2621 2764 2690 ἡμάρτηκεν
2783 2619 2955 2683 ἀλαὸς
2977 2617 3133 2684 οὗτος
3165 2621 3448 2691 ἁμαρτίαν
3472 2621 3722 2692 μεγάλην

2129 2713 2227 2765 καὶ
2260 2713 2526 2780 ἐποίησαν
2591 2711 2740 2783 (Ιῧδ)
2791 2713 3009 2775 ἑαυτοῖς
3045 2713 3226 2778 θεοὺς,
3255 2715 3352 2767 καὶ
3387 2714 3502 2777 νῦν,
3535 2716 3583 2767 εί
3620 2713 3720 2784 μὶν

2129 2805 2276 2874 ἀφῇς
2309 2803 2493 2856 αὐτῶν
2519 2803 2617 2874 τὴν
2644 2803 2946 2875 ἁμαρτίαν,
2965 2803 3125 2872 ἄφες,
3146 2806 3196 2858 εί
3227 2804 3284 2858 δὲ
3316 2807 3414 2874 μὴ,
3435 2803 3719 2873 ὲξάλειψον

2129 2897 2274 2962 κάμὲ
2306 2898 2371 2948 ἐκ
2399 2896 2500 2964 τῆς
2531 2895 2719 2967 βίϐλου
2748 2893 2818 2970 ἧς
2845 2897 3096 2968 ἔγραψας
3123 2913 3136 2928 ·
3180 2916 3198 2950 ι
3229 2898 3322 2950 καὶ
3354 2893 3404 2950 εί
3419 2914 3477 2949 πε
3512 2895 3722 2968 Κύριος

2127 2991 2267 3059 πρὸς
2317 2991 2593 3060 Μωῦσῆν·
2651 3009 2670 3043 ι
2733 2991 2798 3044 EE
2843 3009 2928 3056 τις
2980 2993 3229 3064 ἥμαρτεν
3296 2991 3530 3045 ἐνώπιόν
3587 3009 3721 3060 μου,

2131 3080 2403 3150 ἐξαλείψω
2446 3081 2611 3135 αὐτὸν
2653 3083 2720 3136 ὲκ
2753 3084 2851 3153 τῆς
2895 3083 3081 3154 βίϐλου
3129 3101 3232 3153 μου
3255 3101 3270 3117 ο
3309 3083 3404 3136 νῦν
3440 3083 3497 3137 δὲ
3532 3084 3722 3152 βάδιζε

418 3187 528 3232 .tur
551 3175 1010 3234 controversiam
1062 3183 1149 3229 est
1195 3173 1580 3228 admirabilem
1631 3173 1813 3227 virum
1871 3173 2024 3228 illum

2131 3175 2227 3228 καὶ
2279 3175 2550 3246 ὁδήγησον
2598 3175 2689 3227 τὸν
2741 3175 2870 3229 λαὸν
2929 3177 3118 3231 τοῦτον
3164 3179 3246 3240 είς
3300 3178 3392 3230 τὸν
3438 3177 3626 3237 τόπον,
3659 3175 3726 3228 δν

432 3267 715 3343 Octoginta
743 3271 863 3326 dies
899 3271 1198 3325 continuos
1220 3267 1470 3338 jejunum
1505 3281 1914 3338 perseverasse,
1945 3266 2029 3322 di-

437 3365 570 3420 vino
596 3362 1042 3433 actumSpiritu;
1067 3360 1457 3416 corroboratus
1477 3369 1560 3415 est
1577 3359 1724 3415 enim
1744 3358 2026 3429 splendida

437 3460 530 3517 illa
552 3457 651 3514 Dei
679 3459 993 3530 prasentia.
1017 3453 1175 3524 Apud
1225 3469 1388 3524 quem
1423 3453 1614 3508 tandiu
1649 3462 2029 3508 commoratus

435 3562 543 3618 est,
574 3552 712 3608 deus
736 3561 789 3605 et
817 3547 912 3603 Dei
937 3551 1211 3604 sacerdos
1235 3547 1350 3616 jam
1387 3545 1590 3611 iactus,
1619 3547 1941 3620 patientiam
1971 3556 2028 3602 et

437 3644 778 3708 ﬁrmitatem,
810 3641 1106 3695 humanam
1133 3638 1455 3695 excedentia
1479 3649 1734 3695 naturam
1762 3639 2025 3707 ostendit,

439 3757 463 3791 ι
506 3737 622 3793 sive
653 3737 706 3792 in
746 3751 1000 3806 corpore,
1051 3735 1167 3790 sive
1206 3741 1363 3788 extra
1385 3749 1587 3805 corpus
1631 3735 1842 3798 nescio,
1883 3731 2028 3788 Deus

437 3831 566 3896 scit,
614 3847 632 3882 ι
662 3827 756 3899 qui
787 3827 938 3880 hunc
981 3832 1052 3880 ita
1073 3826 1438 3879 ostentavitet
1460 3823 2024 3892 eximiegloriilcavit.

429 3919 646 3976 Deinde
705 3933 901 3973 rursus
952 3917 1084 3970 dicit
1117 3933 1184 3969 :1
1219 3917 1357 3969 Cum
1391 3915 1792 3986 tingrederetur
1815 3914 2031 3986 Moyses

433 4012 508 4069 ad
547 4009 1010 4072 tabernaculum,
1054 4005 1424 4060 descendebat
1473 4005 1728 4058 columna
1773 4003 2032 4058 nubis'et

439 4104 608 4170 Deus.
636 4116 805 4171 super
835 4099 1285 4155 tabernaculum.
1323 4094 1565 4167 Populus
1593 4105 1777 4150 autem
1809 4094 2032 4149 videbat

437 4195 754 4254 columnam
790 4193 976 4256 nubis,
1005 4199 1060 4246 et
1090 4191 1394 4244 adorabant
1428 4188 1812 4258 unusquisque
1844 4187 1911 4242 de
1947 4195 2031 4241 ta-

438 4279 745 4347 bernaculo
785 4300 929 4352 suo;
977 4293 1033 4338 et
1082 4284 1155 4337 ita
1211 4283 1426 4336 locutus
1472 4291 1556 4336 est
1590 4281 1857 4335 Dominus
1907 4295 2029 4333 cum

439 4381 626 4452 Moyse
650 4397 669 4432 ι
707 4395 729 4432 ι
759 4378 814 4432 ἱη
848 4387 1144 4445 conspectu
1178 4376 1384 4446 populi.
1428 4373 1777 4428 Multifariam
1807 4388 2029 4442 operam

437 4476 623 4534 dando
652 4482 715 4528 ut.
743 4470 1004 4542 populum
1031 4469 1098 4523 ab
1124 4469 1202 4522 ira
1240 4469 1332 4522 Dei
1365 4468 1624 4532 liberare,
1657 4467 1796 4520 adeo
1828 4481 1925 4536 pro
1951 4466 2030 4520 eis

433 4569 640 4634 doluit,
692 4563 928 4636 propriae
989 4563 1168 4631 ipsius
1217 4561 1412 4616 salutis
1461 4561 1686 4620 oblitus,
1742 4569 1800 4612 ut
1848 4559 2030 4613 dictus
2062 4555 2108 4609 Β

437 4665 512 4719 sit
543 4677 571 4715 a
599 4656 782 4712 David
823 4659 1044 4711 stetisse
1093 4657 1146 4708 in
1205 4654 1586 4708 contractione
1630 4668 1816 4707 coram
1874 4651 2028 4708 Deo:

443 4774 462 4807 ε
502 4750 561 4808 Si
612 4748 848 4806 dimittis
895 4748 977 4803 eis
1022 4756 1336 4817 peccatum,
1366 4745 1610 4806 dimitte.
1666 4745 1710 4800 si
1740 4761 1870 4800 vero
1895 4762 2028 4807 non,

435 4843 557 4897 dele
597 4855 687 4895 me
720 4852 942 4908 quoque
987 4819 1056 4890 de
1105 4835 1246 4889 libro
1276 4850 1435 4905 quem
1482 4835 1783 4905 scripsisti;
1829 4856 1846 4888 ι
1893 4837 2032 4891 dixit

436 4935 608 4998 enim,
646 4931 846 5000 inquit.
884 4945 945 4985 se
988 4929 1366 5000 dispersurum
1387 4945 1483 4984 eos
1516 4948 1529 4984 :
1569 4929 1614 4984 si
1671 4945 1778 4984 non
1815 4923 2030 5002 hloyses

439 5026 649 5080 electus
682 5032 828 5094 ejus,
861 5024 1105 5080 stetisset
1134 5022 1188 5077 in
1231 5021 1611 5078 contractione
1651 5022 1706 5078 in
1737 5035 2031 5093 conspectu

438 5116 585 5188 ejus,
619 5132 688 5172 ne
720 5117 1062 5188 disperderet
1097 5131 1214 5172 eos.
1247 5115 1580 5188 Quicunque
1613 5125 1793 5172 autem
1849 5119 2033 5174 insur-

443 5220 704 5266 rexerunt
736 5211 789 5266 in
835 5227 985 5274 eum,
1019 5210 1110 5267 alii
1138 5210 1361 5282 quidem
1411 5210 1654 5281 absorpti
1687 5219 1817 5266 sunt
1848 5211 1918 5266 ab
1949 5211 2031 5266 in-

429 5302 602 5358 .i'erno
624 5303 904 5371 sviventes,
926 5304 1024 5361 alii
1058 5302 1230 5359 divini
1261 5303 1405 5373 ignis
1436 5301 1562 5358 iacti
1599 5314 1728 5358 sunt
1759 5304 2028 5358 iiaeredes.

2133 3266 2334 3338 εἴρηκά
2371 3283 2471 3320 σοι.
2504 3266 2614 3319 Kal.
2649 3267 2759 3321 ίδοὺ
2791 3269 2817 3320 6
2843 3268 3072 3337 ἄγγελός
3116 3285 3220 3339 μου
3274 3265 3728 3340 προπορεύσεται

2133 3366 2242 3436 πρὸ
2283 3361 2579 3435 προσώπου
2633 3380 2759 3433 μου,
2852 3363 2898 3415 δ’
2951 3363 3018 3417 ἂν
3070 3363 3258 3434 ἡμέρᾳ
3305 3362 3720 3433 ἐπισκέψωμαι,

2134 3456 2320 3521 ἐπάξω
2348 3454 2434 3508 ἔπ’
2465 3456 2665 3520 αὐτοὺς
2693 3456 2794 3527 τὴν
2827 3456 3109 3527 ἁμαρτίαν
3141 3456 3341 3511 αὐτῶν.
3389 3475 3406 3508 ι
3441 3457 3554 3511 Kal
3581 3455 3725 3508 ἐπά-

2133 3549 2262 3614 ταξε
2296 3549 2503 3619 Κύριος
2517 3548 2619 3600 τὸν
2653 3547 2783 3601 λαὸν
2807 3548 2937 3617 περὶ
2962 3548 3064 3618 τῆς
3095 3550 3370 3620 ποιήσεως
3393 3549 3486 3602 τοῦ
3515 3547 3728 3618 μόσχου

2133 3635 2196 3697 οὗ
2225 3643 2482 3709 εποίησεν
2511 3638 2748 3712 Ἀαρών.
2776 3659 2807 3692 ηι
2839 3641 2952 3711 (i0)
2984 3642 3089 3695 Ἴδε
3125 3642 3311 3695 τοίνυν
3344 3642 3730 3712 χρηστότητος

2135 3736 2230 3789 καὶ
2283 3733 2592 3804 άποτομίας
2650 3732 2789 3786 Θεοῦ
2839 3732 2982 3785 κατά
3036 3732 3128 3786 τδν
3185 3733 3594 3804 χριστοφόρονο
3630 3735 3730 3783 καί

2135 3827 2304 3899 γνῶθι
2339 3826 2550 3894 σαφῶς,
2583 3827 2666 3880 ὅτι
2717 3825 2950 3896 φοϐερὸν
2993 3826 3174 3890 ὖντως
3219 3825 3279 3880 τὸ
3326 3827 3594 3896 ἐμπεσεῖν
3645 3824 3730 3886 είς

2133 3923 2324 3993 χεῖρας
2373 3920 2511 3974 Θεοῦ
2562 3920 2767 3984 ζῶντος
2817 3919 2912 3973 καὶ
2959 3919 3247 3990 ἀμήχανον
3293 3922 3554 3987 ἐκφυγεῖν
3598 3916 3730 3981 τοὺς

2134 4014 2470 4076 ἑπταικότας
2510 4013 2862 4085 ἀμετανόητα
2904 4013 3179 4084 δήπουθεν
3214 4012 3313 4084 τὴν
3368 4011 3580 4066 ἔνδικον
3632 4010 3731 4062 καὶ

2135 4107 2436 4162 ἀδέκαστον
2472 4105 2624 4160 θείαν
2674 4105 2855 4176 δίκην,
2892 4106 2942 4157 εί
2989 4106 3085 4158 καὶ
3134 4104 3481 4176 παραχρῆμα
3519 4101 3732 4170 ταύτην

2134 4200 2237 4255 οὐκ
2267 4199 2549 4270 ἀπήγαγε,
2571 4197 2756 4260 καθὼς
2789 4197 3213 4269 ὲναργεστάτως
3245 4197 3333 4251 διά
3358 4194 3732 4268 βραχυλογίας

2137 4290 2669 4357 ἀποδέδεικται.(11)
2691 4291 2854 4344 ’Ὥστε
2884 4291 3071 4344 λοιπὸν
3111 4291 3532 4363 άναμφὴριστόν
3554 4291 3729 4354 ἐστιν,

2137 4385 2213 4448 ὡς
2249 4383 2540 4454 π’ἡμέρας
2587 4382 2786 4454 ἑφεξῆς
2822 4383 3082 4448 ἀπόσιτος
3130 4383 3314 4454 ἔμεινε
3357 4379 3734 4452 θεοφορούμε-

2138 4495 2229 4541 νος
2258 4479 2285 4530 6
2323 4475 2615 4538 Θεσπέσιος
2671 4471 2828 4539 οὗτος
2882 4476 3025 4548 ἀνὴρ
3073 4476 3169 4530 καὶ
3235 4474 3622 4546 ἑνισχυόμενος
3670 4473 3738 4528 ιν

2138 4571 2324 4641 ἐκείνῃ
2386 4571 2452 4638 τῇ
2518 4567 2688 4639 πολλῇ
2756 4568 3026 4639 προεδρίᾳ
3071 4567 3188 4639 88
3239 4567 3338 4621 καλΙ
3384 4565 3738 4638 παραστάσει

2139 4661 2299 4724 Θεοῦ,
2333 4659 2467 4721 Θεὸς
2504 4661 2600 4714 καὶ
2634 4658 2953 4730 Θεοφάντωρ
2982 4659 3087 4731 ἡδη
3127 4659 3428 4729 γενόμενος
3456 4657 3554 4712 καὶ
3587 4657 3738 4730 ὑπερ

2139 4751 2302 4820 φύσιν
2341 4749 2694 4822 ἀνθρωπίνην
2734 4751 3037 4822 καρτερίαν
3081 4750 3179 4803 καὶ
3223 4750 3472 4803 εὐτονίαν
3520 4749 3736 4804 ἐπίδει-

2141 4844 2398 4914 ξάμενος,
2443 4862 2461 4894 ι
2507 4842 2620 4895 εἴτε
2657 4843 2716 4894 ὲν
2754 4840 2973 4912 σώματι
3023 4841 3228 4906 πέλων,
3260 4842 3371 4895 εῐτε
3420 4841 3582 4905 ἐκτὸς
3633 4840 3740 4894 τοῦ

2142 4935 2417 5005 σώματος,
2447 4935 2477 4987 6
2503 4933 2638 4997 θεὸς
2667 4929 2807 4986 οἶδεν
2834 4933 2879 4964 ³⁸
2908 4952 2928 4986 ι
2960 4935 2988 4986 6
3019 4932 3212 4987 τοῦτον
3236 4931 3413 4997 οὕτως
3441 4934 3740 5001 ἀποφήνας

2140 5029 2238 5105 1°9-
2286 5027 2585 5098 ὑπερφυῶς
2619 5025 2878 5093 δοξάσας.
2914 5023 3029 5096 (12)
3082 5021 3217 5079 Εἶτα
3256 5024 3421 5078 πάλιν
3451 5024 3619 5096 φησίν
3650 5026 3696 5058 ³⁸
3725 5041 3740 5056 ο

2145 5138 2164 5171 ι
2210 5117 2410 5172 Ἠνίκα
2454 5117 2499 5170 δ’
2531 5118 2598 5172 ἂν
2636 5117 2936 5189 ἐπορεύετο
2966 5116 3211 5188 Μωῦσῆς
3246 5119 3324 5180 είς
3357 5116 3458 5188 τὴν
3499 5113 3740 5186 σκηνὴν,

2138 5209 2464 5265 κατέϐαινεν
2489 5211 2518 5264 6
2551 5209 2745 5272 στῦλος
2772 5209 2875 5281 τῆς
2909 5209 3140 5282 νεφέλης
3171 5209 3267 5263 καὶ
3294 5207 3482 5272 ὁ⁹Θεὸς
3506 5207 3603 5262 ἐπὶ
3631 5205 3741 5277 τὴν

2138 5305 2368 5374 σκηνήν.
2411 5303 2472 5359 Ὀ
2499 5304 2556 5358 δὲ
2592 5303 2722 5369 λαδς
2771 5301 2920 5373 ἑώρα
2959 5305 3052 5358 τὸν
3086 5302 3284 5361 στῦλον
3324 5302 3430 5375 τῆς
3474 5300 3737 5373 νεφᾶλης,

1648 5525 1848 5588 Variae
1893 5524 2204 5591 lectiones
2236 5533 2299 5590 et
2330 5535 2522 5590 notae.

503 5772 816 5830 ἠιρίλιοντι
874 5771 1660 5838 "-Ex.~xxxn,30-l6,3l-35.
1739 5770 1846 5825 "ll
1894 5772 2025 5826 Cor.

2139 5788 2176 5835 ι,
2209 5771 2264 5826 2.
2343 5773 2387 5805 ³⁹
2424 5771 2520 5829 Ex.
2577 5785 2771 5836 xxxiii,
2805 5770 2858 5826 9.
