  <div class='ocr_page' id='page_1' title='image "/cluster/home/n/w/nwhite01/storage/ocr_20150623/110/coo.31924054870146/099.png"; bbox 0 0 4096 6410; ppageno 0'>
   <div class='ocr_carea' id='block_1_1' title="bbox 443 381 543 445">
    <p class='ocr_par' dir='ltr' id='par_1_1' title="bbox 443 381 543 445">
     <span class='ocr_line' id='line_1_1' title="bbox 443 381 543 445; baseline -0.04 0"><span class='ocrx_word' id='word_1_1' title='bbox 443 381 543 445; x_wconf 73' lang='grc' dir='ltr'><strong>ιῖν3</strong></span> 
     </span>
    </p>
   </div>
   <div class='ocr_carea' id='block_1_2' title="bbox 1654 373 2486 445">
    <p class='ocr_par' dir='ltr' id='par_1_2' title="bbox 1654 373 2486 445">
     <span class='ocr_line' id='line_1_2' title="bbox 1654 373 2486 445; baseline 0 -1"><span class='ocrx_word' id='word_1_2' title='bbox 1654 373 1984 445; x_wconf 75' lang='lat' dir='ltr'><strong>GEORGII</strong></span> <span class='ocrx_word' id='word_1_3' title='bbox 2027 382 2486 445; x_wconf 74' lang='lat' dir='ltr'><strong>HAMARTOLI</strong></span> 
     </span>
    </p>
   </div>
   <div class='ocr_carea' id='block_1_3' title="bbox 3623 390 3722 456">
    <p class='ocr_par' dir='ltr' id='par_1_3' title="bbox 3623 390 3722 456">
     <span class='ocr_line' id='line_1_3' title="bbox 3623 390 3722 456; baseline 0 -1"><span class='ocrx_word' id='word_1_4' title='bbox 3623 390 3722 456; x_wconf 67' lang='grc'><strong>184</strong></span> 
     </span>
    </p>
   </div>
   <div class='ocr_carea' id='block_1_4' title="bbox 443 492 2026 572">
    <p class='ocr_par' dir='ltr' id='par_1_4' title="bbox 443 492 2026 566">
     <span class='ocr_line' id='line_1_4' title="bbox 443 492 2026 566; baseline 0.001 -17"><span class='ocrx_word' id='word_1_5' title='bbox 443 495 619 565; x_wconf 77' lang='lat' dir='ltr'><strong>magis</strong></span> <span class='ocrx_word' id='word_1_6' title='bbox 647 493 864 566; x_wconf 73' lang='lat' dir='ltr'><strong>Moyses</strong></span> <span class='ocrx_word' id='word_1_7' title='bbox 894 508 1002 548; x_wconf 82' lang='lat' dir='ltr'><strong>non</strong></span> <span class='ocrx_word' id='word_1_8' title='bbox 1047 492 1285 552; x_wconf 81' lang='lat' dir='ltr'><strong>cessavit</strong></span> <span class='ocrx_word' id='word_1_9' title='bbox 1336 509 1364 550; x_wconf 86' lang='lat' dir='ltr'><strong>a</strong></span> <span class='ocrx_word' id='word_1_10' title='bbox 1415 493 1810 552; x_wconf 82' lang='lat' dir='ltr'><strong>lamentatione</strong></span> <span class='ocrx_word' id='word_1_11' title='bbox 1861 511 2026 566; x_wconf 82' lang='lat' dir='ltr'><strong>super</strong></span> 
     </span>
    </p>
   </div>
   <div class='ocr_carea' id='block_1_5' title="bbox 2127 492 3724 572">
    <p class='ocr_par' dir='ltr' id='par_1_5' title="bbox 2131 494 3724 572">
     <span class='ocr_line' id='line_1_5' title="bbox 2131 494 3724 572; baseline 0.007 -24"><span class='ocrx_word' id='word_1_12' title='bbox 2131 512 2192 550; x_wconf 82' lang='grc' dir='ltr'><strong>τε</strong></span> <span class='ocrx_word' id='word_1_13' title='bbox 2231 496 2326 550; x_wconf 78' lang='grc' dir='ltr'><strong>καὶ</strong></span> <span class='ocrx_word' id='word_1_14' title='bbox 2380 494 2669 561; x_wconf 79' lang='grc' dir='ltr'>συνουσίας</span> <span class='ocrx_word' id='word_1_15' title='bbox 2705 497 2948 568; x_wconf 76' lang='grc' dir='ltr'><strong>ίρημίαν</strong></span> <span class='ocrx_word' id='word_1_16' title='bbox 2997 498 3093 554; x_wconf 84' lang='grc' dir='ltr'><strong>καὶ</strong></span> <span class='ocrx_word' id='word_1_17' title='bbox 3128 501 3388 571; x_wconf 82' lang='grc' dir='ltr'><strong>μόνωσιν.</strong></span> <span class='ocrx_word' id='word_1_18' title='bbox 3424 503 3490 556; x_wconf 83' lang='grc' dir='ltr'><strong>Εί</strong></span> <span class='ocrx_word' id='word_1_19' title='bbox 3536 504 3646 572; x_wconf 72' lang='grc' dir='ltr'><strong>γὸρ</strong></span> <span class='ocrx_word' id='word_1_20' title='bbox 3694 509 3724 559; x_wconf 87' lang='grc' dir='ltr'><strong>ό</strong></span> 
     </span>
    </p>
   </div>
   <div class='ocr_carea' id='block_1_6' title="bbox 438 585 2024 659">
    <p class='ocr_par' dir='ltr' id='par_1_6' title="bbox 438 585 2024 659">
     <span class='ocr_line' id='line_1_6' title="bbox 438 585 2024 659; baseline 0.002 -18"><span class='ocrx_word' id='word_1_21' title='bbox 438 587 700 656; x_wconf 69' lang='lat' dir='ltr'><strong>populum</strong></span> <span class='ocrx_word' id='word_1_22' title='bbox 733 600 910 656; x_wconf 85' lang='lat' dir='ltr'><strong>usque</strong></span> <span class='ocrx_word' id='word_1_23' title='bbox 942 585 1009 642; x_wconf 80' lang='lat' dir='ltr'><strong>ad</strong></span> <span class='ocrx_word' id='word_1_24' title='bbox 1043 587 1166 640; x_wconf 65' lang='lat' dir='ltr'><strong>vitae</strong></span> <span class='ocrx_word' id='word_1_25' title='bbox 1190 601 1306 642; x_wconf 68' lang='lat' dir='ltr'><strong>suae</strong></span> <span class='ocrx_word' id='word_1_26' title='bbox 1343 587 1526 650; x_wconf 84' lang='lat' dir='ltr'><strong>linem,</strong></span> <span class='ocrx_word' id='word_1_27' title='bbox 1579 597 1774 644; x_wconf 86' lang='lat' dir='ltr'><strong>natura</strong></span> <span class='ocrx_word' id='word_1_28' title='bbox 1807 589 1925 659; x_wconf 86' lang='lat' dir='ltr'><strong>ipsa</strong></span> <span class='ocrx_word' id='word_1_29' title='bbox 1956 590 2024 644; x_wconf 85' lang='lat' dir='ltr'><strong>ad</strong></span> 
     </span>
    </p>
   </div>
   <div class='ocr_carea' id='block_1_7' title="bbox 436 679 2024 752">
    <p class='ocr_par' dir='ltr' id='par_1_7' title="bbox 436 679 2024 752">
     <span class='ocr_line' id='line_1_7' title="bbox 436 679 2024 752; baseline 0.001 -22"><span class='ocrx_word' id='word_1_30' title='bbox 436 684 675 752; x_wconf 53' lang='lat' dir='ltr'><strong>gemit“!</strong></span> <span class='ocrx_word' id='word_1_31' title='bbox 707 690 762 736; x_wconf 90' lang='lat' dir='ltr'><strong>et</strong></span> <span class='ocrx_word' id='word_1_32' title='bbox 789 679 1127 736; x_wconf 87' lang='lat' dir='ltr'><strong>desiderium</strong></span> <span class='ocrx_word' id='word_1_33' title='bbox 1170 690 1525 750; x_wconf 69' lang='lat' dir='ltr'><strong>provocante.</strong></span> <span class='ocrx_word' id='word_1_34' title='bbox 1564 679 1789 735; x_wconf 79' lang='lat' dir='ltr'><strong>Terram</strong></span> <span class='ocrx_word' id='word_1_35' title='bbox 1841 689 2024 736; x_wconf 86' lang='lat' dir='ltr'><strong>autem</strong></span> 
     </span>
    </p>
   </div>
   <div class='ocr_carea' id='block_1_8' title="bbox 438 773 2022 845">
    <p class='ocr_par' dir='ltr' id='par_1_8' title="bbox 438 773 2022 845">
     <span class='ocr_line' id='line_1_8' title="bbox 438 773 2022 845; baseline -0.001 -16"><span class='ocrx_word' id='word_1_36' title='bbox 438 777 676 840; x_wconf 78' lang='lat' dir='ltr'><strong>dulcem,</strong></span> <span class='ocrx_word' id='word_1_37' title='bbox 709 789 810 844; x_wconf 92' lang='lat' dir='ltr'><strong>pro</strong></span> <span class='ocrx_word' id='word_1_38' title='bbox 835 789 944 845; x_wconf 89' lang='lat' dir='ltr'><strong>qua</strong></span> <span class='ocrx_word' id='word_1_39' title='bbox 971 782 1051 828; x_wconf 87' lang='lat' dir='ltr'><strong>tot</strong></span> <span class='ocrx_word' id='word_1_40' title='bbox 1079 782 1134 828; x_wconf 90' lang='lat' dir='ltr'><strong>et</strong></span> <span class='ocrx_word' id='word_1_41' title='bbox 1164 782 1344 826; x_wconf 83' lang='lat' dir='ltr'><strong>tantos</strong></span> <span class='ocrx_word' id='word_1_42' title='bbox 1383 773 1599 827; x_wconf 85' lang='lat' dir='ltr'><strong>labores</strong></span> <span class='ocrx_word' id='word_1_43' title='bbox 1627 774 2022 838; x_wconf 71' lang='lat' dir='ltr'><strong>exantlaverat,</strong></span> 
     </span>
    </p>
   </div>
   <div class='ocr_carea' id='block_1_9' title="bbox 436 864 2022 936">
    <p class='ocr_par' dir='ltr' id='par_1_9' title="bbox 436 864 2022 936">
     <span class='ocr_line' id='line_1_9' title="bbox 436 864 2022 936; baseline 0.003 -20"><span class='ocrx_word' id='word_1_44' title='bbox 436 869 641 922; x_wconf 75' lang='lat' dir='ltr'><strong>vidisse</strong></span> <span class='ocrx_word' id='word_1_45' title='bbox 665 876 877 922; x_wconf 90' lang='lat' dir='ltr'><strong>tantum</strong></span> <span class='ocrx_word' id='word_1_46' title='bbox 921 867 1136 936; x_wconf 84' lang='lat' dir='ltr'><strong>procul,</strong></span> <span class='ocrx_word' id='word_1_47' title='bbox 1169 873 1354 920; x_wconf 81' lang='lat' dir='ltr'><strong>etnon</strong></span> <span class='ocrx_word' id='word_1_48' title='bbox 1406 864 1716 920; x_wconf 83' lang='lat' dir='ltr'><strong>obtinuisse</strong></span> <span class='ocrx_word' id='word_1_49' title='bbox 1743 871 1888 936; x_wconf 85' lang='lat' dir='ltr'><strong>quod</strong></span> <span class='ocrx_word' id='word_1_50' title='bbox 1924 881 2022 934; x_wconf 84' lang='lat' dir='ltr'><strong>ap-</strong></span> 
     </span>
    </p>
   </div>
   <div class='ocr_carea' id='block_1_10' title="bbox 435 956 2018 1028">
    <p class='ocr_par' dir='ltr' id='par_1_10' title="bbox 435 956 2018 1028">
     <span class='ocr_line' id='line_1_10' title="bbox 435 956 2018 1028; baseline -0.001 -17"><span class='ocrx_word' id='word_1_51' title='bbox 435 961 694 1028; x_wconf 81' lang='lat' dir='ltr'><strong>petebat,</strong></span> <span class='ocrx_word' id='word_1_52' title='bbox 756 959 978 1028; x_wconf 84' lang='lat' dir='ltr'><strong>egregio</strong></span> <span class='ocrx_word' id='word_1_53' title='bbox 1013 957 1143 1012; x_wconf 86' lang='lat' dir='ltr'><strong>huic</strong></span> <span class='ocrx_word' id='word_1_54' title='bbox 1178 966 1234 1011; x_wconf 92' lang='lat' dir='ltr'><strong>et</strong></span> <span class='ocrx_word' id='word_1_55' title='bbox 1283 956 1743 1025; x_wconf 70' lang='lat' dir='ltr'><strong>prmslantissimo</strong></span> <span class='ocrx_word' id='word_1_56' title='bbox 1783 958 2018 1027; x_wconf 85' lang='lat' dir='ltr'><strong>pastori,</strong></span> 
     </span>
    </p>
   </div>
   <div class='ocr_carea' id='block_1_11' title="bbox 431 1047 2020 1118">
    <p class='ocr_par' dir='ltr' id='par_1_11' title="bbox 431 1047 2020 1118">
     <span class='ocr_line' id='line_1_11' title="bbox 431 1047 2020 1118; baseline -0.001 -16"><span class='ocrx_word' id='word_1_57' title='bbox 431 1061 656 1117; x_wconf 83' lang='lat' dir='ltr'><strong>propter</strong></span> <span class='ocrx_word' id='word_1_58' title='bbox 684 1049 871 1118; x_wconf 84' lang='lat' dir='ltr'><strong>populi</strong></span> <span class='ocrx_word' id='word_1_59' title='bbox 905 1049 1334 1105; x_wconf 82' lang='lat' dir='ltr'><strong>inobedientiam</strong></span> <span class='ocrx_word' id='word_1_60' title='bbox 1356 1057 1410 1101; x_wconf 85' lang='lat' dir='ltr'><strong>ct</strong></span> <span class='ocrx_word' id='word_1_61' title='bbox 1430 1048 1716 1113; x_wconf 88' lang='lat' dir='ltr'><strong>duritiam,</strong></span> <span class='ocrx_word' id='word_1_62' title='bbox 1738 1058 1791 1102; x_wconf 92' lang='lat' dir='ltr'><strong>et</strong></span> <span class='ocrx_word' id='word_1_63' title='bbox 1817 1047 2020 1117; x_wconf 86' lang='lat' dir='ltr'><strong>ingenii</strong></span> 
     </span>
    </p>
   </div>
   <div class='ocr_carea' id='block_1_12' title="bbox 431 1137 2024 1211">
    <p class='ocr_par' dir='ltr' id='par_1_12' title="bbox 431 1137 2024 1211">
     <span class='ocr_line' id='line_1_12' title="bbox 431 1137 2024 1211; baseline -0.001 -17"><span class='ocrx_word' id='word_1_64' title='bbox 431 1141 810 1211; x_wconf 68' lang='lat' dir='ltr'><strong>asperitatem,</strong></span> <span class='ocrx_word' id='word_1_65' title='bbox 849 1156 940 1196; x_wconf 86' lang='lat' dir='ltr'><strong>res</strong></span> <span class='ocrx_word' id='word_1_66' title='bbox 997 1156 1131 1195; x_wconf 86' lang='lat' dir='ltr'><strong>sane</strong></span> <span class='ocrx_word' id='word_1_67' title='bbox 1189 1141 1488 1195; x_wconf 78' lang='lat' dir='ltr'><strong>durissima</strong></span> <span class='ocrx_word' id='word_1_68' title='bbox 1565 1139 1685 1196; x_wconf 81' lang='lat' dir='ltr'><strong>fuit.</strong></span> <span class='ocrx_word' id='word_1_69' title='bbox 1741 1137 1844 1195; x_wconf 84' lang='lat' dir='ltr'><strong>Ubi</strong></span> <span class='ocrx_word' id='word_1_70' title='bbox 1895 1147 2024 1194; x_wconf 88' lang='lat' dir='ltr'><strong>sunt</strong></span> 
     </span>
    </p>
   </div>
   <div class='ocr_carea' id='block_1_13' title="bbox 430 1231 2021 1306">
    <p class='ocr_par' dir='ltr' id='par_1_13' title="bbox 430 1231 2021 1306">
     <span class='ocr_line' id='line_1_13' title="bbox 430 1231 2021 1306; baseline -0.003 -16"><span class='ocrx_word' id='word_1_71' title='bbox 430 1236 600 1306; x_wconf 70' lang='lat' dir='ltr'><strong>igitur</strong></span> <span class='ocrx_word' id='word_1_72' title='bbox 626 1235 756 1290; x_wconf 89' lang='lat' dir='ltr'><strong>boni</strong></span> <span class='ocrx_word' id='word_1_73' title='bbox 787 1233 1085 1304; x_wconf 74' lang='lat' dir='ltr'><strong>pastores?</strong></span> <span class='ocrx_word' id='word_1_74' title='bbox 1129 1232 1209 1288; x_wconf 89' lang='lat' dir='ltr'><strong>llli</strong></span> <span class='ocrx_word' id='word_1_75' title='bbox 1253 1233 1437 1288; x_wconf 77' lang='lat' dir='ltr'><strong>forsan</strong></span> <span class='ocrx_word' id='word_1_76' title='bbox 1471 1232 1565 1301; x_wconf 87' lang='lat' dir='ltr'><strong>qui</strong></span> <span class='ocrx_word' id='word_1_77' title='bbox 1614 1231 1873 1302; x_wconf 85' lang='lat' dir='ltr'><strong>populum</strong></span> <span class='ocrx_word' id='word_1_78' title='bbox 1923 1247 2021 1300; x_wconf 80' lang='lat' dir='ltr'><strong>pa-</strong></span> 
     </span>
    </p>
   </div>
   <div class='ocr_carea' id='block_1_14' title="bbox 435 1323 2022 1390">
    <p class='ocr_par' dir='ltr' id='par_1_14' title="bbox 435 1323 2022 1390">
     <span class='ocr_line' id='line_1_14' title="bbox 435 1323 2022 1390; baseline -0.003 -8"><span class='ocrx_word' id='word_1_79' title='bbox 435 1335 660 1382; x_wconf 83' lang='lat' dir='ltr'><strong>scentes</strong></span> <span class='ocrx_word' id='word_1_80' title='bbox 690 1325 1060 1390; x_wconf 88' lang='lat' dir='ltr'><strong>incredulum,</strong></span> <span class='ocrx_word' id='word_1_81' title='bbox 1086 1326 1238 1379; x_wconf 74' lang='lat' dir='ltr'><strong>dura:</strong></span> <span class='ocrx_word' id='word_1_82' title='bbox 1268 1323 1936 1387; x_wconf 81' lang='lat' dir='ltr'><strong>cervicis,intractabilem</strong></span> <span class='ocrx_word' id='word_1_83' title='bbox 1967 1332 2022 1378; x_wconf 82' lang='lat' dir='ltr'><strong>et</strong></span> 
     </span>
    </p>
   </div>
   <div class='ocr_carea' id='block_1_15' title="bbox 431 1418 2020 1486">
    <p class='ocr_par' dir='ltr' id='par_1_15' title="bbox 431 1418 2020 1486">
     <span class='ocr_line' id='line_1_15' title="bbox 431 1418 2020 1486; baseline -0.001 -14"><span class='ocrx_word' id='word_1_84' title='bbox 431 1419 892 1474; x_wconf 87' lang='lat' dir='ltr'><strong>contradictionis</strong></span> <span class='ocrx_word' id='word_1_85' title='bbox 919 1428 1221 1484; x_wconf 86' lang='lat' dir='ltr'><strong>amantem,</strong></span> <span class='ocrx_word' id='word_1_86' title='bbox 1262 1419 1489 1474; x_wconf 78' lang='lat' dir='ltr'><strong>nihilex</strong></span> <span class='ocrx_word' id='word_1_87' title='bbox 1529 1418 1761 1473; x_wconf 81' lang='lat' dir='ltr'><strong>istorum</strong></span> <span class='ocrx_word' id='word_1_88' title='bbox 1815 1419 2020 1486; x_wconf 90' lang='lat' dir='ltr'><strong>impro-</strong></span> 
     </span>
    </p>
   </div>
   <div class='ocr_carea' id='block_1_16' title="bbox 431 1509 2017 1580">
    <p class='ocr_par' dir='ltr' id='par_1_16' title="bbox 431 1509 2017 1580">
     <span class='ocr_line' id='line_1_16' title="bbox 431 1509 2017 1580; baseline -0.001 -16"><span class='ocrx_word' id='word_1_89' title='bbox 431 1514 604 1567; x_wconf 83' lang='lat' dir='ltr'><strong>bitate</strong></span> <span class='ocrx_word' id='word_1_90' title='bbox 653 1527 712 1566; x_wconf 87' lang='lat' dir='ltr'><strong>se</strong></span> <span class='ocrx_word' id='word_1_91' title='bbox 755 1526 880 1566; x_wconf 84' lang='lat' dir='ltr'><strong>esse</strong></span> <span class='ocrx_word' id='word_1_92' title='bbox 921 1525 1190 1580; x_wconf 86' lang='lat' dir='ltr'><strong>passuros</strong></span> <span class='ocrx_word' id='word_1_93' title='bbox 1247 1526 1357 1578; x_wconf 61' lang='lat' dir='ltr'><strong>prce</strong></span> <span class='ocrx_word' id='word_1_94' title='bbox 1388 1511 1639 1563; x_wconf 66' lang='lat' dir='ltr'><strong>erecilate</strong></span> <span class='ocrx_word' id='word_1_95' title='bbox 1677 1509 2017 1564; x_wconf 61' lang='lat' dir='ltr'><strong>existimant.</strong></span> 
     </span>
    </p>
   </div>
   <div class='ocr_carea' id='block_1_17' title="bbox 433 1601 2020 1672">
    <p class='ocr_par' dir='ltr' id='par_1_17' title="bbox 433 1601 2020 1672">
     <span class='ocr_line' id='line_1_17' title="bbox 433 1601 2020 1672; baseline -0.002 -14"><span class='ocrx_word' id='word_1_96' title='bbox 433 1603 493 1658; x_wconf 87' lang='lat' dir='ltr'><strong>Si</strong></span> <span class='ocrx_word' id='word_1_97' title='bbox 530 1603 676 1658; x_wconf 87' lang='lat' dir='ltr'><strong>enim</strong></span> <span class='ocrx_word' id='word_1_98' title='bbox 711 1603 763 1656; x_wconf 93' lang='lat' dir='ltr'><strong>in</strong></span> <span class='ocrx_word' id='word_1_99' title='bbox 799 1615 979 1658; x_wconf 87' lang='lat' dir='ltr'><strong>meme</strong></span> <span class='ocrx_word' id='word_1_100' title='bbox 1007 1617 1223 1672; x_wconf 82' lang='lat' dir='ltr'><strong>semper</strong></span> <span class='ocrx_word' id='word_1_101' title='bbox 1255 1603 1524 1656; x_wconf 83' lang='lat' dir='ltr'><strong>haberent</strong></span> <span class='ocrx_word' id='word_1_102' title='bbox 1568 1617 1826 1670; x_wconf 68' lang='lat' dir='ltr'><strong>magunum</strong></span> <span class='ocrx_word' id='word_1_103' title='bbox 1871 1601 2020 1655; x_wconf 91' lang='lat' dir='ltr'><strong>hunc</strong></span> 
     </span>
    </p>
   </div>
   <div class='ocr_carea' id='block_1_18' title="bbox 431 1692 2020 1766">
    <p class='ocr_par' dir='ltr' id='par_1_18' title="bbox 431 1692 2020 1766">
     <span class='ocr_line' id='line_1_18' title="bbox 431 1692 2020 1766; baseline -0.002 -19"><span class='ocrx_word' id='word_1_104' title='bbox 431 1697 640 1761; x_wconf 83' lang='lat' dir='ltr'><strong>virum,</strong></span> <span class='ocrx_word' id='word_1_105' title='bbox 670 1705 725 1750; x_wconf 87' lang='lat' dir='ltr'><strong>et</strong></span> <span class='ocrx_word' id='word_1_106' title='bbox 753 1695 967 1766; x_wconf 84' lang='lat' dir='ltr'><strong>justu</strong></span> <span class='ocrx_word' id='word_1_107' title='bbox 996 1694 1208 1748; x_wconf 80' lang='lat' dir='ltr'><strong>Heliam</strong></span> <span class='ocrx_word' id='word_1_108' title='bbox 1249 1709 1527 1749; x_wconf 88' lang='lat' dir='ltr'><strong>summum</strong></span> <span class='ocrx_word' id='word_1_109' title='bbox 1553 1692 1916 1755; x_wconf 81' lang='lat' dir='ltr'><strong>sacerdotem,</strong></span> <span class='ocrx_word' id='word_1_110' title='bbox 1965 1699 2020 1745; x_wconf 91' lang='lat' dir='ltr'><strong>et</strong></span> 
     </span>
    </p>
   </div>
   <div class='ocr_carea' id='block_1_19' title="bbox 427 1785 2019 1858">
    <p class='ocr_par' dir='ltr' id='par_1_19' title="bbox 427 1785 2019 1858">
     <span class='ocr_line' id='line_1_19' title="bbox 427 1785 2019 1858; baseline -0.003 -16"><span class='ocrx_word' id='word_1_111' title='bbox 427 1791 736 1858; x_wconf 90' lang='lat' dir='ltr'><strong>cogitarent</strong></span> <span class='ocrx_word' id='word_1_112' title='bbox 783 1801 1236 1856; x_wconf 83' lang='lat' dir='ltr'><strong>unumquemque</strong></span> <span class='ocrx_word' id='word_1_113' title='bbox 1280 1801 1496 1847; x_wconf 88' lang='lat' dir='ltr'><strong>eorum,</strong></span> <span class='ocrx_word' id='word_1_114' title='bbox 1549 1785 1804 1852; x_wconf 69' lang='lat' dir='ltr'><strong>Quamvis</strong></span> <span class='ocrx_word' id='word_1_115' title='bbox 1830 1793 2019 1840; x_wconf 85' lang='lat' dir='ltr'><strong>sancte</strong></span> 
     </span>
    </p>
   </div>
   <div class='ocr_carea' id='block_1_20' title="bbox 2129 586 3722 664">
    <p class='ocr_par' dir='ltr' id='par_1_20' title="bbox 2129 586 3722 664">
     <span class='ocr_line' id='line_1_20' title="bbox 2129 586 3722 664; baseline 0.004 -22"><span class='ocrx_word' id='word_1_116' title='bbox 2129 586 2256 650; x_wconf 82' lang='grc' dir='ltr'><strong>λαδς</strong></span> <span class='ocrx_word' id='word_1_117' title='bbox 2289 587 2593 657; x_wconf 73' lang='grc' dir='ltr'><strong>ἐπίνθησεν</strong></span> <span class='ocrx_word' id='word_1_118' title='bbox 2618 587 2783 644; x_wconf 80' lang='grc' dir='ltr'><strong>αὑτὸν</strong></span> <span class='ocrx_word' id='word_1_119' title='bbox 2807 590 3022 662; x_wconf 69' lang='grc' dir='ltr'><strong>ἡμέρας</strong></span> <span class='ocrx_word' id='word_1_120' title='bbox 3045 589 3112 656; x_wconf 86' lang='grc' dir='ltr'><strong>λ’,</strong></span> <span class='ocrx_word' id='word_1_121' title='bbox 3149 593 3303 664; x_wconf 81' lang='grc' dir='ltr'><strong>πόσῳ</strong></span> <span class='ocrx_word' id='word_1_122' title='bbox 3334 595 3538 664; x_wconf 77' lang='grc' dir='ltr'><strong>μᾶλλον</strong></span> <span class='ocrx_word' id='word_1_123' title='bbox 3566 590 3722 660; x_wconf 74' lang='grc' dir='ltr'><strong>οὗτος</strong></span> 
     </span>
    </p>
   </div>
   <div class='ocr_carea' id='block_1_21' title="bbox 2127 678 3723 756">
    <p class='ocr_par' dir='ltr' id='par_1_21' title="bbox 2127 678 3723 756">
     <span class='ocr_line' id='line_1_21' title="bbox 2127 678 3723 756; baseline 0.005 -24"><span class='ocrx_word' id='word_1_124' title='bbox 2127 681 2190 732; x_wconf 81' lang='grc' dir='ltr'><strong>οὐ</strong></span> <span class='ocrx_word' id='word_1_125' title='bbox 2221 678 2428 732; x_wconf 74' lang='grc' dir='ltr'><strong>διέλιπε</strong></span> <span class='ocrx_word' id='word_1_126' title='bbox 2461 679 2678 749; x_wconf 74' lang='grc' dir='ltr'><strong>θρηνῶν</strong></span> <span class='ocrx_word' id='word_1_127' title='bbox 2711 680 2881 735; x_wconf 72' lang='grc' dir='ltr'><strong>αὐτὸν</strong></span> <span class='ocrx_word' id='word_1_128' title='bbox 2903 683 3307 753; x_wconf 68' lang='grc' dir='ltr'><strong>ἀκατασχέτως</strong></span> <span class='ocrx_word' id='word_1_129' title='bbox 3337 685 3504 756; x_wconf 80' lang='grc' dir='ltr'><strong>μέχρι</strong></span> <span class='ocrx_word' id='word_1_130' title='bbox 3534 685 3723 750; x_wconf 75' lang='grc' dir='ltr'><strong>τέλους</strong></span> 
     </span>
    </p>
   </div>
   <div class='ocr_carea' id='block_1_22' title="bbox 2127 768 3723 846">
    <p class='ocr_par' dir='ltr' id='par_1_22' title="bbox 2127 768 3723 846">
     <span class='ocr_line' id='line_1_22' title="bbox 2127 768 3723 846; baseline 0.005 -23"><span class='ocrx_word' id='word_1_131' title='bbox 2127 768 2276 840; x_wconf 79' lang='grc' dir='ltr'><strong>ζωῆς</strong></span> <span class='ocrx_word' id='word_1_132' title='bbox 2313 770 2507 834; x_wconf 76' lang='grc' dir='ltr'><strong>αὐτοῦ,</strong></span> <span class='ocrx_word' id='word_1_133' title='bbox 2555 772 2894 844; x_wconf 80' lang='grc' dir='ltr'><strong>φλεγόμενος</strong></span> <span class='ocrx_word' id='word_1_134' title='bbox 2955 780 3100 830; x_wconf 81' lang='grc' dir='ltr'><strong>πάνυ</strong></span> <span class='ocrx_word' id='word_1_135' title='bbox 3151 778 3246 830; x_wconf 68' lang='grc' dir='ltr'><strong>καὶ</strong></span> <span class='ocrx_word' id='word_1_136' title='bbox 3287 777 3579 846; x_wconf 77' lang='grc' dir='ltr'><strong>σφαδάζων</strong></span> <span class='ocrx_word' id='word_1_137' title='bbox 3615 779 3723 831; x_wconf 77' lang='grc' dir='ltr'><strong>ὑπὸ</strong></span> 
     </span>
    </p>
   </div>
   <div class='ocr_carea' id='block_1_23' title="bbox 2125 866 3726 939">
    <p class='ocr_par' dir='ltr' id='par_1_23' title="bbox 2125 866 3726 939">
     <span class='ocr_line' id='line_1_23' title="bbox 2125 866 3726 939; baseline 0.004 -24"><span class='ocrx_word' id='word_1_138' title='bbox 2125 866 2224 932; x_wconf 78' lang='grc' dir='ltr'><strong>τῆς</strong></span> <span class='ocrx_word' id='word_1_139' title='bbox 2249 867 2488 933; x_wconf 79' lang='grc' dir='ltr'><strong>φυσικῆς</strong></span> <span class='ocrx_word' id='word_1_140' title='bbox 2518 867 2838 935; x_wconf 70' lang='grc' dir='ltr'><strong>τυραννίδος</strong></span> <span class='ocrx_word' id='word_1_141' title='bbox 2871 867 2988 937; x_wconf 76' lang='grc' dir='ltr'><strong>(6)ῐ</strong></span> <span class='ocrx_word' id='word_1_142' title='bbox 3022 871 3132 922; x_wconf 78' lang='grc' dir='ltr'><strong>Καὶ</strong></span> <span class='ocrx_word' id='word_1_143' title='bbox 3161 870 3224 922; x_wconf 75' lang='grc' dir='ltr'><strong>τὸ</strong></span> <span class='ocrx_word' id='word_1_144' title='bbox 3244 869 3309 939; x_wconf 82' lang='grc' dir='ltr'><strong>δὴ</strong></span> <span class='ocrx_word' id='word_1_145' title='bbox 3339 870 3560 922; x_wconf 85' lang='grc' dir='ltr'><strong>πάντων</strong></span> <span class='ocrx_word' id='word_1_146' title='bbox 3590 870 3726 923; x_wconf 85' lang='grc' dir='ltr'><strong>θαυ-</strong></span> 
     </span>
    </p>
   </div>
   <div class='ocr_carea' id='block_1_24' title="bbox 2128 956 3722 1034">
    <p class='ocr_par' dir='ltr' id='par_1_24' title="bbox 2128 956 3722 1034">
     <span class='ocr_line' id='line_1_24' title="bbox 2128 956 3722 1034; baseline 0.006 -27"><span class='ocrx_word' id='word_1_147' title='bbox 2128 956 2484 1025; x_wconf 84' lang='grc' dir='ltr'><strong>μαστότερον,</strong></span> <span class='ocrx_word' id='word_1_148' title='bbox 2513 958 2596 1010; x_wconf 81' lang='grc' dir='ltr'><strong>ὅτι</strong></span> <span class='ocrx_word' id='word_1_149' title='bbox 2642 959 2736 1010; x_wconf 81' lang='grc' dir='ltr'><strong>καὶ</strong></span> <span class='ocrx_word' id='word_1_150' title='bbox 2777 960 2876 1029; x_wconf 81' lang='grc' dir='ltr'><strong>τὴν</strong></span> <span class='ocrx_word' id='word_1_151' title='bbox 2903 959 3285 1030; x_wconf 76' lang='grc' dir='ltr'><strong>περιπόθητον</strong></span> <span class='ocrx_word' id='word_1_152' title='bbox 3320 962 3447 1028; x_wconf 84' lang='grc' dir='ltr'><strong>γῆν,</strong></span> <span class='ocrx_word' id='word_1_153' title='bbox 3480 961 3624 1030; x_wconf 70' lang='grc' dir='ltr'><strong>ὑπὲρ</strong></span> <span class='ocrx_word' id='word_1_154' title='bbox 3650 958 3722 1034; x_wconf 83' lang='grc' dir='ltr'><strong>ἦς</strong></span> 
     </span>
    </p>
   </div>
   <div class='ocr_carea' id='block_1_25' title="bbox 2124 1048 3719 1123">
    <p class='ocr_par' dir='ltr' id='par_1_25' title="bbox 2124 1048 3719 1123">
     <span class='ocr_line' id='line_1_25' title="bbox 2124 1048 3719 1123; baseline 0.003 -22"><span class='ocrx_word' id='word_1_155' title='bbox 2124 1064 2185 1101; x_wconf 85' lang='grc' dir='ltr'><strong>τε</strong></span> <span class='ocrx_word' id='word_1_156' title='bbox 2207 1048 2437 1111; x_wconf 80' lang='grc' dir='ltr'><strong>πολλοὺς</strong></span> <span class='ocrx_word' id='word_1_157' title='bbox 2462 1050 2558 1102; x_wconf 76' lang='grc' dir='ltr'><strong>καὶ</strong></span> <span class='ocrx_word' id='word_1_158' title='bbox 2586 1050 2858 1121; x_wconf 75' lang='grc' dir='ltr'><strong>φοϐεροὺς</strong></span> <span class='ocrx_word' id='word_1_159' title='bbox 2882 1053 3082 1123; x_wconf 78' lang='grc' dir='ltr'><strong>ἀνέτλη</strong></span> <span class='ocrx_word' id='word_1_160' title='bbox 3117 1053 3336 1116; x_wconf 84' lang='grc' dir='ltr'><strong>πόνους,</strong></span> <span class='ocrx_word' id='word_1_161' title='bbox 3358 1054 3484 1106; x_wconf 82' lang='grc' dir='ltr'><strong>ίδὼν</strong></span> <span class='ocrx_word' id='word_1_162' title='bbox 3516 1055 3719 1122; x_wconf 72' lang='grc' dir='ltr'><strong>μακρόο</strong></span> 
     </span>
    </p>
   </div>
   <div class='ocr_carea' id='block_1_26' title="bbox 2125 1139 3722 1215">
    <p class='ocr_par' dir='ltr' id='par_1_26' title="bbox 2125 1139 3722 1215">
     <span class='ocr_line' id='line_1_26' title="bbox 2125 1139 3722 1215; baseline 0.001 -20"><span class='ocrx_word' id='word_1_163' title='bbox 2125 1141 2217 1195; x_wconf 89' lang='grc' dir='ltr'><strong>θεν</strong></span> <span class='ocrx_word' id='word_1_164' title='bbox 2247 1141 2341 1194; x_wconf 81' lang='grc' dir='ltr'><strong>καὶ</strong></span> <span class='ocrx_word' id='word_1_165' title='bbox 2375 1139 2639 1209; x_wconf 73' lang='grc' dir='ltr'><strong>μειζόνως</strong></span> <span class='ocrx_word' id='word_1_166' title='bbox 2671 1143 2925 1211; x_wconf 68' lang='grc' dir='ltr'><strong>τρωθεὶς,</strong></span> <span class='ocrx_word' id='word_1_167' title='bbox 2947 1145 3163 1214; x_wconf 83' lang='grc' dir='ltr'><strong>ἀπῆλθε</strong></span> <span class='ocrx_word' id='word_1_168' title='bbox 3197 1147 3272 1214; x_wconf 83' lang='grc' dir='ltr'><strong>μὴ</strong></span> <span class='ocrx_word' id='word_1_169' title='bbox 3303 1147 3502 1215; x_wconf 85' lang='grc' dir='ltr'><strong>τυχὼν.</strong></span> <span class='ocrx_word' id='word_1_170' title='bbox 3532 1151 3560 1199; x_wconf 84' lang='grc' dir='ltr'><strong>ό</strong></span> <span class='ocrx_word' id='word_1_171' title='bbox 3583 1147 3722 1198; x_wconf 84' lang='grc' dir='ltr'><strong>θαυ-</strong></span> 
     </span>
    </p>
   </div>
   <div class='ocr_carea' id='block_1_27' title="bbox 2127 1231 3722 1308">
    <p class='ocr_par' dir='ltr' id='par_1_27' title="bbox 2127 1231 3722 1308">
     <span class='ocr_line' id='line_1_27' title="bbox 2127 1231 3722 1308; baseline 0.002 -21"><span class='ocrx_word' id='word_1_172' title='bbox 2127 1232 2322 1302; x_wconf 84' lang='grc' dir='ltr'><strong>μάσιος</strong></span> <span class='ocrx_word' id='word_1_173' title='bbox 2342 1231 2452 1302; x_wconf 75' lang='lat'><strong>95</strong></span> <span class='ocrx_word' id='word_1_174' title='bbox 2470 1233 2565 1286; x_wconf 75' lang='grc' dir='ltr'><strong>καὶ</strong></span> <span class='ocrx_word' id='word_1_175' title='bbox 2583 1233 2892 1305; x_wconf 85' lang='grc' dir='ltr'><strong>πανάρετος</strong></span> <span class='ocrx_word' id='word_1_176' title='bbox 2915 1237 3142 1308; x_wconf 86' lang='grc' dir='ltr'><strong>ποιμὴν,</strong></span> <span class='ocrx_word' id='word_1_177' title='bbox 3158 1237 3254 1291; x_wconf 87' lang='grc' dir='ltr'><strong>τοῦ</strong></span> <span class='ocrx_word' id='word_1_178' title='bbox 3273 1235 3722 1306; x_wconf 76' lang='grc' dir='ltr'><strong>σπουδαζομένου</strong></span> 
     </span>
    </p>
   </div>
   <div class='ocr_carea' id='block_1_28' title="bbox 2123 1324 3725 1401">
    <p class='ocr_par' dir='ltr' id='par_1_28' title="bbox 2123 1324 3725 1401">
     <span class='ocr_line' id='line_1_28' title="bbox 2123 1324 3725 1401; baseline 0.002 -25"><span class='ocrx_word' id='word_1_179' title='bbox 2123 1324 2211 1378; x_wconf 89' lang='grc' dir='ltr'><strong>διά</strong></span> <span class='ocrx_word' id='word_1_180' title='bbox 2239 1325 2339 1395; x_wconf 83' lang='grc' dir='ltr'><strong>τὴν</strong></span> <span class='ocrx_word' id='word_1_181' title='bbox 2365 1325 2657 1378; x_wconf 75' lang='grc' dir='ltr'><strong>ἀπείθειαν</strong></span> <span class='ocrx_word' id='word_1_182' title='bbox 2685 1327 2780 1380; x_wconf 73' lang='grc' dir='ltr'><strong>καὶ</strong></span> <span class='ocrx_word' id='word_1_183' title='bbox 2831 1328 3283 1401; x_wconf 75' lang='grc' dir='ltr'><strong>σκληροκαρδίαν</strong></span> <span class='ocrx_word' id='word_1_184' title='bbox 3337 1329 3434 1382; x_wconf 79' lang='grc' dir='ltr'><strong>καὶ</strong></span> <span class='ocrx_word' id='word_1_185' title='bbox 3486 1331 3725 1399; x_wconf 77' lang='grc' dir='ltr'><strong>δύστρο-</strong></span> 
     </span>
    </p>
   </div>
   <div class='ocr_carea' id='block_1_29' title="bbox 2125 1417 3724 1493">
    <p class='ocr_par' dir='ltr' id='par_1_29' title="bbox 2125 1417 3724 1493">
     <span class='ocr_line' id='line_1_29' title="bbox 2125 1417 3724 1493; baseline 0.003 -23"><span class='ocrx_word' id='word_1_186' title='bbox 2125 1417 2256 1470; x_wconf 85' lang='grc' dir='ltr'><strong>πίαν</strong></span> <span class='ocrx_word' id='word_1_187' title='bbox 2294 1417 2404 1471; x_wconf 83' lang='grc' dir='ltr'><strong>τῶν</strong></span> <span class='ocrx_word' id='word_1_188' title='bbox 2439 1417 2924 1488; x_wconf 78' lang='grc' dir='ltr'><strong>σπουδαζομένων.</strong></span> <span class='ocrx_word' id='word_1_189' title='bbox 2954 1421 3064 1475; x_wconf 85' lang='grc' dir='ltr'><strong>Ποῦ</strong></span> <span class='ocrx_word' id='word_1_190' title='bbox 3089 1421 3186 1475; x_wconf 74' lang='grc' dir='ltr'><strong>οὖν</strong></span> <span class='ocrx_word' id='word_1_191' title='bbox 3220 1424 3362 1475; x_wconf 88' lang='grc' dir='ltr'><strong>είσιν</strong></span> <span class='ocrx_word' id='word_1_192' title='bbox 3399 1424 3448 1476; x_wconf 89' lang='grc' dir='ltr'><strong>οί</strong></span> <span class='ocrx_word' id='word_1_193' title='bbox 3473 1421 3724 1493; x_wconf 72' lang='grc' dir='ltr'><strong>ἑνάρετοι</strong></span> 
     </span>
    </p>
   </div>
   <div class='ocr_carea' id='block_1_30' title="bbox 2123 1508 3725 1584">
    <p class='ocr_par' dir='ltr' id='par_1_30' title="bbox 2123 1508 3725 1584">
     <span class='ocr_line' id='line_1_30' title="bbox 2123 1508 3725 1584; baseline 0.001 -21"><span class='ocrx_word' id='word_1_194' title='bbox 2123 1508 2380 1578; x_wconf 81' lang='grc' dir='ltr'><strong>ποιμένες</strong></span> <span class='ocrx_word' id='word_1_195' title='bbox 2399 1525 2416 1574; x_wconf 88' lang='lat'><strong>;</strong></span> <span class='ocrx_word' id='word_1_196' title='bbox 2442 1509 2604 1573; x_wconf 82' lang='grc' dir='ltr'><strong>Ἴσως</strong></span> <span class='ocrx_word' id='word_1_197' title='bbox 2633 1512 2729 1564; x_wconf 76' lang='grc' dir='ltr'><strong>καὶ</strong></span> <span class='ocrx_word' id='word_1_198' title='bbox 2745 1511 2873 1564; x_wconf 78' lang='grc' dir='ltr'><strong>λαὸν</strong></span> <span class='ocrx_word' id='word_1_199' title='bbox 2896 1513 3103 1573; x_wconf 82' lang='grc' dir='ltr'><strong>ἀπειθῆ</strong></span> <span class='ocrx_word' id='word_1_200' title='bbox 3122 1515 3216 1568; x_wconf 79' lang='grc' dir='ltr'><strong>καὶ</strong></span> <span class='ocrx_word' id='word_1_201' title='bbox 3233 1515 3373 1583; x_wconf 85' lang='grc' dir='ltr'><strong>σκλη</strong></span> <span class='ocrx_word' id='word_1_202' title='bbox 3384 1512 3725 1584; x_wconf 84' lang='grc' dir='ltr'><strong>ροτράχηλον</strong></span> 
     </span>
    </p>
   </div>
   <div class='ocr_carea' id='block_1_31' title="bbox 2122 1601 3725 1674">
    <p class='ocr_par' dir='ltr' id='par_1_31' title="bbox 2122 1601 3725 1674">
     <span class='ocr_line' id='line_1_31' title="bbox 2122 1601 3725 1674; baseline 0.003 -22"><span class='ocrx_word' id='word_1_203' title='bbox 2122 1602 2216 1654; x_wconf 70' lang='grc' dir='ltr'><strong>καὶ</strong></span> <span class='ocrx_word' id='word_1_204' title='bbox 2249 1601 2574 1669; x_wconf 72' lang='grc' dir='ltr'><strong>δυσάγωγον</strong></span> <span class='ocrx_word' id='word_1_205' title='bbox 2599 1602 2717 1671; x_wconf 78' lang='grc' dir='ltr'><strong>ἅμα</strong></span> <span class='ocrx_word' id='word_1_206' title='bbox 2751 1605 2844 1655; x_wconf 83' lang='grc' dir='ltr'><strong>καὶ</strong></span> <span class='ocrx_word' id='word_1_207' title='bbox 2886 1602 3176 1670; x_wconf 77' lang='grc' dir='ltr'><strong>ἀντίλογον</strong></span> <span class='ocrx_word' id='word_1_208' title='bbox 3203 1605 3592 1674; x_wconf 78' lang='grc' dir='ltr'><strong>ποιμαίνοντες</strong></span> <span class='ocrx_word' id='word_1_209' title='bbox 3623 1605 3725 1657; x_wconf 74' lang='grc' dir='ltr'><strong>καὶ</strong></span> 
     </span>
    </p>
   </div>
   <div class='ocr_carea' id='block_1_32' title="bbox 2126 1693 3726 1766">
    <p class='ocr_par' dir='ltr' id='par_1_32' title="bbox 2126 1693 3726 1766">
     <span class='ocr_line' id='line_1_32' title="bbox 2126 1693 3726 1766; baseline 0.001 -21"><span class='ocrx_word' id='word_1_210' title='bbox 2126 1693 2294 1764; x_wconf 80' lang='grc' dir='ltr'><strong>μηδὲν</strong></span> <span class='ocrx_word' id='word_1_211' title='bbox 2328 1695 2393 1746; x_wconf 77' lang='grc' dir='ltr'><strong>ὲκ</strong></span> <span class='ocrx_word' id='word_1_212' title='bbox 2446 1694 2545 1762; x_wconf 86' lang='grc' dir='ltr'><strong>τῆς</strong></span> <span class='ocrx_word' id='word_1_213' title='bbox 2605 1693 2838 1748; x_wconf 73' lang='grc' dir='ltr'><strong>ἐκείνων</strong></span> <span class='ocrx_word' id='word_1_214' title='bbox 2871 1696 3212 1766; x_wconf 86' lang='grc' dir='ltr'><strong>φαυλότητος</strong></span> <span class='ocrx_word' id='word_1_215' title='bbox 3247 1697 3486 1764; x_wconf 75' lang='grc' dir='ltr'><strong>οἰόμενοι</strong></span> <span class='ocrx_word' id='word_1_216' title='bbox 3532 1695 3726 1748; x_wconf 86' lang='grc' dir='ltr'><strong>κινδυ-</strong></span> 
     </span>
    </p>
   </div>
   <div class='ocr_carea' id='block_1_33' title="bbox 2123 1785 3727 1860">
    <p class='ocr_par' dir='ltr' id='par_1_33' title="bbox 2123 1785 3727 1860">
     <span class='ocr_line' id='line_1_33' title="bbox 2123 1785 3727 1860; baseline 0.001 -22"><span class='ocrx_word' id='word_1_217' title='bbox 2123 1785 2294 1845; x_wconf 81' lang='grc' dir='ltr'><strong>νῶδες</strong></span> <span class='ocrx_word' id='word_1_218' title='bbox 2353 1785 2587 1855; x_wconf 83' lang='grc' dir='ltr'><strong>πάσχειν</strong></span> <span class='ocrx_word' id='word_1_219' title='bbox 2646 1790 2710 1840; x_wconf 81' lang='grc' dir='ltr'><strong>ὲκ</strong></span> <span class='ocrx_word' id='word_1_220' title='bbox 2765 1788 3060 1856; x_wconf 86' lang='grc' dir='ltr'><strong>παγκάκου</strong></span> <span class='ocrx_word' id='word_1_221' title='bbox 3120 1789 3315 1860; x_wconf 83' lang='grc' dir='ltr'><strong>λήθης.</strong></span> <span class='ocrx_word' id='word_1_222' title='bbox 3369 1789 3432 1842; x_wconf 86' lang='grc' dir='ltr'><strong>Εἰ</strong></span> <span class='ocrx_word' id='word_1_223' title='bbox 3481 1790 3592 1858; x_wconf 81' lang='grc' dir='ltr'><strong>γὰρ</strong></span> <span class='ocrx_word' id='word_1_224' title='bbox 3641 1791 3727 1851; x_wconf 88' lang='grc' dir='ltr'><strong>είς</strong></span> 
     </span>
    </p>
   </div>
   <div class='ocr_carea' id='block_1_34' title="bbox 429 1856 2026 1952">
    <p class='ocr_par' dir='ltr' id='par_1_34' title="bbox 429 1876 2016 1948">
     <span class='ocr_line' id='line_1_34' title="bbox 429 1876 2016 1948; baseline -0.001 -16"><span class='ocrx_word' id='word_1_225' title='bbox 429 1882 706 1936; x_wconf 79' lang='lat' dir='ltr'><strong>viventem</strong></span> <span class='ocrx_word' id='word_1_226' title='bbox 755 1887 811 1934; x_wconf 80' lang='lat' dir='ltr'><strong>et</strong></span> <span class='ocrx_word' id='word_1_227' title='bbox 857 1878 1512 1948; x_wconf 79' lang='lat' dir='ltr'><strong>gubernantem,ma|itia</strong></span> <span class='ocrx_word' id='word_1_228' title='bbox 1554 1886 1740 1932; x_wconf 85' lang='lat' dir='ltr'><strong>tamen</strong></span> <span class='ocrx_word' id='word_1_229' title='bbox 1793 1876 2016 1932; x_wconf 90' lang='lat' dir='ltr'><strong>illorum</strong></span> 
     </span>
    </p>
   </div>
   <div class='ocr_carea' id='block_1_35' title="bbox 2127 1856 3729 1952">
    <p class='ocr_par' dir='ltr' id='par_1_35' title="bbox 2127 1856 3729 1952">
     <span class='ocr_line' id='line_1_35' title="bbox 2127 1856 3729 1952; baseline 0.001 -22"><span class='ocrx_word' id='word_1_230' title='bbox 2127 1879 2338 1933; x_wconf 68' lang='grc' dir='ltr'><strong>ἔννοιαν</strong></span> <span class='ocrx_word' id='word_1_231' title='bbox 2373 1875 2522 1947; x_wconf 68' lang='grc' dir='ltr'><strong>εἶχον</strong></span> <span class='ocrx_word' id='word_1_232' title='bbox 2560 1878 2647 1931; x_wconf 73' lang='grc' dir='ltr'><strong>ἀεὶ</strong></span> <span class='ocrx_word' id='word_1_233' title='bbox 2673 1879 2768 1932; x_wconf 82' lang='grc' dir='ltr'><strong>τὸν</strong></span> <span class='ocrx_word' id='word_1_234' title='bbox 2797 1880 3047 1950; x_wconf 84' lang='grc' dir='ltr'><strong>ἀοίδιμον</strong></span> <span class='ocrx_word' id='word_1_235' title='bbox 3073 1856 3260 1952; x_wconf 22' lang='grc' dir='ltr'><strong>ἀνδρα*</strong></span> <span class='ocrx_word' id='word_1_236' title='bbox 3280 1881 3472 1934; x_wconf 88' lang='grc' dir='ltr'><strong>τοῦτον</strong></span> <span class='ocrx_word' id='word_1_237' title='bbox 3504 1856 3600 1932; x_wconf 78' lang='grc' dir='ltr'><strong>καὶ</strong></span> <span class='ocrx_word' id='word_1_238' title='bbox 3630 1880 3729 1932; x_wconf 80' lang='grc' dir='ltr'><strong>τὸν</strong></span> 
     </span>
    </p>
   </div>
   <div class='ocr_carea' id='block_1_36' title="bbox 427 1968 2014 2045">
    <p class='ocr_par' dir='ltr' id='par_1_36' title="bbox 427 1968 2014 2045">
     <span class='ocr_line' id='line_1_36' title="bbox 427 1968 2014 2045; baseline -0.005 -17"><span class='ocrx_word' id='word_1_239' title='bbox 427 1988 665 2045; x_wconf 86' lang='lat' dir='ltr'><strong>quorum</strong></span> <span class='ocrx_word' id='word_1_240' title='bbox 696 1987 888 2028; x_wconf 85' lang='lat' dir='ltr'><strong>curam</strong></span> <span class='ocrx_word' id='word_1_241' title='bbox 933 1978 1282 2038; x_wconf 80' lang='lat' dir='ltr'><strong>susceperat,</strong></span> <span class='ocrx_word' id='word_1_242' title='bbox 1328 1984 1452 2024; x_wconf 80' lang='lat' dir='ltr'><strong>esse</strong></span> <span class='ocrx_word' id='word_1_243' title='bbox 1492 1968 2014 2037; x_wconf 85' lang='lat' dir='ltr'><strong>mortiticatum,gc-</strong></span> 
     </span>
    </p>
   </div>
   <div class='ocr_carea' id='block_1_37' title="bbox 429 2059 2018 2129">
    <p class='ocr_par' dir='ltr' id='par_1_37' title="bbox 429 2059 2018 2129">
     <span class='ocr_line' id='line_1_37' title="bbox 429 2059 2018 2129; baseline -0.006 -8"><span class='ocrx_word' id='word_1_244' title='bbox 429 2081 583 2121; x_wconf 85' lang='lat' dir='ltr'><strong>mere</strong></span> <span class='ocrx_word' id='word_1_245' title='bbox 613 2073 667 2120; x_wconf 91' lang='lat' dir='ltr'><strong>et</strong></span> <span class='ocrx_word' id='word_1_246' title='bbox 704 2075 943 2120; x_wconf 88' lang='lat' dir='ltr'><strong>tremere</strong></span> <span class='ocrx_word' id='word_1_247' title='bbox 972 2062 1172 2117; x_wconf 88' lang='lat' dir='ltr'><strong>merito</strong></span> <span class='ocrx_word' id='word_1_248' title='bbox 1201 2077 1306 2116; x_wconf 89' lang='lat' dir='ltr'><strong>non</strong></span> <span class='ocrx_word' id='word_1_249' title='bbox 1332 2069 1638 2125; x_wconf 70' lang='lat' dir='ltr'><strong>cessarent,</strong></span> <span class='ocrx_word' id='word_1_250' title='bbox 1698 2069 1860 2129; x_wconf 81' lang='lat' dir='ltr'><strong>atque</strong></span> <span class='ocrx_word' id='word_1_251' title='bbox 1882 2059 2018 2114; x_wconf 81' lang='lat' dir='ltr'><strong>alio-</strong></span> 
     </span>
    </p>
   </div>
   <div class='ocr_carea' id='block_1_38' title="bbox 429 2151 2018 2224">
    <p class='ocr_par' dir='ltr' id='par_1_38' title="bbox 429 2151 2018 2224">
     <span class='ocr_line' id='line_1_38' title="bbox 429 2151 2018 2224; baseline -0.003 -11"><span class='ocrx_word' id='word_1_252' title='bbox 429 2173 553 2213; x_wconf 88' lang='lat' dir='ltr'><strong>rum</strong></span> <span class='ocrx_word' id='word_1_253' title='bbox 608 2172 796 2212; x_wconf 87' lang='lat' dir='ltr'><strong>curam</strong></span> <span class='ocrx_word' id='word_1_254' title='bbox 871 2157 954 2210; x_wconf 89' lang='lat' dir='ltr'><strong>vel</strong></span> <span class='ocrx_word' id='word_1_255' title='bbox 1003 2155 1456 2224; x_wconf 84' lang='lat' dir='ltr'><strong>deprecarentur,</strong></span> <span class='ocrx_word' id='word_1_256' title='bbox 1511 2152 1595 2207; x_wconf 85' lang='lat' dir='ltr'><strong>vel</strong></span> <span class='ocrx_word' id='word_1_257' title='bbox 1655 2167 1780 2207; x_wconf 90' lang='lat' dir='ltr'><strong>cum</strong></span> <span class='ocrx_word' id='word_1_258' title='bbox 1844 2151 2018 2208; x_wconf 87' lang='lat' dir='ltr'><strong>multo</strong></span> 
     </span>
    </p>
   </div>
   <div class='ocr_carea' id='block_1_39' title="bbox 429 2244 2021 2316">
    <p class='ocr_par' dir='ltr' id='par_1_39' title="bbox 429 2244 2021 2316">
     <span class='ocr_line' id='line_1_39' title="bbox 429 2244 2021 2316; baseline -0.004 -11"><span class='ocrx_word' id='word_1_259' title='bbox 429 2252 629 2305; x_wconf 87' lang='lat' dir='ltr'><strong>timore</strong></span> <span class='ocrx_word' id='word_1_260' title='bbox 662 2247 1056 2316; x_wconf 83' lang='lat' dir='ltr'><strong>suscipientes,</strong></span> <span class='ocrx_word' id='word_1_261' title='bbox 1089 2247 1312 2302; x_wconf 82' lang='lat' dir='ltr'><strong>assidue</strong></span> <span class='ocrx_word' id='word_1_262' title='bbox 1343 2245 1596 2315; x_wconf 73' lang='lat' dir='ltr'><strong>lugerent</strong></span> <span class='ocrx_word' id='word_1_263' title='bbox 1627 2253 1681 2298; x_wconf 89' lang='lat' dir='ltr'><strong>et</strong></span> <span class='ocrx_word' id='word_1_264' title='bbox 1708 2244 2021 2313; x_wconf 83' lang='lat' dir='ltr'><strong>cOgitarent</strong></span> 
     </span>
    </p>
   </div>
   <div class='ocr_carea' id='block_1_40' title="bbox 426 2337 2016 2409">
    <p class='ocr_par' dir='ltr' id='par_1_40' title="bbox 426 2337 2016 2409">
     <span class='ocr_line' id='line_1_40' title="bbox 426 2337 2016 2409; baseline -0.004 -10"><span class='ocrx_word' id='word_1_265' title='bbox 426 2345 497 2399; x_wconf 87' lang='lat' dir='ltr'><strong>de</strong></span> <span class='ocrx_word' id='word_1_266' title='bbox 525 2343 735 2397; x_wconf 87' lang='lat' dir='ltr'><strong>ratione</strong></span> <span class='ocrx_word' id='word_1_267' title='bbox 765 2340 1044 2397; x_wconf 82' lang='lat' dir='ltr'><strong>reddenda</strong></span> <span class='ocrx_word' id='word_1_268' title='bbox 1072 2355 1240 2409; x_wconf 86' lang='lat' dir='ltr'><strong>super</strong></span> <span class='ocrx_word' id='word_1_269' title='bbox 1270 2339 1400 2401; x_wconf 89' lang='lat' dir='ltr'><strong>illis,</strong></span> <span class='ocrx_word' id='word_1_270' title='bbox 1453 2338 1609 2407; x_wconf 77' lang='lat' dir='ltr'><strong>juxta</strong></span> <span class='ocrx_word' id='word_1_271' title='bbox 1645 2337 2016 2408; x_wconf 78' lang='lat' dir='ltr'><strong>Apostolicam</strong></span> 
     </span>
    </p>
   </div>
   <div class='ocr_carea' id='block_1_41' title="bbox 426 2427 2017 2498">
    <p class='ocr_par' dir='ltr' id='par_1_41' title="bbox 426 2427 2017 2498">
     <span class='ocr_line' id='line_1_41' title="bbox 426 2427 2017 2498; baseline -0.003 -11"><span class='ocrx_word' id='word_1_272' title='bbox 426 2430 896 2494; x_wconf 78' lang='lat' dir='ltr'><strong>exhortationem,</strong></span> <span class='ocrx_word' id='word_1_273' title='bbox 959 2439 1224 2498; x_wconf 89' lang='lat' dir='ltr'><strong>utrosque</strong></span> <span class='ocrx_word' id='word_1_274' title='bbox 1268 2433 1606 2495; x_wconf 82' lang='lat' dir='ltr'><strong>spectantem</strong></span> <span class='ocrx_word' id='word_1_275' title='bbox 1635 2427 2017 2483; x_wconf 85' lang='lat' dir='ltr'><strong>etdiceutcm:</strong></span> 
     </span>
    </p>
   </div>
   <div class='ocr_carea' id='block_1_42' title="bbox 437 2520 2020 2594">
    <p class='ocr_par' dir='ltr' id='par_1_42' title="bbox 437 2520 2020 2594">
     <span class='ocr_line' id='line_1_42' title="bbox 437 2520 2020 2594; baseline 0 -18"><span class='ocrx_word' id='word_1_276' title='bbox 437 2542 458 2576; x_wconf 80' lang='grc' dir='ltr'><strong>ι</strong></span> <span class='ocrx_word' id='word_1_277' title='bbox 487 2523 718 2580; x_wconf 85' lang='lat' dir='ltr'><strong>Obedite</strong></span> <span class='ocrx_word' id='word_1_278' title='bbox 749 2523 1060 2594; x_wconf 68' lang='lat' dir='ltr'><strong>praepositis</strong></span> <span class='ocrx_word' id='word_1_279' title='bbox 1101 2520 1322 2584; x_wconf 86' lang='lat' dir='ltr'><strong>vestris,</strong></span> <span class='ocrx_word' id='word_1_280' title='bbox 1354 2529 1411 2574; x_wconf 84' lang='lat' dir='ltr'><strong>et</strong></span> <span class='ocrx_word' id='word_1_281' title='bbox 1436 2520 1720 2590; x_wconf 78' lang='lat' dir='ltr'><strong>subjacete</strong></span> <span class='ocrx_word' id='word_1_282' title='bbox 1752 2521 1834 2575; x_wconf 90' lang='lat' dir='ltr'><strong>eis</strong></span> <span class='ocrx_word' id='word_1_283' title='bbox 1867 2537 1882 2586; x_wconf 90' lang='lat'><strong>;</strong></span> <span class='ocrx_word' id='word_1_284' title='bbox 1915 2520 2020 2588; x_wconf 86' lang='lat' dir='ltr'><strong>ipsi</strong></span> 
     </span>
    </p>
   </div>
   <div class='ocr_carea' id='block_1_43' title="bbox 427 2609 2020 2686">
    <p class='ocr_par' dir='ltr' id='par_1_43' title="bbox 427 2609 2020 2686">
     <span class='ocr_line' id='line_1_43' title="bbox 427 2609 2020 2686; baseline -0.001 -16"><span class='ocrx_word' id='word_1_285' title='bbox 427 2617 576 2671; x_wconf 69' lang='lat' dir='ltr'><strong>cutim</strong></span> <span class='ocrx_word' id='word_1_286' title='bbox 632 2615 961 2686; x_wconf 75' lang='lat' dir='ltr'><strong>pervigilant</strong></span> <span class='ocrx_word' id='word_1_287' title='bbox 1017 2612 1177 2684; x_wconf 85' lang='lat' dir='ltr'><strong>quasi</strong></span> <span class='ocrx_word' id='word_1_288' title='bbox 1235 2611 1501 2666; x_wconf 82' lang='lat' dir='ltr'><strong>rationem</strong></span> <span class='ocrx_word' id='word_1_289' title='bbox 1565 2625 1663 2680; x_wconf 90' lang='lat' dir='ltr'><strong>pro</strong></span> <span class='ocrx_word' id='word_1_290' title='bbox 1723 2609 2020 2668; x_wconf 78' lang='lat' dir='ltr'><strong>animabus</strong></span> 
     </span>
    </p>
   </div>
   <div class='ocr_carea' id='block_1_44' title="bbox 430 2706 1013 2764">
    <p class='ocr_par' dir='ltr' id='par_1_44' title="bbox 430 2706 1013 2764">
     <span class='ocr_line' id='line_1_44' title="bbox 430 2706 1013 2764; baseline -0.002 -3"><span class='ocrx_word' id='word_1_291' title='bbox 430 2709 634 2764; x_wconf 80' lang='lat' dir='ltr'><strong>vestris</strong></span> <span class='ocrx_word' id='word_1_292' title='bbox 665 2706 956 2762; x_wconf 78' lang='lat' dir='ltr'><strong>reddituri.</strong></span> <span class='ocrx_word' id='word_1_293' title='bbox 993 2725 1013 2760; x_wconf 75' lang='grc' dir='ltr'><strong>ι</strong></span> 
     </span>
    </p>
   </div>
   <div class='ocr_carea' id='block_1_45' title="bbox 2123 1969 3729 2044">
    <p class='ocr_par' dir='ltr' id='par_1_45' title="bbox 2123 1969 3729 2044">
     <span class='ocr_line' id='line_1_45' title="bbox 2123 1969 3729 2044; baseline 0.001 -20"><span class='ocrx_word' id='word_1_294' title='bbox 2123 1969 2330 2024; x_wconf 79' lang='grc' dir='ltr'><strong>δίκαιον</strong></span> <span class='ocrx_word' id='word_1_295' title='bbox 2365 1970 2631 2040; x_wconf 79' lang='grc' dir='ltr'><strong>ἀρχιερέα</strong></span> <span class='ocrx_word' id='word_1_296' title='bbox 2681 1971 2824 2037; x_wconf 73' lang='grc' dir='ltr'><strong>Ἠλὶ,</strong></span> <span class='ocrx_word' id='word_1_297' title='bbox 2886 1974 2980 2026; x_wconf 82' lang='grc' dir='ltr'><strong>καὶ</strong></span> <span class='ocrx_word' id='word_1_298' title='bbox 3040 1973 3191 2036; x_wconf 79' lang='grc' dir='ltr'><strong>ὅπως</strong></span> <span class='ocrx_word' id='word_1_299' title='bbox 3239 1973 3506 2044; x_wconf 70' lang='grc' dir='ltr'><strong>ἑκάτερος</strong></span> <span class='ocrx_word' id='word_1_300' title='bbox 3542 1971 3729 2025; x_wconf 84' lang='grc' dir='ltr'><strong>αὐτῶν</strong></span> 
     </span>
    </p>
   </div>
   <div class='ocr_carea' id='block_1_46' title="bbox 2123 2063 3728 2135">
    <p class='ocr_par' dir='ltr' id='par_1_46' title="bbox 2123 2063 3728 2135">
     <span class='ocr_line' id='line_1_46' title="bbox 2123 2063 3728 2135; baseline 0.001 -21"><span class='ocrx_word' id='word_1_301' title='bbox 2123 2063 2288 2128; x_wconf 85' lang='grc' dir='ltr'><strong>ὁσίως</strong></span> <span class='ocrx_word' id='word_1_302' title='bbox 2342 2063 2435 2116; x_wconf 75' lang='grc' dir='ltr'><strong>καὶ</strong></span> <span class='ocrx_word' id='word_1_303' title='bbox 2484 2064 2796 2133; x_wconf 74' lang='grc' dir='ltr'><strong>ἀμέμπτως</strong></span> <span class='ocrx_word' id='word_1_304' title='bbox 2834 2063 3084 2135; x_wconf 83' lang='grc' dir='ltr'><strong>βιοῦντες</strong></span> <span class='ocrx_word' id='word_1_305' title='bbox 3123 2066 3220 2120; x_wconf 82' lang='grc' dir='ltr'><strong>καὶ</strong></span> <span class='ocrx_word' id='word_1_306' title='bbox 3247 2064 3728 2135; x_wconf 79' lang='grc' dir='ltr'><strong>προστατεύοντες</strong></span> 
     </span>
    </p>
   </div>
   <div class='ocr_carea' id='block_1_47' title="bbox 2123 2153 3730 2226">
    <p class='ocr_par' dir='ltr' id='par_1_47' title="bbox 2123 2153 3730 2226">
     <span class='ocr_line' id='line_1_47' title="bbox 2123 2153 3730 2226; baseline 0.001 -19"><span class='ocrx_word' id='word_1_307' title='bbox 2123 2156 2189 2209; x_wconf 74' lang='grc' dir='ltr'><strong>ἐκ</strong></span> <span class='ocrx_word' id='word_1_308' title='bbox 2217 2156 2314 2224; x_wconf 81' lang='grc' dir='ltr'><strong>τῆς</strong></span> <span class='ocrx_word' id='word_1_309' title='bbox 2345 2153 2456 2207; x_wconf 85' lang='grc' dir='ltr'><strong>τῶν</strong></span> <span class='ocrx_word' id='word_1_310' title='bbox 2498 2156 3036 2226; x_wconf 82' lang='grc' dir='ltr'><strong>προστατευομένων</strong></span> <span class='ocrx_word' id='word_1_311' title='bbox 3071 2158 3459 2212; x_wconf 74' lang='grc' dir='ltr'><strong>ὲκινδύνευσαν</strong></span> <span class='ocrx_word' id='word_1_312' title='bbox 3495 2157 3730 2222; x_wconf 79' lang='grc' dir='ltr'><strong>κακίας,</strong></span> 
     </span>
    </p>
   </div>
   <div class='ocr_carea' id='block_1_48' title="bbox 2120 2245 3732 2320">
    <p class='ocr_par' dir='ltr' id='par_1_48' title="bbox 2120 2245 3732 2320">
     <span class='ocr_line' id='line_1_48' title="bbox 2120 2245 3732 2320; baseline 0.002 -24"><span class='ocrx_word' id='word_1_313' title='bbox 2120 2246 2223 2304; x_wconf 82' lang='grc' dir='ltr'><strong>οὐκ</strong></span> <span class='ocrx_word' id='word_1_314' title='bbox 2269 2245 2336 2299; x_wconf 77' lang='grc' dir='ltr'><strong>ἂν</strong></span> <span class='ocrx_word' id='word_1_315' title='bbox 2385 2246 2701 2300; x_wconf 70' lang='grc' dir='ltr'><strong>ἐπαύσαντο</strong></span> <span class='ocrx_word' id='word_1_316' title='bbox 2729 2245 3063 2318; x_wconf 83' lang='grc' dir='ltr'><strong>θρηνοῦντες</strong></span> <span class='ocrx_word' id='word_1_317' title='bbox 3090 2249 3187 2302; x_wconf 73' lang='grc' dir='ltr'><strong>καὶ</strong></span> <span class='ocrx_word' id='word_1_318' title='bbox 3219 2249 3537 2320; x_wconf 80' lang='grc' dir='ltr'><strong>φρίττοντες</strong></span> <span class='ocrx_word' id='word_1_319' title='bbox 3570 2247 3732 2300; x_wconf 84' lang='grc' dir='ltr'><strong>εἰκό-</strong></span> 
     </span>
    </p>
   </div>
   <div class='ocr_carea' id='block_1_49' title="bbox 2121 2339 3727 2412">
    <p class='ocr_par' dir='ltr' id='par_1_49' title="bbox 2121 2339 3727 2412">
     <span class='ocr_line' id='line_1_49' title="bbox 2121 2339 3727 2412; baseline -0.002 -18"><span class='ocrx_word' id='word_1_320' title='bbox 2121 2356 2229 2403; x_wconf 80' lang='grc' dir='ltr'><strong>τως</strong></span> <span class='ocrx_word' id='word_1_321' title='bbox 2266 2339 2362 2392; x_wconf 70' lang='grc' dir='ltr'><strong>καὶ</strong></span> <span class='ocrx_word' id='word_1_322' title='bbox 2412 2340 2514 2409; x_wconf 73' lang='grc' dir='ltr'><strong>τὴν</strong></span> <span class='ocrx_word' id='word_1_323' title='bbox 2561 2339 2768 2408; x_wconf 67' lang='grc' dir='ltr'><strong>ἐτέρων</strong></span> <span class='ocrx_word' id='word_1_324' title='bbox 2797 2341 3146 2412; x_wconf 88' lang='grc' dir='ltr'><strong>προστασίαν</strong></span> <span class='ocrx_word' id='word_1_325' title='bbox 3184 2341 3218 2412; x_wconf 75' lang='grc' dir='ltr'><strong>ἢ</strong></span> <span class='ocrx_word' id='word_1_326' title='bbox 3260 2340 3727 2412; x_wconf 80' lang='grc' dir='ltr'><strong>παραιτούμενοι,</strong></span> 
     </span>
    </p>
   </div>
   <div class='ocr_carea' id='block_1_50' title="bbox 2123 2430 3733 2504">
    <p class='ocr_par' dir='ltr' id='par_1_50' title="bbox 2123 2430 3733 2504">
     <span class='ocr_line' id='line_1_50' title="bbox 2123 2430 3733 2504; baseline -0.001 -20"><span class='ocrx_word' id='word_1_327' title='bbox 2123 2431 2158 2501; x_wconf 71' lang='grc' dir='ltr'>ἢ</span> <span class='ocrx_word' id='word_1_328' title='bbox 2195 2431 2338 2500; x_wconf 82' lang='grc' dir='ltr'><strong>μετά</strong></span> <span class='ocrx_word' id='word_1_329' title='bbox 2381 2430 2585 2485; x_wconf 80' lang='grc' dir='ltr'><strong>πολλοῦ</strong></span> <span class='ocrx_word' id='word_1_330' title='bbox 2615 2431 2786 2500; x_wconf 78' lang='grc' dir='ltr'><strong>φόϐου</strong></span> <span class='ocrx_word' id='word_1_331' title='bbox 2817 2433 2914 2486; x_wconf 80' lang='grc' dir='ltr'><strong>καὶ</strong></span> <span class='ocrx_word' id='word_1_332' title='bbox 2945 2434 3156 2504; x_wconf 82' lang='grc' dir='ltr'><strong>τρόμου</strong></span> <span class='ocrx_word' id='word_1_333' title='bbox 3187 2433 3581 2504; x_wconf 77' lang='grc' dir='ltr'><strong>καθηγεῖσθαι,</strong></span> <span class='ocrx_word' id='word_1_334' title='bbox 3628 2431 3733 2484; x_wconf 79' lang='grc' dir='ltr'><strong>καὶ</strong></span> 
     </span>
    </p>
   </div>
   <div class='ocr_carea' id='block_1_51' title="bbox 2121 2522 3736 2598">
    <p class='ocr_par' dir='ltr' id='par_1_51' title="bbox 2121 2522 3736 2598">
     <span class='ocr_line' id='line_1_51' title="bbox 2121 2522 3736 2598; baseline -0.001 -22"><span class='ocrx_word' id='word_1_335' title='bbox 2121 2522 2390 2594; x_wconf 82' lang='grc' dir='ltr'><strong>διηνεκῶς</strong></span> <span class='ocrx_word' id='word_1_336' title='bbox 2449 2524 2673 2577; x_wconf 76' lang='grc' dir='ltr'><strong>πενθεῖν</strong></span> <span class='ocrx_word' id='word_1_337' title='bbox 2709 2526 2806 2579; x_wconf 75' lang='grc' dir='ltr'><strong>καὶ</strong></span> <span class='ocrx_word' id='word_1_338' title='bbox 2855 2527 3166 2597; x_wconf 75' lang='grc' dir='ltr'><strong>φροντίζειν</strong></span> <span class='ocrx_word' id='word_1_339' title='bbox 3195 2527 3454 2598; x_wconf 77' lang='grc' dir='ltr'><strong>περὶτῆς</strong></span> <span class='ocrx_word' id='word_1_340' title='bbox 3495 2523 3736 2578; x_wconf 68' lang='grc' dir='ltr'><strong>ἐκείνων</strong></span> 
     </span>
    </p>
   </div>
   <div class='ocr_carea' id='block_1_52' title="bbox 2123 2612 3735 2687">
    <p class='ocr_par' dir='ltr' id='par_1_52' title="bbox 2123 2612 3735 2687">
     <span class='ocr_line' id='line_1_52' title="bbox 2123 2612 3735 2687; baseline -0.001 -21"><span class='ocrx_word' id='word_1_341' title='bbox 2123 2612 2426 2682; x_wconf 78' lang='grc' dir='ltr'><strong>ἀπολογίας</strong></span> <span class='ocrx_word' id='word_1_342' title='bbox 2465 2615 2610 2668; x_wconf 85' lang='grc' dir='ltr'><strong>κατά</strong></span> <span class='ocrx_word' id='word_1_343' title='bbox 2630 2616 2732 2685; x_wconf 71' lang='grc' dir='ltr'><strong>τὴν</strong></span> <span class='ocrx_word' id='word_1_344' title='bbox 2760 2617 2894 2686; x_wconf 75' lang='grc' dir='ltr'><strong>περὶ</strong></span> <span class='ocrx_word' id='word_1_345' title='bbox 2921 2617 3032 2670; x_wconf 82' lang='grc' dir='ltr'><strong>τῶν</strong></span> <span class='ocrx_word' id='word_1_346' title='bbox 3067 2617 3402 2687; x_wconf 75' lang='grc' dir='ltr'><strong>ἀμφοτέρων</strong></span> <span class='ocrx_word' id='word_1_347' title='bbox 3431 2613 3735 2669; x_wconf 82' lang='grc' dir='ltr'><strong>ἀποστολι-</strong></span> 
     </span>
    </p>
   </div>
   <div class='ocr_carea' id='block_1_53' title="bbox 2125 2706 3730 2781">
    <p class='ocr_par' dir='ltr' id='par_1_53' title="bbox 2125 2706 3730 2781">
     <span class='ocr_line' id='line_1_53' title="bbox 2125 2706 3730 2781; baseline -0.002 -19"><span class='ocrx_word' id='word_1_348' title='bbox 2125 2707 2230 2778; x_wconf 82' lang='grc' dir='ltr'><strong>κὴν</strong></span> <span class='ocrx_word' id='word_1_349' title='bbox 2283 2710 2616 2780; x_wconf 81' lang='grc' dir='ltr'><strong>παραίνεσιν</strong></span> <span class='ocrx_word' id='word_1_350' title='bbox 2659 2708 2760 2781; x_wconf 78' lang='grc' dir='ltr'><strong>τὴν</strong></span> <span class='ocrx_word' id='word_1_351' title='bbox 2811 2709 3084 2778; x_wconf 79' lang='grc' dir='ltr'><strong>λέγουσαν</strong></span> <span class='ocrx_word' id='word_1_352' title='bbox 3101 2711 3146 2743; x_wconf 76' lang='grc'><strong>⁵⁷</strong></span> <span class='ocrx_word' id='word_1_353' title='bbox 3173 2725 3187 2740; x_wconf 75' lang='grc' dir='ltr'><strong>ο</strong></span> <span class='ocrx_word' id='word_1_354' title='bbox 3229 2728 3249 2762; x_wconf 82' lang='grc' dir='ltr'><strong>ι</strong></span> <span class='ocrx_word' id='word_1_355' title='bbox 3301 2707 3564 2763; x_wconf 81' lang='grc' dir='ltr'><strong>Πείθεσθε</strong></span> <span class='ocrx_word' id='word_1_356' title='bbox 3606 2706 3730 2770; x_wconf 78' lang='grc' dir='ltr'><strong>τοῖς</strong></span> 
     </span>
    </p>
   </div>
   <div class='ocr_carea' id='block_1_54' title="bbox 429 2799 3615 2875">
    <p class='ocr_par' dir='ltr' id='par_1_54' title="bbox 429 2799 3615 2875">
     <span class='ocr_line' id='line_1_54' title="bbox 429 2799 3615 2875; baseline -0.002 -18"><span class='ocrx_word' id='word_1_357' title='bbox 429 2801 758 2875; x_wconf 71' lang='grc' dir='ltr'><strong>ἡγουμάνοις</strong></span> <span class='ocrx_word' id='word_1_358' title='bbox 792 2802 945 2874; x_wconf 83' lang='grc' dir='ltr'><strong>ὑμῶν</strong></span> <span class='ocrx_word' id='word_1_359' title='bbox 967 2799 1064 2857; x_wconf 74' lang='grc' dir='ltr'><strong>καὶ</strong></span> <span class='ocrx_word' id='word_1_360' title='bbox 1085 2800 1343 2854; x_wconf 80' lang='grc' dir='ltr'><strong>ὑπείκετε</strong></span> <span class='ocrx_word' id='word_1_361' title='bbox 1361 2815 1374 2830; x_wconf 89' lang='grc'><strong>·</strong></span> <span class='ocrx_word' id='word_1_362' title='bbox 1417 2799 1574 2856; x_wconf 72' lang='grc' dir='ltr'><strong>αὐτοὶ</strong></span> <span class='ocrx_word' id='word_1_363' title='bbox 1602 2799 1709 2871; x_wconf 79' lang='grc' dir='ltr'><strong>γὰρ</strong></span> <span class='ocrx_word' id='word_1_364' title='bbox 1739 2800 2116 2872; x_wconf 76' lang='grc' dir='ltr'><strong>ἀγρυπνοῦσιν</strong></span> <span class='ocrx_word' id='word_1_365' title='bbox 2145 2801 2288 2873; x_wconf 71' lang='grc' dir='ltr'><strong>ὑπὲρ</strong></span> <span class='ocrx_word' id='word_1_366' title='bbox 2313 2801 2426 2857; x_wconf 83' lang='grc' dir='ltr'><strong>τῶν</strong></span> <span class='ocrx_word' id='word_1_367' title='bbox 2457 2801 2652 2875; x_wconf 82' lang='grc' dir='ltr'><strong>ψυχῶν</strong></span> <span class='ocrx_word' id='word_1_368' title='bbox 2680 2803 2836 2875; x_wconf 78' lang='grc' dir='ltr'><strong>ὑμῶν</strong></span> <span class='ocrx_word' id='word_1_369' title='bbox 2866 2803 2944 2868; x_wconf 80' lang='grc' dir='ltr'><strong>ὡς</strong></span> <span class='ocrx_word' id='word_1_370' title='bbox 2963 2804 3123 2873; x_wconf 86' lang='grc' dir='ltr'><strong>λόγον</strong></span> <span class='ocrx_word' id='word_1_371' title='bbox 3152 2803 3557 2864; x_wconf 80' lang='grc' dir='ltr'><strong>ἀποδώσοντες.</strong></span> <span class='ocrx_word' id='word_1_372' title='bbox 3593 2817 3615 2851; x_wconf 75' lang='grc' dir='ltr'><strong>ι</strong></span> 
     </span>
    </p>
   </div>
   <div class='ocr_carea' id='block_1_55' title="bbox 505 2979 2010 3056">
    <p class='ocr_par' dir='ltr' id='par_1_55' title="bbox 505 2979 2010 3056">
     <span class='ocr_line' id='line_1_55' title="bbox 505 2979 2010 3056; baseline -0.002 -16"><span class='ocrx_word' id='word_1_373' title='bbox 505 2983 672 3056; x_wconf 81' lang='lat' dir='ltr'><strong>Atqui</strong></span> <span class='ocrx_word' id='word_1_374' title='bbox 707 2981 754 3040; x_wconf 89' lang='lat' dir='ltr'><strong>si</strong></span> <span class='ocrx_word' id='word_1_375' title='bbox 783 2983 916 3039; x_wconf 82' lang='lat' dir='ltr'><strong>tales</strong></span> <span class='ocrx_word' id='word_1_376' title='bbox 972 2990 1030 3036; x_wconf 88' lang='lat' dir='ltr'><strong>ct</strong></span> <span class='ocrx_word' id='word_1_377' title='bbox 1085 2980 1221 3036; x_wconf 90' lang='lat' dir='ltr'><strong>tanti</strong></span> <span class='ocrx_word' id='word_1_378' title='bbox 1267 2979 1598 3050; x_wconf 88' lang='lat' dir='ltr'><strong>populorum</strong></span> <span class='ocrx_word' id='word_1_379' title='bbox 1642 2989 1888 3037; x_wconf 84' lang='lat' dir='ltr'><strong>rectores</strong></span> <span class='ocrx_word' id='word_1_380' title='bbox 1935 2980 2010 3036; x_wconf 87' lang='lat' dir='ltr'><strong>ob</strong></span> 
     </span>
    </p>
   </div>
   <div class='ocr_carea' id='block_1_56' title="bbox 433 3074 2024 3144">
    <p class='ocr_par' dir='ltr' id='par_1_56' title="bbox 433 3074 2024 3144">
     <span class='ocr_line' id='line_1_56' title="bbox 433 3074 2024 3144; baseline -0.002 -12"><span class='ocrx_word' id='word_1_381' title='bbox 433 3078 700 3133; x_wconf 78' lang='lat' dir='ltr'><strong>malitiam</strong></span> <span class='ocrx_word' id='word_1_382' title='bbox 775 3076 1151 3138; x_wconf 74' lang='lat' dir='ltr'><strong>subditorum,</strong></span> <span class='ocrx_word' id='word_1_383' title='bbox 1222 3085 1281 3128; x_wconf 91' lang='lat' dir='ltr'><strong>ut</strong></span> <span class='ocrx_word' id='word_1_384' title='bbox 1331 3075 1536 3129; x_wconf 88' lang='lat' dir='ltr'><strong>dictum</strong></span> <span class='ocrx_word' id='word_1_385' title='bbox 1581 3083 1688 3139; x_wconf 89' lang='lat' dir='ltr'><strong>est,</strong></span> <span class='ocrx_word' id='word_1_386' title='bbox 1734 3074 2024 3144; x_wconf 86' lang='lat' dir='ltr'><strong>periclitati</strong></span> 
     </span>
    </p>
   </div>
   <div class='ocr_carea' id='block_1_57' title="bbox 2205 2980 3726 3055">
    <p class='ocr_par' dir='ltr' id='par_1_57' title="bbox 2205 2980 3726 3055">
     <span class='ocr_line' id='line_1_57' title="bbox 2205 2980 3726 3055; baseline -0.002 -19"><span class='ocrx_word' id='word_1_387' title='bbox 2205 2981 2283 3054; x_wconf 87' lang='lat'><strong>(7)</strong></span> <span class='ocrx_word' id='word_1_388' title='bbox 2319 2983 2381 3037; x_wconf 84' lang='grc' dir='ltr'><strong>Εί</strong></span> <span class='ocrx_word' id='word_1_389' title='bbox 2409 2982 2594 3038; x_wconf 91' lang='grc' dir='ltr'><strong>τοίνυν</strong></span> <span class='ocrx_word' id='word_1_390' title='bbox 2620 2985 2670 3038; x_wconf 92' lang='grc' dir='ltr'><strong>οί</strong></span> <span class='ocrx_word' id='word_1_391' title='bbox 2699 2982 2934 3038; x_wconf 90' lang='grc' dir='ltr'><strong>τοιοῦτοι</strong></span> <span class='ocrx_word' id='word_1_392' title='bbox 2970 2984 3066 3038; x_wconf 74' lang='grc' dir='ltr'><strong>καὶ</strong></span> <span class='ocrx_word' id='word_1_393' title='bbox 3113 2980 3426 3055; x_wconf 76' lang='grc' dir='ltr'><strong>τηλικοῦτοι</strong></span> <span class='ocrx_word' id='word_1_394' title='bbox 3463 2981 3726 3051; x_wconf 78' lang='grc' dir='ltr'><strong>καθηγηο</strong></span> 
     </span>
    </p>
   </div>
   <div class='ocr_carea' id='block_1_58' title="bbox 2131 3072 3732 3147">
    <p class='ocr_par' dir='ltr' id='par_1_58' title="bbox 2131 3072 3732 3147">
     <span class='ocr_line' id='line_1_58' title="bbox 2131 3072 3732 3147; baseline -0.002 -18"><span class='ocrx_word' id='word_1_395' title='bbox 2131 3075 2223 3130; x_wconf 78' lang='grc' dir='ltr'><strong>ταὶ</strong></span> <span class='ocrx_word' id='word_1_396' title='bbox 2247 3073 2337 3129; x_wconf 79' lang='grc' dir='ltr'><strong>διὰ</strong></span> <span class='ocrx_word' id='word_1_397' title='bbox 2365 3074 2466 3145; x_wconf 81' lang='grc' dir='ltr'><strong>τὴν</strong></span> <span class='ocrx_word' id='word_1_398' title='bbox 2519 3075 2631 3129; x_wconf 85' lang='grc' dir='ltr'><strong>τῶν</strong></span> <span class='ocrx_word' id='word_1_399' title='bbox 2684 3075 3121 3147; x_wconf 71' lang='grc' dir='ltr'><strong>καθηγουμινων</strong></span> <span class='ocrx_word' id='word_1_400' title='bbox 3153 3073 3486 3147; x_wconf 80' lang='grc' dir='ltr'><strong>ὑποχειρίων</strong></span> <span class='ocrx_word' id='word_1_401' title='bbox 3515 3072 3732 3126; x_wconf 64' lang='lat' dir='ltr'><strong>imas-</strong></span> 
     </span>
    </p>
   </div>
   <div class='ocr_carea' id='block_1_59' title="bbox 435 3149 2026 3242">
    <p class='ocr_par' dir='ltr' id='par_1_59' title="bbox 435 3167 2026 3242">
     <span class='ocr_line' id='line_1_59' title="bbox 435 3167 2026 3242; baseline -0.002 -15"><span class='ocrx_word' id='word_1_402' title='bbox 435 3180 587 3238; x_wconf 83' lang='lat' dir='ltr'><strong>sunt,</strong></span> <span class='ocrx_word' id='word_1_403' title='bbox 617 3173 746 3242; x_wconf 83' lang='lat' dir='ltr'><strong>quis</strong></span> <span class='ocrx_word' id='word_1_404' title='bbox 771 3170 986 3240; x_wconf 85' lang='lat' dir='ltr'><strong>magnis</strong></span> <span class='ocrx_word' id='word_1_405' title='bbox 1009 3178 1066 3224; x_wconf 90' lang='lat' dir='ltr'><strong>et</strong></span> <span class='ocrx_word' id='word_1_406' title='bbox 1097 3169 1258 3224; x_wconf 84' lang='lat' dir='ltr'><strong>vanis</strong></span> <span class='ocrx_word' id='word_1_407' title='bbox 1300 3168 1651 3224; x_wconf 86' lang='lat' dir='ltr'><strong>sermonibus</strong></span> <span class='ocrx_word' id='word_1_408' title='bbox 1673 3167 1949 3238; x_wconf 86' lang='lat' dir='ltr'><strong>jactitabit</strong></span> <span class='ocrx_word' id='word_1_409' title='bbox 1967 3182 2026 3224; x_wconf 88' lang='lat' dir='ltr'><strong>se</strong></span> 
     </span>
    </p>
   </div>
   <div class='ocr_carea' id='block_1_60' title="bbox 2127 3149 3738 3242">
    <p class='ocr_par' dir='ltr' id='par_1_60' title="bbox 2129 3164 3738 3240">
     <span class='ocr_line' id='line_1_60' title="bbox 2129 3164 3738 3240; baseline -0.004 -17"><span class='ocrx_word' id='word_1_410' title='bbox 2129 3185 2355 3234; x_wconf 85' lang='grc' dir='ltr'><strong>νευσαν,</strong></span> <span class='ocrx_word' id='word_1_411' title='bbox 2383 3167 2460 3231; x_wconf 86' lang='grc' dir='ltr'><strong>ὡς</strong></span> <span class='ocrx_word' id='word_1_412' title='bbox 2491 3168 2844 3240; x_wconf 81' lang='grc' dir='ltr'><strong>προείρηται,</strong></span> <span class='ocrx_word' id='word_1_413' title='bbox 2886 3168 3217 3239; x_wconf 83' lang='grc' dir='ltr'><strong>μοχθηρίαν,</strong></span> <span class='ocrx_word' id='word_1_414' title='bbox 3269 3166 3356 3231; x_wconf 88' lang='grc' dir='ltr'><strong>τίς</strong></span> <span class='ocrx_word' id='word_1_415' title='bbox 3413 3165 3555 3235; x_wconf 75' lang='grc' dir='ltr'><strong>ὑπὲρ</strong></span> <span class='ocrx_word' id='word_1_416' title='bbox 3604 3164 3738 3218; x_wconf 78' lang='grc' dir='ltr'><strong>τού-</strong></span> 
     </span>
    </p>
   </div>
   <div class='ocr_carea' id='block_1_61' title="bbox 433 3260 2022 3333">
    <p class='ocr_par' dir='ltr' id='par_1_61' title="bbox 433 3260 2022 3333">
     <span class='ocr_line' id='line_1_61' title="bbox 433 3260 2022 3333; baseline -0.004 -14"><span class='ocrx_word' id='word_1_417' title='bbox 433 3273 589 3319; x_wconf 77' lang='lat' dir='ltr'><strong>extra</strong></span> <span class='ocrx_word' id='word_1_418' title='bbox 617 3264 928 3333; x_wconf 76' lang='lat' dir='ltr'><strong>periculum</strong></span> <span class='ocrx_word' id='word_1_419' title='bbox 964 3263 1103 3317; x_wconf 86' lang='lat' dir='ltr'><strong>alios</strong></span> <span class='ocrx_word' id='word_1_420' title='bbox 1137 3274 1347 3330; x_wconf 86' lang='lat' dir='ltr'><strong>regere,</strong></span> <span class='ocrx_word' id='word_1_421' title='bbox 1375 3260 1582 3316; x_wconf 89' lang='lat' dir='ltr'><strong>oblitus</strong></span> <span class='ocrx_word' id='word_1_422' title='bbox 1609 3260 1839 3323; x_wconf 80' lang='lat' dir='ltr'><strong>mullos,</strong></span> <span class='ocrx_word' id='word_1_423' title='bbox 1892 3260 2022 3314; x_wconf 87' lang='lat' dir='ltr'><strong>dum</strong></span> 
     </span>
    </p>
   </div>
   <div class='ocr_carea' id='block_1_62' title="bbox 447 3351 2030 3416">
    <p class='ocr_par' dir='ltr' id='par_1_62' title="bbox 447 3351 2030 3416">
     <span class='ocr_line' id='line_1_62' title="bbox 447 3351 2030 3416; baseline 0 -8"><span class='ocrx_word' id='word_1_424' title='bbox 447 3357 590 3410; x_wconf 58' lang='lat' dir='ltr'><strong>ultra</strong></span> <span class='ocrx_word' id='word_1_425' title='bbox 621 3355 768 3410; x_wconf 81' lang='lat' dir='ltr'><strong>vires</strong></span> <span class='ocrx_word' id='word_1_426' title='bbox 791 3369 944 3416; x_wconf 84' lang='lat' dir='ltr'><strong>suas,</strong></span> <span class='ocrx_word' id='word_1_427' title='bbox 965 3354 1166 3409; x_wconf 89' lang='lat' dir='ltr'><strong>multos</strong></span> <span class='ocrx_word' id='word_1_428' title='bbox 1219 3351 1512 3410; x_wconf 81' lang='lat' dir='ltr'><strong>interiores</strong></span> <span class='ocrx_word' id='word_1_429' title='bbox 1566 3361 1621 3408; x_wconf 89' lang='lat' dir='ltr'><strong>et</strong></span> <span class='ocrx_word' id='word_1_430' title='bbox 1673 3363 2030 3408; x_wconf 86' lang='lat' dir='ltr'><strong>contumaces</strong></span> 
     </span>
    </p>
   </div>
   <div class='ocr_carea' id='block_1_63' title="bbox 435 3444 2027 3515">
    <p class='ocr_par' dir='ltr' id='par_1_63' title="bbox 435 3444 2027 3515">
     <span class='ocr_line' id='line_1_63' title="bbox 435 3444 2027 3515; baseline -0.004 -10"><span class='ocrx_word' id='word_1_431' title='bbox 435 3448 648 3505; x_wconf 82' lang='lat' dir='ltr'><strong>salvare</strong></span> <span class='ocrx_word' id='word_1_432' title='bbox 679 3455 976 3511; x_wconf 85' lang='lat' dir='ltr'><strong>tentarent,</strong></span> <span class='ocrx_word' id='word_1_433' title='bbox 1004 3448 1217 3515; x_wconf 87' lang='lat' dir='ltr'><strong>seipsos</strong></span> <span class='ocrx_word' id='word_1_434' title='bbox 1245 3460 1370 3502; x_wconf 87' lang='lat' dir='ltr'><strong>esse</strong></span> <span class='ocrx_word' id='word_1_435' title='bbox 1405 3445 1855 3515; x_wconf 89' lang='lat' dir='ltr'><strong>perditos,—bei</strong></span> <span class='ocrx_word' id='word_1_436' title='bbox 1893 3444 2027 3500; x_wconf 78' lang='lat' dir='ltr'><strong>milii</strong></span> 
     </span>
    </p>
   </div>
   <div class='ocr_carea' id='block_1_64' title="bbox 435 3536 2028 3607">
    <p class='ocr_par' dir='ltr' id='par_1_64' title="bbox 435 3536 2028 3607">
     <span class='ocr_line' id='line_1_64' title="bbox 435 3536 2028 3607; baseline -0.002 -13"><span class='ocrx_word' id='word_1_437' title='bbox 435 3541 644 3595; x_wconf 86' lang='lat' dir='ltr'><strong>misero</strong></span> <span class='ocrx_word' id='word_1_438' title='bbox 672 3539 686 3594; x_wconf 73' lang='grc' dir='ltr'><strong>ἓ</strong></span> <span class='ocrx_word' id='word_1_439' title='bbox 717 3566 788 3579; x_wconf 89' lang='grc'><strong>-</strong></span> <span class='ocrx_word' id='word_1_440' title='bbox 811 3537 1114 3607; x_wconf 82' lang='lat' dir='ltr'><strong>aliquando</strong></span> <span class='ocrx_word' id='word_1_441' title='bbox 1141 3537 1304 3592; x_wconf 90' lang='lat' dir='ltr'><strong>etiam</strong></span> <span class='ocrx_word' id='word_1_442' title='bbox 1341 3536 1658 3606; x_wconf 82' lang='lat' dir='ltr'><strong>turpissime</strong></span> <span class='ocrx_word' id='word_1_443' title='bbox 1704 3547 1756 3590; x_wconf 88' lang='lat' dir='ltr'><strong>et</strong></span> <span class='ocrx_word' id='word_1_444' title='bbox 1789 3537 2028 3606; x_wconf 79' lang='lat' dir='ltr'><strong>pessime</strong></span> 
     </span>
    </p>
   </div>
   <div class='ocr_carea' id='block_1_65' title="bbox 435 3626 2026 3697">
    <p class='ocr_par' dir='ltr' id='par_1_65' title="bbox 435 3626 2026 3697">
     <span class='ocr_line' id='line_1_65' title="bbox 435 3626 2026 3697; baseline -0.003 -12"><span class='ocrx_word' id='word_1_445' title='bbox 435 3629 721 3686; x_wconf 76' lang='lat' dir='ltr'><strong>viventes?</strong></span> <span class='ocrx_word' id='word_1_446' title='bbox 749 3627 846 3683; x_wconf 84' lang='lat' dir='ltr'><strong>Vir</strong></span> <span class='ocrx_word' id='word_1_447' title='bbox 869 3630 1014 3684; x_wconf 91' lang='lat' dir='ltr'><strong>enim</strong></span> <span class='ocrx_word' id='word_1_448' title='bbox 1047 3637 1274 3683; x_wconf 88' lang='lat' dir='ltr'><strong>sanctus</strong></span> <span class='ocrx_word' id='word_1_449' title='bbox 1306 3629 1508 3697; x_wconf 87' lang='lat' dir='ltr'><strong>aliquis</strong></span> <span class='ocrx_word' id='word_1_450' title='bbox 1535 3628 1715 3681; x_wconf 78' lang='lat' dir='ltr'><strong>dixit:</strong></span> <span class='ocrx_word' id='word_1_451' title='bbox 1756 3646 1774 3678; x_wconf 81' lang='grc' dir='ltr'><strong>ι</strong></span> <span class='ocrx_word' id='word_1_452' title='bbox 1811 3626 1931 3682; x_wconf 82' lang='lat' dir='ltr'><strong>Non</strong></span> <span class='ocrx_word' id='word_1_453' title='bbox 1956 3628 2026 3682; x_wconf 88' lang='lat' dir='ltr'><strong>ab</strong></span> 
     </span>
    </p>
   </div>
   <div class='ocr_carea' id='block_1_66' title="bbox 436 3718 2026 3790">
    <p class='ocr_par' dir='ltr' id='par_1_66' title="bbox 436 3718 2026 3790">
     <span class='ocr_line' id='line_1_66' title="bbox 436 3718 2026 3790; baseline -0.003 -12"><span class='ocrx_word' id='word_1_454' title='bbox 436 3721 699 3778; x_wconf 71' lang='lat' dir='ltr'><strong>euntibus</strong></span> <span class='ocrx_word' id='word_1_455' title='bbox 734 3721 895 3776; x_wconf 87' lang='lat' dir='ltr'><strong>nobis</strong></span> <span class='ocrx_word' id='word_1_456' title='bbox 945 3719 1224 3790; x_wconf 80' lang='lat' dir='ltr'><strong>expetitur</strong></span> <span class='ocrx_word' id='word_1_457' title='bbox 1252 3728 1310 3776; x_wconf 88' lang='lat' dir='ltr'><strong>ut</strong></span> <span class='ocrx_word' id='word_1_458' title='bbox 1339 3719 1618 3774; x_wconf 88' lang='lat' dir='ltr'><strong>salvemus</strong></span> <span class='ocrx_word' id='word_1_459' title='bbox 1648 3718 1807 3786; x_wconf 84' lang='lat' dir='ltr'><strong>alios,</strong></span> <span class='ocrx_word' id='word_1_460' title='bbox 1833 3719 1925 3774; x_wconf 90' lang='lat' dir='ltr'><strong>sed</strong></span> <span class='ocrx_word' id='word_1_461' title='bbox 1958 3719 2026 3773; x_wconf 88' lang='lat' dir='ltr'><strong>ab</strong></span> 
     </span>
    </p>
   </div>
   <div class='ocr_carea' id='block_1_67' title="bbox 443 3810 2026 3882">
    <p class='ocr_par' dir='ltr' id='par_1_67' title="bbox 443 3810 2026 3882">
     <span class='ocr_line' id='line_1_67' title="bbox 443 3810 2026 3882; baseline -0.003 -14"><span class='ocrx_word' id='word_1_462' title='bbox 443 3814 700 3869; x_wconf 84' lang='lat' dir='ltr'><strong>omnibus</strong></span> <span class='ocrx_word' id='word_1_463' title='bbox 779 3823 840 3867; x_wconf 92' lang='lat' dir='ltr'><strong>ut</strong></span> <span class='ocrx_word' id='word_1_464' title='bbox 915 3811 1329 3882; x_wconf 86' lang='lat' dir='ltr'><strong>nosmetipsos;</strong></span> <span class='ocrx_word' id='word_1_465' title='bbox 1381 3815 1526 3864; x_wconf 89' lang='lat' dir='ltr'><strong>unde</strong></span> <span class='ocrx_word' id='word_1_466' title='bbox 1597 3810 1873 3881; x_wconf 87' lang='lat' dir='ltr'><strong>discipulo</strong></span> <span class='ocrx_word' id='word_1_467' title='bbox 1926 3825 2026 3864; x_wconf 89' lang='lat' dir='ltr'><strong>suo</strong></span> 
     </span>
    </p>
   </div>
   <div class='ocr_carea' id='block_1_68' title="bbox 432 3903 2022 3974">
    <p class='ocr_par' dir='ltr' id='par_1_68' title="bbox 432 3903 2022 3974">
     <span class='ocr_line' id='line_1_68' title="bbox 432 3903 2022 3974; baseline -0.006 -13"><span class='ocrx_word' id='word_1_468' title='bbox 432 3904 875 3974; x_wconf 79' lang='lat' dir='ltr'><strong>Cliristopborus</strong></span> <span class='ocrx_word' id='word_1_469' title='bbox 903 3913 1013 3958; x_wconf 90' lang='lat' dir='ltr'><strong>tam</strong></span> <span class='ocrx_word' id='word_1_470' title='bbox 1065 3903 1216 3973; x_wconf 84' lang='lat' dir='ltr'><strong>gravi</strong></span> <span class='ocrx_word' id='word_1_471' title='bbox 1248 3915 1416 3972; x_wconf 87' lang='lat' dir='ltr'><strong>opere</strong></span> <span class='ocrx_word' id='word_1_472' title='bbox 1463 3909 1519 3956; x_wconf 91' lang='lat' dir='ltr'><strong>et</strong></span> <span class='ocrx_word' id='word_1_473' title='bbox 1578 3915 1834 3954; x_wconf 87' lang='lat' dir='ltr'><strong>sermone</strong></span> <span class='ocrx_word' id='word_1_474' title='bbox 1888 3915 2022 3968; x_wconf 70' lang='lat' dir='ltr'><strong>prae-</strong></span> 
     </span>
    </p>
   </div>
   <div class='ocr_carea' id='block_1_69' title="bbox 433 3987 2024 4068">
    <p class='ocr_par' dir='ltr' id='par_1_69' title="bbox 433 3987 2024 4068">
     <span class='ocr_line' id='line_1_69' title="bbox 433 3987 2024 4068; baseline -0.006 -18"><span class='ocrx_word' id='word_1_475' title='bbox 433 3996 652 4068; x_wconf 87' lang='lat' dir='ltr'><strong>cipiens</strong></span> <span class='ocrx_word' id='word_1_476' title='bbox 679 3993 1136 4050; x_wconf 87' lang='lat' dir='ltr'><strong>consolabundus</strong></span> <span class='ocrx_word' id='word_1_477' title='bbox 1172 3991 1389 4046; x_wconf 88' lang='lat' dir='ltr'><strong>dicebat</strong></span> <span class='ocrx_word' id='word_1_478' title='bbox 1423 4007 1436 4044; x_wconf 91' lang='lat'><strong>:</strong></span> <span class='ocrx_word' id='word_1_479' title='bbox 1470 4009 1488 4040; x_wconf 79' lang='grc' dir='ltr'><strong>ι</strong></span> <span class='ocrx_word' id='word_1_480' title='bbox 1533 3987 1614 4044; x_wconf 85' lang='lat' dir='ltr'><strong>Ne</strong></span> <span class='ocrx_word' id='word_1_481' title='bbox 1647 3989 2024 4044; x_wconf 89' lang='lat' dir='ltr'><strong>communica-</strong></span> 
     </span>
    </p>
   </div>
   <div class='ocr_carea' id='block_1_70' title="bbox 435 4081 2019 4158">
    <p class='ocr_par' dir='ltr' id='par_1_70' title="bbox 435 4081 2019 4158">
     <span class='ocr_line' id='line_1_70' title="bbox 435 4081 2019 4158; baseline -0.008 -14"><span class='ocrx_word' id='word_1_482' title='bbox 435 4090 583 4144; x_wconf 85' lang='lat' dir='ltr'><strong>veris</strong></span> <span class='ocrx_word' id='word_1_483' title='bbox 613 4088 854 4158; x_wconf 88' lang='lat' dir='ltr'><strong>peccatis</strong></span> <span class='ocrx_word' id='word_1_484' title='bbox 887 4087 1106 4142; x_wconf 88' lang='lat' dir='ltr'><strong>alienis.</strong></span> <span class='ocrx_word' id='word_1_485' title='bbox 1142 4083 1220 4138; x_wconf 91' lang='lat' dir='ltr'><strong>Te</strong></span> <span class='ocrx_word' id='word_1_486' title='bbox 1244 4083 1424 4154; x_wconf 89' lang='lat' dir='ltr'><strong>ipsum</strong></span> <span class='ocrx_word' id='word_1_487' title='bbox 1475 4093 1686 4137; x_wconf 83' lang='lat' dir='ltr'><strong>castum</strong></span> <span class='ocrx_word' id='word_1_488' title='bbox 1720 4081 1962 4146; x_wconf 86' lang='lat' dir='ltr'><strong>custodi,</strong></span> <span class='ocrx_word' id='word_1_489' title='bbox 2001 4099 2019 4132; x_wconf 74' lang='grc' dir='ltr'><strong>ι</strong></span> 
     </span>
    </p>
   </div>
   <div class='ocr_carea' id='block_1_71' title="bbox 435 4172 2023 4254">
    <p class='ocr_par' dir='ltr' id='par_1_71' title="bbox 435 4172 2023 4254">
     <span class='ocr_line' id='line_1_71' title="bbox 435 4172 2023 4254; baseline -0.006 -15"><span class='ocrx_word' id='word_1_490' title='bbox 435 4183 566 4254; x_wconf 86' lang='lat' dir='ltr'><strong>quia</strong></span> <span class='ocrx_word' id='word_1_491' title='bbox 600 4197 701 4252; x_wconf 89' lang='lat' dir='ltr'><strong>pro</strong></span> <span class='ocrx_word' id='word_1_492' title='bbox 733 4181 1027 4249; x_wconf 80' lang='lat' dir='ltr'><strong>temetipso</strong></span> <span class='ocrx_word' id='word_1_493' title='bbox 1059 4179 1330 4233; x_wconf 84' lang='lat' dir='ltr'><strong>rationem</strong></span> <span class='ocrx_word' id='word_1_494' title='bbox 1362 4176 1475 4230; x_wconf 92' lang='lat' dir='ltr'><strong>Deo</strong></span> <span class='ocrx_word' id='word_1_495' title='bbox 1523 4174 1742 4230; x_wconf 87' lang='lat' dir='ltr'><strong>reddes.</strong></span> <span class='ocrx_word' id='word_1_496' title='bbox 1802 4172 2023 4244; x_wconf 90' lang='lat' dir='ltr'><strong>Optimo</strong></span> 
     </span>
    </p>
   </div>
   <div class='ocr_carea' id='block_1_72' title="bbox 433 4265 2021 4342">
    <p class='ocr_par' dir='ltr' id='par_1_72' title="bbox 433 4265 2021 4342">
     <span class='ocr_line' id='line_1_72' title="bbox 433 4265 2021 4342; baseline -0.005 -14"><span class='ocrx_word' id='word_1_497' title='bbox 433 4274 558 4342; x_wconf 77' lang='lat' dir='ltr'><strong>iure</strong></span> <span class='ocrx_word' id='word_1_498' title='bbox 589 4273 706 4327; x_wconf 66' lang='lat' dir='ltr'><strong>lia&#39;c</strong></span> <span class='ocrx_word' id='word_1_499' title='bbox 734 4273 951 4327; x_wconf 90' lang='lat' dir='ltr'><strong>locutus</strong></span> <span class='ocrx_word' id='word_1_500' title='bbox 973 4283 1056 4326; x_wconf 90' lang='lat' dir='ltr'><strong>cst</strong></span> <span class='ocrx_word' id='word_1_501' title='bbox 1090 4283 1143 4326; x_wconf 90' lang='lat' dir='ltr'><strong>et</strong></span> <span class='ocrx_word' id='word_1_502' title='bbox 1169 4269 1581 4326; x_wconf 84' lang='lat' dir='ltr'><strong>convenienter.</strong></span> <span class='ocrx_word' id='word_1_503' title='bbox 1599 4265 1820 4322; x_wconf 88' lang='lat' dir='ltr'><strong>Sciebat</strong></span> <span class='ocrx_word' id='word_1_504' title='bbox 1877 4267 2021 4320; x_wconf 90' lang='lat' dir='ltr'><strong>enim</strong></span> 
     </span>
    </p>
   </div>
   <div class='ocr_carea' id='block_1_73' title="bbox 438 4359 2020 4436">
    <p class='ocr_par' dir='ltr' id='par_1_73' title="bbox 438 4359 2020 4436">
     <span class='ocr_line' id='line_1_73' title="bbox 438 4359 2020 4436; baseline -0.006 -15"><span class='ocrx_word' id='word_1_505' title='bbox 438 4366 783 4436; x_wconf 86' lang='lat' dir='ltr'><strong>Scripturam</strong></span> <span class='ocrx_word' id='word_1_506' title='bbox 819 4365 951 4419; x_wconf 82' lang='lat' dir='ltr'><strong>illud</strong></span> <span class='ocrx_word' id='word_1_507' title='bbox 1010 4373 1137 4418; x_wconf 87' lang='lat' dir='ltr'><strong>ante</strong></span> <span class='ocrx_word' id='word_1_508' title='bbox 1169 4372 1422 4418; x_wconf 80' lang='lat' dir='ltr'><strong>trstatam</strong></span> <span class='ocrx_word' id='word_1_509' title='bbox 1476 4377 1599 4417; x_wconf 83' lang='lat' dir='ltr'><strong>esse</strong></span> <span class='ocrx_word' id='word_1_510' title='bbox 1655 4359 2020 4431; x_wconf 86' lang='lat' dir='ltr'><strong>apertissime,</strong></span> 
     </span>
    </p>
   </div>
   <div class='ocr_carea' id='block_1_74' title="bbox 437 4451 2018 4522">
    <p class='ocr_par' dir='ltr' id='par_1_74' title="bbox 437 4451 2018 4522">
     <span class='ocr_line' id='line_1_74' title="bbox 437 4451 2018 4522; baseline -0.005 -12"><span class='ocrx_word' id='word_1_511' title='bbox 437 4460 743 4516; x_wconf 78' lang='lat' dir='ltr'><strong>dicentem:</strong></span> <span class='ocrx_word' id='word_1_512' title='bbox 773 4473 790 4507; x_wconf 82' lang='grc' dir='ltr'><strong>ι</strong></span> <span class='ocrx_word' id='word_1_513' title='bbox 835 4455 1116 4521; x_wconf 81' lang='lat' dir='ltr'><strong>Quantum</strong></span> <span class='ocrx_word' id='word_1_514' title='bbox 1138 4463 1313 4522; x_wconf 89' lang='lat' dir='ltr'><strong>potes.</strong></span> <span class='ocrx_word' id='word_1_515' title='bbox 1346 4454 1493 4508; x_wconf 90' lang='lat' dir='ltr'><strong>salva</strong></span> <span class='ocrx_word' id='word_1_516' title='bbox 1524 4451 1763 4506; x_wconf 89' lang='lat' dir='ltr'><strong>animam</strong></span> <span class='ocrx_word' id='word_1_517' title='bbox 1799 4460 1970 4514; x_wconf 89' lang='lat' dir='ltr'><strong>tuam,</strong></span> <span class='ocrx_word' id='word_1_518' title='bbox 1999 4468 2018 4502; x_wconf 76' lang='grc' dir='ltr'><strong>ι</strong></span> 
     </span>
    </p>
   </div>
   <div class='ocr_carea' id='block_1_75' title="bbox 438 4544 2024 4621">
    <p class='ocr_par' dir='ltr' id='par_1_75' title="bbox 438 4544 2024 4621">
     <span class='ocr_line' id='line_1_75' title="bbox 438 4544 2024 4621; baseline -0.007 -16"><span class='ocrx_word' id='word_1_519' title='bbox 438 4550 828 4621; x_wconf 81' lang='lat' dir='ltr'><strong>unusquisque</strong></span> <span class='ocrx_word' id='word_1_520' title='bbox 863 4549 1098 4615; x_wconf 88' lang='lat' dir='ltr'><strong>scilicet,</strong></span> <span class='ocrx_word' id='word_1_521' title='bbox 1147 4564 1256 4604; x_wconf 90' lang='lat' dir='ltr'><strong>nec</strong></span> <span class='ocrx_word' id='word_1_522' title='bbox 1304 4548 1468 4604; x_wconf 87' lang='lat' dir='ltr'><strong>aliter</strong></span> <span class='ocrx_word' id='word_1_523' title='bbox 1513 4557 1618 4604; x_wconf 89' lang='lat' dir='ltr'><strong>est.</strong></span> <span class='ocrx_word' id='word_1_524' title='bbox 1675 4545 1817 4602; x_wconf 81' lang='lat' dir='ltr'><strong>Vere</strong></span> <span class='ocrx_word' id='word_1_525' title='bbox 1858 4544 2024 4616; x_wconf 86' lang='lat' dir='ltr'><strong>igitur</strong></span> 
     </span>
    </p>
   </div>
   <div class='ocr_carea' id='block_1_76' title="bbox 433 4639 2025 4716">
    <p class='ocr_par' dir='ltr' id='par_1_76' title="bbox 433 4639 2025 4716">
     <span class='ocr_line' id='line_1_76' title="bbox 433 4639 2025 4716; baseline -0.006 -16"><span class='ocrx_word' id='word_1_526' title='bbox 433 4646 646 4716; x_wconf 89' lang='lat' dir='ltr'><strong>justum</strong></span> <span class='ocrx_word' id='word_1_527' title='bbox 693 4654 913 4702; x_wconf 90' lang='lat' dir='ltr'><strong>estnos</strong></span> <span class='ocrx_word' id='word_1_528' title='bbox 944 4642 1103 4698; x_wconf 88' lang='lat' dir='ltr'><strong>valde</strong></span> <span class='ocrx_word' id='word_1_529' title='bbox 1155 4642 1342 4698; x_wconf 88' lang='lat' dir='ltr'><strong>mirari</strong></span> <span class='ocrx_word' id='word_1_530' title='bbox 1399 4649 1497 4695; x_wconf 85' lang='lat' dir='ltr'><strong>aut</strong></span> <span class='ocrx_word' id='word_1_531' title='bbox 1539 4639 1722 4710; x_wconf 90' lang='lat' dir='ltr'><strong>potius</strong></span> <span class='ocrx_word' id='word_1_532' title='bbox 1772 4647 2025 4702; x_wconf 88' lang='lat' dir='ltr'><strong>tremere,</strong></span> 
     </span>
    </p>
   </div>
   <div class='ocr_carea' id='block_1_77' title="bbox 436 4733 2030 4812">
    <p class='ocr_par' dir='ltr' id='par_1_77' title="bbox 436 4733 2030 4812">
     <span class='ocr_line' id='line_1_77' title="bbox 436 4733 2030 4812; baseline -0.004 -18"><span class='ocrx_word' id='word_1_533' title='bbox 436 4740 584 4812; x_wconf 83' lang='lat' dir='ltr'><strong>quod</strong></span> <span class='ocrx_word' id='word_1_534' title='bbox 639 4739 906 4811; x_wconf 83' lang='lat' dir='ltr'><strong>propheta</strong></span> <span class='ocrx_word' id='word_1_535' title='bbox 949 4749 1003 4794; x_wconf 89' lang='lat' dir='ltr'><strong>et</strong></span> <span class='ocrx_word' id='word_1_536' title='bbox 1059 4737 1370 4809; x_wconf 71' lang='lat' dir='ltr'><strong>Iegislalor,</strong></span> <span class='ocrx_word' id='word_1_537' title='bbox 1413 4746 1467 4794; x_wconf 89' lang='lat' dir='ltr'><strong>et</strong></span> <span class='ocrx_word' id='word_1_538' title='bbox 1507 4735 1597 4790; x_wconf 89' lang='lat' dir='ltr'><strong>Dei</strong></span> <span class='ocrx_word' id='word_1_539' title='bbox 1642 4733 1928 4789; x_wconf 78' lang='lat' dir='ltr'><strong>familiaris</strong></span> <span class='ocrx_word' id='word_1_540' title='bbox 1975 4740 2030 4787; x_wconf 93' lang='lat' dir='ltr'><strong>et</strong></span> 
     </span>
    </p>
   </div>
   <div class='ocr_carea' id='block_1_78' title="bbox 439 4824 2029 4904">
    <p class='ocr_par' dir='ltr' id='par_1_78' title="bbox 439 4824 2029 4904">
     <span class='ocr_line' id='line_1_78' title="bbox 439 4824 2029 4904; baseline -0.006 -17"><span class='ocrx_word' id='word_1_541' title='bbox 439 4833 766 4889; x_wconf 78' lang='lat' dir='ltr'><strong>ccelestibus</strong></span> <span class='ocrx_word' id='word_1_542' title='bbox 818 4831 1098 4904; x_wconf 87' lang='lat' dir='ltr'><strong>mysteriis</strong></span> <span class='ocrx_word' id='word_1_543' title='bbox 1151 4830 1425 4891; x_wconf 81' lang='lat' dir='ltr'><strong>initiatus,</strong></span> <span class='ocrx_word' id='word_1_544' title='bbox 1485 4837 1539 4882; x_wconf 90' lang='lat' dir='ltr'><strong>et</strong></span> <span class='ocrx_word' id='word_1_545' title='bbox 1591 4826 1781 4882; x_wconf 90' lang='lat' dir='ltr'><strong>multis</strong></span> <span class='ocrx_word' id='word_1_546' title='bbox 1825 4824 2029 4879; x_wconf 87' lang='lat' dir='ltr'><strong>divinis</strong></span> 
     </span>
    </p>
   </div>
   <div class='ocr_carea' id='block_1_79' title="bbox 440 4919 2034 4996">
    <p class='ocr_par' dir='ltr' id='par_1_79' title="bbox 440 4919 2034 4996">
     <span class='ocr_line' id='line_1_79' title="bbox 440 4919 2034 4996; baseline -0.006 -16"><span class='ocrx_word' id='word_1_547' title='bbox 440 4927 878 4982; x_wconf 81' lang='lat' dir='ltr'><strong>cbarismatibus</strong></span> <span class='ocrx_word' id='word_1_548' title='bbox 909 4925 1108 4996; x_wconf 83' lang='lat' dir='ltr'><strong>dignus</strong></span> <span class='ocrx_word' id='word_1_549' title='bbox 1143 4923 1385 4993; x_wconf 70' lang='lat' dir='ltr'><strong>habitus,</strong></span> <span class='ocrx_word' id='word_1_550' title='bbox 1431 4933 1482 4977; x_wconf 92' lang='lat' dir='ltr'><strong>ct</strong></span> <span class='ocrx_word' id='word_1_551' title='bbox 1512 4921 1565 4976; x_wconf 90' lang='lat' dir='ltr'><strong>in</strong></span> <span class='ocrx_word' id='word_1_552' title='bbox 1621 4919 1853 4976; x_wconf 81' lang='lat' dir='ltr'><strong>diversis</strong></span> <span class='ocrx_word' id='word_1_553' title='bbox 1908 4931 2034 4988; x_wconf 80' lang='lat' dir='ltr'><strong>pro-</strong></span> 
     </span>
    </p>
   </div>
   <div class='ocr_carea' id='block_1_80' title="bbox 439 5015 2033 5086">
    <p class='ocr_par' dir='ltr' id='par_1_80' title="bbox 439 5015 2033 5086">
     <span class='ocr_line' id='line_1_80' title="bbox 439 5015 2033 5086; baseline -0.004 -14"><span class='ocrx_word' id='word_1_554' title='bbox 439 5017 602 5086; x_wconf 87' lang='lat' dir='ltr'><strong>digiis</strong></span> <span class='ocrx_word' id='word_1_555' title='bbox 656 5017 750 5072; x_wconf 84' lang='lat' dir='ltr'><strong>Dei</strong></span> <span class='ocrx_word' id='word_1_556' title='bbox 797 5018 1050 5072; x_wconf 83' lang='lat' dir='ltr'><strong>minister</strong></span> <span class='ocrx_word' id='word_1_557' title='bbox 1111 5017 1312 5082; x_wconf 78' lang='lat' dir='ltr'><strong>iactus,</strong></span> <span class='ocrx_word' id='word_1_558' title='bbox 1373 5015 1581 5068; x_wconf 82' lang='lat' dir='ltr'><strong>electus</strong></span> <span class='ocrx_word' id='word_1_559' title='bbox 1633 5019 1918 5079; x_wconf 64' lang='lat' dir='ltr'><strong>prmterea.</strong></span> <span class='ocrx_word' id='word_1_560' title='bbox 1975 5017 2033 5066; x_wconf 80' lang='lat' dir='ltr'><strong>ut</strong></span> 
     </span>
    </p>
   </div>
   <div class='ocr_carea' id='block_1_81' title="bbox 439 5101 2034 5178">
    <p class='ocr_par' dir='ltr' id='par_1_81' title="bbox 439 5101 2034 5178">
     <span class='ocr_line' id='line_1_81' title="bbox 439 5101 2034 5178; baseline -0.005 -16"><span class='ocrx_word' id='word_1_561' title='bbox 439 5107 648 5162; x_wconf 86' lang='lat' dir='ltr'><strong>dictum</strong></span> <span class='ocrx_word' id='word_1_562' title='bbox 673 5117 783 5170; x_wconf 89' lang='lat' dir='ltr'><strong>est,</strong></span> <span class='ocrx_word' id='word_1_563' title='bbox 817 5107 885 5162; x_wconf 87' lang='lat' dir='ltr'><strong>ad</strong></span> <span class='ocrx_word' id='word_1_564' title='bbox 913 5109 1357 5178; x_wconf 84' lang='lat' dir='ltr'><strong>compatiendum</strong></span> <span class='ocrx_word' id='word_1_565' title='bbox 1387 5105 1588 5174; x_wconf 86' lang='lat' dir='ltr'><strong>populo</strong></span> <span class='ocrx_word' id='word_1_566' title='bbox 1614 5101 1714 5156; x_wconf 79' lang='lat' dir='ltr'><strong>&quot;Dei</strong></span> <span class='ocrx_word' id='word_1_567' title='bbox 1746 5109 1826 5154; x_wconf 90' lang='lat' dir='ltr'><strong>tot</strong></span> <span class='ocrx_word' id='word_1_568' title='bbox 1855 5113 2034 5154; x_wconf 84' lang='lat' dir='ltr'><strong>annos</strong></span> 
     </span>
    </p>
   </div>
   <div class='ocr_carea' id='block_1_82' title="bbox 440 5191 2029 5268">
    <p class='ocr_par' dir='ltr' id='par_1_82' title="bbox 440 5191 2029 5268">
     <span class='ocr_line' id='line_1_82' title="bbox 440 5191 2029 5268; baseline -0.004 -15"><span class='ocrx_word' id='word_1_569' title='bbox 440 5208 794 5268; x_wconf 86' lang='lat' dir='ltr'><strong>peccatorum</strong></span> <span class='ocrx_word' id='word_1_570' title='bbox 833 5197 1045 5252; x_wconf 79' lang='lat' dir='ltr'><strong>fructus</strong></span> <span class='ocrx_word' id='word_1_571' title='bbox 1074 5199 1435 5268; x_wconf 86' lang='lat' dir='ltr'><strong>decerpsisse;</strong></span> <span class='ocrx_word' id='word_1_572' title='bbox 1457 5194 1653 5248; x_wconf 68' lang='lat' dir='ltr'><strong>daimle</strong></span> <span class='ocrx_word' id='word_1_573' title='bbox 1678 5203 1803 5261; x_wconf 89' lang='lat' dir='ltr'><strong>post</strong></span> <span class='ocrx_word' id='word_1_574' title='bbox 1825 5191 2029 5246; x_wconf 87' lang='lat' dir='ltr'><strong>multas</strong></span> 
     </span>
    </p>
   </div>
   <div class='ocr_carea' id='block_1_83' title="bbox 445 5283 2028 5355">
    <p class='ocr_par' dir='ltr' id='par_1_83' title="bbox 445 5283 2028 5355">
     <span class='ocr_line' id='line_1_83' title="bbox 445 5283 2028 5355; baseline -0.005 -12"><span class='ocrx_word' id='word_1_575' title='bbox 445 5306 748 5355; x_wconf 68' lang='lat' dir='ltr'><strong>a&#39;ruuinas,</strong></span> <span class='ocrx_word' id='word_1_576' title='bbox 779 5289 1016 5354; x_wconf 90' lang='lat' dir='ltr'><strong>labores,</strong></span> <span class='ocrx_word' id='word_1_577' title='bbox 1046 5292 1347 5353; x_wconf 85' lang='lat' dir='ltr'><strong>molestias,</strong></span> <span class='ocrx_word' id='word_1_578' title='bbox 1385 5288 1711 5350; x_wconf 80' lang='lat' dir='ltr'><strong>certamina,</strong></span> <span class='ocrx_word' id='word_1_579' title='bbox 1773 5283 2028 5347; x_wconf 86' lang='lat' dir='ltr'><strong>sudores,</strong></span> 
     </span>
    </p>
   </div>
   <div class='ocr_carea' id='block_1_84' title="bbox 444 5381 2030 5448">
    <p class='ocr_par' dir='ltr' id='par_1_84' title="bbox 444 5381 2030 5448">
     <span class='ocr_line' id='line_1_84' title="bbox 444 5381 2030 5448; baseline -0.005 -12"><span class='ocrx_word' id='word_1_580' title='bbox 444 5383 799 5448; x_wconf 79' lang='lat' dir='ltr'><strong>tentatinnes,</strong></span> <span class='ocrx_word' id='word_1_581' title='bbox 870 5383 1280 5446; x_wconf 79' lang='lat' dir='ltr'><strong>tribulationes,</strong></span> <span class='ocrx_word' id='word_1_582' title='bbox 1343 5399 1468 5436; x_wconf 87' lang='lat' dir='ltr'><strong>cum</strong></span> <span class='ocrx_word' id='word_1_583' title='bbox 1523 5381 1715 5433; x_wconf 84' lang='lat' dir='ltr'><strong>leviter</strong></span> <span class='ocrx_word' id='word_1_584' title='bbox 1761 5385 2030 5440; x_wconf 72' lang='lat' dir='ltr'><strong>errasset,</strong></span> 
     </span>
    </p>
   </div>
   <div class='ocr_carea' id='block_1_85' title="bbox 2126 3255 3732 3332">
    <p class='ocr_par' dir='ltr' id='par_1_85' title="bbox 2126 3255 3732 3332">
     <span class='ocr_line' id='line_1_85' title="bbox 2126 3255 3732 3332; baseline -0.004 -18"><span class='ocrx_word' id='word_1_585' title='bbox 2126 3277 2223 3315; x_wconf 87' lang='grc' dir='ltr'><strong>του</strong></span> <span class='ocrx_word' id='word_1_586' title='bbox 2249 3261 2601 3331; x_wconf 83' lang='grc' dir='ltr'><strong>καυχήσηται</strong></span> <span class='ocrx_word' id='word_1_587' title='bbox 2627 3259 3040 3332; x_wconf 76' lang='grc' dir='ltr'><strong>φανταζόμενος</strong></span> <span class='ocrx_word' id='word_1_588' title='bbox 3071 3259 3104 3331; x_wconf 76' lang='grc' dir='ltr'>ἢ</span> <span class='ocrx_word' id='word_1_589' title='bbox 3137 3257 3607 3328; x_wconf 76' lang='grc' dir='ltr'><strong>ἀλαζονευόμενος</strong></span> <span class='ocrx_word' id='word_1_590' title='bbox 3629 3255 3732 3309; x_wconf 80' lang='grc' dir='ltr'><strong>καὶ</strong></span> 
     </span>
    </p>
   </div>
   <div class='ocr_carea' id='block_1_86' title="bbox 2126 3348 3734 3423">
    <p class='ocr_par' dir='ltr' id='par_1_86' title="bbox 2126 3348 3734 3423">
     <span class='ocr_line' id='line_1_86' title="bbox 2126 3348 3734 3423; baseline -0.006 -17"><span class='ocrx_word' id='word_1_591' title='bbox 2126 3351 2431 3415; x_wconf 80' lang='grc' dir='ltr'><strong>ἀκινδύνως</strong></span> <span class='ocrx_word' id='word_1_592' title='bbox 2462 3352 2562 3423; x_wconf 78' lang='grc' dir='ltr'><strong>τὴν</strong></span> <span class='ocrx_word' id='word_1_593' title='bbox 2591 3353 2894 3423; x_wconf 81' lang='grc' dir='ltr'><strong>ἠγεμονίαν</strong></span> <span class='ocrx_word' id='word_1_594' title='bbox 2938 3349 3311 3423; x_wconf 87' lang='grc' dir='ltr'><strong>μεγαλαυχῶν</strong></span> <span class='ocrx_word' id='word_1_595' title='bbox 3355 3348 3454 3402; x_wconf 61' lang='grc' dir='ltr'><strong>καὶ⁸</strong></span> <span class='ocrx_word' id='word_1_596' title='bbox 3502 3361 3734 3416; x_wconf 87' lang='grc' dir='ltr'><strong>ματαιο-</strong></span> 
     </span>
    </p>
   </div>
   <div class='ocr_carea' id='block_1_87' title="bbox 2127 3441 3734 3520">
    <p class='ocr_par' dir='ltr' id='par_1_87' title="bbox 2127 3441 3734 3520">
     <span class='ocr_line' id='line_1_87' title="bbox 2127 3441 3734 3520; baseline -0.004 -20"><span class='ocrx_word' id='word_1_597' title='bbox 2127 3446 2355 3517; x_wconf 82' lang='grc' dir='ltr'><strong>λογήσει</strong></span> <span class='ocrx_word' id='word_1_598' title='bbox 2387 3447 2666 3518; x_wconf 81' lang='grc' dir='ltr'><strong>φανερῶς,</strong></span> <span class='ocrx_word' id='word_1_599' title='bbox 2697 3449 3120 3520; x_wconf 80' lang='grc' dir='ltr'><strong>ἀμνημονήσας,</strong></span> <span class='ocrx_word' id='word_1_600' title='bbox 3147 3447 3232 3498; x_wconf 84' lang='grc' dir='ltr'><strong>ὅτι</strong></span> <span class='ocrx_word' id='word_1_601' title='bbox 3271 3445 3462 3498; x_wconf 74' lang='grc' dir='ltr'><strong>πολλοὶ</strong></span> <span class='ocrx_word' id='word_1_602' title='bbox 3496 3441 3734 3504; x_wconf 76' lang='grc' dir='ltr'><strong>πολλοὺς</strong></span> 
     </span>
    </p>
   </div>
   <div class='ocr_carea' id='block_1_88' title="bbox 2127 3534 3732 3610">
    <p class='ocr_par' dir='ltr' id='par_1_88' title="bbox 2127 3534 3732 3610">
     <span class='ocr_line' id='line_1_88' title="bbox 2127 3534 3732 3610; baseline -0.006 -17"><span class='ocrx_word' id='word_1_603' title='bbox 2127 3539 2533 3610; x_wconf 82' lang='grc' dir='ltr'><strong>ἀφελεστέρους</strong></span> <span class='ocrx_word' id='word_1_604' title='bbox 2565 3540 2662 3592; x_wconf 81' lang='grc' dir='ltr'><strong>καὶ</strong></span> <span class='ocrx_word' id='word_1_605' title='bbox 2701 3538 3014 3599; x_wconf 82' lang='grc' dir='ltr'><strong>δυσπειθεῖς</strong></span> <span class='ocrx_word' id='word_1_606' title='bbox 3046 3539 3316 3592; x_wconf 79' lang='grc' dir='ltr'><strong>διασῶσαι</strong></span> <span class='ocrx_word' id='word_1_607' title='bbox 3362 3534 3732 3606; x_wconf 74' lang='grc' dir='ltr'><strong>πειραθέντες</strong></span> 
     </span>
    </p>
   </div>
   <div class='ocr_carea' id='block_1_89' title="bbox 2131 3629 3733 3701">
    <p class='ocr_par' dir='ltr' id='par_1_89' title="bbox 2131 3629 3733 3701">
     <span class='ocr_line' id='line_1_89' title="bbox 2131 3629 3733 3701; baseline -0.006 -16"><span class='ocrx_word' id='word_1_608' title='bbox 2131 3631 2274 3701; x_wconf 79' lang='grc' dir='ltr'><strong>ὑπὲρ</strong></span> <span class='ocrx_word' id='word_1_609' title='bbox 2299 3631 2398 3701; x_wconf 83' lang='grc' dir='ltr'><strong>τὴν</strong></span> <span class='ocrx_word' id='word_1_610' title='bbox 2434 3631 2593 3701; x_wconf 76' lang='grc' dir='ltr'><strong>ἰσχὺν</strong></span> <span class='ocrx_word' id='word_1_611' title='bbox 2626 3631 2834 3696; x_wconf 83' lang='grc' dir='ltr'><strong>αὐτῶν,</strong></span> <span class='ocrx_word' id='word_1_612' title='bbox 2866 3633 2964 3685; x_wconf 71' lang='grc' dir='ltr'><strong>καὶ</strong></span> <span class='ocrx_word' id='word_1_613' title='bbox 3013 3632 3247 3694; x_wconf 74' lang='grc' dir='ltr'><strong>ἑαυτοὺς</strong></span> <span class='ocrx_word' id='word_1_614' title='bbox 3283 3629 3733 3699; x_wconf 75' lang='grc' dir='ltr'><strong>προσαπώλεσαν</strong></span> 
     </span>
    </p>
   </div>
   <div class='ocr_carea' id='block_1_90' title="bbox 2129 3719 3736 3794">
    <p class='ocr_par' dir='ltr' id='par_1_90' title="bbox 2129 3719 3736 3794">
     <span class='ocr_line' id='line_1_90' title="bbox 2129 3719 3736 3794; baseline -0.002 -19"><span class='ocrx_word' id='word_1_615' title='bbox 2129 3752 2197 3764; x_wconf 85' lang='grc'><strong>-</strong></span> <span class='ocrx_word' id='word_1_616' title='bbox 2230 3723 2377 3794; x_wconf 77' lang='grc' dir='ltr'><strong>οἴμοι</strong></span> <span class='ocrx_word' id='word_1_617' title='bbox 2409 3722 2487 3793; x_wconf 83' lang='grc' dir='ltr'><strong>τῷ</strong></span> <span class='ocrx_word' id='word_1_618' title='bbox 2540 3723 2798 3792; x_wconf 79' lang='grc' dir='ltr'><strong>ὲλεεινῷι</strong></span> <span class='ocrx_word' id='word_1_619' title='bbox 2834 3752 2902 3766; x_wconf 89' lang='lat'><strong>-</strong></span> <span class='ocrx_word' id='word_1_620' title='bbox 2931 3722 3046 3777; x_wconf 70' lang='grc' dir='ltr'><strong>ἔσθ’</strong></span> <span class='ocrx_word' id='word_1_621' title='bbox 3076 3724 3165 3777; x_wconf 77' lang='grc' dir='ltr'><strong>ὅτε</strong></span> <span class='ocrx_word' id='word_1_622' title='bbox 3196 3723 3289 3777; x_wconf 71' lang='grc' dir='ltr'><strong>καὶ</strong></span> <span class='ocrx_word' id='word_1_623' title='bbox 3311 3724 3598 3790; x_wconf 71' lang='grc' dir='ltr'><strong>αἴσχιστον</strong></span> <span class='ocrx_word' id='word_1_624' title='bbox 3632 3719 3736 3772; x_wconf 80' lang='grc' dir='ltr'><strong>καὶ</strong></span> 
     </span>
    </p>
   </div>
   <div class='ocr_carea' id='block_1_91' title="bbox 2127 3808 3733 3884">
    <p class='ocr_par' dir='ltr' id='par_1_91' title="bbox 2127 3808 3733 3884">
     <span class='ocr_line' id='line_1_91' title="bbox 2127 3808 3733 3884; baseline -0.002 -18"><span class='ocrx_word' id='word_1_625' title='bbox 2127 3814 2392 3868; x_wconf 85' lang='grc' dir='ltr'><strong>κάκιστον</strong></span> <span class='ocrx_word' id='word_1_626' title='bbox 2445 3813 2562 3884; x_wconf 85' lang='grc' dir='ltr'><strong>βίον</strong></span> <span class='ocrx_word' id='word_1_627' title='bbox 2594 3813 2882 3884; x_wconf 82' lang='grc' dir='ltr'><strong>βιοῦντες;</strong></span> <span class='ocrx_word' id='word_1_628' title='bbox 2933 3814 3132 3878; x_wconf 81' lang='grc' dir='ltr'><strong>Ἀλλος</strong></span> <span class='ocrx_word' id='word_1_629' title='bbox 3178 3813 3279 3883; x_wconf 73' lang='grc' dir='ltr'><strong>μὲν</strong></span> <span class='ocrx_word' id='word_1_630' title='bbox 3332 3813 3446 3883; x_wconf 86' lang='grc' dir='ltr'><strong>γὰρ</strong></span> <span class='ocrx_word' id='word_1_631' title='bbox 3477 3810 3584 3880; x_wconf 78' lang='grc' dir='ltr'><strong>ἔφη</strong></span> <span class='ocrx_word' id='word_1_632' title='bbox 3614 3808 3733 3862; x_wconf 86' lang='grc' dir='ltr'><strong>τῶν</strong></span> 
     </span>
    </p>
   </div>
   <div class='ocr_carea' id='block_1_92' title="bbox 2126 3901 3736 3975">
    <p class='ocr_par' dir='ltr' id='par_1_92' title="bbox 2126 3901 3736 3975">
     <span class='ocr_line' id='line_1_92' title="bbox 2126 3901 3736 3975; baseline -0.002 -19"><span class='ocrx_word' id='word_1_633' title='bbox 2126 3903 2291 3957; x_wconf 82' lang='grc' dir='ltr'><strong>ὁσίων</strong></span> <span class='ocrx_word' id='word_1_634' title='bbox 2318 3903 2530 3974; x_wconf 82' lang='grc' dir='ltr'><strong>ἀνδρῶν</strong></span> <span class='ocrx_word' id='word_1_635' title='bbox 2553 3918 2567 3933; x_wconf 77' lang='grc'><strong><em>⁸</em></strong></span> <span class='ocrx_word' id='word_1_636' title='bbox 2604 3922 2623 3956; x_wconf 79' lang='grc' dir='ltr'><strong>ι</strong></span> <span class='ocrx_word' id='word_1_637' title='bbox 2664 3905 2727 3958; x_wconf 79' lang='grc' dir='ltr'><strong>ού</strong></span> <span class='ocrx_word' id='word_1_638' title='bbox 2756 3906 2959 3968; x_wconf 87' lang='grc' dir='ltr'><strong>πάντες</strong></span> <span class='ocrx_word' id='word_1_639' title='bbox 2979 3903 3368 3975; x_wconf 83' lang='grc' dir='ltr'><strong>ἁπαιτούμεθα</strong></span> <span class='ocrx_word' id='word_1_640' title='bbox 3405 3903 3576 3958; x_wconf 80' lang='grc' dir='ltr'><strong>σῶσαι</strong></span> <span class='ocrx_word' id='word_1_641' title='bbox 3605 3901 3736 3954; x_wconf 72' lang='grc' dir='ltr'><strong>ἑτέ-</strong></span> 
     </span>
    </p>
   </div>
   <div class='ocr_carea' id='block_1_93' title="bbox 2131 3993 3731 4068">
    <p class='ocr_par' dir='ltr' id='par_1_93' title="bbox 2131 3993 3731 4068">
     <span class='ocr_line' id='line_1_93' title="bbox 2131 3993 3731 4068; baseline -0.002 -20"><span class='ocrx_word' id='word_1_642' title='bbox 2131 4012 2282 4068; x_wconf 86' lang='grc' dir='ltr'><strong>ρους,</strong></span> <span class='ocrx_word' id='word_1_643' title='bbox 2311 3996 2542 4059; x_wconf 78' lang='grc' dir='ltr'><strong>ἑαυτοὺς</strong></span> <span class='ocrx_word' id='word_1_644' title='bbox 2572 3997 2627 4049; x_wconf 79' lang='grc' dir='ltr'><strong>δὲ</strong></span> <span class='ocrx_word' id='word_1_645' title='bbox 2657 3997 2885 4061; x_wconf 83' lang='grc' dir='ltr'><strong>πάντες,</strong></span> <span class='ocrx_word' id='word_1_646' title='bbox 2927 4017 2944 4050; x_wconf 75' lang='grc' dir='ltr'><strong>ι</strong></span> <span class='ocrx_word' id='word_1_647' title='bbox 2985 3998 3109 4051; x_wconf 83' lang='grc' dir='ltr'><strong>ὅθεν</strong></span> <span class='ocrx_word' id='word_1_648' title='bbox 3142 3995 3238 4051; x_wconf 76' lang='grc' dir='ltr'><strong>οὗν</strong></span> <span class='ocrx_word' id='word_1_649' title='bbox 3269 3996 3458 4051; x_wconf 77' lang='grc' dir='ltr'><strong>λοιπὸν</strong></span> <span class='ocrx_word' id='word_1_650' title='bbox 3521 3993 3731 4062; x_wconf 81' lang='grc' dir='ltr'><strong>καὶτῷ</strong></span> 
     </span>
    </p>
   </div>
   <div class='ocr_carea' id='block_1_94' title="bbox 2129 4084 3735 4160">
    <p class='ocr_par' dir='ltr' id='par_1_94' title="bbox 2129 4084 3735 4160">
     <span class='ocr_line' id='line_1_94' title="bbox 2129 4084 3735 4160; baseline -0.002 -19"><span class='ocrx_word' id='word_1_651' title='bbox 2129 4087 2346 4158; x_wconf 79' lang='grc' dir='ltr'><strong>μαθητῇ</strong></span> <span class='ocrx_word' id='word_1_652' title='bbox 2373 4088 2538 4140; x_wconf 68' lang='grc' dir='ltr'><strong>αὑτοῦ</strong></span> <span class='ocrx_word' id='word_1_653' title='bbox 2563 4089 2590 4140; x_wconf 85' lang='grc' dir='ltr'>ὁ</span> <span class='ocrx_word' id='word_1_654' title='bbox 2614 4089 2990 4160; x_wconf 81' lang='grc' dir='ltr'><strong>Χριστοφόρος</strong></span> <span class='ocrx_word' id='word_1_655' title='bbox 3013 4089 3090 4159; x_wconf 83' lang='grc' dir='ltr'><strong>τῷ</strong></span> <span class='ocrx_word' id='word_1_656' title='bbox 3109 4091 3255 4160; x_wconf 71' lang='grc'><strong>(191³)</strong></span> <span class='ocrx_word' id='word_1_657' title='bbox 3276 4087 3504 4158; x_wconf 84' lang='grc' dir='ltr'><strong>τοιούτῳ</strong></span> <span class='ocrx_word' id='word_1_658' title='bbox 3518 4084 3735 4154; x_wconf 83' lang='grc' dir='ltr'><strong>δυνατῷ</strong></span> 
     </span>
    </p>
   </div>
   <div class='ocr_carea' id='block_1_95' title="bbox 2126 4179 3736 4253">
    <p class='ocr_par' dir='ltr' id='par_1_95' title="bbox 2126 4179 3736 4253">
     <span class='ocr_line' id='line_1_95' title="bbox 2126 4179 3736 4253; baseline -0.002 -19"><span class='ocrx_word' id='word_1_659' title='bbox 2126 4182 2274 4252; x_wconf 81' lang='grc' dir='ltr'><strong>ἔργῳ</strong></span> <span class='ocrx_word' id='word_1_660' title='bbox 2309 4183 2404 4235; x_wconf 75' lang='grc' dir='ltr'><strong>καὶ</strong></span> <span class='ocrx_word' id='word_1_661' title='bbox 2425 4181 2570 4251; x_wconf 84' lang='grc' dir='ltr'><strong>λόγῳ</strong></span> <span class='ocrx_word' id='word_1_662' title='bbox 2595 4185 2999 4253; x_wconf 75' lang='grc' dir='ltr'><strong>παραγγέλλων</strong></span> <span class='ocrx_word' id='word_1_663' title='bbox 3028 4187 3124 4239; x_wconf 75' lang='grc' dir='ltr'><strong>καὶ</strong></span> <span class='ocrx_word' id='word_1_664' title='bbox 3139 4183 3578 4253; x_wconf 79' lang='grc' dir='ltr'><strong>ἀσφαλιζόμενος</strong></span> <span class='ocrx_word' id='word_1_665' title='bbox 3598 4179 3736 4248; x_wconf 78' lang='grc' dir='ltr'><strong>ἔφα-</strong></span> 
     </span>
    </p>
   </div>
   <div class='ocr_carea' id='block_1_96' title="bbox 2129 4269 3736 4345">
    <p class='ocr_par' dir='ltr' id='par_1_96' title="bbox 2129 4269 3736 4345">
     <span class='ocr_line' id='line_1_96' title="bbox 2129 4269 3736 4345; baseline -0.002 -21"><span class='ocrx_word' id='word_1_666' title='bbox 2129 4289 2226 4325; x_wconf 89' lang='grc' dir='ltr'><strong>σκε</strong></span> <span class='ocrx_word' id='word_1_667' title='bbox 2245 4272 2290 4305; x_wconf 77' lang='grc'><strong>’⁸</strong></span> <span class='ocrx_word' id='word_1_668' title='bbox 2313 4289 2326 4302; x_wconf 89' lang='grc'><strong>·</strong></span> <span class='ocrx_word' id='word_1_669' title='bbox 2366 4291 2385 4324; x_wconf 80' lang='grc' dir='ltr'><strong>ι</strong></span> <span class='ocrx_word' id='word_1_670' title='bbox 2413 4273 2505 4343; x_wconf 79' lang='grc' dir='ltr'><strong>Μὴ</strong></span> <span class='ocrx_word' id='word_1_671' title='bbox 2521 4279 2772 4328; x_wconf 82' lang='grc' dir='ltr'><strong>κοινώνει</strong></span> <span class='ocrx_word' id='word_1_672' title='bbox 2803 4274 3103 4345; x_wconf 83' lang='grc' dir='ltr'><strong>ἁμαρτίαις</strong></span> <span class='ocrx_word' id='word_1_673' title='bbox 3124 4273 3432 4344; x_wconf 80' lang='grc' dir='ltr'><strong>ἀλλοτρίαις</strong></span> <span class='ocrx_word' id='word_1_674' title='bbox 3457 4289 3469 4302; x_wconf 77' lang='lat'><strong><em>°</em></strong></span> <span class='ocrx_word' id='word_1_675' title='bbox 3503 4269 3736 4324; x_wconf 77' lang='grc' dir='ltr'><strong>σεαυτὸν</strong></span> 
     </span>
    </p>
   </div>
   <div class='ocr_carea' id='block_1_97' title="bbox 2127 4359 3732 4438">
    <p class='ocr_par' dir='ltr' id='par_1_97' title="bbox 2127 4359 3732 4438">
     <span class='ocr_line' id='line_1_97' title="bbox 2127 4359 3732 4438; baseline -0.003 -20"><span class='ocrx_word' id='word_1_676' title='bbox 2127 4365 2290 4431; x_wconf 76' lang='grc' dir='ltr'><strong>ἁγνὸν</strong></span> <span class='ocrx_word' id='word_1_677' title='bbox 2315 4367 2495 4436; x_wconf 85' lang='grc' dir='ltr'><strong>τήρει,</strong></span> <span class='ocrx_word' id='word_1_678' title='bbox 2529 4367 2691 4419; x_wconf 75' lang='grc' dir='ltr'><strong>»διότι</strong></span> <span class='ocrx_word' id='word_1_679' title='bbox 2717 4367 2856 4438; x_wconf 81' lang='grc' dir='ltr'><strong>ὑπὲρ</strong></span> <span class='ocrx_word' id='word_1_680' title='bbox 2884 4367 3082 4422; x_wconf 76' lang='grc' dir='ltr'><strong>ἑαυτοῦ</strong></span> <span class='ocrx_word' id='word_1_681' title='bbox 3105 4367 3263 4435; x_wconf 83' lang='grc' dir='ltr'><strong>λόγον</strong></span> <span class='ocrx_word' id='word_1_682' title='bbox 3279 4367 3475 4428; x_wconf 79' lang='grc' dir='ltr'><strong>δώσεις</strong></span> <span class='ocrx_word' id='word_1_683' title='bbox 3494 4361 3568 4433; x_wconf 83' lang='grc' dir='ltr'><strong>τῷ</strong></span> <span class='ocrx_word' id='word_1_684' title='bbox 3585 4359 3732 4431; x_wconf 78' lang='grc' dir='ltr'><strong>Θεῷ.</strong></span> 
     </span>
    </p>
   </div>
   <div class='ocr_carea' id='block_1_98' title="bbox 2130 4455 3732 4530">
    <p class='ocr_par' dir='ltr' id='par_1_98' title="bbox 2130 4455 3732 4530">
     <span class='ocr_line' id='line_1_98' title="bbox 2130 4455 3732 4530; baseline 0.002 -19"><span class='ocrx_word' id='word_1_685' title='bbox 2130 4459 2239 4512; x_wconf 78' lang='grc' dir='ltr'><strong>Καὶ</strong></span> <span class='ocrx_word' id='word_1_686' title='bbox 2257 4458 2403 4529; x_wconf 80' lang='grc' dir='ltr'><strong>μάλα</strong></span> <span class='ocrx_word' id='word_1_687' title='bbox 2425 4475 2488 4526; x_wconf 88' lang='grc' dir='ltr'><strong>γε</strong></span> <span class='ocrx_word' id='word_1_688' title='bbox 2524 4459 2752 4523; x_wconf 84' lang='grc' dir='ltr'><strong>εἰκότως</strong></span> <span class='ocrx_word' id='word_1_689' title='bbox 2771 4459 2876 4530; x_wconf 76' lang='grc' dir='ltr'><strong>ἔφη</strong></span> <span class='ocrx_word' id='word_1_690' title='bbox 2897 4459 3062 4514; x_wconf 90' lang='grc' dir='ltr'><strong>τοῦτο</strong></span> <span class='ocrx_word' id='word_1_691' title='bbox 3091 4459 3190 4514; x_wconf 75' lang='grc' dir='ltr'><strong>καὶ</strong></span> <span class='ocrx_word' id='word_1_692' title='bbox 3208 4460 3330 4513; x_wconf 90' lang='grc' dir='ltr'><strong>λίαν</strong></span> <span class='ocrx_word' id='word_1_693' title='bbox 3353 4455 3686 4527; x_wconf 53' lang='grc' dir='ltr'><strong>προσξόρως</strong></span> <span class='ocrx_word' id='word_1_694' title='bbox 3717 4472 3732 4486; x_wconf 83' lang='grc'>⁶</span> 
     </span>
    </p>
   </div>
   <div class='ocr_carea' id='block_1_99' title="bbox 2129 4542 3735 4622">
    <p class='ocr_par' dir='ltr' id='par_1_99' title="bbox 2129 4542 3735 4622">
     <span class='ocr_line' id='line_1_99' title="bbox 2129 4542 3735 4622; baseline -0.004 -20"><span class='ocrx_word' id='word_1_695' title='bbox 2129 4549 2248 4620; x_wconf 67' lang='grc' dir='ltr'><strong>⁴ᾔδει</strong></span> <span class='ocrx_word' id='word_1_696' title='bbox 2271 4549 2405 4620; x_wconf 77' lang='grc' dir='ltr'><strong>γὰρ,</strong></span> <span class='ocrx_word' id='word_1_697' title='bbox 2438 4549 2577 4621; x_wconf 80' lang='grc' dir='ltr'><strong>ὃτιή</strong></span> <span class='ocrx_word' id='word_1_698' title='bbox 2604 4550 2800 4620; x_wconf 83' lang='grc' dir='ltr'><strong>Γραφὴ</strong></span> <span class='ocrx_word' id='word_1_699' title='bbox 2825 4551 2979 4603; x_wconf 74' lang='grc' dir='ltr'><strong>τουτὶ</strong></span> <span class='ocrx_word' id='word_1_700' title='bbox 3003 4547 3524 4622; x_wconf 84' lang='grc' dir='ltr'><strong>προμεμαρτύρηκε</strong></span> <span class='ocrx_word' id='word_1_701' title='bbox 3561 4542 3735 4612; x_wconf 80' lang='grc' dir='ltr'><strong>σαφέ-</strong></span> 
     </span>
    </p>
   </div>
   <div class='ocr_carea' id='block_1_100' title="bbox 2133 4637 3737 4711">
    <p class='ocr_par' dir='ltr' id='par_1_100' title="bbox 2133 4637 3737 4711">
     <span class='ocr_line' id='line_1_100' title="bbox 2133 4637 3737 4711; baseline -0.004 -18"><span class='ocrx_word' id='word_1_702' title='bbox 2133 4656 2306 4694; x_wconf 86' lang='grc' dir='ltr'><strong>στατα</strong></span> <span class='ocrx_word' id='word_1_703' title='bbox 2335 4640 2574 4708; x_wconf 82' lang='grc' dir='ltr'><strong>λέγουσα</strong></span> <span class='ocrx_word' id='word_1_704' title='bbox 2591 4641 2636 4672; x_wconf 79' lang='grc'><strong>⁹⁹</strong></span> <span class='ocrx_word' id='word_1_705' title='bbox 2664 4659 2677 4672; x_wconf 87' lang='grc'><strong>·</strong></span> <span class='ocrx_word' id='word_1_706' title='bbox 2732 4657 2752 4692; x_wconf 79' lang='grc' dir='ltr'><strong>ι</strong></span> <span class='ocrx_word' id='word_1_707' title='bbox 2791 4641 2991 4706; x_wconf 76' lang='grc' dir='ltr'><strong>Σώζων</strong></span> <span class='ocrx_word' id='word_1_708' title='bbox 3036 4641 3179 4705; x_wconf 81' lang='grc' dir='ltr'><strong>σῶζε</strong></span> <span class='ocrx_word' id='word_1_709' title='bbox 3214 4641 3313 4711; x_wconf 77' lang='grc' dir='ltr'><strong>τὴν</strong></span> <span class='ocrx_word' id='word_1_710' title='bbox 3349 4637 3577 4692; x_wconf 80' lang='grc' dir='ltr'><strong>σεαυτοῦ</strong></span> <span class='ocrx_word' id='word_1_711' title='bbox 3629 4637 3737 4705; x_wconf 75' lang='grc' dir='ltr'><strong>ψυ-</strong></span> 
     </span>
    </p>
   </div>
   <div class='ocr_carea' id='block_1_101' title="bbox 2130 4718 3735 4802">
    <p class='ocr_par' dir='ltr' id='par_1_101' title="bbox 2130 4718 3735 4802">
     <span class='ocr_line' id='line_1_101' title="bbox 2130 4718 3735 4802; baseline -0.007 -18"><span class='ocrx_word' id='word_1_712' title='bbox 2130 4718 2253 4802; x_wconf 56' lang='grc' dir='ltr'><strong>χὴν,</strong></span> <span class='ocrx_word' id='word_1_713' title='bbox 2293 4749 2311 4783; x_wconf 74' lang='grc' dir='ltr'><strong>ι</strong></span> <span class='ocrx_word' id='word_1_714' title='bbox 2347 4733 2580 4794; x_wconf 76' lang='grc' dir='ltr'><strong>ἕκαστος</strong></span> <span class='ocrx_word' id='word_1_715' title='bbox 2606 4729 2903 4800; x_wconf 83' lang='grc' dir='ltr'><strong>δήπουθεν·</strong></span> <span class='ocrx_word' id='word_1_716' title='bbox 2930 4731 3027 4783; x_wconf 81' lang='grc' dir='ltr'><strong>καὶ</strong></span> <span class='ocrx_word' id='word_1_717' title='bbox 3048 4729 3275 4791; x_wconf 78' lang='grc' dir='ltr'><strong>ἀλλοίως</strong></span> <span class='ocrx_word' id='word_1_718' title='bbox 3306 4727 3406 4780; x_wconf 80' lang='grc' dir='ltr'><strong>οὐκ</strong></span> <span class='ocrx_word' id='word_1_719' title='bbox 3437 4725 3611 4778; x_wconf 73' lang='grc' dir='ltr'><strong>ἔστιν.</strong></span> <span class='ocrx_word' id='word_1_720' title='bbox 3653 4720 3735 4793; x_wconf 86' lang='grc'><strong>(8)</strong></span> 
     </span>
    </p>
   </div>
   <div class='ocr_carea' id='block_1_102' title="bbox 2136 4816 3737 4893">
    <p class='ocr_par' dir='ltr' id='par_1_102' title="bbox 2136 4816 3737 4893">
     <span class='ocr_line' id='line_1_102' title="bbox 2136 4816 3737 4893; baseline -0.004 -17"><span class='ocrx_word' id='word_1_721' title='bbox 2136 4823 2323 4888; x_wconf 79' lang='grc' dir='ltr'><strong>Ἀξιον</strong></span> <span class='ocrx_word' id='word_1_722' title='bbox 2346 4823 2528 4876; x_wconf 85' lang='grc' dir='ltr'><strong>τοίνυν</strong></span> <span class='ocrx_word' id='word_1_723' title='bbox 2561 4821 2804 4893; x_wconf 85' lang='grc' dir='ltr'><strong>ἀληθῶς,</strong></span> <span class='ocrx_word' id='word_1_724' title='bbox 2836 4822 3045 4892; x_wconf 82' lang='grc' dir='ltr'><strong>σφόδρα</strong></span> <span class='ocrx_word' id='word_1_725' title='bbox 3079 4820 3363 4890; x_wconf 82' lang='grc' dir='ltr'><strong>θαυμάσαι</strong></span> <span class='ocrx_word' id='word_1_726' title='bbox 3400 4821 3494 4871; x_wconf 79' lang='grc' dir='ltr'><strong>καὶ</strong></span> <span class='ocrx_word' id='word_1_727' title='bbox 3528 4816 3737 4886; x_wconf 82' lang='grc' dir='ltr'><strong>μᾶλλον</strong></span> 
     </span>
    </p>
   </div>
   <div class='ocr_carea' id='block_1_103' title="bbox 2134 4909 3737 4988">
    <p class='ocr_par' dir='ltr' id='par_1_103' title="bbox 2134 4909 3737 4988">
     <span class='ocr_line' id='line_1_103' title="bbox 2134 4909 3737 4988; baseline -0.006 -18"><span class='ocrx_word' id='word_1_728' title='bbox 2134 4915 2454 4988; x_wconf 76' lang='grc' dir='ltr'><strong>φρίξαι.ὃτι</strong></span> <span class='ocrx_word' id='word_1_729' title='bbox 2509 4915 2606 4968; x_wconf 71' lang='grc' dir='ltr'><strong>καὶ</strong></span> <span class='ocrx_word' id='word_1_730' title='bbox 2664 4916 2956 4986; x_wconf 86' lang='grc' dir='ltr'><strong>προφήτης</strong></span> <span class='ocrx_word' id='word_1_731' title='bbox 2992 4915 3086 4968; x_wconf 76' lang='grc' dir='ltr'><strong>καὶ</strong></span> <span class='ocrx_word' id='word_1_732' title='bbox 3134 4913 3437 4982; x_wconf 82' lang='grc' dir='ltr'><strong>νομοθέτης</strong></span> <span class='ocrx_word' id='word_1_733' title='bbox 3470 4913 3565 4965; x_wconf 78' lang='grc' dir='ltr'><strong>καὶ</strong></span> <span class='ocrx_word' id='word_1_734' title='bbox 3613 4909 3737 4962; x_wconf 86' lang='grc' dir='ltr'><strong>θεό-</strong></span> 
     </span>
    </p>
   </div>
   <div class='ocr_carea' id='block_1_104' title="bbox 2136 5003 3740 5079">
    <p class='ocr_par' dir='ltr' id='par_1_104' title="bbox 2136 5003 3740 5079">
     <span class='ocr_line' id='line_1_104' title="bbox 2136 5003 3740 5079; baseline -0.01 -13"><span class='ocrx_word' id='word_1_735' title='bbox 2136 5024 2278 5076; x_wconf 85' lang='grc' dir='ltr'><strong>πτης</strong></span> <span class='ocrx_word' id='word_1_736' title='bbox 2309 5007 2423 5079; x_wconf 74' lang='grc'><strong>96</strong></span> <span class='ocrx_word' id='word_1_737' title='bbox 2455 5009 2549 5062; x_wconf 73' lang='grc' dir='ltr'><strong>καὶ</strong></span> <span class='ocrx_word' id='word_1_738' title='bbox 2567 5007 2990 5078; x_wconf 79' lang='grc' dir='ltr'><strong>ούρανομύστης</strong></span> <span class='ocrx_word' id='word_1_739' title='bbox 3017 5007 3116 5060; x_wconf 74' lang='grc' dir='ltr'><strong>καὶ</strong></span> <span class='ocrx_word' id='word_1_740' title='bbox 3143 5003 3356 5058; x_wconf 74' lang='grc' dir='ltr'><strong>πολλῶν</strong></span> <span class='ocrx_word' id='word_1_741' title='bbox 3393 5003 3555 5056; x_wconf 86' lang='grc' dir='ltr'><strong>θείων</strong></span> <span class='ocrx_word' id='word_1_742' title='bbox 3579 5017 3740 5070; x_wconf 75' lang='grc' dir='ltr'><strong>χαρι-</strong></span> 
     </span>
    </p>
   </div>
   <div class='ocr_carea' id='block_1_105' title="bbox 2139 5090 3739 5170">
    <p class='ocr_par' dir='ltr' id='par_1_105' title="bbox 2139 5090 3739 5170">
     <span class='ocr_line' id='line_1_105' title="bbox 2139 5090 3739 5170; baseline -0.008 -16"><span class='ocrx_word' id='word_1_743' title='bbox 2139 5101 2364 5170; x_wconf 86' lang='grc' dir='ltr'><strong>σμάτων</strong></span> <span class='ocrx_word' id='word_1_744' title='bbox 2398 5098 2663 5164; x_wconf 78' lang='grc' dir='ltr'><strong>ἀξιωθεὶς</strong></span> <span class='ocrx_word' id='word_1_745' title='bbox 2701 5099 2799 5153; x_wconf 73' lang='grc' dir='ltr'><strong>καὶ</strong></span> <span class='ocrx_word' id='word_1_746' title='bbox 2844 5098 3124 5168; x_wconf 78' lang='grc' dir='ltr'><strong>διαφόρων</strong></span> <span class='ocrx_word' id='word_1_747' title='bbox 3157 5095 3498 5166; x_wconf 84' lang='grc' dir='ltr'><strong>τεραστείων</strong></span> <span class='ocrx_word' id='word_1_748' title='bbox 3532 5090 3739 5163; x_wconf 78' lang='grc' dir='ltr'><strong>ὑπηρέ-</strong></span> 
     </span>
    </p>
   </div>
   <div class='ocr_carea' id='block_1_106' title="bbox 2137 5181 3738 5263">
    <p class='ocr_par' dir='ltr' id='par_1_106' title="bbox 2137 5181 3738 5263">
     <span class='ocr_line' id='line_1_106' title="bbox 2137 5181 3738 5263; baseline -0.006 -18"><span class='ocrx_word' id='word_1_749' title='bbox 2137 5181 2240 5263; x_wconf 78' lang='grc' dir='ltr'><strong>της</strong></span> <span class='ocrx_word' id='word_1_750' title='bbox 2271 5192 2568 5261; x_wconf 87' lang='grc' dir='ltr'><strong>γενόμενος</strong></span> <span class='ocrx_word' id='word_1_751' title='bbox 2595 5192 2690 5244; x_wconf 66' lang='grc' dir='ltr'><strong>καλ⁸</strong></span> <span class='ocrx_word' id='word_1_752' title='bbox 2723 5193 2907 5261; x_wconf 88' lang='grc' dir='ltr'><strong>μέντοι</strong></span> <span class='ocrx_word' id='word_1_753' title='bbox 2941 5193 3037 5243; x_wconf 72' lang='grc' dir='ltr'><strong>καὶ</strong></span> <span class='ocrx_word' id='word_1_754' title='bbox 3056 5192 3134 5260; x_wconf 84' lang='grc' dir='ltr'><strong>τῷ</strong></span> <span class='ocrx_word' id='word_1_755' title='bbox 3163 5192 3279 5258; x_wconf 85' lang='grc' dir='ltr'><strong>λαῳ</strong></span> <span class='ocrx_word' id='word_1_756' title='bbox 3310 5187 3404 5241; x_wconf 89' lang='grc' dir='ltr'><strong>τοῦ</strong></span> <span class='ocrx_word' id='word_1_757' title='bbox 3437 5186 3569 5239; x_wconf 84' lang='grc' dir='ltr'><strong>Θεοῦ</strong></span> <span class='ocrx_word' id='word_1_758' title='bbox 3597 5185 3738 5238; x_wconf 82' lang='grc' dir='ltr'><strong>κατά</strong></span> 
     </span>
    </p>
   </div>
   <div class='ocr_carea' id='block_1_107' title="bbox 2139 5277 3738 5354">
    <p class='ocr_par' dir='ltr' id='par_1_107' title="bbox 2139 5277 3738 5354">
     <span class='ocr_line' id='line_1_107' title="bbox 2139 5277 3738 5354; baseline -0.006 -16"><span class='ocrx_word' id='word_1_759' title='bbox 2139 5285 2200 5338; x_wconf 84' lang='grc' dir='ltr'><strong>τὸ</strong></span> <span class='ocrx_word' id='word_1_760' title='bbox 2229 5285 2521 5354; x_wconf 74' lang='grc' dir='ltr'><strong>εἰρημένον</strong></span> <span class='ocrx_word' id='word_1_761' title='bbox 2543 5284 2799 5352; x_wconf 80' lang='grc' dir='ltr'><strong>ἑλόμενος</strong></span> <span class='ocrx_word' id='word_1_762' title='bbox 2830 5281 3335 5352; x_wconf 79' lang='grc' dir='ltr'><strong>συγκακουχεῖσθαι</strong></span> <span class='ocrx_word' id='word_1_763' title='bbox 3371 5278 3607 5333; x_wconf 85' lang='grc' dir='ltr'><strong>τοσαῦτα</strong></span> <span class='ocrx_word' id='word_1_764' title='bbox 3643 5277 3738 5344; x_wconf 75' lang='grc' dir='ltr'><strong>ἔτη</strong></span> 
     </span>
    </p>
   </div>
   <div class='ocr_carea' id='block_1_108' title="bbox 2139 5365 3737 5446">
    <p class='ocr_par' dir='ltr' id='par_1_108' title="bbox 2139 5365 3737 5446">
     <span class='ocr_line' id='line_1_108' title="bbox 2139 5365 3737 5446; baseline -0.006 -19"><span class='ocrx_word' id='word_1_765' title='bbox 2139 5375 2174 5444; x_wconf 77' lang='grc' dir='ltr'><strong>ἢ</strong></span> <span class='ocrx_word' id='word_1_766' title='bbox 2203 5373 2544 5446; x_wconf 72' lang='grc' dir='ltr'><strong>πρόσκαιρον</strong></span> <span class='ocrx_word' id='word_1_767' title='bbox 2572 5373 2719 5442; x_wconf 77' lang='grc' dir='ltr'><strong>ἔχειν</strong></span> <span class='ocrx_word' id='word_1_768' title='bbox 2753 5371 3036 5443; x_wconf 79' lang='grc' dir='ltr'><strong>ἁμαρτίας</strong></span> <span class='ocrx_word' id='word_1_769' title='bbox 3068 5372 3397 5433; x_wconf 79' lang='grc' dir='ltr'><strong>ἀπόλαυσιν,</strong></span> <span class='ocrx_word' id='word_1_770' title='bbox 3434 5365 3553 5421; x_wconf 80' lang='grc' dir='ltr'><strong>εἶτα</strong></span> <span class='ocrx_word' id='word_1_771' title='bbox 3593 5367 3737 5437; x_wconf 78' lang='grc' dir='ltr'><strong>μετά</strong></span> 
     </span>
    </p>
   </div>
   <div class='ocr_carea' id='block_1_109' title="bbox 1668 5607 2560 5672">
    <p class='ocr_par' dir='ltr' id='par_1_109' title="bbox 1668 5607 2560 5672">
     <span class='ocr_line' id='line_1_109' title="bbox 1668 5607 2560 5672; baseline -0.001 -3"><span class='ocrx_word' id='word_1_772' title='bbox 1668 5607 1869 5672; x_wconf 65' lang='lat' dir='ltr'><strong>Varia:</strong></span> <span class='ocrx_word' id='word_1_773' title='bbox 1913 5609 2224 5672; x_wconf 87' lang='lat' dir='ltr'><strong>lectiones</strong></span> <span class='ocrx_word' id='word_1_774' title='bbox 2270 5615 2331 5669; x_wconf 85' lang='lat' dir='ltr'><strong>et</strong></span> <span class='ocrx_word' id='word_1_775' title='bbox 2369 5614 2560 5668; x_wconf 70' lang='lat' dir='ltr'><strong>noun.</strong></span> 
     </span>
    </p>
   </div>
   <div class='ocr_carea' id='block_1_110' title="bbox 513 5797 2176 5868">
    <p class='ocr_par' dir='ltr' id='par_1_110' title="bbox 513 5797 2176 5868">
     <span class='ocr_line' id='line_1_110' title="bbox 513 5797 2176 5868; baseline -0.008 -3"><span class='ocrx_word' id='word_1_776' title='bbox 513 5811 560 5842; x_wconf 84' lang='lat'>&quot;</span> <span class='ocrx_word' id='word_1_777' title='bbox 585 5808 748 5864; x_wconf 85' lang='lat' dir='ltr'><strong>llebr.</strong></span> <span class='ocrx_word' id='word_1_778' title='bbox 786 5821 907 5868; x_wconf 78' lang='lat' dir='ltr'><strong>xm,</strong></span> <span class='ocrx_word' id='word_1_779' title='bbox 945 5805 1032 5858; x_wconf 88' lang='lat' dir='ltr'><strong>t7.</strong></span> <span class='ocrx_word' id='word_1_780' title='bbox 1111 5804 1156 5835; x_wconf 79' lang='lat'><strong>&quot;</strong></span> <span class='ocrx_word' id='word_1_781' title='bbox 1183 5803 1200 5858; x_wconf 93' lang='lat' dir='ltr'><strong>l</strong></span> <span class='ocrx_word' id='word_1_782' title='bbox 1231 5803 1372 5858; x_wconf 86' lang='lat' dir='ltr'><strong>Tim.</strong></span> <span class='ocrx_word' id='word_1_783' title='bbox 1405 5817 1452 5860; x_wconf 80' lang='grc' dir='ltr'><strong>ν.</strong></span> <span class='ocrx_word' id='word_1_784' title='bbox 1483 5802 1583 5863; x_wconf 66' lang='lat'><strong>9:2;</strong></span> <span class='ocrx_word' id='word_1_785' title='bbox 1623 5800 1691 5854; x_wconf 78' lang='lat' dir='ltr'><strong>cf.</strong></span> <span class='ocrx_word' id='word_1_786' title='bbox 1725 5799 1858 5854; x_wconf 81' lang='lat' dir='ltr'><strong>lleb.</strong></span> <span class='ocrx_word' id='word_1_787' title='bbox 1923 5815 2042 5861; x_wconf 80' lang='lat' dir='ltr'><strong>xm.</strong></span> <span class='ocrx_word' id='word_1_788' title='bbox 2091 5797 2176 5853; x_wconf 86' lang='lat' dir='ltr'><strong>t7.</strong></span> 
     </span>
    </p>
   </div>
   <div class='ocr_carea' id='block_1_111' title="bbox 2285 5789 2796 5858">
    <p class='ocr_par' dir='ltr' id='par_1_111' title="bbox 2285 5789 2796 5858">
     <span class='ocr_line' id='line_1_111' title="bbox 2285 5789 2796 5858; baseline -0.012 -8"><span class='ocrx_word' id='word_1_789' title='bbox 2285 5797 2332 5829; x_wconf 60' lang='grc' dir='ltr'><strong>θ’</strong></span> <span class='ocrx_word' id='word_1_790' title='bbox 2370 5795 2506 5850; x_wconf 86' lang='lat' dir='ltr'><strong>Gen.</strong></span> <span class='ocrx_word' id='word_1_791' title='bbox 2555 5808 2670 5858; x_wconf 79' lang='lat' dir='ltr'><strong>xix,</strong></span> <span class='ocrx_word' id='word_1_792' title='bbox 2711 5789 2796 5846; x_wconf 85' lang='lat' dir='ltr'><strong>l7.</strong></span> 
     </span>
    </p>
   </div>
  </div>
