4096 6442
538 414 641 479 199

1749 410 2076 473 GEORGII
2117 415 2574 479 HAMARTOLI

3710 429 3818 493 200

529 527 600 582 de
623 526 887 581 rbamano
902 531 956 578 et
982 522 1207 578 devoret
1230 521 1424 577 cedrus
1450 519 1668 578 Libani.
1698 541 1717 572 ι
1742 519 1899 575 Nune
1925 522 2117 591 igitur,

2226 527 2408 592 δεῦτε,
2443 529 2719 599 ὑπόστητε
2753 532 2813 584 ἑν
2865 533 2932 603 τῇ
2964 533 3095 605 σκιᾷ
3124 551 3250 605 μου,
3278 538 3372 590 καὶ
3401 538 3452 592 ιι
3482 539 3581 608 μὴ.
3609 540 3820 606 ἐξέλθοι

531 621 579 675 si
630 627 780 674 recte
811 615 1183 673 constituistis
1237 629 1404 684 super
1446 627 1544 670 vos
1585 627 1772 682 regem
1803 613 2120 668 Abimelech

532 709 700 764 tilium
716 706 1040 762 concubinis
1066 705 1238 775 patris
1265 704 1388 767 mei,
1404 702 1716 773 egrediatur
1738 701 1882 770 ignis
1904 703 1972 756 de
1988 703 2123 757 Abi-

531 803 741 858 melech
772 812 828 856 et
857 802 1082 856 devoret
1110 799 1261 854 viros
1285 797 1530 861 Sicbem,
1551 805 1605 851 ct
1635 795 1948 865 egrediatur
1979 795 2124 866 ignis

536 896 608 951 de
642 894 776 949 viris
805 893 1027 949 Sichem
1061 900 1116 947 et
1157 891 1378 944 devoret
1407 886 1749 941 Abimelecb.
1791 905 1810 939 ι
1838 886 1971 952 Quae
1999 901 2122 940 cum

528 986 761 1040 dixisset
789 983 1062 1047 Joatham,
1085 982 1240 1052 fugit.
1265 980 1518 1050 Misitque
1543 977 1688 1033 Deus
1713 979 1967 1049 spiritum
1991 993 2120 1048 pes-

529 1075 729 1132 simum
751 1075 894 1128 inter
913 1073 1229 1127 Abimelecb
1249 1081 1301 1127 et
1318 1071 1652 1125 habitatores
1671 1069 1913 1135 Sichem,
1939 1079 1994 1124 et
2010 1085 2126 1124 cce-

530 1175 724 1234 perunt
759 1164 860 1218 viri
911 1163 1127 1218 Sichem
1174 1163 1488 1232 rejicientes
1519 1161 1837 1216 Abimelecb
1875 1160 2123 1215 conferre

531 1257 854 1326 injuslitiatn
877 1267 930 1310 ct
945 1255 1268 1324 sanguinem
1289 1254 1637 1324 septuaginta
1661 1253 1896 1308 filiorum
1916 1251 2124 1306 Gedeo-

532 1350 620 1403 nis
659 1349 714 1402 in
759 1359 923 1416 caput
951 1345 1296 1400 Abimclccb.
1337 1344 1590 1400 Profecto
1625 1345 1769 1399 enim
1802 1343 2119 1398 Abimelcch

531 1444 598 1495 al
639 1440 1013 1494 debellandam
1060 1440 1250 1492 urbem
1290 1448 1345 1492 et
1384 1437 1496 1506 jam
1544 1436 2012 1506 appropinquante
2054 1434 2121 1488 ad

533 1547 744 1600 portam
783 1534 947 1587 turris
982 1542 1041 1586 ut
1071 1548 1190 1586 eam
1224 1532 1537 1587 incenderet
1560 1569 1576 1592 .
1632 1550 1650 1581 ι
1689 1545 1818 1584 ecce
1850 1545 1956 1582 una
2000 1545 2122 1582 mu-

525 1611 633 1679 lier
689 1624 936 1694 fragmen
994 1625 1152 1678 mola:
1206 1623 1446 1692 desuper
1494 1621 1709 1690 jaciens
1755 1634 1921 1690 super
1958 1630 2122 1690 caput

530 1717 674 1787 ejus.
721 1717 992 1788 confregit
1041 1717 1326 1770 cerebrum
1375 1715 1522 1784 ejus.
1552 1737 1571 1765 ο
1622 1712 1727 1779 Qui
1778 1723 1938 1768 vocat
2007 1715 2119 1768 cito

530 1810 862 1880 armigerum
903 1823 1089 1874 suum,
1123 1818 1178 1861 et
1218 1807 1294 1860 ait
1329 1807 1394 1860 ad
1431 1821 1556 1860 eum
1603 1823 1618 1860 :
1671 1823 1689 1855 ι
1725 1803 1968 1874 Evagina
2002 1807 2119 1874 gla-

2235 621 2348 690 πῦρ
2378 619 2473 673 ἀπ’
2502 621 2638 690 ὲμοῦ
2669 624 2767 676 καὶ
2791 627 3106 695 καταφάγω
3130 629 3232 691 τὰς
3263 629 3492 699 κέδρους
3522 633 3619 686 τοῦ
3656 635 3824 690 Λιϐά-

2233 729 2348 765 νου.
2385 713 2495 765 Kal
2525 712 2621 767 νῦν
2647 717 2697 768 εί
2725 717 2788 769 ὲν
2833 717 3067 790 ἀληθεία
3101 719 3496 777 ἀϐασιλεύσατε
3533 725 3628 778 τὸν
3675 727 3823 780 Ἀϐι-

2233 801 2399 872 μέλεχ
2426 803 2541 856 υἱὸν
2579 805 2679 874 τῆς
2704 805 2987 879 παλλακῆς
3009 809 3056 840 δ’
3083 811 3180 885 τοῦ
3219 814 3428 884 πατρός
3457 833 3584 885 μου,
3611 817 3824 884 ἐξέλθοι

2231 887 2345 963 πῦρ
2377 893 2484 946 ἀπὸ
2514 893 2804 967 Ἀϐιμέλεχ
2837 901 2930 952 καὶ
2961 901 3268 970 καταφάγοι
3290 905 3418 968 τοὺς
3443 907 3643 978 ἄνδρας
3673 911 3827 963 Σικί-

2234 997 2370 1050 μων,
2405 982 2502 1034 καὶ
2523 983 2722 1057 ἐξέλθῃ
2754 986 2866 1056 πῦρ
2907 986 3015 1040 ἀπὸ
3045 989 3259 1058 ἀνδρῶν
3309 991 3554 1062 Σικίμων
3586 996 3680 1047 καὶ
3721 1012 3824 1048 κα-

2230 1073 2470 1142 ταφάγοι
2498 1075 2590 1128 τὸν
2622 1073 2969 1150 Ἀϐιμέλεχ.ι
3001 1080 3112 1132 Kal
3141 1080 3315 1135 ταῦτα
3345 1082 3516 1137 εἰπὼν
3557 1085 3824 1155 Ἰιοάθαμ,

2230 1165 2393 1229 εὐθὺς
2447 1168 2682 1238 ἀπέδρα.
2742 1171 2854 1223 Kal
2899 1170 3288 1235 ἐξαπέστειλεν
3337 1175 3366 1228 δ
3417 1175 3553 1240 Θεὸς
3599 1177 3824 1248 πνεῦμα

2231 1257 2471 1328 πονηρὸν
2523 1260 2800 1330 ἀναμέσον
2846 1262 3137 1335 Ἀϐιμέλεχ
3181 1266 3278 1319 καὶ
3305 1267 3583 1337 ἀναμέσον
3609 1269 3827 1338 ἀνδρῶν

2229 1349 2495 1420 Σικίμων,
2522 1353 2612 1405 καὶ
2641 1353 2916 1424 ἠθέτησαν
2938 1357 2988 1408 oi
3018 1357 3214 1427 ἄνδρες
3231 1359 3476 1428 Σικίμων
3499 1363 3558 1414 ὲν
3585 1361 3664 1433 τῷ
3685 1364 3827 1437 οἴκῳ

2243 1439 2533 1512 Ἀϐιμέλεχ
2564 1441 2659 1496 τοῦ
2706 1445 3014 1516 ἐπαγαγεῖν
3047 1449 3148 1520 τὴν
3188 1451 3404 1505 ἀδικίαν
3436 1459 3532 1506 καὶ
3567 1455 3628 1507 τὸ
3679 1451 3827 1526 αἷμα

2229 1532 2338 1585 τῶν
2365 1538 2408 1586 ο¹
2440 1533 2572 1587 υἱῶν
2611 1533 2817 1589 Γεδεὼν
2848 1540 2941 1590 ἐπὶ
2973 1537 3072 1610 τὴν
3095 1541 3339 1613 κεφαλὴν
3379 1543 3692 1615 Ἀϐιμέλεχ.
3713 1547 3823 1602 Καὶ

2229 1625 2340 1694 γὰρ
2367 1624 2623 1678 ἀπελθὼν
2656 1627 2964 1698 πολεμῆσαι
2997 1631 3150 1683 πόλιν
3181 1632 3222 1663 δ’
3243 1634 3334 1685 καὶ
3355 1635 3728 1704 προσεγγίσας
3753 1639 3823 1708 τῇ

2230 1713 2371 1785 θύρᾳ
2402 1716 2495 1769 τοῦ
2523 1717 2736 1786 πύργου
2769 1719 3057 1791 ἐμπρῆσαι
3079 1721 3270 1792 αὐτὴν,
3299 1724 3492 1796 ἔρριψε
3520 1727 3658 1796 γυνὴ
3687 1725 3826 1781 κλά-

2230 1823 2344 1877 σμα
2375 1806 2535 1880 106
2566 1807 2736 1878 μύλου
2760 1809 2853 1861 ἐπὶ
2877 1812 2976 1881 τὴν
2992 1811 3237 1882 κεφαλὴν
3259 1812 3424 1865 αὑτοῦ
3453 1815 3547 1867 καὶ
3571 1817 3825 1887 συνέτρι-

521 1902 684 1960 ,dium
714 1910 867 1955 tuum
903 1909 957 1954 et
982 1907 1203 1969 percute
1240 1913 1349 1963 me,
1381 1913 1449 1952 ne
1481 1897 1621 1952 forte
1652 1896 1870 1951 dicatur
1906 1897 2052 1964 quod
2089 1912 2117 1951 a

2223 1899 2290 1970 ψε
2332 1901 2393 1953 τὸ
2415 1903 2642 1970 κρανίον
2675 1901 2870 1966 αὑτοῦ,
2905 1904 2998 1956 καὶ
3025 1905 3218 1972 ὲπιϐοή
3231 1922 3330 1968 σας
3358 1907 3498 1976 ταχὺ
3530 1897 3654 1961 εἷπε
3680 1912 3825 1978 πρὸς

535 1994 733 2046 femina
770 1991 1086 2046 interfectus
1135 1990 1262 2046 sim.
1319 1986 1386 2043 Et
1412 1989 1687 2059 percussit
1727 2003 1851 2043 eum
1883 1981 2120 2058 armiger

533 2093 588 2136 ct
626 2083 920 2138 interfecit.
954 2081 1016 2136 Et
1050 2082 1285 2136 reddidit
1319 2080 1461 2136 Deus
1485 2081 1692 2134 malum
1725 2079 1873 2149 quod
1913 2079 2122 2135 fecerat

533 2177 847 2230 Abimeleclt
882 2187 1076 2230 contra
1110 2184 1318 2244 patrem
1347 2189 1535 2238 suum,
1561 2170 1869 2228 interfectis
1896 2182 2121 2243 septua-

534 2272 681 2342 ginta
732 2272 860 2327 ﬁliis
919 2271 1092 2342 patris
1145 2271 1255 2335 sui,
1289 2268 1554 2324 fratribus
1606 2267 1758 2333 suis;
1817 2265 2122 2322 Sichimitis

531 2379 773 2434 quoque,
807 2364 1006 2417 malum
1036 2364 1181 2433 quod
1205 2362 1418 2432 operati
1439 2369 1598 2416 erant
1626 2357 1880 2414 retribuit
1902 2357 2114 2427 Dcus,ji

531 2459 758 2511 etvenit
787 2472 954 2524 super
989 2465 1159 2526 caput
1202 2469 1395 2511 eorum
1435 2452 1742 2510 secundum
1788 2450 2023 2505 verbum
2065 2459 2122 2506 et

533 2551 852 2619 parabolam
887 2547 1140 2603 Joatbam
1171 2548 1270 2603 lilii
1303 2545 1582 2602 Jerobaal.

2221 1995 2314 2046 τὸν
2342 1992 2570 2064 αἴροντα
2601 1994 2669 2047 τὰ
2698 1994 2869 2065 σκεύη
2905 1996 3073 2049 αὑτοῦ
3097 2014 3110 2027 ·
3155 1999 3398 2051 «Σπὰσαι
3420 1999 3521 2070 τὴν
3544 2001 3826 2071 ῥομφαίαν

2222 2102 2318 2138 σου
2341 2085 2388 2118 ⁸ο
2420 2087 2514 2138 καὶ
2549 2085 2867 2141 θανάτωσόν
2896 2105 2986 2157 με,
3029 2088 3241 2160 μήποτε
3269 2089 3470 2144 εἴπωσι
3495 2107 3510 2123 ·
3543 2092 3688 2160 Γυνὴ
3717 2095 3827 2147 αὑ-

2220 2177 2312 2231 τὸν
2342 2178 2658 2234 ἀπέκτεινε.
2697 2197 2717 2231 ›
2759 2179 2870 2232 Καὶ
2901 2180 3198 2250 ὲκέντησεν
3230 2182 3394 2236 αὑτὸν
3421 2183 3483 2235 τὸ
3529 2185 3826 2256 παιδάριον

2223 2268 2388 2322 αὑτοῦ
2415 2270 2510 2324 καὶ
2539 2269 2720 2323 ἀνεῖλε
2741 2285 2756 2300 ο
2789 2271 2886 2323 καὶ
2911 2271 3216 2341 ἐπέτρεψεν
3241 2269 3285 2305 ⁸⁸
3305 2276 3334 2326 ό
3361 2274 3498 2338 Θεὸς
3519 2275 3620 2346 τὴν
3646 2293 3828 2348 πονη-

2227 2360 2356 2431 ρίαν
2399 2361 2716 2432 Ἀϐιμέλεχ,
2752 2361 2820 2433 ἦν
2847 2362 3072 2434 ἐποίησε
3101 2363 3180 2435 τῷ
3232 2366 3404 2435 πατρὶ
3457 2365 3652 2430 αὑτοῦ,
3684 2367 3826 2422 ἀπο-

2222 2452 2445 2516 κτείνας
2496 2454 2624 2516 τοὺς
2656 2451 2698 2507 o'
2736 2454 2888 2517 υἱοὺς
2937 2455 3033 2508 τοῦ
3085 2456 3295 2527 πατρὸς
3334 2456 3527 2523 αὐτοῦ,
3553 2457 3826 2526 ἀδελφοὺς

2222 2545 2280 2599 δὲ
2313 2544 2532 2608 ἑαυτοῦ,
2568 2545 2665 2599 καὶ
2700 2547 2882 2600 πᾶσαν
2913 2546 3010 2617 τὴν
3039 2547 3306 2617 πονηρίαν
3346 2549 3456 2601 τῶν
3483 2550 3696 2620 ἀνδρῶν
3726 2550 3824 2602 Σι-

532 2640 768 2710 κιμίῑων
801 2639 1156 2710 ὲπέτρεψενδ
1181 2639 1315 2703 Θεὸς
1345 2639 1442 2693 ἐπὶ
1489 2639 1591 2710 τὴν
1640 2634 1888 2707 κεφαλὴν
1933 2634 2118 2691 αὐτῶν
2157 2636 2303 2692 κατά
2322 2637 2415 2692 τὸν
2434 2635 2595 2706 λόγον
2637 2638 2734 2692 καὶ
2793 2637 2895 2709 τὴν
2957 2639 3278 2712 παραϐολὴν
3313 2640 3541 2696 Ἰωάθαν
3566 2643 3684 2696 υίοῦ
3723 2641 3820 2697 ἰι-

537 2732 745 2806 ροϐἀαλ
769 2732 861 2804 ⁵³).

601 2847 620 2883 ι
640 2830 935 2886 Sciendum
954 2844 1126 2894 nune,
1160 2829 1236 2884 ait
1274 2829 1435 2884 divus
1467 2828 1913 2900 Chrysostomus.
1952 2843 2119 2899 quam

536 2922 828 2993 multiplici
847 2938 1012 2978 sensu
1038 2923 1238 2994 polleat
1258 2924 1374 2977 haec
1399 2937 1503 2977 vox
1537 2923 1819 2993 parabola.
1849 2920 1945 2977 Est
1972 2921 2117 2976 enim

533 3015 788 3084 parabola
802 3030 1006 3080 sermo,
1021 3016 1328 3082 exemplum
1351 3023 1405 3069 et
1425 3013 1799 3084 exprobratio,
1819 3013 1962 3068 sicut
1991 3028 2116 3067 cum

2303 2829 2351 2861 ⁸³
2385 2829 2459 2900 (2)
2490 2847 2509 2881 ι
2547 2828 2746 2885 ’ἰστέον
2776 2829 2893 2898 οὖν,
2925 2832 3093 2902 φησιν
3137 2833 3166 2886 ό
3210 2833 3458 2905 ἀοίδιμος
3504 2836 3824 2905 Χρυσόπο-

2233 2938 2352 2992 μος,
2393 2921 2470 2984 ὡς
2497 2921 2922 2992 πολυσήμαντὸν
2967 2925 3087 2976 ἑστι
3129 2923 3192 2978 τὸ
3216 2924 3388 2996 ϐνομα
3434 2927 3536 2997 τῆς
3564 2928 3823 2997 παραϐο-

2228 3015 2346 3085 λῆς·
2379 3015 2523 3086 (25⁸)
2557 3014 2714 3068 Ἔστι
2745 3017 2851 3088 γάρ
2883 3016 3170 3088 παραϐολὴ
3202 3017 3445 3088 λάλημα,
3474 3019 3569 3074 καὶ
3597 3021 3823 3074 ὑποδει-

532 3109 669 3162 dicit
701 3106 905 3163 David:
946 3127 964 3160 ι
1002 3106 1237 3162 Posuisti
1276 3123 1378 3163 nos
1409 3108 1464 3161 in
1491 3107 1821 3177 'parabolam
1853 3105 1908 3160 in
1945 3107 2117 3176 genti-

2228 3122 2370 3176 γμα,
2402 3107 2497 3159 καὶ⁵
2519 3106 2846 3178 ὀνειδισμὸς,
2879 3108 2954 3172 ὡς
2977 3109 3105 3163 ὅταν
3138 3109 3273 3182 λέγῃ
3302 3111 3467 3164 Δαυῖδ
3490 3127 3504 3141 °
3543 3113 3742 3167 ιἘΘου
3773 3114 3826 3147 ⁸⁵

535 3205 660 3268 bus,
713 3207 1136 3258 commotionem
1191 3202 1386 3272 capitis
1429 3203 1483 3255 in
1527 3200 1764 3271 populis.
1805 3217 1824 3250 ι
1857 3173 2117 3270 Est—quo-

2223 3173 2372 3268 ἡμᾶς
2395 3199 2472 3261 εἰς
2504 3173 2822 3270 παραϐολὴν
2851 3201 2910 3252 ἐν
2937 3201 3050 3264 τοῖς
3071 3173 3304 3266 ἔθνεσι-ν,
3330 3203 3545 3272 κίνησιν
3569 3204 3826 3278 κεφαλῆς

533 3309 642 3363 que
697 3295 956 3362 parabola
1029 3293 1410 3362 amigmaticus
1471 3305 1695 3356 sermo,
1759 3291 1906 3360 quod
1964 3290 2117 3345 multi

2223 3295 2280 3345 ὲν
2307 3295 2419 3355 τοῖς
2449 3292 2620 3353 λαοῖς.
2651 3309 2670 3344 ι
2711 3293 2834 3348 Ἔτι
2865 3289 2914 3325 ⁵⁸
2944 3293 3055 3364 γὰρ
3079 3295 3366 3366 παραϐολὴ
3398 3296 3817 3371 αἰνιγματῶδης

534 3386 892 3456 quaestionem
973 3395 1193 3440 vocant.
1265 3387 1504 3454 Apparet
1576 3383 1798 3454 quidem
1876 3381 2118 3452 aliquid,

536 3494 643 3532 non
699 3488 880 3532 autem
924 3487 1010 3532 est
1051 3491 1234 3533 sermo
1283 3487 1508 3546 apertus
1555 3490 1623 3530 ex
1661 3476 1813 3530 omni
1865 3484 2019 3542 parte
2062 3475 2118 3528 in

535 3572 736 3635 verbis,
774 3572 868 3625 sed
906 3571 1055 3625 intus
1087 3569 1292 3639 aliquid
1342 3569 1504 3623 habet
1539 3568 1949 3631 absconditum,
1975 3567 2120 3622 sicut

532 3665 753 3730 quando
778 3662 916 3716 dixit
947 3663 1178 3716 Samson
1220 3678 1235 3714 :
1271 3677 1291 3712 ι
1333 3663 1406 3714 De
1461 3673 1558 3714 ore
1609 3657 1736 3714 forti
1771 3671 1992 3729 egressa
2032 3667 2120 3713 est

531 3753 784 3817 dulcedo,
825 3773 844 3806 ι
876 3763 930 3808 et
960 3754 1222 3808 Salomon
1256 3751 1437 3807 dixit:
1488 3767 1507 3804 ι
1543 3751 1695 3806 Tunc
1726 3751 2118 3806 animadvertis

531 3846 843 3914 parabolam
875 3854 929 3900 et
961 3845 1257 3900 obscurum
1290 3852 1623 3898 sermonem.
1656 3861 1675 3894 ι
1711 3843 1920 3897 Dicitur
1949 3841 2114 3896 etiam

532 3939 790 4009 parabola
831 3938 1134 3992 similitudo
1168 3943 1182 3991 ἑ
1220 3953 1238 3986 ι
1272 3932 1339 3989 Ει
1369 3937 1532 3990 aliam
1563 3933 1878 4004 parabolam
1915 3945 2119 4004 propo-

529 4034 639 4086 suit
663 4033 742 4086 eis
771 4031 960 4085 dicens
991 4049 1003 4085 :
1029 4029 1218 4084 Simile
1246 4026 1447 4083 factum
1479 4036 1563 4084 est
1590 4041 1816 4097 regnum
1848 4028 2116 4082 caelorum

532 4125 733 4178 homini
754 4125 843 4192 qui
864 4123 1153 4177 seminavit
1174 4122 1374 4176 bonum
1404 4135 1587 4176 semen
1605 4120 1801 4190 inagro
1831 4133 1954 4173 suo.
1979 4138 1998 4171 ι
2022 4119 2114 4174 Di-

528 4217 669 4269 citur
684 4230 900 4286 quoque
917 4212 1176 4284 parabola
1199 4213 1426 4282 figurata
1461 4212 1660 4274 oratio,
1681 4211 1824 4265 sicut
1840 4210 1912 4265 ibi
1933 4226 1948 4264 :
1973 4227 1992 4262 ι
2015 4208 2116 4264 Fili

531 4307 793 4370 hominis,
826 4305 914 4360 dic
947 4306 1028 4361 eis
1059 4304 1373 4377 parabolam
1405 4304 1547 4357 hanc
1601 4320 1616 4357 :
1663 4303 1858 4372 Aquila
1895 4303 2116 4372 grandis

532 4413 854 4468 magnarum
889 4396 1122 4452 alarum.
1163 4413 1182 4447 ι
1226 4393 1493 4449 Parabola
1526 4393 1728 4448 dicitur
1758 4392 1923 4447 etiam
1955 4401 2115 4463 typus

529 4504 581 4545 et
607 4494 808 4560 imago,
835 4497 893 4542 ut
923 4489 1140 4558 quando
1163 4487 1365 4541 Paulus
1386 4488 1462 4540 ait
1490 4502 1536 4540 ει
1571 4483 1701 4540 Fide
1723 4485 1923 4539 obtulit
1945 4486 2118 4538 Abra-

531 4588 654 4636 ham
692 4582 878 4645 lsaac,
904 4597 1026 4634 eum
1056 4587 1380 4644 tentaretur,
1403 4589 1456 4632 et
1487 4576 1824 4648 unigenitum
1855 4573 2118 4630 offerebat

527 4675 620 4742 qui
649 4682 965 4743 susceperat
987 4673 1463 4742 repromissiones,
1483 4671 1626 4724 unde
1645 4686 1769 4724 eum
1794 4681 1846 4724 et
1871 4670 1925 4724 in
1955 4685 2115 4740 para-

529 4767 704 4818 holam
733 4765 962 4834 accepit,
991 4783 1009 4815 ι
1048 4765 1100 4819 id
1129 4763 1440 4834 estin'typo
1471 4772 1526 4817 et
1552 4763 1809 4832 imagine.
1845 4761 2111 4816 Parabol'a

529 4871 613 4913 est
647 4874 830 4912 sermo
876 4872 1205 4928 comparans
1240 4854 1597 4910 sensibilibus
1650 4855 2031 4908 intellectualis
2060 4863 2115 4907 et

527 4959 842 5004 monstrans
904 4966 968 5004 ex
1052 4948 1412 5003 inferioribus
1468 4959 1523 5002 et
1581 4947 1890 5001 Visiliililius
1951 4946 2116 5000 rebus

528 5043 883 5111 praesentibus
960 5041 1247 5112 superiora
1325 5050 1379 5094 et
1473 5039 1790 5094 invisibilia.
1888 5037 2113 5091 Proble-

498 5124 616 5186 'nta
673 5146 757 5186 est
825 5150 1006 5188 sermo
1061 5137 1331 5190 obscurus
1399 5141 1453 5188 et
1501 5132 1906 5201 ainlgmaticns,
1968 5130 2112 5184 sicut

526 5228 730 5279 dictum
774 5235 852 5281 est
919 5243 936 5280 :
1013 5244 1031 5277 ι
1090 5225 1365 5280 lnclinabo
1426 5226 1480 5279 in
1540 5224 1855 5295 parabolam
1917 5236 2107 5275 aurem

527 5331 744 5383 meam;
809 5319 1050 5388 aperiam
1094 5319 1147 5372 in
1183 5319 1442 5389 psalterio
1487 5317 1766 5387 problems
1834 5329 2039 5371 meum.
2084 5331 2106 5365 ›

2220 3383 2399 3452 λόγος,
2431 3383 2458 3437 ὃ
2483 3384 2670 3438 πολλοὶ⁸
2703 3383 2926 3454 λέγουσι
2949 3385 3193 3457 ζήτημα,
3229 3388 3495 3459 ιμφαῖνον
3517 3405 3569 3444 τι
3600 3391 3668 3456 ⁸⁸,
3713 3393 3826 3446 οὐκ

2220 3475 2449 3529 αὐτόθεν
2491 3475 2550 3528 δὲ
2595 3475 2755 3546 δῆλον
2788 3476 3011 3540 πάντως
3061 3478 3171 3531 ἀπὸ
3221 3478 3330 3533 τῶν
3364 3481 3654 3552 ῥημάτων,
3696 3483 3824 3539 ἀλλ’

2219 3565 2343 3635 ἔχον
2374 3565 2419 3598 ⁸⁷
2455 3564 2612 3629 me;
2659 3568 3130 3639 ὲγκεκρυμμένην
3175 3567 3421 3624 διάνοιαν
3445 3612 3460 3638 ,
3505 3572 3582 3636 ὡς
3626 3574 3759 3628 ὃταν
3792 3577 3825 3630 ὁ

2219 3655 2461 3727 Σαμψὼν
2507 3656 2694 3726 ἔλεγεν
2727 3658 2774 3690 ⁸⁸
2811 3677 2830 3711 ι
2871 3657 3096 3731 Ἐξῆλϐε
3131 3659 3240 3714 ἀπὸ
3272 3663 3542 3733 στόματος
3589 3665 3819 3737 ἰσχυροῦ

2222 3747 2418 3816 γλυκὺ,
2459 3765 2478 3800 ι
2519 3751 2615 3803 καὶ
2645 3748 2674 3802 ό
2698 3748 2954 3822 Σολομὼν
2980 3752 3084 3822 ἔφη
3108 3768 3123 3783 ο
3176 3769 3196 3805 ι
3222 3750 3356 3807 Τότε
3382 3755 3601 3825 νοήσεις
3632 3768 3820 3828 παραυ

2219 3847 2384 3918 ϐολήν
2410 3846 2505 3901 καὶ
2538 3842 2814 3898 σκοτεινὸν
2847 3841 3006 3912 λόγον
3035 3845 3137 3898 ⁸⁸⁸.»
3169 3845 3409 3911 Λέγεται
3443 3843 3498 3900 δὲ
3523 3847 3823 3919 παραϐολὴ

2219 3940 2620 4011 καὶεὸμοίωσιςο
2655 3955 2673 3991 t
2709 3939 2818 3992 Kal
2854 3937 3024 4010 ἀλλην
3072 3941 3183 4010 γὰρ
3211 3939 3531 4012 παραϐολὴν
3562 3943 3826 4015 παρέθη-

2218 4047 2314 4083 κεν
2342 4030 2526 4091 αὐτοῖς
2549 4026 2746 4096 λέγων.
2793 4027 2993 4096 Ὁμοία
3021 4029 3168 4080 ἐστὶν
3216 4031 3248 4100 ἡ
3291 4029 3539 4099 βασιλεία
3577 4032 3686 4084 τῶν
3718 4035 3824 4087 οὑ-

2221 4117 2400 4190 ρανῶν
2423 4117 2699 4190 ἀνθρώπῳ
2725 4119 3008 4191 σπείροντι
3044 4120 3209 4173 καλὸν
3241 4122 3444 4193 σπόρον
3479 4123 3545 4178 “.
3583 4141 3602 4176 ι
3641 4110 3834 4193 Λέγεέ

2216 4227 2306 4266 ται
2337 4212 2394 4266 δὲ
2439 4211 2724 4283 παραϐολὴ
2776 4213 2870 4264 καὶ
2914 4213 2948 4282 ἡ
3000 4211 3350 4283 τροπολογία,
3409 4207 3524 4268 οἷον
3565 4215 3684 4268 ἐστὶ
3709 4217 3826 4270 τό·

2223 4323 2240 4357 ι
2281 4306 2378 4358 Υἱὲ
2417 4303 2734 4376 ἀνθρώπου,
2787 4299 2946 4357 εἷπον
2972 4305 3158 4369 αὐτοῖς
3196 4305 3295 4376 τὴν
3329 4307 3645 4379 παραϐολὴν
3673 4309 3828 4362 ταύ-

2217 4411 2357 4464 τηνο
2423 4397 2482 4450 Ὀ
2537 4395 2696 4460 ἀετὸς
2753 4393 2782 4448 ό
2816 4397 3302 4468 μεγαλοπτέρυγος
3348 4401 3414 4452 ⁵³.
3455 4417 3475 4452 ι
3517 4400 3829 4474 Παραϐολὴ

2219 4489 2439 4556 λέγεται
2470 4489 2567 4542 καὶ
2589 4492 2616 4541 ὁ
2647 4487 2820 4550 τύπος
2850 4491 2942 4540 καὶ
2974 4489 3007 4556 ἠ
3033 4490 3202 4542 εἰκὼν
3225 4490 3300 4552 ὡς
3327 4493 3354 4544 ὁ
3381 4489 3594 4555 Παῦλος
3619 4492 3722 4563 ἔφη
3743 4495 3827 4550 ⁸³.

2227 4597 2245 4629 ι
2289 4578 2476 4630 Πίστει
2510 4577 2913 4647 προσενήνοχεν
2956 4578 3210 4648 Ἀϐραὰμ
3260 4582 3353 4633 τὸν
3395 4582 3580 4635 Ἰσαὰκ
3613 4599 3826 4653 πειρα-

2219 4669 2470 4739 ζόμενος,
2499 4670 2707 4722 καὶτὸν
2739 4673 3002 4741 μονογενῆ
3028 4673 3373 4746 προσέφερεν
3411 4676 3511 4738 τὰς
3551 4675 3596 4708 ⁶²
3633 4677 3830 4746 ἑπαγ-

2218 4762 2405 4829 γελίας
2440 4760 2873 4829 ἀποδεξαμενος,
2923 4763 3049 4816 ὅθεν
3099 4767 3195 4817 καὶ
3241 4768 3301 4819 ὲν
3330 4767 3620 4839 παραϐολῇ
3647 4768 3830 4824 αὑτὸν

2205 4853 2534 4924 ἐκομίσατο,
2561 4873 2580 4906 ι
2618 4854 2898 4909 τουτέστιν
2936 4858 2993 4909 ὲν
3019 4855 3176 4930 τύπῳ
3217 4861 3311 4912 καὶ
3337 4861 3530 4915 εἰκόνι.
3568 4881 3587 4914 ι
3611 4889 3679 4905 --
3701 4863 3830 4916 Πα-

2203 4941 2209 4947 ’
2224 4945 2427 5018 ραὸο).ή
2447 4948 2566 4999 ἐστι
2591 4945 2752 5013 λόγος
2783 4947 3153 5017 παραϐάλλων
3178 4952 3247 5003 τά
3281 4953 3449 5021 νοητά
3470 4951 3608 5022 πρὸς
3631 4954 3702 5006 τά
3729 4956 3825 5006 αἱ·

2223 5039 2396 5104 σθητὰ
2428 5038 2528 5091 καὶ
2554 5035 2839 5107 παριστῶν
2875 5041 2939 5092 ὲκ
2970 5039 3080 5092 τῶν
3117 5041 3433 5111 ὲγκοσμίων
3468 5045 3565 5098 καὶ
3595 5045 3828 5114 ὁρατῶν

2207 5131 2288 5183 ’τά
2316 5130 2667 5200 ὐπερκόσμια
2698 5132 2792 5183 καὶ
2820 5132 3124 5199 ἀόρατα.·-
3143 5135 3188 5164 ⁸⁵
3225 5153 3241 5185 ι
3275 5134 3580 5208 Πρόϐλημα
3607 5139 3665 5190 δέ
3693 5141 3829 5193 ἐστι

2220 5223 2374 5290 λόγος
2400 5224 2861 5292 συνεσκιασμένος
2895 5225 3052 5296 107
3076 5227 3170 5280 ml
3200 5229 3631 5301 αἰνιγματώδης,
3667 5234 3832 5285 κατά

2218 5315 2280 5368 τὸ
2310 5316 2625 5385 εἰρημένον,
2672 5334 2690 5367 ι
2729 5317 2912 5370 Κλινῶ
2961 5320 3042 5381 είς
3086 5319 3406 5389 παραϐολὴν
3452 5322 3515 5375 τὸ
3544 5321 3638 5386 οὖς
3681 5339 3830 5393 μου,

1715 5460 1916 5524 νει-ἰῶ
1966 5458 2284 5523 lectiones
2318 5466 2382 5522 et
2422 5469 2608 5524 noue.
2692 5539 2697 5543 Ι

505 5660 512 5664 ,
597 5621 640 5656 ι·
677 5622 789 5673 θεὸν
821 5619 1114 5688 παιδίσκης
1138 5619 1224 5676 18,
1301 5619 1348 5651 δ’
1383 5618 1603 5675 πόλεσιν
1634 5620 1758 5676 cod.
1835 5620 1885 5651 '°
1916 5619 2128 5673 σπάσον
2180 5619 2249 5690 τὴ

2411 5635 2514 5692 μου
2539 5617 2651 5692 Βία
2706 5620 2774 5692 δέ,
2803 5620 2994 5691 έπετρ.
3030 5621 3065 5676 ι.
3096 5621 3324 5692 ὲπεστρ.
3351 5622 3472 5676 cod.
3549 5623 3596 5654 "
3636 5624 3825 5691 Ἱεροο

597 5636 640 5656 ⁸·
677 5636 789 5673 υιον
821 5636 1114 5688 παιοισκης
1138 5636 1224 5676 ιδ.
1301 5636 1348 5651 ’⁷
1383 5636 1603 5675 ποΑεστν
1634 5636 1758 5676 cna.
1835 5636 1884 5651 ’ν
1916 5636 2117 5673 σπασσι.

524 5693 664 5746 ϐἀαλ
690 5696 724 5746 l.
765 5691 1052 5758 Ἰεοοϐοάμ
1090 5694 1212 5746 cod.
1288 5691 1336 5723 ⁸³
1359 5691 1492 5745 Ced.
1528 5691 1913 5755 96,?3-97J7.
1949 5689 2117 5760 Chrys

2223 5636 2376 5744 magi)
2411 5636 2514 5688 μου
2539 5636 2628 5672 ut.
2706 5636 2747 5651 ν’
2803 5636 2994 5691 επετρ.
3032 5636 3065 5676 t.
3096 5636 3324 5692 επεστρ.
3351 5636 3472 5676 eoa.
3549 5636 3596 5654 "
3637 5636 3825 5691 'ttpo-

2223 5730 2232 5754 ,
2363 5691 2374 5707 '
2417 5691 2478 5744 Ι).
2559 5691 2601 5720 ⁵³
2642 5690 2692 5744 λ.
2727 5689 2852 5742 εθου
2883 5695 3016 5746 Chr.
3054 5692 3145 5747 Ps.
3180 5707 3324 5760 xmv,
3359 5693 3444 5746 ιι.
3523 5693 3570 5727 ⁸⁸
3599 5694 3716 5746 ιστι
3746 5714 3828 5752 π.

525 5764 653 5817 tlbr.
731 5763 777 5793 ⁸⁸
810 5757 1147 5829 ἐμφαίνοντα
1189 5762 1320 5814 (led.
1355 5764 1621 5830 ἐμφαῖνον
1654 5764 1754 5830 μέν
1777 5777 1828 5813 τι
1853 5763 1984 5815 Chr.
2044 5757 2117 5814 πά

2223 5806 2224 5809 η
2254 5762 2386 5814 (led.
2463 5762 2510 5792 "
2543 5760 2603 5812 ὃν
2628 5761 2759 5814 Chr.
2785 5760 2924 5829 ἔχων
2955 5765 3077 5817 cod.
3151 5763 3199 5794 “
3223 5757 3310 5816 οἷα
3341 5765 3408 5814 τὰ
3429 5763 3532 5815 ατοῦ
3565 5763 3622 5817 Σ.
3642 5763 3679 5817 ἃ
3719 5766 3828 5827 ελ,

529 5836 656 5884 llhr.
691 5830 816 5884 Just.
850 5847 957 5896 λιν,
994 5830 1081 5882 H.
1158 5833 1204 5864 ¹¹⁹
1241 5833 1399 5883 Ι⁵ι·ον.
1431 5848 1465 5891 ι,
1501 5832 1555 5886 6.

529 5919 693 5961 φεοεν
724 5905 818 5960 τὰς
877 5903 911 5954 l.
946 5902 1284 5956 ποοσέςοεοεν
1310 5905 1337 5954 ὁ
1360 5901 1457 5964 τάς
1484 5903 1606 5958 cod.
1685 5903 1726 5932 ⁸⁷⁵
1762 5903 1889 5954 Chr.
1921 5901 2025 5956 207
2049 5899 2112 5954 C.

1634 5834 1678 5863 ⁶⁰
1713 5831 1903 5883 Matth.
1934 5847 2052 5889 xm.
2091 5832 2117 5883 Ξ

2260 5833 2301 5862 ⁶¹
2337 5832 2430 5884 Εῑ.
2461 5847 2592 5896 xv",
2621 5835 2675 5897 σε,
2715 5834 2768 5889 5.
2852 5834 2895 5863 ⁶¹
2929 5832 3092 5886 llcbr.
3131 5849 3205 5897 χι,
3249 5831 3334 5898 17,
3370 5833 3454 5888 i9.
3531 5834 3575 5866 ⁸³
3609 5839 3816 5888 nauci-
