4096 6416
403 398 498 463 205
1622 405 1719 464 CH
1732 403 1882 464 RON
1896 404 1911 461 1
1924 402 1999 460 CC

2132 423 2201 432 ν-
2241 399 2389 459 I.lli.
2441 397 2517 455 I1.

3590 395 3696 459 906

407 514 592 588 καιροῦ
628 513 961 580 καλοῦντος,
1004 516 1167 587 llo
1198 517 1302 571 ὑπὸ
1336 517 1436 587 τῆς
1473 517 1625 580 θείας
1664 516 1820 584 δίκης
1868 512 1999 567 ἐνδί-

2111 518 2357 562 calorum
2395 507 2733 576 plenitudine
2780 507 3086 572 inductum,
3120 507 3263 578 apud
3308 507 3481 564 Deum
3521 511 3698 565 deter-

402 628 509 673 κως
536 608 972 679 ἐπαιδεύθησαν,
1078 628 1244 680 φησιν
1275 612 1318 643 ⁹¹
1345 628 1357 641 ’
1410 629 1428 662 t
1461 612 1632 663 Ὅταν
1685 608 1838 663 λὰδω
1872 626 1998 661 και-

404 704 517 772 ρὸν,
552 700 663 769 ἐγὼ
690 701 1005 772 εῦθύτητας
1041 703 1231 774 κρινῶ.
1266 722 1282 753 ι
1320 702 1531 773 Καιρὸν
1559 702 1617 755 δὲ
1649 701 1796 769 λέγει
1816 700 1907 754 τὸν
1935 702 2000 752 ἐκ

401 793 496 847 τοῦ
531 792 771 863 πλήθους
802 792 916 845 τῶν
968 793 1385 866 ἁμαρτημάτων
1414 791 1786 861 συναγόμενόν
1814 807 1872 843 τε
1904 791 2001 843 καί¹

407 886 923 957 σνναριθμούμενον
978 886 1133 957 παρὰ
1161 886 1321 952 Θεοῦ,
1386 887 1482 939 καὶ
1515 883 2000 956 προσκαλούμενον

398 979 503 1048 τὴν
533 978 817 1046 ἐκδίκησιν
857 978 955 1031 καὶ.
989 977 1088 1048 τὴν
1148 978 1529 1040 ἀνταπόδοσιν,
1573 976 1761 1040 καθὼς
1798 977 2003 1044 γέγρα-

402 1087 537 1122 πται
594 1072 650 1121 ὲν
700 1069 811 1139 ᾠδῇ
869 1068 1151 1132 Μωυσέως
1200 1068 1281 1100 ”’
1327 1070 1404 1139 (3)
1451 1088 1468 1120 ι
1508 1068 1623 1120 Ούκ
1678 1067 1787 1120 ίδοῦ
1828 1066 2001 1119 ταῦτα

399 1162 677 1230 συνῆκται
705 1160 836 1231 παρ’
864 1160 995 1230 ἐμοὶ
1027 1162 1121 1213 καὶ
1156 1162 1521 1231 ὲσφράγισται
1566 1163 1624 1213 ἐν
1655 1163 1769 1224 τοῖς
1795 1161 2001 1232 θησαυ-

400 1256 521 1323 ροίς
557 1271 663 1323 μου
688 1294 705 1316 ,
738 1254 797 1304 ἐν
857 1254 1045 1323 ἡμέρᾳ
1080 1253 1411 1325 ἐκδικήσεως
1446 1254 1540 1307 καὶ
1569 1254 2000 1317 ἁνταποδώσεως

402 1348 464 1399 ἐν
498 1345 547 1376 ’³
585 1344 765 1416 καιρῷ
798 1345 929 1397 ὅταν
987 1344 1169 1416 σφάλῃ
1203 1347 1231 1399 6
1270 1345 1408 1409 ποῦς
1461 1347 1680 1411 αὐτῶν,
1724 1364 1743 1398 ι
1790 1348 1886 1401 καὶ
1930 1348 2001 1400 τὰ

398 1438 551 1505 ἑξῆς.
581 1436 770 1500 υῦτως
804 1454 868 1505 γε
908 1437 1018 1508 μὴν
1047 1439 1141 1489 καὶ
1178 1439 1267 1491 ὅτε
1305 1440 1436 1509 ἔστη
1464 1442 1522 1493 ἐν
1545 1443 1612 1511 τῇ
1642 1440 1871 1509 θραύσει
1900 1442 2000 1493 αύ-

394 1527 493 1582 τοῦ
520 1528 967 1597 πρεσϐευόμενος
984 1528 1082 1582 τοῦ
1112 1528 1495 1601 ἐξολοθρεῦσαι
1512 1531 1560 1562 ⁸⁸
1579 1532 1671 1584 τὸν
1705 1531 2001 1601 ἀγνώμονα

396 1620 530 1673 λαὸν
574 1622 670 1673 καὶ
702 1619 1204 1691 φιλαμαρτήμονα,
1243 1622 1627 1693 παρακληθεὶς
1667 1624 1807 1687 τέως
1834 1663 1848 1688 ,
1893 1624 1998 1694 ἔφη

396 1714 536 1783 πρὸς
568 1713 733 1766 αὐτόν
760 1714 807 1744 ⁸⁵
831 1731 844 1745 ·
885 1731 906 1764 ι
942 1712 1058 1767 Νῦν
1094 1713 1276 1784 βάδιζε
1314 1715 1449 1786 πρὸς
1468 1716 1529 1768 τὸ
1563 1716 1740 1787 παρὸν
1779 1716 1868 1769 διὰ
1902 1717 1998 1786 τὴν

398 1805 753 1876 παράκλησίν
780 1822 898 1870 σου,
930 1807 1026 1861 καὶ
1046 1806 1318 1877 ὁδήγησον
1342 1810 1435 1861 τὸν
1457 1807 1614 1861 λαόν·
1697 1809 1741 1860 δ’
1768 1807 1834 1860 ἂν
1863 1809 1999 1878 ήμὲο

401 1914 472 1967 pq
512 1897 965 1967 ἐπισκέπτωμαι,
1013 1898 1203 1966 ἐπάξω
1234 1902 1313 1963 εἰς
1346 1902 1545 1963 αὐτοὺς
1585 1900 1681 1970 τὴν
1716 1901 1993 1971 ἁμαρτίαν

398 1987 603 2040 αὐτῶν.
641 2007 660 2037 ι
732 1988 845 2040 Καὶ
879 1988 1080 2057 ἐπάγει
1130 1989 1366 2058 λέγουσα
1420 1991 1454 2060 ἡ
1504 1990 1696 2061 Γραφή
1728 1990 1803 2022 9"
1847 2009 1865 2042 ι
1893 1992 2000 2043 Καὶ

394 2079 642 2146 ἐπάταξε
680 2080 887 2150 Κύριος
912 2080 1005 2132 τὸν
1034 2078 1162 2134 λαὸν
1185 2082 1313 2151 περὶ
1337 2081 1436 2149 τῆς
1467 2082 1743 2151 ποιήσεως
1769 2079 1863 2133 τοῦ
1900 2080 2000 2151 μόσ-

400 2186 569 2240 σχου·
609 2190 628 2221 ι
686 2170 829 2223 ὥστε
877 2170 971 2224 οὖν
1024 2172 1311 2242 ἀμήχανον
1361 2172 1534 2236 ὅντως
1574 2173 1671 2227 καὶ
1703 2173 2000 2242 ἀνέφικτον

399 2260 698 2328 διαδρᾶναι
735 2260 833 2327 τὴν
892 2258 1156 2330 θεήλατον
1192 2261 1371 2331 δίκην,
1405 2261 1455 2314 εί
1487 2264 1582 2315 καὶ
1630 2263 1781 2333 παρὰ
1832 2262 2001 2325 πόδας

405 2351 514 2401 οὐκ
538 2351 737 2414 ἐπάγει
765 2354 870 2414 τοῖς
900 2354 1282 2423 ἁμαρτάνουσι
1312 2355 1543 2426 ταύτην,
1599 2355 1998 2427 μακροθυμῶν,

415 2441 495 2502 ὡς
532 2441 758 2506 ἀγαθὸς,
811 2445 895 2496 καὶ
927 2444 1339 2516 φιλάνθρωπος,
1379 2448 1475 2500 καὶ
1509 2448 1610 2518 τὴν
1658 2446 2001 2519 ἐπιστροφὴν

417 2534 797 2603 ἐκδεχόμενος,
828 2538 857 2607 ἡ
890 2537 988 2608 τὴν
1029 2538 1126 2590 ἐπὶ
1157 2539 1224 2592 τὰ
1276 2540 1448 2611 χείρω
1495 2541 1768 2611 πρόϐασίν
1796 2558 1856 2594 τε
1904 2541 2002 2596 καὶ

405 2624 763 2695 δύστροπίαν,
796 2627 870 2691 ὡς
903 2628 992 2681 διὰ
1040 2630 1292 2702 βραχέων
1338 2632 1556 2698 σαφέως
1591 2633 1995 2688 ἀποδέδεικται.

400 2717 485 2788 (5)
524 2719 634 2772 Καὶ
658 2719 790 2787 γοῦν
816 2724 843 2775 6
875 2722 1055 2791 μέγας
1086 2722 1189 2793 ἔφη
1224 2724 1497 2795 Κύριλλος
1524 2743 1538 2757 ·
1575 2727 1619 2759 ⁸⁷
1657 2745 1677 2779 ι
1708 2726 1997 2797 Μετροῦν-

394 2827 491 2863 ται
521 2812 579 2863 δὲ
617 2811 726 2865 τῶν
755 2814 861 2865 ἁνὰ
905 2816 1088 2868 πᾶσαν
1133 2816 1231 2888 τὴν
1278 2818 1383 2888 γῆν
1413 2818 1719 2889 ἀνθρώπων
1753 2819 1822 2873 τὰ
1856 2819 2000 2874 κατὰ

397 2904 631 2972 καιροὺς
658 2904 1137 2976 πλημμελήματα,
1167 2908 1206 2962 ’ἃ
1240 2910 1336 2962 καὶ
1382 2912 1544 2979 μέχρι
1588 2910 1889 2980 ποσότητος
1916 2927 1999 2964 τι-

399 3009 489 3055 νος
526 2993 757 3064 ἐκδήλου
792 2996 889 3065 τῆς
928 2997 1205 3067 ἁμαρτίας
1235 2999 1394 3070 ἡμῶν
1439 3001 1539 3053 οὐκ
1567 2998 1733 3072 οὔσης
1756 3016 1769 3032 ·
1800 3000 1997 3068 ἐπάγει

399 3086 459 3138 δὲ
482 3087 791 3158 τηνικαῦτα
821 3088 922 3151 τὰς
969 3088 1123 3153 δίκας
1171 3091 1453 3163 λελυμένῳ
1509 3093 1536 3143 6
1567 3092 1867 3161 νομοθέτης
1893 3091 2000 3146 Κύ-

405 3194 543 3241 ρ;ος·
564 3179 922 3252 διακαρτερεί
947 3182 1003 3235 δὲ
1032 3181 1092 3248 ἐξ
1128 3183 1371 3253 ἐμφύτου
1403 3183 1842 3254 φιλανθρωπίας,
1878 3183 1991 3236 ἔσθ’
2019 3222 2064 3279 c

397 3270 491 3324 ὅτε
512 3273 607 3324 καὶ
628 3270 1099 3343 πλημμελούντων
1124 3275 1377 3346 ἀνέχεται
1381 3328 1398 3355 ,
1425 3276 1526 3330 οὐκ
1547 3277 1627 3339 είς
1656 3275 1804 3331 ἅπαν
1826 3278 1995 3346 ἀγαν-

398 3366 619 3415 ακτῶνο
652 3368 748 3418 καὶ
782 3366 892 3436 γὰρ
946 3366 1049 3439 ἔφη
1101 3368 1238 3439 πρὸς
1300 3370 1392 3422 τὸν
1420 3368 1675 3440 ’Δδραάμ
1701 3369 1781 3401 ⁸⁸·
1828 3368 1997 3423 Οὔπω

398 3456 908 3527 ἀναπεπληρωνται
958 3462 1012 3512 αί
1049 3460 1316 3533 ἁμαρτίαι
1365 3460 1477 3513 τῶν
1508 3461 1856 3533 Ἀμορραίων
1891 3462 1997 3525 ’έως

398 3544 498 3596 τοῦ
527 3545 647 3599 νῦν.
714 3548 858 3617 Πρὸς
901 3549 957 3603 δέ
1006 3567 1068 3617 γε
1104 3550 1229 3613 τοὺς
1273 3552 1601 3622 Φαρισαίους
1670 3550 1995 3615 ἀκαθέκτως

399 3634 785 3706 ῗςελυπηκότας
838 3640 1003 3709 φησίν
1054 3641 1131 3672 ’θ’
1169 3660 1186 3692 ι
1240 3641 1430 3711 Ὑμεῖς
1458 3641 1894 3713 ἀναπληρώσατε
1933 3643 1997 3696 τὸ

402 3726 611 3798 μέτρον
635 3729 746 3781 τῶν
776 3732 1033 3802 πατέρων
1057 3732 1231 3804 ὑμῶν.
1270 3752 1288 3784 ι
1328 3733 1541 3788 Οὐκοῦν
1561 3735 1610 3788 εί
1644 3733 1887 3805 βούλοιτὸ
1911 3750 1995 3798 τις

400 3817 691 3874 διαϐιῶναι
718 3823 816 3893 μὲν
850 3822 1047 3894 ὀρθῶς,
1082 3824 1512 3889 εύδουλεστάτας
1539 3825 1595 3877 δέ
1628 3826 1723 3878 καὶ
1753 3826 1997 3879 ἐπιεικε-

402 3914 611 3973 στάτας
640 3918 699 3967 ἐν
723 3916 860 3986 τῷδε
885 3917 962 3987 τῷ
1007 3918 1107 3989 βίῳ
1135 3918 1410 3973 ποιεῖσθαι
1441 3919 1539 3981 τὰς
1565 3917 1871 3990 διατριϐὰς,
1900 3920 1994 3988 ὀρ-

401 4006 698 4075 θοποδὴσει
727 4011 821 4061 καὶ
850 4012 864 4040 ¹
897 4011 1207 4076 διανύξεται
1241 4011 1309 4064 τὰ
1340 4011 1514 4073 δεινὰ,
1537 4013 1763 4083 γνώμης
1798 4012 1993 4081 ἐχόμε-

400 4114 495 4159 νος
518 4097 688 4168 ὀρθῆς
717 4100 812 4153 καὶ
842 4101 1234 4174 ἁδιαστρόφου,
1278 4103 1338 4156 τὸ
1365 4103 1441 4175 μὴ
1473 4104 1740 4157 ἐναλῶναι
1773 4104 1873 4174 μὲν
1899 4121 1997 4158 κα-

401 4193 523 4253 κοῖς
557 4211 572 4256 ;
601 4192 866 4265 Ἀτρεκὴς
897 4198 924 4247 ὁ
971 4195 1160 4264 λόγος·
1193 4196 1279 4265 ἐφ’
1303 4196 1436 4265 ἡμῖν
1467 4195 1623 4265 11],
1649 4196 1758 4266 γάρ
1787 4197 1905 4249 ἐστι
1934 4197 1997 4248 τὸ

400 4283 493 4337 ἐπ’
517 4285 686 4353 ἄμφω
718 4286 961 4355 βλέπειν,
995 4289 1133 4356 πρός
1164 4303 1223 4341 τε
1255 4286 1492 4355 τάγαθὰ,
1524 4288 1691 4357 φημὶ,
1723 4288 1817 4340 καὶ
1835 4288 1993 4340 τούν-

402 4377 611 4430 αντίον.
656 4378 802 4449 (Ξιίδ)
856 4379 966 4432 Καὶ
999 4382 1047 4431 οἱ
1092 4380 1190 4448 μὲν
1239 4382 1297 4432 ἐν
1326 4379 1471 4450 λόγῳ
1521 4378 1884 4449 πεποιημένοι
1936 4379 1997 4432 τὸ

404 4468 788 4539 θαυμάζεσθαι
811 4470 1091 4541 πεφυκὼς,
1118 4475 1176 4525 ἐν
1206 4471 1357 4543 καλῷ
1380 4473 1700 4542 γενήσονται
1733 4472 1836 4543 τῆς
1866 4472 1994 4541 ἀρε-

2108 601 2373 654 minatum
2427 608 2484 653 et
2530 606 2786 654 vocatum
2836 597 3133 653 vindictam
3165 608 3221 654 et
3250 600 3695 665 retributionem.

2106 694 2250 747 sicut
2286 694 2340 747 in
2371 691 2589 747 cantico
2619 690 2820 762 Moysis
2846 691 3116 761 scriptum
3140 702 3225 747 est
3258 711 3271 747 :
3303 710 3322 744 ι
3354 691 3550 749 Nonne
3579 695 3695 750 hac

2103 786 2320 841 condita
2381 792 2509 840 sunt
2566 784 2713 853 apud
2789 799 2878 840 me
2924 794 2979 839 et
3030 785 3245 853 signata
3294 785 3349 839 in
3419 786 3697 842 thesauris

2106 878 2285 942 meis,
2344 877 2401 931 in
2452 877 2541 932 die
2594 878 2825 947 justitiae
2864 887 2920 932 et
2983 876 3383 943 retributionis,
3445 878 3501 933 in
3559 888 3698 933 tem-

2104 986 2260 1039 pore,
2309 970 2527 1042 quando
2594 970 2799 1025 labitur
2853 985 2948 1040 pes
3009 985 3201 1025 eorum
3240 972 3308 1025 »ἳ
3346 982 3401 1025 et
3460 973 3693 1043 reliqua.

2106 1064 2320 1119 Pariter
2378 1066 2599 1136 quando
2654 1065 2870 1138 Moyses
2925 1068 2980 1121 in
3033 1068 3359 1123 contritione
3402 1083 3503 1123 sua
3549 1069 3698 1125 stetit

2103 1157 2411 1227 deprecans
2436 1158 2751 1225 Dominum,
2792 1174 2861 1213 ne
2911 1159 3163 1228 perderet
3201 1160 3463 1230 populum
3498 1176 3695 1230 peccao

2104 1260 2279 1306 torem
2332 1262 2387 1306 et
2414 1251 2731 1319 scelestum,
2781 1252 3035 1307 oratione
3073 1253 3325 1309 devictus
3355 1253 3693 1309 dixitDeus:

2108 1360 2128 1394 ι
2163 1342 2243 1397 Tu
2280 1352 2462 1397 autem
2505 1345 2635 1397 vade
2666 1357 2775 1413 quo
2827 1343 3047 1397 locutus
3089 1359 3212 1398 sum
3259 1344 3354 1398 tibi
3387 1345 3691 1400 secundum

2104 1437 2543 1506 deprecationem
2577 1446 2748 1504 tuam,
2801 1447 2853 1491 et
2905 1437 3012 1492 duc
3049 1438 3334 1508 populum.
3368 1438 3480 1508 Ego
3512 1448 3692 1494 autem

2107 1529 2162 1582 in
2205 1529 2294 1583 die
2333 1528 2561 1584 ultionis
2597 1530 2834 1585 visitabo
2867 1541 2921 1584 et
2965 1531 3070 1584 hoc
3119 1541 3403 1600 peccatum
3428 1546 3641 1586 eorum.
3670 1547 3688 1583 ι

2103 1619 2396 1690 Pergitque
2424 1621 2704 1687 Scriptura
2737 1622 2961 1678 dicens:
2992 1642 3011 1672 ‹
3037 1621 3320 1680 Percussit
3344 1638 3477 1693 ergo
3510 1622 3694 1678 Domi-

2105 1726 2209 1765 nus
2234 1712 2493 1782 p0pulum
2523 1726 2623 1780 pro
2652 1721 2806 1767 reatu
2828 1712 2980 1767 vituli
3008 1728 3170 1782 quem
3201 1712 3403 1769 fecerat
3423 1715 3628 1769 Aaron.
3668 1733 3687 1767 ο

2104 1801 2449 1872 lmpossibile
2501 1814 2623 1869 est,
2675 1812 2729 1857 et
2796 1818 2925 1857 vere
2981 1817 3147 1872 supra
3207 1804 3353 1859 vires
3424 1805 3694 1875 cujusque

2105 1897 2343 1966 positum
2376 1896 2621 1951 divinam
2649 1896 2948 1950 vindictam
2983 1895 3242 1964 effugere,
3274 1897 3379 1952 etsi
3403 1895 3547 1953 Deus
3568 1912 3686 1952 eam

2105 1998 2226 2058 post
2252 1997 2602 2058 peccatorum
2637 2004 2860 2059 gressus
2892 1988 3076 2043 statim
3109 2003 3219 2044 non
3255 1989 3536 2056 immittat,
3567 1990 3692 2060 quia

2103 2081 2452 2149 longanimis,
2509 2080 2686 2135 bonus
2732 2088 2786 2135 et
2864 2080 3150 2135 hominum
3212 2080 3458 2145 amicus,
3510 2083 3693 2150 potius

2104 2173 2522 2228 conversionem
2559 2173 2613 2227 in
2653 2173 2872 2232 melius.
2895 2187 3059 2243 quam
3093 2173 3148 2227 in
3173 2174 3330 2243 pejus
3370 2184 3427 2229 et
3452 2174 3695 2229 deterius

2104 2267 2543 2335 corruptionem,
2601 2265 2822 2336 accipit,
2881 2265 3031 2334 quod
3073 2267 3265 2335 paucis
3316 2266 3497 2321 verbis
3546 2267 3695 2322 claro.

2103 2359 2319 2415 ostendi
2355 2370 2554 2428 potest.
2588 2357 2731 2415 Dicit
2756 2359 2903 2414 enim
2928 2373 3160 2427 magnus
3188 2358 3428 2430 Cyrillus
3455 2376 3470 2413 :
3496 2377 3514 2410 ι
3541 2356 3693 2414 Men-

2103 2467 2288 2507 suram
2320 2451 2525 2506 habent
2554 2450 2879 2521 iniquitates
2911 2451 3160 2506 omnium
3190 2451 3476 2505 hominum
3514 2452 3609 2522 qui
3634 2452 3687 2505 in

2103 2543 2266 2598 terris
2310 2544 2514 2613 degunt
2566 2560 2578 2595 :
2624 2551 2831 2612 quanta
2890 2556 3022 2598 vero
3071 2553 3125 2596 et
3166 2558 3289 2612 qua:
3351 2543 3423 2597 sit
3485 2544 3692 2613 peccati

2105 2637 2431 2706 plenitudo.
2484 2651 2592 2691 non
2653 2645 2737 2689 cst
2794 2634 2956 2690 nobis
3011 2644 3224 2690 notum.
3278 2636 3693 2692 Prmvaricatori

2105 2744 2298 2798 pmnas
2352 2728 2537 2783 statim
2571 2728 2822 2783 decernit
2870 2727 3051 2798 legum
3090 2728 3347 2782 conditor
3404 2728 3693 2793 Dominus.

2104 2821 2287 2875 differt
2335 2835 2465 2874 vero
2512 2834 2608 2875 eas
2663 2836 2728 2873 ex
2782 2819 2972 2873 innata
3026 2834 3154 2887 erga
3191 2820 3444 2877 homines
3475 2822 3695 2877 miseri-

2104 2913 2313 2976 cordia,
2346 2920 2401 2965 et
2446 2910 2745 2981 aliquando
2785 2910 3007 2979 iniquos
3056 2912 3295 2966 sustinet
3325 2912 3535 2983 absque
3585 2913 3695 2969 ulla

2105 3003 2333 3058 omnino
2383 3000 2801 3071 indignatione;
2868 3001 3007 3055 dixit
3039 3002 3188 3054 enim
3247 3003 3362 3071 ipse
3398 3004 3466 3057 ad
3516 3005 3694 3058 Abra-

2102 3096 2228 3148 ham
2265 3111 2279 3147 :
2309 3122 2381 3134 --
2408 3092 2660 3147 Nondum
2691 3092 2975 3161 completa:
3002 3102 3133 3147 sunt
3158 3092 3478 3163 iniquitates
3498 3094 3695 3149 Amor-

2103 3192 2375 3242 rhaeorum
2412 3200 2585 3255 usque.
2614 3182 2682 3238 ad
2717 3198 2959 3253 praesens
2986 3192 3221 3254 tempus.
3247 3211 3314 3224 -
3348 3183 3414 3239 Et
3444 3186 3508 3240 ad
3553 3183 3696 3240 Pha.

2107 3279 2299 3334 risazos
2322 3275 2463 3331 ultra
2489 3275 2709 3329 modum
2744 3273 2888 3328 mala
2913 3282 3204 3343 operantes
3226 3273 3303 3327 ait
3332 3287 3348 3327 :
3386 3291 3405 3325 ι
3443 3271 3548 3329 Vos
3567 3276 3692 3345 qui-

2106 3374 2228 3428 dem
2272 3368 2613 3437 adimplestis
2649 3380 2960 3421 mensuram
3014 3373 3231 3436 patrum
3271 3376 3691 3423 vestrorum.—

2108 3463 2211 3530 Qui
2266 3470 2416 3518 recte
2470 3463 2654 3515 vivere
2708 3456 2869 3512 vellet
2923 3465 2977 3511 et
3046 3469 3261 3526 semper
3312 3456 3367 3511 in
3421 3457 3524 3511 hac
3581 3459 3690 3511 vita

2106 3555 2374 3628 quidquid
2406 3553 2676 3623 Optimum
2708 3560 2762 3605 et
2787 3550 3255 3619 perfectissimum
3300 3562 3385 3605 est
3413 3566 3593 3620 agere,
3638 3563 3693 3607 et

2107 3657 2289 3703 mente
2318 3654 2467 3700 recta
2497 3644 2727 3699 firmiter
2750 3650 3016 3697 statueret
3042 3658 3148 3697 non
3172 3642 3449 3697 declinare
3483 3644 3550 3698 ad
3576 3660 3694 3698 ma-

2108 3741 2243 3806 lum,
2310 3748 2569 3809 possetne
2632 3735 2778 3804 juste
2836 3735 3120 3788 ambulare
3175 3743 3229 3788 et
3272 3733 3462 3805 fugere
3511 3738 3698 3791 mala?

2109 3830 2372 3901 Equidem
2397 3836 2585 3901 posset
2612 3843 2627 3882 :
2655 3840 2822 3896 penes
2855 3839 2956 3879 nos
2987 3833 3071 3878 est
3098 3825 3245 3879 enim
3278 3826 3345 3879 ad
3379 3826 3697 3882 utrumlibet

2106 3920 2295 3976 oculos
2318 3919 2610 3988 conjicere,
2640 3924 2731 3971 aut
2758 3914 2825 3970 ad
2865 3916 3008 3969 bona
3041 3915 3271 3978 scilicet,
3294 3921 3388 3969 aut
3431 3918 3497 3971 ad
3521 3918 3686 3973 mala.

2108 4011 2174 4065 Et
2201 4011 2294 4081 qui
2326 4017 2491 4064 rectae
2517 4008 2716 4063 rationi
2745 4008 3112 4076 obsequentes
3144 4008 3307 4077 digna
3339 4009 3497 4064 laude
3526 4024 3690 4080 opera

2107 4111 2375 4175 egerunt,
2417 4102 2636 4155 virtutis
2694 4099 2934 4170 praemiis
2985 4098 3272 4167 fruentur;
3325 4102 3417 4170 qui
3476 4118 3605 4157 vero
3637 4105 3691 4156 in

2107 4195 2437 4251 contrariam
2471 4202 2678 4263 partem
2719 4191 3061 4246 declinantes
3120 4191 3393 4260 iniquitati
3422 4190 3691 4261 justitiam

2106 4295 2567 4357 postposuerunt,
2615 4286 2717 4354 ipsi
2750 4285 2854 4339 sibi
2891 4299 3080 4339 necem
3123 4283 3380 4349 infcrent,
3430 4287 3693 4355 semetip-

2108 4395 2295 4434 sorum
2346 4379 2634 4434 homicidae
2665 4386 2862 4444 erunt,
2915 4378 3314 4447 propriumque
3365 4389 3527 4449 eaput
3576 4379 3694 4433 dira

2108 4488 2273 4528 manu
2295 4473 2571 4528 decident.
2602 4492 2622 4524 ι
2653 4471 2809 4527 Unde
2835 4482 2886 4526 et
2920 4486 3075 4525 sacer
3108 4470 3352 4524 Isidorus
3372 4471 3448 4524 ait
3484 4488 3496 4524 :
3531 4489 3548 4521 ι
3576 4468 3692 4541 Ipsa

402 4563 530 4629 τῆς,
562 4565 610 4614 οἱ
645 4564 690 4615 δ’
712 4563 1104 4627 ἁποκλίναντες
1136 4565 1217 4628 είς
1242 4564 1554 4618 τούναντίον
1584 4565 1676 4616 καὶ
1696 4562 1804 4617 τῶν
1831 4564 1995 4633 ἀμει-

2112 4574 2460 4637 peccatorum
2508 4562 2829 4633 magnitudo
2868 4563 3108 4617 divinam
3150 4563 3564 4633 spiritalemque
3596 4578 3696 4617 na-

406 4653 581 4705 νόνων
614 4654 908 4724 προθέντες
941 4656 959 4684 ³
980 4655 1039 4708 τὸ
1073 4655 1318 4720 ἀδικοῦν,
1355 4655 1452 4726 τὴν
1471 4656 1681 4710 οἰκείαν
1704 4654 1998 4724 καταφθεί-

411 4760 609 4815 ραντες
628 4744 795 4815 ζωὴν,
821 4745 1029 4799 ἁλλοῖεν
1046 4747 1144 4800 ἂν³
1181 4747 1459 4814 αὐθένται,
1483 4747 1577 4800 καί
1597 4746 1854 4818 ὀλετῆρες
1888 4748 1997 4801 δει-

409 4832 498 4885 νοὶ
528 4836 673 4888 κατὰ
698 4838 799 4906 τῆς
830 4837 981 4907 σφῶν
1008 4839 1188 4893 αὐτῶν
1212 4840 1458 4911 κεφαλῆς
1486 4840 1897 4911 ὲξελελεγμένοι
1917 4841 1992 4895 ⁸.»

409 4924 492 4996 (6)
522 4928 714 4999 Ταύτῃ
733 4929 913 4983 τοίνυν
944 4935 1078 5002 φησί
1102 4934 1197 4986 καὶ
1216 4933 1243 4984 6
1274 4933 1419 5003 ἱερὸς
1449 4934 1736 5004 ’ἰσίδωροςε
1760 4952 1778 4984 ι
1802 4934 1867 4987 Ἡ
1890 4934 1999 4986 τῶν

405 5021 835 5091 ἁμαρτημάτων
865 5024 1110 5089 ἐπίτασις
1140 5025 1471 5093 ἀναγκάζει,
1500 5026 1691 5099 ὥσπερ
1711 5026 1810 5097 τὴν
1844 5025 1999 5080 θείαν

408 5113 508 5166 καὶ
536 5114 701 5167 ᾶῦλον
731 5116 894 5184 φύσιν
922 5121 984 5171 ἐκ
1018 5119 1116 5189 τῆς
1160 5119 1304 5172 κατὰ
1335 5118 1500 5189 φύσιν
1531 5119 1869 5189 ἁγαθότητος
1920 5121 1998 5185 είς

407 5205 513 5274 τὴν
544 5210 696 5275 παρὰ
740 5208 902 5277 φύσιν
934 5213 1134 5282 χωρεῖν
1163 5210 1335 5283 ὀργήν
1358 5228 1371 5241 ·
1400 5211 1523 5265 ὅθεν
1573 5214 1669 5267 καὶ
1721 5211 2000 5274 Ἰουδαίοις

410 5300 523 5370 ἔφη
557 5301 792 5372 Χριστός
816 5305 837 5335 ⁸
865 5319 880 5335 ’
914 5324 932 5355 ι
969 5304 1239 5368 Πολλάκις
1280 5303 1524 5375 ἠθέλησα
1570 5303 1999 5371 ἐπισυναγαγεῖν

2113 4668 2291 4712 turam
2324 4672 2354 4711 a
2388 4657 2634 4711 bonitate
2660 4671 2782 4726 quae
2812 4655 2861 4708 ei
2888 4654 3164 4723 competit,
3207 4654 3261 4706 in
3287 4654 3423 4706 iram
3459 4669 3581 4722 quae
3612 4665 3695 4707 est

2111 4757 2304 4802 contra
2362 4756 2613 4802 naturain
2673 4760 3032 4816 prorumpere
3075 4745 3256 4811 cogit;
3318 4744 3461 4797 unde
3513 4742 3693 4798 etfu-

2113 4841 2245 4895 daeis
2279 4840 2419 4894 dixit
2454 4838 2710 4893 Christus
2754 4856 2767 4890 :
2810 4855 2829 4888 ι
2872 4835 3101 4900 Quoties
3154 4833 3299 4887 volui
3362 4848 3694 4904 congregare

2111 4946 2245 4997 \us;
2269 4938 2323 4984 et
2352 4931 2609 4986 noluistis
2630 4946 2645 4995 ;
2670 4943 2800 4983 ecce
2828 4928 3168 4996 relinquetur
3198 4925 3352 4981 vobis
3374 4926 3570 4981 domus
3603 4942 3693 4982 ve-

2110 5035 2221 5076 stra
2284 5024 2521 5079 deserta.
2556 5041 2575 5075 ι
2622 5020 2893 5087 Quoniam
2934 5061 2949 5086 ,
2998 5019 3212 5089 inquit,
3255 5019 3692 5075 misericordiam

2111 5114 2418 5185 respuistis,
2472 5112 2723 5169 vindictae
2773 5120 3096 5183 potestatem
3149 5113 3529 5181 experiemini.
3601 5113 3692 5166 Vi-

2110 5209 2246 5263 dcns
2280 5208 2422 5262 Dens
2454 5206 2733 5262 hominem
2767 5208 2819 5260 in
2865 5220 3142 5261 summum
3198 5205 3403 5260 malum
3436 5220 3663 5276 proruunt

2111 5316 2351 5371 pentem,
2380 5298 2559 5354 aufert
2614 5301 2681 5353 ab
2711 5316 2777 5353 eo
2799 5299 3029 5369 gratiam
3055 5314 3236 5365 suam,
3266 5315 3372 5368 qua
3400 5299 3695 5354 destitutus

1612 5461 1815 5524 Varias
1858 5461 2167 5525 lectiones
2202 5469 2479 5525 etnotae.

484 5611 527 5643 "
557 5611 644 5667 Ps.
665 5628 829 5674 Lxxv,
862 5610 917 5665 2.
996 5610 1041 5643 ’⁸
1070 5610 1228 5663 Deut.
1249 5624 1421 5673 χχιιι,
1443 5608 1629 5672 54,55.
1705 5610 1751 5643 ⁸³
1787 5610 1902 5666 ἐκδ.
1922 5611 1999 5664 ἀν·

488 5685 701 5731 num-
778 5683 826 5714 "
868 5682 968 5731 Ex.
1002 5695 1174 5731 xxxii.
1209 5678 1298 5731 35.
1375 5678 1419 5711 ’7
1471 5681 1603 5731 Cod.
1641 5681 1992 5731 80.7-81.18-

2106 5612 2312 5675 οδὼςω,
2336 5615 2393 5665 ἐν
2406 5612 2495 5666 55.
2574 5609 2619 5641 ’⁸
2646 5610 2785 5675 ἐξολ.
2807 5610 2845 5663 Ι.
2864 5606 2957 5662 τοῦ
3023 5608 3058 5679 ἡ
3081 5608 3222 5674 ἐξολ.
3245 5610 3370 5665 cod.
3444 5608 3492 5641 ⁹⁹
3516 5607 3688 5664 Exod.

2148 5674 2283 5731 (ne?
2353 5684 2399 5715 ⁸⁸
2431 5682 2566 5731 Gen-
2621 5697 2711 5731 xv.
2744 5680 2832 5731 lli.
2908 5681 2956 5712 ⁹⁹
2981 5626 3179 5731 Statra.
3221 5694 3378 5731 XXIII.
3409 5678 3498 5731 52.
3531 5678 3688 5731 ἡμῶν

408 5685 701 5747 unum.
778 5685 826 5714 "
867 5685 968 5735 Ex.
1002 5695 1174 5740 χχιιι,
1209 5685 1298 5733 55.
1375 5685 1418 5711 ’⁷
1471 5685 1603 5734 L‘ed.
1641 5685 1839 5745 80,7-8

410 5756 535 5827 cod.
652 5756 668 5787 ⁸
703 5753 1083 5827 ὀρθοποθξραι
1119 5749 1176 5801 δὲ
1205 5749 1333 5803 xui?
1371 5748 1694 5821 διανήξηται
1718 5754 1839 5808 cod.

410 5828 433 5857 '
480 5824 666 5882 Matth.
709 5823 875 5890 x'xin,
909 5823 1107 5877 57-58.

778 5683 826 5714 "
867 5682 968 5735 Ex.
1002 5695 1174 5740 xxxu,
1209 5678 1298 5733 35.
1375 5678 1419 5711 ’7
1471 5681 1603 5734 (Sed.
1641 5681 1992 5750 80,7-8l,18,
2033 5682 2105 5737 20
2148 5674 2307 5739 ire?
2353 5684 2399 5715 ’⁸
2431 5682 2566 5739 Gen.
2621 5674 2711 5748 xv,
2744 5680 2832 5735 ili.
2908 5681 2956 5712 ⁹⁹

778 5753 1082 5810 θοποθῆσαι
1119 5749 1176 5801 δὲ
1205 5749 1333 5803 xui?
1371 5748 1694 5810 διανήξηται
1718 5754 1839 5808 cod.
1955 5757 2195 5810 ’προσθ.
2251 5755 2372 5810 cod.
2483 5754 2678 5807 ³ἀλλοι
2738 5751 2867 5805 ἐνάν
2925 5767 2953 5804 c

1999 5771 2195 5824 προσυ.
2251 5771 2372 5811 cou.

2986 5678 3179 5736 Matth.
3221 5694 3378 5750 xxttt,
3409 5678 3498 5732 52.
3531 5678 3692 5750 ἡμῶν

2483 5756 2502 5783 ³
2528 5754 2678 5807 ἀλλοι
2738 5751 2867 5805 ἐνάν
2925 5751 3046 5805 cod.
3152 5752 3173 5781 δ
3199 5748 3522 5820 ἐξεληλεγμ.
3554 5748 3689 5805 cod.
