4096 6424
477 404 584 466 227

1725 403 1770 460 Ο
1782 400 1982 459 EORG
1996 402 2046 458 ll
2095 401 2146 457 Η
2158 401 2198 456 Δ
2208 403 2257 460 Μ
2269 403 2307 456 Α
2321 401 2467 460 ΗΤΟ
2478 403 2548 460 LI

3655 405 3772 468 228

477 515 746 570 celsitudo
781 517 1027 584 corporis
1065 524 1271 585 septem
1307 513 1618 569 cubitorum
1663 523 1799 578 erat,
1841 513 2072 567 descen-

2182 514 2274 567 τοῦ
2309 514 2439 567 λαοῦ
2502 516 2787 583 φυγόντος,
2840 515 3002 586 μόνος
3038 516 3168 586 ἔστη
3193 516 3436 581 καὶτοὺς
3470 517 3572 588 μὲν
3607 520 3775 574 ἀλλο-

478 609 665 677 ditque
716 608 782 661 ad
831 623 957 661 eum
1008 622 1138 662 cum
1205 609 1354 676 virga
1409 621 1509 675 pro
1573 606 1784 670 lancea,
1853 612 2072 672 arrepta

481 711 664 756 autem
703 701 857 755 hasta
911 701 1213 754 adversarii
1265 699 1350 754 sui
1411 697 1687 752 interfecit
1738 713 1862 751 eum
1919 700 2072 749 hasta

483 793 724 863 propria.
759 795 964 846 Abessa
1000 793 1168 848 frater
1201 790 1337 846 Joab
1362 792 1630 860 percussit
1663 792 1809 845 viros
1839 806 2071 844 sexcen-

482 901 563 942 tos
593 899 646 941 et
674 886 835 940 Zeshi
869 888 1138 940 volentem
1189 886 1380 940 Davidi
1414 895 1641 939 mortem
1675 886 1898 939 inferre.
1944 884 2077 938 Erat

481 989 663 1033 autem
720 978 876 1032 chbi
933 995 1103 1048 nepos
1167 979 1383 1047 Arupha
1414 979 1507 1047 qui
1562 978 1799 1030 habebat
1858 976 2072 1031 hastam

483 1071 742 1140 ponderis
810 1080 1178 1125 trecentorum
1251 1071 1536 1126 siclorutn.
1597 1070 1829 1136 Quando
1886 1084 2078 1124 curre-

481 1165 572 1217 bat
607 1163 815 1218 Abessa
851 1164 1062 1237 (Azael)
1096 1175 1215 1218 erat
1241 1165 1400 1234 quasi
1431 1165 1652 1219 damula
1682 1165 1736 1218 in
1767 1167 2070 1219 montibus.

479 1253 616 1308 'I‘res
639 1255 691 1306 in
725 1255 941 1309 caeteris
971 1265 1248 1324 potentes,
1279 1255 1752 1310 circumdantibus
1785 1254 2074 1310 Philistaeis

486 1345 785 1410 llethleem,
832 1346 1292 1416 dcsidcrauteque
1342 1346 1509 1402 David
1537 1349 1723 1402 bibere
1745 1347 1814 1402 de
1837 1348 2076 1402 cisterna

486 1435 761 1490 Bethleem
821 1439 1050 1507 profecti
1123 1440 1610 1509 suut,aciemque
1672 1439 2072 1494 Philislaeornm

483 1539 920 1595 perrumpentes,
939 1528 1539 1598 aquamﬂiauseruntde
1557 1529 1794 1584 cisterna
1809 1528 2075 1582 tulerunt-

484 1631 591 1684 que
611 1615 802 1683 David,
828 1618 919 1687 qui
945 1619 1132 1673 libavit
1157 1634 1278 1672 eam
1307 1619 1534 1673 DOmino
1565 1619 1758 1674 dicens
1785 1637 1797 1673 :
1832 1639 1850 1671 ι
1887 1620 2076 1688 Propi—

487 1713 595 1765 tius
636 1711 708 1765 slt
737 1711 867 1764 mihi
907 1711 1196 1775 Dominus,
1224 1726 1352 1765 num
1407 1715 1731 1780 sanguinem
1789 1711 2070 1766 hominum

483 1804 712 1856 istorum
743 1803 836 1872 qui
869 1801 1094 1872 profecti
1139 1813 1268 1857 sunt
1308 1811 1360 1856 et
1402 1803 1712 1856 animarum
1765 1803 2069 1872 periculum

2179 608 2382 675 φύλους
2438 607 2650 672 ἐδίωξε,
2713 609 2811 679 τὴν
2837 608 2892 660 δὲ
2923 607 3118 678 μερίδα
3145 609 3239 661 τοῦ
3273 609 3447 679 ἀγροῦ
3476 611 3772 680 ἐφύλαξεν.

2179 699 2608 770 -.Ἐλεάζαρ⁶⁰
2667 692 2854 770 (οὗτος
2925 701 3142 770 μερίδος
3196 699 3363 771 οῠσης
3400 701 3618 772 κριθῆς,
3652 705 3775 756 τῶν

2178 792 2495 862 ἀλλοφύλων
2531 793 2872 847 ἐπελθόντων
2915 795 3011 847 καὶ
3035 793 3132 847 τοῦ
3161 794 3293 848 λαοῦ
3327 798 3618 864 φυγόντος,
3664 799 3777 868 μό-

2178 903 2266 949 νος
2299 884 2585 956 ἐστηλὼθη
2630 886 2725 939 καὶ
2760 887 2886 949 τοὺς
2914 888 3012 955 μὲν
3051 887 3388 956 ἀλλοφύλους
3415 889 3633 958 ἔτρεψε,
3663 890 3780 961 τὴν

2177 978 2234 1030 δέ
2270 979 2464 1050 κριθὴν
2525 977 2823 1031 διέσωσεν
2881 979 3140 1032 τοσοῦτον
3195 980 3305 1050 γὰρ
3363 980 3601 1045 ἐπάταξε
3637 984 3784 1046 τοὺς

2178 1072 2536 1142 ἀλλοφύλους,
2568 1072 2674 1136 ἕως
2696 1074 2729 1142 ἡ
2767 1073 2889 1141 χεὶρ
2916 1073 3081 1126 αὐτοῦ
3106 1073 3440 1136 κοπιάσασα,
3469 1075 3786 1144 προσεκυλ-

2178 1166 2316 1237 λήθη
2348 1168 2415 1237 τῇ
2447 1165 2696 1236 μαχαίρᾳ
2723 1166 2817 1216 καὶ
2840 1166 2868 1216 6
2895 1165 3024 1227 λαδς
3067 1165 3371 1236 ἐπέτρεψεν
3398 1167 3576 1219 ὀπίσω
3597 1167 3782 1220 αὑτοῦ

2178 1261 2259 1321 είς
2295 1259 2359 1310 τὸ
2415 1257 2699 1310 σκυλεύειν
2725 1257 2792 1310 ⁶¹.
2823 1287 2892 1296 —
2944 1256 3184 1320 Βαναίας
3209 1273 3224 1288 ·
3273 1256 3434 1320 οὗτος
3463 1257 3633 1310 πολλὰ
3666 1259 3783 1328 μὲν

2179 1349 2436 1420 ἐποίησεν
2487 1348 2648 1418 ἔργα,
2699 1346 2941 1411 ἐπάταξε
2977 1347 3032 1399 δὲ
3058 1348 3154 1400 καὶ
3200 1350 3328 1411 τοὺς
3384 1348 3536 1412 υἱοὺς
3574 1349 3780 1420 Ἀριὴλ

2177 1443 2272 1495 τοῦ
2305 1441 2505 1506 Μωάὄ,
2543 1444 2639 1495 καὶ
2693 1440 2940 1502 ἀιαταδάς
2978 1441 3034 1492 ἐν
3065 1441 3252 1511 ἡμέρα
3292 1440 3566 1511 χειμῶνος
3589 1441 3634 1471 ⁸³
3685 1443 3780 1502 εἰς

2177 1534 2403 1598 λάκκον,
2455 1534 2746 1586 ἀπέκτεινε
2807 1532 3018 1595 λέοντα,
3079 1531 3259 1585 ἀνεῖλε
3324 1531 3382 1584 δὲ
3445 1531 3540 1585 καὶ
3595 1532 3778 1603 ἄνδρα

2176 1623 2480 1694 Αἰγύπτιον
2513 1662 2529 1689 ,
2587 1623 2733 1676 ἐπτά
2791 1625 2987 1694 πήχεις
3047 1622 3240 1691 ἔχοντα
3283 1640 3301 1673 ι
3327 1621 3458 1692 δόρυ
3501 1621 3576 1684 ὡς
3609 1620 3779 1686 ξύλον

2175 1715 2480 1786 διαϐάθρας
2525 1729 2542 1746 ο
2600 1713 2856 1784 ἀρπάσας
2905 1712 3018 1784 γὰρ
3087 1713 3185 1766 ἀπ’
3215 1711 3384 1764 αὑτοῦ
3413 1711 3474 1764 τδ
3510 1711 3661 1784 δόρυ,
3706 1713 3776 1766 ἐν

2177 1809 2327 1878 αὐτῷ
2383 1807 2710 1861 ἀπέκτεινεν
2771 1805 2959 1860 αὐτόν.
3014 1834 3084 1845 --
3143 1803 3408 1869 ’Δσεσσά,
3465 1806 3494 1857 6
3537 1805 3773 1874 ἀδελφὸς

486 1893 713 1947 bibam?
754 1912 772 1945 ι
807 1892 1013 1948 Omnes
1057 1897 1264 1962 pariter
1312 1897 1494 1948 creteri
1549 1896 1747 1947 milites
1779 1905 1938 1948 erant
1973 1896 2069 1948 viri

2191 1873 2370 1965 Ἰωάὁ,
2389 1899 2664 1964 ἐπάταξεν
2692 1897 2896 1968 ἄνδρας
2912 1904 2960 1967 χ’
2981 1897 3028 1929 ⁸⁸
3049 1929 3118 1940 -
3141 1897 3236 1949 καὶ
3265 1901 3358 1949 τδν
3385 1895 3552 1950 ἰεσσὶ
3577 1873 3768 1950 θέλον-

487 1984 858 2040 robustissimi
887 1993 941 2039 et
975 1985 1186 2050 invicti,
1215 1985 1550 2040 adversariis
1597 1985 1752 2040 valde
1781 1986 2070 2050 terribiles,

487 2078 736 2146 ingentes
764 2077 982 2148 clypeos
1007 2087 1313 2146 portantes,
1352 2077 1656 2147 longasque
1692 2078 1898 2142 hastas,
1928 2079 2074 2132 levtes

485 2183 669 2227 tamen
696 2188 862 2228 cursu
899 2174 1048 2227 velut
1077 2173 1312 2226 damula:
1339 2174 1391 2226 in
1438 2173 1739 2228 montibus.
1785 2171 2072 2227 Terribilis

485 2278 768 2324 armatura
800 2282 990 2321 eorum
1030 2277 1086 2322 et
1131 2265 1305 2322 facies
1328 2282 1521 2322 eorum
1557 2268 1717 2338 quasi
1760 2265 1929 2322 facies
1958 2267 2074 2321 leo-

488 2375 640 2413 num.
671 2358 777 2411 Alii
817 2359 1105 2413 bellatores
1153 2373 1292 2428 quos
1339 2359 1528 2414 habuit
1572 2358 1741 2413 David
1785 2368 1944 2414 erant
1973 2375 2072 2412 nu-

489 2466 639 2506 uiero
661 2451 953 2506 duodecies
977 2461 1196 2505 centum
1228 2453 1422 2518 millia,
1445 2455 1748 2508 secundum
1781 2467 2070 2506 numerum

487 2545 767 2597 inventum
819 2557 849 2595 a
898 2542 1036 2598 Joab
1093 2543 1234 2597 duce
1291 2545 1530 2611 militiaz;
1581 2545 1714 2598 dicit
1742 2545 1886 2598 enim
1929 2543 2074 2598 Scri-

492 2649 649 2706 ptura
698 2653 765 2690 τι
805 2636 872 2690 Ει
919 2637 1130 2692 addidit
1196 2639 1351 2692 furor
1385 2639 1598 2693 Dotnini
1662 2641 1824 2695 irasci
1880 2653 2071 2697 contra

490 2728 678 2793 tsrael,
699 2729 1108 2798 commovitque
1133 2728 1298 2783 David
1326 2731 1378 2783 iu
1405 2733 1485 2786 eis
1516 2731 1705 2787 d.eeus
1735 2750 1748 2785 :
1781 2730 1948 2797 Vade,
1975 2750 2075 2787 ttu-

491 2839 637 2878 nzcra
655 2823 819 2878 Israel
839 2834 889 2878 et
910 2822 1132 2878 Judam.
1155 2823 1410 2896 Dixitque
1432 2841 1524 2880 rex
1544 2826 1608 2879 ad
1623 2825 1758 2880 Joab
1775 2827 2072 2897 principem

485 2921 760 2973 exercitus
809 2919 892 2974 sui
929 2938 943 2977 :
982 2920 1264 2977 Pet-lustra
1306 2937 1497 2977 omnes
1558 2924 1733 2978 tribus
1791 2924 1975 2991 Israel,
2021 2934 2076 2979 et

488 3024 715 3064 numera
747 3011 1004 3080 populum
1057 3020 1118 3066 ut
1180 3013 1351 3067 sciam
1395 3029 1684 3068 numerum
1722 3014 1864 3086 ejus.
1906 3014 2076 3070 Divit-

488 3117 596 3172 que
624 3101 762 3158 Joab
789 3121 805 3160 :
833 3105 1114 3174 Adaugeat
1145 3104 1414 3162 Dominus
1447 3107 1588 3162 Deus
1619 3118 1746 3163 tuus
1794 3125 1861 3161 au
1905 3125 2076 3178 popu-

2176 2011 2240 2046 τα
2289 1991 2548 2060 φονεῦσαι
2583 1991 2674 2044 τὸν
2709 1991 2876 2042 Δαυῖδ
2900 2009 2911 2021 ·
2945 1985 3016 2062 ἦν
3043 1989 3100 2042 δὲ
3142 1987 3374 2042 12661“
3423 1988 3646 2056 ἔγγονος
3667 1987 3769 2041 τοῦ

2187 2086 2368 2153 Ῥαφᾶ
2418 2085 2546 2156 δόρυ
2587 2084 2805 2153 ἔχοντος
2853 2081 3114 2152 σταθμῶν
3155 2081 3355 2134 σίκλων
3378 2079 3444 2135 τ’.
3482 2081 3678 2134 Ἦνίκα
3705 2081 3773 2135 δὲ

2177 2180 2398 2249 ἔτρεχεν
2426 2179 2455 2230 6
2509 2177 2769 2239 Ἀϐεσσὰ,
2817 2170 2888 2246 ἦν
2929 2175 3006 2235 ὡς
3035 2175 3236 2245 δορκὰς
3289 2175 3348 2227 ἐν
3405 2175 3519 2236 τοῖς
3554 2173 3764 2243 ὄρεσιν.

2177 2275 2340 2344 Τρεῖς
2371 2271 2428 2324 δὲ
2459 2270 2567 2323 ἀπὸ
2592 2270 2699 2322 τῶν
2729 2268 2934 2322 λοιπῶν
2960 2269 3199 2336 δυνατοὶ,
3224 2286 3291 2320 πε
3303 2267 3768 2339 ρικυκλωσάντων

2180 2364 2310 2417 ποτὶ
2365 2362 2474 2415 τῶν
2528 2359 2846 2430 ἀλλοφύλων
2879 2360 2976 2428 τὴν
3023 2359 3292 2431 Βηθλεέμ.
3339 2357 3557 2410 καὶτοῦ
3597 2356 3770 2410 Δαυῖδ

2178 2457 2622 2527 ἐπιθυμήσαντος
2686 2455 2832 2507 πιεῖν
2863 2456 2925 2506 ἐκ
2956 2451 3052 2505 τοῦ
3109 2451 3344 2521 φρέατος
3371 2452 3468 2520 τῆς
3493 2449 3764 2520 Βηθλεὲμ,

2176 2549 2436 2618 διέὸησαν
2465 2549 2514 2599 οξ
2569 2552 2618 2614 γ’
2655 2545 2751 2598 καὶ
2811 2544 3210 2616 διαρρήξαντες
3249 2543 3347 2613 τὴν
3404 2540 3766 2613 παρεμϐολὴν

2177 2642 2286 2694 τῶν
2339 2638 2676 2708 ἀλλοφύλων,
2746 2638 3076 2707 ὑδρεύσαντο
3124 2636 3190 2688 ἐκ
3250 2635 3344 2689 τοῦ
3404 2637 3642 2704 φρέατος
3669 2633 3764 2686 καὶ

2179 2734 2424 2803 ἤνεγκαν
2453 2729 2600 2800 ὕδωρ
2625 2729 2703 2800 τῷ
2739 2729 2902 2782 Δαυῖδ
2921 2742 2937 2756 ⁸
2966 2731 2993 2782 6
3018 2727 3072 2781 δέ
3103 2727 3392 2798 θαυμάσας
3453 2726 3634 2779 αὐτῶν
3666 2724 3765 2795 τὴν

2177 2825 2408 2895 δύναμιν
2464 2824 2559 2878 καὶ
2593 2824 2692 2894 τὴν
2734 2823 2966 2893 τόλμην,
2999 2820 3160 2874 ἔλαϐε
3201 2820 3262 2874 τὸ
3292 2821 3437 2892 ὕδωρ
3458 2820 3549 2873 καὶ
3581 2819 3770 2871 ἔσπει-

2182 2937 2272 2972 σεν
2302 2917 2434 2971 αὐτὸ
2465 2918 2542 2988 τῷ
2576 2916 2768 2986 Κυρίῳ
2799 2916 2975 2984 λέγων
2998 2930 3010 2943 ⁸
3056 2933 3074 2965 ι
3102 2912 3290 2975 Ἵλεώς
3322 2931 3434 2983 μοι,
3487 2911 3680 2980 Κύριε,
3718 2910 3769 2962 ει

2180 3007 2322 3080 αἷμα
2345 3011 2654 3081 ἀνθρώπων
2675 3009 2720 3040 ⁸⁵
2755 3008 2865 3062 τῶν
2910 3006 3289 3077 πορευθέντων
3318 3007 3374 3059 ἐν
3403 3007 3524 3068 ταῖς
3565 3003 3769 3073 ψυχαῖς

2180 3103 2362 3158 αὑτῶν
2387 3105 2603 3172 πίομαι.
2635 3121 2653 3154 ι
2675 3101 2920 3171 Ὁμοίως
2949 3100 3003 3152 δέ
3029 3100 3123 3153 καὶ
3157 3101 3204 3152 οἱ
3227 3099 3403 3151 λοιποὶ
3432 3096 3768 3166 στρατιῶται

489 3195 601 3248 lum
623 3204 801 3260 tuum,
826 3195 919 3249 sed
942 3195 1069 3266 quid
1093 3196 1196 3250 sibi
1219 3197 1480 3251 dominus
1505 3213 1659 3252 meus
1681 3213 1771 3252 rex
1803 3199 1915 3252 vult
1944 3200 1997 3251 in
2018 3215 2073 3252 re

2183 3194 2430 3265 ὑπῆρχον
2463 3193 2658 3263 ἄνδρες
2714 3190 3106 3256 δυνατώτατοι,
3156 3191 3249 3244 καὶ
3305 3189 3767 3253 ἀκαταγώνιστοι,

493 3287 911 3354 hujuscemodi?
955 3287 1246 3342 Praevaluit
1281 3299 1465 3344 autem
1499 3306 1681 3344 sermo
1723 3291 1867 3360 regis
1896 3291 2076 3346 verbis

488 3376 627 3430 Jaab
658 3387 712 3430 et
741 3378 1052 3446 principum
1083 3380 1384 3445 exercitus,
1418 3396 1784 3451 egressusque
1813 3390 1898 3436 est
1940 3379 2078 3434 Jnab

495 3479 553 3520 ut
577 3479 893 3522 numeraret
922 3469 1181 3539 populmn
1206 3469 1388 3525 Israel.
1423 3490 1441 3522 ι
1479 3471 1633 3526 Dedit
1661 3487 1790 3542 ergo
1812 3470 1948 3527 Joab
1977 3489 2078 3527 nu-

493 3575 703 3614 merum
753 3560 1139 3631 descriptionis
1192 3563 1377 3635 papuli
1428 3565 1562 3632 regi.
1638 3582 1656 3614 ι
1697 3563 1762 3617 Ει
1823 3565 2077 3620 inventus

493 3663 581 3708 est
617 3653 800 3710 omnis
850 3670 1112 3709 numerus
1149 3653 1339 3720 Israel,
1380 3657 1528 3710 mille
1553 3657 1734 3723 ,mlllia
1761 3667 1814 3712 et
1857 3669 2078 3712 centum

498 3746 666 3799 millia
707 3749 948 3800 virorum
973 3747 1378 3818 evaginantium
1416 3747 1832 3818 gladium.Nam
1869 3748 1995 3805 Levi
2028 3760 2082 3804 et

499 3836 777 3905 Beniamin
836 3855 944 3892 non
1003 3841 1310 3893 numeravit
1355 3854 1420 3893 eo
1471 3842 1616 3910 quod
1674 3841 1810 3894 Joab
1864 3841 2076 3906 imitus

493 3936 885 3996 exsequeretur
917 3927 1061 3996 regis
1087 3929 1402 3997 imperium.
1435 3929 1718 3999 Displicuit
1746 3939 1930 3986 autem
1978 3933 2082 3987 hoc

493 4033 678 4071 coram
730 4017 864 4072 Deo.
899 4039 918 4071 ι
947 4049 1018 4059 --
1046 4038 1064 4071 ι
1103 4018 1381 4075 Percussit
1410 4031 1591 4074 autem
1625 4037 1719 4074 cor
1781 4019 2077 4075 Davidcunt

497 4118 785 4179 postquam
837 4125 1158 4166 numeratus
1185 4120 1269 4166 est
1315 4112 1574 4182 populus.
1613 4131 1629 4163 ι
1672 4110 1929 4181 Misitque
1976 4111 2082 4166 Do-

496 4199 678 4254 minus
696 4199 809 4253 Gad
842 4203 1155 4270 prophetam
1184 4204 1251 4256 ad
1272 4202 1442 4256 David
1464 4213 1518 4256 et
1544 4203 1714 4257 dixit:
1746 4221 1763 4254 ι
1799 4203 1925 4258 ΙΙαιο
1951 4203 2082 4258 dicit

499 4289 761 4344 Dominus
789 4311 801 4345 :
837 4291 985 4362 Elige
1016 4295 1162 4362 quod
1191 4294 1431 4350 volueris
1465 4305 1524 4349 ut
1571 4294 1768 4349 faciam
1819 4297 1916 4348 tibi
1943 4312 1957 4361 ;
1989 4313 2082 4350 aut

495 4383 672 4438 tribus
726 4384 888 4438 annis
938 4386 1120 4439 veniet
1173 4387 1271 4440 tibi
1325 4385 1498 4441 fames
1530 4387 1583 4439 in
1639 4399 1780 4440 terra
1840 4397 1950 4450 tua,
1988 4397 2084 4440 aut

497 4475 676 4528 tribus
713 4476 997 4530 mensibus
1029 4475 1204 4545 fugies
1233 4479 1576 4532 adversarius
1615 4486 1757 4542 tuos,
1788 4485 1882 4530 aut
1910 4478 2083 4532 tribus

2183 3285 2278 3337 καὶ
2326 3283 2463 3353 πρὸς
2530 3282 2658 3344 τοὺς
2709 3279 2986 3342 ἐναντίους
3048 3276 3419 3347 φοϐερώτατοι
3454 3315 3468 3340 ,
3535 3270 3771 3344 θυρεοὺς

2181 3377 2432 3447 αἴροντες
2466 3378 2559 3428 καὶ
2585 3373 2787 3444 δόρατα
2823 3371 3079 3441 μέγιστα,
3112 3372 3205 3422 καί
3229 3367 3422 3436 κοῦφοι
3453 3369 3564 3430 τοῖς
3610 3363 3772 3417 ποσὶν

2181 3469 2256 3532 ὡς
2283 3467 2541 3539 δορκάδες
2565 3466 2658 3520 ἐπὶ
2685 3465 2795 3518 τῶν
2823 3463 2995 3530 όρέων
3021 3463 3382 3533 ὑπάρχοντες,
3415 3461 3508 3512 καὶ
3537 3459 3570 3529 ή
3598 3473 3769 3511 κατα-

2185 3563 2354 3632 σκευὴ
2404 3559 2584 3612 αὑτῶν
2639 3559 2782 3611 πάνυ
2853 3556 3183 3626 ἐκπληκτος,
3247 3554 3344 3606 καὶ
3383 3553 3450 3605 τὰ
3500 3551 3773 3621 πρόσωπα

2183 3655 2364 3710 αὐτῶν
2393 3653 2467 3717 ὡς
2499 3653 2769 3723 πρόσωπα
2801 3646 3052 3702 λεόντων.
3078 3645 3238 3718 126
3269 3645 3314 3676 “
3348 3644 3422 3714 (5)
3451 3644 3590 3704 Τοὺς
3622 3641 3680 3694 δέ
3704 3656 3770 3710 γε

2182 3749 2542 3820 πολεμιστὰς,
2607 3745 2698 3810 οὓς
2728 3741 2841 3816 εἶχε
2886 3743 3054 3797 πάλιν
3083 3746 3110 3796 6
3135 3741 3320 3806 Δαυὶδ,
3377 3736 3445 3811 ἦν
3483 3741 3510 3793 6
3535 3737 3770 3808 ἀριθμὸς

2188 3840 2453 3913 μυριάδες
2480 3837 2609 3904 σλδ’,
2643 3837 2826 3899 καθὼς
2872 3835 3265 3907 ἠριθμήθησαν
3293 3829 3447 3903 παρά
3481 3829 3643 3884 Ἰωάὅ
3675 3827 3772 3882 τοῦ

2183 3931 2634 4004 ἀρχιστρατήγου
2662 3946 2676 3958 ·
2708 3929 2844 4001 φησὶ
2871 3928 2980 3998 γάρ
3000 3928 3043 3959 ⁸⁷
3074 3939 3086 3956 ·
3129 3947 3145 3978 ι
3168 3927 3274 3979 Kal
3305 3923 3607 3996 προσέθετο
3629 3920 3770 3991 ὀργῇ

2186 4024 2393 4096 Κύριος
2419 4022 2690 4091 ἐκκαῆναι
2727 4025 2785 4074 ἐν
2811 4019 3054 4090 Ἰσραὴλ,
3085 4021 3176 4071 καὶ
3208 4017 3464 4071 ἐπέσεισε
3487 4015 3580 4068 τὸν
3603 4012 3772 4066 Δαυὶδ

2185 4117 2242 4169 ἐν
2304 4117 2490 4177 αὑτοῖς
2547 4114 2754 4182 λέγων’
2826 4111 3136 4184 Πορεύθητι
3188 4111 3284 4166 καὶ
3339 4103 3771 4179 ἀρίθμησοντδν

2196 4208 2416 4277 Ἰσραὴλ
2445 4208 2540 4258 καὶ
2577 4207 2667 4260 τὸν
2724 4205 2917 4258 Ἰούδα.
2987 4205 3095 4256 Καὶ
3120 4197 3273 4255 εἶπεν
3298 4204 3326 4254 6
3352 4199 3610 4271 βασιλεὺς
3635 4197 3774 4268 πρὸς

2198 4299 2356 4352 Ἷωάϐ
2389 4298 2479 4351 τὸν
2509 4298 2747 4369 ἄρχοντα
2778 4297 2874 4367 τῆς
2899 4297 3081 4366 ἰσχύος
3113 4295 3213 4364 τῆς
3239 4294 3356 4364 μετ’
3375 4291 3566 4346 αὑτοῦ·
3585 4289 3772 4342 Διέλθε

2185 4394 2283 4453 τὰς
2315 4391 2490 4461 φυλὰς
2536 4392 2718 4454 πάσας
2764 4388 3004 4459 Ἰσραὴλ,
3075 4389 3168 4440 καὶ
3207 4387 3306 4451 ἴδε,
3355 4387 3447 4438 καὶ
3474 4380 3771 4452 ἐπίσκεψαι

2183 4486 2277 4538 τὸν
2299 4485 2452 4549 λαὸν,
2482 4484 2579 4537 καὶ
2617 4482 2904 4552 γνώσομαι
2942 4482 3034 4534 τὸν
3080 4480 3311 4551 ἀριθμὸν
3340 4479 3432 4532 τοῦ
3459 4476 3612 4532 λαοῦ.
3659 4475 3771 4528 Καὶ

499 4565 698 4620 diebus
719 4567 822 4621 erit
851 4569 1159 4634 pestilentia
1180 4570 1231 4622 in
1253 4578 1394 4623 terra
1415 4581 1526 4624 tua.
1552 4571 1690 4624 Dixit
1709 4581 1890 4626 autem
1909 4572 2075 4628 David

2187 4573 2344 4630 εἶπεν
2377 4576 2538 4630 Ἰωάσ
2579 4593 2593 4607 ο
2642 4574 2914 4646 Προσθείη
2949 4571 3154 4644 Κύριος
3184 4573 3210 4623 ὁ
3231 4572 3364 4634 Θεὸς
3397 4572 3488 4623 ἐπὶ
3517 4570 3606 4622 τὸν
3643 4567 3773 4620 λαόν

496 4656 564 4709 ad
596 4654 712 4710 Gad
739 4674 754 4710 :
786 4657 916 4712 Tria
947 4659 1064 4711 hazc
1098 4660 1231 4712 mihi
1266 4660 1402 4712 dura
1431 4661 1618 4726 nimis,
1647 4662 1741 4716 sed
1770 4662 1969 4718 melius
1995 4674 2079 4718 est

498 4756 558 4800 ut
586 4746 823 4801 incidam
855 4747 910 4800 in
958 4764 1155 4804 manus
1181 4749 1419 4816 Domini,
1453 4753 1637 4806 multa;
1666 4752 1813 4807 enim
1858 4753 2080 4809 miscri-

495 4842 698 4895 cordia:
726 4843 846 4911 ejus
879 4851 1030 4908 sunt,
1061 4858 1227 4913 quam
1279 4844 1334 4898 in
1371 4860 1568 4901 manus
1619 4845 1928 4903 hominum.
1969 4866 1986 4898 ι
2008 4876 2080 4888 -

500 4959 516 4983 ι
534 4936 596 4988 Et
623 4935 785 5004 elegit
810 4935 975 4990 David
1009 4937 1398 5003 pestilentiam,
1416 4947 1469 4992 et
1491 4936 1618 4992 facti
1643 4949 1772 4993 sunt
1797 4939 1913 4994 dies
1938 4953 2081 4995 mes-

496 5030 572 5081 sis
609 5027 890 5093 frumenti,
923 5029 1262 5101 immisitque
1289 5029 1548 5086 Dominus
1582 5042 1791 5102 pestem
1833 5033 1887 5085 iu
1912 5030 2078 5086 Israel

495 5124 562 5172 de
594 5135 752 5174 mane
781 5137 954 5191 usque
986 5122 1056 5176 ad
1104 5133 1321 5194 tempus
1371 5125 1757 5191 constitutum,
1787 5137 1843 5178 et
1875 5125 2076 5178 inut-tui

499 5219 718 5266 suntex
749 5215 950 5283 pepulo
981 5218 1326 5287 septuaginta
1372 5216 1546 5271 millia
1587 5216 1854 5271 virorum.
1882 5217 2079 5270 Exten-

2190 4687 2306 4723 σου,
2365 4669 2475 4721 Καὶ
2505 4667 2594 4720 ἵνα
2620 4666 2673 4719 τί
2701 4668 2728 4718 6
2755 4665 2946 4736 κύριός
3002 4681 3105 4734 μου
3139 4663 3388 4734 βούλεται
3422 4664 3479 4713 ἐν
3517 4660 3594 4730 τῷ
3625 4658 3772 4728 λόγῳ

2188 4759 2398 4827 τούτῳ;
2434 4759 2541 4810 Καὶ
2571 4757 2936 4828 ὑπερίσχυσεν
2971 4758 2998 4808 6
3033 4757 3188 4824 λόγος
3217 4754 3311 4807 τοῦ
3336 4753 3602 4823 βασιλέως
3634 4750 3772 4822 πρὸς

2199 4852 2359 4905 ’[ωάϐ
2411 4853 2509 4904 καὶ
2556 4851 2693 4922 πρὸς
2738 4853 2862 4912 τοὺς
2908 4852 3180 4922 ἄρχοντας
3214 4849 3315 4918 τῆς
3337 4849 3644 4918 δυνάμεως,
3675 4845 3772 4898 καὶ

2187 4943 2400 5013 ἀπῆλθε
2433 4942 2596 4996 mea
2643 4942 3046 5012 ἐπισκέψασθαι
3099 4941 3192 4994 τὸν
3234 4940 3385 4994 λαόν.
3434 4940 3542 4992 Καὶ
3568 4938 3632 5006 δὴ
3653 4939 3778 4990 ἐπι-

2191 5035 2536 5106 σκεψάμενος
2587 5033 2787 5087 δέδωκε
2849 5033 2994 5105 (291’)
3022 5035 3111 5086 τὸν
3155 5032 3390 5103 ἀριθμὸν
3414 5030 3516 5099 τῆς
3547 5027 3774 5082 ἐπισκέ-

2185 5127 2333 5197 ψεως
2395 5126 2490 5180 τοῦ
2553 5126 2686 5179 λαοῦ
2743 5125 2839 5179 τοῦ
2893 5127 3079 5179 Δαυίδ.
3139 5126 3250 5180 Καὶ
3301 5121 3367 5196 ἦν
3400 5125 3510 5186 πᾶς
3551 5120 3773 5192 Ἰσραὴλ

2187 5213 2422 5284 xliii-at“
2475 5215 2571 5268 καὶ
2609 5213 2654 5286 ρ’
2683 5214 2920 5284 χιλιάδες
2976 5213 3187 5284 ἀνδρῶν
3222 5213 3587 5283 ἐσπασμένων
3633 5213 3771 5280 ῥομ-

1717 5383 1918 5444 Varias
1965 5383 2274 5445 lectiones
2317 5388 2377 5444 et
2416 5388 2609 5446 notae.

574 5559 620 5590 ‘°
649 5556 907 5610 Ἐλεανάν
950 5557 1102 5620 9,10.

498 5629 656 5692 20,2l
672 5667 686 5682 .

506 5770 731 5839 ἀνδρῶν
750 5771 838 5822 17.

508 5837 641 5906 Leo,
676 5837 733 5891 ω’
762 5841 1001 5910 χιλιάδες
1031 5842 1073 5895 ΙΙ
1113 5841 1240 5896 Satn
1301 5857 1451 5905 utr,
1483 5846 1536 5892 υ.

1180 5557 1222 5588 ⁸³
1258 5558 1359 5634 καὶ,
1384 5557 1412 5608 6
1450 5557 1829 5634 ):._éx_a0_r,a_a_6
1870 5556 1924 5609 ὰ.
1960 5552 2462 5634 πλῂνέιιδιδύσκειν
2607 5555 2762 5634 -ΙΒ,
2811 5553 2952 5624 ἀνὴρ
2986 5553 3172 5634 ,αὐτ-ος
3234 5553 3528 5634 πολλοστδς
3589 5556 3769 5634 ἔργοις

765 5627 810 5709 ξ’
857 5629 912 5697 ἡ.
961 5628 1265 5709 τοὺηχιόννς
1461 5630 1512 5709 ξ’
1541 5623 1989 5709 μύτὸίἐςῄγειρε
2019 5623 2080 5709 τδ
2109 5624 2263 5709 δόρυ,
2289 5624 2460 5677 αὑτοῦ
2503 5623 2693 5709 ἔτελλε
2719 5625 3066 5709 τραμμιατίας
3099 5627 3184 5678 18.

501 5703 615 5762 τοῖς
657 5695 902 5766 ἐκγόνοις
929 5698 1024 5751 τοῦ
1057 5695 1135 5751 Ῥ.
1167 5703 1260 5751 xci
1293 5704 1320 5752 6
1357 5699 1596 5768 σταθμὸς
1631 5698 1726 5750 τοῦ
1762 5695 1986 5766 δόρατος
2022 5695 2075 5747 αἱ

506 5770 716 5831 ἀνδρῶν
750 5771 838 5822 17.
938 5771 984 5800 ³⁸
1017 5769 1150 5824 Cetl.
1190 5769 1489 5831 155.9454
1529 5773 1610 5822 l‘J.
1690 5770 1733 5800 ⁶⁷
1770 5769 1812 5820 Il
1842 5769 1991 5820 Sam.
2039 5783 2067 5819 χ

2182 5701 2283 5747 ιτν.
2348 5713 2400 5748 σ.
2440 5712 2548 5756 xxt,
2601 5695 2689 5748 16.
2722 5696 2864 5746 -ἸΙ
2902 5695 3054 5751 Sam.
3114 5711 3226 5759 nt,
3284 5697 3470 5750 1547.

2182 5808 2186 5824 μ
2225 5767 2338 5819 Ini.
2421 5767 2466 5797 "’
2495 5765 2731 5831 χιλιάδες
2761 5765 2778 5820 1
2810 5762 2935 5822 Par.
2964 5784 3076 5831 ut,
3107 5766 3160 5830 5,
3193 5768 3429 5831 χιλιάδες

3367 5625 3444 5699 ’ἐξ
3470 5625 3526 5689 δῖ
3589 5623 3658 5699 ἦν
3707 5629 3773 5699 ἓν

3571 5696 3622 5729 ⁸⁸⁷
3662 5696 3774 5748 τῶν

2421 5767 2466 5797 ι⁸
2495 5765 2731 5835 χιλιάδες
2761 5765 2778 5820 1
2810 5762 2935 5822 Par.
2964 5784 3076 5832 ut,
3107 5766 3160 5830 5,
3193 5768 3429 5836 χιλιάδες
3483 5765 3525 5838 ρ’
3557 5769 3652 5820 καὶ
3685 5768 3770 5836 xp'
