4096 6426
347 383 468 444 εεει

1594 383 2063 446 CHBONICON.
2107 405 2176 417 ·-
2215 381 2366 442 LIB.
2411 381 2496 442 ll.

353 495 570 564 φαίαν·
619 496 720 548 καὶ
781 498 990 560 Ἰούδας
1033 499 1277 570 χιλιάδας
1340 499 1427 553 υπ’
1460 503 1504 531 θ’
1547 502 1757 573 ἀνδρῶν
1806 499 1970 551 ἐσπα‹

2083 495 2269 565 ditque
2303 510 2522 550 manum
2561 510 2716 550 suam
2757 511 2982 564 angelus
3015 495 3226 550 Domini
3279 514 3443 569 super
3499 499 3660 553 Jeru-

355 591 586 659 σμένων
609 590 904 662 μάχαιραν
929 609 944 623 ο
974 592 1066 646 τὸν
1096 595 1153 646 δὲ
1182 595 1312 647 Λευὶ
1333 595 1426 648 καὶ
1457 595 1549 648 τὸν
1578 595 1837 663 Βενιαμὶν
1866 593 1969 645 οὐκ

2079 589 2244 643 salem
2301 597 2358 641 ut
2399 587 2742 656 disperderet
2797 603 2942 642 eam.
2994 606 3012 638 ι
3053 587 3206 643 Tunc
3253 589 3444 673 videns
3493 591 3658 646 David

352 682 678 754 ἠρίθμησε,
716 685 805 737 ὅτι
835 684 1239 757 προσώχθησεν
1262 689 1290 739 6
1317 687 1473 755 λόγος
1505 686 1600 739 τοῦ
1634 686 1903 757 βασιλέως
1923 684 1967 714 ⁷⁰

2078 681 2329 750 angelum
2364 680 2662 734 cmdentcin
2692 680 2837 736 viros
2862 681 2914 733 in
2950 682 3168 750 populo,
3198 683 3333 736 dixit
3369 683 3438 738 ad
3466 683 3660 742 Deum:

353 777 443 847 τῷ
478 775 664 830 Ἰωάϐ.
722 777 840 832 Καὶ
887 779 1132 849 πονηρὸν
1191 780 1366 849 ἐφάνη
1426 778 1673 832 ἐναντίου
1701 776 1796 831 τοῦ
1829 773 1966 829 Θεοῦ

2083 792 2101 826 ι
2137 774 2246 845 Ego
2277 791 2394 828 sum
2435 774 2527 844 qui
2571 775 2810 843 peccavi,
2864 790 2965 844 ego
3017 786 3204 844 pastor
3261 775 3445 847 inique
3493 781 3658 849 gessi.

355 868 554 922 τοῦτο.
597 869 726 908 ⁷³--σ
755 870 871 922 Καὶ
917 871 1159 936 ἐπάταξε
1187 873 1382 942 καρδία
1411 871 1576 926 Δαυῒδ
1608 870 1772 926 αὑτὸν
1805 872 1864 924 ἐν
1890 869 1967 938 τῷ

2080 865 2169 922 Ιδιί
2205 866 2297 936 qui
2323 881 2452 922 oves
2479 875 2608 922 sunt
2637 867 2768 936 quid
2805 865 3088 920 fecerunt?
3110 878 3373 931 vertatur,
3405 870 3657 934 obsecro,

359 957 690 1028 ἀριθμῆσαι
713 959 806 1012 τὸν
828 959 982 1014 λαόν.
1011 991 1082 1000 —
1102 961 1149 996 ⁷⁸
1202 962 1277 1030 (ti)
1313 962 1421 1016 Kal.
1447 960 1734 1014 ἀπέστειλε
1764 959 1967 1028 Κύριος

2081 970 2276 1008 manus
2333 964 2424 1008 tua
2473 965 2662 1009 contra
2735 971 2822 1010 me
2876 964 2930 1011 et
2964 967 3154 1011 contra
3205 959 3428 1014 domum
3489 964 3662 1031 patris

3555 387 3659 449 230
3745 392 3749 396 ’

369 1049 490 1101 ras
535 1049 628 1102 τὸν
677 1053 978 1125 προφήτην
1023 1052 1162 1124 πρὸς
1207 1051 1371 1108 Δαυῒδ
1422 1053 1514 1107 καὶ
1560 1048 1682 1105 εἷπε
1707 1052 1751 1082 ⁷³
1784 1065 1796 1078 '
1831 1050 1970 1104 Τάδε

368 1140 531 1207 λέγει
555 1141 782 1213 Κύριοςο
821 1142 1084 1207 Ἕκλεξαι
1115 1144 1330 1218 σεαυτῷ
1353 1145 1610 1214 γενέσθαι
1636 1161 1740 1207 σοι,
1771 1145 1803 1215 ἦ
1843 1143 1972 1214 τρία

379 1235 484 1300 ἐτη
515 1232 666 1303 λιμὸν
689 1235 748 1287 ἐν
772 1236 842 1305 τῇ
878 1238 952 1306 γῇ
983 1252 1102 1298 σου,
1127 1235 1162 1305 ἦ
1187 1239 1334 1307 τρεῖς
1369 1237 1544 1308 μῆνας
1573 1237 1794 1308 φεύγειν
1826 1252 1884 1287 σε
1908 1236 1974 1288 ἐκ

377 1325 682 1392 προσώπου
720 1326 830 1380 τῶν
851 1327 1067 1397 ἐχθρῶν
1105 1345 1223 1392 σου,
1261 1327 1292 1396 ἡ
1325 1326 1371 1395 γ’
1407 1329 1622 1399 ἡμέρας
1649 1327 1880 1380 θάνατον
1912 1327 1969 1379 ἐν

2076 1048 2206 1101 mei.
2243 1047 2586 1104 Etexoratus
2629 1048 2915 1115 Dominus,
2935 1049 3072 1102 dixit
3115 1051 3180 1105 ad
3229 1053 3479 1120 angelum
3515 1055 3666 1110 ξῦο-

2075 1140 2200 1194 hinc
2219 1156 2439 1193 manum
2472 1140 2751 1195 tuanmEt
2768 1141 3056 1196 aediﬁcavit
3079 1142 3150 1196 ibi
3177 1144 3339 1196 David
3363 1145 3533 1199 altare
3560 1145 3664 1198 Do-

2077 1231 2228 1283 mino
2254 1241 2308 1283 et
2338 1229 2534 1285 obtulit
2553 1230 2876 1284 holocausta
2904 1240 2958 1283 et
2979 1230 3225 1301 paciﬁca,
3252 1242 3306 1285 ct
3335 1235 3662 1302 prapitiatus

2073 1333 2156 1376 est
2179 1321 2441 1376 Dominus
2465 1333 2643 1385 teme,
2674 1334 2726 1376 et
2750 1321 2988 1377 cohibita
3025 1331 3108 1378 est
3148 1325 3300 1394 plaga
3329 1326 3603 1379 ablsrael.
3637 1345 3656 1376 ι

370 1416 448 1482 τῇ
479 1417 550 1484 τῇ
587 1431 703 1472 σου,
751 1447 824 1455 -
878 1420 986 1471 Καὶ
1053 1417 1176 1474 εἷπε
1237 1418 1404 1471 Δαυῒδ
1478 1420 1617 1489 πρὸς
1651 1417 1759 1470 Γάδ
1787 1433 1801 1447 ο
1835 1416 2008 1469 Στενά
2048 1431 2139 1485 μοι
2192 1413 2466 1468 πάντοθεν
2501 1415 2620 1467 ἐστι
2678 1416 2773 1466 καὶ
2842 1415 2910 1466 τὰ
2947 1417 3097 1484 τρία,
3135 1416 3275 1488 πλὴν
3307 1417 3662 1486 ἐμπεσοῦμαι

369 1508 442 1577 δὴ
465 1511 547 1571 εἰς
572 1514 759 1580 χεῖρας
785 1512 1020 1580 Κυρίου,
1050 1515 1133 1572 ὅτι
1162 1514 1348 1568 πολλοὶ
1369 1515 1418 1566 οἱ
1453 1513 1737 1583 οἰκτιρμοί
1764 1509 1952 1564 αὐτοῦ’
1997 1511 2078 1572 είς
2103 1508 2160 1563 δὲ
2183 1510 2372 1579 χεῖρας
2399 1506 2709 1578 ἀνθρώπων
2775 1507 2850 1579 μὴ
2921 1507 3171 1576 ἐμπέσω.
3235 1509 3346 1562 Καὶ
3374 1507 3662 1575 ἐξελέξατο

370 1600 542 1654 Δαυῖδ
576 1603 668 1657 τὸν
703 1603 935 1660 θάνατον
967 1621 982 1636 ⁸
1053 1609 1149 1659 καὶ
1214 1608 1420 1678 ἡμέραι
1450 1606 1642 1676 θέρους
1667 1605 1714 1643 ⁷³
1741 1603 1952 1675 πυρῶν,
1997 1602 2091 1656 atat
2155 1602 2325 1655 ἔδωκε
2380 1602 2584 1672 Κύριος
2609 1601 2842 1654 θάνατον
2909 1603 2967 1654 ἐν
3014 1601 3236 1672 Ἰσραὴλ
3277 1603 3390 1657 ἀπὸ
3418 1603 3662 1675 πρώῖοεν

369 1691 480 1756 ἕως
511 1691 560 1722 τι
590 1693 820 1763 ἀρίστου
855 1710 870 1725 ο
927 1698 1020 1750 καὶ
1074 1696 1344 1750 ἀπέθανον
1403 1698 1467 1749 ἐκ
1533 1696 1626 1748 τοῦ
1673 1694 1806 1749 λαοῦ
1865 1693 2105 1764 χιλιάδες
2169 1699 2232 1745 o’.
2293 1693 2402 1746 Καὶ
2452 1693 2688 1757 ἐξέτεινε
2746 1695 2846 1764 τὴν
2919 1698 3079 1764 χεῖρα
3133 1695 3298 1747 αὑτοῦ
3343 1699 3371 1750 6
3426 1697 3661 1768 ἄγγελος

375 1783 588 1852 Κυρίου
647 1788 707 1837 ἐν
746 1786 1107 1857 Ἰερουσαλὴμ
1160 1787 1274 1840 τοῦ
1306 1787 1616 1856 διαφθεῖραι
1664 1789 1721 1838 ἐν
1761 1786 1922 1854 αὐτῇ.
1967 1783 2078 1836 Καὶ
2101 1777 2224 1834 εἷπε
2259 1782 2423 1834 Δαυὶδ
2457 1778 2592 1852 πρδς
2630 1781 2720 1834 τὸν
2747 1781 2879 1834 Θεὸν
2911 1785 2971 1836 ἐν
3009 1782 3085 1852 τῷ
3118 1785 3243 1838 ἰδεῖν
3263 1787 3425 1838 αὑτὸν
3447 1787 3538 1840 τὸν
3562 1791 3661 1858 ἄγ-

375 1880 534 1946 γελον
565 1877 841 1932 τύπτοντα
870 1883 928 1933 ἐν
953 1878 1032 1948 τῷ
1059 1880 1194 1952 λαῷ·
1219 1880 1370 1942 Ἰδοὺ,
1400 1881 1511 1948 ἐγὼ
1543 1882 1863 1950 ἡμάρτηκα,
1901 1880 2000 1931 καὶ
2042 1877 2200 1948 127
2238 1875 2349 1946 ἐγώ
2379 1877 2496 1945 είμι
2534 1877 2562 1928 6
2599 1877 2803 1946 ποιμήν
2831 1877 2860 1928 6
2935 1879 3310 1942 κακοποιῆσας
3330 1894 3345 1908 ·
3388 1880 3483 1934 καὶ
3511 1878 3660 1937 οὗτοι

375 1980 442 2028 τα
475 1975 730 2043 πρόϐατα
759 1975 814 2028 τί
859 1977 1159 2046 ἐποίησανς
1195 1978 1439 2043 γενέσθω
1468 1977 1532 2048 δή
1569 1979 1601 2047 ή
1630 1977 1751 2047 χείρ
1786 1993 1879 2028 σου
1906 1979 1964 2028 ἐν
2004 1975 2155 2045 ἐμοὶ,
2186 1973 2386 2044 Κύριε,
2448 1973 2543 2026 καὶ
2574 1975 2630 2025 ἐν
2697 1972 2772 2041 τῷ
2803 1971 2938 2041 οἴκῳ
2971 1970 3064 2024 τοῦ
3099 1973 3308 2044 πατρός
3332 1991 3459 2043 μου.
3494 1994 3514 2026 ι
3549 1976 3661 2028 Καὶ

380 2067 760 2137 παρακληθεὶς
801 2069 829 2119 6
877 2067 1083 2138 Κύριος
1133 2065 1252 2122 εἷπε
1302 2069 1440 2140 πρὸς
1487 2070 1579 2122 τὸν
1623 2071 1859 2138 ἄγγελον
1897 2069 1964 2099 ⁷⁸⁸
2011 2087 2030 2121 ι
2069 2069 2231 2132 "Ave;
2290 2069 2390 2139 τὴν
2421 2065 2582 2138 χεῖρά
2644 2082 2761 2120 σου.
2796 2084 2814 2116 ι
2849 2095 2920 2124 -—.
2951 2086 2966 2114 ι
3012 2067 3121 2119 Καὶ
3146 2066 3499 2140 ᾠκοδόμησεν
3541 2072 3662 2124 ἐκεῖ

377 2161 769 2229 θυσιαστήριον
797 2159 964 2214 Δαυῒδ
996 2164 1090 2214 καὶ
1151 2163 1448 2234 ἀνήνεγκεν
1486 2163 1650 2226 εὐθὺς
1688 2161 2088 2226 ὁλοκαυτώσεις
2111 2178 2125 2192 ο
2192 2162 2288 2214 καὶ
2346 2162 2655 2230 ἐπήκουσεν
2691 2158 2857 2211 αὑτοῦ
2915 2161 2942 2211 6
2977 2159 3183 2228 Κύριος
3220 2163 3314 2215 καὶ
3355 2164 3660 2236 συνεσχέθη

377 2253 572 2306 ἐπάνω
603 2251 824 2324 Ἰσραήλ
863 2255 898 2323 ἡ
933 2253 1186 2324 Θραῦσις.
1219 2275 1238 2307 ι

453 2347 501 2376 "
527 2346 805 2417 (η’ῐαῦτα
824 2348 878 2400 δέ
895 2365 1029 2419 φησι
1050 2350 1214 2402 πάλιν
1227 2351 1575 2424 Θεοδώρητος
1597 2354 1700 2406 οὑκ
1718 2353 1965 2415 ἀπεικῶς

2150 2351 2275 2407 lla-c
2303 2353 2442 2406 mala
2486 2367 2594 2406 non
2644 2351 2944 2420 incongrue
2985 2351 3328 2418 acciderunt,
3370 2354 3446 2407 ait
3477 2352 3659 2410 Theo-

396 2437 829 2508 συμϐεϐηκέναι,
867 2441 973 2494 ἀλλ’
1005 2443 1216 2506 οἰκείας
1251 2446 1599 2517 παρανομίας
1633 2447 1776 2498 ἔτισε
1809 2447 1965 2504 δίκας

2074 2449 2290 2503 doretus
2312 2462 2326 2498 :
2351 2444 2584 2514 propriae
2614 2443 2946 2497 inﬁdelitatis
2970 2459 3160 2510 ptruas
3191 2461 3323 2500 sane
3354 2445 3452 2500 luit
3481 2462 3658 2516 popu-

393 2535 421 2584 6
446 2532 580 2594 λαὸς
605 2533 696 2585 ἐπὶ
723 2536 1002 2604 προφάσει·
1041 2539 1358 2593 καταλιπὼν
1385 2542 1496 2611 γὰρ
1526 2540 1616 2593 τὸν
1645 2539 1848 2612 εὐσεϐῆ
1871 2541 1967 2593 καὶ

2074 2541 2156 2596 lus
2191 2537 2598 2603 :dereliquerat
2645 2535 2793 2590 enim
2846 2552 3027 2606 regem
3077 2537 3226 2605 pimn
3263 2546 3317 2592 et
3361 2553 3391 2592 a
3425 2540 3533 2594 Deo
3561 2541 3659 2593 da-

384 2626 534 2677 θετον
569 2624 817 2696 βασιλέα,
848 2629 1100 2698 τυράννῳ
1137 2635 1232 2684 καὶ
1267 2632 1570 2705 πατραλῴῃ
1589 2634 1635 2664 ⁷⁸
1666 2635 1816 2688 παιδὶ
1843 2651 1968 2686 συν-

2074 2640 2184 2684 tum
2213 2630 2280 2684 ad
2314 2629 2668 2698 praeliandum
2715 2643 2840 2682 cmn
2877 2639 3110 2698 tyranno
3139 2639 3189 2683 et
3235 2631 3526 2696 parricida.
3555 2631 3661 2686 Pa-

375 2716 766 2789 εστράτευσεν.
827 2719 986 2773 οὕτω
1027 2722 1084 2776 δὲ,
1121 2724 1218 2776 καὶ
1251 2723 1340 2776 διὰ
1389 2726 1487 2793 τὴν
1537 2724 1632 2778 τοῦ
1680 2725 1854 2778 Σαοὺλ
1888 2725 1968 2787 εἰς

2074 2723 2203 2777 riter
2234 2722 2302 2775 ob
2331 2721 2530 2776 caedem
2559 2736 2724 2790 quam
2761 2719 2890 2774 fecit
2946 2719 3077 2774 Saul
3122 2721 3175 2773 in
3206 2721 3528 2778 Gabaonitis
3554 2740 3625 2793 pu
3645 2753 3660 2766 -

371 2811 502 2871 τοὺς
535 2810 889 2876 Γαϐαωνίτας
908 2814 1189 2884 ἀναίρεσιν
1215 2816 1511 2888 ἐπαιδεύθη
1531 2818 1619 2872 διὰ
1641 2819 1801 2888 λιμοῦ
1828 2818 1969 2890 μετὰ

371 2904 473 2972 τήν
518 2905 737 2958 ἐκείνου
791 2906 1087 2977 τελευτήν·
1128 2909 1156 2960 ὀ
1198 2910 1296 2978 μὲν
1344 2911 1453 2982 γὰρ
1490 2910 1615 2974 λαὸς
1670 2909 1818 2974 ἄπας
1872 2911 1968 2963 καὶ

387 2995 598 3064 Ἰησοῦς
651 2998 680 3048 6
729 2997 825 3050 τοῦ
860 2998 1038 3068 Ναυῆ,
1076 3002 1346 3071 πεποίηκε
1389 3002 1492 3065 τὰς
1539 3002 1678 3071 πρὸς
1724 3003 1970 3066 ἐκείνους

374 3086 662 3156 συνθήκας
696 3089 823 3151 τοὺς
863 3089 1217 3154 Γαϐαωνίτας
1246 3108 1259 3122 ο
1294 3094 1624 3164 ἐκοινώνησε
1655 3092 1711 3145 δέ
1735 3084 1846 3146 τῶν
1877 3094 1970 3162 69-

372 3195 490 3230 κων
525 3179 620 3230 καὶ
658 3178 925 3250 Ἐλεάζαρ
967 3183 996 3234 6
1047 3181 1363 3256 ἀρχιερεύς.
1401 3183 1550 3236 Ἔδει
1604 3183 1786 3236 τοίνυν
1844 3185 1970 3248 τοὺς

373 3271 682 3338 ἀπογόνους
700 3271 812 3325 τῶν
827 3271 1216 3342 ὠμωμοκότων
1234 3275 1312 3347 μὴ
1333 3275 1653 3348 παραϐῆναι
1687 3278 1780 3330 τὸν
1805 3277 1970 3348 ὅρκον

373 3378 474 3414 κα.
501 3363 603 3424 τὰς
633 3363 894 3429 σπονδὰς,
944 3364 1078 3418 ἀλλὰ
1124 3369 1312 3420 πεῖσαι
1347 3367 1552 3436 μᾶλλον
1586 3368 1679 3422 τὸν
1725 3385 1968 3439 παρανο-

377 3455 590 3522 μοῦντα
622 3455 848 3526 βασιλέα
875 3458 974 3522 τὰς
996 3459 1133 3529 πρὸς
1164 3460 1362 3523 αὐτοὺς
1391 3461 1627 3530 φυλάξαι
1659 3461 1932 3533 συνθήκας
1953 3478 1968 3493 ·

378 3545 690 3617 πληροῦται
719 3547 774 3601 δὲ
802 3549 884 3612 εἰς
916 3551 1116 3614 αὐτοὺς
1150 3551 1211 3604 τὸ
1245 3554 1398 3624 παρὰ
1426 3552 1522 3606 τοῦ
1553 3554 1677 3606 Νῶε
1710 3553 1846 3623 πρὸς
1880 3554 1971 3606 τὸν

377 3639 710 3711 προπάτορα
745 3643 928 3697 αὐτῶν
955 3645 1179 3698 Χαναὰν
1207 3646 1524 3716 εἰρημένονο
1555 3665 1573 3697 ι
1603 3647 1645 3678 ⁷³
1677 3647 1973 3700 Ἐπικατά-

2070 2818 2218 2870 nitus
2261 2822 2346 2870 est
2407 2815 2644 2886 populus
2696 2813 2813 2868 dira
2869 2815 3032 2881 fame,
3065 2814 3174 2868 vita
3227 2814 3414 2870 functo
3476 2816 3660 2874 Saule.

2071 2906 2264 2962 Omnis
2295 2909 2496 2960 ctenim
2552 2908 2812 2977 pupulas,
2847 2917 2903 2963 ct
2949 2909 3064 2980 ipse
3095 2907 3264 2964 Josue
3305 2910 3450 2965 titius
3478 2910 3624 2966 Nave
3645 2951 3660 2975 ,

2071 2999 2280 3053 hedera
2312 3014 2437 3052 cum
2473 2997 2606 3067 ipsis
2633 2999 2975 3068 pepigerant.
3009 2998 3072 3053 Et
3105 3000 3220 3069 ipse
3249 3000 3476 3056 Eleazar
3505 3017 3662 3058 sum-

2074 3106 2196 3146 mus
2247 3090 2505 3145 sacerdos
2564 3104 2685 3146 sese
2746 3090 2850 3144 illis
2901 3091 3234 3160 juramentis
3309 3096 3662 3149 consociatus

2077 3183 2272 3238 fuerat.
2341 3182 2637 3253 Oportebat
2724 3182 2909 3252 itaque
2996 3192 3245 3252 posteros
3324 3201 3432 3240 non
3484 3195 3663 3242 trans-

2080 3275 2230 3343 gredi
2283 3273 2672 3346 jusjurandum
2731 3285 2786 3328 et
2836 3275 3277 3344 promissiones,
3329 3277 3424 3332 sed
3477 3280 3659 3350 potius

2075 3366 2311 3420 suadere
2344 3381 2526 3440 regem
2567 3368 3041 3438 prazvaricatorem
3097 3381 3157 3422 ut
3208 3381 3454 3426 servaret
3479 3382 3660 3442 pacta.

2074 3457 2447 3532 Adimpletum
2466 3467 2549 3516 est
2570 3460 2626 3515 in
2657 3458 2738 3514 eis
2759 3459 2905 3530 quod
2939 3460 3140 3516 dicitur
3172 3478 3201 3516 a
3237 3461 3349 3518 Nee
3380 3464 3446 3518 ad
3477 3477 3659 3534 proto-

2074 3561 2352 3622 parentem
2383 3567 2578 3607 eorum
2605 3551 2866 3607 Chanaan
2901 3570 2916 3606 :
2958 3571 2976 3603 ι
3003 3551 3325 3612 Maledictns
3353 3556 3611 3613 Chanaan
3642 3577 3658 3624 ;

2077 3661 2269 3700 servus
2295 3660 2581 3700 servorum
2613 3645 2718 3699 erit
2744 3645 3006 3700 fratribus
3035 3647 3170 3703 suis.
3208 3667 3226 3702 ι
3267 3648 3420 3705 Unde
3450 3652 3516 3706 ad
3540 3667 3658 3714 eos.

378 3748 546 3800 ρατος
601 3735 830 3789 Χαναὰν
885 3739 1036 3802 παῖς,
1078 3739 1297 3808 οἰκέτης
1358 3740 1512 3791 ἐσται
1558 3741 1668 3802 τοῖς
1717 3739 1967 3807 ἀδελφοῖς

2074 3738 2294 3806 cognito
2323 3753 2515 3793 eorum
2559 3739 2788 3806 scelere,
2829 3741 2970 3795 dixit
3019 3741 3228 3798 Josue:
3263 3761 3282 3794 ι
3321 3744 3514 3814 Itaque
3556 3747 3660 3800 sub

377 3825 574 3877 αὑτοῦ.
614 3844 634 3876 ι
672 3828 763 3880 Διὸ
816 3846 951 3898 φησι
1012 3830 1149 3902 πρὸς
1185 3831 1385 3894 αὐτοὺς
1433 3830 1640 3900 Ἰησοῦς
1692 3833 1833 3898 μετὰ
1870 3833 1969 3901 τὴν

375 3917 692 3988 φανέρωσιί
748 3923 850 3992 τῆς
913 3924 1255 3992 πανουργίας
1311 3924 1491 3977 αὑτῶν
1536 3926 1581 3954 ⁸ο
1612 3937 1630 3955 ο
1665 3943 1683 3974 ‹
1722 3924 1833 3976 Καὶ
1873 3923 1970 3976 νῦν

374 4011 782 4079 ἐπικαταρατοί
822 4015 966 4066 ἐστεο
1007 4015 1070 4067 οὑ
1103 4016 1180 4084 μὴ
1227 4015 1456 4087 ἐκλείπῃ
1501 4015 1560 4082 ἐξ
1599 4016 1752 4086 ὑμῶν
1784 4015 1970 4079 δοῦλος

373 4103 502 4154 οὐδὲ
560 4102 860 4170 ξυλοκὸπος
896 4107 990 4160 καὶ
1029 4107 1328 4178 ὑδροφόρος
1383 4109 1510 4182 ἐμοὶ
1570 4110 1666 4165 καὶ
1723 4109 1802 4180 τῷ
1848 4109 1968 4184 Θεῷ

378 4210 510 4262 μου,
566 4199 661 4248 καὶ
697 4197 1034 4269 κατέστησεν
1067 4201 1265 4265 αὐτοὺς
1312 4201 1522 4270 Ἰησοῦς
1562 4203 1620 4255 ἐν
1661 4204 1727 4272 τῇ
1782 4202 1970 4272 ήμέρᾳ

373 4287 570 4359 ἐκείνῃ
591 4289 918 4355 ξυλοκόπους
943 4293 1039 4347 καὶ
1061 4295 1391 4365 ὑδροφόρους
1413 4296 1561 4366 πάσῃ
1585 4298 1649 4366 τῇ
1674 4299 1966 4364 συναγωγῇ

374 4383 475 4434 καὶ
487 4381 567 4448 τῷ
582 4382 956 4456 θυσιαστηρίῳ
976 4386 1070 4439 τοῦ
1089 4387 1248 4440 Θεοῦ.
1280 4406 1296 4438 ι
1313 4405 1400 4434 -ι
1422 4389 1522 4441 Διὰ
1537 4389 1698 4441 τοῦτο
1717 4389 1971 4456 ἐγένοντο

372 4472 426 4524 οἱ
453 4475 840 4537 κατοικοῦντες
865 4477 1095 4531 Γαϐαὼν
1127 4479 1416 4544 ξυλοκόποι
1448 4481 1542 4534 καὶ
1575 4481 1862 4552 ὑδροφόροι
1893 4480 1972 4550 τῷ

375 4567 761 4640 θυσιαστηρίῳ
789 4570 884 4622 τοῦ
914 4570 1052 4624 Θεοῦ
1085 4573 1180 4625 καὶ
1232 4573 1395 4626 πάλιν
1441 4575 1508 4644 τῇ
1541 4577 1834 4644 συναγωγῇ
1865 4576 1972 4637 ἕως

373 4659 478 4728 τῆς
515 4662 726 4732 ἡμέρας
776 4661 985 4733 ταύτης
1018 4665 1112 4718 καὶ
1159 4667 1239 4728 είς
1285 4666 1430 4735 (50³)
1459 4668 1551 4720 τὸν
1599 4666 1767 4720 τόπον
1805 4661 1866 4720 οὗ
1905 4666 1971 4720 ἂν

375 4751 732 4816 ἐκλέξεταιεη
777 4756 1004 4828 Κύριος.
1047 4777 1066 4809 ι
1097 4758 1140 4790 ⁸³
1190 4758 1346 4812 Ἐπεὶ
1379 4758 1472 4812 οῦν
1514 4759 1688 4811 ταῦτα
1735 4759 1972 4827 παρελο-

373 4846 625 4910 γίσαντο,
660 4849 754 4900 καὶ
789 4849 932 4919 μετὰ
959 4851 1058 4922 τὴν
1109 4851 1321 4904 ἐκείνου
1350 4851 1611 4923 τελευτὴν
1651 4851 1970 4921 ὑπέστησαν

372 4939 477 5009 τὴν
504 4939 594 4993 διὰ
625 4941 719 4993 τοῦ
772 4941 934 5012 λιμοῦ
990 4944 1265 5008 παιδείαν,
1302 4944 1548 4997 διδάσκει
1601 4941 1694 4996 οὖν
1742 4944 1890 5013 ἡμᾶς
1942 4944 1971 4994 6

376 5034 538 5100 λόγος
574 5033 650 5104 μὴ
681 5036 1050 5106 παραϐαίνειν
1085 5039 1179 5100 τὰς
1204 5039 1296 5090 ἐπὶ
1324 5038 1460 5092 Θεοῦ
1512 5039 1816 5107 γενομένας
1849 5035 1970 5106 μεθ’

2076 3831 2458 3886 maledictione
2487 3831 2666 3898 eritis,
2697 3840 2752 3886 et
2794 3847 2905 3886 non
2937 3832 3154 3887 deliciet
3174 3834 3239 3888 de
3271 3835 3440 3902 stirpe
3480 3850 3656 3892 vesu-u

2074 3925 2218 3994 ligna
2253 3925 2492 3991 caedetis,
2543 3940 2828 3996 aquasque
2876 3937 3228 3995 comportans
3277 3928 3408 3984 mihi
3451 3937 3505 3984 et
3546 3921 3658 3984 Ih-o

2073 4029 2214 4070 meo.
2251 4035 2268 4069 ι
2295 4047 2360 4058 --
2381 4014 2770 4087 «Decrevitque
2801 4015 2968 4074 Josue
3000 4019 3055 4072 in
3093 4017 3184 4071 illo
3209 4018 3294 4074 die
3328 4033 3424 4074 eos
3455 4036 3574 4074 esse
3605 4023 3658 4076 in

2075 4107 2382 4162 ministerio
2430 4108 2611 4162 cuncti
2653 4110 2862 4179 populi,
2911 4119 2966 4163 et
3012 4109 3206 4165 altaris
3256 4109 3497 4167 Domini.
3541 4130 3559 4163 ι
3590 4142 3661 4156 --

2081 4221 2100 4254 ι
2131 4201 2258 4256 Ideo
2315 4201 2444 4256 facti
2476 4213 2606 4256 sunt
2635 4202 2944 4258 habitantes
2971 4201 3155 4258 Gabaa
3192 4203 3339 4274 ligna
3387 4206 3656 4262 caedentes

2073 4300 2129 4347 et
2168 4307 2343 4362 aquas
2376 4302 2783 4362 comportantes
2821 4293 2876 4346 in
2909 4295 3218 4348 ministerio
3253 4296 3436 4350 cuncti
3472 4300 3655 4366 populi

2075 4394 2128 4438 et
2159 4385 2350 4440 altaris
2381 4383 2598 4440 Domini
2628 4399 2800 4455 usque
2829 4385 2883 4440 in
2917 4401 3161 4457 priesens
3193 4395 3410 4456 tempus
3443 4389 3494 4441 in
3539 4389 3660 4442 luco

2078 4494 2242 4548 quem
2282 4479 2545 4534 Dominus
2588 4479 2846 4550 elegerat.
2906 4498 2924 4534 ι
2964 4478 3022 4534 Si
3052 4495 3185 4550 ergo
3214 4479 3308 4552 qui
3333 4481 3414 4536 sic
3442 4497 3537 4536 eos
3563 4483 3658 4536 de-

2073 4580 2338 4639 cepernnt
2372 4569 2514 4625 fame
2544 4571 2716 4640 puniti
2741 4578 2870 4626 sunt
2901 4579 3025 4640 post
3049 4568 3229 4626 Saulis
3256 4571 3443 4638 linem,
3483 4572 3662 4625 disca-

2076 4678 2198 4716 mus
2225 4661 2350 4717 inde
2383 4678 2490 4716 non
2528 4662 2830 4732 transgredi
2857 4673 3014 4733 pacta
3042 4657 3169 4718 cum
3211 4662 3528 4732 juramcnto
3569 4662 3663 4718 fu:-

2074 4756 2202 4809 dera
2239 4771 2364 4809 cum
2410 4754 2541 4822 Deo,
2574 4756 2676 4811 etsi
2720 4759 2835 4811 haec
2865 4757 3093 4811 violatio
3124 4757 3383 4826 prodesse
3412 4757 3663 4810 videatur

2075 4849 2218 4903 aliis.
2240 4847 2506 4904 Nesciens
2536 4849 2702 4902 David
2735 4865 2958 4904 causam
2990 4850 3084 4904 ira:
3111 4850 3350 4904 cmlestis
3383 4855 3436 4901 et
3463 4848 3663 4902 miser-

2075 4943 2228 4996 rinia:
2259 4941 2423 4996 famis
2461 4942 2820 5011 interrogavit
2850 4943 3166 5007 Dominum,
3187 4942 3485 5010 auditoque
3515 4941 3660 5009 quod

2076 5035 2297 5105 injuslte
2353 5034 2519 5089 credis
2545 5033 2979 5089 Gabaonitarum
3009 5049 3200 5104 prenas
3223 5033 3436 5100 darent,
3476 5032 3662 5102 inique

374 5124 561 5193 ὅρκων
594 5126 896 5196 συνθήκας,
953 5129 1059 5182 κᾶν
1091 5131 1172 5194 εἰς
1205 5131 1384 5185 ἄλλων
1415 5132 1689 5200 ὠφέλειαν
1714 5135 1748 5205 ή
1784 5131 1969 5203 παράο

2079 5128 2237 5184 laesos
2273 5137 2439 5183 testes
2475 5127 2690 5182 vocavit
2715 5127 2905 5182 dicens
2942 5143 2956 5180 :
2997 5146 3016 5179 ι
3057 5125 3198 5191 Quid
3241 5125 3439 5181 faciam
3481 5127 3661 5190 vobis,

377 5218 539 5282 ὅλαις
576 5221 792 5292 γίνηται
823 5223 890 5276 ⁸³.
939 5223 1176 5293 ’Δγ-νοῶν
1216 5225 1273 5280 δὲ
1309 5225 1406 5296 τήν
1451 5226 1634 5280 αἰτίαν
1672 5225 1835 5297 128
1867 5226 1967 5296 τῆς

2075 5231 2130 5279 et
2159 5223 2303 5294 quod
2322 5221 2426 5276 crit
2445 5231 2687 5278 vestrum
2711 5219 3024 5291 piaculum?
3048 5240 3068 5275 ι
3095 5219 3468 5293 Dixeruntque
3489 5222 3537 5277 ei
3556 5220 3664 5276 Ga-

1585 5387 1790 5449 Varire
1826 5388 2136 5452 lectiones
2183 5395 2244 5451 et
2288 5396 2478 5454 notae.

452 5534 499 5606 ‘?
522 5535 879 5606 τετρακόσια
901 5534 1283 5606 ἐϐδομήκοντα
1313 5536 1332 5590 1
1359 5536 1482 5592 Par.
1534 5543 1587 5605 φ’

373 5605 422 5636 ’⁸
453 5605 585 5660 Ced.
628 5605 915 5669 160,649.

376 5677 799 5741 150,19-156,5.

993 5609 1040 5640 ⁷³
1072 5606 1114 5661 ll
1148 5609 1300 5662 Sam.
1341 5625 1491 5671 xxiv,
1523 5606 1707 5663 12-[7.

899 5678 950 5709 ⁷³
1000 5679 1294 5746 πατραλύα
1353 5681 1543 5732 codex.

372 5819 420 5849 ⁸³
443 5823 594 5890 blyr.
628 5821 1054 5886 535,l4~355,l.
1135 5821 1180 5852 ⁸³
1214 5822 1348 5875 Nota
1375 5821 1584 5889 γίνεται
1621 5825 1744 5876 eod.

1645 5556 1697 5608 χ.
1737 5538 1780 5592 ll
1834 5539 1985 5593 Sam.

1787 5612 1832 5642 7“
1861 5610 2124 5681 θερισμοῦ
2159 5611 2248 5665 15.
2342 5611 2388 5644 ⁷⁸
2412 5610 2554 5681 ὥρας

1672 5682 1717 5712 ⁷³
1739 5674 1963 5736 Theodo

2128 5682 2329 5748 Quaest.
2397 5674 2629 5736 in'Gen.
2667 5697 2793 5735 Lvnl
2840 5681 2994 5734 Ἡδὲ
3035 5683 3128 5733 τοῦ
3158 5677 3392 5748 Χαναὰν
3441 5674 3658 5748 ὣυλεία

375 5753 434 5800 ἐν
495 5753 606 5813 τοῖς
671 5749 1050 5812 Γαϐαωνίταις
1079 5753 1140 5802 τὸ
1171 5750 1322 5812 τέλος
1377 5749 1616 5815 ἐδέξατο,
1653 5752 1704 5803 in
1755 5753 1871 5808 Jus.
1909 5752 1970 5806 1‘2

2074 5770 2171 5808 ven.
2210 5769 2285 5816 Ix,
2318 5753 2411 5809 ‘25.

3009 5539 3055 5573 "
3088 5539 3134 5593 ll
3177 5537 3326 5593 Sam.
3379 5551 3523 5594 xxiv,
3565 5535 3655 5588 40.

2114 5540 2162 5572 ’θ
2191 5539 2207 5594 l
2239 5540 2486 5604 Parant,
2519 5541 2550 5593 6
2585 5539 2905 5608 κατίσχυσε.
3009 5539 3055 5573 ’⁸
3088 5539 3134 5593 ll
3177 5539 3326 5593 Sam.
3379 5551 3523 5594 xxiv,
3565 5539 3632 5588 40

2114 5611 2247 5656 ὶΙΞῖ-
2342 5611 2388 5644 ⁷⁸
2412 5610 2584 5656 ὥρας-
2690 5611 2735 5642 ⁷⁸
2778 5609 2816 5656 ΙΙ
2869 5612 3021 5656 Sam-
3064 5626 3213 5656 XXIV-
3273 5609 3361 5656 25.
3455 5605 3498 5636 "
3525 5605 3632 5656 Ccul

3569 5623 3656 5658 t‘Il.

2342 5611 2388 5644 ⁷⁵
2412 5610 2584 5681 ὥρας.
2690 5611 2735 5642 ⁷⁸
2777 5609 2817 5662 ll
2869 5612 3021 5664 Sam.
3064 5626 3213 5668 mv,
3273 5609 3361 5681 25.

2517 5752 2565 5785 “
2592 5751 2705 5808 .los.
2735 5767 2811 5819 ut,
2846 5753 2937 5806 25.
3046 5754 3088 5782 ⁸³
3120 5745 3180 5804 οῦ
3233 5749 3300 5799 ἂν
3347 5746 3486 5811 ἐξελ.
3530 5748 3654 5799 Cod.
