4096 6424
445 398 545 463 231

1707 391 2033 456 GEORGII
2079 391 2536 452 HAMARTOLI

3635 388 3744 453 232

451 513 685 567 baonitae
723 531 736 566 :
779 531 795 562 ι
841 511 956 566 Non
991 521 1074 565 est
1125 509 1284 564 nobis
1337 523 1502 578 super
1553 517 1778 576 argento
1812 515 1866 560 et
1911 519 2046 559 auro

2155 502 2422 573 θεηλάτου
2453 503 2630 574 ὀργῆς
2659 503 2686 555 ὁ
2715 501 2882 556 Δαυῖδ
2912 503 3007 556 καὶ
3044 501 3146 573 τῆς
3190 501 3406 572 πληγῆς
3453 500 3547 555 τοῦ
3579 501 3610 554 λ
3637 503 3742 567 τεοῦ

449 605 679 674 quaestio
713 620 834 658 eum
888 603 1055 657 Saule
1103 611 1158 656 et
1201 601 1366 656 domo
1398 599 1541 670 ejus,
1580 613 1756 668 neque
1785 597 2040 651 volumus

453 706 508 750 ut
545 695 912 750 interﬁciatur
975 695 1142 748 homo
1199 693 1266 748 de
1319 693 1507 755 Israel,
1564 693 1656 746 sed
1708 692 1889 746 virum
1945 690 2040 759 qui

449 787 655 840 atlrivit
695 803 794 840 nos
834 796 886 841 et
923 787 1196 856 oppressit
1227 785 1433 856 inique,
1461 790 1530 838 ita
1566 783 1748 837 delere
1779 782 2041 837 debemus

452 892 508 934 ut
545 897 609 933 ne
643 896 787 934 unus
823 880 1043 950 quidem
1099 879 1351 934 residuus
1407 878 1479 931 sit
1525 877 1593 931 de
1633 877 1802 945 stirpe
1832 876 1951 942 ejus
1987 874 2040 926 in

449 972 666 1027 eniictis
719 971 922 1026 ﬁnibus
980 969 1168 1024 Israel.
1232 968 1440 1022 Dentnr
1498 968 1655 1022 nubis
1691 975 1895 1040 septem
1939 965 2040 1018 viri

450 1066 518 1116 tl.:
555 1065 682 1117 tiliis
712 1065 832 1132 ejus
865 1073 926 1117 ut
959 1062 1347 1132 crucillgamns
1379 1077 1475 1115 eos
1510 1061 1742 1115 Domino
1774 1062 1826 1113 in
1857 1069 2042 1112 monte

452 1156 606 1210 Saul.
637 1173 655 1208 ι
693 1155 750 1209 ln
778 1156 902 1227 ipso
933 1156 1056 1209 loco
1078 1154 1470 1208 crncilixcrunt
1501 1152 1729 1207 traditos
1752 1151 1854 1206 sibi
1877 1153 2040 1214 viros,

458 1252 511 1305 in
545 1266 655 1321 quo
689 1249 956 1319 injustam
1015 1258 1327 1320 patraverat
1383 1248 1840 1303 internecionem.
1873 1246 2045 1300 Erant

453 1357 640 1398 autem
679 1344 787 1398 duo
831 1342 927 1396 lilii
979 1341 1244 1412 illegitimi
1299 1341 1426 1394 Sani
1459 1348 1510 1393 ct
1535 1341 1778 1410 quinque
1825 1355 1890 1392 ex
1922 1338 2042 1406 ejus

451 1433 666 1489 raetcris
690 1435 836 1488 liliis.
867 1433 1074 1488 Inllieta
1099 1447 1263 1504 porro
1289 1447 1469 1502 poena,
1491 1432 1754 1486 Dominus
1774 1431 2044 1500 propitius

453 1525 633 1581 t‘actus
663 1535 770 1592 est,
802 1536 880 1590 et,
911 1539 968 1582 ut
988 1527 1217 1592 solebat,
1241 1534 1386 1579 terra
1423 1524 1660 1578 fructum
1686 1540 1845 1577 suum
1873 1521 2039 1576 dedit.

451 1619 565 1673 Nos
592 1617 718 1673 inde
749 1619 1016 1674 discimus
1035 1619 1203 1672 Deum
1231 1619 1440 1672 nullum
1468 1619 1608 1670 inter
1630 1631 1828 1686 genera
1875 1615 2044 1668 inter-

451 1725 654 1779 ponere
670 1709 988 1776 discrimen,
1012 1709 1105 1763 sed
1125 1709 1380 1763 omnibus
1407 1706 1604 1776 injuria
1616 1723 1662 1760 ru
1683 1707 2039 1776 patientibus,

451 1802 554 1856 etsi
600 1801 922 1872 alienigenae
943 1801 1074 1867 sint,
1096 1800 1323 1856 reddere
1339 1799 1634 1871 jusntiam,
1652 1799 1903 1869 quamvis
1935 1814 2039 1852 non

452 1893 638 1947 statim
670 1900 791 1961 post
831 1902 1138 1962 peceatum.
1177 1890 1271 1945 Sic
1331 1905 1464 1946 sane
1503 1904 1627 1944 cum
1683 1903 1858 1944 annos
1905 1904 2042 1958 qua-

451 1986 700 2058 draginta
720 2000 934 2057 pmnam
955 1983 1563 2056 patienterdistulisset,
1613 1991 1854 2052 tempore
1882 1980 2047 2036 Davi-

451 2079 539 2133 dis
560 2078 707 2132 illam
729 2077 944 2132 inﬂixit.
963 2076 1197 2131 Gravior
1215 2074 1274 2129 lit
1297 2090 1484 2130 eorum
1507 2075 1667 2144 culpa
1691 2090 1755 2129 ex
1776 2074 1880 2128 hoc
1901 2074 2045 2143 quod

457 2173 588 2226 Saul
609 2173 870 2242 rejectum
890 2169 1323 2238 destitutumque
1343 2169 1518 2239 gratia
1545 2167 1727 2221 divina
1759 2183 1866 2222 non
1893 2167 2049 2222 dese-

455 2274 700 2328 ruerunt,
727 2276 1018 2334 antequam
1051 2273 1380 2326 moreretur,
1407 2264 1584 2316 virum
1610 2270 1794 2317 autem
1833 2262 1926 2331 qui
1967 2262 2049 2314 eis

457 2363 564 2407 tam
592 2353 759 2407 multa
783 2355 1043 2422 variaque
1064 2353 1208 2408 bona
1240 2352 1625 2422 atlnlerat,qui
1647 2351 2046 2406 Philistzeorum

455 2445 743 2498 audaciam
776 2444 1122 2509 dissolverat,
1154 2455 1210 2498 et
1239 2444 1462 2497 Amalec
1494 2443 1850 2497 internecioni
1879 2445 2049 2497 tradi-

455 2538 630 2604 derat,
677 2537 768 2607 qui
808 2533 1074 2590 Idumaeos
1121 2545 1177 2590 et
1223 2535 1491 2590 Moabitas
1532 2545 1587 2589 et
1619 2536 1966 2589 Ammuuitas
1997 2545 2052 2587 et

454 2628 710 2698 Assyrios
743 2627 848 2681 sibi
880 2627 1244 2691 subdiderat,
1288 2627 1341 2680 in
1372 2627 1691 2681 servitutem
1730 2629 2009 2698 redi-gerat
2032 2669 2046 2692 ,

459 2729 832 2789 coegeratque
864 2720 1067 2773 tributa
1102 2720 1339 2781 solvere,
1362 2720 1455 2790 qui
1491 2719 1665 2790 gratia
1702 2719 1790 2773 Dei
1833 2720 2054 2775 frueba-

458 2821 567 2874 tur,
603 2827 710 2866 non
758 2814 918 2866 modo
950 2812 1390 2882 dereliquerunt,
1425 2815 1520 2868 sed
1564 2813 1900 2882 repulerunt,
1943 2813 2050 2867 im—

457 2916 840 2975 pugnat-erunt
863 2913 916 2958 et
946 2903 1115 2958 lilium
1139 2906 1617 2974 praevaricatorem
1643 2914 1695 2958 ct
1718 2906 2048 2959 homicidam

457 2997 629 3050 secuti
665 3005 814 3049 sunt.
853 2996 1010 3052 Unde
1038 2996 1187 3065 juste
1217 2996 1510 3067 castigavit
1540 3012 1635 3052 eos
1663 2997 1850 3067 justus
1880 2999 2047 3067 judex

456 3077 772 3143 sulIiEiendo
821 3087 972 3142 Sauli
1006 3088 1287 3142 Davidem.
1315 3089 1370 3143 In
1400 3090 1574 3158 ipsum
1602 3089 1893 3144 Dominqu
1927 3107 2051 3160 pee-

457 3189 726 3234 eaverunt
755 3181 1018 3235 lsraelitre
1059 3191 1119 3235 ut
1153 3181 1360 3236 indicat
1390 3181 1620 3236 historia
1657 3182 1850 3237 dicens
1879 3199 1893 3236 :
1930 3201 1948 3234 ι
1983 3182 2050 3237 Et

456 3269 664 3323 addidit
710 3267 866 3324 furor
913 3269 1126 3324 Domini
1175 3272 1337 3326 irasci
1387 3280 1581 3326 contra
1634 3271 1822 3328 Israel.
1863 3293 1882 3326 ι
1931 3274 2051 3346 Ipse

457 3369 719 3428 praeterea
776 3359 946 3414 David
1002 3377 1197 3431 graves
1231 3363 1382 3417 dedit
1430 3379 1623 3434 pmnas
1654 3366 1950 3422 occisionis
1998 3379 2052 3424 et

459 3453 711 3506 adulterii
744 3468 840 3520 per
875 3453 1228 3508 rebellionem
1275 3457 1373 3510 lilii
1426 3458 1532 3522 sui,
1572 3459 1876 3514 secundum
1918 3477 2051 3532 pro-

459 3542 699 3610 phetiam
754 3549 896 3598 hanc
929 3561 946 3598 :
997 3562 1018 3599 ι
1059 3543 1183 3601 Ilaec
1231 3547 1366 3602 dicit
1414 3547 1682 3605 Dominus
1717 3565 1731 3602 :
1768 3550 1909 3607 Ecce
1948 3569 2050 3623 ego

458 3634 735 3688 suscitabo
759 3651 924 3706 super
954 3647 1004 3692 te
1025 3638 1225 3693 malum
1259 3640 1328 3696 de
1357 3643 1520 3696 domo
1552 3651 1666 3706 tua,
1696 3662 1715 3695 ι
1742 3654 1796 3698 et
1814 3645 2050 3714 reliqua.

457 3723 733 3792 Quantum
789 3730 1003 3798 prosint
1045 3731 1348 3796 tribulatio,
1401 3733 1704 3792 adversitas
1751 3747 1807 3791 et
1849 3739 2059 3794 sollici-

462 3820 592 3871 tudo
637 3836 701 3873 ex
758 3821 862 3876 hac
917 3822 1150 3878 historia
1207 3828 1484 3883 novimus.
1539 3828 1776 3899 Fugiens
1826 3835 1974 3888 enim
2028 3852 2059 3889 ει

459 3907 600 3965 faeie
648 3909 833 3967 Saulis
884 3925 936 3968 et
985 3917 1242 3971 AbSaIOm
1284 3919 1376 3973 lilii
1429 3921 1541 3988 sui,
1600 3925 1759 3977 divus
1813 3924 1904 3978 ille
1953 3925 2058 3988 vir,

457 4002 647 4068 David,
673 4007 922 4076 inquam,
950 4025 1170 4065 omnem
1218 4013 1474 4068 virtutem
1520 4016 1770 4070 exhibuit
1797 4057 1811 4077 .
1849 4030 2059 4072 incute-

457 4109 565 4161 que
595 4098 714 4164 ejns
749 4098 914 4152 rebus
953 4100 1165 4156 bellitis
1192 4103 1376 4173 plena,
1411 4110 1713 4164 secundum
1748 4125 1938 4164 sacras
1974 4113 2052 4166 lc-

458 4202 550 4252 ges
581 4187 922 4255 deeertabat,
963 4195 1056 4247 sed
1111 4195 1253 4249 bello
1311 4199 1592 4267 paululum
1637 4203 1956 4271 quiescente
1995 4207 2049 4258 in

459 4278 669 4334 crimen
708 4281 896 4350 lapsus
925 4295 1028 4340 est.

2145 595 2239 648 τὸν
2279 597 2414 650 Θεὸν
2447 594 2730 666 ἠρώτησε,
2787 595 2882 648 καὶ
2927 593 3120 666 μαθὼν
3159 595 3236 656 ὡς
3278 594 3470 648 ἕνεκεν
3498 593 3596 666 τῆς
3630 593 3738 648 τῶν

2146 685 2508 739 Γαϐαωνιτῶν
2537 687 2726 740 ἀδίκου
2759 687 3099 759 ἀναιρέσεως
3141 686 3375 750 εὐθύνας
3407 687 3738 758 ἑπρὰττετο,

2145 782 2241 834 καὶ
2272 782 2385 844 τοῖς
2417 780 2650 844 ἐκείνοις
2683 783 2959 853 ἐχρήσατο
2999 783 3219 852 κριταῖς
3242 783 3356 844 τοῖς
3380 781 3738 852 ἠδικημένοις

2145 873 2322 940 λέγων
2335 873 2478 904 ⁸⁵³⁸⁵⁸
2493 893 2511 925 ι
2532 874 2598 926 Τί
2616 875 2828 944 ποιήσω
2841 875 2970 945 ὑμῖν
2985 892 3001 942 ;
3019 876 3112 928 καὶ
3131 877 3190 929 ἐν
3203 875 3309 928 τίνι
3333 874 3672 947 ἐξιλάσωμαι
3689 891 3737 940 ;›

2146 965 2255 1019 Καί
2290 983 2456 1034 φασιν
2476 967 2543 998 ⁸⁸⁸
2583 984 2601 1018 ι
2633 969 2749 1020 Οὐκ
2779 967 2928 1021 ἔστιν
2981 971 3112 1039 ἡμῖν
3147 968 3414 1038 ἀργύριον
3442 969 3564 1021 οὐδὲ
3605 986 3745 1040 χρυ-

2147 1055 2261 1108 σίον
2293 1058 2434 1126 μετά
2467 1055 2640 1110 Σαοὺλ
2700 1059 2797 1110 καί
2839 1058 2933 1112 τοῦ
2957 1057 3001 1089 ⁸⁷
3037 1057 3190 1112 οἴκου
3246 1059 3448 1124 αὑτοῦ,
3486 1059 3582 1112 καὶ
3637 1059 3742 1112 οὐκ

2145 1148 2296 1201 ἔστιν
2331 1151 2463 1220 ἡμῖν
2515 1149 2836 1204 θανατῶσαι
2876 1151 3048 1223 ἄνδρα
3097 1155 3163 1206 ἐκ
3225 1153 3428 1215 παντδς
3476 1152 3738 1222 Ἰσραήλ’

2145 1243 2262 1296 ἀλλ’
2298 1246 2326 1296 ὁ
2356 1243 2496 1315 ἀνὴρ
2526 1246 2554 1296 ό
2587 1244 2788 1310 διώξας
2828 1247 2976 1317 ἡμᾶς
3012 1246 3108 1301 καὶ
3146 1245 3497 1310 συντελέσας,
3543 1245 3640 1298 καὶ
3664 1244 3741 1307 ὡς

2147 1337 2555 1409 παρελογίσατο
2573 1339 2695 1372 ⁸⁸·⁸⁹
2718 1341 2864 1412 ἡμᾶς
2889 1339 3296 1411 ὲξολοθρεῦσαι,
3317 1341 3577 1408 ἀφανίσαι
3596 1342 3740 1407 ἀφα-

2147 1431 2390 1500 νίσωμεν
2421 1431 2608 1496 αὑτὸν,
2634 1431 2732 1484 τοῦ
2770 1432 2846 1503 μὴ
2885 1431 3382 1485 ἀντικαθίστασθαι
3419 1430 3585 1483 παντὶ
3608 1430 3745 1500 ὁρίῳ

2161 1524 2400 1596 Ἰσραὴλ,
2436 1526 2530 1578 καὶ
2555 1524 2872 1596 δοθὴτωσαν
2906 1525 3038 1594 ἡμῖν
3072 1524 3266 1594 ἄνδρες
3309 1523 3353 1586 ζ’
3381 1525 3444 1576 ὲκ
3473 1521 3584 1575 τῶν
3610 1521 3744 1575 υίῶν

2147 1619 2336 1680 αὑτοῦ,
2361 1619 2456 1671 καὶ
2484 1616 2848 1688 ὲξιλασόμεθα
2872 1619 2928 1671 ἐν
2951 1617 3138 1682 αὐτοῖς
3163 1617 3354 1688 Κυρίῳ
3377 1620 3433 1669 ὲν
3459 1616 3537 1688 τῷ
3565 1615 3745 1686 βουνῷ

2145 1709 2242 1764 τοῦ
2272 1711 2447 1764 Σαούλ
2475 1711 2541 1764 ⁸⁸.
2575 1730 2593 1763 ι
2627 1741 2697 1752 -—-
2742 1710 2829 1763 Ἑν
2873 1711 3072 1782 ἐκείνῳ
3107 1705 3202 1764 οὖν
3252 1710 3332 1780 τῷ
3381 1711 3567 1780 χωρίῳ
3615 1706 3743 1772 τοὺς

2147 1803 2466 1868 ἐκδοθέντας
2495 1805 2678 1868 αὐτοῖς
2722 1804 3164 1858 ἀνεσκολόπισαν
3200 1803 3426 1873 ἄνδρας,
3464 1805 3522 1856 ὲν
3552 1797 3595 1871 ᾧ
3640 1801 3744 1864 τάς

2150 1895 2500 1965 παρανομίας
2533 1894 2754 1956 ὲκείνας
2795 1893 3068 1965 ἐτόλμησε
3115 1893 3453 1964 μιαιφονίας.
3490 1885 3652 1946 Οὗτοι
3685 1891 3742 1944 δὲ

2149 1983 2292 2058 ἦσαν
2326 1985 2422 2039 τοῦ
2458 1986 2632 2040 Σαοὺλ
2671 1985 2767 2040 δύο
2803 1987 2902 2056 μὲν
2934 1985 3044 2038 υἱοὶ
3079 1984 3250 2053 νόθοι,
3297 1985 3458 2038 πέντε
3507 1985 3566 2038 δὲ
3609 1984 3744 2038 υίῶν

2151 2080 2319 2133 αὑτοῦ
2376 2081 2647 2150 ὑστέρων.
2687 2080 2802 2151 Τῆς
2855 2075 2949 2134 οὖν
3011 2079 3288 2151 τιμωρίας
3323 2080 3742 2150 γεγενημένης.

2153 2173 2312 2235 τλεως
2345 2175 2373 2226 ό
2405 2173 2685 2241 Δεσπότης
2721 2173 2964 2241 ἐγένετο,
3016 2173 3110 2226 καὶ
3159 2173 3193 2243 ἡ
3221 2175 3290 2241 γῆ
3343 2172 3432 2225 τὸν
3479 2171 3538 2236 ea
3589 2170 3748 2233 ἔθους

2153 2266 2366 2336 καρπὸν
2397 2265 2623 2319 ἔδωκεν.
2660 2265 2739 2336 (8)
2792 2264 2986 2336 ῚΙμεῖς
3020 2265 3077 2318 δὲ
3121 2265 3466 2335 μανθάνομεν
3497 2265 3584 2318 διὰ
3613 2264 3742 2318 τού-

2151 2373 2284 2421 των,
2311 2356 2387 2419 ὠς
2415 2357 2611 2423 γένους
2639 2358 2666 2409 ό
2696 2355 2828 2418 Θεὸς
2863 2357 2966 2409 οὐκ
2991 2352 3426 2424 οἶδε-διαφοράν,
3461 2355 3595 2408 ἀλλὰ
3627 2358 3740 2420 τοῖς

2153 2450 2531 2520 ἠδικημένοις,
2551 2449 2657 2503 κᾶν
2677 2449 2990 2518 ἀλλογενεῖς
3015 2447 3168 2513 ὦσιν,
3193 2448 3467 2519 ἐπαμύνει
3493 2449 3745 2512 δικαίως,

2155 2544 2203 2594 εί
2239 2542 2335 2595 καὶ
2361 2542 2515 2612 παρά
2549 2542 2718 2606 πόδας
2753 2543 2853 2596 οὐκ
2888 2544 3116 2596 ἀπαιτεῖ
3157 2543 3339 2612 δίκην.
3383 2542 3604 2611 Ἀμέλει
3635 2543 3747 2612 γὰρ

2155 2634 2250 2686 καὶ
2282 2634 2405 2686 τότε
2441 2635 2886 2707 μακροθυμήσας
2935 2635 3029 2706 ἔτη
3088 2633 3162 2705 μ’,
3193 2634 3337 2688 οὕτω
3376 2636 3478 2699 τάς
3513 2635 3744 2697 εὐθύνας

2154 2727 2544 2796 εἰσπράττεται
2580 2727 2677 2780 νῦν
2728 2728 2822 2781 ἐπὶ
2867 2727 2962 2780 τοῦ
2999 2728 3181 2781 Δαυῖδ·
3217 2726 3372 2794 abiit
3394 2729 3436 2760 "
3471 2727 3528 2780 δὲ
3562 2726 3740 2781 αὐτῶν

2153 2821 2255 2889 τὴν
2284 2821 2627 2892 κατηγορίαν
2661 2821 2723 2874 τὸ
2767 2822 2860 2876 τὸν
2915 2823 3014 2894 μὲν
3041 2824 3117 2877 Σα
3153 2823 3215 2876 ὺλ
3253 2823 3746 2894 καταψηφισθέντα

2156 2911 2382 2980 καὶτῆς
2433 2911 2586 2976 θείας
2637 2913 2869 2984 χάριτος
2907 2914 3272 2985 γυμνωθέντα
3309 2917 3385 2985 μὴ
3423 2916 3750 2970 καταλιπεῖν

2160 3006 2323 3076 μέχρι
2361 3006 2551 3070 τέλους
2588 3005 2734 3077 ζωῆς
2787 3009 2990 3062 αὑτοῦ·
3045 3011 3138 3063 τὸν
3172 3011 3230 3063 δὲ
3290 3010 3506 3084 μυρίων
3563 3012 3750 3075 αὐτοῖς

2158 3097 2399 3167 ἀγαθῶνι
2432 3098 2728 3169 γενόμενον
2757 3099 3019 3171 πρόξενον
3054 3101 3150 3154 καὶ
3184 3103 3244 3154 τὸ
3274 3101 3384 3154 τῶν
3433 3099 3752 3172 ἀλλοφύλων

2159 3189 2550 3243 καταλύσαντα
2604 3190 2808 3262 θράσος
2846 3193 2940 3246 καὶ
2989 3193 3082 3246 τὸν
3135 3193 3386 3265 Ἀμαλὴκ
3420 3194 3755 3270 πανολεθρίᾳ

2161 3282 2262 3353 μὲν
2297 3283 2723 3353 παραδώσαντα”
2773 3284 3114 3356 Ἰδουμαίους
3163 3285 3242 3352 δὲ,
3288 3287 3385 3340 καὶ
3430 3287 3754 3353 Μωαϐίτας,

2160 3379 2256 3430 καὶ
2304 3377 2671 3448 Ἀμμανίτας,
2719 3378 2814 3433 καὶ
2859 3379 3185 3450 Ἀσσυρίους
3219 3380 3519 3452 ἑκατέρους
3550 3398 3756 3452 χειρω-

2163 3469 2419 3537 σάμενον,
2445 3470 2541 3523 καὶ
2562 3469 2996 3542 δουλωσάμενον,
3021 3472 3115 3524 καὶ
3133 3472 3331 3543 φόρους
3361 3474 3755 3542 ἀναγκάσαντα

2163 3562 2372 3633 φέρειν,
2431 3564 2526 3616 καὶ
2559 3565 2906 3635 προφητικῆς
2961 3565 3185 3636 χάριτος
3231 3565 3645 3632 ἀπολαύσαντα,
3689 3569 3753 3620 οὐ

2163 3656 2326 3726 μόνον
2383 3654 2710 3710 καταλιπεῖν
2740 3658 2811 3723 ⁸³,
2865 3655 3003 3710 ἀλλὰ
3060 3658 3154 3710 καί
3200 3659 3757 3731 ἀντιπαρατάξασθαι

2163 3748 2258 3802 καὶ
2286 3748 2488 3818 δρᾶσαι
2537 3748 2608 3800 τά
2649 3748 2930 3818 πολεμίων
2969 3749 3064 3804 καὶ
3115 3751 3436 3822 συμπρᾶξαι
3483 3753 3758 3824 μιαιφόνῳ

2158 3841 2256 3893 καὶ
2289 3840 2596 3912 παρανόμῳ
2628 3841 2806 3912 τέκνῳ
2827 3841 2895 3895 ⁸³.
2929 3839 3098 3893 Ὅθεν
3134 3843 3161 3893 ό
3187 3841 3398 3906 δίκαιος
3425 3844 3621 3915 κριτὴς
3657 3843 3760 3897 αὐ-

2157 3933 2284 3994 τοὺς
2313 3931 2471 3995 δίκας
2507 3935 2879 4001 εἰσεπράξατο
2931 3931 3020 3987 διὰ
3065 3931 3166 4004 τῆς
3217 3933 3530 3998 ὑποθέσεως
3564 3934 3752 3989 Δαυῐδ.

2161 4024 2272 4076 Καὶ
2299 4025 2408 4093 γάρ
2439 4024 2602 4076 αὑτὸν
2627 4023 2917 4096 ἠδίκησαν,
2955 4023 3138 4088 καθὼς
3171 4025 3325 4096 δηλοῖ
3356 4027 3452 4080 καὶ
3477 4028 3510 4100 ἡ
3539 4027 3757 4100 ἱστορία

2163 4114 2398 4182 λέγουσα
2427 4115 2493 4146 ⁸⁵·
2537 4133 2556 4166 ι
2590 4116 2700 4168 Καὶ
2724 4117 3025 4187 προσέθετο
3059 4119 3198 4191 ὀργῇ
3234 4119 3442 4190 Κύριος
3490 4121 3760 4191 ὲκκαῆναι

2167 4208 2330 4278 129
2345 4209 2728 4282 τὸνἸπραήλ.»
2761 4212 2806 4242 ⁸⁸
2835 4212 2912 4281 (9)
2945 4211 3020 4264 Οὐ
3051 4213 3158 4282 μὴν
3189 4214 3266 4280 δὲ,
3296 4214 3432 4268 ἀλλά
3462 4217 3556 4268 καὶ
3593 4214 3761 4278 αὐτὸς

2161 4301 2251 4354 διὰ
2273 4305 2370 4373 τῆς
2407 4303 2837 4368 ἐπαναστάσεως
2863 4305 2954 4357 τοῦ
3001 4305 3119 4359 υἱοῦ
3147 4307 3302 4371 δίκας
3331 4311 3583 4380 ἐναργεῖς
3607 4307 3758 4362 ἔτισε

459 4370 556 4473 τοῦ
607 4374 771 4473 φόνου
799 4377 844 4407 ⁹⁶
872 4379 967 4431 καὶ
1015 4380 1116 4451 τῆς
1154 4384 1402 4455 μοιχείας
1457 4390 1600 4441 κατά
1662 4390 1762 4461 τὴν
1830 4391 1978 4444 θείαν
2027 4370 2340 4467 πρόρρησιν
2363 4410 2376 4425 ⁸
2409 4398 2542 4468 φησὶ
2586 4399 2696 4467 γάρ
2727 4398 2796 4433 ⁸⁷·
2837 4418 2856 4451 ι
2889 4401 3028 4456 Τάδε
3057 4402 3207 4470 λέγει
3230 4370 3452 4473 Κύριος*
3480 4370 3621 4457 ’Ἰδοὺ
3644 4404 3762 4470 ἐγὼ

461 4468 641 4536 ἐγερῶ
667 4475 816 4570 κακά
848 4474 940 4570 επὶ
974 4475 1034 4528 σὲ
1057 4478 1123 4530 ὲκ
1157 4479 1254 4532 τοῦ
1284 4482 1433 4535 οίκου
1466 4501 1583 4550 σου,
1625 4506 1644 4538 ι
1679 4489 1773 4539 καὶ
1813 4489 1881 4540 τὰ
1944 4491 2092 4561 ἑξῆς.
2139 4492 2305 4547 Ὂσον
2339 4495 2520 4548 τοίνυν
2546 4494 2755 4566 ὀνίνησι
2809 4495 2992 4566 θλῖψις
3070 4468 3164 4552 καὶ
3216 4468 3474 4570 συμφορὰ
3509 4499 3605 4550 καὶ
3657 4468 3760 4569 με..

463 4577 650 4664 ἒξμνξι
685 4565 750 4664 ἐξ
779 4566 986 4664 ταύτης
1046 4571 1147 4640 τῆς
1181 4574 1423 4646 ἱστορίας
1491 4578 1860 4651 μανθάνομεν.
1904 4585 2248 4657 Διωκόμενος
2303 4587 2416 4659 γὰρ
2452 4589 2557 4642 ὑπὸ
2602 4589 2697 4643 τοῦ
2752 4591 2928 4646 Σαοὺλ
2969 4595 3064 4647 καὶ
3114 4593 3437 4662 Ἀὁεσαλὼμ
3489 4592 3582 4646 τοῦ
3637 4592 3757 4647 υἱοῦ

463 4655 696 4761 caios}
727 4656 872 4761 θξῖθνῗ
903 4656 1057 4761 οὖῖο-’ῖ
1089 4665 1230 4737 ἀνὴρ
1254 4667 1401 4740 (ὖθδ)
1422 4700 1494 4710 -
1518 4672 1610 4724 τὸν
1643 4674 1810 4728 Δαυῒδ
1841 4655 2294 4746 λέγω-στᾶσαν
2322 4655 2607 4753 κατώρθου
2649 4683 2996 4755 φιλοσοφίαν·
3035 4689 3127 4739 καὶ
3195 4689 3315 4750 ταῖς
3357 4655 3606 4758 φροντίσι
3645 4687 3760 4739 τῶν

463 4753 738 4857 ite/sititor
771 4755 1081 4828 ἐνασχολῶν
1117 4761 1217 4832 τὴν
1247 4763 1510 4835 διάνοιαν,
1549 4771 1689 4824 κατά
1719 4773 1848 4837 τοὺς
1917 4777 2098 4846 ἱεροὺς
2136 4779 2485 4832 ἐπολιτεύετο
2507 4781 2702 4852 νόμους
2735 4797 2747 4810 ·
2782 4785 3070 4853 άνακωλῆς
3100 4784 3155 4836 δὲ
3219 4784 3401 4856 τυχὼν
3434 4786 3642 4857 ὀλίγης,
3667 4786 3759 4839 τὸν

464 4843 682 4898 ὄλισθον
710 4846 922 4904 ἐκεῖνον
953 4851 1274 4926 ὑπέμεινεν.

542 4980 558 5011 ι
591 4962 808 5065 ⁸ιξιεεὶιιίι
857 4977 914 5020 ut
962 4981 1213 5040 surgeret
1263 4973 1433 5031 David
1472 4976 1540 5031 de
1593 4989 1771 5036 strato
1814 4998 1916 5037 suo
1943 4999 2048 5054 pos

2245 4984 2294 5016 "
2321 4986 2433 5057 (10)
2475 5005 2492 5039 ι
2523 4989 2568 5018 ⁹⁹
2616 4986 2865 5055 Ἐγένετο
2890 4989 2946 5042 δὲ
2978 4991 3036 5042 ἐν
3076 4989 3153 5061 τῷ
3187 4991 3365 5062 καιρῴ
3399 4993 3495 5062 τῆς
3545 4993 3758 5065 δείλης,

465 5053 752 5108 meridiem
785 5067 839 5110 et
886 5060 1264 5119 lli-ambularet
1318 5067 1372 5120 in
1404 5069 1609 5124 solario
1641 5071 1840 5128 domus
1882 5053 2063 5145 regiae,

467 5145 711 5213 viditque
747 5151 1033 5208 mulierem
1089 5173 1149 5210 se
1202 5158 1474 5216 lavantem
1515 5179 1580 5218 ex
1633 5165 1864 5222 adverso
1895 5183 2062 5237 super

463 5237 729 5291 solatium
781 5256 940 5296 suum
965 5262 980 5311 ;
1008 5261 1123 5300 erat
1146 5261 1326 5306 autem
1365 5255 1562 5310 mulier
1593 5257 1822 5326 pulchra
1850 5259 2059 5314 valde.’

2176 5079 2271 5131 καὶ
2296 5081 2498 5150 ἀνέστη
2540 5080 2707 5134 Δαυῖδ
2737 5083 2845 5136 ἀπὸ
2885 5083 2983 5154 τῆς
3016 5085 3203 5154 κοίτης
3230 5085 3420 5150 αὑτοῦ,
3449 5089 3540 5139 καὶ
3576 5106 3762 5158 περιε-

2172 5170 2335 5224 πάτει
2360 5171 2452 5225 ἐπὶ
2482 5171 2576 5226 τοῦ
2615 5172 2849 5243 δόματος
2870 5175 2964 5228 τοῦ
2994 5175 3147 5229 οἴκου
3181 5177 3290 5230 τῶν
3321 5177 3632 5248 βασιλείων,
3667 5183 3766 5234 καὶ

2176 5255 2283 5314 εἶδε
2304 5267 2540 5331 γυναῖκα
2571 5265 2873 5338 λουομένην
2903 5269 3011 5321 ἀπὸ
3037 5268 3132 5322 τοῦ
3162 5269 3417 5342 δόματος,
3445 5273 3540 5324 καὶ
3566 5275 3594 5336 ἡ
3625 5275 3769 5346 γυνὴ

1599 5470 1802 5531 Varia:
1839 5471 2149 5534 lectiones
2195 5482 2256 5537 et
2302 5484 2485 5541 notae.

540 5621 660 5654 ’ωδ
695 5623 1176 5694 Ιίδ³¹¹¹ο³κ¹,5·ῧ.
1251 5636 1298 5668 ⁸⁸
1335 5636 1471 5693 Nota
1502 5639 1591 5708 φη¹
1623 5643 1745 5696 end.
1825 5645 1870 5675 ⁸⁷
1893 5647 1986 5698 καὶ
2018 5664 2046 5698 τ

540 5698 635 5720 “api
705 5694 718 5720 I
749 5693 835 5720 νγ
943 5700 990 5720 nn
1025 5702 1076 5720 ιμ’
1121 5703 1133 5714 ε
1190 5705 1200 5718 ρ
1480 5710 1491 5720 .
1574 5713 1582 5720 .
1712 5715 1729 5720 ..
1772 5717 1809 5720 μ-
1902 5717 1910 5720 -
2006 5719 2009 5720 ,

2159 5687 2171 5699 .
2205 5649 2301 5701 καὶ
2332 5651 2470 5720 μετά
2497 5650 2590 5703 τοῦ
2616 5653 2740 5707 eod.
2765 5664 2820 5707 et
2850 5653 3015 5710 LXX.

469 5698 663 5760 παρελ.
704 5693 865 5749 LXX.
943 5700 990 5730 ’°
1021 5702 1046 5752 ὲ

467 5763 513 5792 ’³
547 5766 870 5818 κατέλειπον
902 5772 1024 5824 cod.

467 5832 633 5898 555,2
643 5865 656 5872 -
668 5836 696 5886 Ἰ
707 5875 719 5888 .

817 5838 860 5868 ’⁸
894 5839 988 5892 τοῦ
1022 5845 1183 5912 φονοῦ
1211 5847 1242 5898 l.
1274 5848 1367 5900 τοῦ
1400 5838 1675 5920 τέ’φόνον’
1711 5838 1830 5910 eod.

1052 5703 1398 5791 ETEISijLSPI
1431 5703 1631 5774 αὐτους
1664 5715 1741 5782 τῷ
1771 5717 1959 5784 Κυρίῳ
2001 5719 2048 5769 ἐν

2155 5736 2166 5768 l
2208 5703 2437 5774 Γαϐαὼν
2464 5703 3079 5781 Σαούλ
3115 5703 3312 5791 “1:9.

3090 5655 3209 5688 ⁸³⁸⁸⁸
3233 5656 3425 5724 ὥσπερ
3454 5658 3532 5711 ἐλ.
3568 5659 3687 5712 cod.
3708 5660 3770 5723 ὃς

3392 5731 3432 5759 ’³
3462 5728 3599 5798 αὔξῃ
3639 5735 3767 5786 end.

1105 5775 1149 5804 ”
1172 5773 1311 5830 Nota
1327 5780 1500 5849 τέκνῳ
1536 5773 1889 5852 ἐτόλμῇσανῗθ
1931 5773 1942 5784 ’
1964 5789 2007 5818 ’⁵
2042 5788 2048 5838 Ι

1105 5845 1183 5898 νοῦ
1211 5847 1242 5898 l.
1274 5848 1367 5900 τοῦ
1400 5867 1456 5902 τε
1494 5852 1655 5914 φόνον
1711 5858 1830 5910 cod.
1913 5858 1956 5889 "
1987 5858 2028 5910 ll

2157 5811 2262 5844 :inl.
2292 5773 2439 5854 XXIV,
3347 5773 3701 5865 ὃεὲῗθν-ἶῖἑόϊί

2155 5878 2222 5914 ιιι.
2256 5879 2351 5914 xu.
2388 5867 2476 5914 ll.
2569 5865 2672 5914 "ll
2709 5867 2857 5914 Sam-
2896 5885 2967 5914 xi-
2997 5869 3052 5914 ΕΞ-
3131 5870 3176 5900 9’
3213 5872 3342 5914 (Ind-
3381 5870 3628 5914 MILA—7-

2096 5861 2222 5915 iam.
2256 5879 2351 5927 xu,
2388 5867 2476 5917 ll.

2569 5865 2672 5918 "ll
2709 5867 2857 5921 Sam.
2896 5865 2968 5932 xi,
2997 5869 3052 5922 ει.
3131 5870 3176 5900 ⁹⁹
3213 5865 3342 5924 (led.
3381 5870 3628 5936 156,4-7.
