4096 6422
493 378 600 440 235

1740 381 2060 442 GEORGII
2103 381 2554 442 HAMARTOLI

3683 377 3785 442 236

495 495 759 549 didiorcm
825 496 1122 549 ostendunt
1221 495 1488 551 mirabilis
1564 495 1741 566 Regis
1812 495 2086 564 gloriam;

2191 496 2292 547 οὐκ
2325 494 2436 548 ἀπὸ
2460 493 2661 563 ψυχῆς,
2696 491 2788 546 καὶ
2809 493 2891 556 τίς
2921 494 3016 564 οὐχ
3045 495 3328 564 ἥμαρτεν;
3358 514 3375 546 ι
3413 496 3529 565 (15)
3562 498 3653 549 Διὸ
3683 506 3783 552 τάς

499 587 756 639 caelestes
783 586 928 638 enim
957 585 1127 656 plaga:
1163 587 1417 642 morbum
1455 589 1798 659 propulsant,
1825 586 2090 655 primam-

498 689 605 741 que
668 674 904 728 reddunt
961 675 1272 729 sanitatem.
1321 677 1479 730 Omni
1546 691 1780 745 namque
1830 675 1994 729 modo
2030 684 2088 728 ut

501 765 719 833 sapiens
781 765 1029 820 medicus
1088 767 1364 835 castigans
1421 767 1615 821 leniter
1695 768 1904 828 edocet,
1966 773 2089 833 post

497 857 705 925 peccati
759 857 1187 912 confessionem.
1242 858 1375 911 Cum
1453 859 1598 911 enim
1661 858 1892 929 dixisset
1959 871 2088 924 pror-

498 951 660 1017 pheta
705 964 720 1000 :
757 966 776 1000 ι
808 948 926 1002 Non
997 950 1250 1002 morieris
1288 968 1305 999 ι
1388 949 1592 1002 addidit
1630 968 1643 1003 :
1705 969 1723 1000 ι
1771 949 2085 1002 Provocans

497 1040 804 1108 provocasti
849 1041 901 1092 in
977 1040 1214 1095 inimicis
1298 1041 1611 1095 Dominum.
1653 1059 1670 1092 ι
1725 1043 1792 1095 Ει
1845 1040 2082 1110 primum

493 1147 559 1184 ex
605 1131 853 1185 adultera
889 1131 1118 1185 muliere
1154 1132 1322 1185 lilium
1348 1133 1618 1202 percussit
1661 1132 1801 1187 Deus
1836 1149 1850 1195 ;
1887 1132 2083 1186 deinde

493 1231 682 1275 contra
733 1221 989 1276 Davidem
1053 1223 1145 1276 ﬁlii
1203 1224 1461 1278 Absalom
1523 1224 1874 1277 rebellionem
1911 1223 2081 1292 signi-

493 1313 666 1368 firans
717 1314 901 1368 dixit:
949 1331 968 1364 ι
1009 1312 1071 1364 Ει
1125 1329 1271 1367 nunc
1333 1329 1440 1368 non
1499 1315 1717 1370 recedet
1769 1313 1980 1383 gladius
2015 1313 2081 1364 de

493 1405 657 1458 domo
704 1415 816 1460 tua.
865 1423 883 1455 ι
942 1404 1134 1457 Merito
1210 1407 1378 1473 igitur
1455 1405 1710 1460 dicebat:
1743 1423 1761 1456 ι
1792 1404 2080 1473 (lastigaus

482 1497 786 1565 castigavit
867 1511 954 1550 me
1021 1496 1304 1559 Dominus,
1357 1505 1410 1551 et
1481 1497 1641 1550 morti
1695 1511 1799 1551 non
1867 1495 2087 1548 tradidit

492 1602 600 1643 me.
641 1607 660 1638 ι

2191 586 2432 655 χαλεπὰς
2455 586 2672 641 ἀπειλεῖ
2703 585 2973 655 τιμωρίας
3007 587 3035 638 ὁ
3083 585 3193 639 τῶν
3224 585 3412 656 ψυχῶν
3446 587 3630 659 ἰατρὸς
3679 589 3776 641 καὶ

2191 679 2390 745 ἐπάγει
2425 677 2620 742 αὐτάς,
2653 678 2858 738 αἵτινες
2886 676 3272 748 λαμπρότερον
3298 679 3506 745 ἔδειξαν
3528 680 3622 732 τοῦ
3651 679 3778 731 θαυ-

2194 767 2400 835 μαστοῦ
2425 767 2700 830 Βασιλέως
2732 766 2794 819 τὸ
2827 766 3003 829 κλέος·
3055 769 3111 820 al
3167 769 3275 838 γὰρ
3327 767 3580 840 θεήλατοι
3636 773 3780 837 πλη-

2191 859 2285 923 γαὶ
2315 857 2413 926 τὴν
2440 860 2595 910 νόσον
2629 858 2849 925 ἐκείνην
2887 856 3162 927 ἐξήλασαν
3212 859 3306 911 καὶ
3351 859 3452 930 τὴν
3504 861 3782 930 προτέραν

2195 947 2406 1014 ὑγίειαν
2438 941 2750 1001 ἀπέδωκαν.
2788 948 2896 1000 Καὶ
2933 950 3042 1020 γάρ
3073 949 3445 1012 παντοδαπαῖς
3479 952 3663 1015 αὑτὸν,
3693 946 3782 1003 οἷα

2194 1039 2259 1109 δὴ
2290 1040 2566 1106 πάνσοφος
2602 1041 2806 1108 ἰατρὸς,
2843 1040 3116 1104 παιδείαις
3177 1042 3460 1096 ἀπέδωκεν
3509 1043 3648 1112 μετὰ
3681 1046 3784 1113 τὴν

2182 1131 2482 1200 ὁμολογίαν
2554 1134 2652 1201 τῆς
2708 1133 2984 1202 ἁμαρτίας
3012 1149 3024 1162 '
3093 1133 3336 1203 εἰρηκὼς
3365 1135 3476 1204 γὰρ
3499 1137 3526 1186 ὀ
3564 1139 3782 1204 προφή-

2184 1239 2284 1292 ’της
2302 1222 2364 1252 ¹⁵ο
2397 1223 2504 1274 «οὑ
2535 1222 2609 1293 μὴ
2636 1223 2936 1296 ἀποθάνῃς,
2965 1244 2983 1274 ι
3008 1226 3280 1293 ἐπήγαγεο
3309 1227 3488 1296 (Πλὴν
3515 1228 3788 1298 παροργί-

2184 1312 2293 1377 ζων
2305 1313 2662 1383 παμρὼργισας
2852 1319 2909 1369 ὲν
2927 1319 3036 1380 τοῖς
3055 1317 3397 1380 ὑπεναντίοις
3409 1319 3497 1371 τὸν
3517 1320 3741 1389 Κύριον.
3757 1340 3776 1371 ι

2191 1406 2302 1458 Kal
2335 1406 2554 1476 πρῶτον
2587 1407 2772 1476 μέντοι
2804 1408 2864 1460 τὸ
2900 1409 3212 1479 μοιχαλίδος
3247 1411 3462 1465 παιδίον
3509 1413 3784 1478 ἐπάταξεν

2191 1498 2219 1548 ὁ
2251 1496 2404 1557 Θεὸς,
2438 1496 2630 1550 ἔπειτα
2661 1499 2717 1552 δὲ
2771 1501 2866 1553 καὶ
2913 1500 3013 1570 τὴν
3043 1502 3136 1554 τοῦ
3159 1503 3276 1556 υίοῦ
3313 1503 3634 1574 Ἀϐεσαλὼμ
3656 1507 3784 1560 κατ’

2192 1586 2357 1639 αὑτοῦ
2393 1589 2764 1642 ἐπανάστασιν
2795 1592 3128 1661 παραδηλῶν
3179 1611 3314 1662 φησι
3364 1595 3430 1626 ’⁸ο
3472 1614 3490 1647 ι
3525 1597 3634 1650 Καὶ
3683 1597 3784 1651 νῦν

489 1681 591 1733 οὐκ
643 1681 1002 1752 ὲξαρθήσεται
1058 1683 1303 1752 ῥομφαία
1347 1684 1408 1735 ὲκ
1461 1683 1553 1736 τοῦ
1609 1685 1757 1736 οἴκου
1817 1699 1932 1745 σου.
1970 1702 1988 1733 ι
2049 1681 2290 1745 Εἰκότως
2318 1677 2410 1735 οῦν
2450 1682 2605 1752 ἔλεγε
2641 1685 2716 1718 ¹⁷·
2757 1687 3068 1740 «Παιδεύων
3096 1689 3381 1743 ὲπαίδευσέ
3424 1709 3491 1760 με
3521 1694 3783 1764 ὀΚύριος

480 1773 586 1824 .xa‘t
625 1773 703 1841 τῷ
727 1771 943 1841 Θανάτῳ
966 1772 1026 1824 οὐ
1064 1769 1350 1842 παρέδωκέ
1387 1791 1472 1842 με.
1505 1793 1522 1824 ι

566 1862 702 1917 Cum
728 1863 891 1931 igitur
918 1863 1121 1918 videris
1160 1875 1479 1932 peccantem
1515 1865 1604 1930 qui
1640 1863 1844 1917 divitiis
1868 1903 1882 1926 ,
1917 1864 2086 1919 felici-
2118 1856 2162 1910 Β

490 1962 619 2015 tate,
645 1951 952 2006 valetudine
971 1950 1194 2017 florens,
1218 1953 1421 2006 nullam
1451 1952 1655 2021 patitur
1681 1953 2085 2016 adversitatem,

489 2044 614 2097 dole
639 2058 762 2098 cum
800 2046 1058 2113 Iacrymis
1086 2051 1142 2098 et
1173 2045 1296 2114 luge
1338 2059 1463 2099 eum
1503 2045 1646 2112 quod
1686 2047 1796 2097 haec
1824 2046 2004 2098 omnia
2034 2055 2087 2098 et

482 2135 740 2204 graviora
771 2137 955 2190 adhuc
1001 2139 1048 2190 ei
1083 2137 1136 2189 in
1177 2150 1394 2204 pinnam
1442 2136 1778 2190 incumbant.
1812 2135 2088 2200 Quemad-

491 2228 711 2280 modum
772 2228 918 2281 enim
972 2229 1067 2297 qui
1103 2228 1266 2280 multa
1306 2236 1616 2296 peccantes,
1675 2227 1880 2280 nullam
1915 2237 2083 2296 agunt

489 2317 867 2384 pmnitentiam
935 2336 953 2368 ι
988 2319 1484 2372 thesaurizantsibi
1542 2321 1635 2372 ira:
1687 2320 2074 2378 thesaurum.)

489 2410 571 2463 sic
601 2411 695 2479 qui
730 2410 908 2464 omnis
947 2425 1209 2464 aerumna:
1257 2420 1510 2478 expertes
1555 2409 1794 2464 secunda
1829 2409 2083 2463 fruuntur

490 2500 733 2565 fortuna,
783 2501 1023 2569 graviori
1071 2501 1486 2555 damnabuntur
1538 2501 1827 2570 supplicio.
1893 2503 2082 2555 lithoc

489 2598 641 2656 patet
683 2603 747 2644 ex
811 2591 1076 2659 exemplis
1131 2607 1238 2645 non
1312 2594 1478 2644 modo
1510 2607 1540 2643 a
1576 2591 1762 2644 futura
1816 2592 1943 2656 vita,
1986 2593 2080 2646 sed

488 2689 610 2733 eta
660 2680 912 2749 praesenti
993 2681 1248 2750 sumptis.
1329 2681 1492 2735 David
1566 2682 1713 2734 enim
1779 2693 1901 2750 post
1948 2683 2077 2737 illud

489 2779 771 2841 peccatum
804 2771 1026 2842 gravius
1073 2774 1442 2840 reprehensus
1472 2783 1556 2829 est
1605 2791 1670 2828 eo
1717 2777 1863 2840 quod
1931 2784 2078 2828 tanta

490 2864 850 2933 prosperitate
903 2861 1091 2916 fruens
1157 2865 1237 2918 sic
1305 2875 1608 2933 peccasset.
1680 2865 1818 2918 Dicit
1841 2882 2080 2934 namque

489 2952 773 3023 Scriptura
816 2972 830 3007 :
872 2953 1239 3024 Opprobrium
1277 2955 1326 3008 ei
1359 2955 1601 3011 inferens
1650 2957 1791 3011 Deus
1835 2972 1928 3025 per
1967 2956 2076 3012 Na-

494 3041 622 3094 than
672 3043 992 3110 prophetam
1038 3046 1118 3097 sic
1163 3045 1239 3097 ait
1273 3062 1287 3100 :
1344 3061 1363 3095 ι
1397 3045 1509 3114 Ego
1541 3046 1670 3098 uniti
1705 3058 1755 3100 te
1805 3046 1856 3099 in
1897 3061 2074 3116 regem

488 3149 652 3203 super
725 3134 924 3200 Israel;
987 3150 1088 3204 ego
1141 3136 1260 3189 erui
1305 3146 1358 3190 te
1401 3137 1469 3191 de
1499 3153 1663 3191 manu
1693 3138 1823 3191 Saul
1873 3151 1925 3193 et
1954 3140 2075 3194 dedi

487 3199 584 3279 tibi
615 3225 840 3280 domum
897 3199 1106 3279 domini
1146 3227 1221 3279 tui
1275 3235 1330 3281 et
1356 3228 1580 3282 domum
1614 3228 1782 3284 Israel
1833 3241 1886 3286 et
1915 3230 2076 3296 Juda,
2105 3199 2150 3259 Ο

485 3325 539 3371 et
563 3315 614 3373 si
645 3332 810 3385 parva
857 3326 984 3371 sunt
1039 3317 1164 3382 ista,
1207 3317 1462 3386 adjiciam
1531 3321 1628 3374 tibi
1698 3322 1883 3376 omnia
1939 3323 2076 3377 hanc.

485 3407 553 3461 Et
584 3421 684 3462 cur
714 3421 822 3460 non
848 3408 1133 3461 custodisti
1171 3410 1490 3462 mandatum
1528 3425 1707 3464 meum
1734 3411 1757 3462 ?
1785 3430 1804 3462 ι
1839 3412 2078 3468 Audicut

486 3503 654 3571 igitur
689 3502 819 3556 olim
877 3503 970 3570 qui
1011 3501 1272 3557 felicitate
1324 3518 1470 3558 nunc
1507 3503 1784 3571 florentes,
1823 3509 2074 3562 mandata

485 3591 702 3646 Domini
735 3608 842 3646 non
879 3595 1197 3648 custodiunt
1236 3613 1247 3647 :
1294 3594 1665 3662 «Amemdico
1700 3599 1854 3653 vobis
1892 3615 1905 3650 :
1957 3597 2072 3652 Non

486 3687 610 3739 novi
642 3700 759 3740 vos.
797 3685 1138 3741 Disceditein
1177 3686 1353 3758 ignem
1384 3698 1646 3744 aeternum
1677 3689 1770 3760 qui
1803 3705 2074 3760 ιιι-ωροτε-

482 3787 572 3831 tus
600 3787 682 3832 est
715 3777 934 3831 diabolo
963 3787 1017 3831 et
1066 3781 1274 3849 angelis
1307 3780 1444 3850 ejus.
1484 3801 1501 3832 ι
1542 3781 1647 3837 Sed
1679 3783 1795 3837 lucc
1825 3785 1961 3838 satis
1989 3785 2072 3838 di-

482 3867 781 3937 gressionis
810 3883 973 3923 causa
1007 3870 1152 3924 dicta
1193 3882 1339 3927 sunt.

557 4047 756 4103 Beatus
792 4046 959 4102 David
993 4065 1115 4102 cum
1138 4058 1264 4104 ante
1306 4062 1534 4105 mortem
1579 4067 1735 4106 suam
1770 4054 2072 4108 vocavisset

483 4140 656 4196 filiam
688 4154 848 4193 suum
882 4138 1252 4202 Salomonem,
1283 4141 1417 4194 dixit
1473 4141 1520 4194 ei
1561 4159 1574 4194 :
1618 4159 1636 4192 ι
1663 4142 1945 4209 Salomon,
1997 4144 2068 4197 [ili

484 4246 580 4293 mi,
615 4231 914 4285 voluntatis
971 4246 1105 4284 meze
1168 4233 1362 4284 fuitut
1443 4233 1770 4287 aediﬁcarem
1841 4236 2066 4288 domum

487 4321 695 4376 nemini
751 4321 966 4376 Domini
1025 4320 1118 4375 Dei
1154 4323 1352 4386 nostri,
1411 4321 1506 4376 sed
1536 4322 1709 4376 factus
1752 4334 1835 4378 est
1887 4339 2069 4378 sermo

483 4413 698 4468 Domini
733 4415 799 4467 ad
832 4429 918 4466 me
941 4415 1164 4468 dicens:
1191 4431 1210 4462 ι
1243 4413 1465 4467 Multum
1486 4414 1805 4483 sanguinem
1832 4415 2069 4471 eli'udisti

2263 1863 2308 1934 (ί
2323 1863 2374 1934 ί)
2395 1865 2565 1918 Ὅταν
2593 1866 2774 1920 τοίνυν
2799 1869 2914 1942 ἴδῃς
2934 1871 3261 1940 ἁμαρτωλὸν
3287 1890 3412 1926 τινα
3436 1875 3780 1932 πλουτοῦντα

2190 1954 2284 2006 καὶ
2316 1955 2718 2025 εὐημεροῦντα,
2770 1961 3086 2027 ὑγιαίνοντα
3132 1965 3225 2015 καὶ
3262 1965 3432 2033 μηδὲν
3465 1969 3635 2022 κακὸν
3668 1974 3778 2025 πάο

2189 2061 2407 2113 σχοντα,
2459 2048 2752 2114 στέναξον,
2804 2053 3102 2121 δάκρυσον,
3159 2056 3433 2125 πένθησον
3477 2060 3663 2126 αὑτὸν,
3700 2062 3780 2125 ὡς

2187 2134 2478 2207 προσθήκῃ
2515 2137 2556 2167 ¹⁸
2584 2140 2659 2202 εἰς
2695 2141 2917 2193 κόλασιν
2958 2143 3128 2196 ταῦτα
3181 2147 3329 2215 αὐτῴ
3381 2149 3774 2218 συμϐαίνοντα.

2187 2226 2397 2296 Ὥσπερ
2419 2229 2526 2298 γὰρ
2542 2231 2589 2282 oi
2615 2231 2783 2283 πολλὰ
2807 2235 3214 2302 ἁμαρτάνοντες
3240 2241 3332 2291 καὶ
3353 2241 3425 2308 μὴ
3452 2246 3779 2310 μετανοοῦν-

2184 2334 2272 2380 τες
2299 2320 2340 2350 ¹⁹
2392 2338 2409 2371 ι
2451 2320 2878 2393 θησαυρίζουσιν
2929 2328 3144 2390 ἑαυτοῖς
3203 2330 3374 2400 ὀργῆς
3417 2351 3434 2382 ι
3472 2333 3774 2407 θησαυρὸν,

2183 2407 2357 2473 οὓτως
2387 2413 2436 2463 oi
2489 2414 2630 2480 μετά
2679 2416 2739 2467 τὸ
2782 2419 2948 2485 μηδὲν
2975 2419 3306 2482 κολάζεσθαι
3339 2425 3432 2476 καὶ
3467 2427 3778 2498 εὐπραγίας

2182 2501 2553 2564 ἀπολαύοντες
2609 2507 2834 2573 μείζονα
2887 2509 2988 2580 τὴν
3033 2514 3306 2582 τιμωρίαν
3347 2517 3771 2590 ὑποστήσονται.

2184 2591 2294 2642 Καὶ
2325 2592 2507 2661 δῆλον,
2541 2596 2638 2647 οὐκ
2674 2599 2778 2650 ἀπὸ
2813 2601 2921 2652 τῶν
2947 2603 3253 2670 μελλόντων
3289 2609 3474 2674 μόνον,
3505 2611 3640 2665 ἀλλὰ
3672 2617 3771 2668 καὶ

2181 2682 2437 2776 άπὸ-’τοῦ
2471 2689 2740 2758 παρόντος
2786 2691 2903 2760 βίου
2955 2695 3015 2746 τὸ
3050 2697 3376 2768 ὑπόδειγμα.
3441 2703 3498 2756 Ὀ
3542 2707 3648 2776 γάρ
3688 2725 3771 2762 τοι

2181 2771 2344 2825 Δαυῖδ
2374 2767 2528 2836 οὗτος
2563 2781 2702 2846 μετὰ
2733 2781 2832 2850 τήν
2884 2785 3159 2854 ἁμαρτίαν
3196 2767 3414 2861 ἐκείνην
3463 2767 3774 2852 ἐνεκαλεῖτο

2183 2865 2544 2936 σφοδρότερον
2565 2871 2641 2933 ὡς
2673 2873 2877 2944 πολλῆς
2911 2877 3230 2943 ἀπολαύσας
3256 2882 3443 2945 ἁδείας
3475 2889 3569 2939 καὶ
3595 2890 3773 2943 τοιοῦ-

2179 2973 2271 3018 τος
2299 2960 2591 3030 γενόμενος
2615 2981 2627 2994 ·
2663 2968 2798 3034 φησὶ
2829 2969 2960 3039 γὰρ,
2995 2972 3040 3000 ¹⁰
3077 2973 3380 3038 Ὀνειδίζων
3411 2978 3771 3046 αὒτδνὸΘεὸς

2178 3048 2267 3102 διὰ
2299 3051 2489 3106 Νάθαν
2537 3055 2632 3108 τοῦ
2683 3063 2967 3131 προφήτου
3016 3063 3167 3131 λέγει
3215 3067 3258 3096 ’⁸
3288 3069 3461 3133 οὕτως
3560 3091 3579 3126 ι
3626 3075 3770 3145 Ἐγὼ

2184 3142 2379 3212 ἔχρισά
2405 3161 2462 3196 σε
2487 3145 2710 3213 βασιλέα
2742 3153 2835 3203 ἐπὶ
2870 3153 3111 3224 Ἰσραὴλ,
3145 3157 3237 3208 καὶ
3265 3160 3588 3230 ἐρρυσάμην
3616 3180 3672 3216 σε
3698 3142 3769 3219 sx

2183 3235 2366 3304 χειρὸς
2397 3237 2592 3303 Σαοὺλ,
2633 3241 2728 3294 καὶ
2755 3241 2930 3298 ἔδωκά
2962 3263 3043 3298 σοι
3097 3248 3188 3300 τὸν
3241 3247 3393 3303 οἷκον
3427 3253 3518 3306 τοῦ
3570 3258 3766 3328 κυρίου

2184 3342 2299 3391 σου,
2337 3354 2404 3365 --
2437 3331 2528 3382 καὶ
2553 3332 2642 3384 τὸν
2680 3330 2829 3386 οἶκον
2859 3335 3079 3408 Ἰσραὴλ
3105 3341 3198 3393 καὶ
3236 3342 3429 3405 Ἰούδα,
3468 3347 3557 3397 καί
3589 3349 3634 3399 εί
3673 3366 3766 3416 μι-

2181 3419 2309 3489 κρόν
2342 3422 2480 3484 ἐστι,
2519 3425 2817 3496 προσθήσω
2850 3446 2932 3481 σοι
2971 3434 3065 3483 καὶ
3119 3436 3294 3488 πάντα
3327 3437 3522 3491 ταῦτα.
3572 3441 3684 3493 Καὶ
3713 3444 3768 3494 τί

2177 3507 2260 3559 ὅτι
2311 3511 2410 3562 οὐκ
2459 3513 2736 3580 ἐφύλαξας
2777 3519 2876 3586 τὴν
2930 3521 3152 3591 ἐντολήν
3205 3542 3344 3592 μου;
3389 3545 3406 3578 ι
3470 3529 3602 3582 Τότε
3634 3532 3768 3598 γοῦν

2178 3600 2502 3655 ἀκούσονται
2532 3608 2625 3657 καὶ
2653 3609 2701 3658 oi
2737 3609 3142 3679 εὐημεροῦντες
3168 3615 3264 3667 νῦν
3293 3621 3385 3671 καὶ
3420 3621 3516 3681 τὰς
3544 3622 3768 3685 ἐντολάς

2179 3690 2384 3779 ιςυρίου
2419 3695 2492 3764 μὴ
2512 3695 2877 3763 φυλάττοντες
2908 3703 2952 3731 ²¹¹
2979 3717 2991 3729 ’
3035 3722 3052 3754 ι
3088 3703 3284 3776 ’Λμὴν,
3313 3709 3458 3775 λέγω
3491 3711 3641 3779 ὑμῖν,
3664 3715 3764 3766 ούκ

2173 3777 2294 3838 οῖδα
2325 3785 2487 3853 ὑμᾶς,
2522 3787 2824 3857 πορεύεσθε
2867 3793 2947 3853 είς
2981 3794 3040 3846 τὸ
3095 3797 3208 3866 πῦρ
3270 3799 3330 3851 τὸ
3391 3777 3656 3875 ἐξώτερον
3704 3807 3767 3857 τὸ

2174 3875 2579 3946 ἡτοιμασμένον
2600 3880 2677 3950 τῷ
2704 3883 2936 3954 διαϐόλῳ
2970 3887 3195 3952 καὶτοῖς
3231 3891 3484 3960 ἀγγέλοις
3519 3897 3712 3951 αὑτοῦ.
3740 3917 3759 3948 ο

2173 3965 2507 4060 (Kal-traha
2537 3972 2638 4040 μὲν
2659 3975 2738 4037 εἰς
2767 3976 3023 4029 τοσοῦτον
3046 3982 3472 4051 παρεκὸατικῶς
3495 3988 3762 4060 εἴρηται.)

2246 4055 2357 4125 (l5)
2402 4058 2461 4110 '0
2487 4059 2543 4111 δὲ
2570 4063 2839 4133 μακάριος
2853 4065 3017 4120 Δαυῒδ
3039 4070 3146 4139 πρὸ
3179 4071 3281 4139 τῆς
3318 4055 3575 4145 τελευτῆς
3596 4055 3763 4130 αὐτοῦ

2174 4147 2411 4212 καλέσας
2437 4151 2526 4203 τὸν
2577 4153 2692 4205 υίὸν
2722 4155 2886 4209 αὑτοῦ
2937 4159 3283 4230 Σολομῶντα,
3321 4160 3475 4219 εἶπεν
3501 4169 3648 4238 αὑτῷ
3677 4170 3726 4202 ’³
3745 4187 3762 4203 ο

2181 4257 2198 4288 ι
2232 4240 2508 4310 Σολομὼν,
2538 4244 2728 4298 τέκνον
2772 4264 2896 4316 μου,
2931 4252 3053 4319 ἐμοὶ
3086 4253 3302 4321 ἐγένετο
3335 4257 3427 4310 ἐπὶ
3461 4258 3636 4331 ψυχήν
3665 4266 3763 4315 τοῦ

2171 4332 2526 4402 οἰκοδομῆσαι
2556 4333 2705 4391 οἶκον
2732 4339 2938 4410 Κυρίου
2973 4343 3064 4395 τοῦ
3112 4345 3274 4411 Θεοῦ,
3305 4349 3398 4402 καὶ
3427 4351 3646 4418 ἐγένετο
3668 4353 3762 4406 λό-

2176 4440 2272 4492 γος
2291 4426 2500 4517 Κυρίου
2526 4430 2612 4481 ἐπ’
2635 4430 2736 4499 ἐμὲ
2758 4431 2931 4501 λέγων
2952 4452 2966 4464 ·
3000 4454 3018 4486 ι
3041 4435 3190 4508 Αἷμα
3215 4441 3291 4504 εἰς
3311 4442 3518 4513 πλῆθος
3537 4446 3760 4517 ἐξέχεας

480 4514 532 4557 ct
565 4503 798 4572 plurima
852 4503 989 4557 bella
1037 4504 1265 4567 bellasti,
1330 4515 1385 4558 et
1428 4519 1532 4557 non
1567 4506 1770 4573 poteris
1798 4507 2066 4561 azdilicare

2181 4518 2269 4568 καὶ
2303 4516 2577 4608 πολέμους
2608 4521 2874 4592 ἐποίησας
2911 4503 3186 4594 μεγάλους
3218 4503 3312 4583 καὶ
3337 4503 3438 4585 οὐκ
3471 4503 3765 4608 ο-ίκοδξμήί

479 4595 703 4650 domum
746 4595 952 4648 nomini
1030 4610 1173 4647 meo.
1227 4595 1370 4649 Ecce
1429 4595 1573 4649 [ilius
1616 4597 1858 4650 nascitur
1889 4598 1984 4652 tibi
2012 4608 2068 4652 et

480 4688 675 4742 faciam
717 4702 840 4741 eum
883 4687 1223 4756 requiescere
1268 4688 1339 4741 ab
1392 4689 1650 4742 omnibus
1681 4689 1920 4745 inimicis
1949 4691 2066 4746 suis

477 4795 574 4848 per
623 4780 914 4835 circuitum
959 4797 974 4834 :
1016 4789 1069 4833 et
1151 4781 1220 4833 ob
1297 4778 1448 4834 hanc
1516 4797 1738 4836 causam
1795 4781 2062 4840 Paciﬁcus

475 4872 780 4926 vocabitur.
815 4869 936 4941 Ipse
990 4871 1284 4925 tedilitabit
1344 4873 1565 4926 domum
1635 4877 1839 4929 nomini
1915 4893 2059 4932 meo.

476 4960 632 5017 Nunc
675 4979 826 5032 ergo,
869 4963 942 5018 illi
977 4966 1072 5025 mi,
1114 4964 1427 5018 confertam
1466 4975 1519 5018 et
1572 4967 1798 5022 viriliter
1824 4983 1942 5038 age.
2001 4969 2069 5024 Et

475 5067 603 5110 ecce
639 5067 739 5122 ego
798 5055 851 5106 in
901 5065 1217 5124 paupertate
1272 5073 1390 5110 mea
1466 5061 1760 5126 praeparavi
1793 5061 2067 5130 impensas

475 5144 670 5198 domus
725 5145 960 5209 Domini.
999 5152 1116 5202 auri
1153 5149 1354 5205 talenta
1403 5158 1623 5206 centum
1661 5152 1858 5217 millia,
1903 5164 2064 5208 etar«

473 5236 617 5306 genti
652 5237 796 5289 mille
842 5239 1008 5292 millia
1045 5241 1398 5306 talentorum,
1552 5251 1607 5298 cl.
1665 5243 1874 5298 ferrum
1908 5247 2064 5312 cujus

2176 4623 2289 4670 σεις
2319 4602 2466 4664 οἷκον
2498 4609 2574 4679 τῷ
2600 4611 2826 4682 ὀνόματί
2870 4633 2993 4684 μου.
3027 4618 3182 4686 Ἰδοὺ,
3226 4623 3339 4686 υίὸς
3365 4624 3613 4680 τίκτεταὶ
3650 4602 3756 4688 σοι,

2171 4701 2266 4753 καὶ
2299 4702 2601 4756 ἀναπαύσω
2635 4706 2800 4759 αὐτὸν
2845 4710 2907 4760 ὲκ
2943 4709 3163 4764 πάντων
3195 4713 3303 4767 τῶν
3336 4717 3548 4788 ἐχθρῶν
3586 4721 3759 4773 αὐτοῦ
3835 4767 3840 4771 .

2169 4794 2278 4847 τῶν
2309 4794 2481 4850 ὄντων
2503 4796 2658 4867 132
2688 4799 2974 4865 κυκλόθεν,
3007 4804 3088 4857 ὅτι
3113 4806 3369 4877 Σολομὼν
3389 4811 3562 4881 ὄνομα
3587 4813 3756 4883 αὐτῷ.

2170 4884 2282 4937 Καὶ
2322 4881 2478 4950 οὗτος
2513 4889 2862 4960 οἰκοδομήσει
2899 4891 3048 4946 οἷκον
3098 4897 3174 4968 τῷ
3211 4899 3438 4969 ὀνόματί
3478 4920 3602 4972 μου.
3640 4923 3656 4954 ι
3689 4881 3758 4944 ές

2169 4975 2214 5006 ’δ
2248 4993 2266 5025 ι
2302 4977 2409 5028 Kal.
2437 4979 2531 5032 νῦν
2559 4979 2815 5051 ἀνδρίξου
2846 4987 2941 5040 καὶ
2974 4987 3148 5058 ἴσχυε.
3181 4993 3289 5044 Kal.
3326 4995 3434 5048 ἰδοὺ
3467 4999 3579 5064 ἐγὼ
3615 5000 3758 5052 κατὰ

2169 5070 2450 5164 πτωχείαν
2481 5073 2526 5164 έδ
2575 5090 2678 5142 μου
2735 5079 3017 5148 ήτοίμασα
3067 5083 3148 5147 είς
3180 5081 3329 5140 οἷκον
3364 5089 3569 5160 Κυρίου
3609 5093 3754 5164 (δυ’)

2167 5161 2395 5228 χρυσίου
2424 5163 2661 5218 τάλαντα
2685 5169 2730 5199 ³⁸
2756 5171 3000 5240 χιλιάδας
3033 5180 3102 5244 ρ’,
3127 5178 3221 5230 καὶ
3252 5180 3518 5252 ἀργυρίου
3556 5161 3756 5237 τάλανέ-

2165 5267 2233 5302 τα
2265 5255 2441 5320 χιλίας
2473 5257 2742 5325 χιλιάδας,
2781 5264 2877 5315 καὶ
2907 5265 3107 5332 χαλκὸν
3155 5270 3249 5321 καὶ
3281 5272 3522 5344 σίδηρον,
3561 5273 3623 5330 οὗ
3655 5278 3756 5332 οὐκ

1703 5457 1903 5520 Varias
1956 5459 2260 5527 lectiones
2292 5474 2354 5529 et
2399 5479 2588 5534 notua.

537 5625 584 5655 ¹⁵
615 5625 656 5679 Il
691 5625 842 5700 Sam.
887 5642 984 5690 xu,
1018 5628 1084 5680 14
1127 5630 1268 5700 πλὴν
1317 5633 1398 5684 ὄτι
1443 5652 1503 5686 π.

471 5694 514 5774 tt
545 5697 832 5774 ἳτρρτθήκῃ
866 5700 974 5774 vcl_
1001 5694 1369 5774 προσθήκηνῖ
1446 5706 1488 5735 ⁸³
1515 5703 1675 5758 Rom.
1727 5694 1793 5774 ll;
1837 5711 1888 5765 5.

468 5762 514 5795 ³⁸
544 5762 563 5814 l
590 5762 906 5834 ’Parax'iut,
945 5762 1094 5824 7-H).
1177 5762 1417 5827 "I'Par.
1461 5791 1607 5842 xx",
1651 5777 1738 5830 l3.

1557 5653 1646 5725 ττι-
1669 5637 1797 5702 τοὺς
1840 5641 2114 5725 νέχθροῦς.
2158 5648 2388 5725 ᾕυρὶου.
2471 5656 2588 5711 “ll
2643 5661 2792 5716 Sam.
2847 5683 2946 5722 xit.
3013 5673 3100 5725 10.

1998 5716 2044 5747 ²⁰
2072 5715 2114 5770 ll
2170 5715 2322 5777 Sam.
2380 5740 2476 5790 xu,
2533 5729 2584 5784 7.

3182 5673 3346 5731 "Ps.
3408 5690 3600 5742 cxvm,
3663 5679 3749 5731 18.

2666 5736 2726 5797 .“
2769 5736 2946 5806 λέγων
3010 5743 3204 5798 codex.
3280 5748 3325 5777 "
3356 5745 3545 5800 Matth.
3586 5736 3747 5802 ἠν.
