4096 6450
318 417 426 478 945

325 531 464 600 ἀνὴρ
512 531 832 601 ἡγούμενος
884 536 943 588 ὲν

331 623 522 690 φέντες
551 626 956 697 ἁποστραφῆτε
1008 631 1168 698 ὑμεῖς
1200 635 1295 689 καὶ
1335 638 1403 691 τὰ
1443 640 1612 694 τέκνα
1643 642 1798 711 ὑμῶν
1826 646 1925 699 ἀπ’

327 714 489 782 ἐμοῦ,
528 718 624 768 καὶ
661 718 738 786 μὴ
786 719 1065 791 φυλάξητε
1098 727 1198 788 τὰς
1245 728 1465 793 ἐντολάς
1511 748 1636 801 μου,
1682 736 1777 788 καὶ
1826 754 1922 790 πο-

330 806 588 874 ρευθῆτε,
624 808 719 861 καὶ
760 810 1091 881 δουλεύσητε
1129 815 1269 879 θεοῖς
1309 819 1519 890 ἑτέροις
1549 824 1642 874 καὶ
1680 842 1921 893 προσκυ-

327 900 539 987 νήσητε
582 900 796 963 αὐτοῖς,
820 903 1004 972 ἑξαρῶ
1046 907 1137 958 τὸν
1186 909 1407 980 Ἰσραὴλ
1440 914 1547 965 ἀπὸ
1572 915 1670 984 τῆς
1700 917 1825 985 γῆς.
1857 910 1926 987 ἦς

330 986 513 1039 ἔδωκα
566 990 739 1061 αὐτῷ,
778 992 873 1043 καὶ
934 993 1027 1046 τὸν
1081 990 1233 1049 οἷκον
1282 998 1493 1065 τοῦτον,
1536 1003 1594 1055 ὃν
1626 1005 1832 1072 ήγίασα
1864 1008 1923 1058 ὲν

332 1078 565 1148 ὀνόματί
595 1098 722 1149 μου,
758 1084 1052 1155 ἀπορρίψω
1108 1089 1217 1141 ἀπὸ
1278 1091 1574 1161 προσώπου
1626 1113 1752 1164 μου.
1814 1099 1927 1150 Καὶ

339 1169 498 1221 εσται
542 1170 754 1242 Ἰσραὴλ
786 1176 869 1236 είς
903 1177 1215 1247 ἀφανισμὸν
1253 1183 1346 1235 καὶ
1378 1186 1460 1246 είς
1489 1184 1711 1255 λάλημα
1746 1190 1827 1251 είς
1857 1191 1926 1243 τὰ

341 1260 473 1330 ἔθνη
522 1263 695 1317 πάντα
722 1282 735 1297 ’
773 1266 869 1319 καὶ
898 1268 927 1319 6
966 1262 1116 1332 οῐκος
1153 1265 1311 1335 οὗτος
1352 1274 1379 1326 6
1429 1275 1631 1345 ὑψηλὸς
1678 1280 1774 1332 καὶ
1823 1282 1924 1349 μέ-

338 1369 467 1419 γας,
502 1353 657 1407 ἔσται
689 1359 799 1421 πᾶς
822 1360 850 1410 ό
880 1358 1341 1432 διαπορευόμενος
1373 1366 1441 1418 δι’
1483 1368 1671 1431 αὐτοῦ,
1715 1372 1926 1441 ἐκστή-

333 1460 497 1497 σεται
525 1446 619 1498 καὶ
670 1452 872 1517 συριεῖ,
901 1452 995 1503 καὶ
1038 1453 1293 1523 ἐροῦσιν·
1342 1476 1359 1506 ι
1409 1459 1551 1511 Ἀνθ’
1578 1454 1654 1512 ὧν
1697 1463 1937 1529 ὲγκατὲι

330 1534 499 1589 λιπον
538 1537 743 1608 Κύριον
777 1541 868 1592 τὸν
892 1540 1026 1594 Θεὸν
1064 1545 1243 1598 αὐτῶν
1279 1549 1373 1600 καὶ
1398 1550 1754 1605 ἀντελόιϐοντο
1787 1553 1929 1607 θεῶν

328 1626 662 1697 ἀλλοτρίων,
692 1630 781 1684 διὰ
821 1632 981 1685 τοῦτο
1021 1635 1272 1707 ἐπήγαγε
1330 1640 1535 1709 Κύριος
1578 1646 1677 1713 τὴν
1726 1646 1927 1699 κακίαν

329 1720 563 1789 ταύτην.
604 1740 627 1773 ι

406 1812 525 1883 (18)
559 1815 665 1867 Τὸν
717 1816 905 1885 μέντοι
943 1819 1071 1872 ναὸν
1095 1822 1124 1873 6
1161 1822 1416 1893 Σολομὼν
1466 1827 1633 1895 μέσον
1677 1830 1777 1898 τῆς
1832 1831 1929 1882 πό-

1468 493 1471 497 .
1545 440 2017 509 CHRONICON.
2058 474 2127 488 --
2167 454 2311 516 LIB.
2355 457 2434 515 li.

1007 540 1239 611 Ἰσραήλ.
1294 562 1315 596 ι
1364 544 1492 599 Ἐὰν
1538 548 1595 601 δὲ
1640 551 1920 624 ἀποστρα-

2030 563 2233 620 feretur
2266 568 2348 622 vir
2375 568 2443 623 de
2481 585 2677 638 genere
2708 582 2797 626 tuo
2829 574 2896 629 de
2935 576 3074 630 solio
3123 577 3305 633 lsrael.
3356 579 3409 634 Si
3443 592 3623 637 autem

3514 468 3613 527 Ξὶῖΰ

2026 659 2295 714 obstinate
2349 664 2524 717 aversi
2593 663 2802 722 fueritis
2860 682 2955 722 vos
2997 678 3051 722 et
3116 670 3207 723 filii
3274 673 3456 738 vestri,
3514 690 3620 728 non

2028 751 2413 817 custodientes,
2446 754 2699 809 mandata
2737 773 2876 823 mea,
2902 758 2999 814 sed
3047 761 3288 817 abieritis
3346 763 3414 831 et‘,
3438 764 3623 819 colue-

2031 842 2149 895 ritis
2200 843 2333 898 deos
2389 844 2595 899 alienos
2666 856 2720 901 et
2772 848 3129 906 adoraveritis
3179 867 3309 916 eos,
3369 853 3614 909 auferam

2030 932 2192 986 Israel
2272 935 2338 988 de
2406 937 2695 1004 superficie
2759 948 2916 994 terra:
2990 956 3152 1010 quam
3220 941 3341 997 dedi
3405 944 3506 1006 eis,
3564 962 3621 1009 ιιι

2030 1025 2287 1093 templum
2338 1027 2480 1094 quod
2546 1029 2877 1084 sanctiﬂcavi
2941 1032 3146 1086 nomini
3213 1048 3371 1100 meo,
3440 1037 3614 1104 proji-

2028 1119 2166 1169 ciam
2226 1133 2254 1171 a
2311 1131 2606 1187 conspectu
2673 1137 2793 1175 meo
2849 1121 3067 1191 eritque
3114 1122 3278 1178 Israel
3351 1125 3404 1178 in
3486 1139 3621 1191 pro-

2030 1208 2276 1261 verbium
2331 1211 2465 1263 etin
2497 1210 2738 1265 fabulam
2790 1213 3005 1268 cunctis
3031 1213 3268 1281 populis.
3327 1211 3393 1268 Et
3420 1213 3616 1268 domus

2031 1301 2143 1355 hac
2167 1302 2275 1355 erit
2315 1302 2367 1354 in
2433 1304 2743 1371 exemplum
2782 1321 2795 1365 ;
2844 1306 3024 1359 omnis
3072 1306 3163 1374 qui
3215 1304 3493 1359 transierit
3523 1318 3619 1374 per

2028 1406 2148 1445 eam
2185 1394 2424 1461 stupebit
2476 1405 2527 1446 ct
2567 1394 2806 1448 sihilahit
2849 1406 2903 1448 ct
2966 1396 3106 1449 dicet
3140 1416 3151 1449 :
3193 1415 3209 1447 ‹
3242 1396 3379 1460 Quia
3427 1394 3620 1449 dereli-

2030 1482 2569 1550 queruntDominum
2617 1485 2783 1540 Deum
2821 1503 3005 1550 suum,
3041 1496 3095 1542 et
3126 1487 3297 1543 secuti
3328 1498 3457 1545 sunt
3488 1489 3619 1544 deos

2030 1574 2256 1634 alienos,
2301 1574 2505 1628 idcirco
2545 1576 2755 1630 induxit
2811 1576 3074 1633 Dominus
3133 1594 3301 1649 super
3337 1593 3431 1635 eos
3457 1594 3618 1634 omne

2031 1663 2231 1717 malum
2289 1666 2411 1718 hoc.
2448 1684 2465 1715 ι

2103 1818 2451 1873 Aildificututn
2511 1830 2595 1873 est
2635 1821 2893 1888 templum
2938 1821 2992 1874 in
3044 1821 3225 1876 medio
3277 1822 3462 1887 urbis;
3493 1823 3619 1876 dor-

332 1901 471 1964 λεως
502 1904 833 1973 δειμάμενος
863 1908 907 1939 ’⁸
944 1910 1085 1963 κατὰ
1122 1912 1291 1965 νῶτον
1319 1918 1707 1985 τετραμμένον
1734 1920 1829 1971 καὶ
1865 1920 1924 1972 τὰ

2036 1927 2154 1965 smn
2192 1920 2245 1963 et
2286 1910 2585 1979 posteriora
2632 1912 2753 1979 ejus
2810 1926 2999 1965 versus
3065 1912 3391 1981 Aquilonem
3440 1924 3617 1976 erant,

334 1993 559 2047 θπισθεν
621 1999 759 2063 πρὸς
822 1998 1032 2072 βορρᾶν
1103 2002 1328 2073 ἔχοντα,
1388 2008 1575 2079 λιθίνῳ
1652 2012 1933 2081 περιϐόλῳ

336 2084 525 2137 τοῦτον
566 2087 884 2141 συνέκλεισε
914 2091 983 2143 ³⁸.
1025 2091 1136 2162 (l9)
1182 2093 1292 2164 Τὴν
1338 2096 1396 2149 δὲ
1447 2097 1603 2150 πόλιν
1664 2100 1931 2170 μεγίστην

335 2176 432 2227 καὶ
485 2177 790 2248 περικαλλῆ
843 2184 1181 2251 καταρτίσας
1236 2189 1300 2238 ὲκ
1350 2188 1516 2242 λίθων
1576 2190 1787 2244 λευκῶν
1837 2194 1931 2244 καὶ

336 2268 470 2338 ὅλην
506 2270 904 2339 καταστρώσας
936 2274 1098 2344 138
1134 2277 1230 2328 καὶ
1279 2278 1341 2330 τὸ
1388 2279 1724 2351 περίμετρον
1757 2282 1929 2351 αὐτῆς

342 2362 585 2429 ποιήσας
617 2364 726 2414 ἀπὸ
752 2365 958 2433 τείχους
987 2367 1069 2428 είς
1096 2370 1298 2438 τεῖχος,
1327 2372 1534 2439 μεταξὺ
1558 2372 1620 2426 τὸ
1648 2373 1928 2443 διάστημα

352 2450 594 2517 ῐχουσαν
658 2453 841 2505 στάδια
896 2455 981 2524 μ’,
1040 2456 1193 2523 μίλια
1246 2457 1307 2521 ἐξ
1356 2460 1561 2527 ἥμισυ,
1620 2461 1929 2514 δυσάλωτον

347 2541 561 2610 ταύτην
610 2544 862 2601 πάντοθεν
905 2547 1313 2601 κατεσκεύασε.
1372 2552 1755 2622 Περιτειχίσας
1816 2552 1927 2623 γὰρ

336 2633 519 2703 αὐτὴν
552 2638 695 2703 τρισὶ
748 2638 952 2707 τείχεσι
992 2641 1086 2692 καὶ
1131 2640 1406 2711 φάραγξιν
1454 2645 1853 2715 ἀπερῤογυίαις
1880 2647 1923 2677 ⁹⁷

332 2728 685 2797 κατάρρυτον
758 2728 950 2783 ὕδασιν
1004 2731 1133 2801 ὃλην
1170 2734 1454 2802 εποίησεν,
1508 2733 1650 2789 ὥστε
1711 2740 1774 2790 ὲκ
1825 2738 1926 2805 τῆς

330 2817 642 2887 ἀπορροίας
706 2820 834 2883 τοὺς
906 2822 1119 2890 κήπους
1186 2824 1369 2876 αὐτῶν
1449 2826 1922 2895 καταρδεύεσθαι·

333 2908 541 2971 (ἔκειτο
580 2910 693 2978 γὰρ
740 2912 773 2979 ἡ
828 2911 987 2975 πόλις
1045 2913 1137 2965 ἐπὶ
1196 2913 1474 2984 μετεώρου
1535 2918 1628 2969 καὶ
1675 2916 1925 2987 τραχέως

330 3000 524 3065 τόπου,
551 3004 610 3054 ὲν
638 2996 683 3069 ᾧ
714 3002 932 3072 ὑπῆρχε
969 3005 1120 3073 πηγή
1166 3021 1251 3066 τις
1298 3005 1641 3075 πολύῤῥυτος
1683 3006 1928 3070 ἀεννάως

332 3092 691 3162 ἑπιρρἐυσα.
727 3093 908 3147 Πολλὰ
960 3095 1019 3148 δὲ
1072 3097 1165 3148 καὶ
1214 3096 1351 3149 ἄλλα
1404 3096 1574 3150 ὕδατα
1628 3097 1824 3169 ἔϐρυον
1866 3100 1926 3152 ἐν

332 3184 473 3254 αύτῇ
503 3185 715 3253 πότιμα
742 3184 886 3255 [καὶ]
931 3184 1298 3255 ἀδιάλειπτα).
1331 3186 1444 3257 (2'0)
1488 3188 1548 3239 Ὀ
1584 3186 1640 3240 δέ
1684 3205 1749 3257 γε
1786 3188 1925 3256 λαμ-

332 3273 473 3341 πρὸς
499 3276 593 3326 καὶ
626 3277 980 3344 περιώνυμος
1024 3276 1150 3339 ναὸς
1204 3278 1436 3341 ἐκεῖνος,
1470 3276 1802 3345 ἀξιάγαστος
1851 3277 1926 3331 ὢν

334 3365 554 3434 άληθῶς
604 3368 699 3419 καὶ
739 3367 1025 3437 περίδοξος
1073 3368 1217 3422 πάνυ
1283 3368 1378 3421 καὶ
1428 3371 1527 3438 τῆς
1581 3369 1926 3439 Σολομῶντος

335 3458 531 3525 σοφίας
567 3458 825 3526 ἐνάρετος
863 3458 1064 3528 κήρυξ,
1106 3460 1310 3527 μᾶλλον
1365 3460 1422 3512 δὲ
1470 3459 1565 3512 τοῦ
1627 3477 1927 3531 προστεταο

334 3548 494 3617 κότος
530 3548 919 3619 γενεσιουργοῦ
969 3551 1186 3605 πάντων
1230 3550 1366 3603 Θεοῦ
1424 3550 1519 3605 καὶ
1553 3554 1926 3623 συνεργήσαν-

332 3656 451 3702 τος.
496 3640 575 3692 Οὐ
630 3641 740 3708 γὰρ
787 3634 981 3706 γέγονε
1048 3640 1289 3704 τοιοῦτος
1335 3642 1461 3705 ναὸς
1510 3643 1604 3694 ἐπὶ
1648 3643 1749 3711 τῆς
1800 3644 1922 3712 γῆς,

333 3728 573 3781 ὃθενκαὶ
618 3729 863 3782 Ἰουδαῖοι
904 3731 996 3782 ἐπὶ
1039 3733 1105 3800 τῇ
1166 3729 1550 3801 μεγαλουργίᾳ
1597 3731 1789 3783 τούτου
1832 3732 1927 3783 καὶ

332 3819 633 3888 πολυολϐία
682 3822 1071 3891 σεμνυνόμενοι
1120 3821 1352 3889 ελεγον·
1412 3841 1429 3873 ι
1489 3822 1635 3883 Ναδς
1696 3822 1923 3889 Κυρίου,

331 3911 462 3972 ναὸς
493 3912 725 3982 Κυρίου,
774 3913 902 3975 ναὸς
935 3913 1165 3982 Κυρίου.
1209 3933 1225 3966 ι
1258 3916 1366 3966 Καὶ
1393 3914 1502 3984 γὰρ
1535 3916 1562 3966 6
1588 3912 1926 3983 διαταξάμε-

332 4020 426 4063 νος
452 4005 743 4057 ἐκέλευσεν
774 4005 937 4057 αὑτὸν
984 4006 1124 4074 μετὰ
1166 4005 1483 4075 φιλοτιμίας
1515 4006 1769 4074 γενέσθαι
1797 4004 1929 4058 πολι

334 4096 456 4162 λῆς,
500 4096 690 4166 ἐπειδὴ
721 4098 967 4149 κάκεῖνοι
998 4101 1112 4160 τοῖς
1142 4101 1479 4169 σωματικοῖς
1509 4099 1709 4167 μᾶλλον
1745 4097 1926 4165 ἐφείλ-

333 4203 497 4239 κοντο
554 4189 650 4241 καὶ
715 4188 1000 4255 ὲιρέποντο.
1052 4190 1161 4242 Καὶ
1216 4191 1316 4242 οὐκ
1370 4192 1427 4241 ἐν
1484 4188 1692 4252 τούτοις
1760 4188 1923 4257 μόνον

337 4280 539 4348 σεμνὸς
578 4275 668 4349 ἦν,
704 4280 841 4333 ἀλλὰ
876 4283 971 4332 καὶ
1011 4283 1066 4333 ὲν
1105 4282 1181 4350 τῷ
1228 4276 1371 4333 εἶναι
1404 4281 1497 4333 καὶ
1546 4282 1710 4351 μόνον
1754 4286 1812 4334 ἐν
1842 4281 1929 4351 τῷ

334 4371 566 4439 κὸτμῳ.
600 4372 649 4422 οἱ
696 4371 806 4441 γὰρ
859 4370 1146 4441 (551»)ἁπὸ
1195 4373 1303 4424 τῶν
1360 4374 1615 4443 περάτων
1665 4373 1766 4441 τῆς
1814 4372 1917 4441 γῆς

2037 2003 2315 2071 cinxitque
2381 2002 2509 2054 illud
2589 2000 2846 2055 Salomon
2906 2017 3065 2057 muro
3136 2003 3367 2070 lapideo.
3415 2001 3615 2059 Urbem

2037 2091 2329 2143 maximam
2359 2101 2414 2143 et
2482 2091 2907 2159 pulcherrimam
2967 2094 3274 2148 construxit
3346 2094 3619 2165 lapidibus

2033 2182 2194 2243 albis,
2230 2192 2506 2249 totamque
2546 2184 2761 2253 planam
2804 2183 3007 2239 eﬂ‘ecit.
3075 2184 3438 2240 Perimetrum
3490 2187 3619 2242 fecit

2032 2288 2062 2327 ε
2114 2288 2271 2325 muro
2317 2275 2382 2326 ad
2425 2290 2667 2339 tnnrum,
2725 2276 3074 2346 spatiumque
3107 2286 3225 2332 erat
3257 2278 3617 2348 quadraginta

2033 2364 2442 2427 stadiorum,et
2488 2382 2553 2420 ex
2613 2367 2761 2420 omni
2819 2378 2970 2436 parte
3018 2367 3253 2424 diﬂicilis
3301 2381 3613 2441 expugnatu

2031 2457 2257 2510 omnino
2302 2468 2421 2510 erat
2483 2458 2695 2512 civitas.
2737 2456 2963 2527 Triplici
3004 2459 3148 2514 enim
3187 2476 3345 2516 muro
3382 2462 3619 2516 circum-

2030 2546 2201 2599 cinxit
2240 2562 2382 2609 eam,
2435 2546 2829 2617 profundisque
2866 2548 3040 2605 foveis
3079 2551 3353 2606 excavatis
3374 2552 3614 2622 perviam

2030 2638 2184 2705 aquis
2210 2646 2377 2690 totam
2428 2638 2679 2700 reddidit,
2752 2641 2823 2693 ita
2894 2649 3033 2694 utet
3107 2640 3213 2709 ipsi
3262 2641 3405 2695 horti
3456 2642 3617 2709 aquis

2030 2725 2326 2783 ﬂuentibus
2398 2728 2780 2799 irrigarentur.
2854 2729 3085 2785 Sedebat
3120 2732 3316 2787 civitas
3368 2731 3424 2786 in
3496 2731 3617 2786 loco

2029 2818 2248 2872 excelso
2290 2820 2550 2889 adituque
2580 2820 2805 2883 diﬂicili,
2838 2822 2890 2874 in
2916 2836 3026 2890 quo
3045 2822 3302 2877 eratfons
3329 2822 3615 2878 abundans

2030 2921 2245 2975 semper
2277 2905 2475 2966 ﬂuens.
2508 2908 2661 2963 Multi
2694 2910 2783 2963 alii
2822 2909 2999 2966 fontes
3053 2926 3287 2980 quorum
3336 2928 3491 2981 aquae
3515 2927 3614 2981 po-

2031 2997 2222 3052 tahiles
2253 3007 2307 3052 et
2357 2999 2729 3056 indeﬂcientes
2789 3012 2967 3067 erant,
3023 3004 3075 3057 in
3124 3003 3256 3058 urbe
3308 3005 3612 3059 scatebant.

2029 3087 2311 3158 Templum
2360 3104 2488 3144 vero
2524 3091 2623 3146 hoc
2666 3092 2871 3146 clarum
2907 3090 3307 3162 famosumque,
3366 3092 3617 3149 mirabile

2028 3190 2082 3234 et
2123 3196 2257 3236 sane
2322 3183 2583 3251 inclytum
2662 3184 2943 3255 sapientiae
3014 3182 3323 3240 Salomonis
3377 3186 3615 3241 eximius

2030 3284 2147 3329 erat
2176 3290 2374 3345 praeco,
2430 3278 2728 3345 praesertim
2772 3292 2900 3332 vero
2958 3279 3237 3346 sapientiae
3292 3278 3469 3343 illius,
3519 3279 3614 3347 qui

2032 3371 2178 3439 prior
2218 3371 2347 3425 illud
2400 3372 2769 3437 ordinaverat,
2804 3372 3188 3428 universorum
3222 3373 3433 3427 scilicet
3452 3371 3617 3427 Crea-

2032 3462 2164 3514 toris
2194 3463 2285 3531 qui
2321 3461 2658 3517 aediﬁcantes
2710 3464 3016 3532 adjuverat.
3093 3461 3211 3517 Non
3258 3464 3403 3517 enim
3432 3462 3615 3518 simile

2032 3548 2134 3604 fuit
2176 3551 2436 3619 templum
2474 3567 2637 3621 super
2693 3561 2919 3618 terram,
2989 3554 3132 3606 unde
3178 3550 3352 3607 Judaei
3405 3551 3469 3605 de
3499 3554 3637 3622 ejus.

2032 3641 2433 3709 magniﬁcentia
2490 3653 2543 3696 et
2604 3643 2889 3712 majestate
2959 3643 3257 3713 gloriantes
3315 3643 3615 3699 dicebant:

2037 3730 2367 3801 «Templum
2441 3733 2679 3799 Domini,
2737 3735 2999 3803 templum
3042 3733 3281 3797 Domini,
3356 3735 3615 3806 templum

2031 3820 2279 3877 Domini!
2324 3842 2342 3874 ι
2388 3821 2638 3878 .Insserat
2700 3822 2965 3878 Dominus
3023 3823 3284 3891 templum
3335 3824 3438 3878 hoc
3501 3825 3616 3879 ﬁeri

2030 3933 2151 3971 cum
2196 3916 2624 3984 magnificentia,
2653 3916 2783 3985 quia
2846 3913 3018 3969 Judaei
3074 3916 3195 3985 plus
3243 3930 3400 3984 aequo
3457 3918 3619 3972 rebus

2030 4006 2429 4075 tetnporalibus
2460 4006 2834 4059 adhaerebant.
2871 4004 2991 4058 Non
3032 4014 3211 4057 autem
3241 4004 3294 4056 in
3339 4003 3440 4056 ista
3501 4002 3617 4057 sola

2030 4095 2431 4168 magnificentia
2489 4096 2590 4150 sita
2616 4106 2735 4150 erat
2757 4096 2878 4166 ejus
2926 4095 3119 4165 gloria,
3173 4094 3263 4148 sed
3323 4094 3448 4147 inde
3486 4108 3616 4163 pro-

2043 4192 2292 4244 veniehat
2337 4189 2481 4259 quod
2521 4189 2700 4243 solum
2759 4195 2904 4244 esset
2967 4190 3019 4242 in
3059 4188 3263 4241 mundo
3316 4186 3616 4250 universo;

2027 4285 2092 4337 ad
2126 4282 2255 4337 illud
2296 4282 2441 4335 enim
2495 4280 2782 4335 veniebant
2830 4280 2999 4334 Judaei
3035 4296 3066 4333 a
3108 4279 3309 4333 finibus
3348 4286 3536 4342 terra,
3562 4286 3617 4331 et

2028 4374 2324 4445 praesertim
2370 4374 2423 4426 in
2452 4373 2788 4441 temporibus
2837 4372 3191 4437 novissimis;
3228 4370 3371 4441 quod
3409 4370 3617 4424 indicat

337 4465 517 4514 ἐκεῖσε
569 4464 798 4531 ἢρχοντο
832 4465 926 4516 καὶ
976 4464 1211 4533 μάλιστα
1259 4464 1401 4533 μετᾶ
1442 4465 1570 4527 τοὺς
1618 4466 1918 4533 μετέπειτα

2029 4463 2207 4518 Lucas
2242 4464 2297 4517 in
2324 4463 2546 4517 Actibus
2599 4461 2969 4530 apostolorum
3017 4462 3205 4515 dicens
3238 4478 3250 4515 :
3282 4478 3299 4511 ι
3335 4458 3502 4512 Erant
3541 4458 3614 4512 ibi

335 4553 565 4623 χρόνους
591 4571 601 4581 ·
640 4557 730 4606 καὶ
760 4554 918 4608 τοῦτο
947 4555 1122 4625 δηλῶν
1155 4558 1183 4607 6
1225 4557 1437 4619 Λουκᾶς
1466 4559 1523 4608 ὲν
1557 4560 1675 4619 ταῖς
1704 4556 1917 4625 Πράξεο

2030 4556 2215 4610 Parthi
2252 4566 2305 4610 et
2351 4554 2487 4610 Medi
2544 4564 2599 4608 et
2650 4553 2919 4616 Elamitte,
2966 4563 3021 4608 et
3073 4554 3167 4622 qui
3206 4553 3454 4607 habitant
3502 4550 3616 4605 Me-

338 4664 426 4697 σιν
459 4647 645 4713 ἔλεγεν
678 4646 745 4700 ’⁸.
780 4665 798 4697 ι
838 4642 1020 4700 Ἦσαν
1056 4650 1173 4700 ἐκεῖ
1202 4646 1430 4717 Πάρθοι,
1475 4650 1568 4700 καὶ
1604 4650 1799 4719 Μῆδοι,
1826 4650 1921 4700 κα)⁸

2029 4648 2409 4716 sopotamiam,
2465 4642 2708 4698 Iudaeam
2771 4652 2824 4698 et
2895 4643 3318 4713 Cappadociam,
3378 4641 3611 4695 Pontum

349 4738 671 4803 ἐλαμῖται,
738 4737 834 4792 καὶ
889 4739 939 4791 οί
1007 4738 1389 4801 κατοικοῦντες
1459 4740 1918 4809 Μεσοποταμίαν,

347 4829 610 4883 Ἰουδαίαν
661 4848 719 4883 τε
785 4832 881 4884 καὶ
944 4832 1362 4894 Καππαδοκίαν,
1420 4832 1621 4885 Πόντον
1679 4832 1771 4886 καὶ
1823 4833 1921 4901 τὴν

349 4922 560 4986 Ἀσίαν,
588 4924 829 4993 Φρυγίαν
876 4940 934 4975 τε
986 4925 1080 4975 καὶ
1133 4922 1480 4992 Παμφυλίαν,
1509 4922 1781 4991 Αἴγυπτον
1822 4927 1917 4975 κοιλ⁷

333 5012 405 5065 τὰ
430 5014 573 5082 μέρη
606 5014 703 5082 τῆς
752 5014 961 5084 Λιϐύης
1006 5015 1103 5083 τῆς
1153 5015 1293 5067 κατὰ
1341 5015 1622 5085 Κυρήνην.
1659 5032 1676 5065 ι
1727 5014 1791 5067 Ol
1823 5012 1917 5065 οὖν

334 5102 614 5173 πανταχοῦ
641 5104 741 5173 τῆς
778 5106 1106 5174 οἰκουμένης
1155 5106 1273 5156 ἐκεῖ
1315 5107 1633 5173 συνήγοντο,
1669 5104 1764 5157 καὶ
1814 5119 1913 5155 πο-

333 5195 698 5266 λυθρύλλητον
744 5197 882 5263 ἄγαν
914 5197 1006 5247 καὶ
1031 5196 1316 5262 διαϐόητον
1363 5197 1631 5267 ἐτύγχανε
1661 5195 1756 5248 τοῦ
1784 5193 1913 5247 ναοῦ

332 5284 395 5336 τὸ
457 5285 649 5357 ὄνομα.
709 5287 831 5341 Κᾶν
895 5286 1168 5357 διαφόρως
1230 5287 1531 5357 κατελύθη,
1598 5286 1692 5341 καὶ
1748 5286 1915 5340 πάλιν

2022 4748 2076 4793 et
2123 4739 2331 4801 Asiam,
2389 4737 2677 4808 Phrygiam
2710 4745 2764 4791 et
2796 4735 3186 4807 Pamphyliam,
3238 4732 3532 4803 Egyptum
3557 4744 3611 4787 et

2022 4842 2202 4900 partes
2260 4831 2445 4901 Libyae
2506 4846 2627 4900 quae
2696 4838 2781 4885 est
2855 4829 3001 4883 circa
3047 4827 3338 4898 Cyrenem.
3393 4846 3411 4877 ι
3495 4823 3611 4879 Viri

2019 4923 2184 4993 igitur
2230 4939 2299 4977 ex
2348 4922 2495 4976 omni
2531 4931 2678 4976 terra
2732 4921 2837 4975 huc
2872 4918 3238 4981 conﬂuebant,
3294 4917 3436 4971 unde
3465 4917 3612 4971 celo--

2019 5016 2113 5069 bre
2158 5014 2387 5067 multum
2419 5023 2473 5067 et
2511 5011 2782 5067 famosum
2836 5010 3039 5065 factum
3096 5019 3179 5065 est
3238 5024 3435 5063 nomen
3474 5017 3613 5064 tem-

2017 5108 2111 5177 pli,
2159 5106 2259 5161 etsi
2296 5109 2637 5161 destructum
2704 5104 2870 5158 fuerit
2957 5102 3371 5167 rezedillcatum,
3434 5116 3609 5169 usque

2017 5199 2081 5252 ad
2114 5207 2414 5253 extremam
2492 5197 2610 5264 ejus
2678 5195 2921 5249 ruinam.
2979 5193 3174 5249 Omnia
3227 5209 3349 5264 qua:
3391 5193 3609 5262 collegit

2015 5287 2279 5358 sapientia
2331 5285 2638 5341 Salomonis
2674 5286 2790 5341 visa
2833 5292 2961 5342 sunt
3009 5299 3168 5341 sacro
3196 5283 3445 5341 Ezechiel
3484 5294 3608 5353 post

1570 5579 1766 5642 νει-ἰῶ
1800 5576 2107 5641 lectiones
2152 5582 2211 5639 et
2255 5582 2445 5639 notae.

396 5805 438 5837 ’⁸
463 5804 593 5874 δημ.
638 5799 767 5855 cod.
852 5793 1063 5849 “'Ced.
1098 5793 1410 5860 l6!,iS-20.
1491 5797 1533 5829 "
1564 5794 1907 5866 ἀπερογγύες

2029 5794 2063 5847 Ι.
2145 5795 2188 5827 ’⁸
2221 5793 2338 5848 Act.
2371 5806 2427 5855 tt,
2462 5789 2613 5857 9,10.
