4096 6426
487 411 590 472 24⁸1

1735 408 2058 472 GEORGII
2100 409 2555 472 ΗΑΞΙΑΗΤΟῌ

3645 409 3749 472 2ίὸ

487 521 825 578 eversionem
879 520 1113 576 civitatis
1180 531 1233 574 ct
1265 520 1453 590 templi
1509 527 1563 574 et
1617 527 1740 589 post
1789 519 2071 576 abductio—

2173 520 2497 592 ᾠκοδομήθη
2527 520 2690 589 μέχρι
2720 519 2819 588 τῆς
2842 517 3080 588 ἐσχάτης
3119 520 3285 574 αὐτοῦ
3313 523 3747 590 καταπτώσεως.

491 631 612 671 nem
672 613 853 684 populi
913 613 1110 682 captivi
1165 615 1216 666 in
1263 611 1614 684 Babylonem.

2177 611 2287 666 Kal
2322 610 2508 673 ἁπλῶς
2556 610 2719 680 ὃσαή
2754 609 3100 677 Σολομῶντος
3149 613 3518 667 κατεσκεύασε
3564 617 3749 684 σοφία,

489 705 567 774 τῷ
599 703 872 772 θεσπεσίῳ
917 703 1175 773 Ἰεζεκιὴλ
1205 698 1383 758 ὦπται
1437 702 1622 772 σαφῶς
1658 703 1797 773 μετὰ
1867 703 1964 773 τὴν
2031 702 2418 772 καταστροφὴν
2473 705 2573 772 τῆς
2606 701 2814 763 πόλεως
2853 701 2946 754 καὶ
2987 702 3079 754 τοῦ
3112 703 3262 764 ναοῦ,
3323 705 3424 772 τὴν
3451 707 3529 768 είς
3577 706 3753 759 Βαϐυ-

488 797 631 850 λῶνα
660 797 752 850 τοῦ
782 797 914 850 λαοῦ
947 798 1344 868 αἰχμαλωσίαν.

563 886 715 943 Fecit
756 889 860 943 sibi
895 889 1150 943 Salomon
1200 890 1458 944 thronum
1499 904 1719 958 quoque
1760 890 2065 943 eburneum

490 998 557 1038 ex
590 981 802 1050 magnis
849 981 1260 1050 elephantorum
1303 981 1578 1036 dentibus.
1611 981 1713 1036 Sex
1743 991 1903 1036 erant
1936 997 2063 1050 gra-

2237 889 2349 959 (21)
2395 890 2439 922 ⁸⁸
2484 888 2543 942 '0
2584 890 2763 941 τοίνυν
2813 887 3068 958 Σολομὼν
3115 891 3352 958 ποιήσας
3399 892 3754 961 ἐλεφάντινον

2167 983 2358 1054 θρόνον
2385 983 2448 1036 ὲκ
2480 982 2736 1052 μεγάλων
2765 981 3018 1043 ὀδόντων,
3052 982 3251 1051 ἔχοντα
3285 984 3560 1053 σταθμοὺς
3580 987 3636 1050 ς’
3657 989 3754 1040 καὶ

489 1073 615 1131 dus.
647 1079 700 1125 et
727 1087 756 1124 a
795 1081 944 1140 tergo
975 1080 1131 1123 erant
1177 1070 1350 1139 capita
1373 1071 1535 1124 boum
1585 1069 1711 1124 hinc
1753 1080 1806 1123 et
1853 1069 1978 1124 inde
2013 1078 2068 1124 et

2172 1074 2446 1144 προτομὰς
2467 1072 2682 1143 μόσχων
2699 1075 2762 1125 ὲκ
2779 1072 2887 1126 τῶν
2905 1072 3070 1143 139
3094 1072 3271 1127 όπίσω
3288 1074 3456 1127 αὐτοῦ
3475 1075 3628 1130 ἐνθεν
3656 1081 3755 1131 καὶ

485 1163 596 1217 duo
634 1163 816 1216 leones
843 1161 1058 1216 stabant
1093 1163 1250 1230 juxta
1281 1163 1594 1226 bracltiola;
1635 1163 1728 1215 alii
1775 1161 2067 1216 duodecim

2172 1166 2318 1220 ἐνθεν
2345 1166 2437 1219 καὶ
2467 1165 2688 1227 λέοντας
2717 1165 2781 1234 ιβ’
2807 1164 2957 1234 παρὰ
2980 1165 3080 1226 τὰς
3105 1167 3295 1236 χεῖρας
3315 1167 3638 1236 ἑστηκότας.
3659 1171 3754 1222 καὶ

487 1253 674 1309 leones
701 1255 919 1308 stabant
961 1269 1124 1323 super
1161 1270 1252 1308 sex
1290 1254 1492 1323 gradus
1524 1269 1588 1308 ex
1638 1264 1868 1322 utraque
1895 1263 2066 1323 parte.

489 1339 645 1404 Quod
679 1341 874 1396 solium
928 1341 1142 1396 vestivit
1187 1358 1249 1395 ex
1295 1342 1442 1394 omni
1507 1350 1660 1411 parte
1704 1357 1840 1396 auro
1893 1342 2062 1410 puris-

489 1431 653 1496 simo,
687 1447 787 1487 nec
815 1433 1010 1487 solium
1037 1432 1136 1486 fuit
1160 1434 1264 1486 tale
1295 1432 1348 1486 in
1379 1433 1651 1488 universis
1682 1433 1864 1503 regiis,
1905 1448 2066 1500 super

489 1524 634 1591 quod
670 1522 866 1577 sedens
891 1525 1119 1578 vestitus
1148 1531 1295 1575 veste
1331 1522 1612 1589 splendida
1639 1531 1693 1576 et
1718 1522 1955 1592 pretiosa
1983 1523 2066 1575 vir

490 1615 580 1668 ille
623 1615 892 1668 mirabilis
936 1627 990 1667 et
1038 1613 1480 1682 sa'pietttissimus
1533 1612 1770 1683 Spiritus
1809 1614 1898 1666 Dei
1923 1615 2066 1667 dona

489 1707 738 1759 cane-bit.
785 1706 910 1760 inde
956 1706 1090 1759 dicit
1127 1706 1389 1759 Dominus
1437 1721 1449 1755 :
1503 1723 1520 1754 ι
1565 1705 1670 1758 Nec
1707 1703 1964 1758 Salomon
2011 1705 2063 1758 in

2169 1256 2362 1319 ἄλλους
2391 1256 2456 1326 ιβ’
2486 1257 2706 1319 λέοντας
2729 1255 2974 1317 ἑστῶτας
3013 1255 3106 1307 ἐπὶ
3136 1254 3244 1307 τῶν
3276 1256 3382 1322 ἔξω
3414 1257 3754 1328 ἀναϐαθμῶν

2175 1346 2538 1418 (ἑκατέρωθεν
2567 1346 3009 1417 περιεχρύσωσεν
3044 1347 3242 1409 αὐτοὺς
3282 1349 3490 1419 χρυσίῳ
3516 1350 3751 1418 δοκίμῳ,

2173 1439 2312 1506 ὅπερ
2353 1455 2370 1488 t
2413 1438 2473 1488 ού
2515 1437 2738 1504 γέγονεν
2785 1434 2929 1487 οὕτω
2980 1438 3126 1506 πάσῃ
3159 1434 3405 1508 βασιλεία
3452 1457 3470 1489 ι
3505 1438 3751 1498 πώποτε.

2175 1529 2262 1598 ἐφ’
2291 1523 2725 1597 ᾦκαθεζόμενος
2785 1528 2923 1597 μετὰ
2974 1528 3231 1596 λαμπρᾶς
3285 1531 3378 1582 καὶ
3427 1530 3758 1594 πολυτελοῦς

2173 1620 2400 1690 ἐσθῆτος
2436 1619 2793 1688 ὁθαυμάσιος
2848 1620 2943 1672 καὶ
2999 1621 3274 1688 πάνσοφος
3331 1620 3470 1691 ἀνὴρ
3522 1623 3755 1685 ἐκεῖνος,

2173 1710 2271 1772 τὰς
2310 1709 2402 1762 τοῦ
2432 1708 2576 1761 θείου
2617 1707 2931 1780 [Ινεύματος
2977 1709 3211 1778 χάριτας
3243 1709 3620 1780 διηγόρευσεν.
3660 1713 3756 1765 Διό

487 1798 636 1851 omni
664 1797 835 1866 gloria
875 1814 972 1852 sua
1002 1807 1293 1866 coopertus
1323 1807 1405 1852 est
1427 1799 1569 1851 sicut
1596 1813 1764 1850 unum
1799 1813 1860 1850 ex
1887 1797 2060 1859 istis,»

2174 1818 2338 1872 φησιν
2363 1803 2392 1853 ό
2434 1801 2636 1872 Κύριος
2667 1803 2680 1832 ¹
2706 1818 2719 1830 ·
2756 1819 2772 1849 ι
2806 1801 2944 1853 Οὐδὲ
2972 1799 3228 1870 Σολομὼν
3254 1803 3310 1854 ὲν
3347 1803 3496 1874 πάσῃ
3527 1806 3591 1871 τῇ
3623 1803 3750 1874 δόξῃ

490 1887 742 1944 indicans
787 1904 910 1942 eum
945 1890 1099 1958 quasi
1157 1889 1452 1942 maximum
1489 1900 1542 1942 et
1571 1889 1940 1943 clarissimum
1979 1904 2065 1943 re-

490 1993 611 2046 gem
645 1980 698 2032 in
729 1981 934 2033 divitiis
960 1991 1011 2033 et
1033 1979 1226 2050 gloria.
1260 1998 1276 2028 ι
1302 1977 1565 2033 Praeterea
1590 1978 1950 2049 l‘ecitclypeos
1969 1979 2067 2031 du-

489 2069 643 2124 ctiles
657 2086 850 2125 aureos
865 2071 1226 2138 octingentos,
1245 2073 1457 2126 lanceas
1475 2072 1918 2140 quadringentas,
1936 2070 2072 2122 alia-

489 2176 594 2228 que
633 2175 784 2215 arma
817 2177 984 2216 aurea
1029 2163 1219 2215 tnulta.
1255 2161 1315 2215 Et
1353 2163 1538 2216 omnia
1569 2175 1697 2216 vasa
1723 2163 1920 2216 domus
1950 2162 2070 2231 ejus

489 2261 544 2306 et
579 2251 788 2320 piscina
816 2262 1058 2306 erantex
1085 2267 1256 2318 auro;
1302 2267 1409 2306 non
1438 2263 1558 2307 erat
1596 2263 1920 2322 argentum,
1972 2268 2071 2307 nec

487 2340 722 2410 alicujus
761 2342 916 2411 pretii
952 2343 1246 2411 putabatur
1271 2344 1324 2395 in
1349 2343 1544 2398 diebus
1575 2342 1907 2404 Salomonis,
1940 2344 2070 2411 quia

489 2432 687 2486 classis
745 2434 888 2502 regis
934 2434 1047 2487 ibat
1075 2435 1128 2487 in
1158 2432 1387 2488 Tltarsis
1416 2436 1582 2488 semel
1611 2451 1704 2503 per
1734 2445 1844 2489 tres
1871 2449 2069 2498 annos,

489 2525 742 2579 deferens
796 2525 920 2579 inde
959 2542 1154 2578 aurum
1204 2537 1256 2580 et
1303 2535 1586 2592 argentum
1631 2536 1686 2580 et
1725 2527 1917 2579 dentes
1959 2527 2072 2579 ele-

491 2614 823 2678 pbantorum
835 2622 884 2668 et
908 2615 1120 2668 simias.
1141 2615 1396 2684 Fecitque
1411 2616 1669 2669 Salomon
1690 2624 1744 2668 ut
1763 2625 1908 2668 tanta
1929 2626 2072 2669 esset

493 2703 826 2758 abundantia
851 2709 1066 2775 argenti
1081 2707 1132 2759 in
1151 2705 1451 2761 Jerusalem
1471 2719 1672 2776 quanta
1691 2716 1741 2760 et
1760 2706 1998 2773 lapidum
2018 2717 2072 2758 et

495 2799 793 2853 cedrorum
823 2801 1043 2869 collegit
1068 2801 1473 2855 multitudinem
1497 2803 1654 2870 quasi
1677 2817 2020 2872 sycomoros.
2046 2820 2064 2851 ι

494 2890 722 2958 (Codrus
758 2891 874 2947 illas
907 2893 1362 2962 imputrcseibiles
1393 2910 1514 2948 esse
1541 2895 1671 2947 dicit
1693 2893 2070 2948 'l‘lteoiloretus

491 2991 550 3037 et
591 2985 736 3037 sicut
783 2999 1072 3054 cypri-sses
1122 2995 1174 3039 et
1225 2988 1430 3040 abietes
1477 2987 1695 3040 dillieile
1761 2986 2065 3054 cerrumpi,

491 3081 546 3126 et
565 3074 793 3128 omnino
819 3075 970 3130 albas
1003 3093 1146 3142 esse,
1183 3093 1279 3132 nec
1311 3077 1512 3132 nostris
1548 3077 1805 3144 simili-5.)

495 3165 720 3235 κίδρους
773 3167 988 3230 ὲκείνας
1065 3168 1347 3237 ἀσήπτους
1403 3167 1505 3239 ἔφη
1561 3168 1906 3239 Θεοδώρητος
1969 3164 2131 3230 εἶναι,

2171 1891 2338 1946 αὑτοῦ
2392 1892 2748 1962 περιεσαλετο
2789 1893 2862 1953 ὼς
2916 1891 2974 1943 ἓν
3023 1892 3250 1956 τούτων,
3315 1913 3332 1944 i
3391 1894 3755 1962 ὑπεμφαίνων

2170 1981 2244 2044 ὡς
2304 1983 2607 2052 ὑπέρτερος
2670 1977 2738 2051 ἦν
2795 1983 2888 2033 καὶ
2959 1983 3426 2052 περιφανέστερος
3485 1983 3758 2053 βασιλέων

2173 2075 2394 2128 πάντων
2439 2074 2496 2126 ἐν
2542 2091 2599 2126 τε
2643 2073 2857 2142 πλούτῳ
2902 2079 2994 2126 καὶ
3039 2073 3207 2143 δόξῃ).
3245 2073 3358 2142 (22)
3389 2078 3409 2105 ’
3449 2092 3465 2124 ι
3515 2077 3622 2128 Kal
3655 2077 3756 2129 σὺν

2171 2166 2382 2230 τούτοις
2423 2167 2649 2235 εποίησε
2695 2166 2920 2236 θυρεοὺς
2959 2166 3195 2236 χρυσοῦς
3242 2169 3464 2230 ὲλατοῦς
3490 2167 3549 2220 ω’
3579 2169 3754 2238 μεγά-

2171 2253 2294 2317 λους
2320 2254 2360 2315 ³,
2404 2253 2500 2306 καὶ
2543 2253 2744 2322 δόρατα
2772 2261 2838 2316 τ’,
2873 2255 2968 2306 καὶ
3005 2255 3168 2324 ἔτερα
3215 2255 3354 2308 ὅπλα
3390 2259 3568 2325 χρυσᾶ
3603 2257 3756 2310 πλεῖ-

2176 2361 2298 2400 στα.
2334 2345 2442 2398 Kal
2504 2346 2690 2415 μέντοι
2754 2349 2849 2397 καὶ
2892 2345 2961 2398 τὰ
2992 2347 3164 2418 σκεύη
3216 2348 3310 2401 τοῦ
3371 2348 3522 2402 οἰκον
3583 2348 3754 2403 αὐτοῦ

2173 2439 2266 2488 καὶ
2288 2437 2337 2488 el
2371 2436 2634 2505 λουτῆρες
2659 2438 2839 2506 χρυσᾶ
2867 2438 3045 2491 πάντα
3079 2438 3349 2508 ὑπῆρχον.
3395 2439 3505 2492 Kal
3544 2442 3642 2493 οὐκ
3685 2435 3756 2510 ἦν

2160 2526 2436 2598 ’ἀργύριον
2469 2525 2824 2595 λογιζόμενον
2865 2529 2924 2579 ὲν
2965 2530 3084 2591 ταῖς
3131 2529 3368 2600 ἡμέραις
3395 2530 3563 2583 αὑτοῦ
3595 2531 3637 2596 ⁸,
3669 2532 3750 2583 ὅτι

2173 2619 2305 2682 ναῦς
2334 2619 2500 2672 αὐτοῦ
2547 2619 2845 2689 ἐπορεύετο
2889 2623 2969 2683 είς
3019 2622 3227 2692 Θαρσὶς
3268 2623 3362 2674 καὶ
3401 2623 3490 2676 διὰ
3547 2624 3751 2692 χρόνων

2173 2709 2221 2777 γ’
2252 2711 2451 2781 ήρχετο
2474 2711 2717 2780 φέρουσα
2744 2712 2967 2782 χρυσίον
3003 2713 3162 2774 πολὺ,
3200 2715 3296 2767 καὶ
3336 2713 3625 2782 ἀργύριον,
3657 2714 3751 2766 καὶ

2172 2799 2355 2862 λίθους
2414 2803 2772 2870 τορνευτοῦς,
2825 2802 2918 2854 καὶ
2975 2802 3196 2864 ὀδόντας
3259 2802 3605 2871 ἐλεφάντων,
3657 2807 3752 2855 καὶ

2180 2889 2466 2956 πιθήκους.
2507 2911 2524 2942 ι
2580 2893 2690 2944 Kal
2740 2890 2908 2944 ῑδωκε
2967 2891 3220 2960 Σολομὼν
3253 2893 3274 2922 ⁸
3309 2891 3370 2944 τὸ
3402 2893 3625 2962 χρυσίον
3661 2893 3754 2945 καὶ

2172 2981 2235 3036 τὸ
2279 2981 2541 3052 ἀργύριον
2598 2984 2655 3034 ὲν
2709 2983 3068 3053 Ἰερουσαλὴμ
3133 2982 3208 3047 ὡς
3270 2981 3440 3044 λίθον,
3500 2985 3595 3036 καὶ
3654 2983 3754 3047 τὰς

2173 3075 2396 3144 κέδρους
2423 3074 2497 3137 ὡς
2531 3076 2862 3144 συκαμίνους
2889 3077 2968 3137 είς
3013 3074 3244 3143 πλῆθος.
3291 3093 3308 3126 i
3340 3074 3475 3142 (Τὰς
3514 3075 3622 3144 γάρ
3670 3091 3756 3125 τοι

2173 3165 2427 3236 καθάπερ
2485 3165 2550 3235 δὴ
2611 3167 2705 3220 καὶ
2761 3166 2858 3228 τὰς
2905 3166 3288 3236 κυπαρίσσους
3340 3166 3438 3228 τὰς
3483 3167 3503 3196 ⁸
3546 3163 3756 3228 πεύκας

490 3258 890 3327 δυσφοᾶρτους,
937 3261 1032 3314 καὶ
1074 3263 1430 3325 λευκοτάτας,
1471 3262 1566 3314 καὶ
1606 3265 1726 3324 ταῖς
1774 3261 1903 3329 παρ’
1938 3262 2070 3330 ἡμῖν
2109 3259 2372 3330 ἀνομοίας
2397 3259 2800 3330 ὑπαρχούσας.)

881 3372 1018 3426 XLI.
1061 3375 1134 3428 De
1166 3375 1293 3427 cibis
1327 3373 1656 3429 Salomonis.

574 3510 591 3540 ι
629 3489 754 3541 Erat
790 3499 966 3544 autem
1002 3492 1154 3544 cilius
1201 3491 1513 3546 Salomonis
1543 3506 1640 3561 per
1677 3491 1794 3544 dies
1828 3492 2074 3562 singulos

2379 3376 2513 3430 MA'.
2546 3375 2684 3443 Περὶ
2716 3375 2819 3430 τοῦ
2849 3377 3102 3444 ἀρίστου
3134 3374 3548 3443 Σολομῶντος.

2257 3509 2274 3540 ι
2313 3491 2331 3520 ⁷
2364 3489 2438 3543 Τὸ
2468 3488 2524 3542 δέ
2555 3505 2618 3556 γε
2659 3487 2879 3554 ἄριστον
2910 3487 3077 3542 αὑτοῦ
3101 3483 3169 3558 ἦν
3201 3487 3324 3540 καθ’
3348 3487 3560 3558 ἡμέραν
3601 3486 3753 3556 κόροι

499 3584 718 3652 triginta
743 3582 856 3636 cori
895 3582 1086 3636 situilze
1116 3591 1169 3635 et
1193 3583 1474 3652 sexaginta
1503 3583 1615 3636 cori
1650 3581 1857 3648 farinae;
1885 3586 2071 3639 decem

2181 3581 2514 3652 σεμιδάλεως
2539 3581 2603 3644 λ’,
2628 3583 2722 3634 καὶ
2749 3581 2901 3650 κόροι
2929 3580 3158 3649 ἀλεύρου
3195 3577 3666 3646 κεκοπανισμένου
3691 3578 3755 3641 ξ’,

501 3674 667 3726 boves
707 3672 935 3742 pingues
975 3681 1031 3726 et
1064 3673 1252 3740 viginti
1281 3687 1412 3727 oves
1451 3672 1737 3741 pascnales
1773 3683 1826 3726 et
1851 3685 2070 3727 centum

2179 3675 2274 3727 καὶ
2304 3675 2494 3743 μόσχοι
2519 3673 2768 3727 ἐκλεκτοὶ
2796 3671 2846 3736 ι’,
2874 3673 2967 3726 καὶ
2991 3672 3241 3743 πρόϐατα
3273 3671 3318 3741 ρ’
3359 3669 3515 3732 tm;
3541 3669 3756 3737 ἐλάφων

497 3765 716 3824 arietes.
769 3773 994 3834 excepta
1048 3767 1333 3822 venatione
1387 3782 1695 3832 cervorum,
1749 3781 2071 3836 caprearum

2179 3767 2274 3841 κα).
2311 3765 2607 3834 δορκάδων,
2648 3764 2879 3836 ὀρνίθων
2923 3763 3197 3816 ἐκλεκτῶν
3230 3761 3324 3815 καὶ
3365 3761 3628 3815 σιτευτῶν
3651 3760 3692 3812 ⁸.
3733 3779 3750 3811 ι

497 3867 658 3924 atque
695 3856 1015 3910 bubalorntn
1051 3868 1097 3910 el
1130 3858 1311 3911 avium
1347 3857 1596 3912 altilium.
1634 3877 1652 3910 ι
1689 3858 1866 3911 Corus
1891 3867 2071 3911 autem

2178 3856 2310 3924 (Kal
2333 3859 2360 3908 ὁ
2390 3857 2488 3924 μὲν
2511 3856 2671 3926 κόρος
2706 3857 2887 3908 ὲπὸτει
2923 3853 2946 3885 ⁸
2980 3855 3198 3925 μοδίους
3223 3853 3288 3918 λ’,
3321 3852 3458 3924 ὁμοῦ
3488 3855 3758 3921 γενόμενα

495 3949 749 4016 aequabat
799 3949 1018 4017 triginta
1065 3950 1311 4016 modios;
1371 3965 1567 4004 omnes
1626 3964 1757 4003 vero
1819 3950 1936 4004 cori
1993 3949 2071 4004 bis

2181 3948 2393 4016 μοδίους
2435 3947 2557 4018 ,ρψ’.
2593 3949 2655 4000 Oi
2703 3947 2759 4000 δὲ
2806 3947 3172 4018 χορηγοῦντες
3204 3946 3345 4000 αὐτὰ
3391 3945 3450 4012 ἐξ
3481 3944 3758 4014 Αἰγύπτου

498 4043 642 4095 mille
660 4042 1145 4113 septingentosque
1173 4044 1383 4098 modios
1405 4045 1716 4114 mquabant.
1739 4043 1843 4110 Qui
1866 4051 2071 4105 autem,

2180 4038 2300 4091 καθ’
2330 4038 2560 4091 ἕκαστον
2597 4037 2744 4112 μῆνα
2774 4037 3036 4108 ἄρχοντες
3071 4033 3210 4108 ἦσαν
3241 4036 3356 4108 ιβ’.)

495 4147 557 4185 ea
580 4133 762 4188 omnia
782 4151 845 4187 ex
884 4135 1112 4207 Aigypto
1163 4151 1490 4208 unoquoque
1521 4149 1708 4188 mense
1741 4134 2077 4189 develtebant

495 4226 787 4280 duodecim
817 4239 975 4280 erant
1004 4228 1195 4282 duces.

854 4317 1011 4371 XLII.
1048 4319 1121 4373 De
1153 4335 1309 4388 regno
1355 4319 1681 4374 Salomonis.

569 4409 642 4464 De
675 4408 843 4462 multa
895 4409 1122 4464 scientia
1151 4425 1216 4464 ac
1264 4410 1554 4479 sapientia,
1623 4424 1788 4477 quam
1818 4409 1970 4464 dedit
2025 4409 2072 4462 ei

496 4499 784 4564 Dominus,
834 4501 958 4553 audi
1005 4501 1198 4556 iterum
1243 4502 1373 4571 quid
1407 4502 1553 4556 dicat
1583 4500 1727 4556 Deus
1773 4501 1839 4556 ad
1885 4517 2010 4555 eum
2059 4520 2072 4556 :

504 4610 522 4639 ε
567 4592 708 4645 Ecce
745 4591 866 4645 dedi
905 4591 1000 4645 tibi
1032 4607 1128 4646 cor
1169 4594 1390 4661 sapiens
1423 4601 1476 4646 et
1506 4593 1818 4662 intelligens
1846 4592 2074 4654 inflan-

2514 4319 2646 4374 MB’.
2680 4319 2818 4387 Περὶ
2850 4317 2960 4386 τῆς
2988 4317 3316 4383 ,βασιλείας
3351 4317 3415 4368 ⁸⁸.

2252 4413 2410 4485 140
2446 4414 2484 4443 ¹¹
2517 4413 2650 4481 Περὶ
2671 4411 2728 4465 δὲ
2756 4410 2856 4480 τῆς
2883 4410 3089 4474 πολλῆς
3111 4410 3426 4479 φρονήσεως
3461 4404 3630 4461 αὑτοῦ
3662 4405 3758 4460 καὶ

2178 4503 2370 4572 σοφίας
2414 4496 2480 4574 ἧς
2515 4501 2677 4554 ἔλαϐε
2729 4501 2880 4570 παρὰ
2910 4499 3004 4552 τοῦ
3033 4499 3191 4563 Θεοῦ,
3225 4499 3461 4552 ἄκουσον
3509 4496 3674 4551 πάλιν
3708 4496 3760 4552 τί

2178 4608 2344 4661 φησιν
2371 4595 2400 4645 δ
2429 4591 2560 4654 Θεὸς
2606 4588 2742 4659 πρὸς
2764 4589 2926 4642 αὐτόν
2957 4605 2970 4619 ·
3010 4606 3028 4639 ι
3059 4587 3216 4652 Ἰδοὺ,
3255 4587 3465 4640 δέδωκά
3496 4603 3578 4640 σοι
3618 4602 3759 4655 καρο

501 4693 614 4737 tum
649 4692 709 4738 ut
740 4684 926 4738 nullus
955 4691 1082 4738 ante
1109 4692 1162 4738 te
1187 4684 1383 4738 similis
1408 4684 1486 4738 ttti
1524 4683 1710 4748 fuerit,
1737 4700 1838 4738 nec
1874 4694 1996 4753 post
2023 4694 2071 4740 te

2179 4686 2298 4739 δίαν
2321 4683 2582 4755 φρόνιμον
2609 4682 2704 4735 κα)⁸
2737 4683 2910 4751 σοφήν
2937 4699 2950 4712 ·
2984 4681 3060 4744 ὡς
3086 4682 3149 4732 σὺ
3177 4680 3238 4733 ού
3271 4680 3496 4746 γέγονεν
3517 4677 3759 4748 ἔμπροσ-

497 4777 716 4832 l’ttturus
747 4775 851 4841 sit;
905 4775 1000 4831 sed
1027 4785 1080 4830 et
1107 4775 1326 4830 divitias
1355 4785 1410 4830 et
1432 4775 1664 4845 gloriam
1693 4776 1787 4829 tibi
1823 4775 1986 4837 dabo,
2015 4783 2071 4831 ut

2183 4776 2274 4828 θεν
2303 4766 2491 4839 ⁸⁸,’κα“ι
2528 4775 2666 4844 μετὰ
2697 4774 2756 4826 σὲ
2781 4775 2881 4825 οὐκ
2911 4772 3277 4841 ἀναστήσεται
3310 4770 3494 4840 ὅμοιός
3525 4785 3640 4822 σοι·
3667 4769 3761 4822 καὶ

497 4883 660 4924 nemo
689 4867 855 4922 fuerit
885 4869 960 4922 tui
995 4867 1188 4923 similis
1226 4867 1280 4922 in
1323 4869 1544 4938 regibus
1593 4867 1806 4922 cunctis
1836 4867 1890 4920 in
1929 4875 2071 4920 retro

2182 4864 2434 4927 πλοῦτον,
2481 4864 2574 4916 καὶ
2611 4864 2871 4933 χρήματα
2916 4864 3010 4914 καὶ
3038 4860 3197 4924 δόξαν
3229 4857 3388 4912 δώσω
3437 4873 3555 4912 σοι·
3586 4857 3661 4920 ὡς
3697 4858 3761 4909 σὺ

497 4961 718 5016 diebus.
756 4979 773 5012 ι
811 4960 968 5028 Quod
1005 4960 1320 5031 significans
1365 4960 1443 5013 ait
1477 4958 1763 5028 Scriptura
1798 4976 1810 5011 :
1853 4976 1871 5008 ι
1921 4959 2071 5012 Dedit

2178 4960 2278 5012 οὐκ
2326 4957 2592 5028 ἐγεννήθη
2645 4956 2830 5026 ὅμοιός
2890 4971 2971 5008 σοι
3015 4955 3072 5007 ἐν
3128 4955 3238 5015 τοῖς
3291 4949 3625 5021 βασιλεῦσιν,
3669 4950 3763 5002 καὶ

497 5067 716 5122 quoque
747 5051 891 5107 Deus
929 5051 1252 5122 sapientiam
1303 5050 1581 5106 Salomoni
1630 5059 1687 5105 et
1732 5049 2071 5119 prudentiam

2183 5052 2320 5119 μετὰ
2352 5052 2412 5106 σὲ
2431 5050 2532 5106 οὐκ
2563 5049 2954 5119 ἀναστήσεται.
2995 5066 3013 5097 ι
3045 5046 3215 5099 Τοῦτο
3247 5044 3484 5115 δηλοῦσα
3510 5047 3542 5114 ἡ
3571 5043 3762 5114 Γραφὴ

502 5139 727 5195 multam
767 5145 934 5199 nimis
966 5155 1019 5199 et
1050 5145 1391 5200 latitudinem
1425 5145 1629 5205 cordis,
1664 5142 1819 5212 quasi
1851 5156 2071 5194 arenun

2180 5142 2643 5211 ἐπάγειλέγουσα·
2676 5141 2717 5172 ¹³
2743 5160 2760 5192 ι
2789 5139 2900 5195 Kal
2916 5139 3117 5192 ἔδωκεν
3141 5140 3167 5191 ὁ
3193 5137 3323 5201 Θεὸς
3349 5138 3427 5208 τῷ
3453 5136 3761 5206 Σολομῶντι
3806 5173 3816 5179 -

499 5248 619 5300 qua:
636 5240 718 5287 est
739 5233 791 5286 in
825 5233 1007 5290 littore
1036 5238 1224 5303 maris,
1255 5246 1308 5291 et
1323 5233 1943 5306 praecedebatsapientia
1977 5231 2071 5287 Sa-

2183 5232 2448 5302 φρόνησιν
2479 5233 2573 5286 καὶ
2606 5232 2798 5300 σοφίαν
2843 5229 3042 5304 πολλὴν
3089 5229 3318 5300 σφόδρα,
3363 5230 3456 5283 καὶ
3493 5229 3640 5298 χύμα
3671 5243 3761 5279 σο-

1691 5396 1893 5459 Varite
1922 5395 2225 5456 lectiones
2272 5399 2333 5455 et
2379 5403 2567 5456 nolle.

574 5550 618 5580 ”
664 5547 802 5617 Περὶ
832 5547 926 5599 τοῦ
959 5547 1149 5618 θρόνου
1175 5547 1541 5618 Σολομῶντος.
1564 5547 1698 5618 Crd.
1733 5543 2060 5618 “(LII-lli;

2172 5543 2382 5618 llcg._x,
2423 5541 2602 5618 l8_-‘20.
2663 5543 2699 5618 _‘
2731 5539 2920 5593 Matth.
2954 5538 3151 5618 vt,
3190 5537 3249 5618 h'
3279 5534 3295 5588 I
3323 5532 3466 5618 μσς.
3487 5547 3578 5618 ,ιλ
3605 5530 3762 5593 I6,I7

500 5634 540 5669 τ·
572 5600 858 5688 τριακόσια
895 5600 1518 5680 Οειίξίϐέίξὲο-ίϐὄβ..
1555 5600 1742 5683 ³Ήὲιζ.
1779 5600 2070 5688 κζειβεξί

2181 5600 2525 5688 “Eulogii.
2569 5611 2983 5688 e_gl_oss_ein:n_te._
3023 5600 3027 5601 ⁷
3059 5609 3160 5688 ⁸.ὁῇ
3188 5600 3449 5688 βασιλεὺς
3486 5600 3503 5655 I
3543 5603 3758 5688 Regi.

501 5671 620 5744 27.ι
673 5690 694 5720 ⁶
734 5688 1107 5758 κυπαρίσσους
1127 5671 1226 5749 sit;
1260 5691 1296 5740 I.
1330 5671 1457 5740 κνπ.
1488 5689 1584 5742 καὶ
1611 5671 1721 5749 τάξ
1746 5685 1877 5758 cod.
1946 5685 1961 5716 '
2007 5685 2022 5737 l
2054 5683 2070 5734 I

2173 5723 2198 5758 ,Α
2223 5671 2545 5758 '.i,_~2~2-25;
2579 5671 2712 5758 αέα,
2761 5679 2932 5758 1654,
2954 5681 3005 5732 8.
3087 5671 3350 5758 ’.δί’ὲκλ.
3383 5671 3759 5758 uigenti}?

509 5760 550 5788 "
580 5742 966 5826 Σολομῶντόςῗ
1027 5742 1154 5813 Ilaec
1209 5742 1425 5811 i-ubrica
1493 5767 1601 5812 tota
1660 5742 1712 5811 ni
1763 5755 1951 5811 codice
1995 5770 2066 5826 ev

2172 5753 2255 5826 Iit,
2294 5742 2492 5808 'I'orsan
2528 5742 2594 5826 ξπ.
2649 5745 3316 5826 τ-ἧς--σοερίας.“¹1ηί.ἶεά.
3379 5742 3538 5805 1⁸553
3578 5742 3758 5806 166,7.

512 5828 671 5890 165,4
707 5818 823 5881 8-5.
868 5818 1055 5896 ΙίΙιιΊζ.
1091 5844 1168 5892 III,
1221 5827 1406 5880 1213.
1490 5829 1532 5858 ¹²
1570 5827 1878 5897 ἔμπροσθεν
1914 5826 1948 5879 l.
1980 5824 2071 5894 ἕμτ

2172 5823 2291 5876 σθὲν
2322 5841 2411 5876 σου
2446 5822 2562 5878 cod.
2646 5823 2688 5854 ”
2727 5821 2739 5875 Ι
2768 5821 2896 5887 llcg.
2931 5837 3000 5884 tv,
3031 5818 3214 5882 29,30.
