4096 6424
352 426 470 488 25⁸)

1584 429 2049 493 CHRUNiL‘UN.
2086 459 2154 468 --
2197 436 2342 495 LIB.
2387 437 2471 495 ll.

3527 440 3641 502 2ζο

350 540 490 605 ςνὲις
524 535 658 588 ὡσεὶ
688 535 875 603 ἅμμος
916 537 950 604 ἡ
985 537 1136 607 παρὰ
1180 538 1281 607 τὴν
1313 537 1612 604 θάλασσαν,
1651 542 1745 593 καὶ
1781 543 1952 612 ἐπλη-

2066 546 2293 601 lomonis
2344 548 2668 617 sapientiam
2719 548 2963 602 omnium
3012 548 3325 601 mortalium
3389 556 3442 602 et
3476 548 3643 619 Δίς]-

351 629 538 697 θύνθη
572 626 718 698 (54⁸)
748 629 781 694 ή
808 628 1079 699 φρόνησις
1114 628 1279 682 αὐτοῦ
1310 630 1451 700 ὑπὲρ
1479 633 1658 685 πᾶσαν
1692 634 1953 704 φρόνησιν

352 725 589 776 πάντων
612 718 927 792 ἀνθρώπων
953 722 1050 775 καὶ
1077 724 1218 795 ὑπὲρ
1239 724 1447 787 πάντας
1470 727 1769 795 φρονίμους
1788 730 1955 795 Αίγύ-

352 831 531 866 mou.
570 831 588 861 ι
628 811 708 882 (2)
734 812 917 877 Δείξαι
944 812 1077 881 γοῦν
1103 813 1427 884 βουλόμενος
1451 815 1550 886 τὴν
1572 818 1764 884 σοφίαν
1788 818 1954 871 αὐτοῦ

355 907 597 967 εἰκότως
622 906 687 957 ὲκ
705 903 817 957 τῶν
852 906 1242 974 παραλλήλων,
1266 908 1361 959 καὶ
1391 907 1499 959 τῶν
1537 908 1702 960 πάλαι
1730 925 1956 979 γεγενη-

367 1001 547 1066 μένην
577 996 825 1065 άρίστων
856 994 1038 1063 σοφῶν
1063 996 1304 1066 ἐμνήσθη
1330 1013 1341 1025 ·
1364 998 1598 1059 καὶτοὺς
1627 998 1955 1067 Αίγυπτίους

366 1088 718 1159 προσέθηκεν
746 1088 822 1151 ὼς
856 1086 1149 1151 δοκοῦντας
1179 1089 1327 1158 παρὰ
1356 1090 1565 1153 πάντας
1605 1086 1744 1143 εἶναι
1778 1109 1955 1158 σοφω-

373 1184 566 1252 τέρους
606 1180 704 1234 καὶ
744 1181 1210 1249 φρονιμωτέρους.
1256 1183 1367 1234 Καὶ
1409 1183 1539 1253 γάρ,
1584 1184 1659 1239 ὡς
1696 1185 1957 1255 Ἕλληνες

381 1271 671 1341 ἱστοροῦσι,
704 1271 805 1325 καὶ
841 1271 1149 1340 Φερεκύδης
1180 1274 1206 1323 ὁ
1241 1272 1457 1341 Σύριος,
1507 1275 1600 1326 καὶ
1632 1273 1957 1345 Πυθαγόρας

373 1371 403 1419 ό
425 1366 651 1434 Σάμιος,
685 1367 781 1417 καὶ
817 1364 1189 1433 Ἀναξαγόρας
1212 1367 1239 1417 ό
1264 1364 1657 1434 Κλαζομένιος,
1691 1368 1782 1419 καὶ
1814 1366 1956 1419 Πλά-

369 1474 484 1508 των
521 1459 549 1509 ό
589 1456 876 1524 Ἀθηναῖος
916 1456 1054 1524 πρὸς
1093 1455 1313 1518 τούτους
1366 1456 1731 1527 ὲξεδήμησαν,
1778 1458 1957 1511 θεολο-

370 1549 500 1615 γίαν
561 1548 657 1601 καὶ
711 1548 1065 1615 φυσιολογίαν
1137 1548 1536 1618 ἀκριϐεστέραν
1612 1550 1956 1621 μαθήσεσθαι

366 1639 503 1706 παρ’
536 1636 718 1689 αὐτῶν
754 1636 1097 1700 ἐλπίσαντες.
1133 1638 1242 1691 Καὶ
1275 1638 1338 1707 δὴ
1368 1640 1461 1691 καὶ
1502 1641 1630 1709 περὶ
1662 1638 1756 1691 τοῦ
1793 1640 1957 1692 Motis-

367 1730 511 1787 σὲως
547 1727 762 1793 διεξιὼν
811 1731 837 1779 ὁ
870 1728 1011 1790 θεῖος
1042 1729 1194 1797 λόγος
1229 1728 1354 1799 ἔφη,
1388 1731 1470 1781 ὅτι
1494 1749 1509 1779 ι
1535 1730 1863 1800 Ἐπαιδεύθη
1899 1733 1955 1782 ὲν

370 1819 520 1889 πάσῃ
556 1818 721 1888 σοφίᾳ
753 1819 1087 1885 Αἰγυπτίων.
1124 1838 1142 1869 ι
1180 1820 1255 1889 (3)
1277 1820 1537 1885 Τούτους,
1565 1826 1750 1889 φησιν,
1784 1822 1959 1875 ᾶπαν-

2061 637 2322 705 ptiorunt.
2364 658 2383 690 ι
2420 638 2558 692 Cum
2598 639 2764 708 igitur
2812 626 3076 692 voluisset
3107 639 3395 693 ostendere
3426 639 3643 707 sapien-

2058 730 2185 782 tiam
2223 745 2378 783 suatn
2414 738 2469 783 et
2500 731 2622 784 aliis
2662 730 2998 797 comparari,
3028 731 3155 799 jure
3176 730 3372 782 merito
3390 728 3639 781 omnium

2059 818 2414 888 antiquorum
2458 820 2785 888 sapientium
2824 820 3035 888 primus
3066 819 3285 873 habitus
3330 828 3435 883 est,
3477 833 3641 885 supe-

2059 910 2304 978 ravitque
2335 910 2617 980 [Egyptios
2649 910 2741 979 qui
2779 912 2920 979 apud
2985 924 3179 965 omnes
3245 908 3641 979 sapientissimi

2056 1010 2112 1053 et
2174 1001 2585 1069 prudentissimi
2661 1002 3022 1055 habebantur.
3101 1001 3441 1071 Pherecydes
3497 1000 3641 1054 enim

2059 1092 2271 1163 Syrius,
2310 1104 2365 1145 ut
2410 1093 2582 1147 Graeci
2617 1102 2962 1156 memorant,
3016 1093 3351 1163 Pythagoras
3400 1093 3644 1154 Samius,

2057 1186 2409 1252 Anaxagoras
2447 1184 2854 1243 Clazomenius,
2898 1185 3161 1254 Platoque
3188 1184 3535 1238 Atheniensis
3575 1185 3642 1237 ad

2061 1273 2347 1345 IEgyptios
2391 1285 2685 1337 venerunt,
2753 1277 3083 1343 theologiam
3159 1277 3645 1346 cognitionemque

2060 1378 2267 1420 naturae
2311 1382 2378 1420 ex
2433 1369 2500 1421 iis
2547 1367 2743 1421 melius
2775 1382 2833 1422 se
2869 1377 3250 1436 comperturos
3286 1367 3645 1421 aestimantes.

2062 1456 2127 1509 Et
2186 1458 2252 1510 de
2292 1456 2476 1527 Moyse
2530 1458 2604 1510 ait
2651 1458 2869 1510 divinus
2930 1473 3113 1511 sermo
3146 1476 3158 1511 ι
3197 1477 3213 1508 ι
3252 1456 3514 1510 Eruditus
3566 1466 3650 1509 est

2066 1547 2277 1618 Moyses
2324 1549 2475 1601 omni
2527 1549 2794 1618 sapientia
2846 1547 3249 1618 IEgyptiorum.
3293 1568 3312 1600 ι
3369 1548 3476 1602 llos
3527 1562 3649 1602 om-

2067 1656 2185 1701 nes,
2223 1640 2297 1691 ait
2334 1638 2637 1708 Scriptura,
2681 1641 2937 1694 Salomon
2987 1641 3286 1711 superavit,
3334 1656 3456 1694 cum
3483 1656 3510 1691 a
3542 1638 3651 1694 Deo

2061 1731 2337 1799 sapientia:
2412 1734 2553 1785 dona
2608 1733 2952 1800 accepisset;
3022 1733 3163 1785 unde
3243 1733 3406 1785 etiam
3468 1732 3649 1784 dixit:

2067 1844 2085 1873 ι
2119 1822 2181 1875 Ει
2224 1832 2343 1876 erat
2389 1822 2646 1876 Salomon
2678 1823 2998 1893 [sapientior
3038 1824 3252 1877 cunt-tis
3307 1822 3647 1882 hominibus.

370 1929 464 1971 τας
496 1913 525 1963 ὁ
554 1909 812 1978 Σολομὼν
835 1910 1173 1980 ἀπέκρυψεν,
1211 1912 1305 1963 ἆτε
1333 1911 1519 1963 θεόθεν
1542 1912 1641 1981 τῆς
1674 1912 1865 1979 σοφίας
1888 1914 1954 1965 τὰ

2066 1925 2109 1968 et
2140 1916 2378 1984 vulgavit
2411 1916 2512 1969 tria
2536 1916 2703 1969 millia
2734 1917 3043 1985 parabolas,
3078 1928 3123 1969 et
3160 1916 3381 1969 fuerunt
3403 1915 3646 1967 carmina

369 2002 516 2071 δῶρα
542 2001 868 2069 δεξάμενος,
900 2003 1022 2054 ὅθεν
1045 2002 1327 2072 ἐπήγαγεν
1353 2020 1365 2035 ’
1415 2022 1432 2054 ι
1477 2005 1583 2056 Καὶ
1622 2004 1883 2075 ἐσοφίσθη
1914 2005 1955 2036 ιι

372 2095 512 2163 ὑπὲρ
549 2094 734 2148 πάντα
772 2094 1081 2163 ἄνθρωπον,
1115 2096 1207 2147 καὶ
1235 2095 1465 2165 ὲλάλησε
1504 2096 1812 2165 τρισχιλίας
1848 2115 1953 2151 πα-

375 2184 633 2253 ραϐολάς,
670 2186 769 2237 καί⁵
806 2182 948 2255 ἦσαν
983 2186 1038 2237 ai
1070 2186 1202 2255 ᾠδαὶ
1240 2186 1407 2238 αὐτοῦ
1439 2187 1480 2239 ε’
1513 2189 1576 2249 ³⁸,
1602 2190 1693 2241 καὶ
1726 2188 1955 2258 ἐλάλησε

376 2280 508 2347 περὶ
537 2279 647 2333 τῶν
677 2279 872 2343 ξύλων,
903 2280 1011 2330 ἀπὸ
1053 2284 1149 2348 τῆς
1184 2279 1375 2350 κέδρου
1407 2282 1502 2349 τῆς
1540 2283 1595 2332 ὲν
1626 2281 1705 2353 τῷ
1737 2282 1958 2353 Λιϐάνῳ

2062 2009 2180 2077 ejus
2232 2010 2474 2077 quinque
2540 2010 2708 2061 milla.
2752 2007 2817 2061 Et
2881 2008 3177 2077 disputavit
3216 2023 3380 2076 super
3430 2008 3589 2074 lignis
3620 2024 3649 2059 ιι

2066 2102 2232 2154 cedro
2265 2116 2386 2169 quae
2410 2110 2491 2155 est
2537 2101 2590 2155 in
2626 2100 2831 2154 Libani
2869 2117 3043 2169 usque.
3091 2103 3157 2155 ad
3186 2102 3483 2171 hyssopum
3529 2115 3651 2168 qua:

2062 2194 2338 2262 egreditur
2369 2194 2437 2248 de
2483 2194 2711 2262 pariete.
2762 2193 2821 2247 Et
2869 2194 3135 2248 disseruit
3177 2196 3243 2249 de
3288 2194 3552 2264 jumentis
3598 2202 3651 2247 et

2062 2285 2350 2353 reptilibus
2388 2293 2443 2338 et
2471 2286 2785 2339 volucribus
2811 2295 2863 2339 et
2896 2287 3159 2353 piscibus.
3194 2304 3213 2336 ι

383 2374 621 2436 uthac
656 2375 748 2443 τῆς
796 2374 1052 2427 ὑσσώπου
1098 2376 1194 2443 τῆς
1269 2376 1715 2447 ὲκπορευομένης
1752 2378 1839 2431 διά
1899 2380 1990 2430 τοῦ
2030 2380 2238 2448 τοίχου.
2284 2380 2394 2433 Καὶ
2447 2379 2679 2450 ἑλάλησε
2738 2383 2868 2449 περὶ
2916 2380 3025 2433 τῶν
3078 2379 3317 2449 κτηνῶν,
3360 2380 3455 2432 καὶ
3522 2380 3651 2448 περὶ

392 2472 502 2523 τῶν
541 2472 787 2539 ἑρπετῶν,
820 2474 912 2525 καὶ
946 2473 1204 2541 περὶτῶν
1234 2475 1518 2535 πετεινῶν,
1550 2478 1644 2527 καὶ
1670 2479 1799 2545 περὶ
1836 2477 1945 2531 τῶν
1986 2478 2183 2550 ἰχθύων
2209 2480 2272 2533 ¹⁸.
2310 2497 2328 2529 ι

459 2565 537 2633 (ί)
578 2566 707 2633 (Τήν
756 2566 812 2617 δὲ
862 2564 1070 2617 τούτων
1121 2566 1425 2620 ἀπόλαυσιν
1467 2569 1508 2598 ’⁷
1554 2570 1580 2620 ό
1640 2570 1955 2639 πολυῖστωρ

382 2653 640 2717 Εὐσέϐιος
690 2655 865 2715 οὕτως
911 2656 1051 2726 ἔφη·
1093 2677 1110 2707 ι
1147 2658 1256 2719 Τὰς
1295 2660 1403 2727 γάρ
1459 2676 1539 2711 τοι
1587 2660 1805 2729 βίϐλους
1862 2661 1957 2714 τοῦ

377 2745 726 2813 Σολομῶντος
776 2749 874 2808 τὰς
931 2750 1061 2817 περὶ
1117 2748 1222 2800 τῶν
1261 2750 1596 2820 Παραϐολῶν
1650 2752 1801 2823 141
1868 2755 1959 2805 καὶ

387 2836 579 2905 ᾯδῶν,
613 2839 671 2889 ἐν
704 2832 789 2899 αἷς
826 2838 1089 2908 περὶτῶν
1130 2840 1309 2907 φυτῶν
1356 2843 1451 2893 καὶ
1493 2844 1763 2896 παντοίων
1794 2842 1950 2907 ζώων

375 2929 803 2998 φυσιολογήσας,
851 2933 1143 3002 χερσαίων,
1173 2934 1453 2999 πετεινῶν,
1502 2936 1594 2987 καὶ
1644 2935 1886 2989 πνικτῶν
1918 2936 1960 2967 ⁸⁸

372 3021 469 3072 καὶ
505 3022 753 3091 ἰαμάτων
780 3022 985 3086 πάθους
1033 3026 1235 3089 παντὸς
1280 3027 1586 3096 γραφείσας
1637 3029 1810 3096 αὐτῷ)
1864 3029 1958 3097 ἀφ’

374 3106 452 3165 ῶν
482 3116 532 3165 oi
564 3114 674 3167 τῶν
724 3114 994 3185 Ἑλλήνιον
1026 3118 1067 3149 ¹⁹
1097 3119 1508 3187 ίατροσοφισταὶ
1552 3122 1951 3191 σφετερισάμε-

3298 2513 3339 2544 π.

2141 2572 2291 2625 Hane
2323 2572 2679 2641 multiplicem
2719 2588 2899 2625 rerum
2935 2570 3301 2638 cognitionem
3345 2583 3654 2621 memorans

2078 2663 2343 2718 Eusebius
2362 2664 2471 2718 ait:
2509 2682 2525 2714 ι
2554 2663 2748 2717 Libros
2764 2658 3656 2717 SalomonisdeParabolisetCar.

2065 2755 2328 2819 minibus,
2363 2756 2415 2807 in
2451 2755 2649 2819 quibus
2667 2754 2735 2808 de
2769 2754 3117 2806 arbustorum
3150 2752 3504 2816 omniumque
3531 2753 3652 2805 ani-

2064 2848 2289 2900 malium
2323 2846 2660 2900 terrestrium
2694 2861 2758 2899 ac
2793 2844 3091 2899 volantimn
3127 2860 3190 2897 ac
3208 2844 3508 2897 natantium
3546 2843 3657 2897 dis-

2065 2944 2316 2989 seruerat
2337 2943 2551 2997 natura,
2568 2936 2825 3001 omnique
2842 2933 3012 2987 dolori
3033 2932 3389 2986 medicamina
3407 2933 3655 3001 assigna-

2063 3035 2232 3086 verat,
2251 3039 2370 3091 qua:
2389 3023 2721 3091 arripientes
2737 3021 2908 3076 Graeci
2925 3023 3115 3076 medici
3131 3037 3227 3075 sua
3245 3037 3366 3076 esse
3384 3024 3656 3084 dixerunt,

2061 3117 2260 3170 delevit
2285 3115 2546 3169 Ezechias
2572 3130 2687 3177 rex,
2711 3128 2833 3165 cum
2852 3128 2916 3165 ex
2956 3111 3039 3166 his
3058 3111 3210 3164 libris
3229 3112 3542 3165 morborum
3560 3126 3657 3163 cu-

374 3222 457 3256 νοι
517 3206 614 3258 καὶ
661 3206 759 3265 τὰς
799 3207 1057 3277 ἀφορμὰς
1111 3209 1394 3279 εἰληφότες
1441 3214 1484 3243 ὀ
1536 3211 1682 3283 [τὰς
1722 3189 1946 3277 οἰκείας

2066 3209 2265 3261 ratione
2307 3215 2568 3275 excepta,
2603 3206 2892 3259 sanitatem
2946 3218 2973 3255 a
3021 3204 3127 3255 Deo
3165 3216 3479 3254 concessam
3527 3214 3657 3251 conv

374 3300 779 3367 συνεστήσαντο
829 3300 1061 3371 τέχνας·
1110 3302 1359 3375 ταύτας],
1410 3305 1638 3373 ἀφανεῖς
1698 3305 1957 3376 ἐποίησεν

2060 3308 2322 3353 tetnneret
2362 3298 2612 3368 populus.
2656 3316 2674 3346 ι
2714 3297 2968 3347 Attamen
3016 3292 3285 3361 Josephns
3320 3293 3432 3345 huic
3485 3288 3654 3342 multa

386 3390 643 3454 Ἐζεκίας
703 3392 731 3443 ὁ
780 3392 1050 3461 βασιλεὺς.
1101 3396 1290 3467 ἐπειδὴ
1336 3397 1436 3458 τὰς
1493 3397 1794 3467 θεραπείας
1847 3397 1958 3450 τῶν

2066 3403 2303 3460 poemata
2355 3390 2554 3457 scripta
2621 3397 2886 3441 memorat
2952 3391 3209 3452 tanquam
3261 3380 3654 3434 incantationes

372 3482 705 3552 νοσημάτων
743 3484 895 3536 ἐνθεν
941 3487 1304 3556 κομιζόμενος
1337 3489 1366 3539 ό
1399 3487 1544 3552 λαὸς,
1580 3488 1827 3559 περιώρα
1858 3489 1958 3552 τὰς

2066 3485 2500 3549 exorcismosque
2541 3480 2713 3533 factos
2746 3494 2773 3531 a
2813 3476 3105 3531 Salomone
3131 3486 3319 3527 contra
3347 3471 3620 3525 daemones
3640 3509 3652 3526 .

376 3574 555 3636 ἰάσεις
582 3576 762 3629 αὐτῶν
781 3578 822 3610 ἰ
861 3578 1014 3647 παρὰ
1058 3578 1153 3632 τοῦ
1204 3579 1361 3634 Θεοῦ.
1395 3598 1413 3630 ι
1446 3582 1577 3646 (Καὶ
1630 3581 1813 3648 μέντοι
1866 3584 1958 3634 καὶ

2066 3575 2257 3642 quibus
2307 3588 2466 3626 usum
2517 3586 2639 3625 esse
2700 3571 2855 3623 aiunt
2905 3568 3225 3621 Eleazarum
3265 3563 3511 3617 Judaeum
3563 3560 3655 3630 qui

387 3667 655 3735 Ἰώσηπος
688 3667 897 3721 τούτων
932 3668 1143 3721 πολλῶν
1185 3670 1463 3739 μέμνηται
1505 3671 1836 3739 πονημάτων
1868 3672 1961 3737 ὲγ-

377 3759 612 3827 γράφως
654 3759 1056 3829 πεποιημένων,
1088 3761 1163 3823 ὡς
1197 3764 1279 3815 ὅτι
1306 3762 1399 3817 καὶ
1426 3762 1642 3831 ἐπῳδάς
1673 3761 1817 3813 κατὰ
1844 3762 1959 3813 δαι-

379 3851 562 3918 μόνων
593 3852 689 3903 καὶ
736 3850 1100 3920 ὲξορκισμοὺς
1149 3855 1470 3922 ἐπενόησεν,
1512 3849 1595 3916 αἷς
1632 3870 1799 3923 φησιν
1847 3854 1962 3905 δια-

374 3938 663 4010 χρώμενον
694 3942 1019 4013 Ἐλεάζαρον
1041 3943 1132 3995 τὸν
1163 3944 1414 3997 ἰουδλῖον
1432 3945 1524 3998 ἐπὶ
1548 3942 1961 3997 Οὐεσπασιανοῦ

375 4034 475 4087 καὶ
504 4035 670 4087 Τίτου
705 4033 990 4086 δακτύλιον
1016 4035 1186 4098 τιθεὶς
1214 4036 1259 4065 ’³
1286 4036 1344 4087 ἐν
1366 4040 1433 4105 τῇ
1467 4036 1577 4105 ῥινὶ
1603 4034 1695 4087 τού
1729 4035 1961 4102 πάσχον-

375 4140 469 4185 τος
498 4126 561 4176 ὲν
593 4124 851 4194 σφραγεδι
891 4125 1051 4193 ῥίζαν
1086 4125 1299 4196 ἔχοντα,
1335 4125 1395 4189 ἐξ
1434 4119 1510 4178 ὧν
1547 4123 1799 4193 Σολομὼν
1835 4125 1967 4177 ὑπέ-

2074 3664 2412 3733 Vespasiano
2462 3673 2516 3718 et
2565 3664 2689 3717 Tito
2723 3662 3143 3729 imperatoribus
3196 3658 3379 3725 posuit
3426 3656 3479 3707 in
3527 3669 3659 3705 naso

2062 3754 2376 3825 argrotantis
2419 3755 2702 3817 annulum,
2760 3751 2919 3819 cujus
2971 3749 3227 3804 umbilico
3291 3750 3465 3800 inerat
3504 3745 3655 3797 radix

2064 3864 2129 3902 ex
2184 3847 2251 3901 iis
2303 3862 2440 3915 quas
2483 3846 2667 3900 docuit
2717 3842 2996 3897 Salomon.
3041 3841 3209 3909 Cujus
3260 3842 3483 3893 odorem
3532 3853 3655 3891 cum

2066 3939 2361 4003 hausisset,
2390 3938 2600 4007 aul'ugit
2651 3937 2886 3989 daznton.
2922 3934 3175 3989 Eleazaro
3225 3931 3448 3999 jubente
3493 3938 3550 3981 ιιι
3575 3928 3655 3980 bi-

2067 4031 2221 4083 heret
2265 4043 2360 4082 vas
2396 4043 2534 4095 aqua
2575 4027 2902 4096 plenumaut
2930 4024 3245 4093 pelluvium,
3282 4022 3425 4089 quod
3453 4021 3656 4072 dmino-

2069 4137 2191 4176 ncm
2222 4120 2405 4191 fugere
2430 4119 2630 4188 coegit.
3082 4132 3085 4133 ν

376 4218 524 4283 δειξε
545 4233 559 4247 ·
590 4220 686 4271 καὶ
699 4219 745 4250 ³³
771 4219 1203 4290 ὀσφραινόμενον
1230 4219 1293 4272 τὸ
1316 4219 1597 4289 δαιμόνιον
1627 4217 1787 4281 εὐθὺς
1816 4217 2157 4283 ὲξέλκεσθαι,
2193 4215 2423 4285 σημείου
2452 4214 2557 4267 ὑπὸ
2593 4211 2688 4265 τοῦ
2725 4209 3052 4280 Ἐλεαζάρου
3076 4207 3361 4278 τιθεμένου
3388 4204 3648 4275 ποτηρίου

382 4311 589 4384 μεστοῦ
623 4311 813 4376 ὓδατος
836 4314 869 4383 ἢ
904 4314 1324 4386 ποδονιπτῆρος,
1350 4314 1379 4367 ὃ
1402 4315 1499 4367 καὶ
1526 4313 1811 4381 συνέτριϐε
1834 4312 1896 4365 τδ
1922 4311 2202 4383 δαιμόνιον
2222 4309 2479 4379 φεῦγον.)

454 4404 497 4435 ³⁵
532 4412 551 4472 t
556 4404 610 4474 5)
640 4405 750 4457 Καὶ
774 4406 1121 4476 ὲμεγαλύνθη
1145 4405 1402 4477 Σολομὼν
1430 4405 1571 4476 ὑπὲρ
1600 4405 1808 4468 πάντας
1836 4406 1962 4468 τοὺς

2143 4405 2209 4458 ΕΙ.
2240 4402 2618 4472 magniﬁcatus
2648 4411 2728 4456 est
2765 4400 3023 4455 Salomon
3049 4415 3211 4466 super
3277 4411 3468 4452 omnes
3510 4409 3663 4464 rcng

378 4496 628 4565 βασιλεῖς
666 4497 765 4567 τῆς
793 4498 901 4568 γῆς
933 4499 1149 4568 πλούτῳ
1188 4501 1283 4553 καὶ
1308 4499 1589 4569 φρονήσει.
1622 4498 1734 4549 Καὶ
1765 4499 1959 4560 πάντες

2072 4503 2232 4549 terra:
2260 4494 2466 4548 divitiis
2512 4502 2566 4546 et
2614 4491 2904 4562 sapientia.
2949 4489 3015 4542 Et
3067 4503 3257 4544 omnes
3307 4502 3461 4556 reges
3492 4495 3655 4539 terrae

375 4589 425 4639 οί
460 4587 701 4657 βασιλεῖς
739 4587 839 4656 τῆς
872 4588 976 4656 γῆς
1023 4589 1251 4658 ἐζήτουν
1286 4589 1416 4642 ἰδεῖν
1445 4588 1507 4640 τὸ
1545 4588 1837 4657 πρόσωπον
1868 4589 1963 4640 αύ-

375 4679 474 4731 τοῦ
500 4679 596 4731 καὶ
625 4679 858 4733 ἀκοῦσαι
884 4681 982 4747 τῆς
1008 4684 1191 4750 φωνῆς
1218 4681 1408 4735 αὐτοῦ.
1438 4681 1552 4734 Καὶ
1592 4680 1964 4750 παρεγένοντο

376 4774 641 4842 φέροντες
674 4774 932 4826 ἑκάστοτε
966 4775 1012 4805 ’⁸
1043 4775 1165 4827 κατ’
1202 4774 1451 4827 ἐνιαυτὸν
1478 4774 1545 4826 τὰ
1582 4773 1730 4844 δῶρα
1756 4772 1960 4836 αὐτῶν,

376 4863 552 4934 σκεύη
579 4867 778 4935 χρυσᾶ,
809 4867 903 4919 καὶ
934 4868 1284 4935 ίματισμοίις,
1320 4866 1413 4920 καὶ
1439 4865 1729 4935 ἡδύσματα
1752 4865 1847 4919 καὶ
1875 4864 1965 4916 ἴπ-

375 4971 535 5017 πους,
564 4955 661 5007 καὶ
697 4956 977 5025 ήμιόνους·
1012 4958 1105 5009 καὶ
1130 4952 1271 5028 ἦσαν
1301 4957 1455 5026 αὐτῷ
1486 4963 1582 5022 ,ατ’
1611 4956 1833 5025 ἅρματα
1873 4953 1969 5009 καὶ

377 5048 539 5100 ῐπποι
581 5065 648 5119 ρ,
694 5049 922 5111 τοκάδες
965 5049 1021 5102 δὲ
1047 5048 1285 5117 χιλιάδες
1323 5046 1397 5119 μ’,
1429 5048 1522 5101 καὶ
1564 5048 1720 5101 ἵπποι
1755 5049 1834 5109 εἰς
1864 5046 1966 5115 ἆρ-

379 5156 527 5206 ματα
576 5141 817 5211 χιλιάδες
868 5134 954 5211 ιβ’.
1018 5143 1129 5194 Kal.
1171 5137 1240 5213 ἦν
1291 5140 1599 5210 ἡγούμενος
1648 5140 1755 5192 τῶν
1814 5140 1970 5208 βασι-

384 5231 522 5284 λέων
581 5233 798 5286 πάντων
821 5233 932 5285 τῶν
977 5233 1085 5286 ἀπὸ
1116 5232 1209 5285 τοῦ
1253 5232 1501 5301 ποταμοῦ
1536 5232 1821 5298 Εὐφράτου
1873 5230 1979 5291 ἓως

385 5327 486 5397 γῆς
526 5326 843 5394 ἀλλοφύλων
868 5327 960 5380 καὶ
992 5327 1095 5390 ἓως
1124 5328 1232 5380 τῶν
1263 5330 1427 5396 ὁρίων
1474 5328 1775 5395 Αἰγύπτου.

2076 4587 2393 4658 quaerebant
2438 4586 2620 4638 videre
2677 4585 2866 4639 faciem
2922 4584 3062 4652 ejus,
3130 4591 3184 4637 et
3233 4581 3423 4634 audire
3474 4594 3658 4633 vocetn

2075 4680 2232 4748 ejus.
2272 4689 2326 4731 et
2381 4678 2667 4731 veniebant
2729 4675 3025 4745 quotannis
3099 4674 3459 4741 undequaque
3528 4670 3661 4725 affe-

2080 4780 2263 4824 rentes
2295 4770 2343 4822 ci
2372 4769 2537 4830 dona,
2564 4783 2692 4822 vasa
2727 4782 2919 4830 aurea,
2943 4777 3139 4828 vestes,
3175 4772 3441 4827 aromata,
3467 4778 3661 4829 equos.

2083 4861 2304 4925 mulos;
2340 4872 2394 4914 et
2419 4860 2644 4914 erantei
2690 4859 2836 4912 mille
2879 4866 2933 4910 et
2990 4854 3214 4910 trecenti
3253 4868 3449 4906 currus
3468 4854 3661 4921 etequi

2085 4951 2253 5016 mille,
2272 4966 2539 5021 equarum
2569 4950 2930 5019 quadraginta
2978 4946 3169 5009 millia,
3206 4954 3258 4998 et
3289 4959 3556 5013 equorum
3598 4946 3663 4995 ad

2079 5060 2279 5100 currus
2311 5042 2600 5097 duodecim
2624 5041 2813 5095 millia.
2840 5042 2907 5095 Et
2954 5048 3071 5094 erat
3112 5038 3366 5109 princeps
3415 5036 3661 5090 omnium

2078 5151 2264 5205 regum
2293 5144 2451 5189 terra:
2490 5149 2519 5187 a
2551 5131 2773 5188 llumine
2832 5130 3109 5202 Enphrate
3161 5145 3334 5200 usque
3395 5129 3461 5183 ad
3530 5131 3667 5182 lines

2078 5227 2317 5299 Ᾱῑεγριίο

1572 5463 1768 5525 \'aria:
1800 5462 2104 5524 lectiones
2151 5469 2212 5522 et
2256 5466 2445 5521 ιιοιω.

460 5613 502 5641 ⁸³
539 5613 833 5685 ἐσοφίσατο
865 5615 879 5667 |
912 5613 1042 5685 Reg.
1070 5632 1143 5679 Iv,
1186 5615 1273 5669 3|.
1358 5616 1400 5646 "
1436 5622 1474 5667 ε’
1506 5614 1620 5685 lue
1657 5615 1777 5670 cod.

1861 5616 1902 5645 ¹⁶
1931 5631 2053 5670 πετ.
2089 5612 2183 5666 καὶ
2223 5628 2283 5667 π.
2325 5610 2433 5665 τῶν
2489 5611 2537 5666 ἒ.
2591 5610 2680 5666 55.

2762 5609 2800 5637 ¹⁷
2834 5607 3153 5663 άπωλ.ιυ‹1.
3195 5606 3308 5661 sed.
3343 5604 3411 5657 cl'.
3442 5601 3659 5666 “Litt.

380 5684 421 5753 ίξ
456 5673 699 5735 πνικτῶν
722 5673 1021 5754 [νηκτῶνυ
1047 5673 1167 5740 eod.
1246 5688 1288 5717 ¹⁹
1318 5686 1452 5740 Ced.
1513 5673 1794 5749 166,842.
1871 5685 1919 5716 ”
1952 5704 1959 5735 ε

2066 5683 2196 5753 ιφότ.
2241 5684 2339 5751 ἀφ.
2372 5681 2493 5754 cod.
2520 5682 2792 5754 linea_tota
2826 5686 3061 5754 dimissa.
3086 5678 3181 5754 ﬂ"
3212 5673 3447 5754 aﬁrtbvl
3491 5673 3661 5754 αίτεξν

374 5744 502 5807 cod.

390 5827 618 5886 ἕκαστος
651 5826 773 5877 rod.

581 5756 624 5782 ”
658 5753 827 5807 τιθὼν
876 5755 997 5809 cod.
1060 5757 1331 5809 τιθένταῖ
1405 5758 1450 5788 ³³
1487 5757 1576 5809 καί
1618 5772 1725 5809 out.
1770 5755 1875 5810 Leo
1919 5754 1957 5808 Ν

2090 5755 2163 5822 Er,
2173 5756 2321 5822 μεῖον
2364 5753 2486 5807 cod.

2567 5754 2612 5783 “
2654 5750 2783 5804 (ted.
2841 5746 3154 5813 167,123].
3235 5744 3279 5772 "
3314 5742 3570 5793 ἑκάστοτε
3623 5741 3656 5791 ι.
