4096 6458
493 456 602 521 255

1647 452 1653 459 ’
1746 459 2073 520 GEORGII
2117 457 2572 522 H'AMARTOLI

3677 455 3808 520 956-

500 579 648 633 itlol‘o
690 575 848 630 Moab
899 584 955 631 et
999 575 1238 632 Astartte
1287 573 1688 630 abominationi
1727 572 2084 628 Sidoniorum

2209 575 2293 642 τὴν
2320 577 2581 642 γυναῖκα,
2610 573 2735 643 ἥτις
2762 571 2881 624 ἐστὶ
2912 569 3189 638 θηρευμα,
3221 568 3317 622 καὶ
3374 569 3610 638 σαγῆναι
3648 588 3787 641 καρ-

501 678 556 723 et
590 669 644 723 in
674 669 819 721 hunc
851 665 1072 720 modum
1099 665 1518 722 fecituniversis
1540 664 1804 719 uxoribus
1823 664 1938 720 suis
1954 663 2087 717 alie-

502 759 716 832 nigenis
765 776 887 830 quae
944 759 1235 814 adolebant
1295 759 1422 814 thus
1474 768 1527 813 et
1575 756 1934 812 immolabant
1981 756 2088 810 diis

503 853 640 907 suis.
685 871 704 903 ι
741 853 806 904 Ει
835 850 964 905 fecit
995 850 1254 904 Salomon
1289 850 1492 903 malum
1539 849 1592 902 in
1641 857 1935 917 conspectu
1979 847 2086 900 Do-

502 941 662 1006 mini,
701 953 757 997 et
805 957 910 995 non
948 950 1168 996 secutus
1198 949 1282 994 est
1325 940 1612 994 Dominum
1648 947 1705 993 ut
1737 939 1904 993 David
1941 949 2091 1008 paler

503 1033 646 1101 ejus.
685 1051 704 1084 ι
743 1033 808 1086 Ει
841 1033 1011 1086 iratus
1039 1042 1122 1085 est
1149 1030 1412 1085 Dominus
1445 1029 1724 1084 Salomoni
1753 1029 1900 1098 quod
1929 1043 2091 1082 aver-

506 1127 664 1178 tisset
693 1131 931 1176 mentem
964 1138 1118 1176 suam
1149 1136 1178 1175 a
1219 1122 1446 1175 Domino
1480 1120 1590 1175 Deo
1624 1121 1786 1174 Israel
1817 1162 1830 1185 ,
1875 1122 1968 1190 qui
2000 1135 2095 1190 ap-

503 1223 764 1284 paruerat
791 1213 840 1268 ei
874 1213 1118 1268 secundo
1149 1224 1203 1267 et
1245 1220 1582 1281 praeceperat
1616 1212 1680 1264 de
1708 1210 1882 1264 verbo
1903 1210 2003 1263 hoc
2027 1223 2096 1262 ne

504 1315 829 1376 sequeretur
857 1307 994 1359 deos
1027 1306 1258 1360 alienos.
1294 1303 1438 1358 Dixit
1475 1305 1661 1371 itaque
1700 1302 1965 1358 Dominus
1997 1301 2097 1356 Sa-

505 1399 710 1453 lomoni
749 1414 766 1452 :
818 1417 835 1448 ι
872 1398 1008 1464 Quia
1043 1413 1153 1451 non
1195 1396 1487 1451 custodisti
1540 1403 1757 1465 pactum
1807 1410 1989 1449 meum
2044 1405 2097 1449 et

505 1502 778 1562 praecepta
798 1505 1052 1560 meaqure
1065 1490 1318 1543 mandavi
1343 1489 1463 1555 tibi,
1478 1488 1829 1557 disrumpens
1849 1488 2094 1542 scindam

505 1600 734 1654 regnum
761 1594 910 1638 tuum
934 1593 987 1638 et
1009 1582 1292 1638 daboillud
1308 1597 1468 1637 servo
1493 1591 1607 1636 tuo.
1633 1579 2021 1634 Verumtamen
2042 1579 2095 1632 in

507 1676 826 1731 diebustuis
851 1690 956 1730 non
975 1674 1195 1740 faciam,
1223 1683 1447 1743 propter
1474 1672 1639 1726 David
1664 1688 1884 1726 servum
1913 1687 2095 1726 meum

507 1780 560 1821 et
586 1776 792 1836 patrem
817 1776 996 1829 tuum,
1022 1777 1076 1822 et
1097 1776 1320 1836 propter
1342 1764 1649 1820 Jerusalem
1673 1779 1838 1834 quam
1876 1764 2030 1833 elegi.
2071 1781 2092 1815 ι

493 1859 806 1914 Suscilavit
850 1867 1032 1912 autem
1077 1857 1340 1912 Dominus
1389 1857 1764 1911 adversarium
1815 1853 2094 1909 Salomoni

2202 667 2286 720 Sict
2309 669 2373 718 “.
2406 685 2424 717 ι
2499 664 2754 735 Ταύτῃτδ·
2796 663 2878 715 τοί
2934 661 3195 731 φησινπο
3256 660 3413 713 (Καὶ
3461 662 3490 713 ὁ
3532 659 3789 730 βασιλεὺς

2197 749 2266 822 ἦν
2293 753 2341 785 ⁷⁸
2369 752 2716 820 φιλογύναιος
2743 767 2758 781 ο
2790 750 2884 803 καὶ
2916 745 3059 820 ἦσαν
3103 747 3253 818 αὑτῷ
3285 749 3556 820 ἄρχουσαι
3604 749 3658 818 ψ’
3692 753 3802 805 καὶ

2203 842 2479 895 παλλακαὶ
2514 848 2580 902 τ’,
2607 841 2703 894 καὶ
2737 839 2900 893 ἔλαϐε
2930 841 3198 908 γυναῖκας
3223 839 3578 903 Μωαϐίτιδας
3613 842 3659 873 τ’
3693 845 3792 894 καὶ

2213 936 2642 1004 Ἀμμωνίτιδας,
2709 933 2911 1003 Σύρας,
2976 933 3312 1001 Ἰδουμαίας,
3370 933 3643 997 Χετταίας
3697 938 3796 988 καὶ

2215 1027 2552 1098 Ἀμορραίας
2602 1029 2667 1080 ἐκ
2709 1026 2820 1079 τῶν
2866 1026 3037 1078 ἐθνῶν
3077 1018 3152 1078 ὧν
3189 1026 3391 1079 ἀπεῖπε
3441 1026 3644 1097 Κύριος
3679 1030 3820 1091 τοῖςς

2205 1123 2339 1184 υἱοῖς
2361 1120 2605 1191 Ἰσραήλ.
2644 1139 2660 1170 ι
2695 1149 2764 1159 -—
2801 1119 2958 1184 «Καὶ
2985 1118 3201 1185 ἐγένετο
3217 1119 3265 1150 ’⁸
3302 1120 3358 1170 ἐν
3392 1118 3571 1188 καιρῷ
3604 1121 3821 1188 γήρως-

2204 1213 2392 1277 αύτοῦ,
2423 1213 2518 1266 καὶ
2545 1212 2645 1264 οὐκ
2681 1207 2748 1281 ἦν
2780 1213 2812 1278 ή
2859 1209 3065 1279 καρδία
3097 1209 3263 1262 αὐτοῦ
3305 1211 3350 1242 ⁷³
3394 1210 3532 1278 μετὰ
3583 1211 3792 1276 Κυρίου

2202 1305 2297 1358 τοῦ
2341 1305 2480 1358 Θεοῦ
2518 1303 2685 1356 αὐτοῦ
2734 1302 2919 1365 καθὼς
2947 1305 2981 1370 ἠ
3033 1301 3232 1371 καρδία
3261 1300 3425 1354 Δαυῒδ
3456 1301 3549 1355 τοῦ
3591 1303 3800 1370 πατρδς

2205 1398 2394 1452 αὐτοῦ.
2423 1397 2535 1450 Καὶ
2578 1396 2862 1461 ἐξέκλιναν
2898 1397 2953 1448 al
3003 1395 3280 1467 ἀλλότριαι
3311 1395 3361 1426 ⁸⁰
3390 1396 3648 1462 γυναῖκες
3695 1395 3800 1463 τὴν

2205 1489 2438 1561 καρδίαν
2472 1489 2638 1541 αὐτοῦ
2691 1489 2868 1541 ὀπίσω
2904 1487 3042 1540 θεῶν
3088 1488 3289 1541 αὐτῶν.
3334 1489 3445 1540 Καὶ
3492 1489 3608 1540 τότε
3650 1486 3788 1557 ᾠκο-

2204 1583 2410 1651 δόμησε
2451 1579 2706 1649 Σολομὼν
2733 1581 2775 1612 ⁸⁸
2807 1580 2884 1651 τῷ
2923 1580 3137 1648 Χαμὼς
3166 1579 3370 1650 εἰδώλῳ
3399 1581 3575 1634 Μωὰϐ
3605 1608 3666 1620 --
3700 1582 3817 1634 καὶε

2205 1679 2269 1746 τῇ
2295 1675 2569 1747 Ἀστάρτῃ
2597 1674 2931 1744 βδελύγματι
2953 1673 3244 1737 Σιδωνίων,
3265 1674 3359 1726 καὶ
3378 1673 3552 1735 οὕτως
3570 1673 3797 1742 ἐποίησε

2205 1770 2325 1829 ταῖς
2355 1767 2668 1837 ἀλλοτρίαις
2699 1766 2948 1833 γυναιξὶν
2973 1765 3138 1818 αὑτοῦ
3179 1765 3383 1828 πάσαις
3412 1766 3483 1828 θ’,
3515 1765 3574 1816 αἴ
3603 1764 3799 1834 (τινες)

2206 1856 2451 1927 ἐθυμίων
2484 1857 2577 1909 καὶ
2602 1855 2758 1910 ἔθυον
2781 1859 2898 1916 τοῖς
2927 1855 3168 1918 εἰδώλοις
3196 1856 3398 1909 αὐτῶν.
3434 1856 3543 1907 Καὶ
3574 1855 3801 1926 ἐποίησε

518 1953 662 2002 Ader
697 1949 996 2003 ldumaeum
1053 1957 1108 2002 et
1139 1949 1383 2002 Adrazar
1416 1962 1597 2016 regem
1635 1945 1802 2002 Soba.
1837 1945 1904 1999 Et
1946 1955 2100 1999 erant

2209 1948 2460 2019 Σολομὼν
2489 1948 2550 2001 τὸ
2577 1948 2811 2017 πονηρὸν
2834 1947 2992 2018 145
3025 1947 3259 2000 ἐνώπιον
3293 1947 3500 2016 Κυρίου
3530 1947 3669 2018 (καὶ)
3698 1949 3803 2001 οὐκ

509 2040 675 2096 Israel
699 2041 996 2096 adversarii
1021 2040 1240 2095 cunctis
1263 2041 1455 2094 diebus
1484 2036 2104 2093 Salomonis.Mortuus-

509 2149 617 2203 que
646 2141 730 2188 est
763 2131 1022 2186 Salomon
1065 2147 1188 2185 cum
1237 2132 1461 2186 vixisset
1505 2129 1850 2199 septuaginta
1888 2137 1948 2183 et
1994 2137 2102 2182 tres

509 2242 707 2289 annos,
730 2235 787 2279 et
811 2226 1053 2294 sepultus
1073 2233 1154 2280 est
1180 2239 1305 2280 cum
1335 2233 1489 2294 patre
1520 2238 1642 2278 suo.
1673 2221 1832 2277 Unde
1848 2219 2104 2274 Theodo-

511 2327 662 2372 retus
681 2317 841 2371 dicit»
877 2333 890 2368 :
922 2315 1225 2371 Didicimus
1247 2316 1440 2387 quanti
1460 2315 1880 2370 valeatavorum
1906 2313 2100 2380 pietas,

511 2408 719 2477 patitur
757 2408 906 2463 enim
945 2408 1120 2461 malos
1160 2417 1374 2462 amator
1409 2406 1693 2460 hominum
1735 2403 1904 2469 Deus,
1959 2401 2103 2456 haud

511 2498 805 2552 immemor
860 2497 1080 2551 virtutis
1143 2511 1335 2552 eorum
1377 2495 1474 2564 'qui
1512 2494 1736 2548 fuerunt
1781 2501 1837 2548 ct
1904 2493 2100 2561 partim

514 2591 809 2658 impietatis
863 2588 1076 2644 fructus
1135 2587 1354 2656 collegit
1411 2586 1555 2656 apud
1613 2584 1706 2639 Dei
1765 2584 2094 2654 justitiam.»

512 2682 651 2735 Dum
714 2681 921 2735 cmlesti
992 2679 1264 2733 frueretur
1333 2677 1605 2747 sapientia
1676 2676 1974 2737 Salomon,
2045 2676 2099 2729 in

515 2787 648 2842 pace
702 2784 756 2826 et
813 2772 1209 2842 tranquillitate
1245 2770 1361 2824 dies
1417 2769 1614 2837 agebit
1661 2783 1856 2823 omnes
1893 2769 2101 2822 habens

516 2863 793 2930 subjectos
825 2863 1286 2933 potissimumque
1315 2861 1577 2915 tributum
1609 2860 1920 2914 aﬂ'erentes.
1951 2857 2106 2914 Post-

514 2969 681 3024 quam
724 2970 855 3010 vero
891 2970 952 3009 ea
993 2953 1186 3009 fuisset
1229 2955 1497 3024 spoliatus
1545 2954 1856 3023 prudentia,
1906 2953 1974 3006 ab
2008 2953 2105 3006 lio-

517 3045 695 3100 slibus
734 3061 1030 3115 percussus
1065 3059 1184 3111 est;
1222 3045 1360 3100 adeo
1393 3061 1580 3099 verum
1613 3055 1695 3100 est
1740 3061 1753 3097 :
1805 3064 1822 3095 ι
1869 3043 2107 3098 Ilorren-

517 3138 650 3192 dum
684 3148 768 3194 est
799 3139 1040 3194 incidere
1073 3141 1123 3193 in
1159 3155 1358 3194 manus
1391 3137 1485 3193 Dei
1519 3137 1806 3193 viventis.»
1835 3137 2107 3203 Quemad-

517 3231 739 3285 modum
769 3233 913 3285 euim
963 3231 1337 3285 misericordia
1375 3229 1496 3298 ejus
1522 3229 1840 3293 ineﬂ’abilis,
1874 3231 1954 3283 sic
1979 3244 2104 3282 cor-

516 3322 698 3390 reptio
715 3321 1079 3375 intolerabilis
1094 3331 1195 3375 est.
1215 3320 1355 3384 Quia
1372 3329 1554 3374 autem
1571 3320 1731 3374 idolis
1754 3319 1999 3384 inservit,
2020 3335 2100 3372 re-

521 3413 673 3475 licto,
717 3414 809 3482 qui
849 3429 1011 3468 verus
1051 3425 1159 3477 est,
1194 3412 1304 3466 Deo
1349 3415 1521 3481 patris
1570 3413 1693 3482 ejus
1743 3412 1932 3474 David,
1971 3410 2092 3466 ideo

519 3505 745 3575 punitas
783 3514 885 3570 est,
939 3504 1084 3574 quod
1137 3513 1283 3571 patet
1332 3521 1398 3557 ex
1456 3505 1540 3556 his
1575 3518 1696 3570 quae
1731 3501 1935 3556 Achias
1967 3517 2100 3571 pro-

517 3597 752 3665 phetans
784 3596 920 3648 dixit
951 3596 1014 3648 ad
1045 3593 1336 3650 Jeroboam
1373 3611 1386 3646 :
1421 3611 1440 3641 ι
1481 3593 1605 3646 llaec
1631 3593 1764 3647 dicit
1788 3593 2054 3647 Dominus
2085 3607 2097 3641 :

521 3687 660 3742 Ecce
709 3703 809 3756 ego
842 3687 1068 3756 eripiam
1103 3702 1331 3756 regnum
1375 3687 1442 3741 de
1507 3701 1668 3740 trianu
1708 3683 2018 3739 Salomonis
2052 3695 2104 3738 et

522 3779 664 3832 dabo
700 3779 793 3833 tibi
828 3780 1016 3832 decem
1049 3779 1267 3845 tribus;
1319 3794 1482 3848 porro
1506 3779 1641 3831 duas
1679 3777 1854 3831 tribus
1880 3776 2021 3830 dabo
2057 3778 2105 3830 ei

524 3880 746 3941 propter
779 3869 947 3924 David
976 3885 1196 3925 servum
1215 3885 1394 3924 meum
1415 3880 1470 3923 et
1493 3867 1798 3924 Jerusalem
1825 3868 2102 3924 civitatem

519 3978 686 4034 quam
718 3962 852 4031 elegi
912 3978 980 4017 ex
1017 3963 1276 4017 omnibus
1327 3962 1583 4017 tribubus
1625 3961 1830 4029 Israel;
1863 3975 1927 4015 eo
1962 3960 2106 4030 quod

518 4056 870 4126 dereliquerit
925 4070 1012 4111 me
1055 4064 1108 4110 et
1166 4055 1475 4111 adoraverit
1521 4055 1775 4108 Astarten
1806 4054 1962 4107 deam
2019 4049 2108 4105 Si-

519 4149 814 4204 doniorum
841 4158 892 4204 et
922 4149 1162 4205 Chamos
1191 4149 1353 4202 deum
1383 4145 1566 4211 Moab,
1595 4155 1649 4199 et
1695 4143 1908 4199 Moloch
1943 4143 2107 4197 deum

521 4239 758 4294 ﬁliorum
805 4240 1062 4294 Ammon.
1105 4261 1122 4292 ι
1176 4239 1266 4293 Illa
1298 4247 1478 4294 autem
1532 4239 1755 4291 Astarte
1807 4245 1893 4288 est
1922 4235 2109 4290 eadem

522 4349 587 4388 ac
619 4333 918 4403 Aphrodite
1002 4335 1141 4402 apud
1195 4334 1433 4388 Graecos.
1467 4331 1568 4401 (Ex
1607 4338 1758 4384 astro
1784 4329 1885 4382 hoc
1911 4342 2114 4396 cogno-

523 4443 648 4481 men
679 4427 792 4480 dete
823 4426 954 4479 huic
986 4425 1305 4494 impositum
1333 4434 1438 4486 est,
1470 4422 1591 4490 ejus
1621 4421 1770 4476 enim
1801 4420 1968 4474 ﬁlium
2005 4417 2112 4472 Lu-

523 4518 752 4572 ciferum
803 4533 925 4572 esse
968 4519 1236 4586 tradunt.)
1289 4517 1530 4571 Chamos
1581 4523 1764 4569 autem
1821 4513 1962 4568 deus
1994 4518 2114 4566 erat

2207 2039 2480 2110 ἐπορεύθη
2515 2039 2692 2092 ὀπίσω
2741 2039 2948 2108 Κυρίου
2981 2037 3214 2108 (καθ)ὼς
3239 2037 3407 2091 Δαυτδ
3433 2041 3461 2091 ὁ
3489 2039 3670 2108 πατὴρ
3703 2041 3804 2092 αὑ-

2204 2129 2322 2185 τοῦ.
2351 2131 2460 2184 Καὶ
2491 2130 2739 2200 ὠργίσθη
2783 2129 2986 2198 Κύριος
3019 2129 3113 2181 ἐπὶ
3142 2128 3416 2197 Σολομὼν,
3447 2131 3527 2183 ὅτι
3558 2128 3802 2196 ἐξέκλινε

2205 2223 2433 2293 καρδίαν
2468 2222 2632 2275 αὑτοῦ
2661 2221 2769 2275 ἀπὸ
2809 2221 3021 2291 Κυρίου
3063 2221 3200 2274 Θεοῦ
3232 2221 3452 2293 Ἰσραὴλ
3473 2220 3571 2275 τοῦ
3603 2223 3803 2290 ὀφθέν-

2204 2330 2297 2376 τος
2321 2312 2471 2380 αὐτῷ
2498 2312 2579 2375 δὶς
2611 2313 2706 2365 καὶ
2744 2309 3131 2379 ἐντειλαμένου
3166 2311 3317 2380 αὐτῷ
3350 2340 3420 2351 -
3455 2311 3529 2380 μὴ
3564 2311 3804 2382 πορεύε-

2208 2404 2331 2457 σθαι
2361 2404 2407 2436 ⁸⁸
2453 2403 2632 2456 ὀπίσω
2679 2402 2817 2455 θεῶν
2870 2403 3074 2472 ἐτέρων
3110 2419 3127 2452 ι
3178 2403 3463 2474 παράπαν.
3504 2403 3615 2455 Καὶ
3677 2397 3804 2455 εἷπε

2207 2495 2412 2566 Κύριος
2448 2494 2584 2565 πρὸς
2628 2494 2794 2547 αὐτόν
2827 2509 2840 2526 ⁸
2880 2513 2898 2545 ι
2952 2493 3098 2546 Ἀνθ⁹
3158 2486 3234 2548 ὧν
3295 2495 3396 2546 οὐκ
3452 2493 3726 2562 ἐφύλαξας
3759 2494 3804 2526 ⁸⁵

2207 2587 2306 2649 τὰς
2351 2584 2574 2646 ἐντολὰς
2598 2584 2766 2637 ἰκαὶ
2796 2583 2862 2638 τὰ
2908 2583 3335 2655 προστάγματα,
3368 2584 3404 2638 ἃ.
3442 2586 3802 2656 ἐνετειλάμην

2210 2694 2313 2742 σοι,
2350 2677 2702 2749 διαρρήσσων
2733 2676 3016 2748 διαρῤήξω
3038 2677 3139 2746 τὴν
3165 2675 3450 2746 βασιλείαν
3485 2693 3578 2730 σου
3604 2677 3667 2729 ἐκ
3689 2677 3800 2729 τῶν

2208 2770 2408 2841 χειρῶν
2449 2787 2544 2822 σου
2580 2772 2675 2824 καὶ
2732 2769 2889 2824 δώσω
2940 2771 3114 2840 αὐτὴν
3146 2771 3224 2841 τῷ
3273 2769 3450 2842 δούλῳ
3503 2791 3620 2826 σου.
3656 2772 3804 2843 Πλὴν

2208 2862 2353 2930 (55δ)
2393 2863 2450 2914 ἐν
2504 2865 2624 2925 ταῖς
2657 2862 2892 2932 ἡμέραις
2930 2879 3023 2917 σου
3078 2861 3238 2915 τοῦτο
3289 2863 3350 2916 ού
3399 2865 3612 2935 ποιήσω
3641 2865 3686 2897 ⁸⁸
3711 2865 3805 2918 διὰ

2207 2955 2374 3009 Δαυῒδ
2405 2955 2496 3007 τὸν
2524 2954 2710 3008 δοῦλόν
2744 2973 2846 3024 μου
2875 2956 2969 3008 καὶ
3000 2956 3212 3024 πατέρα
3237 2973 3333 3008 σου
3361 2957 3432 3020 ⁸⁷,
3466 2958 3560 3010 καὶ
3582 2957 3667 3010 διὰ
3703 2956 3807 3009 Ἰε-

2211 3046 2495 3115 ρουσαλὴμ
2518 3046 2616 3116 τὴν
2647 3046 2802 3100 πόλιν
2855 3047 3007 3115 (μου)
3039 3045 3173 3117 ⁸⁸“ἣν
3216 3047 3572 3120 ἐξελεξάμην.
3616 3069 3634 3100 ι
3690 3050 3806 3103 Καὶ

2209 3139 2400 3208 ἤγειρε
2451 3139 2657 3209 Κύριος
2697 3139 2776 3209 τῷ
2819 3140 3130 3208 Σολομῶντι
3190 3143 3362 3193 σατὰν
3411 3142 3579 3210 ’Ἄδερ
3634 3142 3726 3194 τὸν
3759 3141 3807 3175 ⁸⁸

2223 3229 2544 3299 Ἰδουμαῖον,
2614 3229 2710 3283 καὶ
2761 3231 2851 3283 τὸν
2913 3230 3187 3300 Ἀδραζὰρ
3239 3232 3468 3301 βασιλέα
3528 3233 3690 3293 Σοϐἄ,
3734 3264 3810 3274 ——

2219 3341 2236 3369 ε
2279 3322 2369 3374 καὶ
2394 3317 2536 3390 ἦσαν
2585 3323 2662 3393 τῷ
2695 3322 2912 3392 Ἰσραὴλ
2950 3324 3120 3376 σατὰν
3155 3325 3200 3356 ⁹⁶
3225 3324 3408 3387 πάσας
3453 3325 3552 3388 τὰς
3584 3325 3809 3395 ἡμέρας

2212 3413 2578 3484 Σολομῶντος.
2621 3433 2638 3466 ι
2677 3416 2786 3468 Καὶ
2831 3416 3068 3468 ἀπέθανε
3107 3415 3363 3484 Σολομὼν
3393 3417 3530 3469 ἐτῶν
3575 3426 3675 3488 ογ’,
3710 3422 3811 3474 καὶ

2207 3505 2383 3574 ἐτάφη
2414 3504 2552 3574 μετὰ
2579 3504 2674 3556 τοῦ
2712 3504 2921 3573 πατρὸς
2962 3504 3148 3558 αὑτοῦ.
3191 3504 3266 3573 (6)
3296 3505 3584 3558 Ἐντεῦθεν
3623 3506 3809 3559 τοίνυν

2211 3599 2308 3652 καὶ
2332 3598 2684 3668 Θεοδώρητός
2715 3615 2882 3667 φησιν
2911 3598 2954 3629 ⁹¹
2983 3615 2996 3629 ο
3040 3617 3059 3649 ι
3109 3598 3502 3670 Ἐδιδάχθημεν
3540 3600 3665 3654 ὅσον
3698 3600 3810 3652 ὀνί-

2211 3708 2367 3758 νησιν
2405 3692 2437 3760 ή
2461 3691 2570 3743 τῶν
2599 3691 2880 3758 προγόνων
2909 3691 3161 3744 εὐσέϐεια
3184 3706 3197 3720 ⁶
3230 3691 3482 3763 ἀνέχεται
3507 3693 3616 3764 γὰρ
3641 3711 3805 3766 πονη»

2215 3783 2323 3853 ρῶν
2358 3784 2386 3835 ὁ
2435 3781 2820 3851 φιλάνθρωπος
2863 3781 3068 3852 Κύριος
3100 3782 3200 3852 τῆς
3232 3783 3342 3837 τῶν
3392 3785 3807 3854 κατοιχομένων

2215 3875 2418 3944 ἀρετῆς
2450 3873 2826 3942 μεμνημένος,
2852 3872 2993 3939 πλὴν
3018 3867 3112 3926 οὖν
3138 3873 3408 3945 ἐδρέψατο
3444 3875 3689 3947 μερικῶς
3711 3878 3813 3931 καὶ

2213 3967 2341 4028 τοὺς
2379 3969 2481 4034 τῆς
2512 3965 2772 4027 ἀσεϐείας
2811 3967 3059 4033 καρποὺς
3095 3965 3318 4030 ἐνδίκως
3351 3967 3500 4038 παρὰ
3528 3968 3630 4038 τῆς
3654 3969 3810 4033 θείας

2211 4057 2390 4126 δίκης.
2426 4075 2441 4106 ι
2481 4057 2528 4088 ⁸⁸
2555 4056 2633 4125 (7)
2671 4056 2821 4118 Ἕως
2854 4056 2954 4125 μὲν
2986 4057 3085 4126 τῆς
3131 4057 3341 4112 ἄνωθεν
3388 4062 3638 4132 ἀπήλαυε
3670 4080 3810 4132 προ-

2215 4148 2468 4218 μηθείας,
2504 4150 2561 4202 ἐν
2593 4150 2785 4219 εἰρήνῃ
2823 4150 2920 4202 καὶ
2951 4149 3161 4221 γαλήνῃ
3195 4150 3376 4220 διῆγε,
3412 4152 3623 4216 πάντας
3666 4152 3815 4223 ἔχων

2213 4240 2616 4308 ὑποκειμένους
2658 4243 2752 4294 καὶ
2780 4241 2989 4310 δασμὸν
3037 4243 3366 4313 κομίζοντας
3417 4246 3498 4299 ὅτι
3542 4245 3813 4315 μάλιστα.

2227 4332 2449 4401 Ἐπειδὴ
2489 4331 2546 4384 δὲ
2578 4333 2784 4404 ταύτης
2810 4333 3130 4404 ἐγυμνώθη,
3164 4338 3278 4398 τοῖς
3308 4335 3635 4407 δυσμενέσιν
3682 4339 3816 4393 ἐπι-

2214 4425 2467 4498 χείρητος
2497 4427 2544 4458 ’³
2575 4425 2767 4495 γέγονε
2791 4444 2804 4459 ο
2857 4426 3076 4496 άληθῶς
3121 4427 3292 4492 ὅντως
3323 4430 3370 4462 ’⁸
3411 4449 3428 4481 ι
3469 4431 3702 4500 φοϐερὸν
3748 4433 3817 4485 τὸ

2215 4519 2483 4584 ἐμπεσεῖν
2535 4516 2615 4580 είς
2672 4518 2865 4588 χεῖρας
2919 4517 3057 4570 Θεοῦ
3102 4519 3325 4583 ζῶντος.
3363 4538 3382 4571 ι
3428 4521 3642 4592 ’Ὥσπερ
3697 4521 3816 4594 γὰρ

524 4609 839 4681 Tyriorum.
881 4608 1094 4664 Moloch
1160 4627 1178 4660 ι
1209 4609 1527 4664 scandalum
1562 4627 1580 4658 ι
1626 4606 1829 4662 idolum
1871 4616 2012 4671 erat,
2055 4615 2100 4659 et

2217 4609 2365 4671 ἕλεος
2385 4607 2552 4662 αὐτοῦ
2582 4608 2846 4679 ἄρρητος,
2877 4607 3021 4662 οὕτω
3051 4611 3142 4663 καὶ
3164 4613 3197 4680 ἡ
3233 4611 3460 4676 κόλασις
3494 4613 3817 4666 ἀνυπόστα-

523 4701 607 4756 sic
657 4700 952 4763 scatidala,
1009 4700 1449 4754 abominationes
1496 4699 1642 4753 idola
1711 4714 1909 4753 vocare
1969 4701 2100 4756 solet

2215 4719 2329 4765 τος.
2359 4702 2482 4754 Ὅτι
2512 4701 2568 4754 δὲ
2597 4703 2709 4763 τοῖς
2748 4699 2988 4764 εἰδώλοις
3027 4701 3322 4772 ἐλάτρευσε
3353 4703 3688 4774 καταλείψας
3717 4705 3818 4757 τὸν

524 4792 826 4862 Scriptura.
899 4792 1056 4858 Quod
1125 4792 1348 4846 verbum
1415 4790 1688 4862 signiﬁcat
1753 4793 2106 4862 sacrilegium

521 4895 578 4941 et
638 4884 816 4940 nefas.
867 4884 1001 4940 Jure
1062 4887 1189 4955 quis
1247 4885 1481 4938 miretur
1524 4883 1666 4953 quod
1705 4894 1763 4938 ut
1806 4885 1874 4938 de
1923 4886 2107 4941 divino

523 4979 731 5051 Moyse,
766 4979 846 5034 sic
897 4979 966 5033 de
1027 4979 1437 5050 sapientissimo
1492 4978 1788 5032 Salomone
1836 4979 2104 5046 evenerit,

523 5073 798 5141 quomodo
827 5083 1058 5144 uterque
1091 5073 1329 5145 primum
1371 5080 1519 5126 tanta
1550 5071 1734 5125 divina
1769 5073 1940 5142 gloria
1975 5088 2106 5142 pru-

2213 4795 2384 4855 ὅντως
2412 4793 2541 4846 ὅντα
2582 4793 2718 4846 Θεὸν
2746 4792 2841 4846 τοῦ
2870 4794 3080 4862 πατρὸς
3111 4794 3278 4848 αὐτοῦ
3307 4795 3494 4862 Δαυῒδ,
3531 4794 3834 4868 [εὕδηλονί

2215 4887 2272 4950 ἐξ
2309 4879 2385 4939 ὧν
2430 4887 2527 4939 καὶ
2562 4885 2753 4955 Ἀχίας
2787 4887 2816 4938 ὁ
2847 4886 3137 4956 προφήτης
3165 4886 3300 4957 φησὶ
3332 4885 3390 4917 ’θ’
3412 4887 3547 4956 πρὸς
3581 4886 3670 4939 τὸν
3709 4885 3817 4939 Ἰε-

2218 4977 2427 5047 ροϐοὰμ
2475 4976 2726 5047 (οὖτως)·
2776 4995 2794 5026 ι
2851 4976 2992 5030 Τάδε
3041 4976 3190 5044 λέγει
3234 4976 3474 5044 Κύριος’
3515 4979 3648 5031 Ἰδοὺ
3696 4978 3816 5043 ἐγὼ

2219 5071 2408 5141 ρήσσω
2443 5070 2542 5140 τὴν
2595 5069 2874 5140 βασιλείαν
2901 5070 2947 5101 ⁸⁷
2994 5070 3361 5140 Σολομῶντος,
3394 5071 3488 5124 καὶ
3538 5068 3694 5124 δώσω
3729 5089 3817 5126 σοι

1699 5188 1905 5249 Varia;
1940 5187 2252 5250 lectiones
2298 5197 2361 5250 et
2406 5195 2599 5250 notae.

573 5308 802 5382 ⁷³αὐτῆς
817 5312 963 5368 Eccl.
1003 5317 1250 5370 τδΤαῦτα
1266 5315 1397 5369 Ced.
1435 5317 1516 5369 "I
1548 5315 1677 5382 Reg.
1703 5313 1882 5375 xui-1
1903 5314 1948 5365 ί.
1979 5313 2025 5343 ⁷⁸
2056 5313 2100 5379 βε

2209 5311 2319 5382 ἦν).
2345 5312 2470 5378 βασ.
2486 5308 2744 5382 Σολομῶν
2764 5305 2972 5382 ﬁv'ch'.
2991 5321 3044 5365 et
3267 5311 3309 5344 ⁷⁷
3341 5310 3697 5382 Μωαϐίτιδας
3715 5314 3812 5364 καὶ

525 5385 776 5455 Ἄμμων.
837 5385 987 5455 l._M.
1038 5387 1258 5455 ’Λμμαν
1289 5403 1306 5418 ο
1333 5387 1457 5441 cod.
1513 5395 1566 5440 et
1599 5385 1763 5439 LXX.

524 5524 797 5606 ἐφύλαξᾲς
827 5541 936 5606 μου
957 5527 1105 5606 rod._
1137 5528 1201 5606 ἐξ
1235 5528 1454 5606 ἐντολᾲς

523 5598 587 5647 ἐκ
615 5596 796 5664 χειρὸς
819 5595 939 5648 υίοῦ
974 5613 1065 5648 σου
1091 5598 1332 5666 λήψομαι
1361 5598 1530 5668 αὐτὴν
1553 5596 1693 5667 πλὴν
1719 5597 1847 5666 ὅλην
1876 5595 1975 5662 τὴν
2018 5595 2058 5664 βι

523 5667 683 5718 Δαυῒδ
712 5665 803 5718 τὸν
837 5667 882 5718 δ.
925 5683 1024 5722 μου
1063 5670 1158 5720 καὶ
1188 5669 1277 5720 διά
1302 5668 1320 5722 1
1347 5669 1502 5722 Βριι..
1581 5669 1626 5699 ⁸⁸
1662 5684 1763 5722 μου
1787 5683 1899 5721 οιιι.
1931 5665 1948 5719 l
1980 5664 2058 5718 lie

523 5681 683 5718 .11qu
712 5681 803 5718 τον
837 5681 882 5718 ο.
924 5683 1024 5737 μου
1063 5681 1158 5720 και
1188 5681 1277 5720 ma
1305 5681 1320 5722 I
1347 5681 1502 5739 lteg..
1581 5681 1626 5699 ου
1661 5684 1763 5736 μου
1787 5683 1899 5721 om.
1931 5681 1947 5719 ι
1982 5681 2111 5736 Iteg.

523 5737 613 5808 τὸν
658 5737 714 5788 ἐν
758 5738 979 5805 Ῥααμὰ
1006 5738 1294 5804 Ἀδαδέζερ
1325 5739 1336 5787 l
1371 5740 1500 5808 llcg.
1577 5739 1625 5770 ν⁰
1656 5755 1742 5790 στ.
1767 5737 1844 5802 τῷ
1884 5735 1940 5789 'i.
1972 5735 1987 5788 Ι
2022 5735 2111 5806 Rei

1843 5385 1888 5414 ⁷⁸
1919 5382 2157 5454 ἐγενήθη
2209 5385 2224 5434 l
2273 5381 2406 5454 Reg.

523 5455 567 5488 "
596 5451 796 5521 ὑψηλόν
837 5453 1015 5524 lReg.
1059 5451 1186 5509 ναόν
1227 5457 1360 5510 Ced.
1439 5456 1484 5488 ⁸²
1517 5458 1719 5517 πάσαις
1759 5459 1873 5518 τοῖς
1921 5471 1977 5520 γ.
2020 5451 2078 5506 ἁ.

2209 5456 2253 5524 ῖς
2283 5451 2374 5507 ἁλζ
2421 5452 2437 5505 l
2473 5451 2604 5524 lieg.

1489 5543 1590 5595 μου
1625 5528 1716 5579 καὶ
1745 5527 1812 5578 τὰ
1845 5523 2249 5594 προστάγματα
2285 5541 2385 5592 μου
2424 5524 2438 5576 l
2472 5521 2605 5595 ﬂag.

1577 5739 1625 5770 ’°
1656 5735 1742 5790 στ.
1767 5737 1844 5802 τῷ
1884 5735 1940 5789 'i.
1972 5735 1987 5788 I
2022 5735 2153 5808 Reg.

2485 5381 2531 5412 ⁷⁸
2579 5381 2759 5434 τελεία
2790 5379 2831 5434 ⁷1
2896 5380 3028 5448 Reg.
3138 5381 3185 5412 ”
3234 5399 3287 5450 γ.
3333 5384 3390 5434 αἱ
3442 5381 3559 5434 ἀλλ.
3613 5381 3627 5434 l
3668 5379 3808 5449 Heg.

2679 5451 2728 5523 f'
2769 5451 3144 5523 πορευθῆναι]
3177 5450 3308 5523 Reg.

2682 5521 2730 5552 "
2761 5522 2820 5573 ού
2858 5541 2914 5575 π.
2945 5523 3093 5594 αὐτόι⁸
3138 5523 3151 5576 Ι
3179 5521 3314 5594 Reg.

3388 5452 3434 5484 ⁸⁸
3459 5451 3734 5517 ἐφύλαξας
3770 5455 3808 5507 1.

3390 5522 3435 5553 ⁸⁷
3477 5522 3568 5574 τὸν
3599 5539 3660 5574 π.
3689 5539 3808 5574 σου.

2018 5591 2298 5664 βασιλείαν
2335 5592 2506 5664 ούημὴ
2538 5591 2712 5664 λάϐω.
2765 5594 3044 5664 σκῆπτρον
3074 5591 3134 5644 ἓν
3168 5591 3327 5647 δώσω
3350 5593 3446 5664 ,τῷ
3474 5592 3574 5664 υίῷ
3599 5609 3692 5664 σου
3718 5592 3812 5664 διὰ

2192 5666 2236 5698 δ’
2276 5681 2328 5717 σ.
2358 5661 2441 5733 τῷ
2466 5661 2722 5734 Σολομῷν
2746 5662 2836 5734 τύν
2867 5663 2884 5717 1
2926 5661 3058 5729 Reg.
3096 5697 3160 5706 σ-
3205 5661 3426 5734 Ἐσρὼμ
3453 5661 3567 5716 υἱὸν
3603 5663 3811 5715 Ἐλιαδὲ

2231 5737 2271 5767 ⁹¹
2300 5732 2584 5806 Neclinq.
2614 5732 3032 5806 40ir_1_Ex.nec
3062 5734 3132 5788 37
3171 5733 3222 5806 iu
3274 5732 3407 5806 Reg.
3428 5734 3556 5806 llaec
3587 5745 3814 5806 semen.

526 5805 597 5878 tia
627 5803 920 5863 invenitur.
995 5809 1202 5863 "Ced.
1265 5803 1716 5867 l7l.-l8'-l72.10.
1795 5809 1839 5840 ’³
1890 5809 2099 5877 εὐεπιχ-

2209 5807 2276 5861 Bd.
2355 5803 2559 5859 “lleb.
2618 5820 2668 5857 Χ,
2729 5803 2817 5857 3i.
2896 5805 2941 5836 "
2976 5804 3083 5874 γὰρ
3123 5806 3149 5857 ὀ
3195 5805 3243 5857 ὲ.
3281 5803 3378 5878 dp:
3413 5804 3546 5859 Cod.
3626 5804 3669 5835 η
3702 5804 3810 5871 ἔφη

529 5876 659 5929 (28³.
738 5878 780 5909 ³⁷
810 5880 869 5930 ἐκ
901 5882 1080 5949 χειρός
1117 5880 1130 5932 Ι
1187 5879 1314 5947 llcg.
1352 5895 1423 5942 XI,
1467 5881 1526 5933 5i
1567 5881 1636 5933 55
1667 5879 1800 5933 Cod.
