4096 6434
451 385 548 458 27!

1651 373 1976 441 GEORGII
2020 367 2472 440 HAMARTOLI

3602 351 3714 418 2‘12

451 505 662 562 nationi
699 517 806 558 non
851 499 1109 563 involvit,
1153 499 1246 552 sed
1296 494 1647 551 unanimitas.
1694 493 1812 547 Non
1861 491 2026 561 igitur
2055 496 2087 553 Α

2162 482 2516 554 ,ατεποντὼθη
2571 481 2701 523 ³⁸-
2729 479 2789 532 οὑ
2828 476 2937 547 γὰρ
2981 475 3015 546 ἡ
3071 469 3381 542 συνοίκησις
3422 468 3720 523 καταδικά-

450 597 595 652 ali-us
636 609 734 666 pro
773 592 879 648 alio
913 591 1201 655 morietur,
1231 587 1328 644 sed
1364 605 1384 638 ι
1427 584 1650 640 funibus
1681 560 2025 654 peccatorum

2162 581 2219 637 ζει
2257 578 2328 643 ³⁸⁸,
2360 575 2476 630 ἀλλ’
2507 576 2540 644 ή
2571 573 2670 644 τῆς
2714 569 2944 640 γνώμης
2971 565 3220 638 ὁμόνοια.
3249 593 3320 606 --
3352 561 3396 592 “
3429 560 3514 614 06‘
3534 561 3721 612 τοίνυν

449 701 676 742 suorum
707 683 941 754 quisque
966 679 1412 749 constringitur.)
1445 674 1512 730 Et
1540 692 1556 731 :
1596 673 1765 728 «Ecce
1791 675 1955 728 homo
1977 681 2032 726 et

451 792 591 847 opus
619 774 736 844 ejus
774 783 900 828 ante
930 772 1123 828 faciem
1157 771 1331 824 illius»
1365 775 1420 823 et
1449 765 1692 837 «justitia
1709 763 1843 834 justi
1865 777 2031 832 super

453 871 633 940 ipsum
676 867 835 924 erit.»
874 866 986 920 Et:
1026 861 1514 930 «Unumquemque
1544 856 1700 925 juxta
1729 855 1861 922 jvias
1903 867 2033 908 suas

451 961 737 1032 judicabo,
769 959 968 1013 domus
999 953 1188 1017 Israel,
1215 952 1348 1006 dicit
1379 949 1644 1005 Dominus
1673 946 1874 1001 Deus.»
1918 943 1986 999 Et
2015 963 2028 999 :

461 1073 482 1106 σ
526 1051 664 1118 Quid
699 1064 796 1103 vos
826 1046 1008 1102 dicitis
1033 1043 1346 1114 parabolam
1379 1042 1520 1096 hanc
1549 1055 1563 1092 :
1599 1057 1619 1090 ι
1663 1039 1854 1094 Patres
1882 1051 2034 1092 com-

453 1145 688 1198 ederunt
730 1153 892 1193 uvam
938 1135 1190 1191 acerbam
1250 1141 1305 1188 et
1329 1133 1522 1189 dentes
1558 1130 1797 1186 ﬁliorum
1842 1130 2033 1184 obstu-

455 1230 731 1306 puerunt?
769 1247 788 1282 ι
828 1225 965 1282 Vivo
993 1241 1118 1295 ego,
1141 1225 1273 1280 dicit
1325 1222 1587 1279 Dominus
1619 1221 1785 1286 Deus,
1837 1221 1882 1276 si
1931 1218 2037 1273 erit

459 1327 604 1380 ultra
636 1323 791 1380 vobis
847 1319 1108 1392 parabola
1137 1319 1256 1372 haec
1294 1316 1352 1371 in
1383 1314 1731 1385 proverbium
1764 1316 1818 1367 in
1850 1311 2037 1367 lsrael.

461 1420 607 1474 Ecce
636 1431 830 1472 onmes
881 1415 1078 1469 animae
1111 1424 1246 1465 mea:
1293 1418 1440 1473 sunt,
1472 1414 1533 1461 ut
1563 1408 1743 1460 anima
1769 1405 1939 1475 patris
1964 1403 2040 1458 ita

458 1517 516 1564 et
562 1508 746 1562 anima
782 1504 879 1559 ﬁlii
911 1518 1033 1558 mea
1072 1509 1176 1568 est,
1214 1501 1394 1554 anima
1447 1511 1570 1566 qua).
1624 1494 1869 1566 peccavit
1924 1495 2039 1564 ipsa

458 1599 754 1655 morietur.
798 1615 818 1649 ι

2138 671 2324 740 ἕτερος
2360 665 2500 738 ὑπὲρ
2545 663 2735 734 ἐτέρου
2779 659 3156 720 ἀποθανεῖται,
3187 653 3326 708 ἀλλά
3361 651 3406 684 ⁸³
3443 669 3462 704 ι
3501 651 3719 720 σειραῖς

2138 762 2245 814 τῶν
2277 757 2472 813 ἑαυτοῦ
2498 753 2783 828 ἁμαρτιῶν
2802 752 2847 784 ⁸³
2875 751 3106 812 ἕκαστος
3127 748 3417 817 σφίγγεται
3440 760 3487 798 ἰ
3527 743 3640 798 καί⁹
3675 744 3722 774 ⁸⁵

2148 872 2167 904 ι
2214 852 2346 905 Ἰδοὺ
2370 850 2657 920 ἄνθρωπος
2683 846 2780 900 καὶ
2801 847 2862 898 τὸ
2886 844 3046 913 ἔργον
3073 841 3242 896 αὑτοῦ
3275 839 3384 909 πρὸ
3414 836 3720 908 προσώπου

2143 943 2342 998 αὑτοῦ·
2393 939 2583 993 ι-καί
2619 940 2664 973 ⁸⁵
2691 955 2705 970 ο
2754 957 2772 989 ι
2813 935 3137 1006 Δικαιοσύνη
3180 931 3389 986 δικαίου
3427 929 3514 982 ἐπ’
3561 927 3727 982 αὐτὸν

2144 1036 2317 1090 ἐσται.
2349 1034 2621 1087 Ἐκαστον
2655 1030 2798 1084 κατὰ
2850 1028 2948 1100 τὴν
2978 1027 3099 1082 δδδν
3148 1024 3303 1096 ὑμῶν
3351 1020 3524 1092 κρινῶ
3551 1021 3721 1090 ὑμᾶς,

2143 1124 2291 1190 οἶκος
2338 1124 2578 1196 Ἰσραὴλ,
2611 1123 2761 1190 λέγει
2810 1121 3016 1192 Κύριος
3057 1120 3086 1172 ὁ
3111 1117 3242 1180 Θεός
3267 1132 3280 1146 ο
3318 1113 3549 1168 »ο-καί·
3595 1129 3614 1163 ι
3658 1111 3726 1162 Τί

2144 1222 2302 1291 ὑμεῖς
2332 1219 2520 1287 λέγετε
2560 1217 2606 1248 ⁸⁸
2633 1217 2730 1287 τὴν
2762 1211 3083 1285 παραϐολὴν
3112 1209 3320 1279 ταύτην
3346 1224 3361 1274 ;
3389 1208 3452 1261 Οί
3488 1204 3728 1273 πατέρες

2142 1313 2345 1383 ἔφαγον
2377 1311 2504 1373 τοὺς
2552 1309 2810 1378 δμφακας
2839 1307 2882 1339 ⁵⁷
2913 1305 3007 1359 καὶ
3047 1306 3098 1358 οί
3145 1303 3355 1364 ὀδόντες
3381 1299 3492 1353 τῶν
3521 1297 3732 1350 τέκνων

2143 1403 2494 1474 ᾑμωδίασαν;
2543 1418 2561 1451 ι
2587 1429 2656 1440 —-
2679 1399 2725 1430 ⁴⁸
2761 1417 2779 1450 ι
2817 1398 2904 1452 Ζῶ
2941 1395 3074 1465 ἐγὼ,
3107 1396 3258 1462 λέγει
3290 1388 3504 1445 ’Δδοναῒ
3537 1389 3580 1422 ⁸⁸
3612 1385 3732 1442 Κύ-

2144 1513 2281 1568 ριος,
2315 1493 2367 1546 εἴ
2403 1495 2552 1546 ἐστιν
2579 1493 2626 1524 ⁸⁸
2656 1493 2714 1545 ἐν
2743 1492 2872 1561 ὑμῖν
2920 1490 3001 1542 ἔτι
3049 1486 3320 1556 λεγομένη
3365 1486 3400 1556 ἡ
3441 1481 3732 1554 παραϐολὴ

2142 1588 2285 1658 αὓτη
2319 1590 2378 1642 ἐν
2419 1587 2660 1658 Ἰσραὴλ,
2700 1586 2782 1639 ὅτι
2837 1584 3012 1637 πᾶσαι
3059 1583 3116 1635 αἱ
3164 1579 3337 1650 ψυχαὶ
3377 1576 3508 1648 ἐμαί
3556 1577 3730 1628 εἰσινο

459 1695 520 1749 ὃν
548 1695 748 1764 τρόπον
775 1694 808 1764 ἡ
833 1691 982 1762 ψυχὴ
1028 1688 1125 1744 τοῦ
1155 1689 1380 1758 πατρὸς,
1412 1685 1586 1748 οὕτως
1612 1686 1646 1756 ἠ
1672 1684 1820 1756 ψυχὴ
1839 1684 1934 1739 τοῦ
1973 1684 2093 1739 υίοῦ
2123 1686 2230 1757 ἐμή
2262 1688 2407 1738 ἐστιν
2425 1699 2441 1717 ο
2481 1684 2516 1754 ἡ
2541 1681 2688 1753 ψυχὴ
2717 1681 2752 1752 ἡ
2793 1678 3204 1750 ἁμαρτάνουσα,
3235 1673 3376 1744 αὐτὴ
3400 1672 3496 1728 καὶ
3521 1669 3736 1724 ἀποθα-

462 1787 658 1841 νεῖται.

923 1894 1176 1953 LIV—LV.
1206 1893 1441 1965 Regnum
1473 1892 1636 1948 Osiw.

537 2014 755 2070 Mortuo
791 2011 1052 2072 Amasia,
1087 2006 1334 2078 regnavit
1373 2002 1555 2069 Osias,
1587 2004 1681 2074 qui
1725 2011 1782 2060 et
1816 2004 2044 2060 Azarias

465 2108 693 2172 dicitur,
727 2105 870 2159 ﬁlius
899 2103 1041 2173 ejus,
1075 2109 1130 2154 et
1175 2097 1304 2154 fecit
1340 2097 1484 2167 quod
1514 2096 1776 2166 placitum
1805 2103 1924 2150 erat
1949 2109 2045 2151 co-

465 2217 584 2258 ram
610 2199 862 2258 Domino;
885 2211 1008 2252 cum
1045 2206 1225 2248 autem
1256 2191 1306 2246 ei
1331 2190 1464 2246 bene
1479 2189 1815 2260 contigisset,
1858 2203 2047 2259 super-

469 2295 598 2361 biit,
645 2291 931 2360 cupiitque
982 2286 1181 2342 oﬁ‘crre
1225 2285 1511 2340 incensum
1557 2282 1670 2338 Deo
1704 2296 1804 2338 suo
1841 2291 1898 2336 et
1931 2283 2047 2351 ipse

468 2400 710 2458 quaque,
739 2382 886 2455 quod
928 2381 1062 2437 solis
1097 2368 1477 2435 sacerdotibus
1507 2375 1654 2430 licet.
1696 2372 1832 2429 Cum
1886 2373 2049 2442 igitur

467 2480 521 2533 in
551 2476 754 2546 templo
783 2475 1064 2529 incensum
1091 2469 1399 2534 obtulisset,
1426 2467 1674 2537 leprosus
1696 2464 1874 2520 factus
1897 2469 2052 2532 est_et

472 2569 554 2625 sic
590 2576 840 2622 mortuus
865 2570 978 2630 est;
1011 2560 1132 2631 ejus
1164 2573 1392 2630 regnum
1419 2556 1813 2628 quinquaginta
1843 2564 1895 2610 et
1917 2553 2051 2608 duo-

469 2675 594 2716 rum
645 2670 918 2713 annorum
965 2652 1089 2708 fuit.
1143 2650 1217 2705 De
1274 2665 1385 2720 quo
1436 2647 1863 2718 Chrysostomus
1917 2645 1992 2699 ait
2033 2657 2048 2698 :

479 2773 497 2806 ι
539 2749 704 2808 Osias
727 2757 908 2804 autem
936 2760 1061 2801 cum
1096 2741 1350 2806 invaluit,
1375 2757 1482 2795 non
1515 2739 1777 2795 sustinuit
1804 2745 2053 2808 potesta-

476 2844 547 2899 tis
589 2833 1044 2911 magnitudinem,
1088 2832 1182 2890 sed
1219 2831 1683 2901 quemadmodum
1719 2845 1782 2884 ex
1816 2827 2055 2900 ingluvie

477 2934 726 2990 nascitur
776 2939 992 2992 tumor,
1035 2941 1067 2981 e
1110 2935 1325 2980 tumore
1371 2922 1526 2978 calor
1596 2921 1796 2975 ardens
1835 2929 1888 2975 ct
1931 2919 2055 2974 inde

481 3041 625 3096 saepe
651 3022 851 3094 saepius
880 3034 1069 3084 mors;
1102 3017 1183 3074 sic
1209 3031 1275 3070 ex
1325 3028 1510 3071 rerum
1556 3012 1956 3083 magniﬁcentia
1998 3011 2057 3065 ﬁt

479 3118 721 3184 insania;
745 3109 976 3187 quodin
995 3109 1316 3182 corporibus
1346 3117 1547 3172 tumor,
1576 3104 1716 3159 idem
1745 3113 1829 3159 est
1855 3103 1909 3156 in
1935 3101 2055 3155 ani-

483 3227 571 3268 ma
608 3209 817 3265 insania
849 3198 1233 3276 superbiaque.
1265 3197 1477 3254 Deinde
1507 3211 1572 3252 ex
1599 3195 1810 3264 insania
1844 3191 2057 3263 cupidi-

2529 1885 2792 1942 ΝΔ’-ΝΕ’.
2829 1885 3115 1940 Βασιλεία
3160 1881 3359 1944 Ὀζῖου.

2224 2007 2267 2038 ’ί
2305 2001 2463 2059 Μετά
2507 2001 2563 2056 δέ
2606 2001 2868 2072 Ἀμεσίαν
2920 1998 3275 2053 ἐϐασίλευσεν
3335 1997 3520 2060 Ὀζίας
3561 1995 3590 2048 δ
3641 1990 3736 2049 καὶ

2163 2098 2444 2168 Ἀζαρίας,
2475 2098 2504 2150 δ
2526 2096 2638 2160 υίὸς
2665 2092 2854 2162 αὐτοῦ,
2895 2094 2994 2147 καὶ
3024 2090 3250 2164 ἐποίησε
3293 2089 3355 2146 τὸ
3395 2088 3551 2152 eset;
3599 2088 3734 2143 ἐνώ-

2155 2207 2277 2244 πιον
2308 2189 2513 2260 Κυρίου
2551 2187 2645 2242 καὶ
2695 2185 3067 2255 εὐωδούμενος
3103 2178 3318 2254 ἐπήρθη
3355 2179 3450 2235 καὶ
3498 2176 3738 2250 ἠθέλησε

2155 2281 2420 2352 θυμιάσαι
2442 2280 2518 2350 τῷ
2544 2279 2664 2350 Θεῷ
2692 2278 2853 2342 αὐτὸς
2878 2278 2946 2330 δι’
2970 2275 3187 2338 ἐαυτοῦ,
3208 2275 3346 2344 ὅπερ
3367 2273 3548 2344 μόνοις

2156 2373 2335 2437 ἔξεστι
2383 2373 2500 2435 τοῖς
2552 2369 2831 2442 ίερεῦσινο
2875 2369 2970 2422 καὶ
3015 2368 3079 2438 δὴ
3124 2365 3397 2436 θυμιάσας
3427 2366 3484 2417 ἐν
3516 2361 3593 2431 τῷ
3626 2360 3744 2430 ναῷ

2157 2464 2318 2529 εὐθὺς
2363 2462 2649 2532 ἐλεπρὼθη
2683 2461 2776 2514 καὶ
2820 2459 2993 2523 οὕτως
3038 2457 3379 2529 ἐτελεύτησε,
3409 2452 3745 2526 βασιλεύσας

2158 2556 2256 2624 ἔτη
2311 2552 2389 2624 νβ’
2430 2555 2474 2586 ⁸³
2499 2569 2513 2585 ⁸
2547 2584 2616 2594 -
2650 2553 2694 2586 ⁸⁸
2737 2552 2815 2622 (2)
2863 2551 3002 2622 Περὶ
3049 2542 3111 2603 οὗ
3170 2548 3266 2602 καὶ
3297 2550 3324 2602 ὁ
3356 2546 3743 2617 Χρυσόστομός

2161 2665 2325 2718 φησιν
2352 2663 2365 2677 ·
2403 2665 2420 2698 ι
2478 2645 2538 2702 ’0
2571 2644 2664 2700 οὖν
2711 2644 2891 2708 Ὀζίας
2933 2641 3096 2714 ἡνίκα
3130 2640 3375 2710 ἴσχυσεν,
3401 2639 3506 2691 οὐκ
3543 2639 3739 2707 ἤνεγκε

2158 2741 2260 2812 τῆς
2289 2736 2605 2800 δυναστείας
2643 2737 2704 2790 τὸ
2756 2734 3006 2806 μέγεθος,
3039 2733 3154 2787 ἀλλ’
3186 2731 3378 2802 ὥσπερ
3429 2730 3488 2794 ἐξ
3529 2729 3741 2796 ἀδηφα-

2160 2834 2288 2902 γίας
2317 2830 2365 2864 δ’*
2397 2829 2496 2901 μὲν
2532 2829 2746 2898 γίνεται
2798 2826 3100 2898 φλεγμονὴ,
3138 2828 3200 2878 ἐκ
3251 2825 3307 2878 δὲ
3359 2821 3674 2894 φλεγμονῆς
3700 2819 3746 2852 ⁵⁸

2161 2922 2406 2976 τίκτεται
2434 2921 2692 2992 πυρετὸς,
2724 2915 2843 2972 εἷτα
2871 2917 3101 2981 Θάνατος
3127 2916 3172 2947 ⁸⁸
3195 2913 3408 2967 ἐκεῖθεν
3437 2912 3702 2974 πολλάκις
3729 2925 3744 2938 ’

2162 3013 2305 3066 οὕτω
2367 3010 2647 3065 κάνταῦθα
2709 3010 2819 3063 ἀπὸ
2875 3011 2976 3080 τῆς
3033 3008 3144 3061 τῶν
3198 3007 3342 3076 (59⁸)
3399 3003 3748 3075 πραγμάτιον

2165 3102 2473 3174 ὑπερϐολῆς
2499 3103 2568 3168 ⁸⁷,
2603 3101 2834 3156 ἀπόνοια
2865 3102 3094 3170 γέγονεν
3121 3117 3133 3130 ·
3177 3101 3318 3168 ὅπερ
3361 3099 3470 3168 γὰρ
3511 3097 3606 3149 ἐπὶ
3633 3094 3747 3147 τῶν

2169 3195 2436 3264 σωμάτων
2459 3192 2759 3262 φλεγμονὴ,
2779 3190 2936 3244 τοῦτο
2957 3191 3051 3242 ἐπὶ
3073 3189 3173 3260 τῆς
3215 3186 3396 3258 ψυχῆς
3435 3186 3658 3240 ἀπόνοια
3677 3184 3748 3248 ⁵⁸,

481 3315 567 3359 tas
605 3315 789 3356 rerum
822 3313 946 3368 qua:
977 3311 1082 3350 non
1135 3293 1328 3348 decent
1374 3289 1530 3358 sequi
1577 3287 1732 3343 solet.
1785 3286 2087 3346 Caeterumt

2162 3281 2279 3339 εἶτα
2305 3285 2362 3351 ἐξ
2394 3284 2652 3348 ἀπονοίας
2683 3283 2954 3352 ἐπιθυμία
2975 3282 3084 3335 τῶν
3115 3282 3176 3334 οὐ
3209 3281 3599 3350 προσηκόντων
3630 3275 3676 3307 ⁵⁹
3722 3297 3740 3326 ι

480 3391 754 3448 elevatum
783 3394 869 3443 est
901 3399 995 3439 cor
1018 3382 1138 3452 ejus
1169 3389 1223 3434 et
1265 3393 1374 3433 non
1413 3377 1675 3431 remansit
1713 3375 1947 3431 interius
1981 3376 2064 3429 in-

484 3481 639 3538 sania
677 3492 777 3533 nec
810 3482 1003 3531 sanata
1033 3480 1137 3533 est,
1167 3469 1261 3524 sed
1299 3467 1366 3522 ad
1409 3467 1552 3522 mala
1581 3481 1747 3536 opera
1779 3481 1905 3520 eum
1932 3465 2060 3520 inci-

488 3573 625 3627 tavit
690 3580 1023 3636 omnemque
1083 3563 1345 3617 virtutem
1397 3558 1679 3628 corrupit;
1734 3559 1867 3613 dicit
1921 3559 2068 3613 enim

489 3664 770 3733 Scriptura
798 3675 814 3712 :
849 3655 986 3712 iSed
1017 3669 1140 3710 cum
1169 3653 1458 3707 roboratus
1486 3658 1650 3716 esset,
1687 3649 1955 3705 elcvatum
1987 3658 2072 3705 est

491 3771 586 3811 cor
623 3753 744 3824 ejus
781 3751 836 3804 in
882 3746 1159 3802 interitum
1207 3759 1389 3810 suum,
1432 3751 1487 3799 et
1517 3741 1753 3813 neglexit
1779 3739 2070 3796 Dominum

493 3848 689 3909 Deum,
727 3843 1118 3910 ingressusque
1156 3835 1416 3904 templum
1444 3831 1688 3898 Domini,
1725 3833 1948 3888 adolere
1975 3849 2071 3886 vo»

493 3937 594 3992 luit
621 3936 904 3989 incensum
938 3943 1101 3997 super
1131 3926 1306 3981 altare
1338 3921 2074 3994 thymiamatis.‘Statimque

495 4033 776 4100 ingressus
791 4031 916 4094 post
931 4035 1054 4075 eum
1082 4016 1376 4072 Zacharias
1391 4017 1641 4087 princeps
1658 4016 2003 4073 sacerdotum
2023 4024 2074 4070 et

494 4137 620 4179 cum
652 4133 716 4175 eo
745 4114 1060 4171 sacerdotes
1087 4109 1303 4165 Domini
1332 4108 1610 4179 octOginta
1643 4109 1888 4164 dicentes
1915 4124 1930 4163 ε
1955 4107 2076 4162 Non

494 4224 579 4270 est
612 4212 691 4266 tui
736 4206 920 4272 cilicii,
956 4204 1108 4268 Osia,
1142 4212 1201 4256 ut
1242 4201 1461 4255 adoleas
1500 4199 1787 4256 incensum
1819 4198 2076 4264 Domino,
2099 4258 2111 4269 _

499 4307 594 4363 sed
621 4302 991 4363 sacerdotum,
1023 4297 1129 4351 hoc
1161 4303 1244 4350 est
1273 4291 1512 4347 ﬁliorum
1544 4291 1729 4345 Aaron
1757 4291 1850 4361 qui
1893 4306 2078 4346 conse-

455 4437 464 4444 .
500 4398 636 4454 crati
667 4403 794 4450 sunt
842 4390 910 4445 ad
952 4385 1220 4458 ejusmodi
1267 4382 1664 4447 ministerium;
1713 4382 1972 4450 egredere
2013 4384 2080 4437 de

2191 4393 2242 4430 σι
2298 4381 2410 4442 τοῖς
2465 4382 2602 4441 υἱοῖς
2666 4382 2898 4454 Ἀαρὼν,
2949 4387 3063 4447 τοῖς
3124 4383 3521 4454 ἡγιασμένοις⁶

2170 3374 2564 3429 ἐπακολουθεῖν
2595 3373 2807 3429 εἴωθεν.
2839 3404 2905 3414 -
2929 3373 3117 3435 Οὕτως
3147 3371 3241 3424 οὖν
3269 3370 3456 3424 λοιπὸν
3497 3387 3514 3419 ‹
3558 3365 3752 3436 ὑψώθη

2171 3467 2204 3538 ἠ
2242 3467 2439 3538 καρδία
2475 3466 2665 3531 αὑτοῦ,
2698 3467 2792 3520 καὶ
2835 3466 2936 3519 οὐκ
2991 3463 3211 3534 ἔμεινεν
3263 3462 3476 3532 ἐνδονή
3520 3461 3752 3513 ἀπόνοια

2172 3557 2292 3610 οὐδέ
2327 3556 2643 3627 ἀπεσϐέσθη
2680 3558 2749 3624 ⁸ο,
2783 3558 2898 3611 ἀλλ’
2944 3557 3234 3622 ἐξώκειλεν
3279 3557 3372 3609 καὶ
3414 3555 3552 3624 πρὸς
3591 3553 3756 3624 ἔργον

2177 3649 2407 3702 ἐλθοῦσα
2445 3652 2704 3720 πονηρδν,
2741 3651 2922 3703 πᾶσαν
2979 3648 3146 3702 αὐτοῦ
3193 3650 3293 3719 τὴν
3348 3647 3552 3716 ἀρετὴν
3588 3645 3628 3674 ⁶¹
3677 3642 3756 3694 δι-

2177 3738 2431 3810 έφθειρεν
2455 3755 2469 3770 ο
2503 3758 2522 3791 ι
2549 3768 2620 3778 -
2654 3741 2787 3808 φησὶ
2836 3740 2944 3810 γάρ
2981 3740 3046 3772 ⁸⁸·
3094 3757 3110 3788 ι
3148 3739 3257 3791 Καὶ
3306 3736 3380 3798 ὡς
3433 3734 3758 3801 κατίσχυσεν

2177 3830 2421 3903 opponi;
2457 3832 2652 3903 καρδίαι
2707 3831 2874 3884 αὑτοῦ
2921 3831 3288 3900 καταφθεῖραι
3338 3828 3435 3882 καὶ
3488 3825 3756 3895 ἠδίκησεν

2177 3922 2235 3974 ἐν
2294 3922 2484 3992 Κυρίῳ
2543 3921 2662 3992 Θεῷ
2715 3923 2903 3986 αὐτοῦ,
2941 3925 3034 3977 καὶ
3090 3921 3352 3975 εἰσελθὼν
3387 3920 3465 3982 είς
3497 3917 3588 3970 τὸν
3625 3917 3753 3968 ναὸν

2178 4012 2385 4083 Κυρίου
2439 4013 2702 4084 θυμιᾶσαι
2743 4017 2833 4067 ἐπὶ
2878 4015 2940 4068 τὸ
2979 4014 3367 4085 θυσιαστήριον
3405 4009 3501 4064 τοῦ
3553 4009 3757 4078 θυμιά-

2183 4120 2348 4173 ματος
2371 4119 2384 4135 ο
2417 4105 2667 4173 εἰσῆλθεν
2697 4106 2872 4159 ὀπίσω
2904 4107 3068 4160 αὑτοῦ
3098 4106 3374 4176 Ζαχαρίας
3405 4106 3432 4157 ὁ
3467 4102 3764 4174 ἀρχιερεὺς

2183 4193 2277 4246 καὶ
2307 4194 2424 4264 μετ’
2454 4195 2620 4249 αὐτοῦ
2672 4198 2836 4267 ἱερεῖς
2879 4199 3087 4266 Κυρίου
3140 4197 3194 4250 π’
3223 4201 3509 4266 λέγοντες·
3565 4193 3639 4246 Οὐ
3680 4191 3767 4244 σοί

2183 4288 2332 4340 ἔστιν
2352 4326 2367 4352 ι
2387 4287 2545 4352 Ὀζία
2574 4288 2642 4353 ⁸³,
2679 4290 2942 4360 θυμιάσαι
2983 4291 3059 4362 τῷ
3085 4290 3226 4359 Θεῷ,
3256 4290 3393 4343 ἀλλά
3431 4291 3544 4350 τοῖς
3582 4284 3765 4354 ἱερεῦ-

3579 4376 3767 4441 ἔξελθε

503 4483 846 4549 sanctuario,
880 4494 948 4534 ne
974 4475 1405 4545 contempseris;
1431 4473 1559 4544 quia
1601 4488 1710 4528 non
1740 4472 2080 4542 reputabitur

2188 4465 2282 4524 οὗν
2311 4471 2420 4524 ἀπὸ
2453 4472 2547 4525 τοῦ
2584 4474 2948 4544 ἀγιάσματος,
2975 4477 3056 4529 δτι
3093 4477 3341 4544 ἀπέστης
3381 4474 3487 4527 ἀπὸ
3530 4469 3761 4539 Κυρίου,

499 4583 596 4640 tibi
655 4584 710 4634 in
753 4574 981 4648 gloriam
1026 4571 1131 4624 hoc
1162 4583 1191 4621 a
1225 4566 1455 4620 Domino
1487 4564 1599 4619 Deo
1632 4563 1820 4620 Israel.
1853 4584 1871 4617 ι
1910 4563 2079 4619 Dum-

2192 4563 2288 4618 καὶ
2321 4564 2422 4618 οὐκ
2472 4565 2627 4619 ἔσται
2677 4583 2758 4620 σοι
2808 4567 2966 4622 τοῦτο
3014 4570 3095 4632 είς
3137 4567 3295 4633 δόξαν
3350 4567 3500 4635 παρὰ
3559 4561 3770 4630 Κυρίου

499 4690 610 4744 que
638 4672 881 4726 adoleret
909 4666 1193 4720 incensum
1227 4673 1410 4714 coram
1440 4655 1818 4712 sacerdotibus
1845 4665 2080 4713 teneret-

2191 4656 2329 4710 Θεοῦ
2368 4657 2607 4727 Ἰσραὴλ.
2661 4660 2771 4712 Καὶ
2821 4662 2879 4715 ὲν
2921 4661 2997 4732 τῷ
3052 4661 3370 4732 θυμωθῆναι
3424 4657 3584 4712 αὑτὸν
3633 4654 3774 4726 πρὸς

503 4781 613 4836 que
642 4764 696 4816 in
727 4773 895 4815 manu
939 4750 1302 4811 thuribulum,
1345 4756 1464 4802 orta
1494 4757 1577 4802 est
1614 4747 1761 4817 lepra
1804 4747 1858 4802 in
1902 4747 2079 4805 fronte

501 4860 623 4927 ejus
653 4865 838 4909 coram
873 4842 1246 4903 sacerdotibus
1279 4840 1333 4894 in
1377 4839 1540 4894 domo
1567 4836 1777 4894 Domini
1812 4849 1864 4895 et
1907 4856 2081 4912 expu-

2190 4749 2314 4811 τοὺς
2350 4751 2537 4818 ἱερεῖς,
2572 4747 2670 4804 καὶ
2711 4753 2772 4805 τὸ
2813 4753 3170 4826 θυμιατήριον
3214 4755 3272 4806 ἐν
3300 4757 3366 4824 τῇ
3407 4750 3555 4822 χειρὶ
3581 4745 3772 4811 αὐτοῦ,

2195 4842 2288 4894 καὶ
2327 4840 2666 4905 ἐξανέτειλεν
2723 4847 2757 4915 ἡ
2814 4845 2992 4918 λέπρα
3047 4849 3106 4900 ἐν
3162 4847 3240 4918 τῷ
3294 4847 3535 4915 μετώπῳ
3601 4838 3772 4895 αὑτοῦ

508 4951 619 5004 lere
661 4961 785 5001 eum
821 4953 874 4998 et
909 4941 1025 5010 ipse
1075 4933 1394 5006 perterritus
1433 4931 1756 4987 acceleravit
1797 4934 1980 5004 egredi
2022 4949 2087 4990 eo

2187 4933 2431 4986 ἐναντίον
2469 4934 2578 4986 τῶν
2609 4935 2801 5005 ἱερέων
2831 4939 2888 4990 ὲν
2915 4938 3048 5010 οῐκῳ
3083 4940 3292 5010 Κυρίου
3316 4954 3329 4968 ο
3362 4957 3459 4989 »--
3498 4936 3592 4988 καὶ
3632 4949 3777 4986 κστ-

508 5039 654 5110 quod
696 5036 960 5091 sensisset
1009 5031 1156 5085 illico
1186 5027 1397 5097 plagam
1445 5025 1698 5093 Domini;
1749 5034 1804 5079 et
1836 5026 2085 5095 leprosus

2193 5024 2440 5079 έσπασαν
2491 5026 2658 5081 αὑτὸν
2709 5029 2943 5094 ἐκεῖθεν,
3003 5032 3094 5084 καὶ
3150 5032 3259 5100 γὰρ
3291 5029 3454 5093 αὐτὸς
3507 5029 3776 5082 ἔσπευσεν

1744 5186 1949 5247 νοτία)
1987 5185 2294 5247 lectiones
2321 5191 2382 5246 et
2427 5192 2617 5247 notr-e.

599 5369 642 5401 θ’
697 5383 823 5420 κατ.
863 5377 970 5416 om.
1019 5363 1105 5418 ed.
1158 5361 1272 5415 scd.
1332 5358 1484 5414 habit
1529 5357 1871 5412 Anastasius.

1977 5355 2042 5427 ‘°_
2085 5371 2199 5427 συν.
2227 5355 2711 5427 κατακρίνειᾼτοὺς
2740 5357 2982 5421 δικαίους
3009 5360 3109 5415 σὺν
3137 5363 3247 5425 τοῖς
3277 5361 3505 5427 ἀδίκοις,
3543 5361 3656 5416 ἀλλ’
3684 5363 3777 5418 ed.

516 5442 561 5473 “
595 5439 753 5492 Prov.
781 5452 832 5498 v,
864 5433 953 5485 22.
1028 5433 1074 5463 “
1110 5430 1216 5486 lsa.
1252 5427 1526 5498 cum“.
1607 5427 1653 5458 ”
1680 5425 1952 5498 ἀμαρτῶν
1980 5425 2087 5498 ed.

2162 5424 2192 5457 ἰ
2233 5425 2328 5498 Ez.
2361 5424 2514 5490 xvm,
2538 5424 2740 5498 207.750.
2816 5428 2861 5462 ⁸⁸
2896 5429 3010 5484 Jer.
3044 5447 3192 5495 xxxi,
3223 5424 3313 5484 9.9.
3390 5432 3436 5462 “
3472 5424 3656 5495 αὐτοῖς
3686 5434 3779 5488 ed.

517 5513 558 5543 δ’
578 5496 959 5577 binaeue-ed.“
992 5501 1037 5532 "
1069 5499 1160 5555 E2.
1200 5497 1440 5577 {vnn-5',
1473 5497 1506 5550 4
1535 5511 1643 5550 om.
1675 5496 1900 5577 Κυριος.

513 5567 814 5644 189’,6-101
845 5572 907 5644 ιι⁸
925 5571 1036 5644 ιιεε

513 5637 639 5704 cod.
710 5647 754 5680 "
787 5662 844 5713 φ.
885 5641 944 5694 δέ
971 5637 1059 5713 ed;
1161 5639 1208 5713 ’ξ
1241 5639 1304 5713 ἐκ
1330 5637 1383 5690 θ.
1413 5637 1500 5689 ed.

516 5719 744 5770 ἀπόνοια
779 5705 868 5769 ed.
945 5709 991 5742 "
1014 5725 1110 5776 πρ.
1151 5705 1298 5774 αὐτῷ
1324 5705 1668 5776 πραγμάτων
1683 5707 1768 5762 ed.

523 5801 636 5854 ut,
670 5786 758 5842 16.
835 5783 880 5815 ⁸³
914 5779 990 5835 Οὐ
1019 5772 1102 5832 σοί
1140 5776 1219 5830 ’0.
1253 5772 1294 5830 Il
1330 5772 1493 5829 Par."
1812 5808 1873 5838 ,υ

2081 5493 2308 5572 magna
2336 5498 2458 5550 cod.
2504 5496 2580 5572 _'°
2604 5497 2701 5549 ἐὰν
2735 5498 2958 5572 γένηται
2992 5499 3109 5572 Εμ
3160 5493 3204 5572 ξε
3243 5501 3348 5555 780
3384 5501 3590 5572 (4576).
3639 5493 3781 5557 Ced.

1045 5611 1056 5624 .
1095 5569 1285 5640 “.2;
1323 5567 1366 5640 l_l
1403 5565 1529 5640 Par.
1555 5564 1846 5640 xx_yt,l,5_.
1924 5565 1970 5640 'f
2001 5564 2087 5640 No}

2162 5564 2239 5634 νβ’
2267 5565 2552 5640 asecunda
2569 5579 2774 5640 manu._
2833 5564 2893 5640 ’ξ
2919 5585 2994 5635 vi,
3019 5571 3140 5626 118.
3161 5571 3222 5639 Ε,
3254 5564 3434 5628 M98.
3511 5564 3559 5603 "
3587 5573 3778 5640 ἀδιαφ.

1604 5637 1649 5667 ⁵⁷
1680 5635 1866 5705 περιϐ.
1892 5633 1981 5690 ed.
2010 5633 2266 5705 adjuncto
2305 5634 2504 5705 πολλῆς
2551 5635 2696 5703 quod
2760 5637 2816 5691 in
2868 5637 2904 5693 3
2942 5633 3045 5696 ms.
3079 5633 3251 5700 deest.

3351 5642 3398 5677 ⁸⁸
3432 5641 3540 5695 τῶν
3590 5644 3784 5712 ψυχῶν

1872 5705 1917 5739 ⁸⁸
1954 5721 2085 5760 κατε

2165 5743 2178 5760 .
2215 5705 2302 5762 ed.
2329 5734 2398 5747 —
2431 5704 2730 5776 ἐξεπήδησε
2771 5709 2857 5764 ed.
2939 5711 2980 5743 ⁶¹
3007 5712 3052 5767 δ.
3082 5711 3182 5783 τὴν
3209 5713 3302 5784 ἀρ.
3329 5713 3416 5769 ed.
3497 5713 3542 5745 “
3571 5704 3615 5768 li
3650 5704 3782 5769 Far.

1917 5891 1952 5902 ..
1999 5847 2081 5906 _',_
2133 5882 2182 5901 ,Α
