4096 6426
473 484 580 548 2³15
1677 477 2003 539 GEORGII
2042 474 2497 538 HAMARTOLI
3623 461 3737 528 στι

475 613 599 652 cum
620 593 719 651 sibi
749 595 872 664 fuga
901 592 1288 656 consuluisset.
1321 591 1649 646 obdormivit
1674 591 1828 660 juxta
1868 588 2048 658 parie-

2166 586 2465 658 Βιαϐληθεὶς
2491 585 2570 656 τῷ
2600 583 2810 656 βασιλεῖ
2836 584 2933 636 καὶ
2968 579 3160 650 φυγὼν
3191 577 3466 648 έκοιμήθη
3504 576 3613 641 ιξω
3640 574 3738 630 τοῦ

475 698 602 742 tem.
631 683 699 740 Et
729 693 785 738 ut
823 683 959 739 solet
992 683 1227 746 evenire,
1255 681 1456 752 jarcnti
1505 689 1835 750 apertosque
1863 678 2053 734 oculos

2166 679 2370 751 τείχους
2390 691 2404 707 ’
2439 677 2557 742 καὶ,
2590 675 2664 739 ὡς
2692 674 2884 728 εἴωθεν
2913 672 3176 735 πολλάκις
3222 668 3498 740 γίνεσθαι,
3531 666 3741 738 κοιμώ-

475 775 695 832 babcnti
744 791 808 831 ex
863 775 992 829 nido
1038 773 1391 828 hirundinum
1444 771 1618 826 calida
1662 779 1900 826 stercora
1933 769 2053 839 ejus

2166 788 2319 842 μενος
2339 769 2575 832 καὶτοὺς
2607 766 2922 837 ὀφθαλμοὺς
2944 763 3327 834 ἀνεωγμένους
3357 759 3520 831 έχων,
3537 777 3740 831 στρουο

475 871 530 924 in
591 868 782 924 oculos
837 867 1055 937 delapsa
1104 873 1252 930 sunt;
1285 881 1348 920 ex
1377 879 1484 936 quo
1512 879 1690 919 cmeus
1721 862 1898 918 factus
1945 869 2051 917 est.

476 961 609 1017 Erat
669 960 958 1017 Ecbatanis
1017 958 1193 1029 puella
1236 957 1356 1027 ejus
1431 967 1681 1025 cognata,
1720 970 1860 1025 quin,
1926 970 2050 1010 cum

481 1052 782 1122 accepisset
814 1061 1016 1122 septem
1051 1050 1196 1105 viros
1221 1049 1314 1119 qui
1340 1064 1532 1103 omnes
1561 1064 1588 1101 a
1611 1052 1856 1102 daemone
1885 1046 2053 1101 inter-

473 1143 640 1212 empti
682 1142 899 1197 fuerant
936 1143 1254 1212 priusquam
1311 1156 1432 1197 eam
1482 1139 1890 1208 cognovissent,
1927 1151 2054 1191 ora-

477 1233 614 1288 tioni
663 1233 930 1298 vacabat;
964 1233 1012 1286 ei
1041 1231 1182 1287 Deus
1241 1231 1620 1286 auxiliatorem
1663 1229 1910 1300 angelum
1946 1227 2055 1283 Ra-

480 1321 638 1392 phael
695 1321 946 1378 immisit.
997 1320 1134 1375 Cum
1185 1321 1351 1391 igitur
1405 1318 1563 1374 Tobit
1595 1316 1704 1372 ﬁlio
1741 1331 1841 1374 suo
1868 1315 2053 1371 Tobizn

479 1412 860 1467 denuntiasset
913 1427 979 1466 ne
1044 1411 1148 1466 sibi
1214 1428 1438 1467 uxorem
1495 1411 1801 1479 acciperet,
1843 1408 1949 1462 nisi
1997 1407 2050 1460 in

477 1500 622 1556 tribu
666 1501 882 1572 generis
912 1502 995 1556 sui
1023 1502 1177 1572 juxta
1210 1503 1401 1571 legem,
1438 1501 1657 1554 tradidit
1689 1499 1736 1553 ei
1769 1499 2052 1569 chit‘ogra-

481 1596 648 1665 phum
701 1595 888 1648 decem
932 1595 1255 1648 talentorum
1302 1607 1594 1647 aureorum
1621 1607 1740 1661 qua:
1771 1591 1822 1644 in
1878 1591 2050 1645 Media

479 1687 829 1756 deposuerat,
863 1695 921 1740 ut
949 1686 1122 1740 abiret
1143 1695 1194 1740 et
1215 1701 1278 1740 ea
1314 1684 1595 1755 reciperet.
1621 1682 1756 1738 Cum
1786 1691 2054 1752 quareret

481 1778 624 1833 ﬁlius
671 1777 761 1832 ille
808 1777 1020 1833 itineris
1073 1775 1327 1832 comitem
1382 1787 1436 1830 et
1483 1775 1701 1839 ducem,
1734 1774 1878 1844 quod
1909 1775 2050 1828 viam

478 1871 770 1941 ignoraret,
788 1869 898 1926 Deo
923 1872 1260 1942 providente,
1285 1872 1336 1924 in
1359 1868 1598 1939 Raphael
1617 1869 1804 1923 incidit
1825 1869 1926 1925 sub
1952 1868 2049 1922 viri

481 1965 663 2035 specie
696 1964 750 2018 in
800 1964 922 2020 foro
977 1973 1247 2029 stantem;
1291 1962 1448 2033 cujus
1480 1961 1730 2016 Azariam
1784 1977 1842 2016 se
1875 1961 2053 2014 nomi-
2089 1937 2131 1993 Β

482 2055 663 2110 nantis
707 2064 761 2110 et
786 2055 888 2110 vias
917 2071 975 2111 se
1018 2071 1248 2127 gnarum
1279 2053 1602 2124 proﬁtentis,
1648 2068 1811 2124 Opera
1850 2056 2057 2107 condu-

482 2157 588 2211 cta,
629 2148 728 2201 iter
754 2162 820 2202 eo
850 2148 1143 2202 comitatus
1168 2147 1490 2216 ingreditur.
1529 2144 1663 2201 Cum
1718 2145 1785 2199 ad
1833 2143 2056 2198 [luvium

483 2237 685 2307 'l'igrim
705 2240 1098 2307 pervenissent,
1114 2239 1435 2294 adolescens
1452 2237 1667 2292 lavandi
1681 2251 1842 2291 causa
1861 2249 2056 2306 aquam

483 2330 766 2399 ingressus
803 2338 888 2386 est
917 2338 1079 2400 atque
1115 2331 1306 2403 ingens
1338 2330 1414 2386 ibi
1462 2331 1626 2400 piscis
1670 2345 1794 2384 eum
1839 2329 2056 2383 invasit.

483 2420 618 2474 Eum
643 2421 838 2490 jussus
861 2433 943 2478 est
972 2423 1040 2478 ab
1063 2424 1256 2493 angelo
1275 2437 1469 2492 capere
1495 2430 1572 2486 et,
1589 2421 1830 2478 dissecto
1851 2430 2060 2485 ventre,

481 2509 656 2578 jecur,
692 2523 786 2564 cor
819 2518 873 2564 et
917 2509 985 2564 fel
1025 2511 1267 2564 eximere
1311 2525 1375 2564 ac
1409 2524 1646 2564 servare.
1699 2507 2060 2578 lnterroganti

483 2597 615 2668 quid
639 2599 885 2655 utilitatis
919 2598 1035 2654 haec
1064 2600 1334 2655 habeant:
1359 2598 1545 2665 Jecur,
1579 2598 1860 2670 respondit
1897 2615 2061 2670 auge-

489 2693 597 2754 lus,
635 2699 688 2744 et
715 2704 811 2744 cor
857 2690 1080 2745 incensa
1111 2691 1390 2762 expellunt
1418 2691 1714 2754 daemones,
1765 2690 1834 2744 fel
1878 2699 2060 2746 autem

487 2780 802 2850 albuginem
831 2791 1005 2836 sanat.
1057 2781 1198 2838 Puer
1231 2783 1393 2852 igitur
1421 2783 1630 2852 accepit
1672 2798 1703 2837 e
1737 2795 1934 2853 genere
1963 2798 2062 2839 suo

491 2873 803 2939 prteriictam
851 2873 1085 2944 puellam
1136 2874 1190 2928 in
1227 2890 1479 2937 uxorem,
1526 2890 1692 2945 opera
1721 2875 2064 2945 consilioque

492 2964 670 3033 angeli
699 2965 945 3021 daetnone
995 2969 1224 3037 expulso
1283 2983 1377 3037 per
1413 2968 1560 3024 hunc
1609 2970 1848 3024 sumtum
1879 2969 2063 3025 cordis

490 3066 546 3113 et
567 3056 772 3126 jecoris
821 3059 1009 3128 piscis.
1051 3060 1291 3130 Angelus
1346 3070 1526 3116 autem
1567 3061 1799 3118 Azarias
1831 3072 2064 3118 vocatus

489 3146 625 3203 abiit
651 3150 702 3202 in
726 3147 957 3204 Mediam
977 3151 1251 3214 et,dcccm
1278 3151 1493 3206 talentis
1519 3152 1783 3222 acceptis,
1810 3167 2064 3208 reversus

488 3247 572 3294 est
607 3255 730 3295 cum
762 3256 933 3296 uxore
965 3250 1019 3297 et
1057 3243 1406 3298 adolescente
1425 3244 1491 3298 ad
1515 3254 1724 3313 patrem
1749 3243 1928 3299 Tobit.
1954 3244 2065 3299 Cu-

2158 862 2273 917 θίον
2300 861 2603 933 άφοδεῦσαν
2634 861 2715 925 είς
2762 858 2889 922 τοὺς
2923 856 3238 927 ὀφθαλμοὺς
3293 853 3457 909 αὑτοῦ
3499 853 3740 921 λευκόμ-

2161 974 2332 1028 ματον
2385 954 2706 1024 πεποίηκεν.
2750 954 2828 1023 (2)
2857 946 2967 1006 Ἦν
3010 951 3067 1002 δὲ
3124 950 3221 1003 καὶ
3273 951 3331 1001 ὲν
3383 946 3740 1010 Ἐκϐατάνοις

2157 1049 2294 1120 κόρη
2348 1045 2619 1118 συγγενὴς
2656 1045 2844 1111 αὑτοῦ,
2882 1045 3004 1114 ἥτις
3059 1040 3202 1095 ἑπτὰ
3235 1039 3440 1110 ἄνδρας
3493 1036 3740 1091 λαϐοῦσα

2159 1141 2253 1197 καὶ
2304 1141 2523 1195 πάντων
2579 1138 2684 1192 ὑπὸ
2719 1138 2973 1208 δαίμονος
3019 1133 3435 1204 ἀναιρουμένων
3487 1133 3594 1199 πρὸ
3641 1131 3740 1184 τοῦ

2158 1233 2361 1302 γνῶναι
2387 1230 2613 1301 ταύτην,
2668 1228 2900 1297 ηῦξατο·
2935 1226 3030 1279 καὶ
3065 1223 3386 1278 ἀπέστειλεν
3435 1223 3575 1292 αὑτῇ
3609 1219 3741 1290 βοη-

2159 1324 2252 1378 θὸν
2289 1327 2317 1380 ὁ
2364 1323 2497 1387 Θεὸς
2539 1320 2630 1375 τδν
2683 1318 2916 1388 ἄγγελον
2954 1315 3222 1384 Ῥαφαήλ.
3261 1312 3337 1384 ('5)
3396 1313 3456 1365 ὐ
3483 1307 3576 1366 οῦν
3620 1310 3740 1364 Τω-

2159 1417 2247 1470 ϐὶτ
2314 1413 2690 1486 παραγγείλας
2741 1410 2818 1478 τῷ
2851 1407 2949 1478 υἱῷ
2997 1405 3160 1461 αὑτοῦ
3196 1405 3383 1476 Τωϐία
3431 1404 3506 1476 μὴ
3555 1404 3743 1474 λαχεῖν

2159 1505 2454 1577 ἀλλαχόθεν
2493 1503 2728 1570 γυναῖκα
2777 1499 2826 1551 εί
2858 1497 2932 1568 μὴ
2964 1498 3028 1550 ὲκ
3057 1495 3158 1565 τῆς
3203 1493 3377 1564 φυλῆς
3410 1491 3504 1544 τοῦ
3552 1490 3743 1559 γένους

2159 1597 2349 1662 αὑτοῦ,
2391 1594 2534 1649 κατὰ
2563 1595 2653 1647 τὸν
2681 1591 2867 1662 νόμον,
2917 1587 3134 1642 δίδωσιν
3189 1583 3338 1654 αὑτῷ
3373 1581 3742 1653 χειρόγραφον

2160 1693 2288 1765 περὶ
2316 1691 2595 1745 ταλάντων
2623 1687 2652 1740 ι’
2673 1687 2919 1758 χρυσίου,
2954 1684 2990 1739 ἃ
3015 1684 3106 1736 καὶ
3136 1681 3409 1752 παρέθετο
3434 1682 3492 1732 ἐν
3520 1681 3584 1748 τῇ
3621 1679 3747 1745 Μη-

2159 1783 2269 1855 δίᾳ,
2307 1781 2441 1854 πρὸς
2495 1781 2555 1834 τὸ
2585 1778 2843 1832 ἀπελθεῖν
2874 1777 2968 1831 καὶ
2999 1775 3184 1828 λαϐεῖν
3231 1774 3372 1827 αὑτά
3399 1771 3487 1825 διὰ
3515 1770 3742 1841 τάχους.

2161 1875 2237 1946 (4)
2260 1873 2365 1928 Τοῦ
2394 1873 2449 1925 δὲ
2501 1871 2717 1925 παιδίου
2768 1867 3062 1940 ζητοῦντος
3099 1864 3480 1933 συνοδοιπόρον
3537 1861 3614 1924 ὡς
3642 1861 3743 1930 τὴν

2161 1967 2277 2022 ὁδὸν
2329 1963 2649 2032 ἀγνοοῦντος
2676 1963 2744 2029 ⁸⁷⁸⁷,
2775 1961 3039 2031 εὑρίσκει,
3066 1957 3202 2012 Θεοῦ
3251 1955 3499 2026 προνοίᾳ,
3529 1953 3618 2006 τὸν
3645 1951 3748 2018 ἆγ-

2163 2061 2320 2129 γελον
2362 2055 2605 2126 Ῥαφαὴλ
2637 2055 2714 2118 ὡς
2765 2053 3053 2124 ἄνθρωπον
3085 2049 3294 2104 ἑστῶτα
3316 2088 3331 2114 ,
3365 2048 3426 2101 ὃν
3470 2045 3752 2117 μισθωσά-

2165 2167 2348 2222 μενος,
2379 2149 2577 2202 εἰδέναι
2609 2145 2710 2216 τὴν
2741 2143 2862 2198 όδδν
2913 2142 3144 2207 λέγοντα
3185 2141 3281 2195 καὶ
3321 2139 3577 2209 Ἀζαρίαν
3621 2138 3745 2191 όνο-

2165 2241 2490 2312 μαζόμενον,
2545 2236 2820 2292 συνοδεύει
2856 2233 3054 2304 τούτῳ.
3102 2231 3179 2301 (5)
3212 2231 3324 2285 Καὶ
3369 2230 3434 2301 δὴ
3479 2228 3752 2281 ἐλθόντων

2162 2331 2344 2385 αὑτῶν
2369 2330 2448 2391 είς
2481 2330 2572 2381 τὸν
2599 2326 2844 2395 ποταμὸν
2879 2324 3074 2394 Τίγριν
3096 2321 3190 2376 καὶ
3213 2319 3307 2373 τοῦ
3349 2319 3538 2381 παιδὸς
3569 2317 3755 2372 εἰσελ-

2164 2423 2346 2485 θόντος
2390 2417 2714 2483 λούσασθαι,
2753 2415 2934 2486 ίχθύος
2962 2412 3112 2482 αὑτῷ
3155 2412 3316 2481 160
3352 2409 3592 2482 μεγάλου
3626 2410 3752 2461 ἑπι-

2165 2518 2531 2588 πηδήσαντος,
2563 2508 2722 2566 εἴπεν
2766 2507 2917 2580 αὑτῷ
2941 2510 2972 2562 ὁ
2991 2506 3224 2575 ἄγγελος
3253 2503 3610 2560 ἐπιλαϐέσθαι
3648 2500 3747 2554 τοῦ

2169 2609 2372 2681 ἰχθύος,
2397 2609 2491 2661 καὶ
2517 2606 2704 2675 τεμεῖν
2738 2600 2902 2655 αὑτοῦ
2926 2600 3027 2670 τὴν
3065 2597 3310 2668 γαστέρα
3335 2597 3404 2660 ⁷⁸,
3437 2595 3532 2648 καὶ
3555 2593 3748 2648 λαϐεῖν

2164 2703 2226 2756 τό
2248 2718 2308 2755 τε
2332 2696 2508 2772 ἧπαρ,
2534 2697 2632 2752 καὶ
2671 2693 2919 2767 καρδίαν,
2946 2693 3043 2746 καὶ
3075 2691 3173 2763 τὴν
3204 2691 3386 2761 χολὴν,
3412 2690 3508 2743 καὶ
3541 2686 3744 2756 φυλάτ-

2165 2810 2301 2847 τειν.
2353 2791 2461 2844 Τοῦ
2515 2789 2572 2843 δὲ
2617 2784 3028 2855 πυνθανομένου
3086 2784 3148 2836 τὸ
3204 2784 3479 2852 χρήσιμον
3523 2779 3744 2841 αὑτῶν,

2167 2888 2209 2920 ⁷⁸
2263 2905 2282 2938 ι
2315 2883 2388 2939 Τὸ
2438 2883 2536 2953 μὲν
2565 2876 2740 2953 ἦπαρ,
2783 2879 2940 2950 φησὶ,
2985 2878 3078 2932 καὶ
3125 2878 3160 2948 ἡ
3196 2876 3391 2947 καρδία
3427 2872 3750 2945 θυμιώμενα

2165 2977 2348 3032 διώκει
2377 2975 2638 3046 δαίμονας
2659 2987 2674 3004 ·
2705 2975 2738 3043 ή
2771 2972 2828 3027 δὲ
2861 2970 2989 3042 χολὴ
3017 2967 3306 3040 καθαρίζει
3340 2965 3748 3036 λευκόμματον.

2166 3069 2242 3140 (6)
2278 3066 2414 3123 Εἶτα
2456 3069 2484 3120 ὁ
2515 3067 2642 3128 παῖς
2671 3062 2940 3133 λαμϐάνει
2968 3060 3065 3130 τὴν
3099 3061 3164 3114 ἐκ
3190 3058 3285 3113 τοῦ
3339 3058 3527 3126 γένους
3579 3053 3750 3110 αὑτοῦ

2167 3157 2566 3229 προλεχθείσαν
2614 3154 2782 3225 κόρην
2827 3154 2907 3215 εἰς
2939 3153 3199 3219 γυναῖκα,
3233 3152 3301 3220 τῇ
3335 3146 3615 3218 συμϐουλῇ
3648 3145 3752 3198 καὶ

2171 3252 2467 3324 συνεργεία
2497 3249 2593 3304 τοῦ
2628 3248 2860 3317 ἀγγέλου
2884 3247 3204 3317 διωχθέντος
3231 3244 3326 3299 τοῦ
3361 3240 3596 3314 πονηροῦ
3624 3240 3750 3293 δαί-

483 3331 575 3400 jus
601 3333 792 3387 oculos
812 3347 938 3387 cum
979 3333 1123 3388 titius
1158 3336 1404 3390 unxisset
1443 3334 1587 3398 felle,
1617 3344 1669 3390 et
1699 3335 1858 3391 Tobit
1887 3336 2063 3391 visum

2173 3364 2336 3419 μονος
2361 3349 2418 3400 έν
2451 3345 2531 3415 τῷ
2559 3343 2863 3414 θυμιάματι
2899 3341 3096 3411 τούτῳ.
3152 3341 3228 3409 (7)
3271 3340 3330 3391 Ὀ
3370 3338 3426 3391 δὲ
3461 3336 3691 3406 ἄγγελος
3719 3335 3754 3386 ὁ

493 3433 893 3492 recuperasset,
939 3424 1239 3479 declaravit
1271 3426 1498 3496 angelus
1541 3441 1600 3482 se
1643 3443 1752 3481 non
1784 3428 2064 3483 hominem

493 3513 588 3571 sed
632 3516 886 3585 angelum
925 3531 1047 3572 esse
1077 3533 1108 3570 a
1142 3517 1252 3572 Deo
1284 3518 1514 3574 missum
1551 3527 1610 3574 ut
1633 3518 1714 3575 eis
1749 3519 2069 3574 subveniret

493 3621 550 3664 et
577 3608 775 3680 virgini
826 3607 976 3662 Sam
1004 3617 1223 3678 propter
1259 3610 1513 3679 pietatem
1548 3625 1764 3675 eorum,
1820 3610 2068 3680 dixitque

493 3700 603 3756 illis
636 3717 652 3756 ι
683 3719 703 3751 ι
737 3699 1151 3755 Sacramentum
1187 3701 1329 3772 regis
1353 3701 1690 3758 abscondere
1719 3703 1924 3757 bonum
1946 3713 2064 3758 est:

493 3807 657 3862 opera
698 3801 880 3846 autem
923 3791 1015 3846 Dci
1049 3792 1289 3848 revelare
1319 3803 1372 3847 et
1411 3794 1658 3848 confiteri
1702 3795 2066 3850 honoriﬁcum

492 3891 597 3939 est.
640 3903 660 3936 ι
696 3882 850 3939 Unde
885 3884 1310 3954 Chrysostomus
1341 3885 1417 3938 ait
1459 3899 1474 3938 :
1517 3883 1658 3956 Ergo
1688 3887 1912 3955 angelos
1946 3885 2068 3940 lau-

493 3979 626 4034 dare
659 3987 891 4042 oportet,
921 3985 975 4031 et
1011 3977 1045 4030 ii
1079 3977 1392 4032 Creatorem
1445 3992 1657 4046 semper
1682 3988 1939 4034 canentes
1968 3980 2071 4034 mi-

495 4070 828 4124 serieordem
863 4080 917 4124 ct
948 4070 1242 4139 benignum
1281 4070 1334 4124 in
1363 4069 1613 4126 homines
1645 4079 1856 4140 parant.
1889 4070 2070 4140 Auge-

494 4162 578 4218 Ios
608 4170 791 4216 autem
833 4162 957 4217 dico
989 4172 1199 4216 vestros
1233 4162 1636 4218 commilitones
1683 4163 1776 4232 qui
1805 4163 2069 4218 adversus

496 4268 596 4307 eos
621 4253 715 4322 qui
757 4263 945 4307 contra
988 4269 1090 4307 nos
1125 4254 1460 4318 consistunt,
1508 4263 1898 4323 propugnant:
1931 4255 2072 4309 inter

495 4357 636 4412 quos
675 4353 757 4396 est
786 4344 1145 4412 archangelus
1176 4343 1405 4398 Michael
1446 4345 1536 4414 qui
1566 4354 1755 4398 contra
1793 4345 2069 4400 diabolum

497 4435 567 4491 de
615 4447 846 4503 corpore
879 4435 1078 4506 Moysis
1113 4437 1406 4492 altercatus
1437 4445 1521 4492 est
1565 4444 1619 4490 et
1656 4446 1843 4491 contra
1877 4436 2073 4492 Persa-

499 4542 618 4578 rum
667 4525 966 4594 principem
1021 4536 1238 4595 propter
1282 4527 1466 4597 populi
1509 4526 1722 4583 Judaiei
1765 4528 2070 4584 libertatem

2169 3442 2264 3494 καὶ
2313 3437 2572 3508 Ἀζαρίας
2612 3435 2862 3491 ἀπελθὼν
2899 3436 2978 3498 είς
3001 3433 3110 3504 τὴν
3129 3433 3346 3503 Μηδίαν
3377 3429 3470 3485 καὶ
3504 3430 3571 3483 τὰ
3598 3435 3630 3482 ι’
3656 3429 3759 3482 τά·

2168 3530 2338 3585 λαντα
2369 3529 2552 3583 λαϐὼν
2582 3527 2912 3597 ὑποστρέφει
2945 3523 3087 3594 μετὰ
3115 3525 3214 3594 τῆς
3240 3521 3500 3590 γυναικὸς
3532 3519 3629 3574 xui.
3653 3517 3753 3572 τοῦ

2169 3621 2358 3683 παιδὸς
2389 3619 2526 3690 πρὸς
2554 3617 2646 3670 τὸν
2693 3615 2908 3685 πατέρα
2935 3614 3137 3680 Τωϐὶτ,
3169 3608 3232 3668 οὑ
3264 3613 3390 3675 τοὺς
3434 3611 3754 3681 ὀφθαλμοὺς

2169 3715 2198 3766 ό
2226 3713 2356 3774 παῖς
2389 3712 2456 3781 τῇ
2496 3709 2628 3778 χολῇ
2658 3704 2753 3759 τοῦ
2789 3704 2969 3775 ἰχθύος
2995 3704 3306 3774 ἐπιχρίσας,
3337 3702 3435 3756 καὶ
3464 3701 3750 3773 παρευθὺς

2172 3805 2202 3857 6
2233 3803 2414 3857 Τωϐὶτ
2447 3799 2759 3869 ἀναϐλέψας
2802 3796 3151 3866 ἐφανέρωσεν
3197 3793 3386 3848 ἑαυτὸν
3417 3795 3447 3848 ό
3496 3792 3754 3860 ἄγγελος,

2170 3901 2252 3953 ὃτι
2297 3898 2400 3952 οὑκ
2430 3895 2714 3965 ἄνθρωπός
2761 3895 2932 3956 ἐστιν,
2981 3890 3118 3945 ἀλλὰ
3149 3890 3303 3962 παρὰ
3352 3889 3488 3943 Θεοῦ
3522 3888 3757 3957 ἄγγελος

2171 3990 2452 4060 ἀπεστάλη
2477 3989 2614 4058 πρὸς
2646 3986 2902 4056 βοήθειαν
2927 3985 3110 4046 αὑτοῖς
3140 4000 3198 4037 τε
3221 3983 3316 4037 καὶ
3344 3985 3408 4053 τῇ
3445 3983 3583 4054 κόρῃ
3612 3981 3759 4051 mp-

2174 4086 2264 4156 ῥα,
2290 4081 2379 4136 διὰ
2412 4081 2510 4150 τὴν
2532 4078 2709 4133 αὑτῶν
2738 4077 3041 4141 εὐσέϐειαν,
3071 4074 3247 4145 λέγων
3281 4075 3417 4146 πρὸς
3448 4073 3642 4136 αὑτούς
3673 4075 3756 4106 ⁸⁸·

2177 4191 2198 4224 ι
2236 4171 2553 4242 Μυστήριον
2596 4166 2858 4238 βασιλέως
2902 4165 3173 4234 κρύπτειν
3204 4164 3389 4228 καλὸν,
3425 4163 3494 4216 τὰ
3519 4163 3577 4216 δὲ
3616 4161 3760 4233 ἔργα

2173 4261 2266 4318 τοῦ
2290 4261 2426 4314 Θεοῦ
2447 4260 2546 4314 άνυ
2557 4260 2710 4329 μνεῖν
2737 4255 2963 4322 ἐνδόξως
2997 4254 3220 4324 ἀγαθόν.
3236 4273 3256 4306 ι
3278 4254 3321 4286 ⁸⁸
3353 4252 3432 4324 (8)
3466 4251 3629 4306 Ὅθεν
3652 4268 3759 4321 cpt;-

2176 4356 2261 4408 σίν
2293 4354 2322 4405 ό
2352 4351 2742 4424 Χρυσόστομος
2763 4365 2777 4380 ο
2806 4377 2877 4390 -
2912 4347 3123 4402 Οὐκοῦν
3174 4364 3194 4400 ι
3246 4345 3539 4415 Ἀγγέλους
3574 4345 3761 4412 ἔγκω-

2179 4445 2394 4518 μιάζειν
2438 4442 2566 4513 χρὴ,
2603 4443 2698 4496 καὶ
2742 4439 2854 4511 γὰρ
2878 4439 3034 4492 αὑτοὶ
3059 4439 3155 4492 τὸν
3183 4437 3530 4510 Δημιουργδν
3555 4436 3762 4504 ὰσίγη-

2173 4556 2266 4593 τον
2292 4536 2342 4569 ⁸⁸
2386 4533 2682 4601 ὑμνοῦντες
2729 4533 2778 4567 ⁸³
2810 4533 2970 4586 ἵλεων
3017 4531 3184 4585 αὑτὸν
3233 4529 3332 4583 καὶ
3386 4531 3588 4600 εὐμενῆ
3641 4530 3762 4589 τοῖς

497 4617 779 4687 pugnavit.
834 4617 945 4672 Deo
996 4619 1140 4672 enim
1194 4618 1440 4688 jubente.
1507 4619 1796 4688 regendam
1852 4636 2063 4675 omnem

2177 4625 2487 4698 ἀνθρώποις
2519 4620 3037 4692 παρασκευάζουσιν
3068 4619 3147 4653 ’δ’
3179 4617 3448 4688 ἀγγέλους
3481 4617 3539 4670 δέ
3587 4633 3759 4685 φημι,

498 4708 832 4764 creatiOnem
893 4710 1071 4778 angeli
1125 4719 1276 4786 sunt.
1308 4711 1482 4764 sortiti
1531 4721 1585 4765 et
1631 4713 1870 4781 gentium
1918 4728 2072 4784 reges

494 4802 831 4860 conducunt.
855 4801 1162 4857 Gabrielem
1191 4801 1335 4856 Deus
1357 4800 1537 4857 Persis
1565 4803 1852 4872 providere
1883 4806 2070 4866 voluit.

497 4895 759 4966 populum
811 4904 994 4949 autem
1030 4893 1465 4949 circumcisionis
1512 4908 1541 4946 a
1594 4892 1854 4949 Michaele
1897 4904 2078 4950 custo-

2172 4720 2297 4781 τοὺς
2325 4713 2626 4785 ὑμετέρους
2659 4711 3002 4783 συμμάχους,
3059 4709 3182 4772 τοὺς
3214 4709 3352 4762 κατὰ
3380 4707 3490 4760 τῶν
3511 4709 3762 4762 ἀντικει-

2178 4811 2355 4882 μένων
2419 4809 2711 4878 δυνάμεων
2753 4806 2801 4838 ⁸⁵
2845 4801 3332 4875 ὲκστρατεύοντας,
3364 4793 3440 4854 ὧν
3471 4800 3518 4832 ⁸⁸
3549 4800 3698 4851 ἐστιν
3724 4797 3759 4849 δ

2170 4901 2508 4972 ἀρχάγγελος
2534 4898 2777 4969 Μιχαὴλ,
2801 4895 2939 4964 πρὸς
2963 4895 3064 4964 μὲν
3088 4893 3183 4947 τδν
3209 4891 3458 4947 διάϐολον
3489 4889 3628 4960 ὑπὲρ
3658 4887 3759 4940 τοῦ

497 4986 603 5041 diri
651 4986 839 5056 jussit.
896 4985 1114 5042 Gabriel
1171 5000 1296 5040 cum
1355 4985 1675 5055 praedicaret
1705 4997 1958 5056 oportere
2015 4999 2063 5042 ut

2172 4991 2415 5053 Μωσέως
2457 4987 2712 5058 σώματος
2765 4983 3245 5053 ἀντιτασσόμενος,
3284 4981 3420 5052 πρὸς
3452 4978 3511 5032 δὲ
3541 4977 3634 5031 τὸν
3657 4977 3762 5045 ἄρ-

498 5071 667 5128 Judaai
701 5076 1004 5131 secundum
1054 5075 1298 5131 divinam
1357 5074 1796 5146 ineﬁabilemque
1849 5087 2063 5133 senten«

2172 5098 2334 5152 χοντα
2349 5081 2395 5115 ⁸⁷
2435 5077 2661 5148 Περσῶν
2689 5079 2830 5147 ὑπὲρ
2863 5075 2962 5146 τῆς
2995 5071 3312 5142 ἐλευθερίας
3342 5068 3436 5124 τοῦ
3465 5069 3597 5122 λαοῦ
3627 5065 3766 5119 άνθο

498 5165 627 5218 tiam
651 5164 831 5222 Persis
858 5168 995 5224 isses
1015 5169 1212 5232 virent,
1244 5165 1492 5232 Michael,
1520 5167 1789 5223 libertatis
1820 5170 2063 5237 pertinax

2185 5170 2472 5240 ιστάμενος
2496 5169 2542 5202 ⁸⁸
2579 5184 2592 5199 ·
2628 5187 2646 5221 ›
2685 5165 3072 5236 προστάγματι
3124 5163 3233 5233 γὰρ
3269 5160 3406 5214 Θεοῦ
3447 5159 3547 5230 τὴν
3575 5160 3764 5212 πᾶσαν

497 5267 890 5326 propugnator,
909 5260 1188 5316 continuis
1213 5261 1467 5331 precibus
1483 5259 1652 5314 Deum
1676 5259 2063 5331 deprecabatur

2183 5263 2360 5318 κτίσιν
2411 5259 2759 5332 διαλαχόντες
2795 5259 2891 5312 καὶ
2934 5257 3042 5310 τῶν
3081 5253 3252 5308 ἐθνῶν
3297 5255 3408 5314 τοῖς
3443 5251 3761 5323 κρατίστοις

496 5349 733 5406 dicens:
781 5367 802 5400 ι
849 5349 1078 5406 Domine
1109 5357 1471 5417 exercituum,
1524 5368 1815 5423 usquequo
1849 5363 1906 5407 tn
1955 5368 2063 5408 non

2184 5351 2602 5415 ἐπιστατοῦντες
2630 5350 2797 5420 (40³),
2829 5349 2920 5402 τὸν
2979 5349 3078 5419 μὲν
3123 5345 3362 5418 Γαϐριὴλ
3382 5347 3509 5408 τοὺς
3540 5343 3761 5412 Πέρσας

498 5434 852 5497 misereberis
883 5441 1182 5501 Jerusalem
1216 5452 1270 5500 et
1297 5447 1516 5502 urbium
1560 5444 1699 5501 Juda
1730 5444 1931 5516 quibus
1962 5447 2063 5500 ira-

2180 5448 2385 5518 ὲφορᾷν
2425 5444 2763 5507 ἐδικαίωσεν,
2797 5441 2888 5494 τὸν
2918 5440 2975 5494 δὲ
2999 5438 3217 5510 Μιχαὴλ
3246 5438 3336 5491 τὸν
3367 5439 3432 5492 ὲκ
3452 5431 3767 5508 περιτομῆς

1689 5600 1891 5664 νει-ἰὼ
1919 5601 2234 5664 lectiones
2263 5607 2325 5663 et
2355 5605 2546 5663 nota.

570 5751 614 5783 "'
652 5748 953 5816 ἀγνοοῦντα
975 5746 1104 5802 cod.
1174 5747 1220 5780 η
1261 5746 1357 5801 καί⁵
1396 5748 1498 5820 τὴν
1528 5766 1600 5802 κα
1639 5748 1755 5802 δίαν
1803 5749 1924 5805 cod.
2000 5747 2044 5780 ⁷⁸

575 5819 851 5870 άσιγήτως
887 5817 1012 5870 cod.
1036 5827 1092 5870 et
1119 5816 1288 5870 Coisl.
1327 5817 1453 5870 305.
1531 5766 1638 5870 ⁸ιὲ
1665 5817 1718 5870 ὑ.
1744 5819 1874 5870 Chr.
1948 5819 1992 5852 “
2019 5837 2063 5870 πί

2166 5765 2201 5803 ).
2235 5762 2309 5809 vr,
2340 5746 2394 5800 7.
2473 5744 2517 5775 ⁸⁸
2551 5741 2685 5798 Tnb.
2722 5755 2822 5807 xu,
2855 5740 2940 5795 ll.
3011 5741 3054 5774 ⁸⁸
3090 5755 3207 5806 vm,
3235 5739 3339 5796 285
3362 5740 3495 5794 A—
3524 5740 3629 5796 286
3690 5741 3755 5797 D.

2166 5835 2351 5870 νουσιν
2373 5817 2502 5870 Chr.
2581 5812 2626 5844 ⁸⁸
2655 5812 2936 5870 δυνάμεως
2958 5810 3080 5868 cod.
3105 5811 3127 5863 ?
3199 5811 3244 5842 ⁸⁸
3272 5807 3350 5870 εἷς
3377 5810 3506 5866 Chr.
3586 5810 3631 5843 "
3648 5811 3755 5865 τῶν

503 5823 546 5882 ⁸³
575 5807 851 5918 turrim;
887 5817 1012 5873 eod.
1036 5827 1092 5872 et
1119 5816 1288 5873 Coisl.
1327 5807 1463 5873 305:
1531 5807 1638 5872 ⁸³8.
1665 5817 1718 5872 ὑ.
1744 5819 1874 5876 Chr.
1948 5819 2063 5874 "1r

500 5883 633 5944 Chr.
739 5889 758 5918 ⁸
795 5888 840 5939 λ.
875 5888 952 5942 ὲλ.
980 5885 1098 5942 avo.
1125 5903 1234 5943 om.
1267 5903 1380 5956 seq.
1405 5884 1536 5942 Chr.

2166 5807 2351 5888 χουσιν
2373 5817 2502 5871 Chr.
2581 5812 2626 5844 ⁸⁸
2655 5812 2936 5880 δυνάμεως
2958 5810 3080 5868 cod.
3105 5811 3127 5863 ?
3199 5811 3244 5842 ⁸⁸
3272 5807 3350 5876 εἷς
3377 5810 3506 5866 Chr.
3586 5810 3631 5843 "
3648 5811 3762 5865 τῶν
