4096 6426
486 477 590 540 279

1693 476 2018 539 GEORGII
2057 478 2512 559 HAMARTOLI

3636 470 3746 537 280

493 600 675 645 nostra
733 590 979 645 libertate
1035 589 1385 662 pugnavisse.
1441 589 1593 646 Unus
1628 590 1774 644 enim
1804 590 2059 658 angelus,

2170 592 2368 657 στάτας
2403 593 2585 661 λέγειν
2608 591 2808 655 αὐτοὺς
2841 589 2921 660 τῷ
2946 586 3301 659 ἐργαζομένῳ
3334 586 3394 641 τὸ
3414 583 3621 654 ἀγαθὸν
3652 583 3751 656 (ὡς

487 679 708 735 Gabriel
765 679 995 743 scilicet,
1049 688 1301 749 oportere
1350 689 1411 734 ut
1457 677 1641 734 Persis
1688 677 1945 733 inserviat
1966 691 2062 746 po-

487 771 646 840 pulus
704 770 801 827 Dei
842 772 1104 839 dicebat,
1139 782 1199 828 ut
1247 787 1413 843 supra
1458 780 1707 825 notatum
1761 778 1846 825 est
1875 808 1892 831 ,
1924 769 2062 823 alter

487 871 672 918 autem
732 864 1098 931 captivitatem
1162 865 1373 920 solvere
1433 863 1764 919 enitebatur.
1815 862 1883 915 Et
1933 860 2064 914 \‘icit

489 952 718 1009 Michael
782 956 1157 1012 adversarium
1204 971 1408 1021 suum;
1448 966 1513 1010 et.
1534 955 1864 1025 Euphratem
1892 961 2064 1007 trans-

486 1044 671 1101 ierunt
708 1044 884 1101 Judaei
951 1048 1267 1116 patriasque
1301 1047 1458 1103 sedes
1485 1054 1832 1116 receperunt,
1871 1045 2059 1099 urbem

483 1147 538 1188 et
563 1136 822 1205 templum
858 1136 1039 1192 denuo
1087 1138 1509 1193 :edilicavcrunt.
1558 1136 1710 1192 lluud
1764 1137 1922 1192 aliter
1945 1149 2064 1188 ma-

485 1245 626 1291 Ritus
645 1228 984 1299 Epiphanius
1015 1233 1091 1286 ait
1118 1249 1132 1285 :
1155 1231 1367 1302 Culque
1396 1230 1541 1302 genti
1580 1229 1830 1301 angelum
1865 1225 2062 1297 praefe-

484 1330 633 1374 ctum
685 1336 831 1386 esse,
864 1322 1049 1377 divina
1081 1324 1214 1378 dicit
1277 1323 1581 1393 Scriptura.
1634 1321 1875 1392 Angelus
1916 1319 2060 1374 enim

489 1411 763 1467 Danielem
820 1414 1146 1483 alloquens,
1202 1423 1368 1470 vocat
1416 1415 1718 1483 principem
1772 1412 2061 1467 Persarum

487 1507 897 1578 principemque
939 1508 1279 1572 Graecorum,
1314 1514 1368 1560 et
1403 1504 1717 1560 Michaelem
1748 1501 2061 1558 Iudaeorum

486 1598 787 1669 principem
830 1613 952 1654 esse
996 1598 1262 1668 designat.
1311 1596 1375 1650 Et
1418 1596 1679 1667 Moyses:
1714 1612 1733 1646 ι
1772 1593 2065 1648 Constituit

489 1690 752 1745 terminos
817 1690 1143 1760 populorum
1203 1688 1361 1758 juxta
1386 1700 1676 1740 numerum
1742 1685 2061 1754 angelorum

489 1782 603 1835 Dei.
643 1799 664 1833 ι
699 1776 817 1847 Qua
853 1782 921 1836 de
969 1795 1135 1836 causa
1162 1778 1405 1834 Joannes
1445 1778 1499 1831 in
1528 1776 1855 1847 Apocalypsi
1885 1775 2062 1830 dicit:

489 1894 509 1923 ε
547 1873 709 1927 Solve
728 1882 965 1942 quatuor
991 1872 1216 1944 angelos
1244 1871 1338 1942 qui
1371 1869 1577 1941 alligati
1608 1881 1738 1925 sunt
1759 1869 1811 1922 in
1839 1867 2067 1924 ﬂumine

2171 683 2319 752 λέγει
2350 685 2486 755 πρὸς
2518 686 2815 757 Κορνήλιον
2845 683 2931 749 ¹⁹)’
2954 702 2973 735 ι
3009 684 3075 736 Αἰ
3106 680 3406 752 προσευχαί
3438 695 3535 734 σου
3569 678 3662 733 καὶ
3689 679 3747 733 αἰ

2171 776 2529 847 ἐλεημοσύναι
2565 795 2660 831 σου
2693 777 2968 846 ἀνέϐησαν
3021 776 3102 840 εἰς
3151 774 3497 844 μνημόσυνον
3536 772 3750 842 ἐμπρο-

2172 866 2297 921 σθεν
2328 867 2420 920 τοῦ
2447 866 2603 921 Θεοῦ.
2637 887 2657 919 ι
2698 868 2772 938 (9)
2820 867 3059 928 Εἰκότως
3097 860 3193 919 οῦν
3244 865 3372 928 τοὺς
3420 863 3752 928 ἀγαπῶντας

2169 960 2202 1029 ἡ
2213 960 2320 1027 μᾶς
2362 959 2629 1028 ἀγγέλους
2663 959 2995 1030 γεραίρομεν
3019 958 3095 1022 ὡς
3127 957 3271 1026 ὺπέρ
3301 956 3460 1028 ἡμῶν
3493 955 3639 1024 (405)
3670 954 3754 1022 τῷ

2171 1052 2415 1121 Δεσπότῃ
2465 1051 2889 1121 πρεσϐεύοντας.
2941 1051 3051 1105 Καὶ
3081 1050 3192 1121 γὰρ
3229 1050 3275 1089 ³⁸
3322 1067 3339 1101 ι
3379 1046 3755 1116 Λειτουργικὰ

2174 1143 2462 1214 πνεύματά
2493 1145 2620 1209 εἰσι,
2661 1144 2802 1198 κατὰ
2830 1144 2920 1197 τὸν
2980 1142 3333 1206 ’Δπόστολον,
3363 1142 3443 1203 εἰς
3471 1138 3754 1193 διακονίαν

2172 1237 2617 1309 ἀποστελλόμενα
2665 1235 2757 1290 διὰ
2808 1236 2935 1299 τοὺς
2988 1234 3280 1307 μέλλοντας
3336 1229 3757 1300 κληρονομῆσαι

2174 1330 2470 1402 σωτηρίαν,
2501 1350 2519 1383 ι
2572 1324 2655 1393 οἷς
2699 1328 2795 1384 καὶ
2816 1326 3207 1400 ὑπερμαχοῦσι
3241 1327 3338 1381 καὶ
3373 1321 3753 1393 συμμαχοῦσι,

2173 1422 2356 1487 καθὼς
2386 1422 2587 1494 ἀρτίως
2618 1422 2862 1492 ἡκούσας
2894 1420 2991 1474 τοῦ
3041 1418 3262 1488 Δανιὴλ,
3309 1415 3428 1478 πῶς
3458 1413 3616 1485 φέρει
3655 1411 3753 1465 τὸν

2171 1512 2514 1583 ἀρχάγγελον
2543 1510 2787 1582 Μιχαὴλ,
2818 1510 2896 1580 τῷ
2929 1507 3120 1563 πασῶν
3142 1509 3185 1539 ’ί
3214 1506 3395 1576 ἐφόρῳ
3428 1503 3752 1571 διαπληκτι-

2172 1604 2398 1675 ζόμενον
2425 1603 2565 1674 ὑπὲρ
2605 1604 2707 1670 τῆς
2740 1601 2901 1673 ἡμῶν
2928 1599 3265 1670 ἐλευθερίας.
3304 1597 3365 1653 '0
3394 1596 3495 1665 μὲν
3522 1593 3634 1664 γάρ
3658 1593 3752 1646 τδν

2170 1691 2297 1746 λαὸν
2319 1692 2595 1746 δουλεύειν
2617 1694 2731 1754 τοῖς
2751 1691 2991 1763 Πέρσαις
3025 1687 3360 1762 ἠνάγκαζεν,
3393 1686 3469 1747 ὡς
3498 1686 3714 1756 εἴρηται
3735 1699 3749 1714 ⁸

2170 1787 2200 1839 ὁ
2230 1786 2288 1838 δέ
2320 1784 2482 1838 λῦσαι
2523 1784 2622 1856 τὴν
2654 1783 3037 1854 αἰχμαλωσίαν
3084 1779 3441 1845 ἐσπούδαζεν.
3467 1776 3579 1831 Kal.
3625 1775 3753 1843 νικᾷ

2171 1874 2392 1945 Μιχαὴλ
2421 1877 2513 1928 τὸν
2556 1874 2853 1929 ἀντίπαλον
2874 1891 2890 1908 ο
2921 1873 3018 1929 καὶ
3044 1872 3137 1926 τὸν
3171 1871 3466 1942 Εὐφράτην
3506 1866 3751 1921 Ἰουδαῖοι

489 1980 686 2035 magno
709 1965 1003 2033 Euphrate.
1037 1984 1057 2017 ι
1093 1963 1172 2019 Ex
1214 1979 1325 2035 quo
1358 1971 1511 2035 patet
1556 1963 1777 2032 angelos
1822 1976 1944 2017 esse
1987 1961 2064 2015 in-

2170 1967 2529 2037 περάσαντες,
2561 1967 2662 2035 τὴν
2711 1964 2977 2036 πατρῷαν
3032 1964 3199 2018 πάλιν
3245 1961 3434 2016 ἐστίαν
3472 1957 3752 2014 ἀπέλαϐον

487 2067 665 2113 n-ntos
699 2058 767 2112 ad
798 2057 1231 2113 subveniendum
1272 2055 1523 2128 gentibus
1561 2054 1616 2109 in
1665 2054 1845 2118 bello,
1892 2067 2067 2124 usque

486 2149 555 2202 ad
583 2158 796 2219 tempus
830 2149 1265 2220 longanimitatis
1296 2147 1546 2214 Domini;
1586 2156 1642 2203 et
1672 2161 1770 2217 per
1794 2161 1891 2201 eos
1912 2145 2065 2200 ordi-

2172 2060 2268 2114 καί
2332 2058 2432 2129 τὴν
2493 2057 2669 2119 πόλιν,
2736 2058 2956 2111 καὶτὸν
3008 2056 3138 2112 ναδν
3196 2053 3574 2126 ᾠκοδόμησαν.
3633 2050 3751 2120 (i0)

2175 2166 2197 2202 ι
2243 2149 2477 2218 Ὀμοξως
2498 2148 2554 2202 δὲ
2583 2151 2676 2202 καὶ
2704 2151 2732 2201 ὀ
2765 2149 2939 2221 μέγας
2965 2148 3284 2215 Ἐπιφάνιος
3313 2144 3420 2215 ἔφη
3447 2145 3491 2175 ⁸⁸
3510 2160 3524 2175 ο
3554 2140 3752 2196 «Ἐκά-

486 2241 638 2296 nabit
673 2240 938 2297 Dominus
980 2241 1273 2296 discrimen
1325 2246 1639 2297 sanctorum
1673 2252 1920 2293 suorum.
1960 2235 2064 2292 Do-

2170 2259 2281 2312 στῳ
2335 2240 2479 2295 ἐθνει
2505 2241 2737 2311 ἄγγελον
2765 2241 3064 2312 ἐφεστάναι
3104 2241 3270 2311 φησιν
3301 2242 3339 2310 ἡ
3366 2238 3488 2292 θεία
3534 2236 3753 2307 Γραφή.

488 2333 763 2387 minantur
796 2333 977 2404 angeli
1021 2349 1052 2388 a
1086 2331 1295 2403 Spiritu
1322 2332 1510 2386 divino
1536 2329 1798 2394 ordinati,
1842 2344 1947 2385 nec
1981 2328 2060 2383 ir—

2178 2332 2238 2386 '0
2265 2333 2374 2405 γὰρ
2396 2333 2474 2403 τῷ
2494 2334 2696 2404 Δανιὴλ
2729 2333 3167 2406 προσλεγὸμενος
3193 2333 3242 2364 ³³
3268 2332 3499 2401 ἄγγελος
3530 2329 3625 2382 καὶ
3649 2327 3753 2398 ἄρ-

487 2424 755 2494 ruptionis
780 2434 997 2492 tempus
1025 2433 1080 2479 et
1115 2438 1341 2479 causam
1374 2422 1599 2487 habent,
1632 2436 1698 2476 eo
1730 2421 1880 2491 quod
1924 2434 2063 2476 non-

2170 2440 2330 2495 χοντα
2363 2421 2592 2494 Περσῶν
2628 2424 2875 2495 εἴρηκεν,
2910 2423 3007 2477 καὶ
3036 2422 3278 2494 ἄρχοντα
3324 2418 3614 2488 Ἑλλήνων,
3651 2414 3751 2468 καί

490 2518 617 2568 ilum
637 2514 746 2569 illis
780 2515 941 2570 liceat
955 2514 1167 2586 judicia
1185 2529 1465 2577 exercere,
1494 2528 1689 2568 omnes
1713 2511 2064 2568 dissolvendo

2170 2516 2258 2568 τὸν
2294 2513 2515 2584 Μιχαὴλ
2538 2514 2776 2584 ἄρχοντα
2808 2514 2918 2568 τῶν
2955 2512 3227 2567 Ἰουδαίων
3252 2510 3419 2579 λέγει.
3449 2509 3562 2563 Kal.
3580 2507 3750 2562 Μωῦ-

489 2615 679 2677 gentes
701 2608 772 2663 ob
807 2616 1125 2662 sanctorum
1173 2605 1430 2675 injurias.
1460 2603 1756 2660 Solventur
1787 2605 1956 2668 enim,
2006 2612 2064 2658 ut

2170 2607 2301 2675 σῆςο
2342 2626 2359 2659 ι
2397 2606 2668 2675 Ἐστησεν
2697 2608 2823 2678 ὅρια
2872 2604 3044 2661 ἐθνῶν
3075 2604 3221 2660 κατὰ
3238 2602 3473 2677 ἀριθμὸν
3499 2599 3748 2669 ἀγγέλων

491 2698 566 2749 ait
587 2695 849 2762 Joannes,
894 2707 949 2751 et
1005 2711 1171 2766 super
1216 2704 1417 2750 terram
1463 2695 1711 2758 irruent,
1739 2691 2064 2748 testantibus

2170 2697 2356 2752 Θεοῦ.»
2379 2698 2471 2751 Διὸ
2489 2700 2584 2753 καὶ
2600 2697 2857 2770 Ἰὡαννης
2884 2701 2944 2754 ἐν
2959 2700 3025 2770 τῇ
3054 2694 3427 2763 ’Δποκαλύψει
3453 2690 3713 2761 φάσκειν⁵
3729 2705 3744 2718 ’

487 2787 610 2841 aliis
648 2788 813 2842 etiam
866 2787 1199 2858 prophetiis,
1242 2787 1367 2841 moti
1418 2786 1718 2841 movebunt
1778 2793 1966 2854 gentes
2004 2783 2060 2837 in

2170 2806 2189 2842 ε
2232 2789 2408 2843 Λῦσον
2431 2791 2556 2855 τοὺς
2580 2789 2625 2821 ’⁸
2652 2790 2694 2843 δ’
2723 2790 2992 2859 ἀγγέλους
3023 2788 3147 2853 τοὺς
3175 2789 3271 2841 ἐπὶ
3314 2784 3410 2838 τοῦ
3459 2780 3749 2853 Εὐφράτου

490 2880 938 2952 ἰειίιίιιιιιῇιιάἰοὶί.
2161 2880 2595 2952 ἐφισταμένουςο
2631 2900 2649 2934 ι
2683 2881 2844 2951 δῆλον
2881 2881 2964 2935 ὅτι
3001 2879 3095 2934 καὶ
3125 2877 3495 2948 ἐπεχομένους
3526 2873 3751 2942 ἐπιτρέ-
3776 2908 3817 2935 ..,

489 2991 610 3028 πειν
638 2974 849 3028 ἔθνεσιν
885 2977 964 3039 εἰς
993 2975 1232 3046 πόλεμον
1299 2977 1404 3040 ἕως
1442 2975 1639 3049 καιροῦ
1706 2974 2095 3049 μακροθυμίας
2134 2976 2346 3048 Κυρίου
2367 2990 2382 3006 ⁸
2415 2977 2511 3031 καὶ
2573 2975 2909 3048 προστάσσει
2943 2976 2989 3007 ⁸⁸
3013 2974 3081 3027 δι’
3112 2971 3289 3026 αὐτῶν
3317 2968 3562 3023 ἐκδικίαν
3606 2965 3751 3032 τινε-

488 3072 614 3126 σθαι
642 3074 750 3127 τῶν
774 3073 944 3143 ἁγίων
972 3075 1149 3128 αὐτῶν
1180 3075 1246 3127 ³⁷.
1280 3073 1628 3144 Κρατοῦντες
1655 3073 1700 3107 ³⁸
1729 3074 1837 3145 γὰρ
1867 3076 1918 3128 οἰ
1978 3073 2402 3143 ἐπιτεταγμένοι
2468 3072 2694 3141 ἄγγελοι
2757 3070 2864 3125 ὑπὸ
2890 3070 2985 3126 τοῦ
3019 3069 3169 3123 θείου
3228 3065 3545 3135 Πνεύματος
3566 3063 3636 3127 ’⁸,
3673 3061 3753 3132 μὴ

482 3168 701 3236 ἔχοντες
726 3167 922 3235 καιρὸν
950 3167 1271 3238 ἐπιδρομῆς,
1311 3166 1400 3219 διὰ
1460 3167 1520 3219 τὸ
1557 3166 1789 3237 μηδέπω
1853 3166 2001 3221 λύειν
2030 3166 2216 3229 αὐτοῖς
2248 3167 2292 3198 ³ο
2312 3165 2411 3236 τὴν
2435 3165 2617 3233 δίκην,
2679 3162 2776 3217 τοῦ
2818 3163 2890 3216 τά
2917 3161 3081 3216 λοιπά
3111 3158 3268 3230 163
3311 3157 3442 3225 ἔθνη
3498 3151 3749 3218 λύεσθαι,

482 3260 583 3325 τῆς
611 3261 693 3323 εἰς
716 3261 842 3324 τοὺς
890 3261 1081 3326 ἁγίους
1128 3258 1342 3327 ὕϐρεως
1372 3259 1538 3314 ἕνεκα
1593 3260 1677 3292 ³¹⁸
1713 3259 1932 3314 λύονται
1989 3258 2101 3330 γὰρ
2159 3262 2209 3314 οἰ
2262 3257 2497 3313 τοιοῦτοι
2549 3258 2646 3312 καὶ
2696 3257 3024 3328 ἐπέρχονται
3058 3257 3131 3324 τῇ
3180 3254 3249 3322 γῇ
3278 3292 3294 3317 ,
3347 3246 3527 3312 καθώς
3580 3260 3751 3316 φησιν

496 3350 749 3420 Ἰωάννης
797 3353 841 3384 ³⁸
879 3351 970 3404 καί
1003 3354 1054 3403 οἰ
1081 3351 1384 3420 προφῆται,
1415 3354 1511 3404 καὶ
1557 3351 1606 3382 ³³
1646 3352 1962 3422 κινούμενοι
1995 3350 2041 3383 ’⁸
2078 3348 2322 3405 κινοῦσιν
2351 3353 2431 3415 εἰς
2467 3352 2649 3421 ὁρμὴν
2683 3348 2929 3409 ἐκδικίας
2969 3348 3037 3401 τὰ
3070 3345 3199 3414 ἔθνη
3228 3345 3299 3399 ³⁸.
3332 3362 3352 3395 ι

556 3444 821 3499 Mirabilis
866 3432 1210 3513 Nicephorus
1258 3444 1898 3514 Constantinopolitanus
1931 3443 2009 3498 ait
2040 3461 2058 3498 :

2238 3443 2284 3475 “
2307 3441 2421 3513 (ll)
2466 3442 2580 3495 Kal.
2617 3442 2803 3511 μέντοι
2859 3456 2923 3505 γε
2977 3440 3005 3491 ὀ
3061 3437 3369 3507 θαυμάσιος
3429 3432 3750 3505 Νικηφόρος

487 3537 752 3592 Novimus
779 3537 1166 3606 credimusque
1190 3536 1382 3592 laudes
1413 3552 1552 3606 quas
1592 3535 1703 3592 Deo
1743 3536 2064 3602 emittimus,

488 3633 537 3687 ei
572 3632 642 3686 ab
664 3630 872 3700 angelis
903 3631 1117 3695 olferri;
1171 3632 1216 3685 si
1255 3631 1359 3685 hoc
1390 3645 1516 3685 vere
1543 3629 1779 3685 dicitur:
1813 3649 1832 3682 ι
1874 3629 2065 3700 Angeli

487 3737 682 3776 eorum
713 3737 931 3790 semper
959 3721 1141 3776 rident
1181 3720 1375 3777 faciem
1409 3720 1587 3777 Patris
1611 3723 1712 3777 mei
1735 3721 1825 3792 qui
1857 3721 1911 3776 in
1951 3735 2065 3776 cm-

489 3815 554 3868 Iis
583 3824 687 3869 est.
731 3830 753 3865 ι
791 3812 932 3878 Quid
965 3828 1151 3867 revera
1183 3813 1333 3868 aliud
1365 3823 1560 3869 curant
1594 3824 1692 3868 aut
1728 3813 1920 3869 dicunt
1957 3811 2065 3869 nisi

484 3919 677 3975 preces
714 3914 933 3962 nostras
965 3905 1177 3960 Domini
1205 3905 1433 3961 auribus
1463 3907 1813 3962 admoventes
1853 3905 2066 3961 miseri-

487 3997 707 4054 cordem
737 4013 862 4053 eum
893 4000 1051 4054 nobis
1078 4012 1244 4065 super
1259 3999 1343 4054 his
1364 4014 1483 4068 qua:
1513 3998 1758 4067 fecimus,
1784 4000 2067 4055 alliciunt?

492 4090 698 4147 Exinde
725 4106 827 4147 nos
858 4092 1001 4145 haud
1027 4092 1302 4147 immerito
1330 4093 1548 4161 quidem
1578 4091 1632 4145 in
1667 4105 1859 4146 eorum
1892 4091 2068 4149 honu-

490 4194 605 4233 rem
638 4179 839 4249 templa
865 4180 1223 4245 aediﬁcamus,
1248 4178 1495 4249 festaque
1529 4181 1865 4237 celebrantes
1895 4180 2065 4251 glori-

491 4272 719 4325 ﬁcamus
755 4270 922 4325 Deum
947 4274 1041 4342 qui
1070 4288 1167 4328 eos
1198 4272 1486 4343 gloriﬁcat.
1512 4282 1568 4326 et
1599 4288 1792 4327 omnes
1819 4282 2064 4329 sanctos.

493 4361 698 4418 llorum
737 4364 980 4428 ordines,
1021 4374 1248 4431 statum,
1302 4366 1584 4421 scientiam
1615 4366 1945 4420 eminentem
1980 4366 2065 4419 di-

488 4454 615 4508 vina
640 4468 705 4509 ex
759 4453 1157 4512 illuminatione
1201 4466 1538 4519 nascentem,
1590 4472 1619 4509 ιι
1668 4454 2066 4523 Christophoro

490 4545 725 4601 edoctus
775 4546 974 4602 heatus
1012 4545 1322 4617 Dionysius,
1361 4548 1442 4601 vir
1472 4547 1559 4601 ille
1597 4547 1953 4616 apostolicus,
1985 4547 2067 4600 sic

2167 3533 2795 3596 Κωνσταντινουπόλεως
2830 3532 2933 3601 ἔφη
2956 3548 2971 3563 ⁸
3024 3550 3044 3581 «
3079 3532 3267 3599 Ἴσμεν
3293 3528 3351 3582 δὲ
3376 3528 3471 3582 καὶ
3499 3523 3752 3579 πιστεύοι

2172 3642 2273 3695 μεν
2332 3625 2432 3690 τὰς
2486 3625 2625 3696 πρὸς
2679 3624 2812 3678 Θεὸν
2863 3624 2906 3656 ³⁷
2936 3621 3243 3691 δοξολογίας
3298 3620 3454 3690 ἡμῶν
3498 3618 3587 3672 διὰ
3638 3615 3752 3670 τῶν

2167 3717 2343 3785 ἁγίων
2363 3715 2612 3784 ἀγγέλων
2647 3713 3044 3787 προσάγεσθαι,
3062 3713 3221 3783 εἴπερ
3250 3711 3401 3764 ἐστιν
3422 3707 3624 3780 ἀληθὲς
3651 3706 3746 3760 τόο

2175 3828 2194 3860 ι
2228 3809 2292 3864 Οἰ
2341 3809 2563 3878 ἄγγελοι
2591 3807 2770 3861 αὐτῶν
2797 3808 2887 3862 διὰ
2916 3807 3117 3869 παντὸς
3149 3804 3408 3875 βλέπουσι
3456 3801 3517 3854 τὸ
3575 3797 3749 3867 πρόσ-

2170 3917 2319 3955 ωπον
2342 3900 2436 3953 τοῦ
2471 3900 2685 3970 Πατρός
2715 3917 2815 3969 μου
2834 3898 2927 3952 τοῦ
2958 3901 3017 3952 ἐν
3044 3899 3356 3969 οὐρανοῖς,ι
3390 3895 3442 3949 τί
3480 3893 3752 3965 πράττονο

2168 4010 2260 4058 τες
2283 3994 2316 4065 ἢ
2348 3994 2402 4046 τί
2424 3990 2725 4061 λέγοντεςῆ
2760 3993 2978 4054 πάντως
2999 4007 3063 4057 γε
3089 3991 3188 4054 τὰς
3210 3988 3460 4058 αἰτήσεις
3483 3985 3641 4057 ἡμῶν
3671 3983 3752 4047 εἰς

2168 4085 2237 4139 τὰ
2256 4078 2371 4138 ὦτα
2392 4084 2600 4155 Κυρίου
2623 4081 2850 4137 Σαϐαὼθ
2884 4082 3222 4149 εἰσάγοντες,
3255 4079 3398 4132 ἵλεον
3429 4079 3563 4147 ἡμῖν
3585 4073 3752 4129 αὐτὸν

2168 4178 2263 4230 ἐπὶ
2285 4179 2397 4240 τοῖς
2426 4176 2831 4247 πεπραγμένοις
2864 4170 3399 4240 παρασκευάζουσιν.
3417 4169 3528 4240 (12)
3554 4166 3754 4222 »Ὅθεν

2168 4269 2232 4339 δὴ
2265 4267 2449 4322 λοιπὸν
2482 4270 2561 4332 εἰς
2593 4268 2638 4302 ³⁸
2671 4267 2837 4337 τιμὴν
2888 4268 3071 4321 αὐτῶν
3098 4266 3194 4320 καὶ
3239 4266 3403 4328 ναοὺς
3454 4262 3751 4334 ἐγείρομεν

2170 4360 2264 4413 καὶ
2294 4358 2686 4428 πνευματικῶς
2737 4357 3119 4428 ἑορτάζοντες,
3173 4355 3570 4422 δοξολογοῦμεν
3613 4351 3757 4406 Θεὸν

2168 4452 2261 4505 τὸν
2295 4451 2597 4518 δοξάσαντα
2631 4448 2831 4514 αὐτούς
2874 4464 2935 4502 τε
2986 4450 3082 4502 καὶ
3130 4450 3258 4511 τοὺς
3295 4447 3485 4515 ἁγίους
3517 4446 3752 4506 πάντας,

2170 4538 2245 4599 ὧν
2278 4544 2378 4615 τὴν
2408 4544 2563 4610 τάξιν
2597 4543 2661 4610 γέ
2692 4559 2774 4596 τοι
2834 4544 2928 4595 καὶ
2960 4539 3149 4594 στάσιν
3177 4539 3297 4608 ἅμα
3326 4541 3421 4593 καὶ
3448 4535 3548 4607 τὴν
3578 4536 3752 4603 ὑπερ-

489 4636 768 4692 ostendit:
805 4636 1008 4693 Omnes
1032 4637 1282 4693 caelestes
1318 4648 1613 4708 potestates
1642 4653 1834 4693 novem
1875 4639 2064 4708 singu-

2170 4634 2301 4707 οχὴν
2359 4634 2454 4688 τοῦ
2507 4634 2654 4688 θείου
2710 4631 2996 4704 φωτισμοῦ
3056 4632 3150 4686 καί
3169 4633 3319 4695 ὅπως
3373 4629 3753 4701 ὑπερεχόντως

489 4729 698 4785 laribus
744 4729 1062 4784 nominibus
1122 4730 1334 4789 vocavit
1394 4729 1689 4800 theologia,
1741 4744 1945 4800 eosque
2010 4731 2062 4784 in

2173 4726 2548 4797 μεταδιδόασιν
2589 4724 2683 4779 τοῦ
2740 4742 2801 4778 τε
2847 4723 3130 4795 φωτισμοῦ
3181 4723 3277 4776 καὶ
3320 4723 3422 4791 τῆς
3469 4720 3751 4790 γνώσεως,

484 4828 601 4875 tres
647 4820 835 4876 divisit
904 4819 1240 4875 hierarchias
1306 4836 1536 4891 quarum
1605 4821 1830 4892 singulae
1892 4822 2064 4878 tribus

2173 4816 2324 4887 παρὰ
2350 4815 2446 4868 τοῦ
2480 4817 2840 4888 χριστοφόρου
2870 4815 3099 4886 μυηθεὶς
3119 4814 3149 4867 ὁ
3179 4813 3535 4871 άποστολικδς
3563 4807 3752 4864 Διονύ-

488 4920 745 4969 constant
773 4912 1084 4968 ordinibus.
1146 4910 1331 4968 Primo
1383 4915 1435 4967 in
1479 4910 1611 4968 loeo'
1649 4928 1770 4968 esse
1819 4913 1898 4969 ait
1945 4914 2064 4970 illos

2178 4927 2291 4973 σιος
2321 4907 2491 4973 οὕτως
2524 4909 2629 4981 ἔφη
2661 4909 2736 4941 ³⁹σ
2774 4910 2993 4971 ιΙΙάσας
3025 4909 3059 4978 ή
3090 4907 3343 4975 θεολογία
3368 4907 3467 4971 τὰς
3491 4903 3755 4975 οὐρανίας

490 5006 588 5073 qui
645 5006 842 5061 divina:
905 5005 1227 5062 substantiae
1292 5019 1506 5076 semper
1581 5013 1765 5060 astant
1822 5015 1876 5060 et
1939 5014 2064 5061 ante

2172 5001 2434 5073 δυνάμεις
2459 5005 2617 5057 ἐννέα
2655 5001 2925 5073 κέκληκεν
2953 5003 3381 5071 ἐκφαντορικαξ
3406 4996 3755 5067 ἐπωνυμίαις

489 5104 716 5150 caeteros
759 5098 979 5168 angelos
1027 5097 1197 5153 Deum
1250 5097 1720 5166 appropinquant,
1777 5093 2063 5149 sanctissi-

2172 5124 2241 5134 -
2262 5095 2356 5149 καὶ
2382 5096 2463 5157 εἰς
2491 5096 2641 5166 τρεῖς
2673 5093 2981 5167 διαφορίζει
3013 5094 3059 5127 ⁸⁸
3107 5093 3394 5165 τριαδικὰς
3452 5088 3755 5160 διακοσμή-

491 5199 612 5239 mos
665 5186 871 5243 scilicet
922 5186 1176 5244 Thronos
1231 5190 1287 5242 et
1347 5186 1550 5242 multos
1610 5185 1876 5240 habentes
1931 5198 2060 5237 ocu-

2171 5205 2302 5253 σεις.
2336 5188 2445 5240 Καὶ
2474 5185 2699 5259 πρώτην
2732 5186 2830 5257 μὲν
2852 5182 2993 5240 εἷναί
3037 5203 3171 5258 φησι
3198 5185 3300 5257 τὴν
3336 5184 3465 5255 περί
3492 5182 3627 5237 Θεὸν
3647 5181 3755 5235 Uti-

1626 5346 1826 5410 νει-ἰαὶ
1861 5346 2165 5409 lectiones
2210 5353 2274 5408 et
2315 5353 2505 5408 notae.

558 5470 735 5525 "Act.
755 5487 811 5533 ι.
840 5473 898 5526 4.
935 5472 982 5505 ’⁸
1009 5471 1141 5527 Hell.
1160 5490 1201 5538 ι,
1227 5474 1316 5528 Η.
1357 5474 1399 5505 ’¹
1419 5472 1675 5526 πάντωνῖ
1745 5473 1792 5504 ’³
1822 5471 1965 5527 Ηαξτ.
1984 5487 2051 5537 ιι,

2189 5469 2279 5525 22.
2310 5469 2469 5525 Deut.
2496 5486 2669 5541 xxx",
2696 5470 2773 5541 8.7
2804 5469 3216 5541 ’fgtpoaataley.
3237 5467 3359 5541 god.
3398 5467 3445 5541 "ﬁ
3466 5468 3641 5541 Apoc.
3672 5481 3754 5541 ιιι,

487 5542 573 5614 μ.
617 5613 621 5614 ν
652 5542 697 5572 ’⁵
735 5543 984 5614 τοίς-ΕΡ.
1017 5545 1103 5614 ﬂ"
1137 5535 1433 5614 προστάξει
1461 5542 1560 5614 Ep.
1598 5613 1603 5614 γ
1663 5541 1847 5614 ²⁷γτῶν
1881 5535 2048 5614 άλάγ.
2080 5540 2195 5614 Ep;
2279 5535 2785 5614 "_l{pa-:q_0_évvs;?
2835 5535 3201 5614 Ἐκρατοῦντο
3250 5537 3351 5614 Ep.
3375 5610 3387 5614 _
3428 5540 3476 5614 f9
3510 5537 3615 5614 ὑτδ
3654 5535 3752 5588 τοῦ

486 5606 804 5683 Πνεύματος
837 5606 944 5677 Ep.
1013 5613 1056 5643 ³⁰
1080 5606 1275 5675 αὐτούς
1312 5606 1436 5666 cod.
1510 5606 1552 5643 δι
1592 5613 1653 5665 ἐν
1684 5613 1784 5682 τῆς
1805 5628 1865 5665 π.
1898 5606 1953 5664 τ.
1976 5606 2032 5665 ά.
2073 5606 2253 5680 ὑ.Ἐι).
2335 5611 2378 5642 ⁸²
2416 5606 2504 5672 ’ὡς
2538 5606 2740 5662 Ἶωάνν
2779 5627 2810 5674 ς
2838 5628 2878 5662 π
2936 5606 3177 5680 ’φητεύει
3209 5606 3309 5662 καῖ
3339 5610 3390 5662 οἰ
3428 5607 3611 5660 λοιποὶ
3643 5622 3745 5672 πρ.

488 5682 584 5734 1-ἷιι.
660 5681 706 5714 ³³
746 5682 854 5734 γάρ
898 5682 996 5734 En.
1072 5683 1116 5713 "
1145 5683 1195 5734 οἰ
1220 5682 1443 5734 ἄγγελοι
1468 5681 1564 5734 En.
1637 5682 1681 5716 ³⁸
1708 5699 1763 5734 κ.
1787 5685 1855 5734 τά
1890 5683 1937 5734 ὲ.
1978 5684 2057 5734 εἰς
2084 5681 2133 5733 ὁ.
2160 5684 2207 5734 ἐ.
2244 5680 2342 5734 En.
2412 5680 2457 5712 ³⁸
2482 5678 2538 5733 In
2569 5679 2708 5732 libro
2741 5627 2809 5734 Re
2851 5627 3178 5734 Cplfcrubiuis
3240 5677 3381 5733 Bibl.
3430 5677 3576 5731 Max.
3606 5674 3745 5730 XIV.

488 5682 584 5751 l_-Zp.
637 5674 706 5714 ’³³
746 5682 854 5751 γάρ
888 5674 996 5747 Ep.
1072 5683 1116 5713 ³⁸
1145 5683 1195 5734 οἰ
1220 5674 1443 5750 ἄγγελοι
1468 5681 1564 5751 Ep.
1637 5682 1681 5716 ³⁸
1708 5674 1855 5736 κ’.τά
1890 5683 1937 5734 ὲ.
1978 5684 2057 5743 εἰς

2170 5674 2214 5735 ἐξ
2244 5680 2342 5751 Ep.
2412 5680 2457 5712 ³⁸
2482 5678 2538 5733 In
2569 5679 2708 5751 libr_o
2741 5674 2809 5735 de
2851 5674 3178 5751 Clic'ruhinis
3240 5677 3381 5733 Bibl.
3430 5677 3576 5751 bis}.
3606 5674 3750 5751 XIV.

483 5745 545 5802 ﬁt
578 5752 691 5807 hare
720 5745 1089 5821 inveniuntur.
1115 5781 1178 5791 —
1212 5745 1443 5807 Eis'taut
1473 5745 1526 5805 in
1553 5752 1916 5807 Antirrhetico
1962 5751 2006 5807 ll
2038 5752 2160 5805 adv.
2199 5745 2615 5821 Constantinum
2642 5747 3078 5821 ⁸(Ζοιιιοιιγιιιιιιιι,
3112 5750 3252 5821 inter
3292 5762 3419 5818 opp.
3462 5745 3753 5821 Nicephori

488 5829 686 5890 nostra!
724 5822 1000 5890 editionis.
1036 5819 1361 5890 Patrologt'a:
1390 5830 1522 5875 tom.
1553 5825 1616 5884 C,
1639 5824 1742 5875 col.
1782 5822 1887 5878 555
1913 5823 1971 5876 Β.
2003 5824 2064 5877 ΕΙ

2185 5821 2352 5876 Pun.
2456 5822 2499 5850 ³⁷
2531 5818 2666 5872 θεοῦ
2699 5818 2820 5875 cod.
2875 5818 2884 5821 ⁷
2922 5818 2967 5850 ⁸⁸
3008 5819 3196 5873 λοιπὸν
3228 5821 3456 5882 εἰκότως
3494 5818 3571 5881 εἰς
3620 5818 3752 5873 cod.

560 5887 605 5919 ³³
629 5905 699 5941 γι.
732 5888 766 5940 ‘2
798 5890 844 5941 ὁ.
869 5890 1056 5951 οὐσίας
1088 5890 1168 5941 ﬁ"?
1244 5887 1285 5920 δῖ’
1319 5890 1411 5957 ἀφ’
1469 5891 1622 5945 Dion.
