4096 6444
395 467 508 532 283

1605 473 1931 537 GEORGII
1971 477 2423 540 HAMARTOLI

3555 469 3666 536 234

396 581 560 635 corda
597 592 653 635 et
678 599 695 633 t
742 588 987 651 penetrat
1024 596 1199 653 usque
1228 584 1294 637 ad
1335 584 1657 640 divisioncm
1692 589 1888 643 anima
1923 597 1976 642 et

2085 589 2288 659 σφόδρα
2336 590 2430 644 καὶ
2478 587 2599 642 λίαν
2655 586 3005 657 ἰλιγγιάσας,
3058 582 3320 655 ίξεϐοήσε
3379 584 3537 659 165
3567 587 3668 658 τὴν

398 672 653 742 spiritus,
703 687 1029 744 eontpagum
1098 690 1320 746 quoque
1377 693 1443 733 ac
1481 679 1858 743 medullarum,
1922 690 1978 734 et

397 764 669 819 discreto:
695 773 784 820 est
806 767 1199 837 cogitationum
1226 776 1280 822 et
1308 769 1674 825 intentionum
1719 772 1924 836 cordis,
1952 792 1971 825 ι

397 864 566 926 patet,
613 872 864 924 sensum,
900 860 1237 915 voluntatem
1268 867 1325 916 et
1371 861 1703 918 desiderium
1740 866 1978 920 abscon-

396 946 576 1002 ditum
614 948 875 1015 hominis,
909 960 1098 1006 notum
1157 965 1266 1006 non
1294 967 1417 1007 esse
1450 952 1518 1007 ab
1552 955 1767 1026 angelo,
1801 956 1977 1025 ti'eque

396 1040 629 1110 quodvis
659 1040 752 1094 Dei
786 1043 1101 1112 mysterium
1133 1052 1304 1108 certe,
1334 1044 1439 1100 nisi
1471 1046 1748 1117 sapienter
1774 1056 1827 1103 et
1850 1064 1977 1117 pro-

396 1129 521 1185 vide
545 1131 660 1201 ipse
691 1131 839 1189 Deus
877 1134 1196 1204 patefecerit
1236 1140 1305 1193 ad
1331 1138 1620 1193 utilitatem
1655 1154 1846 1195 eorum
1885 1142 1977 1211 qui

395 1235 729 1290 cognoscere
768 1223 1004 1295 debent;
1040 1228 1161 1283 ideo
1206 1229 1494 1285 abscondit
1542 1229 1976 1286 incarnationem

395 1311 649 1383 pluribus
674 1314 747 1369 ob
773 1330 970 1371 eorum
1023 1318 1396 1389 insipientiam
1426 1329 1480 1376 et
1530 1329 1592 1376 ut
1638 1322 1730 1376 diu
1763 1321 1976 1379 lateret.

396 1402 465 1459 Et
509 1406 640 1474 quid
675 1406 799 1462 dico
852 1409 1142 1481 plerosque
1176 1411 1383 1480 fugisse
1417 1412 1560 1469 hanc
1591 1415 1835 1486 mysterii
1884 1430 1979 1470 co-

394 1497 732 1568 gnitionem?
752 1498 867 1572 ipsa
893 1502 1351 1575 enimfpraegnans
1380 1503 1545 1577 Virgo
1571 1516 1841 1562 secretum
1862 1523 1980 1579 my-

394 1587 549 1642 sterii
601 1598 657 1644 et
704 1591 824 1659 ejus
855 1591 1222 1649 inenarrabile
1261 1610 1522 1649 arcanum
1563 1611 1671 1650 non
1723 1597 1980 1668 cognorit

395 1678 626 1749 ipseque
679 1682 931 1739 diabolus
962 1685 1251 1753 ignoravit.
1281 1685 1439 1753 Quod
1490 1689 1536 1743 si
1569 1688 1883 1758 prephetias
1910 1689 1978 1743 tle

394 1785 462 1826 eo
494 1772 768 1840 audierat,
803 1777 1026 1830 modum
1069 1775 1471 1834 lncarnationis
1507 1796 1615 1833 non
1644 1789 1897 1846 noverat;
1929 1779 1974 1835 si

392 1862 540 1916 enim
576 1866 835 1932 novisset,
870 1865 1065 1923 Iesum
1102 1877 1253 1923 tanto
1303 1878 1425 1939 post
1461 1880 1703 1941 tempore
1752 1886 1859 1925 non
1893 1871 1976 1924 in-

2080 681 2323 753 ἀοίδιμον
2356 680 2541 751 φωνὴν
2571 680 2790 749 ἐκείνην
2815 679 2990 748 λέγων
3020 677 3068 710 ⁸⁸
3087 696 3103 712 ο
3143 697 3161 730 ι
3198 673 3270 730 *Ω
3300 676 3465 747 βάθος
3496 678 3666 731 πλού-

2079 790 2197 841 του,
2227 776 2322 827 καὶ
2354 773 2547 843 σοφίας
2576 773 2670 826 καὶ
2690 770 2945 841 γνώσεως
2963 768 3124 836 Θεοῦ,
3152 770 3231 834 ὡς
3254 768 3662 841 ἀνεξεραύνητα

2079 863 2147 915 τὶ
2176 863 2424 934 κρίματα
2451 861 2619 916 αὐτοῦ
2649 861 2743 915 καὶ
2768 858 3167 930 ἀνεξιχνίαστοι
3189 860 3243 913 αἱ
3274 857 3385 913 660i.
3419 856 3609 912 αὐτοῦ.
3635 876 3656 910 ι

2093 955 2473 1024 Ἀνέκφραστα
2510 953 2692 1007 πάντα
2736 952 2845 1005 εἰσί
2874 950 2971 1004 καὶ
3029 949 3379 1018 ἀδιάγνωστα
3405 950 3541 1003 πᾶσι
3592 948 3665 1002 τά

2079 1042 2176 1097 τοῦ
2209 1044 2346 1097 Θεοῦ
2368 1059 2381 1073 ο
2410 1042 2534 1097 οὐδὲ
2570 1043 2684 1114 γὰρ
2726 1041 2796 1096 τά
2823 1040 2920 1095 τοῦ
2947 1039 3246 1111 ἀνθρώπου
3274 1059 3292 1090 ι
3346 1033 3456 1093 οἰδέ
3483 1055 3568 1102 τις
3586 1038 3659 1101 ⁸9,

2079 1138 2129 1189 εἰ
2161 1136 2235 1204 μὴ
2251 1138 2312 1188 το
2324 1134 2550 1206 Πνεῦμα
2569 1133 2665 1188 τοῦ
2693 1132 2982 1205 ἀνθρώπου
3003 1147 3019 1163 ⁸
3038 1151 3057 1184 ι
3090 1133 3141 1185 εἰ
3165 1130 3275 1202 γάρ
3298 1131 3458 1201 μόνος
3474 1131 3505 1184 ό
3527 1128 3662 1192 Θεὸς

2080 1226 2521 1298 καρδιογνώστης
2548 1227 2607 1292 ⁸⁸,
2646 1243 2666 1278 ι
2706 1225 2803 1278 καὶ
2850 1223 3229 1293 διικνούμενος
3282 1221 3449 1292 μέχρι
3500 1237 3662 1290 μερι-

2081 1318 2220 1389 σμοῦ
2246 1318 2428 1388 ψυχῆς
2459 1320 2556 1372 καὶ
2586 1318 2860 1389 σώματος,
2883 1314 3078 1387 ἁρμῶν
3114 1330 3176 1368 τε
3199 1315 3295 1368 καὶ
3324 1311 3539 1385 μυελῶν
3564 1312 3661 1366 καὶ

2079 1410 2329 1481 κριτικὸς
2360 1410 2715 1480 ἐνθυμήσεων
2743 1410 2839 1463 καὶ
2868 1407 3092 1463 ἑννοιῶν
3120 1405 3407 1477 καρδίας,›
3437 1402 3662 1473 εὔδηλον

2078 1504 2156 1568 ὼς
2184 1504 2306 1559 οὐδε
2340 1505 2467 1558 νοῦν
2501 1501 2793 1573 ἀνθρώπου
2839 1503 2938 1556 καὶ
2977 1500 3225 1572 βούλημα
3276 1498 3372 1553 καὶ
3403 1495 3663 1566 ἐνθύμιον

2079 1596 2464 1669 κεκρυμμένον
2493 1594 2727 1665 ἄγγελος
2752 1590 2918 1657 οἶδεν,
2948 1594 3077 1663 μήτι
3100 1608 3163 1659 γε
3190 1589 3331 1643 Θεοῦ
3361 1589 3666 1659 μυστήριον

2077 1690 2287 1761 ἕτερον,
2310 1690 2359 1743 εἰ
2389 1689 2435 1723 "
2472 1688 2548 1759 μὴ
2574 1687 2762 1756 σαφῶς
2792 1687 2885 1741 ὑπ’
2915 1684 3084 1740 αὑτοῦ
3116 1682 3264 1755 (ιιι)
3298 1682 3392 1735 καὶ
3420 1681 3666 1747 ἑξαῦτοῦ

2076 1781 2452 1852 δεδηλωμένον
2503 1779 2873 1849 οἰκονομικῶς
2924 1779 3067 1846 πρὸς
3095 1776 3157 1830 τὸ
3208 1774 3510 1846 συμφέρον,
3541 1773 3665 1827 ὅθεν

2077 1873 2256 1929 τοίνυν
2278 1872 2473 1942 ἄδηλον
2500 1872 2726 1945 εποίησε
2764 1872 2863 1943 τὴν
2888 1870 3157 1940 ἔνσαρκον
3199 1869 3521 1936 οἰκονομίαν
3567 1865 3665 1919 καὶ

394 1956 805 2026 terrogavisset,
844 1959 1031 2015 dicens
1068 1960 1119 2016 ei
1162 1962 1359 2027 semel,
1393 1962 1588 2017 iterum
1617 1973 1670 2018 et
1692 1975 1772 2020 ter
1802 1979 1821 2020 :
1854 1982 1873 2016 ι
1912 1962 1970 2019 Si

2081 1967 2204 2029 τοὺς
2233 1965 2465 2028 πολλοὺς
2494 1963 2755 2036 κρύπτων
2784 1963 2874 2017 διὰ
2902 1962 3004 2032 τὴν
3037 1960 3313 2029 ἀσάφειαν
3339 1959 3435 2013 καὶ
3468 1954 3667 2011 λανθά-

394 2042 572 2104 I‘ilius
601 2050 693 2103 Dei
720 2065 802 2106 es.
844 2069 865 2105 ι

2086 2074 2200 2111 νειν
2236 2056 2397 2129 μέχρι
2425 2055 2645 2112 πολλοῦ.
2677 2056 2788 2110 Καὶ
2807 2054 2860 2109 τί
2883 2052 3028 2122 λέγω
3054 2053 3182 2115 τοὺς
3203 2049 3431 2112 πολλούς
3453 2065 3466 2113 ;
3488 2048 3665 2101 Ὅπου

393 2153 459 2207 γε
480 2140 603 2194 οὐδὲ
625 2143 814 2216 αὐτὴή
842 2146 1187 2218 κυοφοροῦσα
1209 2148 1487 2219 Παρθένος
1511 2151 1629 2223 ᾔδει
1691 2150 1786 2205 τοῦ
1847 2152 2152 2223 μυστηρίου
2179 2151 2240 2205 τδ
2272 2152 2612 2222 ἀπόρρητον,
2663 2151 2726 2203 o6
2766 2148 2874 2221 μὴν
2912 2149 2972 2203 δὲ
3046 2145 3185 2202 ἀλλά
3241 2145 3338 2199 καὶ
3377 2142 3543 2197 αὐτὸν
3572 2142 3666 2194 τὸν

390 2233 643 2291 διάϐολον
663 2237 956 2295 ιλάνθανεν
976 2255 992 2271 ⁶
1015 2246 1065 2298 εἰ
1111 2245 1218 2316 γὰρ
1250 2246 1347 2300 καὶ
1374 2247 1475 2310 τὰς
1502 2247 1845 2318 προφητείας
1902 2248 2005 2313 τὰς
2045 2249 2174 2320 περὶ
2205 2247 2397 2302 τούτου
2429 2246 2650 2317 ἤκουεν,
2705 2244 2845 2300 ἀλλά
2908 2242 3000 2298 τὸν
3033 2242 3235 2314 τρόπον
3274 2237 3462 2309 ἠγνόει
3482 2252 3499 2266 ο
3542 2234 3667 2289 ούδδ

393 2325 524 2399 γὰρ,
555 2329 714 2401 εῐπερ
744 2330 1100 2406 ⁴ᾕδειίὴρώτα
1131 2336 1296 2391 αὑτὸν
1324 2339 1465 2408 μετά
1493 2337 1750 2393 τοσοῦτον
1809 2339 2001 2411 χρόνον
2037 2340 2212 2412 λέγων
2243 2339 2419 2411 αὐτῷ’
2460 2357 2479 2390 ι
2525 2339 2584 2393 '0
2612 2337 2737 2402 Υἰδς
2766 2332 2820 2391 si
2841 2336 2937 2390 τοῦ
2994 2334 3151 2401 Θεοῦ,
3192 2351 3211 2386 ι
3243 2331 3339 2386 καὶ
3375 2329 3544 2396 ἅπαξ,
3573 2332 3667 2385 καὶ

391 2419 497 2483 δὶς,
529 2421 626 2475 καῖ
656 2422 862 2494 τρίτον.

462 2515 601 2572 Cum
630 2531 761 2573 vero
820 2518 1140 2586 Marodach,
1192 2537 1491 2579 successor
1555 2522 1976 2591 Scnnaeherim,

394 2608 624 2665 vidisset
672 2610 808 2667 solis
846 2626 1182 2681 regressum,
1216 2614 1287 2669 ob
1333 2615 1583 2672 Ezechiae
1610 2616 1979 2672 valetudinem

396 2700 571 2775 (omni
623 2703 769 2759 enim
822 2710 982 2762 terra
1030 2705 1266 2762 innotuit
1323 2708 1456 2765 solis
1496 2708 1599 2764 iste
1674 2708 1979 2780 regressus)

394 2807 491 2849 rex
525 2793 646 2864 ipse
674 2793 1098 2868 Babyloniorum
1124 2815 1247 2854 cum
1274 2798 1470 2856 fuisset
1491 2801 1696 2856 certior
1713 2802 1779 2857 de
1807 2811 1982 2857 morte

312 2939 320 2947 ,
396 2885 549 2941 illius
578 2887 672 2957 qui
725 2898 887 2943 antea
922 2904 1015 2945 rex
1047 2890 1246 2957 fuerat,
1286 2902 1342 2948 et
1371 2893 1439 2949 de
1479 2894 1566 2950 his
1608 2910 1730 2965 qua:
1771 2894 1825 2950 in
1865 2894 1980 2951 sole

396 2977 540 3035 facta
572 2978 787 3038 fuerant
819 2982 890 3038 ob
924 2982 1170 3041 Ezechiae
1201 2987 1479 3057 pietatem,
1528 2989 1736 3061 legatos
1763 2991 1853 3060 qui
1881 3007 1980 3060 pa-

395 3081 513 3126 cem
550 3071 757 3131 icerent
794 3091 919 3131 cum
966 3079 1284 3135 muneribus
1331 3080 1399 3135 ad
1447 3096 1574 3135 eum
1606 3081 1776 3137 misit.
1822 3082 1979 3149 Quod

390 3163 540 3219 enim
582 3175 802 3236 propter
837 3168 972 3225 solis
1009 3170 1318 3239 quindecim
1374 3172 1632 3242 gradibus
1672 3188 1979 3243 regressum

395 3256 465 3310 ad
511 3273 636 3313 eum
699 3260 911 3315 miserit
963 3275 1059 3316 rex
1098 3260 1521 3335 Babyloniorum
1585 3266 1810 3336 legatos,
1863 3266 1978 3335 ipsa

398 3361 594 3402 rursus
618 3356 852 3404 testatur
877 3349 1110 3405 historia
1143 3368 1158 3404 :
1187 3325 1515 3423 (Prospere
1557 3325 1684 3408 fecit
1717 3325 1977 3411 Ezechias
2007 3325 2048 3384 ο

394 3437 452 3492 in
486 3434 740 3493 omnibus
788 3439 1048 3510 operibus
1098 3443 1235 3497 suis.
1294 3442 1548 3499 Attamen
1601 3444 1655 3499 in
1710 3445 1982 3517 iega'ione

395 3528 706 3599 principum
742 3529 1035 3603 Babylonis
1067 3533 1161 3604 qui
1194 3535 1346 3590 missi
1381 3533 1596 3590 fuerant
1634 3535 1698 3591 ad
1731 3552 1875 3601 cum,
1922 3547 1981 3593 ut

406 3619 816 3690 interrogarent
866 3623 935 3676 de
992 3633 1246 3690 portento
1295 3627 1441 3694 quod
1491 3625 1764 3679 acciderat
1817 3639 1981 3694 super

398 3721 621 3778 terram,
654 3713 942 3785 dereliquit
970 3731 1094 3770 eum
1129 3715 1294 3781 Deus,
1331 3725 1389 3770 ut
1434 3726 1734 3773 tentaretur
1759 3727 1813 3774 et
1854 3728 1978 3774 nota

398 3804 592 3863 fierent
647 3808 831 3864 omnia
884 3826 1007 3882 quae
1053 3819 1212 3867 erant
1248 3811 1302 3867 in
1346 3813 1514 3869 corde
1572 3814 1716 3885 ejus.
1759 3834 1779 3867 ι
1839 3814 1976 3871 Cum

396 3901 543 3956 enim
575 3901 908 3959 ostendisset
961 3903 1160 3975 legatis
1198 3919 1417 3960 omnem
1465 3905 1691 3961 domum
1740 3922 1894 3961 suam
1926 3918 1980 3962 et

396 3988 690 4049 thesauros
744 4009 897 4061 suos,
934 3994 1076 4049 dixit
1129 3993 1303 4051 lsaias
1354 3995 1420 4049 ad
1457 4010 1609 4060 eum,
1654 3996 1707 4051 in
1758 3997 1980 4052 nomine

397 4084 611 4138 Domini
649 4102 665 4140 :
704 4103 723 4136 ι
758 4083 838 4140 Eo
875 4085 1019 4157 quod
1053 4086 1342 4142 ostendisti
1373 4086 1442 4142 iis
1467 4087 1673 4153 omnia,
1710 4103 1838 4143 ecce
1863 4088 1978 4143 dies

396 4172 618 4227 venient
663 4181 718 4229 et
750 4174 1069 4231 auferentur
1115 4178 1304 4232 omnia
1361 4193 1483 4247 quae
1532 4186 1662 4234 sunt
1718 4178 1770 4234 in
1817 4179 1981 4234 domo

398 4274 514 4328 tua,
561 4281 905 4338 quaecunque
951 4266 1190 4338 majores
1233 4268 1311 4324 tui
1358 4268 1413 4323 in
1444 4268 1588 4324 hanc
1619 4283 1794 4340 usque
1834 4267 1977 4324 diem

396 4362 818 4422 congesserunt,
851 4355 905 4410 in
938 4354 1304 4429 Babylonem;
1336 4374 1444 4413 non
1476 4358 1780 4414 remanebit
1822 4359 1982 4430 quid-

395 4452 587 4512 quam,
619 4445 698 4502 ait
728 4446 1013 4505 Dominus.
1044 4448 1149 4505 Sed
1179 4458 1233 4507 et
1262 4451 1330 4508 de
1374 4452 1501 4508 filiis
1551 4450 1663 4508 tuis
1696 4451 1788 4524 qui
1828 4466 1982 4525 egre-

396 4534 617 4591 dicntur
664 4552 734 4593 ex
773 4546 848 4606 te,
898 4555 1041 4611 quos
1060 4542 1384 4613 generabis,
1422 4543 1701 4609 tollentur,
1735 4550 1789 4598 et
1820 4550 1983 4599 erunt

2146 2526 2193 2560 "
2220 2526 2334 2597 (14)
2376 2526 2435 2581 Ὅ
2468 2526 2525 2580 δέ
2548 2541 2612 2594 γε
2637 2524 2921 2595 Μαροδάχ,
2955 2524 2984 2578 6
3017 2525 3109 2578 xui.
3133 2524 3379 2595 διάδοχος
3410 2525 3667 2596 Σεναχει-

2081 2618 2200 2688 ρῒμ,
2251 2614 2589 2685 θεασάμενος
2617 2615 2718 2685 τὴν
2764 2615 3099 2686 ἐπιστροφὴν
3130 2614 3224 2669 τοῦ
3266 2615 3419 2687 ἡλίου
3456 2619 3551 2671 ἐπὶ
3594 2621 3661 2690 τῇ

2080 2707 2247 2779 ῥώσει
2296 2706 2544 2772 Ἐζεκίου
2589 2705 2764 2781 (πάσῃ
2793 2706 2901 2778 γάρ
2941 2709 3006 2779 τῇ
3054 2707 3350 2780 οἰκουμένῃ
3384 2708 3659 2779 γέγονενή

2077 2798 2396 2873 ἀναστροφὴ
2427 2798 2521 2853 τοῦ
2547 2799 2700 2869 ἡλίου
2726 2799 3051 2871 γνώριμος),
3074 2793 3136 2855 οῦ
3159 2799 3223 2871 δὴ
3259 2800 3420 2872 χάριν
3448 2801 3545 2856 καὶ
3567 2794 3662 2856 οῦ-

2076 2910 2169 2957 τος
2197 2895 2226 2946 6
2252 2892 2361 2944 τῶν
2383 2891 2746 2947 Βαϐυλωνίων
2776 2889 3035 2962 βασιλεὺς
3066 2892 3161 2944 καὶ
3194 2889 3286 2945 τὸν
3319 2890 3545 2963 ὄλεθρον
3566 2890 3667 2946 τοῦ

2081 2989 2186 3059 πρὸ
2211 2986 2376 3041 αὐτοῦ
2407 2986 2673 3058 βασιλέως
2704 2985 2964 3055 ἐγνωκὼς
3002 2986 3097 3039 καὶ
3128 2984 3197 3040 τά
3223 2983 3366 3040 κατά
3392 2987 3485 3038 τδν
3513 2984 3669 3055 ἥλιον

2079 3078 2401 3149 παραδόξως
2455 3077 2805 3149 γεγενημένα
2864 3074 3206 3147 μεμαθηκὼς
3258 3075 3347 3129 διά
3410 3075 3511 3146 τὴν
3568 3073 3665 3129 τοῦ

2092 3169 2334 3235 Ἐζεκίου
2358 3168 2665 3234 εὐσέϐειαν,
2693 3166 2955 3241 πρέσϐεις
2985 3165 3135 3237 αὐτῷ
3155 3166 3381 3238 εἰρήνης
3397 3167 3492 3220 καὶ
3514 3165 3671 3236 δῶρα

2080 3261 2428 3316 ἀπέστειλεν
2468 3263 2551 3316 ὅτι
2592 3261 2702 3332 γὰρ
2754 3259 2843 3313 διὰ
2886 3258 2948 3313 τὸ
2979 3258 3319 3331 ἀναστρέψαι
3368 3259 3463 3311 τὸν
3505 3257 3663 3330 ἣλιον

2082 3353 2433 3425 ἀναϐαθμοὺς
2469 3350 2529 3407 ιε’
2572 3351 2709 3423 πρὸς
2766 3350 2931 3406 αὐτὸν
2973 3350 3297 3404 ἀπέστειλεν
3326 3353 3354 3404 ὁ
3407 3348 3665 3421 βασιλεὺς

2084 3444 2423 3509 Βαϐυλῶνος,
2446 3445 2581 3515 φησί
2610 3443 2774 3498 πάλιν
2804 3444 2837 3514 ἡ
2868 3442 3080 3514 ίστορία
3102 3442 3147 3478 ”
3167 3459 3182 3476 ο
3223 3460 3243 3495 t
3272 3442 3384 3496 Καὶ
3407 3440 3664 3512 εὐωδὼθη

2093 3535 2345 3600 Ἐζεκίας
2379 3536 2437 3589 έν
2465 3536 2601 3589 πᾶσι
2630 3536 2743 3598 τοῖς
2769 3533 2954 3607 ἔργοις
2984 3532 3176 3587 αὐτοῦ.
3211 3534 3323 3588 Καὶ
3353 3533 3527 3595 οὕτως
3560 3532 3666 3602 (ἐν)

2081 3633 2194 3691 τοῖς
2228 3628 2596 3701 πρεσϐευταῖς
2639 3657 2707 3668 —-—
2737 3625 3089 3691 Βαϐυλῶνος,
3125 3626 3238 3688 τοῖς
3271 3622 3666 3679 ἀποσταλεῖσιν

2081 3721 2218 3791 πρδς
2242 3720 2403 3773 αὑτὸν
2450 3718 2722 3773 πυθέσθαι
2755 3716 2892 3789 παρ’
2929 3715 3095 3770 αὐτοῦ
3119 3715 3178 3769 :6
3210 3714 3407 3786 πέρας,
3455 3715 3485 3767 6
3514 3714 3671 3782 γέγο-

2081 3831 2170 3867 νεν
2201 3813 2247 3844 ⁶⁶
2277 3813 2370 3865 ἐπὶ
2389 3811 2489 3883 τῆς
2519 3810 2645 3881 γῆς,
2679 3828 2698 3863 ι
2739 3810 2837 3864 καὶ
2891 3827 2911 3862 ι
2947 3807 3343 3878 ἐγκατέλειπεν
3364 3807 3526 3861 αὐτὸν
3558 3806 3675 3860 Κύ-

2083 3920 2198 3974 ριος
2232 3901 2325 3958 τοῦ
2380 3903 2639 3972 πειράσαι
2686 3900 2872 3968 αὐτὸν,
2906 3899 3109 3954 εἰδέναι
3143 3899 3214 3953 τὰ
3246 3900 3306 3951 έν
3348 3900 3414 3969 τῇ
3468 3898 3670 3968 καρδία

2081 3991 2269 4049 αὑτοῦ.
2307 4011 2326 4045 ι
2356 3992 2549 4059 Δείξας
2569 3993 2675 4065 γάρ
2703 3994 2817 4056 τοῖς
2842 3989 3213 4062 πρεσϐευταῖς
3236 3989 3356 4043 ὅλον
3393 3988 3555 4059 168
3574 3989 3670 4040 τὸν

2079 4078 2226 4137 οἶκον
2254 4081 2420 4136 αὐτοῦ
2451 4082 2694 4146 καὶτοὺς
2724 4080 3059 4152 θησαυροὺς.
3084 4074 3240 4134 εἶπεν
3279 4078 3511 4143 Ἦσαῖας
3527 4079 3665 4149 πρὶς

2082 4172 2246 4229 αὐτὸν
2271 4175 2329 4227 έν
2357 4172 2503 4245 λόγῳ
2553 4173 2762 4245 Κυρίου
2799 4173 2841 4205 ⁶¹
2881 4192 2902 4226 ι
2943 4171 3088 4227 Ἄνθ⁹
3114 4166 3192 4228 ὧν
3232 4170 3442 4239 ἔδειξας
3484 4172 3671 4235 αὐτοῖς

2082 4265 2283 4327 πάντα,
2318 4265 2428 4320 ίδού
2459 4265 2669 4337 ἡμέραι
2698 4264 2953 4338 ἔρχονται
2980 4264 3077 4321 καὶ
3104 4264 3483 4336 ληφθήσονται
3513 4263 3581 4318 τά
3609 4264 3672 4317 ὲν

2083 4359 2160 4430 τῷ
2193 4358 2326 4430 οἴκῳ
2350 4375 2445 4412 σου
2474 4359 2676 4425 πάντα,
2702 4361 2799 4412 καὶ
2826 4359 2928 4413 ὅσα
2956 4358 3329 4430 ἑθησαύρισαν
3356 4359 3406 4412 οἰ
3437 4357 3672 4426 πατέρες

2085 4467 2179 4504 σου
2210 4449 2675 4523 ἀπενεχθήσονται
2702 4452 2783 4515 εἰς
2813 4449 3129 4516 Βαϐυλῶνα,
3163 4450 3258 4504 καὶ
3292 4450 3357 4504 ἐκ
3392 4447 3505 4503 τῶν
3537 4447 3671 4502 υἰῶν

2085 4558 2180 4595 σου
2209 4541 2494 4613 λήψονται,
2546 4540 2642 4596 καὶ
2675 4540 2893 4596 έσονται
2941 4541 3235 4613 ἐπᾴδοντες
3275 4540 3523 4613 εὐνοῦχοι
3568 4539 3664 4594 τοῦ

396 4628 635 4683 eunuchi
676 4629 729 4684 in
782 4631 982 4702 palatio
1033 4634 1176 4706 regis
1211 4634 1528 4708 Babylonis.
1562 4653 1581 4687 ι
1619 4635 1848 4706 Oportet
1878 4634 1980 4706 igi-

2090 4634 2352 4706 βασιλέως
2386 4634 2727 4700 Βαϐυλῶνος.
2762 4652 2781 4688 ι
2818 4636 2911 4688 Δεῖ
2942 4635 3124 4689 τοίνυν
3152 4634 3244 4688 τὸν
3270 4632 3539 4704 ἐχέφρονα
3572 4633 3667 4686 καὶ

394 4729 487 4774 tur
539 4720 823 4778 cordatum
870 4738 1145 4797 quemque
1180 4727 1380 4799 gaudio
1415 4726 1677 4799 luctuque
1728 4728 1980 4800 superio-

2086 4730 2262 4801 χαρᾶς
2284 4727 2379 4783 καὶ
2417 4727 2598 4799 λύπης
2624 4727 2957 4801 ὑψηλότερον
2994 4721 3137 4783 εἶναι
3167 4727 3259 4781 καὶ
3285 4727 3524 4798 μετρίως
3572 4727 3668 4782 καὶ

396 4822 511 4865 rem
572 4825 693 4868 esse
740 4822 798 4869 et
842 4831 969 4870 cum
1023 4817 1317 4888 prudentia
1370 4827 1425 4874 et
1490 4820 1750 4890 aequitate
1814 4820 1980 4878 animi

2083 4822 2468 4893 ἐπιστημόνως
2494 4822 2605 4876 τῶν
2633 4822 2915 4893 ἑκατέρων
2951 4820 3142 4893 φέρειν
3175 4819 3274 4893 τὴν
3313 4820 3524 4891 ἔφοδον.
3559 4820 3668 4874 Καὶ

397 4901 681 4972 utriusque
739 4904 971 4962 suii‘erre
1036 4909 1400 4966 invasionem.
1452 4911 1590 4967 Cum
1650 4911 1799 4967 enim
1867 4911 1980 4982 ipse

2084 4915 2193 4987 γάρ
2225 4915 2388 4980 αὐτὸς
2426 4914 2695 4981 Ἐζεκίας,
2741 4914 2910 4988 ἡνίκα
2939 4908 3048 4968 εῐδε
3101 4912 3366 4984 τρόπαιον
3392 4912 3537 4968 κατὰ
3558 4911 3672 4967 τῶν

397 4990 684 5061 Ezechias,
716 5000 952 5069 cognitis
981 4998 1276 5059 Persarum
1328 5001 1600 5068 cladibus,
1635 5019 1665 5059 ιι
1715 5003 1980 5060 miraculo

2081 5007 2311 5081 Περσῶν
2345 5006 2697 5078 ἐγειρόμενον
2741 5007 2839 5060 καὶ
2881 5002 3165 5076 θαύματος
3199 5006 3450 5075 κρεῖττον
3496 5004 3542 5038 ⁶²
3573 5003 3671 5058 καὶ

397 5083 544 5138 haud
574 5084 936 5159 absimilibus,
970 5102 1026 5146 et
1065 5106 1284 5148 omnem
1319 5093 1617 5149 humanam
1665 5093 1774 5149 vim
1811 5105 1980 5166 atque

2081 5102 2263 5173 πάσης
2308 5099 2660 5173 ἀνθρωπίνης
2712 5096 2906 5172 ῥώμης
2959 5097 3053 5152 καὶ
3094 5094 3310 5162 ἐλπίδος
3342 5096 3667 5167 ὑπέρτερον,

396 5192 550 5248 spem
616 5184 1079 5251 essupcrantibus
1132 5188 1481 5244 vehementer
1547 5187 1748 5260 gaudio
1796 5187 1978 5245 elatus

2086 5193 2183 5247 xui.
2232 5192 2352 5245 λίαν
2383 5190 2489 5246 ὑπὸ
2534 5192 2635 5262 τῆς
2663 5190 2841 5264 χαρᾶς
2891 5188 3225 5261 φυσιωθεὶς,
3273 5188 3369 5243 καὶ
3418 5188 3667 5260 μεῖζονῆ

396 5278 565 5336 esset,
590 5280 646 5328 et
671 5273 843 5346 magis
868 5291 1033 5346 quam
1066 5278 1346 5335 hominem
1376 5281 1533 5338 decet
1561 5281 1776 5337 animos
1799 5289 1980 5338 sustu-

2086 5284 2227 5339 κατά
2252 5282 2542 5355 ἄνθρωπον
2566 5285 2866 5354 φρονήσας,
2898 5283 3022 5337 τότε
3045 5282 3130 5354 δὴ,
3165 5281 3289 5335 τότε
3313 5279 3454 5350 νόσῳ
3481 5279 3671 5352 βάλλε-

399 5361 578 5429 lisset,
628 5367 822 5423 morbo
860 5369 1098 5428 alliictus
1131 5382 1236 5438 est,
1273 5381 1334 5429 ut
1361 5372 1559 5429 animae
1589 5373 1709 5445 ejus
1749 5372 1980 5445 impetus

2084 5390 2195 5440 ται,
2214 5373 2301 5427 ἴνα
2325 5373 2394 5429 τά
2412 5375 2763 5447 σκιρτήματα
2786 5373 2886 5444 τῆς
2908 5372 3085 5447 ψυχῆς
3108 5373 3328 5445 χαλινοῦ
3345 5371 3666 5439 ἀξιωθέντα,

401 5454 773 5526 frenarentur,
811 5475 880 5517 ne
905 5471 1097 5519 contra
1140 5463 1398 5522 decorem
1446 5464 1598 5521 illum
1635 5480 1861 5535 peccare
1902 5463 1980 5520 fa-

2089 5464 2165 5537 μὴ
2197 5465 2303 5531 ἔξω
2344 5465 2440 5520 τοῦ
2471 5466 2680 5528 δέοντος
2728 5466 2890 5520 αὐτὸν
2940 5468 3290 5534 ἁναγκάσωςι
3345 5466 3665 5538 περιπεσεῖν

1564 5632 1772 5696 Variae
1805 5630 2113 5696 lectiones
2157 5637 2218 5693 et
2257 5637 2450 5693 notae.

1632 5777 1680 5812 ⁸⁸
1716 5777 1851 5835 ileh.
1910 5796 1981 5838 Iv.
2038 5779 2124 5835 12.

1579 5849 1624 5879 "
1660 5847 1698 5905 11
1734 5849 1856 5905 Par.
1893 5868 2025 5917 xm,
2055 5852 2235 5918 “50,5l.

474 5768 519 5799 ’⁸
555 5768 712 5825 Rom.
745 5769 829 5835 il,
858 5772 948 5829 35.
1063 5774 1108 5806 "
1142 5774 1159 5831 Ι
1188 5776 1315 5833 Cor.
1345 5792 1404 5840 lt,
1440 5777 1522 5832 ll.

404 5838 920 5919 189.20_l90._l7?
970 5845 1013 5901 il
1048 5844 1177 5919 Reg.
1245 5864 1332 5911 xx,
1389 5838 1470 5902 l2.

401 5909 447 5941 “
479 5911 799 5980 κρεαίττονῖ

2272 5774 2319 5809 ⁸⁷
2347 5777 2643 5848 μυστήριον
2694 5776 3017 5848 ἀπόκρυφον
3059 5779 3165 5848 ὲάιχ
3186 5777 3309 5833 cod.
3458 5778 3503 5809 "
3534 5777 3668 5833 Ced.

2335 5845 2380 5882 δ’)
2415 5845 2630 5919 ἐγένετο
2654 5848 2694 5902 ΙΙ
2725 5845 2858 5904 Pati
2931 5845 2994 5882 “⁶¹
3054 5849 3102 5903 ii
3151 5847 3282 5919 ilr‘g.
3334 5865 3422 5913 xx,
3457 5848 3542 5913 17,
3582 5849 3667 5906 i8.
