4096 6420
468 407 572 471 303
1665 402 1987 462 GEORGII
2031 400 2476 461 HAMARTOL‘t
3638 403 3746 467 304

474 523 598 577 [illis
644 517 1003 589 porrigentes,
1053 517 1146 571 sed
1193 514 1372 586 potius
1423 513 1489 568 ad
1516 511 1696 567 cibum
1722 511 1824 565 sibi
1851 526 2050 580 paran-

2158 512 2271 573 τοῖς
2296 509 2567 579 πάσχουσι
2592 507 2713 561 τότε
2735 509 2913 579 μόνον,
2942 506 3214 574 ἀλλΞι“τοῖς
3242 509 3337 564 νῦν
3359 511 3649 566 ἀκούουσιν
3674 531 3687 576 ;
3717 531 3736 562 ι

471 614 602 669 dum
666 627 775 666 eos
827 611 1149 670 lacerantes.
1223 616 1384 676 atque
1444 620 1509 661 ex
1542 603 1886 657 cbarissimis
1942 602 2054 655 suis

2174 602 2282 655 Kal.
2310 601 2487 655 ταῦτα
2510 601 2608 670 μὲν
2645 593 2768 656 ὧδε.

474 703 790 775 pignoribus
823 701 1149 756 medicinam
1182 700 1448 752 adversus
1503 703 1844 766 grassantem
1908 693 2104 748 famem
2173 692 2534 763 quaerentes?
2579 692 2774 746 Annon
2822 695 2934 746 lucc
2971 693 3156 762 gravia
3196 703 3250 748 et
3313 694 3598 763 plusquam
3618 709 3744 765 gra-

476 806 582 864 via,
633 815 738 854 non
791 798 858 852 iis
897 798 1074 852 solum
1138 795 1231 866 qui
1288 803 1402 850 tum
1472 806 1537 846 ea
1586 791 1947 860 pertulerunt,
1989 789 2084 844 sed
2125 789 2192 844 iis
2232 803 2450 857 quoque
2484 788 2576 858 qui
2647 803 2791 841 nunc
2833 790 3116 843 audiunt?
3168 810 3185 842 ι
3227 789 3291 844 Et
3358 791 3471 846 haec
3519 792 3737 862 quidem

475 899 760 952 hactenus.

542 1023 772 1081 LXVIII.
825 1021 1092 1076 Numerus
1138 1035 1394 1074 annorum
1429 1035 1608 1090 regum
1654 1017 1974 1072 Jerusalem.

543 1222 685 1279 Sunt
718 1222 881 1294 igitur
934 1236 1125 1276 eorum
1175 1221 1267 1288 qui
1327 1220 1380 1272 in
1432 1216 1736 1273 Jerusalem
1789 1231 2054 1286 regnave-

475 1325 601 1376 runt
629 1333 659 1369 a
689 1315 856 1368 David
889 1328 1062 1380 usque
1088 1313 1154 1366 ad
1191 1311 1500 1374 Sedeciam,
1526 1311 1652 1363 anni
1677 1307 2062 1379 quadringenti

473 1425 528 1469 et
562 1425 769 1484 septem
806 1431 820 1478 ;
882 1427 1036 1482 reges
1068 1421 1247 1464 autem
1277 1423 1503 1463 numero
1533 1415 1662 1460 sunt
1693 1406 1880 1477 viginti
1911 1406 2020 1460 duo
2047 1422 2062 1470 ;

473 1521 662 1560 omnes
697 1520 727 1560 e
759 1518 961 1574 genere
999 1501 1168 1555 David
1213 1502 1341 1554 orti.
1380 1501 1578 1553 Eorum
1608 1497 1942 1564 temporibus
1963 1511 2060 1550 ex-

471 1598 726 1652 stiterunt
796 1596 1073 1665 prophetae
1135 1607 1368 1661 quorum
1417 1599 1724 1658 sequuntur
1811 1587 2056 1651 nomina,

472 1688 678 1742 scilicet
716 1703 730 1739 :
769 1695 1030 1754 regnante
1059 1683 1211 1746 Saul,
1257 1680 1422 1734 David
1453 1689 1505 1733 et
1530 1679 1750 1733 Samuel
1781 1696 1795 1743 ;
1830 1693 2061 1747 regnan-

473 1791 526 1832 te
557 1776 747 1841 David,
799 1775 946 1840 ’Gad,
1008 1773 1216 1826 Nathan
1270 1781 1324 1825 et
1366 1772 1673 1839 Assaphat:
1705 1769 2058 1838 regnantibus

472 1869 764 1923 Salomone
794 1875 848 1921 et
877 1865 996 1935 ejus
1023 1864 1458 1925 successoribus,
1507 1861 1677 1916 Acbia
1719 1862 1863 1918 ﬁlius
1911 1861 2059 1916 Silo-

2152 1009 2278 1063 EII'.
2325 1014 2598 1083 Ἀριθμὸς
2628 1014 2744 1068 τῶν
2767 1014 2920 1087 ἐτῶν
2967 1017 3085 1068 τῶν
3131 1017 3200 1069 ἐν
3238 1014 3671 1087 Ἰεροσολύμοις
3696 1021 3742 1052 ⁸⁸

2786 1086 3114 1148 βασιλέων.

2232 1219 2476 1274 Γίνονται
2521 1216 2613 1270 οὖν
2671 1216 2806 1286 ὁμοῦ
2859 1217 2970 1270 τῶν
3023 1219 3080 1270 ὲν
3139 1219 3537 1289 Ἱεροσολύμοις
3586 1222 3744 1292 βασι·

2163 1311 2474 1364 λευσάντων
2506 1308 2615 1363 ἀπδ
2648 1308 2813 1362 Δαυῒδ
2838 1308 2942 1370 ἓως
2979 1309 3226 1361 Σεδεκίου
3257 1309 3352 1381 ἐτη
3396 1311 3474 1375 υς
3504 1311 3571 1377 ⁸³,
3606 1313 3656 1365 οἱ
3685 1313 3743 1366 δὲ

2171 1401 2412 1474 βασιλεῖς
2460 1401 2705 1470 ὑπῆρχον
2751 1399 2839 1454 τὸν
2869 1400 3108 1470 ἀριθμὸν
3165 1399 3248 1471 κβ¹
3281 1416 3295 1430 ⁸
3345 1402 3547 1466 πάντες
3593 1403 3650 1458 δὲ
3685 1405 3746 1470 ἐξ

2169 1493 2289 1557 ἐνὸς
2311 1493 2556 1562 ἐγένοντο
2583 1493 2772 1559 γένους
2805 1491 2901 1544 τοῦ
2921 1493 3087 1545 Δαυῖδ
3114 1492 3209 1562 (2).
3257 1493 3372 1562 Ἐφ’
3392 1488 3467 1548 ὧν
3499 1495 3746 1567 ὑπῆρχον

2159 1590 2253 1642 καὶ
2314 1587 2592 1657 προφῆται
2671 1585 2820 1638 οἵδε·
2872 1586 2968 1637 ἐπὶ
3030 1587 3129 1654 μὲν
3187 1587 3383 1650 Σαοὺλ,
3439 1588 3603 1640 Δαυῖδ
3652 1589 3748 1641 καὶ

2159 1679 2416 1750 Σαμουὴλ
2436 1694 2448 1707 ·
2506 1681 2601 1730 ἐπὶ⁷
2655 1675 2818 1730 Δαυῖδ
2841 1717 2854 1740 ,
2888 1677 3020 1739 Γὰδ,
3063 1677 3271 1743 Ναθάν,
3301 1678 3579 1748 Ἀσσάφατ
3601 1696 3616 1711 ·
3651 1681 3746 1733 ἐπὶ

2159 1771 2515 1840 Σολομῶντος
2549 1771 2643 1822 καὶ
2661 1769 2772 1822 τῶν
2792 1769 2909 1838 μετ’
2926 1770 3109 1836 αὑτὸν,
3129 1769 3326 1839 Ἀχιάὁ
3349 1771 3654 1842 Σηλωνίτης
3673 1771 3742 1836 ⁸⁸,

2158 1861 2408 1930 Σαμαίας
2458 1864 2486 1915 ὁ
2516 1860 2716 1914 Ἀδδώ·
2774 1862 2867 1912 ἐπὶ
2922 1860 2979 1914 δὲ
3025 1862 3300 1930 Ἰωσαφὰτ
3349 1864 3441 1914 καὶ
3489 1863 3597 1916 τῶν
3625 1865 3744 1932 μετ’

471 1961 619 2023 uitae,
650 1970 704 2013 et
757 1925 944 2011 Semei
989 1956 1136 2010 ‘lilius
1164 1955 1354 2018 Addo;
1413 1953 1769 2021 regnantibus
1790 1951 2054 2021 Josaphat

2170 1925 2359 2017 αὐτὸν,
2414 1954 2680 2023 Μιχαίας,
2719 1952 2932 2016 Ἠλίας,
2978 1925 3266 2017 Ἐλισαῖος,
3319 1955 3558 2020 Ἀεδίας,
3599 1925 3746 2026 ’ίηοῦ

470 2061 525 2106 et
571 2050 988 2106 successoribus
1044 2048 1182 2117 ejus,
1262 2046 1536 2103 Micba'as.
1576 2043 1747 2109 Elias,
1807 2045 2053 2106 Elisazus.

468 2143 696 2203 Abdias.
724 2140 860 2195 Jebu
895 2137 1204 2198 tilius’loel,
1241 2137 1482 2202 Eleazar,
1517 2135 1741 2190 Azarias
1774 2153 1788 2201 ;
1827 2150 2057 2203 regnan-

470 2235 613 2287 tibus
657 2231 886 2286 Ezechia
920 2239 974 2283 et
1016 2229 1429 2284 successoribus
1485 2228 1626 2294 ejus,
1673 2224 1834 2289 Osee,
1865 2227 2052 2289 Amos,

470 2326 660 2389 Isaias,
689 2323 897 2390 Jonas;
951 2321 1304 2389 regnantibus
1353 2318 1504 2373 Josia
1536 2328 1590 2373 et
1643 2320 2056 2373 successoribus

467 2417 606 2484 ejus,
627 2414 889 2471 Jeremias
909 2412 1238 2483 Sophonias,
1256 2411 1387 2466 Olda
1418 2411 1627 2466 Baruch
1651 2427 1668 2474 ;
1690 2410 1791 2464 sub
1807 2408 2054 2470 Sedecia,

466 2509 735 2564 .Ieremias
755 2507 953 2560 iterum
973 2515 1027 2560 et
1045 2505 1318 2559 Ilabacuc.
1338 2501 1464 2558 Post
1499 2502 1864 2572 captivitatem
1889 2541 1905 2566 ,
1921 2501 2058 2554 duce

468 2601 597 2655 .lesu
630 2599 925 2655 sacerdotis
943 2596 1170 2652 Iosedee
1207 2597 1337 2660 lilio,
1389 2594 1716 2664 prophetam
1746 2594 1960 2662 Aggens
2004 2600 2059 2646 et

470 2691 790 2754 Zacharias,
817 2688 993 2743 ultimi
1028 2687 1327 2756 prophetae.
1361 2685 1552 2738 Daniel
1578 2699 1704 2738 vero
1727 2693 1776 2737 et
1806 2681 2056 2737 Ezechiel

470 2782 932 2853 prophetaverunt
952 2794 1048 2848 per
1075 2776 1442 2847 captivitatem
1475 2775 1528 2829 in
1558 2775 1855 2844 Babylone.

541 2874 681 2926 Sunt
734 2880 914 2925 autem
978 2884 1008 2924 a
1069 2868 1244 2939 primo
1289 2881 1434 2920 anno
1476 2865 1658 2919 Acbaz
1711 2873 1766 2919 et
1805 2881 1832 2917 a
1883 2864 2054 2933 prima

466 2965 773 3037 olympiade
847 2977 1018 3032 usque
1095 2961 1161 3015 ad
1236 2958 1603 3029 captivitatem
1672 2957 2054 3028 Babylonicam

472 3071 587 3112 tum
635 3072 758 3112 cum
823 3054 1011 3109 Daniel
1049 3060 1103 3109 et
1145 3063 1253 3107 tres
1298 3051 1453 3121 pueri
1488 3050 1707 3105 abducti
1739 3060 1888 3113 sunt,
1924 3066 2056 3106 ceu-

472 3160 588 3205 Ium
634 3149 993 3219 quadraginta
1050 3153 1104 3199 et
1158 3153 1268 3198 tres
1333 3143 1506 3210 anni;
1569 3159 1596 3194 a
1658 3142 1822 3196 Saule
1877 3143 2055 3211 primo

2157 2045 2184 2095 ὁ
2232 2042 2410 2113 Ζωὴλ,
2443 2043 2728 2113 Ἐλεάζαρ,
2769 2043 3061 2115 Ἀζαρίαςο
3115 2047 3208 2100 ἐπὶ
3242 2047 3485 2110 Ἐζεκίου
3521 2049 3747 2104 καὶτῶν

2161 2134 2279 2203 μετ’
2323 2134 2486 2187 αὐτὸν
2530 2135 2574 2166 ⁸⁵
2603 2135 2803 2206 [Ὠσεὲ,
2839 2135 3088 2206 Ἀμμὼς,
3139 2138 3392 2204 Ἡσαΐας,
3423 2140 3612 2195 Ἰωνᾶ·
3655 2143 3749 2196 ἐπὶ

2154 2223 2212 2276 δὲ
2247 2221 2450 2276 Ἰωσίου
2477 2225 2569 2276 καὶ
2594 2223 2700 2276 τῶν
2721 2224 2842 2292 μετ’
2873 2225 3085 2297 auebat],
3115 2226 3409 2299 Ἱερεμίας,
3445 2232 3747 2298 Σοςωνίας.

2161 2316 2350 2380 Ὂλδα,
2385 2315 2634 2386 Βαρούχ·
2671 2317 2765 2368 ἐπὶ
2800 2317 3056 2370 Σεδεκίου
3108 2320 3297 2384 πάλιν,
3337 2321 3612 2393 Ἱερεμίας
3652 2327 3749 2378 καὶ

2159 2407 2519 2478 ’Δμὸακούμο
2579 2409 2719 2479 μετά
2772 2409 2830 2461 δὲ
2885 2410 2985 2480 τὴν
3020 2412 3421 2480 αἰχμαλωσίαν,
3451 2414 3542 2467 ἐπὶ
3569 2416 3749 2488 Ἰησοῦ

2157 2497 2251 2550 τοῦ
2280 2499 2468 2570 ίερέως
2502 2499 2776 2564 Ἰωσέδεκ,
2850 2502 3294 2572 προφητεύουσιν
3341 2504 3617 2574 Ἀγγαῖος,
3651 2507 3750 2562 καὶ

2158 2590 2458 2658 Ζαχαρίας,
2526 2591 2623 2643 καὶ
2659 2591 2963 2644 τελευταῖοι
3025 2595 3329 2662 προφῆται.
3396 2597 3594 2667 Δανιὴλ
3635 2599 3744 2670 γὰρ

2158 2681 2254 2732 καὶ⁸
2297 2680 2554 2752 Ἐζεκιὴλ
2583 2683 3006 2754 προεφήτευσαν
3064 2687 3123 2736 ἐν
3180 2689 3246 2756 τῇ
3305 2689 3654 2761 αἰχμαλωσίᾳ
3684 2693 3742 2744 ιν

2159 2771 2460 2826 Βαϐυλῶνι.

2235 2863 2398 2933 180
2448 2865 2526 2935 (5)
2584 2867 2890 2936 Συνὰγεται
2925 2871 3109 2923 τοίνυν
3148 2871 3256 2924 ἀπὸ
3320 2890 3539 2943 πρωτου
3591 2874 3750 2939 ἔτους

2162 2956 2340 3025 Ἀχαζ
2369 2957 2465 3009 καὶ
2494 2958 2724 3029 πρώτης
2755 2961 3124 3031 Ὀλυμπιάδος
3167 2963 3332 3034 μέχρι
3354 2965 3452 3034 τῆς
3479 2965 3527 2998 ⁸⁸
3563 2984 3748 3036 μετοι-

2157 3048 2349 3110 κεσίας
2372 3049 2468 3118 τῆς
2500 3052 2580 3114 είς
2616 3052 2938 3117 Βαϐυλῶνα,
2988 3057 3077 3108 ὅτε
3124 3057 3218 3109 καὶ
3260 3058 3460 3128 Δανιὴλ
3487 3060 3584 3111 καὶ
3614 3061 3664 3112 oi
3695 3067 3747 3130 γ’

2159 3144 2349 3206 παῖδες
2377 3143 2728 3214 ἀπήχθησαν,
2789 3147 2884 3218 ἔτη
2923 3149 3042 3218 ρμδ¹
3070 3150 3114 3182 ⁸⁷
3137 3167 3150 3182 ·
3186 3150 3295 3204 ἀπὸ
3345 3151 3402 3203 δὲ
3429 3153 3617 3220 Σαοὺλ,
3648 3153 3746 3206 τοῦ

468 3239 816 3296 Ilebraaorum
894 3253 1037 3308 rege,
1084 3235 1460 3305 quadringenti
1517 3243 1572 3288 et
1616 3241 1821 3301 septem
1880 3234 2052 3298 anni;

2159 3234 2381 3306 πρώτου
2445 3236 2868 3306 βασιλεύσαντος
2901 3239 3193 3312 Ἐϐραίων,
3246 3243 3343 3314 ἔτη
3398 3244 3514 3312 ιζ’·
3546 3246 3653 3298 ἀπὸ
3687 3246 3746 3300 δὲ

472 3351 500 3386 a
541 3341 713 3385 morte
750 3329 918 3384 Iosue
959 3327 1052 3381 lilii
1106 3324 1275 3387 Nave,
1312 3323 1463 3378 mille
1518 3330 1572 3375 et
1623 3333 1838 3377 centum
1888 3323 2052 3387 anni;

471 3443 498 3477 λ
544 3423 656 3477 Noe
684 3433 736 3475 et
779 3436 809 3475 a
846 3419 1052 3473 diluvio
1114 3417 1195 3470 bis
1251 3415 1400 3470 mille
1449 3424 1502 3469 et
1553 3416 1736 3468 decent
1789 3414 1938 3476 anni,
1987 3413 2056 3467 ab

471 3517 643 3569 Adam
691 3521 883 3584 quater
943 3510 1090 3566 mille
1140 3509 1436 3581 octingenti
1470 3518 1523 3562 et
1573 3505 2055 3576 suptuagintaduo

473 3604 623 3660 anui.

541 3694 825 3748 Custodita
890 3690 1049 3746 nobis
1113 3691 1252 3744 serie
1312 3697 1614 3758 temporum
1665 3705 1760 3759 per
1805 3705 1902 3747 eos
1960 3691 2053 3761 qui

473 3785 541 3837 ab
575 3785 806 3854 imperio
844 3782 1008 3837 David
1045 3788 1425 3852 regnaverunt,
1475 3795 1582 3834 non
1638 3781 1770 3835 mihi
1813 3783 2052 3838 alienum

473 3876 684 3930 videtur
715 3889 902 3946 regum
955 3873 1198 3928 Samaria
1233 3885 1478 3942 tempora
1511 3873 1872 3943 digressiouis
1894 3877 2055 3930 modo

472 3973 868 4019 transcurrere.
922 3960 1133 4016 Mortuo
1186 3962 1352 4030 igitur
1409 3963 1726 4028 Salomone,
1801 3963 2049 4018 Roboatn

471 4058 615 4113 {ilius
649 4057 768 4126 ejus
819 4055 1063 4111 ascendit
1101 4054 1156 4108 in
1206 4052 1421 4108 Sicbem
1458 4071 1473 4119 ;
1534 4053 1608 4108 ibi
1639 4054 1784 4108 enim
1818 4056 2054 4125 populus

470 4155 832 4215 congregatus
880 4153 998 4201 erat
1056 4157 1115 4200 ut
1144 4145 1246 4200 sibi
1295 4147 1655 4201 constitueret
1697 4163 1902 4217 regem.
1951 4147 2054 4204 Cui

469 4241 581 4309 jam
624 4239 877 4308 tingendo
927 4239 1167 4294 occurrit
1199 4238 1434 4308 populus
1491 4238 1790 4307 deprecans
1821 4249 1879 4293 ut
1912 4240 2055 4293 mul-

475 4332 756 4386 titudinem
789 4331 994 4385 levaret
1027 4331 1264 4395 tributis,
1311 4344 1433 4399 quas
1465 4339 1617 4399 pater
1643 4329 1764 4399 ejus
1785 4327 2051 4385 Salomon

472 4443 500 4479 a
557 4427 754 4495 populo
790 4425 1058 4493 exigebat.
1096 4423 1232 4478 Cum
1265 4433 1448 4477 autem
1493 4433 1604 4478 tres
1657 4423 1776 4477 dies
1810 4433 1870 4478 ιιι
1921 4439 2054 4478 con-

472 4519 654 4574 silium
711 4526 947 4586 rapcret,
1005 4516 1386 4585 iudicaretque
1435 4515 1568 4584 quid
1625 4514 1727 4568 sibi
1778 4525 1924 4570 esset
1969 4515 2050 4569 fa-

2156 3326 2256 3398 τῆς
2287 3327 2544 3400 τελευτῆς
2575 3329 2754 3402 Ἰησοῦ
2783 3332 2878 3385 τοῦ
2904 3333 3078 3403 Ναυῆ,
3111 3336 3205 3406 ἐτη
3237 3342 3335 3408 ⁴αρ’
3357 3352 3374 3367 ⁶
3403 3337 3512 3390 ἀπὸ
3534 3337 3591 3390 δὲ
3618 3337 3744 3391 Νῶε

2156 3420 2254 3472 καὶ
2296 3421 2392 3474 τοῦ
2429 3421 2842 3494 κατακλυσμοῦ,
2883 3424 2979 3497 ἔτη
3017 3425 3170 3498 ﬁxi"
3216 3427 3323 3480 ἀπὸ
3348 3428 3404 3482 δὲ
3435 3429 3610 3501 Ἀδὰμ
3647 3431 3744 3499 ἐτη

2155 3507 2330 3581 suos.

2228 3695 2274 3727 ⁸⁸
2307 3696 2384 3764 (4)
2436 3696 2853 3769 Φυλαττομένης
2908 3699 2966 3752 δὲ
3036 3701 3170 3771 ἡμῖν
3220 3703 3319 3773 τῆς
3363 3701 3476 3756 τῶν
3529 3705 3743 3775 χρόνων

2156 3787 2480 3852 ἀκολουθίας
2536 3789 2626 3843 διὰ
2681 3791 2784 3859 τῆς
2833 3791 2945 3845 τῶν
2976 3794 3040 3846 ὲκ
3089 3793 3255 3847 Δαυῖδ
3285 3796 3610 3867 ἡγεμονίας,
3642 3800 3745 3853 οὒκ

2156 3879 2358 3933 ἄτοπον
2403 3874 2560 3951 οἶμαι
2607 3881 2718 3935 τῶν
2748 3882 2842 3934 ἐπὶ
2903 3884 3222 3955 Σαμάρειαν
3268 3887 3638 3958 ἡγησαμένων
3686 3893 3744 3943 ἐν

2156 3971 2443 4041 παρεξόδῳ
2498 3973 2626 4036 τοὺς
2680 3974 2904 4044 χρόνους
2958 3977 3338 4048 παραδραμεῖν
3363 3979 3430 4034 ⁸⁹.
3471 3980 3746 4053 Τελευτή-

2158 4079 2351 4126 σαντος
2375 4064 2484 4133 γὰρ
2517 4065 2611 4116 τοῦ
2642 4064 2956 4134 (βασιλέως)
2987 4067 3367 4137 Σολομῶντος,
3404 4070 3640 4142 Ῥοὸοὰμ
3667 4073 3734 4138 ⁸⁸,

2155 4154 2184 4206 ὁ
2247 4154 2438 4208 τούτου
2486 4158 2639 4219 παῖς,
2673 4157 2968 4227 ἀνέρχεται
3011 4161 3092 4221 εἰς
3126 4159 3333 4231 Σίκιμα
3362 4176 3377 4191 ο
3413 4163 3531 4214 ἐκεῖ
3553 4164 3662 4234 γὰρ
3710 4167 3740 4218 ὁ

2156 4245 2286 4308 λαὸς
2312 4246 2692 4318 συνηθρόῖστο,
2718 4249 2858 4302 ὥστε
2875 4251 3216 4320 καταστῆναι
3252 4251 3346 4305 ὑπ’
3371 4252 3551 4306 αὐτῶν
3581 4253 3742 4324 βασι-

2155 4337 2273 4392 λέα.
2308 4339 2573 4393 Μέλλοντι
2626 4340 2683 4394 δὲ
2735 4341 2885 4411 αὐτῷ
2937 4343 3192 4412 χρίεσθαι
3223 4345 3528 4415 προσῆλθεν
3550 4349 3578 4399 ὁ
3614 4347 3744 4410 λαὸς

2158 4431 2496 4500 παρακαλῶν
2531 4433 2637 4486 ἀπὸ
2656 4433 2750 4486 τοῦ
2782 4435 3019 4505 πλήθους
3061 4436 3422 4508 κουφισθῆναι
3453 4439 3562 4492 τῶν
3591 4439 3744 4492 τελε-ι

2158 4520 2405 4589 σμάτων,
2440 4514 2518 4574 ὧν
2571 4524 2599 4575 ὁ
2653 4513 2835 4594 πατὴρ
2870 4523 3036 4578 αὑτοῦ
3077 4526 3332 4596 Σολομὼν
3373 4527 3738 4600 ὲφορολόγησε

469 4609 747 4671 ciendum,
797 4605 1121 4675 accepisset,
1175 4603 1483 4658 senioribus
1534 4613 1595 4656 ιιι
1647 4603 1906 4673 p0pnlum
1965 4604 2043 4658 Ie-

2157 4608 2245 4661 τὸν
2276 4609 2423 4663 λαόν.
2467 4611 2528 4664 '0
2555 4611 2612 4664 δὲ
2667 4615 2818 4683 τρεῖς
2865 4614 3081 4683 ἡμέρας
3127 4595 3264 4686 προς
3307 4595 3592 4685 διάσκεψιν
3612 4595 3743 4669 ego-

471 4710 623 4757 varet
656 4698 1035 4760 suadentibus,
1090 4695 1404 4766 junioribus
1465 4703 1656 4749 contra
1715 4705 1776 4750 ut
1830 4698 2050 4766 gravius

468 4797 706 4866 exigeret
778 4791 1066 4856 tributum,
1127 4789 1212 4843 his
1293 4789 1450 4842 Iidem
1529 4787 1798 4842 adhibuit.
1869 4787 2048 4843 Tertia

2153 4715 2242 4750 ναι
2279 4699 2322 4730 ’⁸
2352 4700 2445 4751 καί⁷
2465 4699 2565 4770 τήν
2599 4702 2694 4753 τοῦ
2748 4701 3037 4770 μέλλοντος
3099 4703 3398 4776 ἀπόκρισιν
3452 4704 3635 4758 λαϐὼν
3663 4709 3738 4770 θ’,

2152 4790 2300 4859 παρά
2343 4790 2443 4860 μὲν
2468 4791 2577 4844 τῶν
2600 4793 2994 4861 πρεσϐυτέρων
3028 4794 3546 4865 ἀκούσαςκουφίσαι
3573 4799 3619 4830 ⁸³
3639 4799 3734 4850 τὸν

471 4889 633 4958 igitur
685 4886 795 4949 die,
845 4883 1001 4952 juxta
1063 4879 1340 4952 juniorum
1409 4878 1699 4933 consilium
1755 4878 2050 4948 alloquitur

2157 4881 2300 4944 λαὸν,
2345 4883 2498 4952 παρὰ
2536 4883 2593 4935 δὲ
2624 4883 2734 4936 τῶν
2765 4884 3049 4953 ὁμηλίκων
3106 4887 3482 4959 ὲπιφορτίσαι,
3533 4889 3738 4959 μᾶλλον

468 4979 726 5049 populum
755 4985 808 5032 et
839 4975 872 5028 ii
929 4975 1022 5046 qui
1072 4973 1188 5042 ejus
1238 4971 1467 5041 imperio
1529 4971 1706 5039 primo
1739 4969 2048 5025 subdeban-

2150 4973 2361 5037 τούτοις
2395 4977 2641 5038 πεισθεὶς
2686 4975 2832 5047 (ιϐδ)
2859 4980 3001 5031 κατὰ
3028 4979 3126 5048 τὴν
3172 4986 3222 5045 γ’
3268 4982 3483 5052 ἡμέραν
3511 4983 3607 5054 τὴν
3629 4984 3742 5037 τῶν

1669 5184 1875 5244 Varias
1916 5184 2229 5247 lectiones
2257 5191 2319 5246 et
2364 5161 2558 5248 notae.

544 5338 589 5408 ss
631 5335 988 5408 οιερουᾳαλήμ
1021 5334 1146 5408 cod2
1221 5331 1268 5362 ⁸³
1294 5334 1432 5408 sfw,
1466 5331 1668 5408 codicis
1701 5330 1870 5408 lectio
1903 5349 1959 5408 _a
2004 5350 2054 5388 se

2157 5351 2340 5408 manu,
2389 5335 2558 5406 priori
2585 5354 2765 5402 erasa,
2794 5346 2931 5402 υπε’,
2968 5339 3134 5408 μῆνες
3167 5336 3218 5402 ς’
3255 5338 3397 5406 apud
3433 5337 3728 5393 Eusebium

472 5410 526 5463 in
555 5401 876 5478 fragmentis
903 5403 1158 5478 c_h_r_nnic_i_
1181 5403 1391 5478 granzcis,
1423 5417 1453 5455 a
1493 5401 2088 5478 C‘t-atneroeditigus'
2119 5423 2176 5478 tt.
2217 5407 2354 5478 ς’ίίη
2380 5401 2500 5462 chr.
2527 5423 2763 5463 armeno
2823 5408 2890 5472 Il,
2925 5401 3106 5472 2L'at
3140 5401 3306 5478 υλβά
3346 5419 3542 5477 quarto
3573 5407 3734 5478 Salo-

474 5472 818 5532 monis—anno
849 5472 884 5526 l.
927 5472 1044 5526 185.

473 5549 577 5602 Th.
611 5546 823 5600 Pollux.

1122 5472 1168 5547 εξ
1214 5470 1232 5522 l
1257 5471 1494 5547 Reg._XI,
1519 5470 1630 5547 29._
1655 5472 1894 5547 Ἁχίαςρ
1921 5473 2032 5527 Σιλ.

2157 5474 2191 5530 Ι.
2233 5470 2236 5471 ⁷
2268 5477 2314 5508 ⁸⁵
2349 5491 2380 5530 e
2416 5479 2662 5547 margine
2693 5495 2721 5532 a
2759 5470 3013 5534 secunda
3036 5470 3222 5534 manu;
3297 5478 3344 5510 ⁸⁸
3367 5470 3439 5531 ’δὲ
3467 5478 3563 5547 τῆς
3595 5477 3732 5544 Leu,

927 5541 1100 5618 "fw?
1140 5542 1192 5594 in
1232 5542 1510 5618 margine.
1554 5542 1632 5618 _”
1667 5541 1791 5597 Haec
1830 5544 2028 5618 desunt

2171 5547 2418 5618 versione
2470 5541 3043 5618 bulgaricamttmisint
3084 5550 3148 5602 ὲκ
3199 5549 3291 5602 τοῦ
3323 5548 3486 5601 ἄλλου
3520 5541 3729 5617 βιϐλίου

476 5621 760 5672 intextum
803 5609 1017 5686 Georgii
1051 5609 1498 5686 acotttinuatore,
1539 5609 1735 5686 ‘Legne
1791 5614 2346 5686 antiquioreLillata.
2425 5619 2470 5650 υ
2507 5609 2685 5686 ὲνπῖἱδρ.
2716 5617 2847 5681 Leo,
2904 5617 2964 5671 P.
3004 5621 3105 5673 Th.
3150 5619 3280 5674 Cetl.
3313 5609 3726 5684 l73,l5-'l74,9.

484 5686 869 5746 ’Δποθανόντος
888 5683 968 5736 δέ.
994 5711 1065 5720 —-
1098 5680 1204 5749 γάρ
1239 5695 1348 5735 om.
1376 5680 1502 5733 Leo.
1535 5680 1594 5733 P.
1627 5680 1729 5736 Th.
1805 5684 1850 5715 oo
1901 5680 1980 5738 οι).

2015 5685 2423 5760 τὴν-βασιλείαν
2441 5685 2747 5760 διαδέχεται
2781 5691 2878 5742 καὶ
2897 5689 3060 5760 αὐτὸς
3085 5689 3329 5760 ἀπῆλθεν
3359 5691 3438 5752 εις
3471 5689 3641 5760 Σοᾼδτι
3678 5691 3727 5742 ὲ·

477 5758 582 5816 πᾶς
625 5757 696 5808 ’Ῑσ
736 5745 1120 5824 αὴλάπῄεσαν
1141 5745 1234 5803 τοῦ
1271 5749 1582 5819 βασιλεῦσαι
1635 5751 1816 5816 αὑτὸν,
1851 5772 1905 5808 κ.
1938 5772 1988 5807 τ.
2026 5754 2054 5806 λ

477 5824 678 5877 δέοντος
702 5773 836 5877 ἵκεο.
872 5821 932 5877 Ρ.
956 5823 1057 5877 'I‘b.
1137 5823 1182 5854 ⁹¹
1221 5820 1447 5874 λαῦείνῖ
1478 5821 1621 5877 (λα6.
1651 5822 1798 5877 end.)
1829 5825 1994 5877 -καί
2017 5842 2054 5877 ιι.

2159 5757 2242 5808 ed.
2273 5756 2529 5826 βασιλεὺς
2559 5745 2624 5811 ΡΤ
2657 5755 2759 5812 Th.
2831 5760 2875 5789 "
2902 5745 3085 5813 δοῦναι
3120 5745 3232 5816 oui.
3265 5759 3390 5814 Leo.
3417 5745 3496 5811 ⁷1³.
3530 5757 3632 5813 Th.
3658 5789 3672 5798 -
3708 5787 3725 5799 ι

2157 5825 2274 5877 [.eo.
2307 5825 2368 5877 Ρ.
2402 5825 2504 5877 Th.
2581 5830 2627 5861 ”
2661 5827 3021 5877 κουεοισθῆναι
3061 5829 3188 5877 Leo-

473 5824 502 5878 δ
508 5831 650 5876 ἐοντο
659 5843 678 5887 ς

751 5820 836 5880 eo.
872 5821 932 5878 P.
956 5820 1057 5878 'I‘b.
1137 5823 1182 5854 "
1221 5820 1447 5874 λαῦείνῖ
1478 5821 1621 5890 (λα6.
1651 5822 1798 5902 cod.)
1829 5825 1994 5879 -καί
2017 5842 2054 5879 α.

2157 5820 2284 5880 Leo.
2307 5825 2368 5881 P.
2402 5825 2504 5882 ΤΙι.
2581 5830 2627 5861 ⁸³
2661 5827 3021 5899 κουφισθῆναι
3059 5829 3188 5887 L60.
