4096 6446
481 403 582 465 3H

1680 401 2005 463 GEORGII
2042 397 2492 464 HAMARTOLI

3635 381 3748 452 312

492 542 510 573 ε
544 520 703 575 Salva
735 534 841 585 me,
873 521 1094 578 domine
1127 524 1199 579 mi
1236 540 1351 579 rex.
1377 523 1480 591 Qui
1507 527 1621 580 ait:
1658 524 1776 581 Non
1812 537 1865 581 te
1892 528 2065 583 salvat

2170 527 2306 598 πρὸς
2345 524 2544 580 αὐτόν·
2585 521 2790 587 Σῶσον,
2851 517 3008 590 κύριε
3050 513 3298 589 βασιλεῦ.
3349 510 3464 566 Καὶ
3515 512 3750 581 ἀποκρι-

490 616 754 671 Dominus
781 631 791 663 :
822 616 964 672 unde
1003 627 1054 672 te
1091 633 1313 687 possum
1350 619 1599 687 salvare;
1630 618 1699 673 de
1726 633 1855 673 arca
1885 620 1967 673 vel
1995 619 2063 675 de

487 710 752 764 torculari
782 710 806 763 ?
856 710 918 764 Et
981 710 1117 766 dixit
1171 713 1364 767 mulier
1387 729 1402 765 :
1424 709 1567 776 Non,
1593 726 1707 779 rex,
1741 712 1834 766 sed
1868 712 2064 767 mulier

489 800 591 855 ista
631 799 771 853 dixit
821 800 956 854 mihi
992 817 1008 855 :
1039 800 1116 857 Da
1154 802 1324 856 ﬁlium
1388 811 1543 856 tuum
1595 810 1656 856 ut
1710 802 2065 857 comedamus

483 907 610 947 eum
639 891 825 958 hodie,
860 901 915 949 et
944 893 1110 948 tilium
1133 909 1312 948 meum
1344 895 1708 951 concedemus
1734 910 1878 950 cras.
1901 895 2066 950 Coxio

486 996 608 1035 mus
635 996 767 1051 ergo
785 982 951 1034 filium
984 996 1164 1035 meum
1206 991 1259 1036 et
1297 982 1663 1046 comedimus,
1699 989 1753 1037 et
1783 981 1900 1051 ipsa
1934 981 2065 1036 abs-

484 1074 669 1126 condit
734 1073 902 1126 ﬁlium
958 1088 1144 1129 suum.
1212 1072 1364 1140 Quod
1425 1089 1551 1129 eum
1627 1073 1871 1128 audisset
1923 1088 2060 1133 rex.

485 1164 647 1218 scidit
680 1164 1003 1219 vestimenta
1030 1180 1153 1230 sua,
1177 1164 1423 1235 viditque
1459 1165 1640 1221 omnis
1670 1165 1905 1235 populus
1946 1163 2066 1219 cili-

484 1257 631 1311 cium
663 1273 774 1327 quo
812 1258 1042 1312 vestitus
1070 1267 1190 1312 erat
1230 1258 1297 1312 ad
1328 1273 1551 1312 carnem
1583 1258 1943 1312 intrinsecus.
1991 1254 2062 1310 Et

485 1349 561 1402 ait
586 1364 678 1403 rex
714 1366 728 1402 :
770 1349 896 1404 llzec
923 1349 1056 1403 mihi
1094 1348 1253 1404 faciat
1284 1349 1426 1404 Deus
1459 1357 1515 1403 et
1548 1350 1661 1404 haec
1691 1349 1855 1403 addat
1879 1349 1924 1404 si
1953 1356 2064 1402 ste-

489 1439 614 1493 terit
646 1449 810 1509 caput
837 1440 1000 1495 Eiisei
1045 1440 1137 1494 filii
1180 1439 1389 1511 Saphat
1436 1456 1601 1511 super
1636 1440 1813 1509 ipsum
1882 1440 2062 1495 hodie.

487 1530 736 1600 Cumque
782 1531 1027 1587 misisset
1054 1532 1251 1588 ducem
1280 1548 1446 1601 super
1495 1533 1653 1602 cujus
1701 1547 1921 1586 manum
1968 1548 2064 1587 rex

489 1623 837 1679 incumbebat
867 1625 942 1679 ait
966 1625 1030 1679 ad
1065 1626 1216 1679 illum
1248 1625 1510 1695 propheta
1539 1641 1554 1681 ε
1605 1625 1733 1680 Haec
1794 1625 1925 1678 dicit
1962 1626 2066 1678 Do-

488 1713 674 1767 minus
707 1732 721 1767 :
754 1713 810 1766 lu
857 1722 1099 1783 tempore
1144 1714 1247 1775 hoc
1283 1729 1409 1769 cras
1458 1713 1671 1768 modius
1716 1712 1910 1766 siinilae
1957 1726 2065 1767 uno

2166 619 2282 683 θεὶς
2311 614 2433 673 εἶπε
2454 633 2469 647 ·
2503 616 2595 688 Μὴ
2627 613 2801 670 σώσαι
2843 630 2905 667 σε
2937 613 3177 681 Κύριοςς
3211 606 3378 662 πόθεν
3422 603 3634 667 σῶσαι;
3672 602 3750 673 μὴ

2166 712 2275 765 ἀπὸ
2332 715 2433 781 τῆς
2494 709 2766 780 άλωνοςή
2822 707 2932 760 άπὸ
2979 707 3080 775 τῆς
3098 700 3297 773 ληνοῦ;
3354 698 3466 754 Καί
3506 714 3679 768 φησιν
3714 697 3750 765 ἠ

2166 801 2304 871 γυνή
2326 814 2340 830 °
2375 799 2532 870 Οὐχὶ,
2585 797 2832 870 βασιλεῦ,
2880 795 2998 850 ἀλλ’
3030 795 3064 864 ή
3103 792 3243 861 γυνὴ
3290 789 3432 859 αὕτη
3462 784 3587 842 εἷπέ
3619 803 3745 856 μοι’

2165 889 2267 952 Δδς
2310 889 2403 943 τὸν
2454 889 2568 943 υἱόν
2606 905 2725 950 σου,
2779 885 3091 957 φαγώμεθα
3133 881 3296 937 αὐτὸν
3352 880 3617 950 σήμερον,
3653 875 3752 929 καὶ

2164 982 2259 1035 τὸν
2299 982 2417 1035 υἱόν
2473 998 2578 1053 μου
2638 980 2854 1051 αὔριον,
2913 979 3010 1032 καὶ
3057 976 3369 1046 ἑψήσαντες
3410 971 3574 1026 αὐτὸν
3622 969 3753 1041 χθὲς

2165 1072 2465 1142 ἐφάγομεν,
2518 1072 2612 1126 καὶ
2669 1072 2913 1142 σήμερον
2975 1069 3066 1123 τὸν
3113 1066 3230 1120 υίδν
3281 1064 3453 1134 αὐτῆς
3490 1063 3749 1134 ἔκρυψεν.

2168 1165 2350 1235 Ὅπερ
2380 1164 2624 1228 ἀκούσας
2668 1164 2696 1216 6
2745 1162 3002 1233 βασιλεὺς
3027 1156 3282 1231 διέρρηξε
3316 1156 3387 1209 τὰ
3417 1154 3614 1223 ἱμάτια
3644 1153 3748 1213 αύ-

2165 1257 2283 1321 τοῦ,
2332 1258 2427 1311 καὶ
2474 1254 2617 1310 εἶδεν
2648 1257 2676 1310 6
2706 1256 2836 1320 λαὸς
2881 1253 2974 1308 τὸν
3020 1253 3226 1306 σάκκον
3275 1251 3368 1303 ἐπὶ
3396 1250 3496 1319 τῆς
3545 1248 3751 1319 σαρκῖς

2165 1349 2332 1403 αὐτοῦ
2366 1350 2571 1403 ἔσωθεν
2596 1350 2690 1403 καὶ
2718 1346 3040 1419 ἀποκριθεὶς
3073 1340 3226 1398 εἶπεν
3259 1344 3306 1377 ⁸³
3325 1360 3341 1376 ·
3389 1343 3532 1397 Τάδε
3585 1340 3752 1410 ποιή-

2168 1458 2258 1495 σαι
2292 1459 2385 1513 μοι
2433 1442 2463 1494 6
2507 1442 2642 1505 Θεὸς
2692 1441 2789 1495 καὶ
2817 1440 2945 1494 τάδε
2977 1435 3265 1509 προσθείη,
3318 1436 3368 1488 εί
3424 1435 3685 1504 στήσεται
3715 1432 3750 1500 ἠ

2170 1532 2383 1603 κεφαλὴ
2450 1532 2728 1587 Ἐλισαίου
2779 1532 3021 1603 σήμερον
3103 1528 3191 1582 ἐπ’
3242 1525 3412 1597 αὐτῷ.
3447 1524 3557 1579 Καὶ
3616 1525 3753 1577 ἀπο-

2166 1624 2382 1688 στείλας
2409 1623 2501 1677 τδν
2531 1623 2829 1694 τριστάτην
2852 1620 2938 1691 ἐφ’
2962 1619 3022 1674 δν
3053 1615 3430 1673 ἐπανεπαύετο
3463 1610 3585 1668 εἷπε
3610 1612 3750 1683 πρὸς

2165 1714 2331 1770 αὑτὸν
2372 1716 2402 1768 6
2440 1716 2765 1786 προφήτης·
2822 1713 2961 1768 Τάδε
3032 1710 3182 1779 λέγει
3255 1707 3496 1779 Κύριος’
3548 1703 3749 1772 Αὗριον

487 1811 689 1857 statere
719 1804 826 1858 erit
866 1811 921 1858 et
959 1807 1070 1859 duo
1118 1806 1288 1859 modii
1333 1804 1521 1859 hordei
1550 1846 1563 1869 ,
1607 1814 1805 1859 statere
1850 1819 1959 1858 uno
2006 1804 2060 1857 in

2170 1808 2331 1878 186
2359 1807 2492 1860 ὡσεὶ
2523 1806 2643 1879 ὥρα
2672 1805 2812 1877 αὕτη
2853 1803 3194 1876 σεμιδάλεως
3227 1800 3413 1854 σίκλου
3452 1796 3550 1851 καὶ
3592 1794 3745 1865 δεμε-

488 1908 642 1963 porta
674 1895 956 1952 Samaria’.
1013 1897 1079 1951 Et
1105 1898 1241 1951 dixit
1271 1896 1374 1951 dux
1421 1913 1435 1949 :
1490 1896 1546 1951 Si
1593 1896 1858 1950 Dominus
1921 1894 2062 1950 fece-

490 1984 559 2039 rit
590 1986 756 2040 etiam
792 1997 1102 2045 cataractas
1128 1990 1181 2043 in
1213 1989 1380 2058 coelo,
1416 1988 1683 2057 numquid
1719 1988 1917 2057 poterit
1944 2002 2064 2042 esse

487 2078 633 2147 quod
666 2078 943 2147 loqueris?
966 2077 1070 2145 Qui
1100 2080 1174 2134 ait
1202 2097 1216 2134 :
1252 2079 1470 2135 Videbis
1501 2081 1680 2135 oculis
1709 2082 1818 2135 tuis
1842 2091 1898 2135 et
1938 2080 2064 2135 inde

489 2185 598 2223 non
659 2171 935 2226 comedes.
971 2169 1037 2224 Et
1095 2172 1194 2225 viri
1238 2172 1434 2241 leprosi
1481 2174 1634 2242 juxta
1671 2181 1879 2241 portam
1910 2170 2063 2228 urbis

494 2261 751 2316 sedentes
774 2260 1043 2332 famisque
1068 2262 1413 2333 impatientes
1441 2273 1751 2319 statuerunt
1784 2265 1851 2319 ad
1884 2266 2064 2319 hostes

487 2350 852 2421 transfugere.
897 2350 1267 2408 Surrexcrunt
1302 2369 1433 2424 ergo
1494 2356 1702 2423 vesperi
1734 2363 1794 2409 ut
1820 2356 2067 2409 venirent

488 2442 556 2496 ad
587 2451 772 2498 castra
796 2442 988 2514 Syriae,
1020 2459 1257 2513 cumque
1299 2446 1578 2500 venissent
1629 2446 1835 2499 nullum
1865 2446 2063 2500 ibidem

491 2544 832 2604 repererunt.
887 2535 1096 2589 Etenim
1133 2535 1396 2592 Dominus
1428 2534 1631 2591 fecerat
1678 2546 1735 2590 ut
1769 2537 1823 2591 in
1861 2536 1929 2591 iis
1973 2552 2068 2593 ca-

487 2625 620 2681 stris
640 2625 856 2680 sonitus
878 2641 1164 2690 curruum,
1188 2641 1454 2697 equorum
1479 2629 1771 2698 magnique
1789 2629 2067 2686 exercitus

491 2719 795 2781 audiretur,
831 2735 940 2785 quo
1003 2719 1274 2789 perterriti
1340 2717 1760 2789 Syri,omnibus
1790 2719 1951 2775 rebus
1979 2734 2067 2774 re-

494 2809 660 2874 liclis,
698 2811 749 2865 in
784 2813 1023 2866 tenebris
1049 2813 1351 2881 profugere.
1390 2810 1522 2876 Quae
1547 2824 1671 2864 cum
1706 2810 1905 2881 ieprosi
1940 2826 2069 2865 nar-

492 2901 760 2956 ravissent
789 2901 938 2956 misit
954 2918 1066 2964 rex,
1090 2901 1183 2971 qui
1206 2910 1598 2971 cognoscerent
1619 2916 1686 2956 an
1719 2902 1769 2955 id
1806 2901 2069 2955 indicium

492 3008 680 3046 verum
720 3002 890 3048 esset.
917 2994 1020 3059 Qui
1061 2994 1203 3062 regis
1243 2993 1365 3065 Syri
1399 2995 1627 3064 vestigia
1658 3011 1827 3064 usque
1852 2994 1919 3050 ad
1952 2973 2068 3050 Jo‘r-

489 3088 684 3139 danem
730 3086 955 3142 ﬂuvium
993 3088 1190 3152 secuti,
1219 3103 1349 3143 ecce
1382 3087 1564 3141 omnis
1595 3087 1680 3141 via
1730 3088 1887 3157 plena
1950 3095 2070 3141 erat

2165 1915 2292 1970 τρον
2321 1899 2516 1970 κριθῆς
2544 1899 2730 1953 σίκλου
2752 1901 2810 1951 ἑν
2855 1899 2977 1960 ταῖς
3028 1894 3227 1957 πύλαις
3256 1890 3589 1963 Σαμαρείας.
3637 1885 3750 1941 Καὶ

2168 1984 2326 2043 εἶπεν
2350 1992 2379 2043 6
2407 1989 2708 2061 τριστάτης
2727 2006 2741 2020 ·
2784 1989 2845 2041 Et
2873 1986 3230 2056 καταράκτας
3258 1985 3486 2053 ποιήσαι
3520 1978 3746 2048 Κύριος,

2164 2083 2229 2136 οὐ
2264 2082 2339 2153 μὴ
2387 2082 2541 2136 ἔσται
2597 2081 2777 2135 τοῦτο.
2844 2080 2906 2133 '0
2949 2080 3006 2133 δὲ
3048 2077 3348 2139 Ἐλισσαῖός
3369 2090 3504 2144 φησι
3539 2089 3554 2104 ο
3590 2070 3747 2133 Ἰδοὺ.

2163 2177 2271 2249 ὅζῃ
2303 2179 2414 2239 τοῖς
2450 2176 2749 2246 ὀφθαλμοῖς
2804 2192 2895 2228 σου
2938 2175 3030 2227 καὶ
3092 2171 3305 2225 ἐκεῖθεν
3359 2169 3422 2223 οὗ
3461 2166 3535 2239 μὴ
3575 2167 3751 2236 φάγῃ.

2165 2268 2278 2324 Καὶ
2303 2268 2496 2339 ἄνδρες
2523 2267 2719 2338 λεπροὶ
2763 2264 2802 2320 δ’
2850 2266 3003 2337 παρὰ
3033 2266 3133 2335 τὴν
3180 2263 3358 2332 πύλην
3399 2259 3499 2329 τῆς
3537 2257 3749 2319 πόλεως

2167 2359 2471 2430 καθήμενοι
2500 2359 2599 2413 καὶ
2632 2358 2726 2412 τὸν
2757 2357 2917 2428 λιμὸν
2945 2357 3007 2410 οὐ
3040 2357 3320 2427 φέροντες,
3355 2351 3750 2406 ἐϐουλεύσαντο

2166 2451 2303 2522 πρὸς
2332 2451 2461 2514 τοὺς
2492 2450 2774 2512 ἐναντίους
2808 2448 3203 2520 αὐτομολῆσαι.
3238 2444 3351 2499 Καὶ
3372 2443 3439 2513 δὴ
3474 2440 3752 2496 άναστάν·

2166 2559 2256 2605 τες
2280 2544 2339 2595 ὲν
2381 2541 2459 2612 τῷ
2491 2540 2677 2595 σκότει
2704 2537 2870 2613 ἦλθον
2897 2539 2983 2603 είς
3014 2539 3113 2608 τὴν
3144 2534 3497 2605 παρεμϐολὴν
3526 2531 3747 2604 Συρίας,

2167 2634 2262 2688 καὶ
2299 2633 2410 2686 ίδοὺ
2459 2633 2561 2686 οὐκ
2612 2629 2683 2704 ἦν
2728 2632 2867 2703 ἀνὴρ
2914 2633 3052 2692 ἐκεῖ,
3109 2632 3191 2685 ὅτι
3237 2628 3441 2698 Κύριος
3473 2623 3745 2690 ἀκουστὴν

2168 2722 2394 2793 εποίησε
2449 2722 2549 2792 τὴν
2601 2720 2955 2792 παρεμϐολὴν
3003 2719 3205 2789 Συρίας
3247 2716 3434 2786 φωνὴν
3483 2714 3744 2785 ἁρμάτων

2169 2814 2263 2868 καὶ
2295 2813 2427 2886 (48⁸)
2463 2813 2648 2867 ἵππων
2692 2813 2787 2867 καὶ
2830 2812 3059 2881 δύναμιν
3110 2809 3355 2880 μεγάλην
3383 2807 3449 2872 ⁸⁸,
3489 2807 3585 2861 καὶ
3614 2804 3753 2859 ἀπέ-

2168 2906 2374 2977 δρασαν
2406 2907 2465 2960 ὲν
2489 2905 2569 2976 τῷ
2595 2904 2779 2959 σκότει
2806 2904 3007 2967 πάντες
3038 2900 3472 2970 καταλείψαντες
3491 2897 3710 2952 ἅπαντα
3729 2909 3747 2926 ·

2168 2997 2278 3052 τῶν
2305 2998 2364 3051 δὲ
2401 2997 2623 3069 λεπρῶν
2658 2998 2839 3051 πάντα
2873 2992 3331 3065 διασαφησάντων
3374 2991 3433 3044 ἐν
3465 2992 3532 3060 τῇ
3567 2988 3747 3054 πόλει,

2170 3089 2493 3144 ἀπέστειλεν
2528 3091 2557 3143 6
2602 3087 2859 3156 βασιλεὺς
2899 3085 3126 3154 γνῶναι,
3171 3084 3220 3137 εί
3254 3082 3463 3152 ἀληθὴς
3498 3083 3526 3134 6
3562 3079 3744 3147 λόγος,

496 3176 839 3232 vestimentis
879 3188 935 3231 et
987 3178 1133 3232 vasis
1167 3194 1290 3247 quae
1346 3178 1680 3247 trepidantes
1725 3178 2066 3247 projecerant

2173 3181 2270 3236 καὶ
2293 3181 2653 3252 πορευθέντες
2680 3180 2860 3233 ὀπίσω
2883 3178 2982 3232 τοῦ
3010 3176 3276 3247 βασιλέως
3304 3175 3503 3245 Συρίας
3523 3173 3629 3237 ἕως
3652 3172 3752 3226 τοῦ

492 3269 637 3339 Syri.
681 3271 1039 3339 Ileversisque
1070 3271 1135 3325 iis
1189 3286 1328 3339 quos
1387 3287 1481 3326 rex
1509 3271 1765 3334 miserat,
1818 3285 2069 3341 egressus

492 3372 579 3416 est
611 3362 843 3430 populus
877 3364 946 3416 ab
979 3363 1113 3416 urbe
1150 3367 1205 3417 et
1251 3363 1476 3431 diripuit
1517 3374 1699 3418 castra
1742 3362 1913 3432 Syria:
1940 3379 1954 3412 :
1985 3360 2068 3417 fa-

492 3461 723 3521 ctusque
743 3461 826 3507 est
853 3453 1065 3508 iiiodius
1092 3454 1287 3508 similae
1316 3463 1520 3509 statere
1552 3469 1662 3507 uno
1688 3462 1743 3508 et
1769 3453 1879 3509 duo
1903 3452 2067 3508 modii

497 3544 682 3601 hordei
704 3552 906 3600 statere
928 3561 1038 3600 uno
1063 3545 1220 3613 juxta
1243 3546 1468 3601 verbum
1494 3545 1736 3601 Domini.
1766 3545 1855 3601 Ille
1885 3557 2066 3601 autem

493 3653 524 3690 a
565 3650 690 3706 rege
725 3635 953 3698 tertius,
996 3651 1119 3690 cum
1181 3652 1306 3691 eum
1350 3652 1443 3692 rex
1487 3646 1658 3707 portae
1688 3637 2058 3707 praefecisset.

501 3725 735 3781 obtritus
766 3742 792 3778 a
822 3727 1023 3796 populo
1050 3727 1233 3797 periit,
1275 3743 1383 3781 non
1414 3728 1648 3795 gustatis
1684 3729 1749 3783 iis
1768 3728 2066 3795 alimentis,

495 3820 655 3875 sicuti
687 3828 742 3875 et
770 3829 920 3876 vates
948 3820 1361 3876 afﬁrmaverat.»
1388 3821 1531 3876 Idem
1551 3822 1805 3889 precibus
1829 3821 2069 3878 obtinuit

495 3920 557 3967 ut
593 3927 750 3982 aqua:
782 3910 1175 3968 Jerichuntinae
1200 3921 1387 3969 essent
1413 3913 1668 3970 salubres
1695 3930 1822 3971 cum
1872 3925 2067 3971 natura

492 4014 679 4061 essent
702 4021 924 4068 amane,
951 4005 1104 4075 potui
1136 4005 1346 4061 acerbze
1369 4014 1424 4061 et
1454 4005 1774 4061 fecunditati
1806 4007 2067 4061 adversae.

495 4096 652 4163 Quod
699 4096 752 4149 in
795 4097 1089 4151 utilitatem
1120 4096 1405 4152 hominum
1442 4098 1818 4169 arborumque
1855 4098 2058 4154 factum

494 4188 795 4242 fertilitatis
841 4189 1145 4259 salutisque
1200 4190 1452 4260 plurima:
1508 4190 1598 4245 isti
1652 4191 1859 4261 regioni
1903 4205 2070 4246 causa

497 4278 727 4332 exstitit.
764 4278 898 4331 Nam
947 4279 1002 4333 in
1049 4280 1196 4334 hunc
1224 4292 1401 4351 usque
1441 4281 1584 4336 diem
1617 4281 1902 4336 exundans
1951 4280 2072 4336 fons

496 4370 603 4425 iste
656 4380 1018 4440 campestrem
1054 4371 1350 4426 maximam
1396 4373 1675 4441 regionem
1722 4373 2069 4442 impinguat,

2182 3271 2475 3343 Ἰορδάνου,
2530 3273 2641 3326 “ob
2682 3272 2834 3325 πᾶσα
2870 3270 2907 3339 ὴ
2947 3270 3064 3333 ὁδὸς
3111 3268 3327 3338 πλήρης
3367 3266 3602 3337 ἱματίων
3652 3265 3752 3318 καὶ

2173 3363 2408 3430 σκευῶν,
2436 3356 2514 3416 ὧν
2542 3360 2736 3433 ἔρριψε
2767 3361 2941 3432 Συρία
2969 3362 3028 3414 ἒν
3055 3359 3134 3430 τῷ
3165 3359 3495 3429 θαμϐείσθαι
3526 3356 3748 3420 αὐτούς.

2174 3457 2284 3511 Καὶ
2313 3454 2780 3526 ὑποστρεψάντων
2816 3452 2924 3505 τῶν
2956 3446 3409 3519 ἀπεσταλμένων,
3462 3444 3687 3515 ἐξῆλθεν
3722 3447 3752 3499 6

2172 3549 2303 3612 λαὸς
2359 3549 2460 3618 τῆς
2506 3546 2717 3610 πόλεως
2766 3543 2861 3597 καὶ⁵
2914 3542 3187 3614 διήρπασε
3240 3536 3341 3611 τὴν
3391 3538 3753 3610 παρεμϐολὴν

2172 3640 2394 3712 Συρίας,
2426 3638 2520 3692 καὶ
2550 3637 2771 3705 ἐγένετο
2811 3634 3012 3705 μέτρον
3058 3633 3394 3703 σεμιδάλεως
3434 3630 3622 3684 σίκλου
3656 3630 3755 3682 καὶ

2176 3731 2433 3803 δίμετρον
2459 3728 2658 3800 κριθῆς
2688 3727 2874 3781 σίκλου
2920 3725 3063 3779 κατὰ
3094 3726 3154 3778 τὸ
3186 3726 3338 3796 ῥῆμα
3377 3723 3604 3793 Κυρίου.
3643 3720 3754 3776 Τοῦ

2171 3821 2229 3875 δὲ
2268 3819 2535 3891 βασιλέως
2575 3817 3028 3888 καταστήσαντος
3067 3816 3159 3868 τὸν
3192 3816 3487 3885 τριστάτην
3517 3814 3611 3866 ἐπὶ
3653 3811 3756 3880 τῆς

2174 3910 2370 3980 πύλης,
2409 3908 2791 3979 συνεπάτησεν
2831 3908 2997 3961 αὑτὸν
3028 3910 3057 3960 6
3082 3906 3233 3970 λαὸς,
3280 3907 3377 3960 καὶ
3407 3905 3648 3958 ἀπέθανε
3678 3903 3756 3972 μὴ

2173 4001 2365 4071 φαγὼν
2395 4003 2459 4055 ἐκ
2486 4000 2581 4054 τοῦ
2605 4002 2755 4054 σίτου
2784 3999 2929 4054 κατὰ
2949 3999 3012 4053 τὸ
3042 3999 3191 4070 ῥῆμα
3215 3995 3312 4052 τοῦ
3338 3998 3622 4069 προφήτου
3644 3995 3753 4049 “.-

2174 4095 2252 4167 (4)
2299 4096 2412 4149 Καὶ
2443 4094 2634 4165 μέντοι
2663 4093 2759 4147 καὶ
2785 4094 2854 4147 τὰ
2888 4093 3242 4164 Ἰεριχούντια
3269 4091 3435 4146 ὕδατα
3469 4089 3560 4144 διὰ
3589 4105 3761 4158 προσ-

2172 4187 2337 4257 εύχῆς
2367 4184 2582 4250 ιάεατο,
2600 4185 2796 4257 πικρὸν
2828 4184 2938 4256 γάρ
3000 4181 3069 4251 ἦν
3113 4183 3295 4253 φύσει,
3329 4183 3426 4236 καὶ
3467 4182 3757 4246 δύσποτον,

2178 4282 2274 4334 καὶ
2305 4279 2444 4350 πρὸς
2475 4279 2825 4348 τεκνογονίαν
2854 4278 3115 4349 ἐμπόδιόν
3143 4295 3203 4333 τε
3232 4277 3330 4331 καὶ
3355 4276 3758 4347 θανατηφόρον,

2175 4370 2291 4424 ἔσθ’
2331 4373 2421 4424 ὅτε
2453 4372 2547 4423 καὶ
2583 4369 2720 4439 πρὸς
2754 4368 2977 4442 άρδείαν
3004 4369 3050 4401 ’⁵⁸
3078 4368 3475 4440 ἀνεπιτήδειον,
3511 4367 3648 4438 ὅπερ
3679 4366 3761 4428 είς

494 4461 774 4530 nuli-itque
817 4462 1061 4528 pomaria
1103 4469 1158 4514 et
1217 4462 1480 4530 palmaria
1535 4461 1796 4516 mellifera
1835 4478 2066 4532 quorum

2176 4461 2507 4532 εὐχρηστίαν
2539 4461 2852 4531 ἀνθρώποις
2897 4460 2993 4515 xa‘t
3024 4461 3247 4531 κτήνεσι
3287 4457 3631 4531 μετασαλὼν,
3664 4457 3764 4510 εὐ·-

492 4549 705 4605 fructus
746 4549 936 4604 calcati
987 4558 1154 4619 atque
1205 4551 1377 4619 pressi
1431 4566 1682 4621 tnaguam
1730 4552 1907 4607 mellis
1956 4554 2064 4606 vim

2171 4554 2412 4625 καρπίας
2445 4552 2681 4623 μάλιστα
2731 4552 2936 4623 πολλῆς
2971 4555 3069 4607 καὶ
3103 4552 3381 4623 σωτηρίας
3433 4549 3649 4620 ὑπῆρξε
3687 4552 3761 4621 τῇ

493 4642 918 4712 eﬂ'undimt.lEst
936 4643 1081 4697 enim
1098 4643 1344 4712 apprime
1358 4644 1618 4699 mellifera
1638 4652 1694 4699 et
1716 4645 2066 4701 aromatifera

2170 4649 2323 4721 χώρᾳ
2356 4648 2654 4719 πρόξενονο
2687 4647 2816 4717 άχρι
2854 4646 2963 4718 γάρ
2997 4645 3161 4716 δεῦρο
3207 4642 3563 4716 πλημμυρῶν
3596 4640 3765 4712 μεγίο

495 4735 605 4789 ista
650 4736 820 4805 regie,
867 4732 1065 4789 citrum
1120 4735 1427 4804 producens
1466 4744 1519 4790 et
1554 4736 1964 4806 myrobalanum
2016 4748 2066 4793 et

2170 4759 2304 4812 στην
2333 4742 2537 4794 πιαίνει
2568 4741 2804 4794 πεδιάδα
2853 4741 2948 4794 καὶ
3005 4740 3197 4810 τρέφει
3237 4736 3605 4808 παραδείσους
3658 4748 3766 4802 και

491 4827 836 4898 Opobalsami
871 4828 1199 4899 plurimum,
1226 4838 1283 4883 ut
1319 4838 1539 4897 propter
1570 4844 1723 4883 raros
1751 4838 1805 4882 et
1831 4829 2066 4884 licinini-

2170 4836 2426 4904 φοινίκων
2465 4834 2597 4904 γένη
2644 4835 2879 4905 διάφορα
2916 4832 3269 4904 μελιτοφόρα,
3299 4824 3465 4884 div-oi
3508 4827 3759 4881 πλεῖστοι

491 4919 597 4976 bus
640 4919 1030 4976 desiderabiles
1076 4919 1288 4975 fruetus
1346 4935 1452 4974 non
1518 4919 1757 4975 absurde
1810 4922 2066 4990 paradiso

2170 4926 2504 4996 πατούμενοι
2540 4926 2636 4978 καὶ
2664 4924 3084 4994 άποθλιϐόμενοι
3119 4924 3240 4994 μέλι
3273 4923 3412 4977 πολὺ
3437 4921 3757 4993 ἐκχέουσιν·

492 5014 797 5081 comparari
827 5025 987 5081 posse
1015 5011 1281 5067 videatur.
1322 5012 1395 5065 De
1423 5026 1529 5080 qua
1561 5027 1791 5082 magnus
1828 5011 2066 5066 Anasta—

2177 5021 2295 5072 ’ἐστι
2347 5018 2457 5089 γὰρ
2498 5017 2855 5088 μελιτοφόρος
2906 5018 3003 5071 καὶ
3058 5015 3496 5088 άρωματοφόρος
3533 5014 3572 5083 ἡ
3602 5009 3763 5082 χώρα

495 5102 612 5156 sius
640 5102 1073 5172 Theopolitanus
1097 5106 1174 5159 ait
1200 5121 1212 5156 :
1245 5123 1261 5154 ι
1294 5101 1599 5173 Diligentes
1629 5119 1810 5157 rerum
1835 5105 2066 5174 scripto-

2177 5113 2341 5176 πάνυ,
2378 5111 2619 5183 φέρουσα
2665 5111 2873 5181 κίτρον,
2903 5110 2996 5164 καὶ
3049 5108 3445 5180 μυροϐάλανον,
3496 5104 3593 5159 καὶ
3632 5105 3771 5157 ὀπο-
3841 5114 3845 5119 '

499 5208 588 5247 res
646 5194 912 5260 referunt,
959 5197 1272 5265 paradisum
1330 5210 1451 5251 esse
1501 5197 1777 5264 regionem
1840 5198 2077 5251 maxime

497 5285 827 5339 orientalem
886 5295 942 5340 et
979 5289 1138 5355 quasi
1176 5297 1337 5342 terra:
1361 5303 1514 5341 aram
1558 5303 1702 5351 esse,
1741 5286 1901 5357 cujus
1959 5289 2077 5359 agri

496 5377 566 5431 ad
593 5376 758 5431 Indos
785 5386 1010 5432 exteros
1041 5381 1386 5450 pertingunt,
1414 5378 1697 5434 fructuum
1764 5380 2077 5435 odorifero—

496 5484 613 5525 rum
638 5477 801 5540 atque
820 5470 1245 5526 arematicorum
1271 5471 1499 5527 feraces.
1526 5471 1774 5543 Namque
1795 5481 2079 5529 ventorum

2178 5205 2461 5272 ϐάλσαμον
2484 5205 2567 5258 ὅτι
2597 5204 2874 5266 πλεῖστον,
2916 5203 3041 5272 ἥτις
3070 5202 3141 5254 δι’
3171 5201 3372 5269 ὀλίγων
3395 5198 3630 5267 καρπῶν
3664 5196 3774 5249 καὶ⁹

2178 5296 2491 5368 ἀνθρώποις
2555 5294 2918 5365 ἐπιθυμητῶν
2977 5295 3038 5348 εὖ
3102 5294 3251 5363 μάλα
3313 5292 3390 5363 τῷ
3445 5288 3774 5362 παραδείσῳ

2179 5386 2362 5450 ποσῶς
2392 5385 2881 5458 παρεικάζεταιδτ.
2917 5387 2995 5457 (5)
3033 5386 3168 5453 Περὶ
3205 5376 3266 5438 οὗ
3300 5399 3471 5453 φησιν
3505 5383 3533 5435 6
3586 5380 3774 5449 μέγας

2193 5476 2544 5543 Ἀναστάσιος
2584 5476 2959 5541 Θεουπόλεως·
3018 5496 3036 5527 ι
3094 5475 3207 5530 Kal
3260 5476 3310 5528 oi
3365 5471 3616 5544 άκριὸείς
3664 5471 3769 5524 τοῦ

1686 5644 1888 5709 Varia)
1931 5644 2238 5708 lectiones
2266 5654 2327 5708 et
2370 5651 2560 5709 notae.

566 5767 683 5848 “nil
713 5769 843 5848 Beg.
872 5770 1196 5848 VII._i-17:_
1236 5772 1281 5803 “
1298 5772 1577 5843 δυνάμεως
1610 5773 1851 5847 μεγάλης
1883 5773 1951 5843 X,
1974 5775 2064 5832 δυν

2198 5774 2389 5846 μεταλ.
2426 5773 2549 5830 cod.
2627 5772 2670 5805 "
2700 5771 2744 5828 ιι
2771 5770 2901 5844 Reg.
2946 5788 3000 5838 ιι,
3049 5773 3131 5827 ιι).
3212 5773 3254 5803 ⁸⁵
3280 5767 3544 5841 άδρησινῖ
3618 5769 3662 5802 ’⁷
3686 5764 3767 5824 cf.

501 5833 696 5891 similia
721 5841 772 5892 in
793 5833 1104 5908 quastione
1130 5842 1221 5897 ΞΖ».
