4088 6414
442 432 542 496 331

1643 419 1970 482 GEORGII
2011 407 2466 479 HAMARTOLI

3595 404 3700 469 332

442 551 500 596 ut
533 552 753 610 quoque
780 544 1028 594 notatum
1053 542 1163 600 est,
1200 529 1447 604 impediti
1494 536 1622 585 sunt
1657 525 2017 596 qnadraginta

2128 521 2234 576 τῶν
2284 520 2418 574 υίῶν
2475 517 2696 589 Ἰσραὴλ
2766 516 2830 570 ἐκ
2890 511 3149 586 Περσίδος
3203 515 3284 580 εἰς
3340 513 3700 590 Ἰερουσαλὴμ

441 629 621 694 anuis,
646 637 700 682 et
738 627 852 694 jam
892 632 1014 680 erat
1053 632 1242 680 sextus
1296 619 1448 691 regni
1483 617 1630 674 Darii
1661 625 1864 671 annus.
1908 613 2014 667 Re-

438 721 589 776 diere
618 720 783 790 igitur
825 719 919 774 ﬁlii
961 717 1130 774 Israel
1153 732 1182 772 e
1211 714 1436 770 Perside
1460 712 1515 767 in
1545 708 1872 771 Jesusalem,
1906 705 2021 775 pri-

441 829 588 868 mum
638 812 865 883 iubente
907 811 1079 881 Cyro,
1111 808 1310 863 deinde
1346 804 1536 870 Dario,
1579 802 1637 856 in
1685 815 1848 856 manu
1886 796 2016 853 Jesu

437 905 705 961 Josedech
735 903 834 958 lilii
859 911 913 957 et
942 899 1245 956 Zorobabel
1278 907 1332 954 et
1371 894 1609 951 Nemesii
1654 891 1894 947 eunuchi
1924 889 2024 944 Ju—

436 999 558 1053 daei.
597 994 830 1051 Occasio
860 1002 1041 1049 autem
1076 990 1285 1046 reditus
1317 989 1432 1044 haec
1464 986 1565 1042 fuit
1603 1002 1618 1040 :
1650 985 1851 1040 Tribus
1880 982 2021 1036 mili-

392 1107 397 1111 '
436 1092 582 1146 tibus
619 1101 801 1157 regem
831 1083 1272 1140 custodientibus
1299 1121 1314 1146 ,
1344 1095 1482 1152 quos
1515 1079 1658 1134 inter
1687 1084 1806 1132 erat
1847 1074 2019 1131 Zoroc

436 1179 615 1242 babel,
648 1176 987 1249 propositum
1046 1182 1130 1231 est
1181 1173 1434 1244 aenigma,
1482 1168 1848 1241 promissione
1878 1165 2021 1222 facta

441 1273 705 1327 victorem
731 1282 1076 1338 quascunque
1127 1265 1362 1320 voluerit
1390 1278 1418 1318 a
1451 1277 1574 1332 rege
1598 1261 1916 1331 petiturum.
1942 1257 2023 1312 Ad

437 1359 764 1418 solvendum
811 1357 1045 1428 aenigma
1098 1356 1308 1425 primus
1339 1354 1418 1407 ait
1463 1369 1475 1404 :
1511 1349 1714 1405 Vinum
1769 1355 2021 1420 praestat;

442 1451 585 1516 Rex,
611 1450 690 1506 ait
715 1448 1014 1511 secundus;
1033 1447 1287 1503 Mulieres
1313 1457 1368 1502 et
1397 1443 1670 1515 imprimis
1698 1443 1921 1505 veritas,
1951 1438 2026 1492 ait

440 1542 769 1608 Zorobabel;
816 1540 1016 1608 quibus
1064 1539 1226 1594 dictis
1281 1537 1564 1592 victoriam
1617 1533 1804 1590 retulit
1840 1541 1894 1588 et
1947 1530 2024 1586 illi

441 1645 789 1704 quacunque
819 1631 1059 1685 voluerit
1089 1639 1294 1699 petere,
1336 1637 1424 1682 est
1468 1639 1814 1680 concessum.
1862 1621 2026 1677 Petiit

439 1735 621 1779 autem
658 1730 717 1776 ut
749 1722 1166 1793 remitterentur
1198 1719 1252 1772 in
1283 1715 1588 1772 Jerusalem
1613 1714 1812 1785 captivi
1838 1723 1894 1769 et
1931 1713 2024 1768 εἰει

439 1814 676 1870 rusalem
695 1811 1080 1878 aediﬁcaretur,
1102 1819 1158 1866 et
1174 1811 1254 1865 sic
1282 1809 1485 1864 factum
1506 1816 1620 1874 est;
1641 1815 1696 1862 et
1719 1816 1846 1862 tunc
1861 1805 2022 1861 tinem

2125 614 2350 683 γέγονεν
2382 612 2446 666 ἐκ
2497 609 2927 684 προστάγματος
2965 607 3148 679 Κύρου
3185 608 3478 681 πρότερον,
3509 607 3700 663 ἔπειτα

2123 707 2355 778 Δαρείου
2387 703 2750 766 κελεύσαντος
2775 705 2833 755 ἐν
2873 701 3020 772 χειρί
3047 699 3222 771 Ἰησοῦ
3249 701 3295 736 ⁸⁵
3324 690 3420 753 τοῦ
3449 699 3701 754 Ἰωσεδὲκ

2123 796 2220 848 καὶ
2277 793 2605 864 Ζοροϐάϐελ,
2641 793 2736 845 καὶ
2785 791 3059 862 Νεμεσίου
3129 791 3387 860 εὐνούχου
3423 790 3700 847 Ἰουδαίου.

2126 886 2204 958 (2)
2254 887 2317 940 Ἦ
2352 887 2633 957 πρόφασις
2657 886 2756 954 τῆς
2797 884 3060 938 ἐπανόδου
3096 883 3241 937 οὕτω
3273 885 3490 951 γέγονε.
3525 883 3703 952 Στριο

2124 978 2338 1031 τιωτῶν
2367 976 2416 1046 γ’
2449 978 2540 1030 τὸν
2578 977 2804 1048 βασιλέα
2848 975 3252 1042 φυλαττόντων,
3285 976 3343 1027 ἐν
3387 967 3468 1037 οἷς
3503 968 3573 1043 ἦν
3603 974 3702 1025 Zo-

2127 1068 2383 1140 ροϐάϐελ,
2409 1068 2641 1137 εἴρησαν
2659 1069 2717 1119 ἐν
2735 1066 3112 1135 προϐλήματι,
3153 1062 3406 1131 τεθείσης
3459 1063 3704 1130 ἐπαγγε-

2125 1161 2244 1224 λίας
2270 1160 2491 1231 αἰτῆσαι
2553 1159 2644 1212 τὸν
2690 1157 2924 1211 νικῶντα
2963 1158 3102 1228 ὅπερ
3147 1155 3214 1209 ἂν
3263 1153 3510 1224 θελήσειε
3551 1155 3706 1224 παρὰ

2126 1251 2222 1306 τοῦ
2257 1251 2542 1322 βασιλέως.
2577 1250 2683 1304 Τοῦ
2712 1248 2804 1302 οὖν
2827 1250 2947 1311 ἐνὸς
2970 1247 3219 1309 εἰπόντος
3239 1247 3396 1317 νικᾷν
3428 1248 3519 1298 τὸν
3537 1241 3703 1308 οἶνον,

2125 1341 2221 1396 τοῦ
2246 1342 2436 1412 ἐτέρου
2467 1341 2741 1412 φήσαντος
2773 1341 2939 1411 νικᾷν
2958 1337 3051 1392 τὸν
3081 1337 3328 1407 βασιλέα*
3350 1339 3380 1390 ὁ
3399 1336 3706 1408 Ζοροϐάϐελ

2127 1437 2235 1507 εφη
2259 1437 2416 1507 νικᾷν
2443 1435 2544 1498 τὰς
2574 1436 2840 1503 γυναῖκας
2876 1432 2969 1486 καὶ
3002 1432 3145 1503 ὑπὲρ
3170 1431 3389 1485 πάντων
3428 1432 3526 1499 τὴν
3571 1430 3706 1496 ἀλή-

2129 1531 2300 1594 θειαν,
2332 1529 2428 1581 καὶ
2476 1526 2666 1597 ἐπειδὴ
2730 1523 2906 1579 ταῦτα
2949 1510 3193 1594 εἰρηκὼς
3241 1522 3463 1590 ἐνίκησε
3487 1521 3585 1574 καὶ
3609 1522 3706 1573 ἐπ-

2128 1621 2372 1689 έτραπτο
2437 1617 2768 1687 αἰτήσασθαι
2841 1615 2870 1669 ὃ
2920 1614 3206 1685 βούλεται,
3259 1614 3417 1682 20],
3473 1612 3706 1683 ηξὶωσεν

2127 1710 2400 1781 ἀφεθῆναι
2448 1711 2548 1778 τὴν
2582 1706 2961 1779 αἰχμαλωσίαν
3009 1706 3108 1761 καὶ
3150 1704 3571 1775 οἰκοδομηθῆναι
3603 1702 3704 1773 τὴν

2141 1802 2533 1874 Ἰερουσαλήμ·
2567 1803 2707 1872 ὅπερ
2783 1801 2877 1854 καὶ
2939 1798 3187 1868 γέγονεν.
3245 1784 3358 1850 Καί
3421 1796 3542 1849 τότε
3599 1812 3700 1848 πε-

439 1911 773 1976 acceperunt
791 1912 846 1959 et
867 1902 1283 1973 transmigratio
1303 1911 1358 1956 et
1385 1899 1730 1971 septuaginta
1755 1898 1883 1952 anni
1908 1898 2022 1953 irae.

2129 1869 2416 1967 πληρωται
2441 1869 2548 1956 ἐἰς
2594 1869 2746 1956 τέλος
2775 1890 2952 1962 τὸτῆς
2995 1889 3376 1961 αἰχμαλωσίας
3404 1890 3499 1941 καὶ
3529 1887 3702 1958 ὀργῆς

441 1998 704 2067 Princeps
736 1996 1085 2052 sacerdotum
1118 2005 1172 2050 et
1203 1995 1385 2050 scriba
1417 1993 1622 2049 Esdras
1649 1991 1885 2047 docebat
1925 2007 2025 2060 po-

439 2089 629 2160 pulum
658 2087 833 2158 legem
883 2094 937 2142 et
980 2086 1127 2141 illam
1165 2084 1626 2154 interpretabatur
1667 2081 1824 2152 quasi
1872 2081 2028 2136 nobi-

447 2181 697 2238 tissimus
726 2189 780 2234 et
815 2179 1099 2250 recollegit
1129 2193 1318 2234 sacras
1361 2176 1679 2246 Scripturas
1715 2175 1874 2230 bellis
1900 2189 2027 2230 cor-

444 2282 656 2345 ruptas.
690 2270 935 2326 Chaldaei
970 2272 1117 2324 enim
1152 2279 1278 2340 post
1304 2265 1872 2324 dirutam-Jerusalem
1908 2265 2028 2320 illas

443 2382 637 2424 omnes
685 2365 1144 2428 combusserant,
1193 2373 1248 2416 et
1295 2361 1477 2418 Esdrae
1513 2361 1658 2416 Deus
1685 2360 1746 2414 in
1783 2367 2022 2414 mentem

448 2459 679 2515 immisit
711 2473 806 2514 eas
841 2456 1108 2526 relegere.

511 2638 554 2690 A
586 2635 762 2706 prima
791 2633 952 2702 igitur
987 2630 1348 2686 aediﬁcatione
1384 2629 1569 2699 templi
1621 2644 1796 2698 usque
1845 2628 1913 2682 ad
1940 2643 2028 2682 sc-

442 2727 676 2778 rundant
709 2723 964 2777 etlluxere
995 2719 1247 2773 undecim
1273 2729 1324 2773 ct
1350 2718 1632 2788 quingenti
1656 2717 1807 2772 anni.
1830 2716 2028 2771 Forma

443 2821 698 2870 autemet
720 2811 930 2882 species
973 2809 1352 2866 aedificationis
1399 2809 1720 2880 posterioris
1757 2809 1945 2878 templi
1976 2817 2030 2863 et

451 2905 605 2962 urbis
657 2903 960 2960 Jerusalem
1015 2903 1131 2957 haec
1163 2909 1366 2956 erant:
1403 2900 1545 2957 Urbs
1589 2901 1800 2956 munita
1831 2901 2026 2970 triplici

445 3013 604 3054 muro
627 2995 1069 3068 inexpugnabilis
1099 3003 1238 3061 erat,
1276 2996 1418 3048 muri
1448 3002 1734 3063 turresque
1764 2993 2028 3063 quadrata

442 3099 618 3153 erant,
645 3090 1045 3160 quinquaginta
1080 3087 1298 3142 cubitos
1343 3086 1650 3140 latitudinis
1688 3085 2028 3154 totidemque

441 3179 750 3237 latitudinis
805 3189 988 3234 turres
1044 3178 1341 3241 habebant,
1379 3185 1434 3232 et
1483 3177 1666 3231 omnis
1706 3176 1844 3247 lapis
1890 3192 2026 3230 con-
2052 3206 2097 3266 Ο

441 3271 762 3328 structionis
813 3271 1001 3338 viginti
1053 3270 1364 3324 cubitorum
1417 3268 1615 3337 longus
1662 3275 1802 3322 erat.
1857 3267 2028 3322 Erant

442 3373 623 3419 autem
656 3363 958 3432 magniﬁcae
981 3361 1218 3424 domus,
1292 3361 1682 3430 altissimaque
1733 3369 1787 3415 et
1825 3372 2028 3431 parata:

445 3457 509 3512 ad
541 3469 741 3525 aquam
799 3453 1192 3521 recipiendam.
1254 3451 1424 3506 Erant
1476 3462 1654 3506 turres
1704 3461 2025 3522 octogonae,

444 3561 680 3617 quarum
715 3545 944 3600 altitudo
988 3545 1353 3598 ducentorum
1404 3543 1744 3610 cubitorum;
1793 3559 1860 3597 ex
1920 3545 2026 3598 illis

444 3639 656 3693 oriente
704 3636 818 3691 sole
863 3636 1062 3690 Arabia
1095 3635 1330 3705 prospici
1388 3643 1622 3704 poterat,
1661 3643 1811 3690 tanta
1837 3650 2024 3690 carum

442 3737 562 3783 erat
589 3727 844 3783 elevatio.
877 3726 1064 3781 Murus
1087 3737 1347 3781 externus
1369 3734 1420 3780 et
1449 3726 1674 3796 cingens
1697 3727 1884 3781 urbem
1909 3736 2027 3782 erat

441 3819 840 3889 quinquaginta
899 3819 1074 3873 stadia
1108 3817 1325 3886 longus,
1362 3819 1614 3886 altusque
1663 3818 2023 3886 quadraginta

439 3911 784 3976 cubitorum;
835 3910 1024 3964 cuncti
1071 3919 1251 3963 autem
1302 3907 1508 3978 lapides
1554 3909 1755 3978 quibus
1791 3910 2027 3964 aediﬁca-

442 4004 638 4057 bantur
685 4003 875 4072 viginti
925 4001 1140 4058 cubitos
1185 4001 1239 4054 in
1274 4001 1784 4066 latitudine,decem
1817 4015 1944 4057 vero
1970 4003 2023 4056 in

439 4091 723 4146 altitudine
756 4091 1091 4160 totidemque
1144 4090 1198 4145 in
1234 4089 1621 4154 crassitudine,
1675 4100 1730 4144 et
1776 4091 1847 4143 ita
1884 4090 2024 4144 inter

439 4198 500 4237 se
528 4181 582 4235 in
613 4196 776 4250 opere
800 4181 1158 4251 conglutinati
1198 4190 1374 4245 erant,
1411 4192 1470 4236 ut
1519 4181 1684 4238 unius
1715 4183 1864 4251 rupis
1896 4197 2023 4250 spe-

447 4275 592 4328 ciem
624 4275 946 4342 praeberent,
988 4273 1327 4343 minimeque
1351 4284 1637 4344 appareret
1666 4289 1755 4329 ars
1795 4289 1900 4343 qua
1930 4289 2023 4328 co-

444 4366 738 4419 haererent.
773 4364 1058 4433 Templum
1122 4366 1179 4420 in
1233 4365 1371 4420 colle
1423 4367 1652 4420 tirmiter
1683 4375 2021 4421 exstructum

439 4465 785 4526 quatuorque
827 4456 1038 4511 aedibus
1069 4457 1312 4512 cinctum
1357 4457 1688 4511 aediﬁcatum
1720 4469 1838 4511 erat
1882 4459 2020 4514 albis

2127 1987 2238 2041 ἔτει
2295 1995 2335 2039 o'
2370 2028 2383 2043 .
2409 1987 2454 2019 “
2495 1986 2571 2056 (ὅ)
2611 1985 2670 2038 Ὀ
2713 1984 2770 2037 δέ
2831 1981 3128 2055 ἀρχιερεὺς
3189 1981 3284 2036 καὶ
3347 1979 3706 2051 γραμματεὺς

2132 2079 2371 2151 Ἔσδρας
2400 2074 2467 2150 ἦν
2513 2077 2780 2132 διδάσκων
2823 2078 2916 2132 τὸν
2947 2077 3077 2130 λαὸν
3105 2075 3199 2130 τὸν
3243 2074 3408 2146 νόμον
3435 2076 3530 2128 καὶ
3560 2075 3707 2143 διερ-

2131 2171 2403 2244 μηνεύων,
2434 2170 2507 2234 ὡς
2537 2169 2900 2240 εὐφυέστατος
2936 2169 3174 2232 πάντων,
3202 2166 3262 2230 ὃς
3304 2168 3400 2220 καὶ
3427 2167 3526 2230 τὰς
3552 2167 3706 2237 ἱερὰς

2128 2264 2349 2334 βίϐλους
2403 2261 2824 2331 ἀποκατέστησε
2873 2260 3268 2330 διαφθαρείσας
3311 2259 3417 2312 ὑπὸ
3473 2257 3582 2312 τῶν
3611 2273 3710 2311 που

2126 2357 2335 2426 λέμων.
2385 2357 2450 2409 Oi
2482 2355 2587 2427 γάρ
2628 2368 2714 2407 τοι
2761 2351 3021 2426 Χαλδαῖοι
3063 2350 3204 2421 μετὰ
3245 2348 3345 2420 τὴν
3379 2349 3580 2403 ἅλωσιν
3610 2338 3712 2418 τῆς

2139 2447 2498 2519 Ἰερουσαλὴμ
2522 2447 2907 2518 ἐμπρήσαντες
2933 2443 3134 2506 πάσας,
3176 2443 3501 2495 ἐνέπνευσεν
3529 2443 3556 2495 6
3576 2441 3708 2504 Θεὴς

2129 2539 2304 2609 τούτῳ
2336 2539 2476 2592 ὥστε
2499 2538 2668 2599 αὑτὰς
2703 2535 2984 2590 ἐκθέσθαι.

2200 2630 2277 2700 (4)
2311 2629 2353 2661 ⁸⁷
2385 2629 2630 2681 Γίνονται
2673 2621 2768 2681 οὖν
2828 2627 2937 2680 ἀπὸ
2962 2627 3061 2696 τῆς
3116 2623 3166 2679 α’
3219 2624 3514 2695 οἰκοδομῆς
3561 2623 3703 2695 (δελ)

2129 2721 2224 2775 τοῦ
2281 2720 2411 2776 ναοῦ
2469 2721 2576 2784 ἕως
2629 2719 2730 2791 τῆς
2793 2716 2839 2789 β’
2901 2719 2996 2789 ἔτη
3065 2723 3199 2788 φιαν.
3257 2717 3337 2789 (5)
3403 2717 3480 2770 To
3534 2718 3710 2770 τοίνυν

2131 2815 2317 2886 σχῆμα
2385 2814 2480 2868 καὶ
2538 2809 2678 2876 εἶδος
2729 2812 2829 2882 τῆς
2873 2809 2916 2881 β’
2959 2810 3249 2880 οἰκοδομῆς
3301 2809 3402 2863 καὶ
3442 2809 3536 2862 τοῦ
3581 2807 3712 2862 ναοῦ

2128 2905 2224 2958 καὶ
2268 2903 2370 2975 τῆς
2423 2903 2636 2968 πόλεως
2696 2900 3055 2974 Ἰερουσαλὴμ
3102 2896 3170 2972 ἦν
3241 2900 3436 2964 οὕτως.
3496 2900 3560 2954 Ἥ
3611 2900 3712 2969 μὲν

2129 2989 2221 3046 οὖν
2268 2995 2424 3057 πόλις
2468 2996 2615 3065 τρισὶ
2672 2995 2908 3063 τείχεσιν
2963 2990 3285 3061 ὀχυρωμένη
3332 2996 3424 3044 καὶ
3465 2989 3711 3045 δυσάλω-

2128 3104 2220 3150 τος
2271 3087 2485 3157 ύπῆρχε
2525 3101 2542 3118 ο

2129 3194 2295 3247 γωνοι
2321 3177 2498 3242 ὅντες,
2530 3175 2678 3244 εἶχον
2721 3176 2782 3228 τὸ
2813 3173 3018 3237 πλάτος
3079 3175 3178 3228 καὶ
3211 3175 3271 3227 τὸ
3310 3173 3443 3244 ὕψος
3471 3174 3574 3228 ἀνὰ
3602 3175 3714 3241 πή-

2135 3288 2278 3341 χεων
2296 3276 2360 3335 ν’,
2380 3270 2613 3334 ἕκαστος
2645 3267 2790 3329 λίθος
2809 3269 2906 3338 τῆς
2928 3268 3207 3338 δομήσεως
3227 3264 3294 3339 ἦν
3310 3267 3676 3339 εἰκοσάπηχυς
3693 3281 3709 3296 ·

2135 3361 2223 3432 ἐφ’
2249 3361 2308 3416 ὃν
2330 3357 2473 3434 ἦσαν
2504 3359 2648 3416 οἶκοι
2699 3359 3044 3424 πολυτελεῖς,
3097 3360 3191 3412 καὶ
3231 3359 3476 3431 ὑπερῷα,
3509 3360 3604 3413 καὶ
3627 3358 3716 3412 δε-

2131 3455 2368 3526 ξαμεναὶ
2415 3453 2553 3526 πρὸς
2592 3453 2859 3523 ὑποδοχὴν
2905 3451 3257 3523 ὀμϐριμαίων
3316 3451 3546 3505 ὑδάτων.
3587 3447 3715 3521 Εἶχε

2131 3546 2190 3600 δὲ
2212 3546 2554 3616 παράπυργα
2601 3545 2893 3611 ὀκτάγωνα
2953 3546 3049 3597 καὶ
3098 3542 3430 3614 παμμεγέθη
3472 3544 3579 3597 an
3603 3543 3714 3615 πή-

2120 3651 2272 3705 ,χεων
2297 3631 2340 3685 σ¹
2371 3635 2432 3685 τὸ
2475 3633 2608 3703 ὕψος
2656 3633 2870 3704 ἔχοντα,
2919 3633 3000 3699 ὡς
3053 3633 3152 3703 τὴν
3187 3633 3450 3704 Ἀραϐίαν
3505 3634 3715 3688 ἐκείθεν

2133 3728 2287 3799 ἡλίου
2311 3727 2620 3796 ἀνίσχοντος
2642 3726 2894 3796 δρᾶσθαι.
2931 3727 3041 3780 Καὶ
3061 3726 3119 3780 τὸ
3143 3728 3242 3797 μὲν
3271 3729 3469 3797 μέτρον
3493 3725 3590 3796 τῆς
3609 3725 3714 3779 πύ-

2131 3817 2269 3882 λεως
2296 3819 2389 3872 καὶ
2409 3818 2743 3888 περίμετρον
2765 3816 2860 3870 ἀπ’
2877 3817 3068 3888 ἄκρων
3094 3819 3173 3880 είς
3191 3817 3360 3888 ἄκρον
3385 3815 3497 3887 εἶχε
3520 3817 3710 3870 στάδια

2133 3918 2177 3964 νυ
2201 3911 2298 3966 καὶ
2326 3911 2389 3963 τὸ
2424 3910 2557 3980 ὕψος
2588 3910 2787 3979 πήχεις
2815 3907 2867 3979 μ’
2895 3927 2910 3941 ο
2963 3911 3014 3962 οἱ
3042 3909 3099 3964 δέ
3125 3909 3265 3963 λίθοι
3289 3910 3388 3979 τῆς
3422 3910 3712 3980 οἰκοδομῆς

2131 4001 2278 4074 εἰχον
2300 4002 2402 4056 ἀνὰ
2451 4003 2672 4071 πήχεων
2711 3999 2761 4054 κ’
2798 4005 2858 4054 τὸ
2891 4001 3088 4071 μῆκος,
3119 4001 3180 4054 τὸ
3214 4001 3270 4053 δὲ
3318 4001 3515 4064 πλάτος
3544 4002 3646 4056 ἀνὰ
3676 4005 3710 4052 ι’

2133 4094 2334 4158 ποδῶν,
2364 4094 2439 4156 ῶς
2469 4095 2642 4160 κάτω,
2676 4093 2773 4146 καὶ
2822 4093 2884 4145 τὸ
2944 4093 3140 4162 πάχος.
3174 4094 3282 4145 Καὶ
3313 4091 3486 4155 οὕτως
3541 4095 3600 4146 ἐν
3644 4094 3711 4163 τῇ

2129 4186 2359 4255 δομήσει
2409 4186 2459 4238 οἰ
2526 4183 2666 4238 λίθοι
2707 4183 2962 4254 ἀλλήλοις
2999 4185 3240 4254 ἦνωνται
3270 4185 3344 4248 ὠς
3370 4184 3547 4237 δοκεῖν
3579 4185 3713 4254 μίαν

2129 4275 2272 4332 εἰναι
2304 4277 2534 4347 πέτραν,
2571 4274 2826 4348 μηδαμοῦ
2861 4276 2960 4346 τῆς
2987 4277 3287 4344 συναφείας
3318 4274 3419 4345 τῆς
3440 4276 3712 4346 ἁρμονίας

2130 4370 2583 4440 διαφαινομένης.
2623 4367 2698 4422 Τὸ
2745 4367 2803 4420 δὲ
2865 4367 3012 4437 ἱερὸν
3064 4369 3160 4420 ἐπὶ
3212 4368 3378 4436 λόφου
3425 4366 3714 4436 καρτερῶς

2128 4461 2621 4533 δεδομημένονκαὶ
2666 4459 2894 4530 τετράσι
2945 4459 3259 4530 περιϐόλοις
3313 4458 3710 4528 κυκλούμενον,

439 4547 734 4617 politisque
777 4546 1073 4615 lapidibus,
1105 4561 1338 4616 quorum
1376 4548 1660 4617 longitudo
1693 4548 1853 4618 pedes
1882 4564 2020 4618 qua-

2128 4551 2245 4624 εἷχε
2291 4555 2474 4617 λίθους
2513 4557 2546 4624 ή
2574 4552 2832 4625 οἰκοδομὴ
2875 4554 3040 4607 αὑτοῦ
3078 4553 3438 4616 λευκοὺςκαὶ
3489 4552 3712 4619 ξεστοὺς

438 4637 712 4706 draginta.
767 4635 825 4690 ln
883 4639 1142 4709 templum
1193 4639 1372 4692 media
1421 4640 1474 4693 in
1527 4639 1661 4694 urbe
1710 4641 1876 4695 situm
1928 4656 2023 4710 per

438 4727 643 4800 gradus
699 4727 990 4782 duodecim
1052 4727 1473 4783 ascendebatur.
1549 4727 1768 4785 Frontis
1839 4732 2024 4801 templi

438 4821 666 4875 altitudo
693 4829 1050 4876 eratcentum
1071 4820 1406 4888 cubitorum,
1429 4821 1603 4891 partis
1626 4837 1754 4876 vero
1783 4822 2026 4880 adversa:

437 4915 797 4984 quadraginta
875 4913 1224 4980 cubitorum;
1260 4929 1382 4983 pars
1409 4914 1554 4968 enim
1587 4915 1737 4984 prior
1769 4917 2025 4972 inclinata

435 5013 551 5058 erat
569 5006 619 5057 in
645 5007 800 5071 urbe,
825 5007 1094 5076 posterior
1119 5021 1246 5060 vero
1271 5015 1552 5061 exstructa
1588 5007 1641 5061 in
1660 5007 1816 5063 colle.
1838 5007 2021 5064 Prima

392 5126 407 5140 .
436 5094 790 5162 templizporta
815 5099 1156 5167 septuaginta
1181 5099 1393 5153 cubitos
1419 5098 1726 5152 altitudinis
1752 5099 2012 5166 habebat,

434 5184 740 5240 latitudinis
762 5198 943 5242 autem
998 5206 1092 5244 sex
1124 5199 1177 5246 et
1212 5190 1422 5260 viginti.
1454 5189 1742 5245 Corinthio
1770 5206 1878 5246 acre
1903 5201 2021 5246 erat

434 5276 632 5330 Vestita
667 5277 741 5331 ita
778 5286 837 5330 ut
879 5279 1050 5347 portis
1079 5295 1215 5336 auro
1245 5290 1582 5352 argentoque
1640 5283 1854 5339 ornatis
1894 5285 2015 5353 pul-

434 5366 746 5423 chritudine
801 5379 1076 5438 praestaret
1113 5373 1472 5443 quadraginta
1511 5374 1728 5429 cubitos
1773 5373 2017 5431 altitudi-

2128 4647 2233 4702 ἀνὰ
2271 4646 2450 4701 ποδῶν
2483 4652 2535 4716 μ’
2565 4646 2626 4700 τὸ
2673 4647 2904 4715 μέγεθος
2934 4647 3169 4700 ἑκάστου
3215 4646 3387 4700 λίθου.
3415 4646 3596 4700 Μέσον
3649 4645 3710 4697 δδ

2126 4739 2224 4808 τῆς
2279 4737 2487 4802 πόλεως
2517 4733 2585 4810 ἦν
2636 4739 2666 4790 ὁ
2708 4740 2837 4802 ναός
2862 4757 2874 4769 ’
2908 4738 3334 4808 δωδεκάϐαθμος
3359 4741 3388 4793 ό
3429 4737 3711 4806 ἁναϐἁτης

2128 4828 2367 4899 ὑπῆρχε.
2401 4830 2511 4882 Καὶ
2544 4829 2607 4882 τὸ
2640 4829 2742 4900 μὲν
2778 4830 2922 4883 κατὰ
2947 4830 3245 4901 πρόσωπον
3276 4830 3444 4884 αὑτοῦ
3485 4829 3618 4898 ὕψος
3637 4824 3710 4900 ἦν

2129 4919 2356 4990 πήχεων
2372 4925 2441 4988 ρ’,
2490 4919 2551 4972 τὸ
2586 4919 2642 4974 δὲ
2697 4921 3030 4975 κατόπισθεν
3074 4927 3127 4992 μ’
3155 4937 3168 4952 ο
3199 4923 3549 4994 κατάῤῥοπον
3592 4923 3707 4993 γὰρ

2129 5008 2426 5080 ἐτύγχανεν
2463 5009 2525 5063 τὸ
2581 5009 2641 5064 ἓν
2681 5012 2848 5083 μέρος
2900 5011 3001 5081 τῆς
3039 5012 3270 5075 πόλεως,
3324 5011 3385 5064 τὸ
3432 5011 3490 5064 δὲ
3517 5011 3710 5081 ἕτερον

2124 5101 2392 5170 ύπόλοφον
2411 5101 2556 5155 κατὰ
2583 5103 2646 5155 τὸ
2678 5102 2804 5173 ὅρος
2829 5118 2844 5134 ο
2882 5104 2914 5174 ἡ
2945 5103 3002 5156 δὲ
3026 5103 3219 5173 πρώτη
3243 5103 3386 5173 πύλη
3420 5102 3516 5156 τοῦ
3546 5102 3704 5166 ναοῦ,

2119 5191 2180 5245 τὸ
2208 5192 2306 5259 μὲν
2332 5190 2490 5262 ῦψος,
2515 5188 2630 5263 εἷχε
2667 5195 2889 5264 πήχεων
2923 5201 2987 5260 ο’,
3021 5195 3083 5248 τὸ
3109 5194 3169 5247 δέ
3205 5193 3366 5266 εὖρος
3389 5201 3482 5258 κς¹
3508 5196 3708 5265 Κοριν-

2118 5282 2219 5353 θίῳ
2240 5281 2428 5354 χαλκῷ
2461 5284 2863 5355 κεκαλυμμένη
2892 5285 2969 5348 ὡς
3015 5285 3319 5356 ὑπεράγειν
3361 5289 3429 5357 τῇ
3468 5285 3703 5355 καλλονῇ

2112 5373 2216 5436 τὰς
2253 5373 2584 5444 διαχρύσους
2632 5376 2729 5426 καὶ
2771 5375 3183 5447 περιαργύρους
3208 5375 3410 5440 πύλας,
3456 5375 3562 5430 άνὰ
3597 5378 3708 5447 πή-

436 5460 519 5511 nis
553 5457 874 5512 habentibus
911 5469 962 5513 et
991 5459 1044 5511 in
1093 5463 1457 5517 crassitudine
1503 5479 1637 5518 auro
1671 5475 1725 5519 et
1781 5480 2006 5537 argento

2128 5481 2258 5534 χεων
2289 5472 2340 5534 μ’
2365 5466 2425 5518 τὸ
2450 5465 2704 5536 μέγεθος,
2730 5466 2824 5519 ἐπὶ
2863 5467 3037 5536 πάχος
3091 5467 3229 5522 πολὺ
3260 5467 3355 5522 τοῦ
3377 5465 3584 5539 χρυσοῦ
3605 5467 3704 5520 καὶ

1653 5607 1847 5667 νει-ιω
1883 5610 2198 5671 vectiones
2237 5615 2300 5669 et
2332 5615 2531 5670 notua.

503 5742 545 5833 ξ’
586 5741 848 5812 JOSeplms
890 5744 969 5833 ‘A.
1018 5743 1804 5833 1|;‘lll.m2:7;nC£dL2:15,!0
1845 5751 1940 5833 ,Ἦ
1968 5752 2023 5804 δὲ

2133 5752 2173 5833 ς).
2214 5753 2519 5833 ζοεοδάϐελ
2569 5753 2875 5833 ὑπόμνησις
2903 5756 3149 5833 *τοιαύτη
3170 5753 3699 5833 ᾖντρείςσωματο-

436 5809 693 5876 φύλακες,
713 5809 774 5866 ’κ.
812 5832 858 5869 τ.
890 5815 938 5865 λ.
1019 5816 1063 5843 ⁸⁵⁸
1093 5814 1224 5871 Ced.
1246 5815 1683 5881 344,22'2553?

1760 5822 1800 5850 ⁸⁷
1833 5821 1948 5874 Jos.
1976 5823 2026 5874 b.
2067 5823 2107 5875 ι.
2137 5821 2198 5875 ν.
2231 5825 2262 5874 5
2294 5824 2481 5876 Γιν.-
2512 5823 2621 5893 φια’
2659 5821 2783 5879 om:
2814 5829 2867 5879 in
2899 5821 3150 5885 'versioué

3263 5831 3407 5899 ilgar.

2607 3087 2700 3138 τοῦ
2754 3085 2810 3137 δὲ
2860 3083 3070 3154 τείχους
3129 3085 3178 3136 οί
3247 3084 3450 3152 πύργοι
3519 3085 3718 3153 τετρά-

3746 5105 3763 5170 ἶ
