4088 6420
311 356 425 429 345

1487 369 1956 433 ςΗιιοΝιοοΝ.
1997 395 2071 411 ρ-
2110 371 2262 432 LIB.
2308 371 2394 461 tt.

2186 246 2282 259 ..ι-..α

3493 374 3598 437 346

310 478 486 548 autut
521 475 583 532 ἐν
626 477 698 549 γῇ
730 474 1013 551 ἀλλοτρίᾳ.
1043 498 1061 532 ι
1096 481 1142 515 ⁸³
1168 479 1245 552 (3)
1296 480 1406 538 Καὶ
1430 482 1475 515 ⁵⁸
1522 484 1785 551 συνεταξε
1814 486 1903 538 τὸν

2010 483 2217 553 tiebat,
2249 495 2303 543 et
2345 488 2630 544 tenebatur
2657 488 2873 545 acerbis
2918 488 3195 545 viscerum
3221 490 3501 547 doloribus
3542 502 3596 546 et

308 563 712 640 ἁρματηλάτην
736 569 905 624 αὑτοῦ
938 572 1233 636 ἀνενδότως
1268 572 1563 628 ἐλαύνοντα
1614 573 1908 629 κατανύειν

313 658 410 728 τὴν
452 658 710 731 πορείαν,
765 661 1239 733 ἐπαισθανόμενος
1288 664 1539 735 ἐναργῶς
1570 665 1671 735 τῆς
1698 664 1906 719 ἄνωθεν

314 751 555 820 κρίσεως
582 753 685 820 τήν
728 754 1035 822 τιμωρίαν·
1089 756 1314 826 συνέσχε
1356 756 1467 828 γάρ
1511 756 1674 809 αὑτὸν
1707 758 1907 827 ἀνήκε-

314 862 442 909 στος
480 844 740 915 ἀλγηδὼν
786 846 855 899 τὰ
901 847 1187 918 σπλάγχνα
1223 849 1319 901 καὶ
1366 851 1560 921 πικραὶ
1595 851 1704 902 τῶν
1753 849 1904 903 ἔνδον

311 937 566 1007 βάσανοι.
599 937 809 1008 Συνέϐη
841 937 1021 992 δὲκαὶ
1047 942 1235 993 πεσεῖν
1275 940 1570 995 αὑτδνηάπὸ
1593 940 1689 994 τοῦ
1720 941 1904 1012 ἅρμα-

310 1043 405 1092 τος
436 1027 605 1097 ῥοίζῳ
643 1028 945 1097 φερόμενον
991 1031 1086 1084 καὶ
1144 1030 1402 1103 δυσχερεῖ
1431 1029 1697 1102 πτώματι
1739 1048 1899 1102 περι-

313 1119 578 1180 πεσόντα,
616 1119 824 1180 παντὸς
858 1121 955 1173 τοῦ
989 1122 1244 1192 σώματος
1292 1121 1801 1193 ἀποστρεσλοῦσθαι
1829 1123 1898 1177 τὰ

321 1208 480 1279 μέλη.
520 1209 587 1262 Ἦ
640 1210 701 1265 δὲ
752 1211 911 1273 νόσος
963 1212 1217 1267 τοσοῦτον
1259 1215 1570 1279 ἐπέτεινεν,
1626 1213 1767 1267 ὥστε
1803 1213 1900 1267 καὶ

324 1298 609 1370 σκώληκας
642 1302 935 1371 ἐκϐρύσαι,
960 1303 1056 1356 καὶ
1081 1307 1137 1356 ἐν
1164 1304 1381 1366 δῶύναις
1411 1305 1700 1376 μεγίσταις
1725 1320 1897 1359 κατα-

320 1390 541 1446 πίπτειν
566 1392 732 1446 αὑτοῦ
759 1394 861 1457 τὰς
891 1395 1124 1465 σάρκας⁹
1164 1397 1259 1450 καλ⁸
1295 1399 1480 1467 μέντοι
1518 1399 1615 1451 καὶ
1656 1397 1760 1453 ὑπὸ
1801 1397 1901 1466 τῆς

312 1482 581 1546 δυσωδίας
608 1482 706 1535 τοῦ
754 1483 943 1537 ἀθλίου
997 1486 1162 1540 αὐτοῦ
1197 1488 1293 1541 καὶ
1341 1488 1607 1558 δυστήνου
1648 1488 1902 1560 σώματος

312 1575 422 1626 πᾶν
462 1576 528 1627 τδ
560 1574 884 1646 στράτευμα
921 1577 1077 1648 211
1116 1577 1447 1649 βαρύνεσθαι
1480 1581 1752 1651 μεγάλως,
1803 1581 1899 1635 καὶ

2005 577 2238 634 interius
2284 580 2489 634 amaris
2536 579 2875 635 cruciatibus
2917 581 3301 649 torquebatur.
3360 578 3591 637 Factum

2004 681 2091 727 est
2122 679 2300 726 autem
2334 679 2393 725 ut
2414 687 2445 726 e
2468 686 2632 727 curru
2658 672 2916 726 velociter
2948 672 3127 727 ruenti
3159 673 3378 728 caderet
3409 684 3461 728 et
3487 676 3590 729 hoc

2004 758 2208 817 infelici
2249 778 2378 819 casu
2430 764 2613 818 omnia
2655 762 2775 832 ejus
2814 764 3057 817 membra
3092 765 3585 818 contunderentur.

2002 851 2155 905 Adeo
2188 861 2368 908 autem
2401 851 2633 906 invaluit
2661 853 2904 914 morbus,
2932 859 2989 905 ut
3010 867 3073 906 ex
3098 852 3215 918 ejus
3244 853 3593 907 interioribus

2002 956 2219 997 vermes
2248 943 2546 1012 prodirent,
2572 953 2625 998 et
2656 958 2777 997 cum
2807 944 3057 997 maximis
3078 943 3359 998 doloribus
3389 944 3592 999 frustra

2009 1033 2105 1088 tim
2149 1032 2460 1088 deciderent
2488 1050 2679 1089 carnes
2709 1034 2849 1103 ejus.
2880 1034 3144 1089 Praeterea
3173 1034 3340 1088 odore
3402 1034 3591 1089 ίωιίειο

2007 1139 2169 1194 quem
2198 1124 2359 1193 hujus
2383 1124 2614 1179 infelicis
2637 1139 2836 1193 corpus
2855 1141 3057 1195 aegrum
3079 1126 3384 1187 emittebat,
3409 1125 3592 1178 omnis

2002 1216 2278 1271 exercitus
2312 1216 2481 1270 multa
2522 1215 2866 1269 incommoda
2917 1215 3242 1281 patiebatur.
3279 1213 3370 1268 Sic
3402 1216 3493 1282 qui
3525 1230 3587 1269 se

1998 1312 2111 1359 tam
2165 1304 2458 1374 superbum
2490 1315 2541 1359 et
2568 1305 2703 1359 adeo
2754 1304 3155 1358 formidandum
3193 1315 3586 1373 ostentaverat,

2000 1396 2519 1465 ignominiosissima
2557 1404 2733 1451 morte
2791 1396 2843 1449 in
2891 1405 3033 1449 terra
3069 1396 3242 1449 aliena
3276 1396 3458 1463 pt-riil.
3495 1394 3588 1450 Sic

1999 1489 2256 1559 princeps
2309 1488 2546 1558 injustus
2571 1487 2751 1559 jusms
2786 1502 2977 1557 poenas
3003 1487 3165 1542 solvit
3192 1495 3246 1539 et
3278 1497 3398 1554 post
3436 1487 3591 1540 inde-

2000 1595 2184 1636 coram
2216 1591 2446 1635 mortem
2485 1580 2721 1648 majores
2752 1581 2914 1633 etiam
2946 1580 3000 1633 in
3024 1590 3289 1632 aeternum
3322 1577 3437 1631 dat.

312 1669 341 1722 6
368 1668 540 1721 πολλὰ
574 1670 1007 1741 μεγαλαυχήσας
1034 1675 1126 1725 καί
1158 1673 1419 1727 πάνδεινα
1449 1673 1685 1745 πράξας,
1719 1674 1893 1738 οὓτως
1934 1675 2196 1744 αἰσχίστῳ
2252 1675 2406 1748 μόρῳ
2434 1674 2525 1728 τδν
2552 1675 2597 1706 ⁸³
2626 1676 2740 1744 βίον
2818 1674 2912 1726 ἐπὶ
2974 1674 3131 1740 ξένης
3162 1672 3588 1741 καταστρέφειν.

317 1760 449 1829 (Καὶ
475 1759 714 1815 ἐνταῦθα
757 1761 859 1832 μὲν
904 1762 1126 1827 ἐνδίκως
1151 1764 1180 1816 6
1209 1763 1393 1828 ἄδικος
1424 1763 1973 1837 κατε[τε]τιμώρητο,
2018 1763 2195 1820 θανὼν
2225 1765 2283 1821 δέ
2318 1764 2553 1836 οἰκτρῶς
2594 1764 2803 1819 ἐκεῖθεν
2827 1764 2971 1835 (551))
2999 1762 3199 1833 μᾶλλον
3229 1762 3463 1825 αίωνίως
3496 1779 3589 1815 x0.-

318 1854 587 1928 λάζεται.)

455 1999 573 2053 PB'.
607 1998 897 2055 Βασιλεία
918 2000 1233 2071 Ἀντιόχου
1263 2001 1369 2056 τοῦ
1392 2002 1770 2071 Εὐπάτορος.

384 2134 432 2166 ⁹⁶
488 2133 647 2188 Μετὰ
695 2134 753 2189 δέ
801 2134 1077 2205 ’Δντίοχον
1121 2135 1474 2191 ἐϐασίλευσεν
1549 2138 1820 2207 Ἀντίοχος
1872 2139 1899 2190 6

314 2225 617 2303 Εὐπάτωρ,
648 2227 759 2289 υἱός
816 2225 1005 2291 αὑτοῦ,
1038 2228 1124 2297 ἐφ’
1161 2221 1223 2280 οὗ
1297 2228 1498 2291 Ἰούδας
1516 2228 1560 2261 ⁸⁷
1595 2230 1623 2281 6
1669 2230 1902 2282 Μακκα-

318 2315 476 2377 ϐαῖος
510 2318 642 2377 τοὺς
669 2320 1040 2388 φρουράρχους
1083 2320 1417 2390 Ἀντιοχείας
1450 2320 1898 2391 τροπωσάμενος,

324 2407 696 2475 ἐειτέρχετειιθ⁸
728 2408 867 2478 αὑτῷ
897 2410 1165 2479 Ἀντίοχος
1210 2413 1349 2481 μετά
1399 2412 1655 2481 χιλιάδων
1691 2413 1901 2466 ἱππέων

330 2503 382 2549 κ’
417 2499 516 2550 καὶ
562 2498 738 2561 πεζῶν
780 2499 1024 2567 χιλιάδων
1061 2502 1126 2572 ρ’,
1158 2502 1426 2575 ἁρμάτων
1477 2508 1544 2569 τ’,
1593 2504 1901 2570 ἐλεφάντων

323 2586 404 2643 νε’
460 2593 981 2661 γεγυμνασμένων⁹⁹
1036 2594 1171 2666 πρὸς
1230 2595 1508 2664 πόλεμον·
1563 2597 1657 2648 καὶ
1713 2595 1902 2650 διελὼν

310 2680 446 2745 τοὺς
478 2682 779 2750 ἐλέφαντας
823 2686 905 2749 είς
959 2686 1271 2754 φάλαγγας,
1318 2686 1634 2756 παρέστησε
1686 2687 1902 2757 ἑκάστῳ

310 2774 577 2841 ἐλέφαντι
604 2775 805 2843 χιλίους
838 2778 1040 2847 ἄνδρας
1076 2777 1594 2847 τεθωρακισμένους
1631 2780 1687 2833 ἐν
1720 2779 1905 2831 ἁλυσι-

308 2862 528 2930 δωτοὶἱς,
559 2866 656 2918 καὶ
696 2868 1129 2937 περικεφαλαῖαι
1160 2867 1362 2938 χαλκαῖ
1399 2868 1491 2921 ἐπὶ
1518 2869 1616 2932 τὰς
1661 2868 1905 2936 κεφαλὰς

312 2953 519 3021 αὐτῶν,
543 2957 636 3008 καὶ
667 2958 852 3021 ἱππεῖς
877 2958 1123 3011 ἐκλεκτοὶ
1151 2957 1629 3030 φ’διατεταγμένοι
1648 2962 1663 2991 ¹
1688 2961 1906 3031 ἑκάστῳ

315 3043 493 3117 θηρίῳ
514 3047 607 3099 διὰ
633 3049 909 3119 μηχανῆς,
943 3053 1038 3103 καὶ
1061 3051 1145 3119 ἐφ’
1174 3052 1392 3122 ἑκάστῳ
1414 3052 1606 3121 ἄνδρες
1622 3051 1906 3119 δυνάμεως

316 3134 538 3188 ἐνοπλοι
575 3137 677 3207 λβ’.
727 3137 813 3202 Ὠς
866 3139 923 3192 δὲ
975 3140 1329 3212 κατέλαμπεν
1388 3142 1416 3193 6
1473 3142 1628 3211 ἥλιος
1667 3141 1759 3193 ἐπὶ
1803 3140 1906 3202 τὰς

2285 1989 2393 2045 Cll.
2439 1991 2687 2062 Regnum
2715 1991 2962 2045 Antiochi
2995 1990 3309 2059 Eupatoria.

2064 2126 2334 2180 Antiocho
2392 2136 2634 2188 mortuo,
2682 2125 2927 2193 regnavit
2960 2126 3263 2181 Antiochus
3328 2123 3590 2194 Eupamr,

1993 2221 2136 2276 filius
2181 2220 2319 2289 ejus,
2359 2219 2461 2273 sub
2508 2217 2667 2287 cujus
2724 2218 2956 2287 imperio
3007 2217 3177 2271 ludas
3238 2216 3580 2271 Maccabaeus

1992 2312 2159 2366 duces
2199 2311 2567 2365 Antiochenos
2600 2308 2760 2365 fudit.
2804 2308 2958 2363 Tunc
3002 2309 3263 2363 adversus
3300 2324 3421 2361 eum
3460 2323 3590 2376 pro.

1993 2404 2160 2458 cessit
2227 2402 2531 2456 Antiochus
2586 2417 2707 2456 cum
2766 2401 2955 2470 viginti
3024 2401 3266 2469 equitum
3327 2400 3590 2466 millibus,

1993 2505 2211 2549 centum
2239 2494 2476 2548 millibus
2506 2493 2768 2563 peditum,
2804 2494 3066 2547 trecentis
3100 2493 3353 2547 curribus
3384 2501 3438 2545 et
3472 2493 3588 2545 ele-

1994 2586 2214 2656 phantis
2236 2585 2631 2655 quinquaginta
2669 2587 2914 2654 quinque
2947 2584 3123 2639 doctis
3160 2583 3225 2636 ad
3260 2583 3460 2650 praelia.
3494 2581 3593 2632 «lit

1993 2691 2089 2747 per
2113 2676 2352 2748 legiones
2377 2677 2698 2746 elephantos
2735 2675 2940 2740 divisit,
2971 2683 3024 2728 ct
3053 2671 3593 2742 astiteruntsingnlis

1997 2768 2303 2839 elephantis
2329 2768 2480 2821 mille
2510 2767 2612 2820 viri
2649 2767 2704 2820 iu
2732 2767 2916 2821 loricis
2953 2766 3284 2835 sqttamatis,
3310 2774 3365 2817 et
3418 2762 3587 2833 galeae

1995 2876 2149 2916 aereae
2178 2862 2231 2915 in
2270 2860 2542 2930 capilibus
2569 2873 2784 2921 eorum,
2820 2866 2875 2912 et
2914 2857 3193 2926 quingenti
3226 2857 3458 2927 equites,
3502 2855 3592 2908 in-

1998 2953 2196 3009 structi
2256 2953 2553 3022 unicuique
2615 2951 2803 3005 bestia:
2856 2950 3013 3003 electi
3072 2958 3265 3012 erant,
3316 2959 3367 3002 et
3426 2961 3594 3017 super

2000 3042 2246 3112 singulas
2276 3040 2441 3095 fortes
2474 3039 2572 3094 viri
2606 3038 2827 3108 triginta
2859 3038 2991 3109 duo.
3044 3035 3108 3089 Et
3140 3047 3197 3089 ut
3249 3035 3467 3089 refulsit
3499 3034 3589 3088 sol

2002 3134 2054 3187 iu
2088 3135 2306 3204 clypeos
2338 3146 2537 3186 aureos
2565 3138 2619 3184 et
2641 3144 2863 3194 currus,
2888 3126 3345 3197 resplenduerunt
3374 3135 3589 3178 montes

318 3230 535 3298 χρυσᾶς
585 3230 820 3293 ἀσπίδας
860 3232 956 3283 καὶ
993 3231 1240 3303 ἅρματα,
1302 3232 1514 3285 ἐστιλδε
1544 3233 1611 3285 τά
1641 3233 1744 3302 ὅρη
1772 3230 1903 3285 dm"

2002 3227 2069 3281 ab
2096 3228 2173 3281 eis
2214 3237 2268 3280 et
2297 3225 2630 3281 refulserunt
2666 3226 2811 3278 sicut
2850 3220 3129 3290 lampades
3158 3219 3339 3289 ignis;
3374 3232 3591 3271 οιιιιιεε-

318 3322 500 3374 αὑτῶν
532 3321 656 3392 (καὶ⁹
685 3323 1032 3393 κατηύγαζον
1085 3322 1160 3385 ὡς
1200 3323 1485 3392 λαμπάδες
1530 3324 1717 3393 πυρός.
1752 3322 1898 3376 Κάν-

2008 3336 2135 3390 que,
2159 3321 2275 3375 visa
2313 3318 2591 3388 copiarum
2626 3314 2979 3369 multitudine
3003 3323 3055 3368 et
3096 3326 3360 3367 curruum
3404 3309 3592 3362 audito

317 3410 511 3465 τεῦθεν
538 3410 857 3466 ἐσαλεύοντο
889 3413 1088 3475 πάντες
1117 3413 1167 3465 οἱ
1204 3412 1438 3482 δρῶντες
1472 3412 1566 3465 καὶ
1608 3412 1902 3475 ἀκούοντες

2007 3413 2190 3468 sonitu
2221 3412 2639 3479 obstupuerunt.
2682 3408 2810 3461 Erat
2857 3407 3001 3459 enim
3065 3404 3335 3458 exercitus
3364 3415 3595 3468 magnus

318 3501 419 3573 τὴν
468 3504 655 3573 φωνὴν
689 3503 783 3557 τοῦ
834 3503 1074 3573 πλήθους
1119 3504 1216 3556 καὶ
1254 3502 1346 3555 τὸν
1380 3503 1762 3573 συγκρουσμὸν
1793 3502 1903 3554 τῶν

2011 3505 2168 3561 valde
2195 3502 2478 3563 etfortis,»
2515 3509 2568 3556 et
2598 3500 2831 3571 populus
2870 3497 3215 3561 commisttts,
3251 3497 3591 3557 innumerus,

317 3594 631 3667 ἁρμάτων)ο
649 3592 713 3667 ἦν
737 3598 845 3668 γὰρ
869 3599 902 3669 ἡ
927 3597 1249 3670 παρεμϐολὴ
1286 3597 1520 3667 μεγάλη,
1559 3595 1759 3666 ἰσχυρά
1780 3596 1902 3651 λίαν

2011 3604 2274 3653 armatus.
2305 3595 2445 3649 lnito
2470 3591 2653 3663 prmlio
2672 3591 2804 3643 vidit
2833 3589 3078 3651 Eleazar,
3112 3588 3278 3641 frater
3302 3585 3453 3639 .ludae
3487 3583 3595 3637 Ma-

319 3687 443 3758 (καὶ
498 3692 526 3742 6
571 3689 698 3753 λαὸς
725 3690 1035 3761 ἐπίμικτος,
1058 3691 1306 3761 ἄπειρος,
1339 3690 1605 3761 ἔνοπλος).
1632 3693 1652 3724 ³
1684 3691 1761 3763 (2)
1794 3691 1903 3745 Καὶ

2014 3687 2243 3752 chabtei,
2271 3687 2533 3742 excitatos
2562 3684 2880 3753 elephantos
2908 3681 3328 3751 sagittariosque
3350 3678 3481 3748 ipsis
3507 3677 3597 3732 in-

316 3779 397 3843 ὼς
424 3781 705 3835 ἐπέτεινεν
730 3782 762 3850 ή
789 3783 961 3851 μάχη,
996 3782 1334 3851 θεασάμενος
1372 3780 1661 3852 Ἐλεάζαρ,
1696 3783 1723 3834 6
1748 3781 1902 3835 ἀδελ-

2014 3780 2278 3843 sidentcs,
2314 3793 2484 3831 unum
2528 3786 2712 3830 autem
2755 3773 3021 3841 majorem
3070 3771 3216 3836 aliis,
3267 3771 3593 3823 «loricarum

318 3873 424 3939 φὺς
467 3873 661 3939 Ἰούδα,
690 3872 1123 3944 πεπυρωμένους
1146 3874 1273 3937 τοὺς
1301 3875 1603 3942 ἐλέφαντας
1629 3874 1726 3927 καὶ
1754 3874 1903 3938 τοξό-

2012 3874 2195 3928 loricis
2224 3870 2390 3938 regis,
2425 3876 2479 3923 et
2514 3869 2689 3923 visum
2742 3876 2824 3921 est
2874 3865 2922 3919 ei
2960 3862 3104 3933 quod
3151 3876 3314 3929 super
3357 3876 3423 3913 eo
3450 3867 3599 3914 esset

318 3982 421 4029 τας
453 3965 543 4017 ἐπ’
571 3966 752 4018 αὐτῶν
804 3967 1163 4037 φερομένους,
1188 3967 1286 4022 Eva.
1318 3967 1374 4021 δὲ
1408 3966 1533 4021 ἰδὼν
1566 3966 1903 4039 ὑψηλότερον

319 4056 433 4109 τῶν
490 4057 690 4119 ἄλλων,
720 4056 1023 4127 βασιλικοῖς
1054 4057 1264 4129 θώραξι¹
1307 4058 1781 4126 καθωπλισμένον,
1808 4059 1903 4112 καλ⁸

320 4148 557 4215 νομίσας
588 4149 678 4201 ἐπ’
709 4150 875 4203 αὐτὸν
902 4150 1170 4222 φέρεσθαι
1199 4151 1292 4207 τὸν
1323 4151 1570 4222 βασιλέα,
1589 4151 1902 4222 ἐκπηδήσας

319 4242 421 4309 τῆς
478 4241 873 4312 παρατάξεως,
911 4243 1275 4300 ἐπιπλέκεται
1328 4242 1433 4314 τῷκ
1466 4242 1576 4297 τῶν
1631 4244 1905 4310 πολεμίων

318 4332 681 4405 ἀθροίσματι,
724 4336 816 4394 καὶ
865 4335 1098 4399 πολλοὺς
1144 4336 1478 4399 ἀποκτείνας
1509 4335 1617 4389 τῶν
1656 4334 1786 4407 περὶ
1814 4334 1905 4394 τὸν

321 4423 597 4491 ἐλέφαντα
619 4466 633 4491 ,
670 4424 1027 4485 ὑποκάτωθεν
1067 4425 1234 4480 αὑτοῦ
1277 4427 1478 4480 ὑπέδυ·
1510 4427 1606 4481 καὶ
1658 4424 1905 4491 πατάξας

2015 3980 2107 4020 rex
2136 3980 2184 4028 ;›
2221 3973 2351 4018 tunc
2378 3961 2567 4016 ordine
2596 3958 2819 4023 exsiliit,
2849 3957 3104 4012 audacter
3129 3954 3193 4007 ad
3218 3967 3334 4005 eam
3354 3952 3599 4005 cucurrit

2009 4060 2063 4113 in
2086 4057 2263 4111 medio
2292 4054 2542 4124 legionis,
2561 4052 2853 4122 multisque
2881 4050 3223 4119 elephantum
3244 4045 3591 4100 Cll‘Cllllltlnllo

2008 4151 2155 4204 tibus
2202 4147 2420 4211 occisis,
2458 4146 2552 4199 ivit
2585 4145 2687 4200 sub
2730 4143 2894 4213 pedes
2926 4143 3045 4213 ejus
3072 4140 3197 4195 etin
3232 4146 3418 4191 ventre
3447 4136 3595 4189 illum

2012 4237 2320 4310 percussit;
2362 4247 2415 4290 et
2449 4236 2642 4290 cecidit
2675 4234 2728 4287 in
2760 4244 2956 4287 terram
2990 4245 3153 4300 super
3187 4230 3363 4298 ipsum
3397 4226 3596 4291 bellua,

2013 4342 2063 4386 et
2101 4340 2348 4384 mortuus
2381 4338 2464 4383 est
2499 4329 2631 4383 illic.
2664 4327 2784 4393 Quo
2805 4326 2921 4380 viso
2956 4322 3125 4378 Judas
3163 4320 3599 4375 animadvertetis

2019 4422 2303 4480 cruentius
2346 4420 2458 4475 fieri
2490 4420 2733 4491 praelium
2766 4419 2820 4472 in
2854 4416 3153 4473 Jerusalem
3183 4412 3414 4484 aufugit.

320 4517 403 4580 εἰς
449 4516 550 4587 τὴν
606 4517 851 4589 γαστέρα
911 4518 1004 4571 τὸν
1041 4516 1333 4587 ἐλέφαντα,
1376 4517 1667 4573 πέπτωκεν
1693 4516 1858 4580 εὐθὺς
1896 4515 1957 4570 τὸ
1989 4515 2180 4586 θηρίον
2226 4512 2415 4568 ἐπάνω
2469 4510 2634 4565 αὐτοῦ
2664 4509 2762 4562 καὶ
2808 4510 2999 4562 τοῦτον
3056 4506 3392 4575 συνέτριψεν,
3463 4505 3602 4577 ὅπερ

332 4610 542 4674 Ἰούδας
581 4610 921 4681 θεασάμενος
970 4615 1066 4667 καὶ
1096 4615 1487 4685 κραταιότερον
1522 4614 1613 4668 τὸν
1658 4614 1896 4682 πόλεμον
1938 4611 2280 4680 αἰσθόμενος,
2310 4609 2389 4673 είς
2426 4608 2781 4679 Ἰερουσαλὴμ
2807 4607 2998 4674 ἔφυγε.

391 4708 561 4787 212
596 4709 617 4739 ⁵
646 4708 725 4775 (5i
754 4710 863 4763 Ka‘t
919 4707 1209 4777 ἐπιδιώξας
1256 4710 1527 4781 Ἀντίοχος
1595 4711 1903 4781 ἐπολιόρκει

2086 4704 2242 4761 lllutn
2282 4705 2586 4758 Antiochus
2622 4714 2970 4773 persecutus,
3008 4700 3199 4754 urbem
3234 4697 3596 4768 oppugnavit,

318 4802 563 4871 ταύτην·
616 4798 736 4857 εἶτα
789 4800 988 4870 λόγους
1024 4802 1334 4872 εἰρηνικοὺς
1368 4801 1487 4871 μεθ’
1518 4803 1698 4873 ὅρκων
1748 4818 1907 4871 ποιηρ

322 4895 588 4961 σάμενος,
633 4892 847 4962 δέχεται
898 4894 1061 4955 αὑτὸν
1107 4893 1310 4957 Ἰούδας
1363 4892 1512 4947 ἔνδον
1544 4895 1644 4962 τῆς
1674 4892 1903 4954 πόλεως.

329 4984 393 5039 ’0
420 4985 480 5037 δέ
510 4983 790 5048 εἰσελθὼν,
827 4986 922 5039 καὶ
962 4984 1069 5038 τῶν
1103 4986 1281 5056 ὅρκων
1305 4985 1772 5056 παρασπονδήσας
1812 4984 1907 5036 καὶ

316 5076 378 5128 τδ
428 5076 611 5143 τεῖχος
659 5074 864 5129 τέλειον
891 5075 1299 5147 καταστρέψας,
1332 5076 1427 5129 καὶ
1459 5075 1585 5136 τοὺς
1613 5075 1908 5145 οἰκήτορας

320 5163 653 5230 σκυλεύσας,
688 5166 765 5228 είς
807 5165 1142 5235 Ἀντιόχειαν
1171 5164 1502 5235 ὑπέστρεψε.

2006 4806 2213 4852 etcum
2270 4812 2455 4865 pacem
2506 4795 2780 4863 pollicitus
2818 4801 2966 4848 esset
3024 4805 3148 4845 cum
3184 4792 3523 4854 iuramento.
3563 4801 3593 4838 a

2007 4887 2145 4943 Juda
2191 4890 2246 4942 in
2282 4888 2417 4941 urbe
2466 4896 2715 4956 receptus
2759 4894 2862 4940 est.
2910 4883 3193 4955 Ingressus
3229 4889 3432 4941 autem,
3490 4878 3594 4931 lide

2008 4981 2200 5043 fracta,
2243 4979 2412 5033 diruit
2458 4977 2681 5042 muenia,
2731 4976 2939 5029 incolas
2991 4970 3249 5042 spoliavit
3299 4976 3354 5025 et
3405 4966 3596 5021 Antio-

2008 5073 2185 5127 chiam
2216 5084 2468 5125 reversus
2495 5078 2602 5122 est.

1539 5324 1739 5389 Variae
1759 5326 2068 5390 lectiones
2092 5334 2152 5389 et
2191 5334 2379 5389 notae.

395 5506 441 5536 ”
474 5503 608 5558 σου.
638 5502 1063 5567 287.19-ἳ88,5.
1139 5503 1186 5537 ’⁵
1223 5507 1318 5559 καὶ
1344 5507 1381 5559 i.
1416 5506 1471 5561 ἁ.
1508 5505 1617 5558 λύπ

322 5522 1101 5644 εαᾷῖεῖξῗὲςὲῗὲὄέἒῑθᾲ
1123 5522 1661 5641 ἐζέαὲὲὲῗὶιῖἓῗτὶ
1688 5522 1900 5629 ἵῗέἓέζῃ

2015 5522 2082 5574 γῃ
2111 5522 2163 5559 α,
2191 5522 2204 5557 l
2241 5522 2408 5559 mace.
2488 5522 2531 5536 ’ν
2553 5522 2645 5557 τον
2674 5530 2738 5542 —-

2011 5618 2024 5640 ,
2063 5575 2257 5629 17-“.
2334 5576 2378 5607 ⁸⁷
2416 5573 2587 5644 Ἰούδα
2616 5598 2681 5612 --
2710 5588 2738 5623 τ

1688 5505 1900 5577 μεγάλῃ
1924 5507 1981 5557 ὲν
2015 5508 2082 5574 γῇ
2102 5505 2204 5577 91.]
2241 5505 2449 5577 Macc.__
2487 5503 2645 5577 '{rbv
2674 5530 2743 5542 —-
2772 5496 3370 5577 pavaiauxﬁoayrtt.—:
3441 5495 3599 5577 πεζάς

2748 5558 3181 5641 ροπωσαμέξιουῖ
3252 5564 3300 5599 ³⁸
3352 5558 3599 5641 regem

320 5628 441 5699 καθ’
471 5644 640 5699 αὑτοῦ
682 5628 952 5715 ’Ᾰντίοχον
980 5628 1561 5715 ’παρεσκεύασε
1584 5628 1599 5715 ’ν
1635 5628 1681 5680 δ’
1707 5628 1903 5713 ἐλέφαν

2002 5628 2024 5700 τ’
2054 5628 2135 5715 θεέ
2158 5628 2820 5715 τεγυμνασμένρυςμεόάε
2871 5637 2955 5715 λβῖ
2977 5628 3212 5715 risisse.
3244 5650 3309 5715 τῖε
3360 5631 3380 5715 '.
3423 5628 3591 5715 “22:3-

323 5715 339 5745 ¹
386 5716 834 5785 διατεταγμένοις
1102 5721 1123 5751 ⁸
1155 5714 1243 5769 ἐπ’
1280 5717 1404 5772 cod.

322 5785 455 5854 1-5;
494 5788 511 5843 l
562 5784 730 5843 Macc.
776 5802 845 5856 vt,
890 5784 1072 5865 4869..

1519 5718 1539 5748 ⁸
1572 5714 1701 5773 Cctl.
1742 5712 2048 5780 288,ίὸ-25
2077 5733 2089 5777 ;
2124 5714 2140 5768 l
2172 5712 2338 5771 Haec.
2370 5731 2418 5770 vt
2446 5712 2460 5780 ,
2515 5712 2702 5769 52-47.

2811 5694 2959 5765 ιιὸι
3034 5694 3217 5779 (5037)
3272 5698 3404 5755 Ced.
3466 5694 3591 5757 τεο.
