4088 6414
435 379 530 446 351

1643 384 1969 448 GEORGII
2011 389 2464 451 HAMAR'I‘OLI

3607 391 3714 456 352

436 496 840 566 Asiaticumque
893 504 998 551 srta
1036 506 1177 562 erat,
1227 485 1466 554 hmo—est
1521 500 1735 570 Ancyra
1773 498 2018 564 Galatiae,

2142 502 2444 574 Ξαλαμίνην
2475 503 2766 574 ἀνεγείρας
2791 505 3017 560 ἐκάλεσε
3081 505 3288 574 καὶτῆν
3312 505 3410 575 μεν
3431 506 3717 575 ’Ἄγκυραν

435 589 657 644 alteram
695 589 988 660 Diospolim
1020 591 1336 662 appellavit.

558 885 714 942 CVII.
762 886 833 941 De
864 898 1053 956 quarto
1089 888 1309 955 imperio
1335 888 1473 956 quod
1510 887 1640 939 vidit
1679 885 1892 942 Daniel.

508 1094 663 1149 Tunc
692 1094 882 1164 incipit
911 1105 1169 1164 quartum
1220 1095 1537 1164 imperium,
1570 1095 1716 1165 quod
1750 1094 1940 1149 Daniel
1971 1097 2026 1149 in

435 1187 647 1240 visione
693 1196 932 1255 quatuor
981 1187 1304 1250 bestiarum,
1345 1186 1516 1256 figura
1570 1202 1725 1252 usus,
1779 1197 2028 1255 quartam

438 1278 663 1331 bestiam
719 1277 788 1332 ab
839 1279 962 1333 aliis
1021 1277 1294 1333 diversam
1352 1288 1548 1343 vocat;
1604 1280 1707 1334 sub
1754 1292 1882 1346 quo,
1935 1278 2028 1348 qui

437 1380 676 1439 quatuor
711 1369 886 1438 prima
919 1369 1189 1424 elementa
1227 1371 1435 1423 creavit
1469 1369 1770 1438 mundique
1795 1378 2032 1437 quatuor

439 1470 623 1530 partes
678 1462 979 1532 conjunxit,
1029 1460 1192 1516 Iesus
1243 1460 1522 1526 Christus,
1583 1463 1904 1516 incarnatus
1950 1473 2034 1517 est

439 1562 666 1622 propter
701 1562 944 1608 nostram
996 1553 1252 1608 salutem.
1302 1553 1448 1608 Bene
1494 1553 1659 1623 igitur
1705 1569 1937 1623 magnus
1981 1564 2035 1608 et.

440 1645 698 1699 omnibus
726 1645 981 1714 superior
1031 1643 1211 1699 factus
1255 1653 1340 1697 est
1376 1647 1656 1712 Augustus
1690 1645 2035 1714 subiecitque

443 1735 546 1787 sibi
575 1744 769 1790 caetera
802 1749 990 1802 regna,
1041 1749 1107 1788 eo
1145 1733 1288 1803 quod
1323 1733 1379 1786 in
1411 1733 1604 1788 diebus
1650 1735 1767 1789 suis
1813 1751 1904 1788 rex
1935 1735 2034 1789 do-

2127 595 2380 665 ὠνόμασε
2413 597 2500 650 διὰ
2533 596 2594 650 τὸ
2621 597 2796 666 μέσην
2823 592 2962 650 εἶναι
2996 598 3166 666 αὐτὴν
3187 597 3293 651 τῶν
3327 597 3372 666 β’
3395 597 3710 665 θαλασσῶν⁹

2127 688 2224 756 τῆς
2253 703 2311 738 τε
2346 687 2611 756 Ποντικῆς
2658 687 2754 742 καὶ
2784 689 2883 759 τῆς
2925 689 3203 759 Ἀσιανῆς,
3248 690 3372 759 ἥτις
3399 689 3549 742 ἐστὶν
3576 692 3714 759 ’Λγο

2129 794 2270 847 κυρα
2300 777 2588 842 Γαλατίας,
2617 778 2715 848 τὴν
2737 779 2794 834 δὲ
2819 779 3128 833 Διόσπολιν.

2129 891 2247 945 PZ'.
2295 891 2432 960 Περὶ
2461 893 2573 962 τῆς
2616 891 2664 947 δ’
2691 895 3038 1019 ﬂagiti-5:13,
3073 894 3154 963 ἢν
3186 899 3218 951 ὀ
3263 896 3490 965 Δανιὴλ
3548 897 3712 952 ἐθεά-

2201 1096 2244 1128 ⁸⁹
2285 1095 2564 1150 Ἐντεῦθεν
2589 1099 2771 1152 τοίνυν
2819 1099 3052 1168 ἄρχεται
3078 1101 3112 1170 ἠ
3156 1100 3391 1170 τετάρτη
3439 1100 3712 1170 βασιλεία.

2132 1187 2198 1255 ἣν
2229 1189 2258 1240 ό
2294 1186 2493 1258 Δανιὴλ
2519 1191 2577 1242 ἐν
2605 1192 2669 1260 τῇ
2699 1189 2809 1242 τῶν
2839 1191 2881 1244 δ’
2921 1190 3128 1261 θηρίων
3158 1191 3396 1260 ὀπτασίᾳ
3449 1193 3715 1260 τέταρτον

2133 1277 2322 1348 θηρίον
2349 1279 2609 1348 διαφέρον
2635 1282 2744 1332 τῶν
2776 1281 2952 1334 ἄλλων
2987 1281 3270 1351 τροπικῶς
3319 1279 3596 1349 ὀνομάζει·
3625 1279 3715 1348 ἐφ’

2133 1363 2196 1423 οὑ
2228 1371 2321 1422 καὶ
2350 1371 2378 1422 ό
2407 1371 2517 1423 τῶν
2551 1370 2785 1440 πρώτων
2826 1373 2867 1425 δ’
2899 1372 3184 1442 στοιχείων
3232 1371 3570 1440 δημιουργὸς
3616 1371 3714 1424 καὶ

2133 1460 2226 1513 τὸν
2279 1461 2688 1530 τετραπέρατον
2747 1462 2956 1530 κόσμον
3011 1462 3318 1530 συνδήσας,
3382 1463 3442 1513 ἐν
3502 1461 3716 1523 τούτοις

2148 1551 2355 1618 Ἰησοῦς
2406 1553 2638 1623 Χριστὸς
2688 1552 2978 1624 ἐσαρκὼθη
3039 1554 3127 1606 δια
3159 1553 3257 1623 τὴν
3287 1554 3568 1622 ἡμετέραν
3612 1569 3715 1605 σω-

2134 1645 2353 1713 τηρίαν·
2386 1643 2510 1698 ὅθεν
2541 1645 2766 1707 εἰκότως
2814 1645 2987 1714 μέγας
3021 1644 3276 1714 βασιλεὺς
3311 1648 3410 1697 καὶ
3445 1643 3716 1714 ἐπίσημος

2137 1734 2230 1787 ἐπὶ
2275 1735 2494 1788 πάντων
2550 1738 2579 1788 ὁ
2614 1734 2926 1804 Αὔγουστος
2983 1738 3079 1789 καὶ
3131 1737 3354 1800 δυνατὸς
3401 1736 3712 1806 γενόμενος,

442 1825 731 1894 minusque
779 1825 1164 1880 universorum
1219 1822 1379 1880 nasci
1439 1823 1670 1880 debebat
1732 1825 2032 1881 secundum

2142 1826 2377 1892 ὑπέταξε
2413 1827 2512 1890 τὰς
2559 1830 2788 1899 μερικὰς
2842 1828 3122 1898 βασιλείας
3160 1829 3339 1892 πάσας
3391 1829 3479 1882 διά
3528 1828 3618 1880 τὸν
3657 1830 3717 1882 ἐν

441 1921 607 1977 verba
650 1919 804 1976 lsaiae
847 1919 1147 1990 prophetae.

517 2107 608 2159 Ait
665 2106 808 2160 enim
843 2119 859 2159 :
911 2124 928 2156 ι
963 2105 1028 2159 Et
1063 2106 1167 2160 erit
1208 2105 1260 2158 in
1313 2103 1627 2159 novissimis
1675 2105 1868 2159 diebus
1899 2121 2038 2174 prte-

447 2209 670 2268 paratus
731 2213 888 2252 mons
948 2198 1144 2252 domus
1215 2196 1428 2250 Domini
1493 2198 1546 2251 in
1609 2196 1816 2252 vertice
1879 2213 2039 2252 tuon-

447 2294 606 2354 tium,
655 2303 710 2345 et
749 2290 1056 2346 elevabitur
1116 2305 1279 2359 super
1313 2289 1500 2356 colles,
1540 2298 1594 2343 et
1625 2288 1790 2343 ﬂuent
1811 2289 1877 2343 ad
1915 2305 2036 2343 eum

448 2399 638 2439 omnes
700 2394 906 2452 gentes.
960 2383 1024 2436 Et
1083 2382 1240 2435 ibunt
1301 2381 1488 2451 populi
1543 2381 1697 2436 multi
1732 2391 1788 2436 et
1815 2381 2038 2435 dicent:

450 2474 638 2529 Venite
719 2483 774 2528 et
833 2473 1198 2528 ascendamus
1267 2475 1332 2527 ad
1402 2481 1640 2527 montem
1716 2471 2042 2532 Domini,et

445 2565 512 2619 ad
544 2565 762 2618 domum
805 2563 896 2618 Dei
937 2563 1124 2628 Jacob,
1149 2578 1203 2619 et
1257 2565 1473 2620 docebit
1508 2579 1607 2619 uos
1647 2565 1763 2618 vias
1798 2579 1947 2628 suas,
1985 2573 2040 2616 et

446 2656 851 2711 ambulahimus
909 2657 963 2710 in
1013 2657 1226 2712 semitis
1285 2658 1440 2726 ejus;
1473 2657 1599 2726 quia
1635 2657 1702 2712 de
1751 2655 1880 2710 Sion
1926 2655 2042 2708 (δεῖν

447 2746 528 2800 bit
561 2747 641 2801 lex
689 2757 742 2801 et
775 2747 999 2802 verbum
1045 2748 1255 2802 Domini
1289 2748 1358 2803 de
1395 2747 1724 2803 Jerusalem.
1774 2746 1843 2801 Et
1885 2746 2039 2816 judi.

447 2838 596 2893 cabit
630 2849 840 2909 gentes,
875 2849 931 2895 et
965 2851 1154 2910 arguet
1185 2840 1414 2910 populos
1462 2841 1662 2896 multos
1693 2859 1706 2894 :
1750 2839 2041 2906 et,conlla-

449 2929 584 2984 bunt
623 2931 833 3001 gladios
865 2946 994 2986 suos
1046 2933 1097 2985 in
1152 2948 1424 2996 vomeres,
1481 2941 1536 2986 et
1577 2933 1798 2987 lanceas
1833 2948 1961 2986 suas
1988 2930 2040 2983 in

449 3020 652 3077 falces:
687 3038 790 3077 non
841 3021 1042 3077 levabit
1089 3039 1222 3092 gens
1268 3034 1456 3079 contra
1511 3035 1722 3094 gentem
1776 3023 2039 3096 gladium.

449 3128 549 3167 nec
579 3116 977 3168 exercebuntur
1011 3115 1151 3169 ultra
1178 3113 1243 3168 ad
1270 3114 1536 3183 przelium.
1582 3134 1600 3166 ›

519 3297 868 3352 Couleudunt
896 3297 1071 3352 Judaei
1099 3311 1224 3351 cum
1249 3295 1629 3352 Theodotioue
1650 3310 1896 3355 errantes
1929 3301 2045 3354 hmc

448 3389 557 3444 dici
595 3389 662 3443 de
697 3387 870 3443 reditu
911 3387 1220 3458 Babylonis.
1255 3387 1364 3443 Nec
1407 3389 1642 3455 mirum;
1677 3401 1735 3445 ut
1762 3392 1905 3445 enim
1945 3391 2046 3445 fal-

456 3482 641 3536 luntur
680 3482 730 3534 in
763 3483 885 3535 aliis
915 3481 1237 3551 prophetiis,
1271 3481 1350 3535 sic
1385 3481 1547 3536 etiam
1581 3483 1632 3536 in
1670 3484 1795 3537 ista.

523 3661 757 3730 Quinam
794 3662 940 3717 enim
974 3662 1158 3731 populi
1194 3671 1248 3716 et
1281 3663 1574 3719 viciniorcs
1611 3673 1664 3719 et
1701 3664 2044 3735 longinquioo

451 3772 541 3812 res
571 3755 745 3825 legem
775 3759 1111 3825 verbumque
1133 3771 1162 3809 a
1185 3755 1384 3813 Iudaeis
1409 3757 1629 3811 allatum
1661 3769 2048 3828 rect-peruntet

451 3867 558 3905 non
594 3849 773 3919 potius
811 3849 890 3903 eis
930 3849 1295 3903 restiterunt?
1325 3847 1454 3904 Post
1488 3850 1721 3903 reditum
1756 3867 1816 3902 ex
1865 3849 2048 3921 Baby-

449 3936 591 4004 lone,
630 3937 939 3992 conﬂuxere
973 3936 1190 4005 quidem
1222 3947 1409 4005 gentes
1443 3938 1506 3990 ad
1541 3939 1800 4006 templum
1833 3937 2048 3990 Judaeo-

448 4045 592 4092 rum,
630 4030 723 4084 sed
778 4029 898 4084 illos
930 4030 1427 4100 impugnaverunt;
1477 4045 1670 4085 omnes
1711 4030 1870 4084 vit-ini
1921 4045 2047 4098 per-

450 4132 616 4190 petua
670 4121 809 4176 bella
870 4134 1061 4176 contra
1108 4137 1204 4176 eos
1253 4130 1575 4176 moverunt:
1632 4137 1694 4177 ex
1754 4139 1857 4176 una
1896 4134 2048 4190 parte

451 4213 669 4265 Idumaei
728 4200 782 4265 et
814 4212 1133 4266 Ammonitm
1167 4219 1221 4266 et
1260 4211 1544 4280 Moabitae;
1580 4228 1643 4266 ex
1673 4213 1840 4266 altera
1874 4213 2046 4267 Phili-

448 4305 565 4358 διαιί
601 4315 657 4358 et
693 4303 1048 4358 Samaritaui.
1095 4303 1204 4359 Nec
1257 4306 1430 4360 multo
1477 4315 1624 4375 post,
1665 4307 1873 4360 irruere
1906 4306 2045 4359 bella

449 4396 795 4450 Macedonica
828 4413 949 4466 qua:
976 4397 1029 4450 in
1059 4396 1490 4451 Machalneorum
1523 4397 1677 4454 libris
1709 4397 2044 4463 referuntur,

447 4497 684 4542 attamen
723 4497 851 4552 tunc
894 4489 1209 4556 pr0phetica
1271 4490 1432 4542 verba
1469 4491 1633 4542 altam
1672 4504 1862 4558 pacem
1923 4490 2044 4556 pol-

2139 1921 2260 1981 ταῖς
2289 1919 2525 1989 ἡμέραις
2554 1918 2721 1972 αὑτοῦ
2770 1920 2994 1988 βασιλέα
3024 1921 3120 1973 τοῦ
3150 1922 3354 1984 παντδς
3400 1921 3494 1973 καὶ
3530 1918 3719 1991 κύριον

2139 2009 2398 2080 τεχθέντα
2428 2011 2571 2063 κατὰ
2603 2013 2702 2078 τὴν
2740 2011 2966 2064 Ἣσαῖου
3012 2013 3372 2082 προφητείαν.

2209 2101 2256 2134 ⁸⁸
2279 2101 2356 2172 (2)
2381 2102 2519 2172 Φησὶ
2547 2105 2656 2173 γάρ
2687 2103 2753 2134 ⁸⁸·
2797 2122 2814 2154 ι
2854 2105 2963 2157 Καὶ
2985 2103 3140 2156 ἔσται
3171 2105 3229 2157 ἐν
3254 2105 3374 2168 ταῖς
3399 2103 3655 2173 ἐσχάταις
3676 2103 3722 2136 ⁸⁸

2141 2194 2385 2263 ἐμφανὲς
2410 2193 2471 2246 τὸ
2514 2194 2637 2265 ὅρος
2669 2193 2876 2264 Κυρίου
2922 2195 3017 2248 καὶ
3055 2197 3082 2246 ό
3133 2191 3282 2258 οῐκος
3331 2195 3424 2248 τοῦ
3465 2195 3599 2249 Θεοῦ
3634 2196 3724 2248 ἐπ’

2140 2288 2326 2350 ἄκρων
2356 2285 2464 2337 τῶν
2483 2285 2681 2354 ὀρέων,
2702 2287 2794 2338 καὶ
2817 2284 3162 2354 ὑψωθήσεται
3194 2287 3284 2340 ἐπὶ
3315 2287 3362 2318 ⁸³
3399 2289 3569 2340 νῶτον
3600 2286 3726 2359 βου-

2141 2375 2269 2439 νῶν,
2301 2378 2397 2429 καὶ
2423 2376 2645 2446 ἥξουσιν
2677 2377 2765 2428 ἐπ’
2790 2378 2957 2430 αὑτὸν
2988 2377 3164 2431 πάντα
3197 2379 3267 2431 τά
3305 2375 3454 2447 ἔθνη·
3494 2379 3589 2432 καὶ
3621 2395 3725 2431 πο-

2145 2466 2431 2538 ρεύσονται
2457 2467 2576 2521 λαοὶ
2605 2468 2790 2522 πολλοὶ
2820 2469 2914 2521 καὶ
2941 2469 3148 2538 ἐροῦσι·
3206 2471 3397 2533 Δεῦτε,
3431 2471 3728 2539 ἀναδῶμεν

2144 2563 2221 2625 εἰς
2252 2561 2312 2613 τὸ
2332 2561 2456 2630 δρος
2485 2561 2580 2614 τοῦ
2633 2562 2842 2630 Κυρίου
2880 2564 2974 2614 καὶ
3002 2566 3082 2623 εἰς
3132 2563 3224 2616 τὸν
3257 2557 3406 2616 οἶκον
3454 2563 3548 2616 τοῦ
3587 2563 3722 2616 Θεοῦ

2155 2651 2372 2716 Ἰακὼϐ,
2409 2654 2502 2704 καὶ
2549 2654 2841 2721 ἀναγγελεῖ
2886 2657 3023 2723 ἡμῖν
3069 2655 3170 2726 τὴν
3223 2655 3343 2708 ὁδὸν
3393 2654 3584 2716 αὑτοῦ,
3627 2656 3722 2707 καὶ

2148 2745 2530 2813 πορευσόμεθα
2561 2747 2618 2797 ἐν
2661 2746 2822 2816 αὑτῇ.
2867 2747 2962 2799 Ἐκ
3023 2747 3132 2817 γάρ
3189 2746 3330 2800 Σιὼν
3383 2747 3725 2812 ἐξελεύσεται

2145 2835 2330 2904 νόμος.
2363 2836 2458 2888 καὶ
2483 2836 2641 2904 λόγος
2669 2838 2876 2907 Κυρίου
2903 2838 2960 2904 ἐξ
2999 2838 3382 2909 Ἰερουσαλήμ.
3411 2840 3520 2892 Καὶ
3551 2842 3728 2911 κρινεῖ

2146 2927 2418 2996 άναμέσον
2447 2928 2615 2980 ἐθνῶν
2643 2929 2856 2982 πολλῶν
2879 2931 2974 2982 καὶ
3005 2929 3212 2998 ἐλέγξει
3236 2931 3364 2983 λαὸν
3393 2932 3583 2985 πολύν.
3617 2932 3728 2985 Καὶ

2149 3018 2485 3088 συγκόψουσι
2518 3019 2617 3081 τάς
2653 3022 2930 3090 μαχαίρας
2981 3022 3165 3076 αὑτῶν
3217 3025 3297 3088 είς
3346 3023 3576 3095 ἄροτρα,
3631 3023 3727 3074 καὶ

2148 3111 2248 3174 τὰς
2279 3111 2505 3175 ζιϐὑνας
2540 3113 2723 3165 αὑτῶν
2760 3116 2838 3177 εἰς
2889 3115 3166 3184 δρέπανα,
3205 3119 3298 3168 καὶ
3332 3117 3392 3168 οὑ
3432 3115 3662 3185 λήψεται
3681 3112 3730 3146 ⁵⁸

2070 3193 2115 3255 C
2146 3201 2296 3263 ἔθνος
2323 3202 2368 3234 ⁸⁵
2401 3203 2677 3273 μάχαιραν
2711 3206 2803 3257 καὶ
2826 3205 2883 3256 οὑ
2912 3206 2984 3274 μὴ
3010 3207 3255 3275 μάθωσιν
3285 3205 3365 3259 ἔτι
3403 3206 3717 3274 πολεμεῖν.»

2219 3291 2297 3362 (5)
2338 3293 2578 3346 Ἰουδαῖοι
2627 3293 2682 3346 δέ
2731 3312 2885 3362 φασι,
2917 3297 3254 3349 Θεοδωτίωνι
3287 3297 3331 3328 ⁸⁸⁸
3361 3296 3731 3367 πλανώμενοι,

2149 3384 2402 3454 περὶτῆς
2458 3385 2522 3437 ἐκ
2579 3385 2897 3449 Βαϐυλῶνος
2947 3388 3210 3442 ἐπανόδου
3245 3391 3513 3462 ἐρῤἧσθαι
3547 3391 3729 3444 τοῦτο.

2149 3477 2259 3529 Καὶ
2297 3475 2356 3527 οὑ
2385 3474 2591 3544 θαῦμον
2630 3476 2705 3538 ὡς
2741 3476 2850 3547 γάρ
2883 3479 2940 3529 ὲν
2971 3482 3088 3542 ταῖς
3120 3479 3338 3544 λοιπαῖς
3371 3481 3733 3552 διασφάλλον-

2148 3585 2238 3620 ται
2278 3566 2666 3636 προφητείαις,
2697 3567 2839 3620 οὑτω
2875 3569 3176 3628 κάνταίθα.

2222 3661 2297 3730 (ι)
2332 3663 2466 3715 Ποῖα
2500 3663 2608 3733 γάρ
2633 3662 2760 3734 ἔθνη
2794 3664 3104 3727 πελάζοντα
3133 3669 3229 3720 καὶ
3261 3667 3546 3738 πόρρωθεν
3577 3673 3730 3739 ἀπῳ-

2153 3753 2386 3820 κισμένα
2417 3753 2582 3821 νόμον
2618 3757 2713 3806 καὶ
2743 3754 2834 3808 τὸν
2877 3755 3088 3808 ἐκεῖθεν
3121 3757 3562 3827 ἐκπορευόμενον
3590 3760 3732 3828 ηγα·

2151 3842 2393 3913 πήσαντο
2427 3843 2583 3910 λόγον
2642 3845 2736 3897 καὶ
2785 3845 2904 3914 οὐχὶ
2934 3846 3134 3916 μᾶλλον
3165 3847 3330 3918 216
3357 3849 3554 3912 αὑτοὺς
3585 3849 3738 3906 ἐναν-

2150 3933 2402 4001 τιοῦντο;
2455 3937 2612 3990 Μετὰ
2661 3936 2771 4005 γάρ
2825 3940 2922 4006 τὴν
2980 3939 3044 3989 ἐκ
3101 3938 3424 4001 Βαϐυλῶνος
3477 3939 3737 3994 ἐπάνοδον

2153 4025 2494 4094 συνέδραμον.
2536 4029 2616 4091 είς
2666 4028 2756 4079 τὸν
2805 4029 3060 4083 Ἰουδαῖον
3115 4031 3245 4083 ναὸν
3275 4029 3320 4061 ⁸⁷
3358 4029 3465 4082 τῶν
3510 4031 3736 4085 ἐκείνων

2151 4117 2516 4185 άσπασάμενα
2548 4119 2776 4173 πλεῖστα
2819 4122 2927 4179 τῶν
2974 4121 3166 4184 ἐθνῶν,
3212 4122 3258 4154 ⁸⁸
3288 4123 3737 4190 ἐπεστράτευσαν

2165 4207 2462 4271 Ὶο.δαέοις·
2501 4211 2549 4262 οἱ
2585 4210 2854 4280 περίοικοι
2889 4212 2947 4264 δὲ
2974 4211 3176 4274 πάντες
3202 4213 3402 4276 αὑτοὺς
3431 4212 3736 4281 πολεμοῦν-

2153 4313 2241 4360 τες
2269 4298 2598 4354 διετέλεσανο
2634 4301 2787 4354 ἐνθεν
2817 4303 2917 4371 μὲν
2950 4303 3268 4373 Ἰδουμαῖοι,
3293 4303 3389 4356 καὶ
3425 4303 3734 4372 ’Λμανῖται,

2156 4391 2250 4442 καὶ
2283 4391 2597 4458 Μωαϐῖται,
2622 4393 2836 4446 ἐκεῖθεν
2865 4394 2921 4446 δέ
2949 4395 3239 4465 ἀλλόφυλοι
3262 4398 3352 4448 καὶ
3371 4395 3737 4464 Σαμαρεῖταιο

2156 4480 2250 4531 καὶ
2283 4480 2467 4548 ὀλίγον
2532 4483 2588 4536 δὲ
2645 4485 2844 4552 χρόνου
2896 4484 3218 4550 διελθόντος,
3267 4488 3335 4540 τὰ
3388 4485 3740 4540 Μακεδονικὰ

449 4581 772 4637 licebantur.
812 4581 866 4634 Si
909 4590 1090 4634 autem
1131 4581 1384 4634 nuntient
1438 4583 1603 4635 verba
1659 4582 1772 4635 haec
1833 4591 2039 4650 tempus

2151 4573 2349 4636 αὐτοὺς
2391 4576 2594 4644 ἐπέστη
2650 4578 2817 4639 κακὰ,
2853 4575 2887 4630 ἃ
2941 4577 3051 4630 τῶν
3082 4578 3462 4632 Μακκαεαίων
3496 4579 3550 4630 αἱ
3601 4594 3738 4645 συγ·-

449 4681 570 4744 post
610 4659 901 4728 adventum
948 4672 1172 4735 Christi,
1230 4673 1433 4740 optime
1495 4671 1635 4729 facta
1683 4673 2040 4728 concordant.

448 4767 590 4820 Ante
622 4765 766 4819 enim
802 4765 1108 4820 Romanum
1154 4764 1464 4832 imperium,
1494 4765 1674 4819 multa:
1711 4775 1872 4819 erant
1909 4783 2040 4836 gen-

449 4859 586 4912 tium
646 4857 790 4911 inter
849 4872 909 4912 se
958 4855 1398 4925 congressiones,
1436 4856 1567 4925 quia
1634 4855 1870 4910 divisum
1925 4866 2045 4911 erat

449 4950 590 5002 inter
639 4947 884 5018 singulas
941 4955 1130 5020 gentes
1180 4947 1504 5017 imperium,
1553 4947 1810 5000 universo
1861 4957 2040 5000 autem

450 5041 677 5105 imperio
726 5041 790 5093 ad
839 5039 1118 5095 Romanos
1155 5040 1441 5103 translato,
1485 5046 1538 5093 et
1571 5038 1909 5108 singularum
1946 5052 2040 5091 na-

453 5131 660 5184 tionum
702 5133 768 5184 ad
800 5133 1092 5186 adventum
1137 5131 1342 5185 Christi
1393 5145 1563 5200 regno
1595 5132 1897 5189 destructo,
1937 5144 2038 5197 pax

453 5221 560 5272 alta
597 5219 780 5273 ﬂoruit
809 5221 864 5273 in
893 5223 1118 5287 mundo,
1166 5224 1241 5276 ita
1275 5231 1332 5276 ut
1353 5221 1465 5291 jam
1497 5222 1642 5275 nulla
1670 5237 1806 5292 gens
1849 5221 2043 5274 adver-

455 5325 549 5364 sus
576 5318 789 5380 gentem
828 5311 988 5366 aliam
1027 5313 1162 5368 bella
1202 5321 1446 5369 moveret
1469 5314 1534 5367 ad
1576 5321 1898 5383 potestatem
1931 5312 2042 5366 eri-

2145 4666 2356 4735 γραιραὶ
2385 4665 2759 4736 περιέχουσιψ
2792 4668 3030 4722 ἐνταῦθα
3056 4669 3113 4724 δὲ
3143 4671 3171 4721 ὁ
3208 4671 3550 4740 προφητικὸς
3577 4669 3739 4736 λόγος

2145 4757 2368 4824 εἰρήνην
2396 4756 2667 4825 ὑπέσχετο
2699 4757 2946 4824 βαθεῖαν.
2978 4759 3054 4831 (5)
3086 4761 3206 4814 Ὀτι
3247 4762 3303 4813 δὲ
3332 4762 3424 4814 τὸν
3459 4764 3596 4832 μετὰ
3633 4759 3738 4830 τὴν

2142 4844 2236 4897 τοῦ
2267 4847 2474 4916 Κυρίου
2502 4851 2810 4918 παρουσίαν
2836 4853 3273 4922 προσημαίνει⁸⁹
3301 4853 3475 4906 ταῦτα
3514 4853 3738 4920 καιρὸν,

2143 4937 2308 4990 πάλιν
2353 4939 2423 4991 τά
2477 4941 2779 5011 πράγματα
2817 4946 3006 5011 σαφῶς
3069 4947 3432 5016 μαρτυροῦσι·
3487 4945 3593 5014 πρὸ
3633 4945 3738 5014 μὲν

2144 5031 2254 5102 γὰρ
2283 5032 2382 5102 τῆς
2419 5032 2706 5104 Ῥωμαίων
2737 5035 3018 5105 βασιλείας
3048 5038 3244 5108 συχναὶ
3278 5038 3386 5091 τῶν
3419 5037 3588 5090 ἐθνῶν
3611 5037 3736 5088 κατ’

2146 5124 2390 5193 ἀλλήλων
2418 5127 2822 5190 ἐπαναστάσεις
2845 5129 3104 5196 ἐγίνοντο,
3136 5131 3234 5183 an
3257 5129 3320 5200 δὴ
3347 5129 3467 5182 καθ’
3493 5130 3736 5182 ἕκαστον

2144 5216 2296 5277 ἔθνος
2328 5218 2426 5285 τῆς
2482 5217 2763 5286 βασιλείας
2801 5220 3241 5293 μεμερισμένης
3281 5222 3466 5290 πάσης
3507 5219 3564 5273 δὲ
3599 5221 3739 5288 ἠγε-

2148 5311 2340 5380 μονίας
2375 5315 2454 5376 είς
2490 5313 2796 5384 Ῥωμαίους
2849 5317 3246 5387 μετατεθείσης
3303 5316 3420 5389 (καὶ
3463 5317 3560 5389 τῆς
3609 5312 3736 5367 καθ’

1654 5450 1854 5512 Varia:
1889 5449 2198 5511 lectiones
2224 5455 2285 5510 et
2329 5456 2517 5511 noue.

528 5594 572 5624 "'
611 5591 736 5647 [ch
803 5593 1015 5647 rubrica
1069 5594 1119 5646 in
1159 5595 1346 5650 codice
1400 5595 1638 5650 evanuit.

455 5661 713 5735 ﬁtaégp'lrtQ
766 5665 913 5735 cod,
955 5676 1008 5716 et
1065 5663 1224 5718 LXX.
1300 5664 1346 5696 ’⁵⁸
1390 5665 1645 5735 ὑπεράνω
1704 5664 1808 5719 La.
1877 5665 2006 5735 (led.

458 5817 637 5855 νονται
691 5804 818 5857 (Iud.

1721 5597 1765 5627 ⁸9
1789 5593 1917 5650 Ced.
1951 5589 2039 5646 διε

1721 5665 1808 5716 ζδα.
1877 5665 2006 5716 CcJ.

2145 5593 2194 5645 9.
2278 5591 2320 5621 ⁸⁸
2350 5591 2479 5648 Cetl.
2527 5594 2803 5660 318,919.
2882 5596 2922 5627 λ’
2953 5597 3056 5652 lsa.
3091 5615 3149 5662 Il,
3189 5598 3311 5652 2-4.
3391 5598 3434 5629 δ’
3479 5597 3740 5663 ἐσκάταις

2142 5671 2153 5691 ι
2189 5659 2320 5716 Nota
2375 5664 2535 5716 λήψει
2591 5666 2711 5716 cod.
2792 5668 2835 5697 ⁸⁵
2861 5665 3011 5716 ἔθνος
3038 5670 3124 5716 ἐπ’
3156 5667 3307 5716 ἔθνος
3331 5668 3451 5716 cod.
3479 5616 3733 5716 (rt/LXX.

460 5682 696 5732 ημεραις
766 5682 890 5717 cuu.
955 5682 1008 5716 et
1065 5682 1224 5718 t..\.\.
1300 5682 1346 5696 "
1390 5682 1645 5735 υπερανω
1707 5682 1808 5719 ιδιι.
1877 5682 2006 5717 δοκι.

460 5731 505 5761 δ’
554 5733 658 5785 ὑπό
684 5733 1088 5805 Θεοδωτῗωνοςν
1183 5735 1224 5764 δ’
1266 5735 1374 5788 rit?
1405 5766 1472 5774 ——
1515 5736 1783 5790 πλείστων
1815 5733 1983 5789 ἐθνῶν
2020 5747 2039 5786 t

2142 5682 2153 5691 ν
2189 5682 2320 5716 nuta
2377 5682 2535 5733 ληψει
2591 5682 2711 5720 cod.
2792 5682 2835 5697 ’δ’
2861 5682 3011 5729 ευνος
3038 5682 3124 5720 επ
3156 5682 3212 5720 ευ

2222 5732 2265 5765 ⁸⁸
2308 5733 2438 5786 κοιίῖ
2477 5766 2541 5772 --
2595 5735 2724 5790 (Sed.
2784 5736 3216 5805 518,20-5l9,5.

2591 5666 2711 5720 cod.
2792 5668 2835 5697 ⁸⁵
2861 5665 3011 5729 ἔθνος
3038 5670 3124 5720 ἐπ’
3156 5667 3307 5732 ἔθνος
3331 5668 3451 5723 cod.
3479 5665 3698 5723 et‘LXX
3717 5707 3733 5721 .

2595 5735 2700 5770 mn
2784 5736 2886 5770 xm
2915 5736 3134 5770 σηπίαι
3164 5738 3196 5770 τ
3317 5735 3361 5770 ιι
3417 5739 3733 5770 -,-......:_

3417 5755 3734 5810 προσημαι-
