  <div class='ocr_page' id='page_1' title='image "/cluster/home/n/w/nwhite01/storage/ocr_20150623/110/coo.31924054870146/184.png"; bbox 0 0 4088 6438; ppageno 0'>
   <div class='ocr_carea' id='block_1_1' title="bbox 333 396 449 462">
    <p class='ocr_par' dir='ltr' id='par_1_1' title="bbox 333 396 449 462">
     <span class='ocr_line' id='line_1_1' title="bbox 333 396 449 462; baseline 0.009 -1"><span class='ocrx_word' id='word_1_1' title='bbox 333 396 449 462; x_wconf 75' lang='lat'><strong>353</strong></span> 
     </span>
    </p>
   </div>
   <div class='ocr_carea' id='block_1_2' title="bbox 1532 397 2463 461">
    <p class='ocr_par' dir='ltr' id='par_1_2' title="bbox 1532 397 2463 461">
     <span class='ocr_line' id='line_1_2' title="bbox 1532 397 2463 461; baseline -0.001 -4"><span class='ocrx_word' id='word_1_2' title='bbox 1532 398 1998 461; x_wconf 75' lang='lat' dir='ltr'><strong>CHRONICON.</strong></span> <span class='ocrx_word' id='word_1_3' title='bbox 2041 422 2113 432; x_wconf 58' lang='grc' dir='ltr'>π-</span> <span class='ocrx_word' id='word_1_4' title='bbox 2146 397 2291 456; x_wconf 79' lang='lat' dir='ltr'><strong>LIB.</strong></span> <span class='ocrx_word' id='word_1_5' title='bbox 2344 398 2463 456; x_wconf 84' lang='lat' dir='ltr'><strong>lii.</strong></span> 
     </span>
    </p>
   </div>
   <div class='ocr_carea' id='block_1_3' title="bbox 3432 368 3643 463">
    <p class='ocr_par' dir='ltr' id='par_1_3' title="bbox 3432 368 3643 463">
     <span class='ocr_line' id='line_1_3' title="bbox 3432 368 3643 463; baseline -0.019 1"><span class='ocrx_word' id='word_1_6' title='bbox 3432 368 3437 375; x_wconf 70' lang='grc'><em>’</em></span> <span class='ocrx_word' id='word_1_7' title='bbox 3534 401 3643 463; x_wconf 73' lang='lat' dir='ltr'><strong>ast</strong></span> 
     </span>
    </p>
   </div>
   <div class='ocr_carea' id='block_1_4' title="bbox 330 507 1935 582">
    <p class='ocr_par' dir='ltr' id='par_1_4' title="bbox 330 507 1935 582">
     <span class='ocr_line' id='line_1_4' title="bbox 330 507 1935 582; baseline 0.001 -19"><span class='ocrx_word' id='word_1_8' title='bbox 330 510 580 563; x_wconf 71' lang='grc' dir='ltr'>ἱκαστον</span> <span class='ocrx_word' id='word_1_9' title='bbox 608 507 782 562; x_wconf 77' lang='grc' dir='ltr'>ἐθνῶν</span> <span class='ocrx_word' id='word_1_10' title='bbox 808 508 1093 579; x_wconf 72' lang='grc' dir='ltr'>βασιλείας</span> <span class='ocrx_word' id='word_1_11' title='bbox 1126 510 1221 563; x_wconf 71' lang='grc' dir='ltr'>ἐπὶ</span> <span class='ocrx_word' id='word_1_12' title='bbox 1245 510 1344 580; x_wconf 76' lang='grc' dir='ltr'>τῆς</span> <span class='ocrx_word' id='word_1_13' title='bbox 1371 511 1610 580; x_wconf 78' lang='grc' dir='ltr'>Χριστοῦ</span> <span class='ocrx_word' id='word_1_14' title='bbox 1635 510 1935 582; x_wconf 84' lang='grc' dir='ltr'>παρουσίας</span> 
     </span>
    </p>
   </div>
   <div class='ocr_carea' id='block_1_5' title="bbox 2042 507 3638 582">
    <p class='ocr_par' dir='ltr' id='par_1_5' title="bbox 2049 508 3638 579">
     <span class='ocr_line' id='line_1_5' title="bbox 2049 508 3638 579; baseline 0.003 -17"><span class='ocrx_word' id='word_1_15' title='bbox 2049 508 2326 579; x_wconf 86' lang='lat' dir='ltr'><strong>piendam,</strong></span> <span class='ocrx_word' id='word_1_16' title='bbox 2359 508 2454 564; x_wconf 89' lang='lat' dir='ltr'><strong>sed</strong></span> <span class='ocrx_word' id='word_1_17' title='bbox 2480 522 2735 579; x_wconf 81' lang='lat' dir='ltr'><strong>agrorum</strong></span> <span class='ocrx_word' id='word_1_18' title='bbox 2760 510 2991 567; x_wconf 86' lang='lat' dir='ltr'><strong>culturae</strong></span> <span class='ocrx_word' id='word_1_19' title='bbox 3016 526 3208 568; x_wconf 88' lang='lat' dir='ltr'><strong>omnes</strong></span> <span class='ocrx_word' id='word_1_20' title='bbox 3238 512 3638 568; x_wconf 82' lang='lat' dir='ltr'><strong>incumberent.</strong></span> 
     </span>
    </p>
   </div>
   <div class='ocr_carea' id='block_1_6' title="bbox 336 599 1944 673">
    <p class='ocr_par' dir='ltr' id='par_1_6' title="bbox 336 599 1944 673">
     <span class='ocr_line' id='line_1_6' title="bbox 336 599 1944 673; baseline -0.002 -17"><span class='ocrx_word' id='word_1_21' title='bbox 336 599 803 672; x_wconf 72' lang='grc' dir='ltr'><strong>καταλυθείσης),</strong></span> <span class='ocrx_word' id='word_1_22' title='bbox 850 602 1050 673; x_wconf 78' lang='grc' dir='ltr'>εἰρήνη</span> <span class='ocrx_word' id='word_1_23' title='bbox 1104 600 1295 670; x_wconf 78' lang='grc' dir='ltr'>βαθεῖα</span> <span class='ocrx_word' id='word_1_24' title='bbox 1333 601 1566 671; x_wconf 86' lang='grc' dir='ltr'>κατέσχε</span> <span class='ocrx_word' id='word_1_25' title='bbox 1615 602 1715 670; x_wconf 81' lang='grc' dir='ltr'>τὴν</span> <span class='ocrx_word' id='word_1_26' title='bbox 1764 602 1944 653; x_wconf 83' lang='grc' dir='ltr'>οἰκου-</span> 
     </span>
    </p>
   </div>
   <div class='ocr_carea' id='block_1_7' title="bbox 338 691 1943 764">
    <p class='ocr_par' dir='ltr' id='par_1_7' title="bbox 338 691 1943 764">
     <span class='ocr_line' id='line_1_7' title="bbox 338 691 1943 764; baseline 0 -20"><span class='ocrx_word' id='word_1_27' title='bbox 338 696 540 764; x_wconf 82' lang='grc' dir='ltr'>μένην,</span> <span class='ocrx_word' id='word_1_28' title='bbox 576 692 655 755; x_wconf 84' lang='grc' dir='ltr'>ὡς</span> <span class='ocrx_word' id='word_1_29' title='bbox 691 692 895 761; x_wconf 77' lang='grc' dir='ltr'><strong>μηκέτι</strong></span> <span class='ocrx_word' id='word_1_30' title='bbox 946 693 1097 755; x_wconf 75' lang='grc' dir='ltr'>ἔθνος</span> <span class='ocrx_word' id='word_1_31' title='bbox 1129 691 1249 744; x_wconf 67' lang='grc' dir='ltr'><strong>κη’</strong></span> <span class='ocrx_word' id='word_1_32' title='bbox 1298 692 1487 755; x_wconf 76' lang='grc' dir='ltr'>ἔθνους</span> <span class='ocrx_word' id='word_1_33' title='bbox 1520 692 1943 763; x_wconf 75' lang='grc' dir='ltr'><strong>ἐπιστρατεύειν</strong></span> 
     </span>
    </p>
   </div>
   <div class='ocr_carea' id='block_1_8' title="bbox 339 781 1939 856">
    <p class='ocr_par' dir='ltr' id='par_1_8' title="bbox 339 781 1939 856">
     <span class='ocr_line' id='line_1_8' title="bbox 339 781 1939 856; baseline -0.003 -18"><span class='ocrx_word' id='word_1_34' title='bbox 339 788 463 847; x_wconf 72' lang='grc' dir='ltr'>(καὶ</span> <span class='ocrx_word' id='word_1_35' title='bbox 528 786 768 856; x_wconf 78' lang='grc' dir='ltr'>μερικὰς</span> <span class='ocrx_word' id='word_1_36' title='bbox 833 782 1117 852; x_wconf 75' lang='grc' dir='ltr'>βασιλείας</span> <span class='ocrx_word' id='word_1_37' title='bbox 1178 781 1616 851; x_wconf 79' lang='grc' dir='ltr'>καθαρπάζειν),</span> <span class='ocrx_word' id='word_1_38' title='bbox 1687 781 1823 835; x_wconf 80' lang='grc' dir='ltr'>ἀλλὰ</span> <span class='ocrx_word' id='word_1_39' title='bbox 1874 784 1939 853; x_wconf 82' lang='grc' dir='ltr'>τῇ</span> 
     </span>
    </p>
   </div>
   <div class='ocr_carea' id='block_1_9' title="bbox 336 872 1942 946">
    <p class='ocr_par' dir='ltr' id='par_1_9' title="bbox 336 872 1942 946">
     <span class='ocr_line' id='line_1_9' title="bbox 336 872 1942 946; baseline -0.002 -17"><span class='ocrx_word' id='word_1_40' title='bbox 336 878 593 946; x_wconf 75' lang='grc' dir='ltr'><strong>γεωργίᾳ</strong></span> <span class='ocrx_word' id='word_1_41' title='bbox 620 875 939 945; x_wconf 78' lang='grc' dir='ltr'><strong>προσέχειν.</strong></span> <span class='ocrx_word' id='word_1_42' title='bbox 978 872 1189 926; x_wconf 78' lang='grc' dir='ltr'>Οὐκοῦν</span> <span class='ocrx_word' id='word_1_43' title='bbox 1248 874 1393 945; x_wconf 86' lang='grc' dir='ltr'>μάλα</span> <span class='ocrx_word' id='word_1_44' title='bbox 1441 874 1718 927; x_wconf 79' lang='grc' dir='ltr'>δείκνυται</span> <span class='ocrx_word' id='word_1_45' title='bbox 1753 873 1942 942; x_wconf 81' lang='grc' dir='ltr'>σαφῶς</span> 
     </span>
    </p>
   </div>
   <div class='ocr_carea' id='block_1_10' title="bbox 335 966 1942 1039">
    <p class='ocr_par' dir='ltr' id='par_1_10' title="bbox 335 966 1942 1039">
     <span class='ocr_line' id='line_1_10' title="bbox 335 966 1942 1039; baseline -0.002 -17"><span class='ocrx_word' id='word_1_46' title='bbox 335 971 398 1022; x_wconf 67' lang='grc' dir='ltr'><strong>τὸ</strong></span> <span class='ocrx_word' id='word_1_47' title='bbox 450 969 552 1037; x_wconf 83' lang='grc' dir='ltr'>τῆς</span> <span class='ocrx_word' id='word_1_48' title='bbox 610 969 974 1039; x_wconf 67' lang='grc' dir='ltr'>προρρήσεως</span> <span class='ocrx_word' id='word_1_49' title='bbox 1010 966 1184 1026; x_wconf 80' lang='grc' dir='ltr'>τέλος.</span> <span class='ocrx_word' id='word_1_50' title='bbox 1233 967 1308 1037; x_wconf 91' lang='grc'><strong>(6)</strong></span> <span class='ocrx_word' id='word_1_51' title='bbox 1361 967 1430 1018; x_wconf 89' lang='grc' dir='ltr'><strong>Ἢ</strong></span> <span class='ocrx_word' id='word_1_52' title='bbox 1470 967 1571 1035; x_wconf 71' lang='grc' dir='ltr'><strong>οὐχ</strong></span> <span class='ocrx_word' id='word_1_53' title='bbox 1628 967 1794 1036; x_wconf 84' lang='grc' dir='ltr'>ὁρᾶτε</span> <span class='ocrx_word' id='word_1_54' title='bbox 1844 966 1942 1036; x_wconf 77' lang='grc' dir='ltr'>τῆς</span> 
     </span>
    </p>
   </div>
   <div class='ocr_carea' id='block_1_11' title="bbox 339 1058 1942 1129">
    <p class='ocr_par' dir='ltr' id='par_1_11' title="bbox 339 1058 1942 1129">
     <span class='ocr_line' id='line_1_11' title="bbox 339 1058 1942 1129; baseline -0.004 -14"><span class='ocrx_word' id='word_1_55' title='bbox 339 1062 677 1129; x_wconf 74' lang='grc' dir='ltr'>Ἐκκλησίας</span> <span class='ocrx_word' id='word_1_56' title='bbox 701 1059 764 1111; x_wconf 78' lang='grc' dir='ltr'><strong>τὸ</strong></span> <span class='ocrx_word' id='word_1_57' title='bbox 810 1058 947 1128; x_wconf 64' lang='grc' dir='ltr'>ὕψος</span> <span class='ocrx_word' id='word_1_58' title='bbox 999 1061 1091 1112; x_wconf 72' lang='grc' dir='ltr'><strong>καὶ</strong></span> <span class='ocrx_word' id='word_1_59' title='bbox 1126 1059 1337 1121; x_wconf 83' lang='grc' dir='ltr'>πάντας</span> <span class='ocrx_word' id='word_1_60' title='bbox 1395 1058 1815 1121; x_wconf 85' lang='grc' dir='ltr'>ὑποκύπτοντας</span> <span class='ocrx_word' id='word_1_61' title='bbox 1846 1059 1942 1110; x_wconf 73' lang='grc' dir='ltr'>καὶ</span> 
     </span>
    </p>
   </div>
   <div class='ocr_carea' id='block_1_12' title="bbox 338 1149 1942 1226">
    <p class='ocr_par' dir='ltr' id='par_1_12' title="bbox 338 1149 1942 1226">
     <span class='ocr_line' id='line_1_12' title="bbox 338 1149 1942 1226; baseline -0.005 -17"><span class='ocrx_word' id='word_1_62' title='bbox 338 1157 515 1226; x_wconf 74' lang='grc' dir='ltr'>ταύτῃ</span> <span class='ocrx_word' id='word_1_63' title='bbox 542 1156 589 1185; x_wconf 76' lang='grc'><strong><em>⁸⁵</em></strong></span> <span class='ocrx_word' id='word_1_64' title='bbox 614 1152 677 1204; x_wconf 75' lang='grc' dir='ltr'>τὸ</span> <span class='ocrx_word' id='word_1_65' title='bbox 719 1155 887 1215; x_wconf 81' lang='grc' dir='ltr'>σέϐας</span> <span class='ocrx_word' id='word_1_66' title='bbox 934 1152 1351 1222; x_wconf 77' lang='grc' dir='ltr'>προσφέροντας</span> <span class='ocrx_word' id='word_1_67' title='bbox 1378 1152 1421 1182; x_wconf 81' lang='grc'>³³</span> <span class='ocrx_word' id='word_1_68' title='bbox 1458 1149 1615 1220; x_wconf 80' lang='lat'><strong>(57‘),</strong></span> <span class='ocrx_word' id='word_1_69' title='bbox 1674 1149 1768 1203; x_wconf 79' lang='grc' dir='ltr'><strong>καὶ</strong></span> <span class='ocrx_word' id='word_1_70' title='bbox 1814 1149 1942 1212; x_wconf 82' lang='grc' dir='ltr'>τοὺς</span> 
     </span>
    </p>
   </div>
   <div class='ocr_carea' id='block_1_13' title="bbox 349 1237 1940 1316">
    <p class='ocr_par' dir='ltr' id='par_1_13' title="bbox 349 1237 1940 1316">
     <span class='ocr_line' id='line_1_13' title="bbox 349 1237 1940 1316; baseline -0.005 -17"><span class='ocrx_word' id='word_1_71' title='bbox 349 1248 449 1316; x_wconf 72' lang='grc' dir='ltr'>μὲν</span> <span class='ocrx_word' id='word_1_72' title='bbox 475 1247 769 1308; x_wconf 73' lang='grc' dir='ltr'>πλείστους</span> <span class='ocrx_word' id='word_1_73' title='bbox 828 1244 1071 1307; x_wconf 81' lang='grc' dir='ltr'>ὲκόντως</span> <span class='ocrx_word' id='word_1_74' title='bbox 1133 1245 1225 1296; x_wconf 78' lang='grc' dir='ltr'><strong>καὶ</strong></span> <span class='ocrx_word' id='word_1_75' title='bbox 1275 1237 1664 1311; x_wconf 75' lang='grc' dir='ltr'>εὐγνωμόνως,</span> <span class='ocrx_word' id='word_1_76' title='bbox 1701 1242 1829 1302; x_wconf 80' lang='grc' dir='ltr'>τοὺς</span> <span class='ocrx_word' id='word_1_77' title='bbox 1883 1239 1940 1292; x_wconf 78' lang='grc' dir='ltr'><strong>δὲ</strong></span> 
     </span>
    </p>
   </div>
   <div class='ocr_carea' id='block_1_14' title="bbox 348 1332 1940 1407">
    <p class='ocr_par' dir='ltr' id='par_1_14' title="bbox 348 1332 1940 1407">
     <span class='ocr_line' id='line_1_14' title="bbox 348 1332 1940 1407; baseline -0.004 -17"><span class='ocrx_word' id='word_1_78' title='bbox 348 1336 734 1407; x_wconf 76' lang='grc' dir='ltr'>παραγνώμως</span> <span class='ocrx_word' id='word_1_79' title='bbox 763 1333 1121 1395; x_wconf 77' lang='grc' dir='ltr'>δουλεύοντας</span> <span class='ocrx_word' id='word_1_80' title='bbox 1178 1334 1277 1388; x_wconf 78' lang='grc' dir='ltr'>καὶ</span> <span class='ocrx_word' id='word_1_81' title='bbox 1315 1336 1495 1402; x_wconf 80' lang='grc' dir='ltr'>μάτην</span> <span class='ocrx_word' id='word_1_82' title='bbox 1553 1332 1940 1401; x_wconf 76' lang='grc' dir='ltr'>ἀντιλέγοντας</span> 
     </span>
    </p>
   </div>
   <div class='ocr_carea' id='block_1_15' title="bbox 340 1426 1940 1499">
    <p class='ocr_par' dir='ltr' id='par_1_15' title="bbox 340 1426 1940 1499">
     <span class='ocr_line' id='line_1_15' title="bbox 340 1426 1940 1499; baseline -0.004 -17"><span class='ocrx_word' id='word_1_83' title='bbox 340 1428 916 1499; x_wconf 72' lang='grc' dir='ltr'>ἑξοστρακιζομὲνους</span> <span class='ocrx_word' id='word_1_84' title='bbox 969 1426 1194 1492; x_wconf 82' lang='grc' dir='ltr'>κακῶς;</span> <span class='ocrx_word' id='word_1_85' title='bbox 1253 1427 1365 1496; x_wconf 86' lang='grc' dir='ltr'>Ούχ</span> <span class='ocrx_word' id='word_1_86' title='bbox 1423 1427 1589 1497; x_wconf 82' lang='grc' dir='ltr'>ὁρᾶτε</span> <span class='ocrx_word' id='word_1_87' title='bbox 1629 1426 1740 1478; x_wconf 82' lang='grc' dir='ltr'><strong>τῶν</strong></span> <span class='ocrx_word' id='word_1_88' title='bbox 1768 1426 1940 1495; x_wconf 79' lang='grc' dir='ltr'>ὀρέων</span> 
     </span>
    </p>
   </div>
   <div class='ocr_carea' id='block_1_16' title="bbox 335 1513 1943 1591">
    <p class='ocr_par' dir='ltr' id='par_1_16' title="bbox 335 1513 1943 1591">
     <span class='ocr_line' id='line_1_16' title="bbox 335 1513 1943 1591; baseline -0.003 -18"><span class='ocrx_word' id='word_1_89' title='bbox 335 1522 434 1583; x_wconf 74' lang='grc' dir='ltr'><strong>τάς</strong></span> <span class='ocrx_word' id='word_1_90' title='bbox 457 1520 731 1591; x_wconf 65' lang='grc' dir='ltr'>κορυφάς,</span> <span class='ocrx_word' id='word_1_91' title='bbox 758 1513 805 1571; x_wconf 84' lang='grc' dir='ltr'>ὧ</span> <span class='ocrx_word' id='word_1_92' title='bbox 849 1518 1096 1570; x_wconf 80' lang='grc' dir='ltr'>Ἰουδαῖοι</span> <span class='ocrx_word' id='word_1_93' title='bbox 1141 1519 1236 1570; x_wconf 74' lang='grc' dir='ltr'><strong>καὶ</strong></span> <span class='ocrx_word' id='word_1_94' title='bbox 1277 1518 1562 1587; x_wconf 84' lang='grc' dir='ltr'>Ἕλληνες,</span> <span class='ocrx_word' id='word_1_95' title='bbox 1610 1516 1703 1569; x_wconf 85' lang='grc' dir='ltr'><strong>τοῦ</strong></span> <span class='ocrx_word' id='word_1_96' title='bbox 1738 1516 1943 1586; x_wconf 82' lang='grc' dir='ltr'>ὑμετέ-</span> 
     </span>
    </p>
   </div>
   <div class='ocr_carea' id='block_1_17' title="bbox 330 1605 1941 1684">
    <p class='ocr_par' dir='ltr' id='par_1_17' title="bbox 330 1605 1941 1684">
     <span class='ocr_line' id='line_1_17' title="bbox 330 1605 1941 1684; baseline -0.003 -19"><span class='ocrx_word' id='word_1_97' title='bbox 330 1631 436 1684; x_wconf 86' lang='grc' dir='ltr'><strong>ρου</strong></span> <span class='ocrx_word' id='word_1_98' title='bbox 473 1614 686 1683; x_wconf 85' lang='grc' dir='ltr'>μύσους</span> <span class='ocrx_word' id='word_1_99' title='bbox 734 1611 1174 1682; x_wconf 76' lang='grc' dir='ltr'>ἀπηλλαγμένας</span> <span class='ocrx_word' id='word_1_100' title='bbox 1210 1611 1306 1664; x_wconf 72' lang='grc' dir='ltr'>καὶ</span> <span class='ocrx_word' id='word_1_101' title='bbox 1357 1611 1477 1673; x_wconf 83' lang='grc' dir='ltr'>ταῖς</span> <span class='ocrx_word' id='word_1_102' title='bbox 1524 1609 1634 1661; x_wconf 86' lang='grc' dir='ltr'><strong>τῶν</strong></span> <span class='ocrx_word' id='word_1_103' title='bbox 1685 1605 1941 1677; x_wconf 80' lang='grc' dir='ltr'>ἀσκητῶν</span> 
     </span>
    </p>
   </div>
   <div class='ocr_carea' id='block_1_18' title="bbox 336 1698 1938 1775">
    <p class='ocr_par' dir='ltr' id='par_1_18' title="bbox 336 1698 1938 1775">
     <span class='ocr_line' id='line_1_18' title="bbox 336 1698 1938 1775; baseline -0.007 -14"><span class='ocrx_word' id='word_1_104' title='bbox 336 1709 705 1775; x_wconf 69' lang='grc' dir='ltr'>καταγωγαῖς</span> <span class='ocrx_word' id='word_1_105' title='bbox 751 1705 1162 1773; x_wconf 83' lang='grc' dir='ltr'>κοσμουμένας,</span> <span class='ocrx_word' id='word_1_106' title='bbox 1216 1704 1426 1764; x_wconf 87' lang='grc' dir='ltr'>πάντας</span> <span class='ocrx_word' id='word_1_107' title='bbox 1480 1700 1815 1771; x_wconf 74' lang='grc' dir='ltr'>συρρέοντας</span> <span class='ocrx_word' id='word_1_108' title='bbox 1847 1698 1938 1751; x_wconf 77' lang='grc' dir='ltr'><strong>καὶ</strong></span> 
     </span>
    </p>
   </div>
   <div class='ocr_carea' id='block_1_19' title="bbox 340 1788 1940 1869">
    <p class='ocr_par' dir='ltr' id='par_1_19' title="bbox 340 1788 1940 1869">
     <span class='ocr_line' id='line_1_19' title="bbox 340 1788 1940 1869; baseline -0.008 -17"><span class='ocrx_word' id='word_1_109' title='bbox 340 1800 433 1852; x_wconf 71' lang='grc' dir='ltr'><strong>τὸν</strong></span> <span class='ocrx_word' id='word_1_110' title='bbox 475 1803 533 1851; x_wconf 79' lang='grc' dir='ltr'><strong>ἐν</strong></span> <span class='ocrx_word' id='word_1_111' title='bbox 562 1802 631 1869; x_wconf 76' lang='grc' dir='ltr'>τῇ</span> <span class='ocrx_word' id='word_1_112' title='bbox 670 1800 800 1868; x_wconf 76' lang='grc' dir='ltr'>σιγῇ</span> <span class='ocrx_word' id='word_1_113' title='bbox 836 1798 1177 1861; x_wconf 74' lang='grc' dir='ltr'>ἐπιφανέντα</span> <span class='ocrx_word' id='word_1_114' title='bbox 1212 1794 1372 1863; x_wconf 81' lang='grc' dir='ltr'>λόγον</span> <span class='ocrx_word' id='word_1_115' title='bbox 1421 1792 1814 1860; x_wconf 82' lang='grc' dir='ltr'>Θεολογοῦντας</span> <span class='ocrx_word' id='word_1_116' title='bbox 1845 1788 1940 1843; x_wconf 73' lang='grc' dir='ltr'><strong>καὶ</strong></span> 
     </span>
    </p>
   </div>
   <div class='ocr_carea' id='block_1_20' title="bbox 2050 598 3645 674">
    <p class='ocr_par' dir='ltr' id='par_1_20' title="bbox 2050 598 3645 674">
     <span class='ocr_line' id='line_1_20' title="bbox 2050 598 3645 674; baseline 0.005 -22"><span class='ocrx_word' id='word_1_117' title='bbox 2050 598 2175 655; x_wconf 69' lang='grc' dir='ltr'>Ηιεο</span> <span class='ocrx_word' id='word_1_118' title='bbox 2205 600 2368 670; x_wconf 93' lang='lat' dir='ltr'><strong>igitur</strong></span> <span class='ocrx_word' id='word_1_119' title='bbox 2398 615 2428 655; x_wconf 89' lang='lat' dir='ltr'><strong>a</strong></span> <span class='ocrx_word' id='word_1_120' title='bbox 2482 601 2764 671; x_wconf 72' lang='lat' dir='ltr'><strong>prophetia</strong></span> <span class='ocrx_word' id='word_1_121' title='bbox 2818 604 3219 674; x_wconf 82' lang='lat' dir='ltr'><strong>signiﬁcantur.</strong></span> <span class='ocrx_word' id='word_1_122' title='bbox 3271 604 3463 661; x_wconf 89' lang='lat' dir='ltr'><strong>Nonne</strong></span> <span class='ocrx_word' id='word_1_123' title='bbox 3507 607 3645 660; x_wconf 87' lang='lat' dir='ltr'><strong>emi-</strong></span> 
     </span>
    </p>
   </div>
   <div class='ocr_carea' id='block_1_21' title="bbox 2051 691 3643 766">
    <p class='ocr_par' dir='ltr' id='par_1_21' title="bbox 2051 691 3643 766">
     <span class='ocr_line' id='line_1_21' title="bbox 2051 691 3643 766; baseline 0.003 -21"><span class='ocrx_word' id='word_1_124' title='bbox 2051 701 2267 745; x_wconf 88' lang='lat' dir='ltr'><strong>nentem</strong></span> <span class='ocrx_word' id='word_1_125' title='bbox 2307 692 2505 746; x_wconf 76' lang='lat' dir='ltr'><strong>videtis</strong></span> <span class='ocrx_word' id='word_1_126' title='bbox 2545 691 2866 759; x_wconf 85' lang='lat' dir='ltr'><strong>Ecclesiam,</strong></span> <span class='ocrx_word' id='word_1_127' title='bbox 2929 712 3227 766; x_wconf 81' lang='lat' dir='ltr'><strong>omnesque</strong></span> <span class='ocrx_word' id='word_1_128' title='bbox 3274 697 3421 750; x_wconf 83' lang='lat' dir='ltr'><strong>illam</strong></span> <span class='ocrx_word' id='word_1_129' title='bbox 3479 713 3643 750; x_wconf 85' lang='lat' dir='ltr'><strong>vene-</strong></span> 
     </span>
    </p>
   </div>
   <div class='ocr_carea' id='block_1_22' title="bbox 2048 783 3649 857">
    <p class='ocr_par' dir='ltr' id='par_1_22' title="bbox 2048 783 3649 857">
     <span class='ocr_line' id='line_1_22' title="bbox 2048 783 3649 857; baseline 0.003 -20"><span class='ocrx_word' id='word_1_130' title='bbox 2048 792 2229 839; x_wconf 85' lang='lat' dir='ltr'><strong>rantes</strong></span> <span class='ocrx_word' id='word_1_131' title='bbox 2257 783 2677 853; x_wconf 88' lang='lat' dir='ltr'><strong>adorantesque,</strong></span> <span class='ocrx_word' id='word_1_132' title='bbox 2706 787 2994 857; x_wconf 87' lang='lat' dir='ltr'><strong>plerosque</strong></span> <span class='ocrx_word' id='word_1_133' title='bbox 3021 788 3163 843; x_wconf 89' lang='lat' dir='ltr'><strong>hanc</strong></span> <span class='ocrx_word' id='word_1_134' title='bbox 3194 799 3461 853; x_wconf 82' lang='lat' dir='ltr'><strong>amantes,</strong></span> <span class='ocrx_word' id='word_1_135' title='bbox 3487 789 3649 856; x_wconf 79' lang='lat' dir='ltr'><strong>eique</strong></span> 
     </span>
    </p>
   </div>
   <div class='ocr_carea' id='block_1_23' title="bbox 2046 875 3647 944">
    <p class='ocr_par' dir='ltr' id='par_1_23' title="bbox 2046 875 3647 944">
     <span class='ocr_line' id='line_1_23' title="bbox 2046 875 3647 944; baseline 0.001 -15"><span class='ocrx_word' id='word_1_136' title='bbox 2046 875 2373 938; x_wconf 84' lang='lat' dir='ltr'><strong>servientes,</strong></span> <span class='ocrx_word' id='word_1_137' title='bbox 2406 875 2655 944; x_wconf 84' lang='lat' dir='ltr'><strong>aliosque</strong></span> <span class='ocrx_word' id='word_1_138' title='bbox 2692 877 2830 930; x_wconf 86' lang='lat' dir='ltr'><strong>hanc</strong></span> <span class='ocrx_word' id='word_1_139' title='bbox 2896 881 3211 932; x_wconf 82' lang='lat' dir='ltr'><strong>nescientes</strong></span> <span class='ocrx_word' id='word_1_140' title='bbox 3262 889 3315 933; x_wconf 90' lang='lat' dir='ltr'><strong>et</strong></span> <span class='ocrx_word' id='word_1_141' title='bbox 3358 880 3406 933; x_wconf 92' lang='lat' dir='ltr'><strong>ei</strong></span> <span class='ocrx_word' id='word_1_142' title='bbox 3443 881 3647 932; x_wconf 84' lang='lat' dir='ltr'><strong>servire</strong></span> 
     </span>
    </p>
   </div>
   <div class='ocr_carea' id='block_1_24' title="bbox 2049 968 3647 1037">
    <p class='ocr_par' dir='ltr' id='par_1_24' title="bbox 2049 968 3647 1037">
     <span class='ocr_line' id='line_1_24' title="bbox 2049 968 3647 1037; baseline 0.003 -17"><span class='ocrx_word' id='word_1_143' title='bbox 2049 976 2309 1035; x_wconf 88' lang='lat' dir='ltr'><strong>negantes</strong></span> <span class='ocrx_word' id='word_1_144' title='bbox 2350 969 2549 1021; x_wconf 88' lang='lat' dir='ltr'><strong>misere</strong></span> <span class='ocrx_word' id='word_1_145' title='bbox 2588 968 3108 1037; x_wconf 73' lang='lat' dir='ltr'><strong>expulsos?N0tme</strong></span> <span class='ocrx_word' id='word_1_146' title='bbox 3146 971 3343 1025; x_wconf 74' lang='lat' dir='ltr'><strong>ridetis</strong></span> <span class='ocrx_word' id='word_1_147' title='bbox 3401 986 3647 1024; x_wconf 84' lang='lat' dir='ltr'><strong>summos</strong></span> 
     </span>
    </p>
   </div>
   <div class='ocr_carea' id='block_1_25' title="bbox 2048 1058 3647 1131">
    <p class='ocr_par' dir='ltr' id='par_1_25' title="bbox 2048 1058 3647 1131">
     <span class='ocr_line' id='line_1_25' title="bbox 2048 1058 3647 1131; baseline 0.004 -20"><span class='ocrx_word' id='word_1_148' title='bbox 2048 1069 2286 1121; x_wconf 87' lang='lat' dir='ltr'><strong>montes,</strong></span> <span class='ocrx_word' id='word_1_149' title='bbox 2314 1074 2347 1115; x_wconf 91' lang='grc' dir='ltr'><strong>ο</strong></span> <span class='ocrx_word' id='word_1_150' title='bbox 2378 1058 2550 1114; x_wconf 68' lang='lat' dir='ltr'><strong>Judmi</strong></span> <span class='ocrx_word' id='word_1_151' title='bbox 2583 1071 2632 1114; x_wconf 90' lang='lat' dir='ltr'><strong>et</strong></span> <span class='ocrx_word' id='word_1_152' title='bbox 2658 1073 2873 1131; x_wconf 85' lang='lat' dir='ltr'><strong>gentes,</strong></span> <span class='ocrx_word' id='word_1_153' title='bbox 2910 1064 3103 1116; x_wconf 82' lang='lat' dir='ltr'><strong>vestris</strong></span> <span class='ocrx_word' id='word_1_154' title='bbox 3140 1063 3647 1117; x_wconf 88' lang='lat' dir='ltr'><strong>abominationibus</strong></span> 
     </span>
    </p>
   </div>
   <div class='ocr_carea' id='block_1_26' title="bbox 2050 1153 3647 1221">
    <p class='ocr_par' dir='ltr' id='par_1_26' title="bbox 2050 1153 3647 1221">
     <span class='ocr_line' id='line_1_26' title="bbox 2050 1153 3647 1221; baseline 0.001 -15"><span class='ocrx_word' id='word_1_155' title='bbox 2050 1164 2333 1221; x_wconf 84' lang='lat' dir='ltr'><strong>purgatos,</strong></span> <span class='ocrx_word' id='word_1_156' title='bbox 2380 1153 2742 1221; x_wconf 88' lang='lat' dir='ltr'><strong>hospitiisque</strong></span> <span class='ocrx_word' id='word_1_157' title='bbox 2779 1166 3087 1208; x_wconf 87' lang='lat' dir='ltr'><strong>ascetarum</strong></span> <span class='ocrx_word' id='word_1_158' title='bbox 3140 1154 3403 1210; x_wconf 80' lang='lat' dir='ltr'><strong>ornatos?</strong></span> <span class='ocrx_word' id='word_1_159' title='bbox 3441 1154 3647 1208; x_wconf 76' lang='lat' dir='ltr'><strong>Videtis</strong></span> 
     </span>
    </p>
   </div>
   <div class='ocr_carea' id='block_1_27' title="bbox 2046 1245 3646 1317">
    <p class='ocr_par' dir='ltr' id='par_1_27' title="bbox 2046 1245 3646 1317">
     <span class='ocr_line' id='line_1_27' title="bbox 2046 1245 3646 1317; baseline 0.003 -21"><span class='ocrx_word' id='word_1_160' title='bbox 2046 1259 2227 1312; x_wconf 82' lang='lat' dir='ltr'><strong>exquo</strong></span> <span class='ocrx_word' id='word_1_161' title='bbox 2265 1259 2456 1298; x_wconf 89' lang='lat' dir='ltr'><strong>omnes</strong></span> <span class='ocrx_word' id='word_1_162' title='bbox 2479 1246 2604 1298; x_wconf 90' lang='lat' dir='ltr'><strong>illuc</strong></span> <span class='ocrx_word' id='word_1_163' title='bbox 2622 1245 2959 1300; x_wconf 79' lang='lat' dir='ltr'><strong>conﬂuentes</strong></span> <span class='ocrx_word' id='word_1_164' title='bbox 2982 1247 3205 1301; x_wconf 86' lang='lat' dir='ltr'><strong>verbum</strong></span> <span class='ocrx_word' id='word_1_165' title='bbox 3238 1249 3481 1301; x_wconf 84' lang='lat' dir='ltr'><strong>divinum</strong></span> <span class='ocrx_word' id='word_1_166' title='bbox 3502 1250 3646 1317; x_wconf 75' lang='lat' dir='ltr'><strong>quod</strong></span> 
     </span>
    </p>
   </div>
   <div class='ocr_carea' id='block_1_28' title="bbox 2045 1335 3648 1409">
    <p class='ocr_par' dir='ltr' id='par_1_28' title="bbox 2045 1335 3648 1409">
     <span class='ocr_line' id='line_1_28' title="bbox 2045 1335 3648 1409; baseline 0.005 -21"><span class='ocrx_word' id='word_1_167' title='bbox 2045 1350 2169 1388; x_wconf 91' lang='lat' dir='ltr'><strong>cum</strong></span> <span class='ocrx_word' id='word_1_168' title='bbox 2196 1335 2417 1388; x_wconf 79' lang='lat' dir='ltr'><strong>silentio</strong></span> <span class='ocrx_word' id='word_1_169' title='bbox 2438 1336 2637 1404; x_wconf 89' lang='lat' dir='ltr'><strong>prodiit</strong></span> <span class='ocrx_word' id='word_1_170' title='bbox 2655 1336 2963 1401; x_wconf 84' lang='lat' dir='ltr'><strong>addiscunt,</strong></span> <span class='ocrx_word' id='word_1_171' title='bbox 3007 1339 3246 1407; x_wconf 77' lang='lat' dir='ltr'><strong>etlegem</strong></span> <span class='ocrx_word' id='word_1_172' title='bbox 3274 1355 3396 1409; x_wconf 62' lang='lat' dir='ltr'><strong>quae</strong></span> <span class='ocrx_word' id='word_1_173' title='bbox 3420 1342 3543 1395; x_wconf 91' lang='lat' dir='ltr'><strong>inde</strong></span> <span class='ocrx_word' id='word_1_174' title='bbox 3562 1356 3648 1396; x_wconf 82' lang='lat' dir='ltr'><strong>ve-</strong></span> 
     </span>
    </p>
   </div>
   <div class='ocr_carea' id='block_1_29' title="bbox 2046 1428 3642 1502">
    <p class='ocr_par' dir='ltr' id='par_1_29' title="bbox 2046 1428 3642 1502">
     <span class='ocr_line' id='line_1_29' title="bbox 2046 1428 3642 1502; baseline 0.004 -20"><span class='ocrx_word' id='word_1_175' title='bbox 2046 1428 2127 1482; x_wconf 86' lang='lat' dir='ltr'><strong>nit</strong></span> <span class='ocrx_word' id='word_1_176' title='bbox 2155 1430 2586 1498; x_wconf 85' lang='lat' dir='ltr'><strong>amplectuntur,</strong></span> <span class='ocrx_word' id='word_1_177' title='bbox 2619 1430 2757 1484; x_wconf 85' lang='lat' dir='ltr'><strong>bella</strong></span> <span class='ocrx_word' id='word_1_178' title='bbox 2780 1431 3057 1500; x_wconf 88' lang='lat' dir='ltr'><strong>quievisse</strong></span> <span class='ocrx_word' id='word_1_179' title='bbox 3112 1442 3167 1487; x_wconf 90' lang='lat' dir='ltr'><strong>et</strong></span> <span class='ocrx_word' id='word_1_180' title='bbox 3214 1449 3310 1502; x_wconf 89' lang='lat' dir='ltr'><strong>pro</strong></span> <span class='ocrx_word' id='word_1_181' title='bbox 3359 1450 3642 1489; x_wconf 87' lang='lat' dir='ltr'><strong>armorum</strong></span> 
     </span>
    </p>
   </div>
   <div class='ocr_carea' id='block_1_30' title="bbox 2046 1518 3644 1592">
    <p class='ocr_par' dir='ltr' id='par_1_30' title="bbox 2046 1518 3644 1592">
     <span class='ocr_line' id='line_1_30' title="bbox 2046 1518 3644 1592; baseline 0.003 -19"><span class='ocrx_word' id='word_1_182' title='bbox 2046 1518 2273 1588; x_wconf 86' lang='lat' dir='ltr'><strong>strepitu</strong></span> <span class='ocrx_word' id='word_1_183' title='bbox 2297 1519 2463 1574; x_wconf 85' lang='lat' dir='ltr'><strong>altam</strong></span> <span class='ocrx_word' id='word_1_184' title='bbox 2489 1535 2677 1589; x_wconf 88' lang='lat' dir='ltr'><strong>pacem</strong></span> <span class='ocrx_word' id='word_1_185' title='bbox 2701 1520 2888 1576; x_wconf 91' lang='lat' dir='ltr'><strong>stare?</strong></span> <span class='ocrx_word' id='word_1_186' title='bbox 2910 1521 3043 1575; x_wconf 80' lang='lat' dir='ltr'><strong>Num</strong></span> <span class='ocrx_word' id='word_1_187' title='bbox 3071 1538 3168 1577; x_wconf 90' lang='lat' dir='ltr'><strong>vos</strong></span> <span class='ocrx_word' id='word_1_188' title='bbox 3193 1523 3331 1591; x_wconf 84' lang='lat' dir='ltr'><strong>fugit</strong></span> <span class='ocrx_word' id='word_1_189' title='bbox 3356 1524 3501 1592; x_wconf 91' lang='lat' dir='ltr'><strong>quod</strong></span> <span class='ocrx_word' id='word_1_190' title='bbox 3521 1538 3644 1577; x_wconf 88' lang='lat' dir='ltr'><strong>cum</strong></span> 
     </span>
    </p>
   </div>
   <div class='ocr_carea' id='block_1_31' title="bbox 2050 1611 3642 1681">
    <p class='ocr_par' dir='ltr' id='par_1_31' title="bbox 2050 1611 3642 1681">
     <span class='ocr_line' id='line_1_31' title="bbox 2050 1611 3642 1681; baseline 0.002 -19"><span class='ocrx_word' id='word_1_191' title='bbox 2050 1611 2165 1664; x_wconf 68' lang='lat' dir='ltr'><strong>liaac</strong></span> <span class='ocrx_word' id='word_1_192' title='bbox 2186 1612 2496 1666; x_wconf 84' lang='lat' dir='ltr'><strong>nuntiasset</strong></span> <span class='ocrx_word' id='word_1_193' title='bbox 2516 1612 2799 1681; x_wconf 86' lang='lat' dir='ltr'><strong>propheta,</strong></span> <span class='ocrx_word' id='word_1_194' title='bbox 2823 1614 2962 1666; x_wconf 92' lang='lat' dir='ltr'><strong>alius</strong></span> <span class='ocrx_word' id='word_1_195' title='bbox 2989 1615 3042 1667; x_wconf 91' lang='lat' dir='ltr'><strong>in</strong></span> <span class='ocrx_word' id='word_1_196' title='bbox 3074 1612 3398 1679; x_wconf 80' lang='lat' dir='ltr'><strong>Jerusalem,</strong></span> <span class='ocrx_word' id='word_1_197' title='bbox 3427 1614 3566 1669; x_wconf 89' lang='lat' dir='ltr'><strong>alius</strong></span> <span class='ocrx_word' id='word_1_198' title='bbox 3592 1615 3642 1667; x_wconf 91' lang='lat' dir='ltr'><strong>in</strong></span> 
     </span>
    </p>
   </div>
   <div class='ocr_carea' id='block_1_32' title="bbox 2044 1700 3642 1774">
    <p class='ocr_par' dir='ltr' id='par_1_32' title="bbox 2044 1700 3642 1774">
     <span class='ocr_line' id='line_1_32' title="bbox 2044 1700 3642 1774; baseline 0.003 -21"><span class='ocrx_word' id='word_1_199' title='bbox 2044 1700 2315 1767; x_wconf 81' lang='lat' dir='ltr'><strong>Samaria,</strong></span> <span class='ocrx_word' id='word_1_200' title='bbox 2336 1702 2387 1754; x_wconf 91' lang='lat' dir='ltr'><strong>in</strong></span> <span class='ocrx_word' id='word_1_201' title='bbox 2423 1703 2660 1756; x_wconf 68' lang='lat' dir='ltr'><strong>ldumaea</strong></span> <span class='ocrx_word' id='word_1_202' title='bbox 2685 1705 2809 1757; x_wconf 90' lang='lat' dir='ltr'><strong>etin</strong></span> <span class='ocrx_word' id='word_1_203' title='bbox 2838 1704 3129 1758; x_wconf 81' lang='lat' dir='ltr'><strong>Moubitide</strong></span> <span class='ocrx_word' id='word_1_204' title='bbox 3154 1706 3293 1758; x_wconf 83' lang='lat' dir='ltr'><strong>alius</strong></span> <span class='ocrx_word' id='word_1_205' title='bbox 3316 1707 3642 1774; x_wconf 75' lang='lat' dir='ltr'><strong>regnaverit,</strong></span> 
     </span>
    </p>
   </div>
   <div class='ocr_carea' id='block_1_33' title="bbox 2047 1792 3641 1865">
    <p class='ocr_par' dir='ltr' id='par_1_33' title="bbox 2047 1792 3641 1865">
     <span class='ocr_line' id='line_1_33' title="bbox 2047 1792 3641 1865; baseline 0.003 -18"><span class='ocrx_word' id='word_1_206' title='bbox 2047 1792 2188 1849; x_wconf 87' lang='lat' dir='ltr'><strong>alius</strong></span> <span class='ocrx_word' id='word_1_207' title='bbox 2222 1792 2276 1847; x_wconf 88' lang='lat' dir='ltr'><strong>in</strong></span> <span class='ocrx_word' id='word_1_208' title='bbox 2311 1793 2707 1859; x_wconf 80' lang='lat' dir='ltr'><strong>Ammonitide,</strong></span> <span class='ocrx_word' id='word_1_209' title='bbox 2759 1795 3012 1865; x_wconf 88' lang='lat' dir='ltr'><strong>aliusque</strong></span> <span class='ocrx_word' id='word_1_210' title='bbox 3044 1797 3096 1849; x_wconf 90' lang='lat' dir='ltr'><strong>in</strong></span> <span class='ocrx_word' id='word_1_211' title='bbox 3129 1797 3377 1851; x_wconf 82' lang='lat' dir='ltr'><strong>Arabia?</strong></span> <span class='ocrx_word' id='word_1_212' title='bbox 3438 1796 3502 1850; x_wconf 85' lang='lat' dir='ltr'><strong>Et</strong></span> <span class='ocrx_word' id='word_1_213' title='bbox 3550 1798 3641 1851; x_wconf 78' lang='lat' dir='ltr'><strong>alii</strong></span> 
     </span>
    </p>
   </div>
   <div class='ocr_carea' id='block_1_34' title="bbox 346 1872 1935 1960">
    <p class='ocr_par' dir='ltr' id='par_1_34' title="bbox 346 1885 1935 1960">
     <span class='ocr_line' id='line_1_34' title="bbox 346 1885 1935 1960; baseline -0.006 -16"><span class='ocrx_word' id='word_1_214' title='bbox 346 1892 441 1944; x_wconf 66' lang='grc' dir='ltr'><strong>τον</strong></span> <span class='ocrx_word' id='word_1_215' title='bbox 473 1890 679 1944; x_wconf 74' lang='grc' dir='ltr'>ἐκεῖθεν</span> <span class='ocrx_word' id='word_1_216' title='bbox 716 1888 1061 1960; x_wconf 68' lang='grc' dir='ltr'>προελθόντα</span> <span class='ocrx_word' id='word_1_217' title='bbox 1107 1888 1271 1959; x_wconf 79' lang='grc' dir='ltr'>νόμον</span> <span class='ocrx_word' id='word_1_218' title='bbox 1322 1886 1769 1956; x_wconf 70' lang='grc' dir='ltr'>ἀσπαζομένους,</span> <span class='ocrx_word' id='word_1_219' title='bbox 1814 1885 1935 1946; x_wconf 68' lang='grc' dir='ltr'>τοὺς</span> 
     </span>
    </p>
   </div>
   <div class='ocr_carea' id='block_1_35' title="bbox 2042 1872 3640 1960">
    <p class='ocr_par' dir='ltr' id='par_1_35' title="bbox 2053 1885 3640 1954">
     <span class='ocr_line' id='line_1_35' title="bbox 2053 1885 3640 1954; baseline 0.004 -18"><span class='ocrx_word' id='word_1_220' title='bbox 2053 1885 2334 1954; x_wconf 88' lang='lat' dir='ltr'><strong>principes</strong></span> <span class='ocrx_word' id='word_1_221' title='bbox 2362 1886 2789 1941; x_wconf 81' lang='lat' dir='ltr'><strong>dominabantur</strong></span> <span class='ocrx_word' id='word_1_222' title='bbox 2829 1886 3156 1942; x_wconf 83' lang='lat' dir='ltr'><strong>Madianitas</strong></span> <span class='ocrx_word' id='word_1_223' title='bbox 3196 1898 3251 1942; x_wconf 89' lang='lat' dir='ltr'><strong>et</strong></span> <span class='ocrx_word' id='word_1_224' title='bbox 3287 1889 3640 1954; x_wconf 81' lang='lat' dir='ltr'><strong>Amalecitas,</strong></span> 
     </span>
    </p>
   </div>
   <div class='ocr_carea' id='block_1_36' title="bbox 349 1976 1943 2053">
    <p class='ocr_par' dir='ltr' id='par_1_36' title="bbox 349 1976 1943 2053">
     <span class='ocr_line' id='line_1_36' title="bbox 349 1976 1943 2053; baseline -0.006 -15"><span class='ocrx_word' id='word_1_225' title='bbox 349 1985 453 2053; x_wconf 78' lang='grc' dir='ltr'>μὲν</span> <span class='ocrx_word' id='word_1_226' title='bbox 488 1985 757 2053; x_wconf 77' lang='grc' dir='ltr'>πολέμους</span> <span class='ocrx_word' id='word_1_227' title='bbox 793 1984 1187 2052; x_wconf 82' lang='grc' dir='ltr'>πεπαυμένους</span> <span class='ocrx_word' id='word_1_228' title='bbox 1235 1983 1359 2036; x_wconf 75' lang='grc' dir='ltr'>ἀντὶ</span> <span class='ocrx_word' id='word_1_229' title='bbox 1394 1982 1438 2013; x_wconf 73' lang='grc' dir='ltr'><strong>δ’</strong></span> <span class='ocrx_word' id='word_1_230' title='bbox 1486 1980 1594 2032; x_wconf 86' lang='grc' dir='ltr'><strong>τῶν</strong></span> <span class='ocrx_word' id='word_1_231' title='bbox 1628 1976 1943 2048; x_wconf 77' lang='grc' dir='ltr'>πολεμικῶν</span> 
     </span>
    </p>
   </div>
   <div class='ocr_carea' id='block_1_37' title="bbox 342 2071 1943 2144">
    <p class='ocr_par' dir='ltr' id='par_1_37' title="bbox 342 2071 1943 2144">
     <span class='ocr_line' id='line_1_37' title="bbox 342 2071 1943 2144; baseline -0.006 -14"><span class='ocrx_word' id='word_1_232' title='bbox 342 2078 565 2144; x_wconf 76' lang='grc' dir='ltr'>ὄπλωνς</span> <span class='ocrx_word' id='word_1_233' title='bbox 600 2078 671 2131; x_wconf 82' lang='grc' dir='ltr'><strong>Ἦ</strong></span> <span class='ocrx_word' id='word_1_234' title='bbox 702 2078 806 2130; x_wconf 78' lang='grc' dir='ltr'><strong>οὐκ</strong></span> <span class='ocrx_word' id='word_1_235' title='bbox 842 2078 980 2141; x_wconf 81' lang='grc' dir='ltr'>ἴστε,</span> <span class='ocrx_word' id='word_1_236' title='bbox 1011 2075 1084 2139; x_wconf 86' lang='grc' dir='ltr'>ὡς</span> <span class='ocrx_word' id='word_1_237' title='bbox 1123 2076 1361 2143; x_wconf 78' lang='grc' dir='ltr'>ὁπηνίκα</span> <span class='ocrx_word' id='word_1_238' title='bbox 1398 2073 1569 2127; x_wconf 81' lang='grc' dir='ltr'>ταῦτα</span> <span class='ocrx_word' id='word_1_239' title='bbox 1594 2074 1623 2125; x_wconf 89' lang='grc' dir='ltr'><strong>ὁ</strong></span> <span class='ocrx_word' id='word_1_240' title='bbox 1654 2071 1943 2142; x_wconf 78' lang='grc' dir='ltr'>προφήτης</span> 
     </span>
    </p>
   </div>
   <div class='ocr_carea' id='block_1_38' title="bbox 2054 1975 3643 2051">
    <p class='ocr_par' dir='ltr' id='par_1_38' title="bbox 2054 1975 3643 2051">
     <span class='ocr_line' id='line_1_38' title="bbox 2054 1975 3643 2051; baseline 0.002 -21"><span class='ocrx_word' id='word_1_241' title='bbox 2054 1975 2277 2040; x_wconf 77' lang='lat' dir='ltr'><strong>Gazam,</strong></span> <span class='ocrx_word' id='word_1_242' title='bbox 2310 1978 2629 2032; x_wconf 82' lang='lat' dir='ltr'><strong>Ascalonem</strong></span> <span class='ocrx_word' id='word_1_243' title='bbox 2661 1989 2715 2032; x_wconf 89' lang='lat' dir='ltr'><strong>et</strong></span> <span class='ocrx_word' id='word_1_244' title='bbox 2744 1978 3284 2033; x_wconf 68' lang='lat' dir='ltr'><strong>Azotum.Praeterea</strong></span> <span class='ocrx_word' id='word_1_245' title='bbox 3317 1980 3508 2046; x_wconf 80' lang='lat' dir='ltr'><strong>Sidon,</strong></span> <span class='ocrx_word' id='word_1_246' title='bbox 3533 1979 3643 2051; x_wconf 73' lang='lat' dir='ltr'><strong>Ty-</strong></span> 
     </span>
    </p>
   </div>
   <div class='ocr_carea' id='block_1_39' title="bbox 2054 2066 3445 2146">
    <p class='ocr_par' dir='ltr' id='par_1_39' title="bbox 2054 2066 3445 2146">
     <span class='ocr_line' id='line_1_39' title="bbox 2054 2066 3445 2146; baseline 0.005 -27"><span class='ocrx_word' id='word_1_247' title='bbox 2054 2082 2149 2121; x_wconf 88' lang='lat' dir='ltr'><strong>rus</strong></span> <span class='ocrx_word' id='word_1_248' title='bbox 2179 2076 2233 2119; x_wconf 92' lang='lat' dir='ltr'><strong>et</strong></span> <span class='ocrx_word' id='word_1_249' title='bbox 2265 2066 2562 2146; x_wconf 85' lang='lat' dir='ltr'><strong>Damascus</strong></span> <span class='ocrx_word' id='word_1_250' title='bbox 2585 2085 2615 2121; x_wconf 92' lang='lat' dir='ltr'><strong>a</strong></span> <span class='ocrx_word' id='word_1_251' title='bbox 2652 2070 2818 2125; x_wconf 88' lang='lat' dir='ltr'><strong>variis</strong></span> <span class='ocrx_word' id='word_1_252' title='bbox 2848 2070 3067 2139; x_wconf 80' lang='lat' dir='ltr'><strong>regibus</strong></span> <span class='ocrx_word' id='word_1_253' title='bbox 3096 2074 3445 2141; x_wconf 83' lang='lat' dir='ltr'><strong>regebantur.</strong></span> 
     </span>
    </p>
   </div>
   <div class='ocr_carea' id='block_1_40' title="bbox 336 2160 3641 2242">
    <p class='ocr_par' dir='ltr' id='par_1_40' title="bbox 336 2160 3641 2242">
     <span class='ocr_line' id='line_1_40' title="bbox 336 2160 3641 2242; baseline -0.002 -15"><span class='ocrx_word' id='word_1_254' title='bbox 336 2174 661 2239; x_wconf 72' lang='grc' dir='ltr'>ἐθὲσπιζεν,</span> <span class='ocrx_word' id='word_1_255' title='bbox 696 2174 855 2236; x_wconf 79' lang='grc' dir='ltr'>ἄλλος</span> <span class='ocrx_word' id='word_1_256' title='bbox 902 2173 1005 2242; x_wconf 84' lang='grc' dir='ltr'>μὲν</span> <span class='ocrx_word' id='word_1_257' title='bbox 1051 2172 1151 2242; x_wconf 81' lang='grc' dir='ltr'>τῆς</span> <span class='ocrx_word' id='word_1_258' title='bbox 1191 2170 1552 2242; x_wconf 82' lang='grc' dir='ltr'>Ἰερουσαλὴμ</span> <span class='ocrx_word' id='word_1_259' title='bbox 1596 2168 1939 2227; x_wconf 77' lang='grc' dir='ltr'>ἐϐασίλευεν,</span> <span class='ocrx_word' id='word_1_260' title='bbox 1981 2160 2141 2225; x_wconf 79' lang='grc' dir='ltr'>ἄλλος</span> <span class='ocrx_word' id='word_1_261' title='bbox 2176 2161 2234 2214; x_wconf 85' lang='grc' dir='ltr'>δὲ</span> <span class='ocrx_word' id='word_1_262' title='bbox 2262 2165 2363 2234; x_wconf 83' lang='grc' dir='ltr'><strong>τῆς</strong></span> <span class='ocrx_word' id='word_1_263' title='bbox 2434 2164 2773 2236; x_wconf 86' lang='grc' dir='ltr'>Σαμαρείας,</span> <span class='ocrx_word' id='word_1_264' title='bbox 2848 2165 2942 2218; x_wconf 75' lang='grc' dir='ltr'>καὶ</span> <span class='ocrx_word' id='word_1_265' title='bbox 2985 2166 3144 2229; x_wconf 83' lang='grc' dir='ltr'>ἄλλος</span> <span class='ocrx_word' id='word_1_266' title='bbox 3183 2166 3521 2236; x_wconf 79' lang='grc' dir='ltr'>Ἰδουμαίων,</span> <span class='ocrx_word' id='word_1_267' title='bbox 3547 2167 3641 2220; x_wconf 77' lang='grc' dir='ltr'><strong>καὶ</strong></span> 
     </span>
    </p>
   </div>
   <div class='ocr_carea' id='block_1_41' title="bbox 338 2254 3641 2332">
    <p class='ocr_par' dir='ltr' id='par_1_41' title="bbox 338 2254 3641 2332">
     <span class='ocr_line' id='line_1_41' title="bbox 338 2254 3641 2332; baseline -0.003 -15"><span class='ocrx_word' id='word_1_268' title='bbox 338 2266 538 2332; x_wconf 71' lang='grc' dir='ltr'>ἕτερος</span> <span class='ocrx_word' id='word_1_269' title='bbox 566 2265 896 2328; x_wconf 78' lang='grc' dir='ltr'>Μωαϐιτῶν,</span> <span class='ocrx_word' id='word_1_270' title='bbox 928 2264 1026 2317; x_wconf 54' lang='grc' dir='ltr'><strong>καὶ⁵</strong></span> <span class='ocrx_word' id='word_1_271' title='bbox 1058 2260 1125 2318; x_wconf 80' lang='grc' dir='ltr'><strong>αὖ</strong></span> <span class='ocrx_word' id='word_1_272' title='bbox 1158 2265 1321 2317; x_wconf 85' lang='grc' dir='ltr'>πάλιν</span> <span class='ocrx_word' id='word_1_273' title='bbox 1353 2264 1512 2326; x_wconf 80' lang='grc' dir='ltr'>ἄλλος</span> <span class='ocrx_word' id='word_1_274' title='bbox 1557 2257 1932 2331; x_wconf 82' lang='grc' dir='ltr'>Ἀμμανιτῶν,</span> <span class='ocrx_word' id='word_1_275' title='bbox 1974 2257 2069 2307; x_wconf 77' lang='grc' dir='ltr'><strong>καὶ</strong></span> <span class='ocrx_word' id='word_1_276' title='bbox 2134 2254 2295 2317; x_wconf 85' lang='grc' dir='ltr'>ἄλλος</span> <span class='ocrx_word' id='word_1_277' title='bbox 2338 2256 2620 2326; x_wconf 74' lang='grc' dir='ltr'>Ἀράῦωνς</span> <span class='ocrx_word' id='word_1_278' title='bbox 2692 2255 2787 2309; x_wconf 72' lang='grc' dir='ltr'><strong>καὶ</strong></span> <span class='ocrx_word' id='word_1_279' title='bbox 2829 2257 3119 2309; x_wconf 83' lang='grc' dir='ltr'>Μαδιναῐοι</span> <span class='ocrx_word' id='word_1_280' title='bbox 3181 2259 3281 2326; x_wconf 85' lang='grc' dir='ltr'>μὲν</span> <span class='ocrx_word' id='word_1_281' title='bbox 3332 2262 3427 2312; x_wconf 76' lang='grc' dir='ltr'>καὶ</span> <span class='ocrx_word' id='word_1_282' title='bbox 3471 2261 3641 2327; x_wconf 86' lang='grc' dir='ltr'>Ἀμα-</span> 
     </span>
    </p>
   </div>
   <div class='ocr_carea' id='block_1_42' title="bbox 342 2350 1937 2429">
    <p class='ocr_par' dir='ltr' id='par_1_42' title="bbox 342 2350 1937 2429">
     <span class='ocr_line' id='line_1_42' title="bbox 342 2350 1937 2429; baseline -0.005 -19"><span class='ocrx_word' id='word_1_283' title='bbox 342 2361 587 2429; x_wconf 73' lang='grc' dir='ltr'>ληκῖται</span> <span class='ocrx_word' id='word_1_284' title='bbox 613 2359 702 2412; x_wconf 75' lang='grc' dir='ltr'><strong>ὑπ’</strong></span> <span class='ocrx_word' id='word_1_285' title='bbox 732 2358 900 2423; x_wconf 71' lang='grc' dir='ltr'>ἅλλοις</span> <span class='ocrx_word' id='word_1_286' title='bbox 940 2359 1210 2427; x_wconf 76' lang='grc' dir='ltr'>ἡγεμόσιν</span> <span class='ocrx_word' id='word_1_287' title='bbox 1253 2358 1500 2422; x_wconf 74' lang='grc' dir='ltr'>ἐτέλουν,</span> <span class='ocrx_word' id='word_1_288' title='bbox 1536 2356 1685 2419; x_wconf 81' lang='grc' dir='ltr'>Γάζα</span> <span class='ocrx_word' id='word_1_289' title='bbox 1734 2353 1793 2406; x_wconf 83' lang='grc' dir='ltr'>δὲ</span> <span class='ocrx_word' id='word_1_290' title='bbox 1845 2350 1937 2404; x_wconf 67' lang='grc' dir='ltr'><strong>καὶ</strong></span> 
     </span>
    </p>
   </div>
   <div class='ocr_carea' id='block_1_43' title="bbox 2026 2348 3635 2430">
    <p class='ocr_par' dir='ltr' id='par_1_43' title="bbox 2026 2348 3635 2430">
     <span class='ocr_line' id='line_1_43' title="bbox 2026 2348 3635 2430; baseline -0.001 -30"><span class='ocrx_word' id='word_1_291' title='bbox 2026 2348 2331 2413; x_wconf 80' lang='grc' dir='ltr'>’Δσκαλὼν,</span> <span class='ocrx_word' id='word_1_292' title='bbox 2392 2349 2486 2401; x_wconf 82' lang='grc' dir='ltr'><strong>καὶ</strong></span> <span class='ocrx_word' id='word_1_293' title='bbox 2525 2348 2789 2412; x_wconf 76' lang='grc' dir='ltr'>Ἀζωτος.</span> <span class='ocrx_word' id='word_1_294' title='bbox 2844 2350 2956 2402; x_wconf 75' lang='grc' dir='ltr'><strong>Καὶ</strong></span> <span class='ocrx_word' id='word_1_295' title='bbox 3016 2349 3203 2418; x_wconf 82' lang='grc' dir='ltr'>μέντοι</span> <span class='ocrx_word' id='word_1_296' title='bbox 3278 2349 3375 2402; x_wconf 71' lang='grc' dir='ltr'><strong>καὶ</strong></span> <span class='ocrx_word' id='word_1_297' title='bbox 3431 2350 3635 2430; x_wconf 56' lang='grc' dir='ltr'>Σιδὼν.</span> 
     </span>
    </p>
   </div>
   <div class='ocr_carea' id='block_1_44' title="bbox 358 2439 2249 2522">
    <p class='ocr_par' dir='ltr' id='par_1_44' title="bbox 358 2439 2249 2522">
     <span class='ocr_line' id='line_1_44' title="bbox 358 2439 2249 2522; baseline -0.007 -19"><span class='ocrx_word' id='word_1_298' title='bbox 358 2453 464 2506; x_wconf 64' lang='grc' dir='ltr'><strong>καὶ</strong></span> <span class='ocrx_word' id='word_1_299' title='bbox 507 2451 706 2518; x_wconf 78' lang='grc' dir='ltr'>Τύρος,</span> <span class='ocrx_word' id='word_1_300' title='bbox 756 2454 844 2505; x_wconf 73' lang='grc' dir='ltr'><strong>καὶ</strong></span> <span class='ocrx_word' id='word_1_301' title='bbox 876 2452 1165 2522; x_wconf 73' lang='grc' dir='ltr'>Δαμασκδς</span> <span class='ocrx_word' id='word_1_302' title='bbox 1217 2451 1321 2504; x_wconf 82' lang='grc' dir='ltr'><strong>ὑπὸ</strong></span> <span class='ocrx_word' id='word_1_303' title='bbox 1353 2450 1625 2518; x_wconf 79' lang='grc' dir='ltr'>διαφόρων</span> <span class='ocrx_word' id='word_1_304' title='bbox 1659 2445 1939 2517; x_wconf 84' lang='grc' dir='ltr'>ἀρχόντων</span> <span class='ocrx_word' id='word_1_305' title='bbox 1983 2439 2249 2497; x_wconf 86' lang='grc' dir='ltr'>ίθύνοντο.</span> 
     </span>
    </p>
   </div>
   <div class='ocr_carea' id='block_1_45' title="bbox 349 2557 1945 2636">
    <p class='ocr_par' dir='ltr' id='par_1_45' title="bbox 349 2557 1945 2636">
     <span class='ocr_line' id='line_1_45' title="bbox 349 2557 1945 2636; baseline -0.006 -15"><span class='ocrx_word' id='word_1_306' title='bbox 349 2565 526 2636; x_wconf 74' lang='grc'><strong>217</strong></span> <span class='ocrx_word' id='word_1_307' title='bbox 563 2565 691 2618; x_wconf 78' lang='lat' dir='ltr'><strong>Pﬂ&#39;.</strong></span> <span class='ocrx_word' id='word_1_308' title='bbox 748 2565 877 2632; x_wconf 79' lang='grc' dir='ltr'>Περὶ</span> <span class='ocrx_word' id='word_1_309' title='bbox 928 2565 1039 2632; x_wconf 84' lang='grc' dir='ltr'>τῆς</span> <span class='ocrx_word' id='word_1_310' title='bbox 1089 2565 1161 2618; x_wconf 80' lang='grc' dir='ltr'><strong>ἐν</strong></span> <span class='ocrx_word' id='word_1_311' title='bbox 1221 2566 1399 2631; x_wconf 78' lang='grc' dir='ltr'>σαρκί</span> <span class='ocrx_word' id='word_1_312' title='bbox 1446 2561 1795 2636; x_wconf 68' lang='grc' dir='ltr'>οἰκονομίας</span> <span class='ocrx_word' id='word_1_313' title='bbox 1836 2557 1945 2613; x_wconf 83' lang='grc' dir='ltr'><strong>τοῦ</strong></span> 
     </span>
    </p>
   </div>
   <div class='ocr_carea' id='block_1_46' title="bbox 626 2634 1676 2706">
    <p class='ocr_par' dir='ltr' id='par_1_46' title="bbox 626 2634 1676 2706">
     <span class='ocr_line' id='line_1_46' title="bbox 626 2634 1676 2706; baseline -0.004 -17"><span class='ocrx_word' id='word_1_314' title='bbox 626 2638 844 2703; x_wconf 74' lang='lat' dir='ltr'><strong>lt&#39;rpi‘ov</strong></span> <span class='ocrx_word' id='word_1_315' title='bbox 875 2637 1047 2706; x_wconf 76' lang='grc' dir='ltr'>ἡμῶν</span> <span class='ocrx_word' id='word_1_316' title='bbox 1084 2636 1289 2703; x_wconf 83' lang='grc' dir='ltr'>Ἰησοῦ</span> <span class='ocrx_word' id='word_1_317' title='bbox 1319 2634 1578 2703; x_wconf 80' lang='grc' dir='ltr'>Χριστοῦ</span> <span class='ocrx_word' id='word_1_318' title='bbox 1609 2634 1676 2684; x_wconf 77' lang='grc'><strong>⁵³.</strong></span> 
     </span>
    </p>
   </div>
   <div class='ocr_carea' id='block_1_47' title="bbox 410 2744 1945 2821">
    <p class='ocr_par' dir='ltr' id='par_1_47' title="bbox 410 2744 1945 2821">
     <span class='ocr_line' id='line_1_47' title="bbox 410 2744 1945 2821; baseline -0.003 -20"><span class='ocrx_word' id='word_1_319' title='bbox 410 2749 462 2781; x_wconf 70' lang='grc'><strong><em>⁵⁵</em></strong></span> <span class='ocrx_word' id='word_1_320' title='bbox 516 2748 624 2801; x_wconf 80' lang='grc' dir='ltr'>Τοῦ</span> <span class='ocrx_word' id='word_1_321' title='bbox 676 2748 733 2801; x_wconf 82' lang='grc' dir='ltr'>δὲ</span> <span class='ocrx_word' id='word_1_322' title='bbox 785 2750 993 2820; x_wconf 79' lang='grc' dir='ltr'>Κυρίου</span> <span class='ocrx_word' id='word_1_323' title='bbox 1053 2750 1212 2821; x_wconf 75' lang='grc' dir='ltr'>ἡμῶν</span> <span class='ocrx_word' id='word_1_324' title='bbox 1258 2748 1438 2819; x_wconf 81' lang='grc' dir='ltr'>Ἰησοῦ</span> <span class='ocrx_word' id='word_1_325' title='bbox 1498 2745 1739 2818; x_wconf 76' lang='grc' dir='ltr'>Χριστοῦ</span> <span class='ocrx_word' id='word_1_326' title='bbox 1803 2744 1945 2799; x_wconf 72' lang='grc' dir='ltr'>κατὰ</span> 
     </span>
    </p>
   </div>
   <div class='ocr_carea' id='block_1_48' title="bbox 2044 2550 3636 2613">
    <p class='ocr_par' dir='ltr' id='par_1_48' title="bbox 2044 2550 3636 2613">
     <span class='ocr_line' id='line_1_48' title="bbox 2044 2550 3636 2613; baseline 0.004 -7"><span class='ocrx_word' id='word_1_327' title='bbox 2044 2550 2222 2606; x_wconf 81' lang='lat' dir='ltr'><strong>CVIII.</strong></span> <span class='ocrx_word' id='word_1_328' title='bbox 2268 2552 2340 2606; x_wconf 84' lang='lat' dir='ltr'><strong>De</strong></span> <span class='ocrx_word' id='word_1_329' title='bbox 2374 2551 2754 2608; x_wconf 78' lang='lat' dir='ltr'><strong>lnoarnatione</strong></span> <span class='ocrx_word' id='word_1_330' title='bbox 2787 2553 2996 2607; x_wconf 67' lang='lat' dir='ltr'><strong>Domini</strong></span> <span class='ocrx_word' id='word_1_331' title='bbox 3027 2556 3199 2608; x_wconf 79' lang='lat' dir='ltr'><strong>nostri</strong></span> <span class='ocrx_word' id='word_1_332' title='bbox 3232 2553 3364 2609; x_wconf 75' lang='lat' dir='ltr'><strong>Iesu</strong></span> <span class='ocrx_word' id='word_1_333' title='bbox 3410 2554 3636 2613; x_wconf 76' lang='lat' dir='ltr'><strong>Christi.</strong></span> 
     </span>
    </p>
   </div>
   <div class='ocr_carea' id='block_1_49' title="bbox 2112 2736 3634 2796">
    <p class='ocr_par' dir='ltr' id='par_1_49' title="bbox 2112 2736 3634 2796">
     <span class='ocr_line' id='line_1_49' title="bbox 2112 2736 3634 2796; baseline 0.002 -5"><span class='ocrx_word' id='word_1_334' title='bbox 2112 2736 2257 2791; x_wconf 82' lang='lat' dir='ltr'><strong>Cum</strong></span> <span class='ocrx_word' id='word_1_335' title='bbox 2282 2736 2447 2791; x_wconf 76' lang='lat' dir='ltr'><strong>Jesus</strong></span> <span class='ocrx_word' id='word_1_336' title='bbox 2479 2737 2734 2793; x_wconf 86' lang='lat' dir='ltr'><strong>Christus</strong></span> <span class='ocrx_word' id='word_1_337' title='bbox 2778 2737 3046 2793; x_wconf 88' lang='lat' dir='ltr'><strong>Dominus</strong></span> <span class='ocrx_word' id='word_1_338' title='bbox 3096 2749 3286 2794; x_wconf 86' lang='lat' dir='ltr'><strong>noster</strong></span> <span class='ocrx_word' id='word_1_339' title='bbox 3330 2741 3634 2796; x_wconf 89' lang='lat' dir='ltr'><strong>secundum</strong></span> 
     </span>
    </p>
   </div>
   <div class='ocr_carea' id='block_1_50' title="bbox 336 2832 1935 2913">
    <p class='ocr_par' dir='ltr' id='par_1_50' title="bbox 336 2838 1935 2913">
     <span class='ocr_line' id='line_1_50' title="bbox 336 2838 1935 2913; baseline -0.002 -19"><span class='ocrx_word' id='word_1_340' title='bbox 336 2842 527 2912; x_wconf 79' lang='grc' dir='ltr'>σάρκα</span> <span class='ocrx_word' id='word_1_341' title='bbox 551 2842 911 2913; x_wconf 77' lang='grc' dir='ltr'>γεννηθέντος</span> <span class='ocrx_word' id='word_1_342' title='bbox 932 2845 999 2909; x_wconf 79' lang='grc'><strong>⁸⁸,</strong></span> <span class='ocrx_word' id='word_1_343' title='bbox 1022 2843 1182 2907; x_wconf 76' lang='grc' dir='ltr'>εὐθὺς</span> <span class='ocrx_word' id='word_1_344' title='bbox 1206 2842 1518 2912; x_wconf 76' lang='grc' dir='ltr'>Αὔγουστος</span> <span class='ocrx_word' id='word_1_345' title='bbox 1538 2843 1755 2910; x_wconf 64' lang='grc' dir='ltr'>Καῖσαρ</span> <span class='ocrx_word' id='word_1_346' title='bbox 1779 2838 1935 2907; x_wconf 76' lang='grc' dir='ltr'>ἐκρά-</span> 
     </span>
    </p>
   </div>
   <div class='ocr_carea' id='block_1_51' title="bbox 2042 2832 3631 2913">
    <p class='ocr_par' dir='ltr' id='par_1_51' title="bbox 2042 2832 3631 2902">
     <span class='ocr_line' id='line_1_51' title="bbox 2042 2832 3631 2902; baseline 0.004 -21"><span class='ocrx_word' id='word_1_347' title='bbox 2042 2841 2266 2882; x_wconf 85' lang='lat' dir='ltr'><strong>carnem</strong></span> <span class='ocrx_word' id='word_1_348' title='bbox 2301 2839 2464 2883; x_wconf 84' lang='lat' dir='ltr'><strong>natus</strong></span> <span class='ocrx_word' id='word_1_349' title='bbox 2494 2840 2662 2893; x_wconf 89' lang='lat' dir='ltr'><strong>esset,</strong></span> <span class='ocrx_word' id='word_1_350' title='bbox 2696 2833 2879 2885; x_wconf 83' lang='lat' dir='ltr'><strong>statim</strong></span> <span class='ocrx_word' id='word_1_351' title='bbox 2917 2834 3201 2902; x_wconf 78' lang='lat' dir='ltr'><strong>Augustus</strong></span> <span class='ocrx_word' id='word_1_352' title='bbox 3222 2832 3404 2887; x_wconf 61' lang='lat' dir='ltr'><strong>Cassar</strong></span> <span class='ocrx_word' id='word_1_353' title='bbox 3433 2846 3631 2888; x_wconf 88' lang='lat' dir='ltr'><strong>cuneta</strong></span> 
     </span>
    </p>
   </div>
   <div class='ocr_carea' id='block_1_52' title="bbox 334 2921 1935 3006">
    <p class='ocr_par' dir='ltr' id='par_1_52' title="bbox 334 2934 1935 3006">
     <span class='ocr_line' id='line_1_52' title="bbox 334 2934 1935 3006; baseline -0.003 -19"><span class='ocrx_word' id='word_1_354' title='bbox 334 2952 474 3003; x_wconf 78' lang='grc' dir='ltr'>τησε</span> <span class='ocrx_word' id='word_1_355' title='bbox 515 2937 743 2989; x_wconf 85' lang='grc' dir='ltr'>πάντων</span> <span class='ocrx_word' id='word_1_356' title='bbox 782 2938 877 2989; x_wconf 79' lang='grc' dir='ltr'>καὶ</span> <span class='ocrx_word' id='word_1_357' title='bbox 908 2938 1006 3000; x_wconf 75' lang='grc' dir='ltr'>τὰς</span> <span class='ocrx_word' id='word_1_358' title='bbox 1034 2937 1340 3006; x_wconf 84' lang='grc' dir='ltr'>τοπαρχίας</span> <span class='ocrx_word' id='word_1_359' title='bbox 1365 2935 1411 2966; x_wconf 75' lang='grc'><strong>⁸⁸</strong></span> <span class='ocrx_word' id='word_1_360' title='bbox 1437 2935 1619 2997; x_wconf 85' lang='grc' dir='ltr'>πάσας</span> <span class='ocrx_word' id='word_1_361' title='bbox 1651 2934 1744 2986; x_wconf 77' lang='grc' dir='ltr'><strong>καὶ</strong></span> <span class='ocrx_word' id='word_1_362' title='bbox 1783 2947 1935 3002; x_wconf 81' lang='grc' dir='ltr'>μερι-</span> 
     </span>
    </p>
   </div>
   <div class='ocr_carea' id='block_1_53' title="bbox 2042 2921 3639 3006">
    <p class='ocr_par' dir='ltr' id='par_1_53' title="bbox 2042 2921 3639 2995">
     <span class='ocr_line' id='line_1_53' title="bbox 2042 2921 3639 2995; baseline 0.004 -22"><span class='ocrx_word' id='word_1_363' title='bbox 2042 2921 2334 2989; x_wconf 80' lang='lat' dir='ltr'><strong>occupa‘vit</strong></span> <span class='ocrx_word' id='word_1_364' title='bbox 2358 2960 2372 2985; x_wconf 91' lang='lat'><strong>,</strong></span> <span class='ocrx_word' id='word_1_365' title='bbox 2412 2921 2842 2993; x_wconf 81' lang='lat' dir='ltr'><strong>dissolutisque,</strong></span> <span class='ocrx_word' id='word_1_366' title='bbox 2885 2936 2945 2977; x_wconf 91' lang='lat' dir='ltr'><strong>ut</strong></span> <span class='ocrx_word' id='word_1_367' title='bbox 2974 2926 3084 2979; x_wconf 80' lang='lat' dir='ltr'><strong>dixi</strong></span> <span class='ocrx_word' id='word_1_368' title='bbox 3115 2967 3128 2988; x_wconf 90' lang='lat'><strong>,</strong></span> <span class='ocrx_word' id='word_1_369' title='bbox 3167 2927 3425 2979; x_wconf 80' lang='lat' dir='ltr'><strong>omnibus</strong></span> <span class='ocrx_word' id='word_1_370' title='bbox 3459 2928 3639 2995; x_wconf 76' lang='lat' dir='ltr'><strong>regio-</strong></span> 
     </span>
    </p>
   </div>
   <div class='ocr_carea' id='block_1_54' title="bbox 339 3024 1880 3099">
    <p class='ocr_par' dir='ltr' id='par_1_54' title="bbox 339 3024 1880 3099">
     <span class='ocr_line' id='line_1_54' title="bbox 339 3024 1880 3099; baseline -0.001 -20"><span class='ocrx_word' id='word_1_371' title='bbox 339 3030 442 3090; x_wconf 69' lang='lat'><strong>2‘1;</strong></span> <span class='ocrx_word' id='word_1_372' title='bbox 469 3028 757 3097; x_wconf 73' lang='grc' dir='ltr'>βασιλείας</span> <span class='ocrx_word' id='word_1_373' title='bbox 785 3029 1104 3090; x_wconf 77' lang='grc' dir='ltr'>καταλύσας</span> <span class='ocrx_word' id='word_1_374' title='bbox 1128 3030 1225 3097; x_wconf 82' lang='grc' dir='ltr'><strong>(ὡς</strong></span> <span class='ocrx_word' id='word_1_375' title='bbox 1253 3029 1415 3099; x_wconf 74' lang='grc' dir='ltr'>ἔφην)</span> <span class='ocrx_word' id='word_1_376' title='bbox 1441 3029 1550 3091; x_wconf 85' lang='grc' dir='ltr'>τοῖς</span> <span class='ocrx_word' id='word_1_377' title='bbox 1584 3024 1880 3094; x_wconf 86' lang='grc' dir='ltr'>Ῥωμαίοις</span> 
     </span>
    </p>
   </div>
   <div class='ocr_carea' id='block_1_55' title="bbox 1898 3023 1946 3055">
    <p class='ocr_par' dir='ltr' id='par_1_55' title="bbox 1898 3023 1946 3055">
     <span class='ocr_line' id='line_1_55' title="bbox 1898 3023 1946 3055; baseline -0.021 0"><span class='ocrx_word' id='word_1_378' title='bbox 1898 3023 1946 3055; x_wconf 69' lang='grc'><strong>17</strong></span> 
     </span>
    </p>
   </div>
   <div class='ocr_carea' id='block_1_56' title="bbox 2044 3014 3636 3085">
    <p class='ocr_par' dir='ltr' id='par_1_56' title="bbox 2044 3014 3636 3085">
     <span class='ocr_line' id='line_1_56' title="bbox 2044 3014 3636 3085; baseline 0.004 -18"><span class='ocrx_word' id='word_1_379' title='bbox 2044 3029 2175 3067; x_wconf 87' lang='lat' dir='ltr'><strong>num</strong></span> <span class='ocrx_word' id='word_1_380' title='bbox 2237 3014 2507 3083; x_wconf 59' lang='lat' dir='ltr'><strong>prmfeetis</strong></span> <span class='ocrx_word' id='word_1_381' title='bbox 2574 3028 2628 3069; x_wconf 90' lang='lat' dir='ltr'><strong>et</strong></span> <span class='ocrx_word' id='word_1_382' title='bbox 2692 3017 2920 3084; x_wconf 84' lang='lat' dir='ltr'><strong>privatis</strong></span> <span class='ocrx_word' id='word_1_383' title='bbox 2983 3019 3198 3085; x_wconf 88' lang='lat' dir='ltr'><strong>regnis,</strong></span> <span class='ocrx_word' id='word_1_384' title='bbox 3266 3019 3636 3073; x_wconf 73' lang='lat' dir='ltr'><strong>ltornanorum</strong></span> 
     </span>
    </p>
   </div>
   <div class='ocr_carea' id='block_1_57' title="bbox 338 3105 1935 3190">
    <p class='ocr_par' dir='ltr' id='par_1_57' title="bbox 338 3117 1935 3190">
     <span class='ocr_line' id='line_1_57' title="bbox 338 3117 1935 3190; baseline -0.003 -15"><span class='ocrx_word' id='word_1_385' title='bbox 338 3122 483 3186; x_wconf 76' lang='grc' dir='ltr'>οἴαξι</span> <span class='ocrx_word' id='word_1_386' title='bbox 524 3124 736 3183; x_wconf 87' lang='grc' dir='ltr'>πάντας</span> <span class='ocrx_word' id='word_1_387' title='bbox 773 3120 1065 3187; x_wconf 85' lang='grc' dir='ltr'>ὑπέταξεν.</span> <span class='ocrx_word' id='word_1_388' title='bbox 1101 3121 1178 3189; x_wconf 66' lang='grc' dir='ltr'><strong>(Ξ)</strong></span> <span class='ocrx_word' id='word_1_389' title='bbox 1208 3122 1425 3190; x_wconf 79' lang='grc' dir='ltr'>Ὥσπερ</span> <span class='ocrx_word' id='word_1_390' title='bbox 1466 3120 1559 3173; x_wconf 75' lang='grc' dir='ltr'>καὶ</span> <span class='ocrx_word' id='word_1_391' title='bbox 1613 3117 1778 3173; x_wconf 85' lang='grc' dir='ltr'>Δαυῖδ</span> <span class='ocrx_word' id='word_1_392' title='bbox 1807 3133 1935 3189; x_wconf 77' lang='grc' dir='ltr'>προ-</span> 
     </span>
    </p>
   </div>
   <div class='ocr_carea' id='block_1_58' title="bbox 2042 3105 3638 3190">
    <p class='ocr_par' dir='ltr' id='par_1_58' title="bbox 2042 3105 3638 3178">
     <span class='ocr_line' id='line_1_58' title="bbox 2042 3105 3638 3178; baseline 0.002 -19"><span class='ocrx_word' id='word_1_393' title='bbox 2042 3105 2273 3174; x_wconf 87' lang='lat' dir='ltr'><strong>imperio</strong></span> <span class='ocrx_word' id='word_1_394' title='bbox 2330 3107 2580 3160; x_wconf 86' lang='lat' dir='ltr'><strong>universa</strong></span> <span class='ocrx_word' id='word_1_395' title='bbox 2650 3107 2883 3176; x_wconf 75' lang='lat' dir='ltr'><strong>subegit.</strong></span> <span class='ocrx_word' id='word_1_396' title='bbox 2944 3108 3099 3161; x_wconf 81' lang='lat' dir='ltr'><strong>Sicut</strong></span> <span class='ocrx_word' id='word_1_397' title='bbox 3147 3118 3200 3161; x_wconf 88' lang='lat' dir='ltr'><strong>et</strong></span> <span class='ocrx_word' id='word_1_398' title='bbox 3265 3107 3433 3162; x_wconf 79' lang='lat' dir='ltr'><strong>David</strong></span> <span class='ocrx_word' id='word_1_399' title='bbox 3496 3122 3638 3178; x_wconf 78' lang='lat' dir='ltr'><strong>pra:-</strong></span> 
     </span>
    </p>
   </div>
   <div class='ocr_carea' id='block_1_59' title="bbox 342 3181 1935 3286">
    <p class='ocr_par' dir='ltr' id='par_1_59' title="bbox 342 3181 1935 3286">
     <span class='ocr_line' id='line_1_59' title="bbox 342 3181 1935 3286; baseline -0.001 -22"><span class='ocrx_word' id='word_1_400' title='bbox 342 3181 573 3285; x_wconf 72' lang='grc' dir='ltr'>θεωρῶν</span> <span class='ocrx_word' id='word_1_401' title='bbox 613 3181 729 3266; x_wconf 39' lang='grc' dir='ltr'>καὶ-</span> <span class='ocrx_word' id='word_1_402' title='bbox 753 3181 1171 3286; x_wconf 70' lang='grc' dir='ltr'>προαναφωνῶν</span> <span class='ocrx_word' id='word_1_403' title='bbox 1232 3181 1431 3283; x_wconf 76' lang='grc' dir='ltr'>ἔψαλλε</span> <span class='ocrx_word' id='word_1_404' title='bbox 1458 3214 1501 3244; x_wconf 75' lang='grc'><strong>⁸⁴</strong></span> <span class='ocrx_word' id='word_1_405' title='bbox 1533 3229 1549 3244; x_wconf 77' lang='grc' dir='ltr'><strong><em>ο</em></strong></span> <span class='ocrx_word' id='word_1_406' title='bbox 1592 3229 1613 3263; x_wconf 76' lang='grc' dir='ltr'><strong>ι</strong></span> <span class='ocrx_word' id='word_1_407' title='bbox 1653 3210 1815 3267; x_wconf 78' lang='grc' dir='ltr'>Δεῦτε</span> <span class='ocrx_word' id='word_1_408' title='bbox 1846 3181 1935 3263; x_wconf 76' lang='grc' dir='ltr'><strong>καὶ</strong></span> 
     </span>
    </p>
   </div>
   <div class='ocr_carea' id='block_1_60' title="bbox 2042 3181 3636 3286">
    <p class='ocr_par' dir='ltr' id='par_1_60' title="bbox 2044 3196 3636 3266">
     <span class='ocr_line' id='line_1_60' title="bbox 2044 3196 3636 3266; baseline 0.003 -16"><span class='ocrx_word' id='word_1_409' title='bbox 2044 3199 2233 3252; x_wconf 82' lang='lat' dir='ltr'><strong>videns</strong></span> <span class='ocrx_word' id='word_1_410' title='bbox 2264 3204 2318 3251; x_wconf 91' lang='lat' dir='ltr'><strong>et</strong></span> <span class='ocrx_word' id='word_1_411' title='bbox 2372 3197 2677 3266; x_wconf 64' lang='lat' dir='ltr'><strong>praedicens</strong></span> <span class='ocrx_word' id='word_1_412' title='bbox 2723 3200 3000 3252; x_wconf 83' lang='lat' dir='ltr'><strong>canebat:</strong></span> <span class='ocrx_word' id='word_1_413' title='bbox 3048 3215 3066 3249; x_wconf 79' lang='grc' dir='ltr'><strong>ι</strong></span> <span class='ocrx_word' id='word_1_414' title='bbox 3107 3196 3295 3253; x_wconf 85' lang='lat' dir='ltr'><strong>Venite</strong></span> <span class='ocrx_word' id='word_1_415' title='bbox 3347 3208 3401 3253; x_wconf 89' lang='lat' dir='ltr'><strong>et</strong></span> <span class='ocrx_word' id='word_1_416' title='bbox 3459 3202 3636 3254; x_wconf 79' lang='lat' dir='ltr'><strong>videte</strong></span> 
     </span>
    </p>
   </div>
   <div class='ocr_carea' id='block_1_61' title="bbox 340 3305 1931 3375">
    <p class='ocr_par' dir='ltr' id='par_1_61' title="bbox 340 3305 1931 3375">
     <span class='ocr_line' id='line_1_61' title="bbox 340 3305 1931 3375; baseline -0.001 -16"><span class='ocrx_word' id='word_1_417' title='bbox 340 3307 485 3359; x_wconf 65' lang='grc' dir='ltr'>εδετε.</span> <span class='ocrx_word' id='word_1_418' title='bbox 512 3308 581 3358; x_wconf 75' lang='grc' dir='ltr'>τὰ</span> <span class='ocrx_word' id='word_1_419' title='bbox 606 3306 745 3375; x_wconf 78' lang='grc' dir='ltr'>ἔργα</span> <span class='ocrx_word' id='word_1_420' title='bbox 774 3306 867 3360; x_wconf 86' lang='grc' dir='ltr'><strong>τοῦ</strong></span> <span class='ocrx_word' id='word_1_421' title='bbox 891 3306 1051 3371; x_wconf 81' lang='grc' dir='ltr'>Θεοῦ,</span> <span class='ocrx_word' id='word_1_422' title='bbox 1085 3306 1122 3359; x_wconf 83' lang='grc' dir='ltr'><strong>ἆ</strong></span> <span class='ocrx_word' id='word_1_423' title='bbox 1157 3305 1312 3359; x_wconf 79' lang='grc' dir='ltr'>ἔθετο</span> <span class='ocrx_word' id='word_1_424' title='bbox 1334 3306 1535 3375; x_wconf 86' lang='grc' dir='ltr'>τέρατα</span> <span class='ocrx_word' id='word_1_425' title='bbox 1563 3305 1654 3357; x_wconf 71' lang='grc' dir='ltr'>ἐπὶ</span> <span class='ocrx_word' id='word_1_426' title='bbox 1687 3305 1787 3373; x_wconf 81' lang='grc' dir='ltr'><strong>τῆς</strong></span> <span class='ocrx_word' id='word_1_427' title='bbox 1809 3306 1931 3371; x_wconf 78' lang='grc' dir='ltr'>γῆς,</span> 
     </span>
    </p>
   </div>
   <div class='ocr_carea' id='block_1_62' title="bbox 340 3395 1935 3468">
    <p class='ocr_par' dir='ltr' id='par_1_62' title="bbox 340 3395 1935 3468">
     <span class='ocr_line' id='line_1_62' title="bbox 340 3395 1935 3468; baseline 0.005 -19"><span class='ocrx_word' id='word_1_428' title='bbox 340 3400 701 3468; x_wconf 83' lang='grc' dir='ltr'>ἀνταναιρῶν</span> <span class='ocrx_word' id='word_1_429' title='bbox 732 3400 1007 3468; x_wconf 72' lang='grc' dir='ltr'>πολέμους</span> <span class='ocrx_word' id='word_1_430' title='bbox 1047 3398 1209 3468; x_wconf 81' lang='grc' dir='ltr'>μέχρι</span> <span class='ocrx_word' id='word_1_431' title='bbox 1238 3398 1348 3448; x_wconf 88' lang='grc' dir='ltr'><strong>τῶν</strong></span> <span class='ocrx_word' id='word_1_432' title='bbox 1393 3398 1647 3466; x_wconf 78' lang='grc' dir='ltr'>περάτων</span> <span class='ocrx_word' id='word_1_433' title='bbox 1677 3396 1775 3465; x_wconf 83' lang='grc' dir='ltr'><strong>τῆς</strong></span> <span class='ocrx_word' id='word_1_434' title='bbox 1809 3395 1935 3464; x_wconf 83' lang='grc' dir='ltr'>γῆς,</span> 
     </span>
    </p>
   </div>
   <div class='ocr_carea' id='block_1_63' title="bbox 338 3488 1935 3561">
    <p class='ocr_par' dir='ltr' id='par_1_63' title="bbox 338 3488 1935 3561">
     <span class='ocr_line' id='line_1_63' title="bbox 338 3488 1935 3561; baseline -0.003 -18"><span class='ocrx_word' id='word_1_435' title='bbox 338 3491 497 3555; x_wconf 80' lang='grc' dir='ltr'>τόξον</span> <span class='ocrx_word' id='word_1_436' title='bbox 544 3491 830 3561; x_wconf 74' lang='grc' dir='ltr'>συντρίψει</span> <span class='ocrx_word' id='word_1_437' title='bbox 882 3492 980 3543; x_wconf 79' lang='grc' dir='ltr'><strong>καὶ</strong></span> <span class='ocrx_word' id='word_1_438' title='bbox 1034 3491 1320 3543; x_wconf 82' lang='grc' dir='ltr'>συνθλάσει</span> <span class='ocrx_word' id='word_1_439' title='bbox 1370 3492 1534 3542; x_wconf 80' lang='grc' dir='ltr'>ὅπλον</span> <span class='ocrx_word' id='word_1_440' title='bbox 1584 3490 1677 3541; x_wconf 75' lang='grc' dir='ltr'><strong>καὶ</strong></span> <span class='ocrx_word' id='word_1_441' title='bbox 1710 3488 1935 3557; x_wconf 78' lang='grc' dir='ltr'>θυρεοὺς</span> 
     </span>
    </p>
   </div>
   <div class='ocr_carea' id='block_1_64' title="bbox 343 3581 1935 3653">
    <p class='ocr_par' dir='ltr' id='par_1_64' title="bbox 343 3581 1935 3653">
     <span class='ocr_line' id='line_1_64' title="bbox 343 3581 1935 3653; baseline -0.002 -18"><span class='ocrx_word' id='word_1_442' title='bbox 343 3586 692 3635; x_wconf 81' lang='grc' dir='ltr'>κατακαύσει</span> <span class='ocrx_word' id='word_1_443' title='bbox 719 3587 775 3635; x_wconf 82' lang='grc' dir='ltr'><strong>ἐν</strong></span> <span class='ocrx_word' id='word_1_444' title='bbox 802 3582 953 3653; x_wconf 88' lang='grc' dir='ltr'>πυρί.</span> <span class='ocrx_word' id='word_1_445' title='bbox 998 3603 1017 3635; x_wconf 73' lang='grc' dir='ltr'><strong>ι</strong></span> <span class='ocrx_word' id='word_1_446' title='bbox 1056 3585 1130 3653; x_wconf 81' lang='grc'><strong>(5)</strong></span> <span class='ocrx_word' id='word_1_447' title='bbox 1162 3583 1271 3635; x_wconf 75' lang='grc' dir='ltr'>Ναὶ</span> <span class='ocrx_word' id='word_1_448' title='bbox 1302 3582 1410 3653; x_wconf 80' lang='grc' dir='ltr'>μὴν</span> <span class='ocrx_word' id='word_1_449' title='bbox 1439 3583 1493 3635; x_wconf 86' lang='grc' dir='ltr'><strong>αί</strong></span> <span class='ocrx_word' id='word_1_450' title='bbox 1521 3583 1815 3651; x_wconf 77' lang='grc' dir='ltr'>τοπαρχίαι</span> <span class='ocrx_word' id='word_1_451' title='bbox 1841 3581 1935 3634; x_wconf 68' lang='grc' dir='ltr'><strong>καὶ</strong></span> 
     </span>
    </p>
   </div>
   <div class='ocr_carea' id='block_1_65' title="bbox 338 3674 1935 3745">
    <p class='ocr_par' dir='ltr' id='par_1_65' title="bbox 338 3674 1935 3745">
     <span class='ocr_line' id='line_1_65' title="bbox 338 3674 1935 3745; baseline -0.003 -16"><span class='ocrx_word' id='word_1_452' title='bbox 338 3678 401 3729; x_wconf 70' lang='grc' dir='ltr'>αἱ</span> <span class='ocrx_word' id='word_1_453' title='bbox 440 3677 666 3744; x_wconf 64' lang='grc' dir='ltr'>μερικαὶ</span> <span class='ocrx_word' id='word_1_454' title='bbox 697 3675 969 3745; x_wconf 76' lang='grc' dir='ltr'>βασιλεῖαι</span> <span class='ocrx_word' id='word_1_455' title='bbox 1004 3675 1404 3745; x_wconf 75' lang='grc' dir='ltr'>κατελύθησαν,</span> <span class='ocrx_word' id='word_1_456' title='bbox 1447 3675 1513 3729; x_wconf 84' lang='grc' dir='ltr'>δι’</span> <span class='ocrx_word' id='word_1_457' title='bbox 1547 3674 1614 3738; x_wconf 82' lang='grc' dir='ltr'><strong>ἂς</strong></span> <span class='ocrx_word' id='word_1_458' title='bbox 1643 3674 1764 3726; x_wconf 70' lang='grc' dir='ltr'>οὐδὲ</span> <span class='ocrx_word' id='word_1_459' title='bbox 1800 3674 1935 3744; x_wconf 82' lang='grc' dir='ltr'>βρα-</span> 
     </span>
    </p>
   </div>
   <div class='ocr_carea' id='block_1_66' title="bbox 337 3765 1936 3836">
    <p class='ocr_par' dir='ltr' id='par_1_66' title="bbox 337 3765 1936 3836">
     <span class='ocr_line' id='line_1_66' title="bbox 337 3765 1936 3836; baseline -0.001 -19"><span class='ocrx_word' id='word_1_460' title='bbox 337 3766 497 3835; x_wconf 78' lang='grc' dir='ltr'>χείας</span> <span class='ocrx_word' id='word_1_461' title='bbox 552 3767 779 3836; x_wconf 82' lang='grc' dir='ltr'>είρὴνης</span> <span class='ocrx_word' id='word_1_462' title='bbox 837 3765 1118 3818; x_wconf 76' lang='grc' dir='ltr'>ἀπέλαϐον</span> <span class='ocrx_word' id='word_1_463' title='bbox 1173 3767 1222 3818; x_wconf 88' lang='grc' dir='ltr'><strong>οί</strong></span> <span class='ocrx_word' id='word_1_464' title='bbox 1275 3765 1574 3835; x_wconf 80' lang='grc' dir='ltr'>ἄνθρωποι,</span> <span class='ocrx_word' id='word_1_465' title='bbox 1615 3765 1750 3817; x_wconf 82' lang='grc' dir='ltr'>ἀλλὰ</span> <span class='ocrx_word' id='word_1_466' title='bbox 1787 3766 1936 3816; x_wconf 80' lang='grc' dir='ltr'>πᾶσα</span> 
     </span>
    </p>
   </div>
   <div class='ocr_carea' id='block_1_67' title="bbox 337 3857 1934 3929">
    <p class='ocr_par' dir='ltr' id='par_1_67' title="bbox 337 3857 1934 3929">
     <span class='ocr_line' id='line_1_67' title="bbox 337 3857 1934 3929; baseline -0.001 -20"><span class='ocrx_word' id='word_1_467' title='bbox 337 3861 500 3929; x_wconf 80' lang='grc' dir='ltr'>χώρα</span> <span class='ocrx_word' id='word_1_468' title='bbox 550 3863 647 3912; x_wconf 70' lang='grc' dir='ltr'><strong>καὶ</strong></span> <span class='ocrx_word' id='word_1_469' title='bbox 700 3859 852 3923; x_wconf 79' lang='grc' dir='ltr'>πόλις</span> <span class='ocrx_word' id='word_1_470' title='bbox 904 3859 1129 3921; x_wconf 75' lang='grc' dir='ltr'>ἔνοπλος</span> <span class='ocrx_word' id='word_1_471' title='bbox 1164 3860 1262 3921; x_wconf 72' lang='grc' dir='ltr'><strong>τὰς</strong></span> <span class='ocrx_word' id='word_1_472' title='bbox 1312 3858 1584 3922; x_wconf 82' lang='grc' dir='ltr'>ἐξαπίνως</span> <span class='ocrx_word' id='word_1_473' title='bbox 1636 3857 1934 3926; x_wconf 87' lang='grc' dir='ltr'>γενομένας</span> 
     </span>
    </p>
   </div>
   <div class='ocr_carea' id='block_1_68' title="bbox 332 3953 976 4023">
    <p class='ocr_par' dir='ltr' id='par_1_68' title="bbox 332 3953 976 4023">
     <span class='ocr_line' id='line_1_68' title="bbox 332 3953 976 4023; baseline 0 -17"><span class='ocrx_word' id='word_1_474' title='bbox 332 3953 568 4023; x_wconf 68' lang='grc' dir='ltr'>ἐφόδους</span> <span class='ocrx_word' id='word_1_475' title='bbox 599 3953 976 4023; x_wconf 83' lang='grc' dir='ltr'>δειμαίνουσα.</span> 
     </span>
    </p>
   </div>
   <div class='ocr_carea' id='block_1_69' title="bbox 415 4043 1933 4115">
    <p class='ocr_par' dir='ltr' id='par_1_69' title="bbox 415 4043 1933 4115">
     <span class='ocr_line' id='line_1_69' title="bbox 415 4043 1933 4115; baseline -0.003 -15"><span class='ocrx_word' id='word_1_476' title='bbox 415 4048 494 4114; x_wconf 68' lang='lat' dir='ltr'><strong>(bl</strong></span> <span class='ocrx_word' id='word_1_477' title='bbox 540 4046 666 4098; x_wconf 73' lang='grc' dir='ltr'><strong>Ἐπὶ</strong></span> <span class='ocrx_word' id='word_1_478' title='bbox 715 4046 771 4098; x_wconf 80' lang='grc' dir='ltr'>δὲ</span> <span class='ocrx_word' id='word_1_479' title='bbox 807 4045 902 4097; x_wconf 86' lang='grc' dir='ltr'><strong>τοῦ</strong></span> <span class='ocrx_word' id='word_1_480' title='bbox 964 4045 1174 4115; x_wconf 79' lang='grc' dir='ltr'>Κυρίου</span> <span class='ocrx_word' id='word_1_481' title='bbox 1238 4044 1398 4115; x_wconf 80' lang='grc' dir='ltr'>ἡμῶν</span> <span class='ocrx_word' id='word_1_482' title='bbox 1460 4043 1635 4114; x_wconf 81' lang='grc' dir='ltr'>Ἰησοῦ</span> <span class='ocrx_word' id='word_1_483' title='bbox 1691 4044 1933 4113; x_wconf 77' lang='grc' dir='ltr'>Χριστοῦ</span> 
     </span>
    </p>
   </div>
   <div class='ocr_carea' id='block_1_70' title="bbox 338 4137 1935 4207">
    <p class='ocr_par' dir='ltr' id='par_1_70' title="bbox 338 4137 1935 4207">
     <span class='ocr_line' id='line_1_70' title="bbox 338 4137 1935 4207; baseline -0.003 -15"><span class='ocrx_word' id='word_1_484' title='bbox 338 4138 511 4192; x_wconf 74' lang='grc' dir='ltr'>Δαυϊδ</span> <span class='ocrx_word' id='word_1_485' title='bbox 548 4139 710 4190; x_wconf 79' lang='grc' dir='ltr'>πάλιν</span> <span class='ocrx_word' id='word_1_486' title='bbox 765 4137 913 4204; x_wconf 83' lang='grc' dir='ltr'>λέγει</span> <span class='ocrx_word' id='word_1_487' title='bbox 941 4138 1013 4171; x_wconf 74' lang='grc' dir='ltr'><strong>⁸⁹σ</strong></span> <span class='ocrx_word' id='word_1_488' title='bbox 1066 4157 1090 4189; x_wconf 76' lang='grc'><em>‹</em></span> <span class='ocrx_word' id='word_1_489' title='bbox 1141 4138 1421 4190; x_wconf 81' lang='grc' dir='ltr'>Ἀνατελεί</span> <span class='ocrx_word' id='word_1_490' title='bbox 1453 4140 1510 4189; x_wconf 77' lang='grc' dir='ltr'><strong>ἐν</strong></span> <span class='ocrx_word' id='word_1_491' title='bbox 1541 4138 1661 4199; x_wconf 83' lang='grc' dir='ltr'>ταῖς</span> <span class='ocrx_word' id='word_1_492' title='bbox 1696 4137 1935 4207; x_wconf 83' lang='grc' dir='ltr'>ἡμέραις</span> 
     </span>
    </p>
   </div>
   <div class='ocr_carea' id='block_1_71' title="bbox 336 4229 1571 4300">
    <p class='ocr_par' dir='ltr' id='par_1_71' title="bbox 336 4229 1571 4300">
     <span class='ocr_line' id='line_1_71' title="bbox 336 4229 1571 4300; baseline -0.002 -19"><span class='ocrx_word' id='word_1_493' title='bbox 336 4231 511 4286; x_wconf 68' lang='grc' dir='ltr'>αὐτοῦ</span> <span class='ocrx_word' id='word_1_494' title='bbox 546 4229 867 4299; x_wconf 81' lang='grc' dir='ltr'>δικαιοσύνη</span> <span class='ocrx_word' id='word_1_495' title='bbox 899 4231 993 4283; x_wconf 70' lang='grc' dir='ltr'>καὶ</span> <span class='ocrx_word' id='word_1_496' title='bbox 1027 4229 1235 4299; x_wconf 78' lang='grc' dir='ltr'>πλῆθος</span> <span class='ocrx_word' id='word_1_497' title='bbox 1266 4230 1514 4300; x_wconf 80' lang='grc' dir='ltr'>εἰρήνης.</span> <span class='ocrx_word' id='word_1_498' title='bbox 1550 4246 1571 4279; x_wconf 72' lang='grc' dir='ltr'><strong>α</strong></span> 
     </span>
    </p>
   </div>
   <div class='ocr_carea' id='block_1_72' title="bbox 414 4320 1933 4392">
    <p class='ocr_par' dir='ltr' id='par_1_72' title="bbox 414 4320 1933 4392">
     <span class='ocr_line' id='line_1_72' title="bbox 414 4320 1933 4392; baseline 0.015 -37"><span class='ocrx_word' id='word_1_499' title='bbox 414 4322 463 4355; x_wconf 72' lang='grc' dir='ltr'>ιο</span> <span class='ocrx_word' id='word_1_500' title='bbox 491 4322 571 4391; x_wconf 74' lang='grc' dir='ltr'>(ες)</span> <span class='ocrx_word' id='word_1_501' title='bbox 600 4322 926 4392; x_wconf 68' lang='grc' dir='ltr'>(Τοιγαροῦν</span> <span class='ocrx_word' id='word_1_502' title='bbox 953 4324 985 4392; x_wconf 78' lang='grc' dir='ltr'><strong>ἡ</strong></span> <span class='ocrx_word' id='word_1_503' title='bbox 1031 4321 1320 4391; x_wconf 87' lang='grc' dir='ltr'>Ῥωμαίων</span> <span class='ocrx_word' id='word_1_504' title='bbox 1357 4320 1607 4389; x_wconf 87' lang='grc' dir='ltr'>βασιλεία</span> <span class='ocrx_word' id='word_1_505' title='bbox 1640 4321 1737 4383; x_wconf 80' lang='grc' dir='ltr'>τὰς</span> <span class='ocrx_word' id='word_1_506' title='bbox 1775 4338 1933 4390; x_wconf 83' lang='grc' dir='ltr'>μερι-</span> 
     </span>
    </p>
   </div>
   <div class='ocr_carea' id='block_1_73' title="bbox 334 4411 1935 4483">
    <p class='ocr_par' dir='ltr' id='par_1_73' title="bbox 334 4411 1935 4483">
     <span class='ocr_line' id='line_1_73' title="bbox 334 4411 1935 4483; baseline -0.002 -16"><span class='ocrx_word' id='word_1_507' title='bbox 334 4418 448 4475; x_wconf 64' lang='grc' dir='ltr'>κὲς</span> <span class='ocrx_word' id='word_1_508' title='bbox 476 4413 777 4483; x_wconf 79' lang='grc' dir='ltr'>βασιλείας,</span> <span class='ocrx_word' id='word_1_509' title='bbox 819 4414 893 4476; x_wconf 82' lang='grc' dir='ltr'>ὡς</span> <span class='ocrx_word' id='word_1_510' title='bbox 920 4413 1018 4465; x_wconf 76' lang='grc' dir='ltr'>καὶ</span> <span class='ocrx_word' id='word_1_511' title='bbox 1064 4412 1323 4475; x_wconf 82' lang='grc' dir='ltr'>πολλάκις</span> <span class='ocrx_word' id='word_1_512' title='bbox 1377 4412 1535 4482; x_wconf 72' lang='grc' dir='ltr'>ἔφην,</span> <span class='ocrx_word' id='word_1_513' title='bbox 1576 4411 1935 4465; x_wconf 76' lang='grc' dir='ltr'>καταλύσασα</span> 
     </span>
    </p>
   </div>
   <div class='ocr_carea' id='block_1_74' title="bbox 2042 3289 3636 3361">
    <p class='ocr_par' dir='ltr' id='par_1_74' title="bbox 2042 3289 3636 3361">
     <span class='ocr_line' id='line_1_74' title="bbox 2042 3289 3636 3361; baseline -0.001 -15"><span class='ocrx_word' id='word_1_514' title='bbox 2042 3306 2206 3359; x_wconf 83' lang='lat' dir='ltr'><strong>opera</strong></span> <span class='ocrx_word' id='word_1_515' title='bbox 2234 3289 2470 3355; x_wconf 88' lang='lat' dir='ltr'><strong>Domini,</strong></span> <span class='ocrx_word' id='word_1_516' title='bbox 2490 3306 2610 3359; x_wconf 72' lang='lat' dir='ltr'><strong>qua:</strong></span> <span class='ocrx_word' id='word_1_517' title='bbox 2632 3292 2820 3359; x_wconf 78' lang='lat' dir='ltr'><strong>posuit</strong></span> <span class='ocrx_word' id='word_1_518' title='bbox 2846 3291 3089 3361; x_wconf 86' lang='lat' dir='ltr'><strong>prodigia</strong></span> <span class='ocrx_word' id='word_1_519' title='bbox 3111 3306 3271 3359; x_wconf 81' lang='lat' dir='ltr'><strong>super</strong></span> <span class='ocrx_word' id='word_1_520' title='bbox 3294 3301 3515 3355; x_wconf 87' lang='lat' dir='ltr'><strong>terram,</strong></span> <span class='ocrx_word' id='word_1_521' title='bbox 3537 3308 3636 3345; x_wconf 79' lang='lat' dir='ltr'><strong>au-</strong></span> 
     </span>
    </p>
   </div>
   <div class='ocr_carea' id='block_1_75' title="bbox 2042 3382 3628 3452">
    <p class='ocr_par' dir='ltr' id='par_1_75' title="bbox 2042 3382 3628 3452">
     <span class='ocr_line' id='line_1_75' title="bbox 2042 3382 3628 3452; baseline 0.003 -17"><span class='ocrx_word' id='word_1_522' title='bbox 2042 3382 2221 3438; x_wconf 83' lang='lat' dir='ltr'><strong>ferens</strong></span> <span class='ocrx_word' id='word_1_523' title='bbox 2250 3384 2386 3437; x_wconf 90' lang='lat' dir='ltr'><strong>bella</strong></span> <span class='ocrx_word' id='word_1_524' title='bbox 2424 3399 2597 3452; x_wconf 87' lang='lat' dir='ltr'><strong>usque</strong></span> <span class='ocrx_word' id='word_1_525' title='bbox 2626 3387 2694 3437; x_wconf 89' lang='lat' dir='ltr'><strong>ad</strong></span> <span class='ocrx_word' id='word_1_526' title='bbox 2729 3386 2887 3438; x_wconf 88' lang='lat' dir='ltr'><strong>linem</strong></span> <span class='ocrx_word' id='word_1_527' title='bbox 2920 3395 3112 3450; x_wconf 66' lang='lat' dir='ltr'><strong>terrae;</strong></span> <span class='ocrx_word' id='word_1_528' title='bbox 3140 3401 3327 3438; x_wconf 83' lang='lat' dir='ltr'><strong>arcum</strong></span> <span class='ocrx_word' id='word_1_529' title='bbox 3359 3396 3628 3450; x_wconf 66' lang='lat' dir='ltr'><strong>conteret,</strong></span> 
     </span>
    </p>
   </div>
   <div class='ocr_carea' id='block_1_76' title="bbox 2038 3476 3633 3547">
    <p class='ocr_par' dir='ltr' id='par_1_76' title="bbox 2038 3476 3633 3547">
     <span class='ocr_line' id='line_1_76' title="bbox 2038 3476 3633 3547; baseline 0.003 -19"><span class='ocrx_word' id='word_1_530' title='bbox 2038 3484 2093 3528; x_wconf 86' lang='lat' dir='ltr'><strong>et</strong></span> <span class='ocrx_word' id='word_1_531' title='bbox 2127 3476 2435 3547; x_wconf 82' lang='lat' dir='ltr'><strong>confringet</strong></span> <span class='ocrx_word' id='word_1_532' title='bbox 2477 3492 2655 3541; x_wconf 87' lang='lat' dir='ltr'><strong>arma,</strong></span> <span class='ocrx_word' id='word_1_533' title='bbox 2682 3488 2734 3530; x_wconf 92' lang='lat' dir='ltr'><strong>ct</strong></span> <span class='ocrx_word' id='word_1_534' title='bbox 2771 3487 2926 3531; x_wconf 86' lang='lat' dir='ltr'><strong>scuta</strong></span> <span class='ocrx_word' id='word_1_535' title='bbox 2957 3480 3244 3532; x_wconf 90' lang='lat' dir='ltr'><strong>comburet</strong></span> <span class='ocrx_word' id='word_1_536' title='bbox 3281 3477 3416 3547; x_wconf 82' lang='lat' dir='ltr'><strong>igni.</strong></span> <span class='ocrx_word' id='word_1_537' title='bbox 3460 3497 3477 3529; x_wconf 71' lang='grc' dir='ltr'><strong>ι</strong></span> <span class='ocrx_word' id='word_1_538' title='bbox 3527 3480 3633 3533; x_wconf 68' lang='lat' dir='ltr'><strong>lie-</strong></span> 
     </span>
    </p>
   </div>
   <div class='ocr_carea' id='block_1_77' title="bbox 2043 3571 3631 3642">
    <p class='ocr_par' dir='ltr' id='par_1_77' title="bbox 2043 3571 3631 3642">
     <span class='ocr_line' id='line_1_77' title="bbox 2043 3571 3631 3642; baseline 0.004 -21"><span class='ocrx_word' id='word_1_539' title='bbox 2043 3584 2170 3622; x_wconf 84' lang='lat' dir='ltr'><strong>vera</strong></span> <span class='ocrx_word' id='word_1_540' title='bbox 2201 3571 2484 3638; x_wconf 84' lang='lat' dir='ltr'><strong>regionum</strong></span> <span class='ocrx_word' id='word_1_541' title='bbox 2519 3573 2863 3640; x_wconf 74' lang='lat' dir='ltr'><strong>prinmpatus</strong></span> <span class='ocrx_word' id='word_1_542' title='bbox 2910 3580 2963 3625; x_wconf 88' lang='lat' dir='ltr'><strong>et</strong></span> <span class='ocrx_word' id='word_1_543' title='bbox 3008 3573 3215 3640; x_wconf 78' lang='lat' dir='ltr'><strong>privata</strong></span> <span class='ocrx_word' id='word_1_544' title='bbox 3261 3588 3425 3642; x_wconf 77' lang='lat' dir='ltr'><strong>regna</strong></span> <span class='ocrx_word' id='word_1_545' title='bbox 3456 3574 3631 3628; x_wconf 70' lang='lat' dir='ltr'><strong>soluta</strong></span> 
     </span>
    </p>
   </div>
   <div class='ocr_carea' id='block_1_78' title="bbox 2039 3664 3633 3735">
    <p class='ocr_par' dir='ltr' id='par_1_78' title="bbox 2039 3664 3633 3735">
     <span class='ocr_line' id='line_1_78' title="bbox 2039 3664 3633 3735; baseline 0.004 -21"><span class='ocrx_word' id='word_1_546' title='bbox 2039 3672 2187 3724; x_wconf 89' lang='lat' dir='ltr'><strong>sunt,</strong></span> <span class='ocrx_word' id='word_1_547' title='bbox 2224 3676 2323 3729; x_wconf 85' lang='lat' dir='ltr'><strong>p-:r</strong></span> <span class='ocrx_word' id='word_1_548' title='bbox 2365 3677 2485 3730; x_wconf 75' lang='lat' dir='ltr'><strong>qua:</strong></span> <span class='ocrx_word' id='word_1_549' title='bbox 2518 3677 2585 3715; x_wconf 91' lang='lat' dir='ltr'><strong>ne</strong></span> <span class='ocrx_word' id='word_1_550' title='bbox 2614 3664 2833 3717; x_wconf 85' lang='lat' dir='ltr'><strong>brevem</strong></span> <span class='ocrx_word' id='word_1_551' title='bbox 2882 3664 3101 3732; x_wconf 85' lang='lat' dir='ltr'><strong>quidem</strong></span> <span class='ocrx_word' id='word_1_552' title='bbox 3136 3679 3323 3733; x_wconf 88' lang='lat' dir='ltr'><strong>pacem</strong></span> <span class='ocrx_word' id='word_1_553' title='bbox 3364 3667 3633 3735; x_wconf 88' lang='lat' dir='ltr'><strong>suscipie-</strong></span> 
     </span>
    </p>
   </div>
   <div class='ocr_carea' id='block_1_79' title="bbox 2040 3753 3631 3824">
    <p class='ocr_par' dir='ltr' id='par_1_79' title="bbox 2040 3753 3631 3824">
     <span class='ocr_line' id='line_1_79' title="bbox 2040 3753 3631 3824; baseline 0.004 -19"><span class='ocrx_word' id='word_1_554' title='bbox 2040 3753 2171 3805; x_wconf 85' lang='lat' dir='ltr'><strong>bant</strong></span> <span class='ocrx_word' id='word_1_555' title='bbox 2209 3753 2480 3819; x_wconf 83' lang='lat' dir='ltr'><strong>bomines,</strong></span> <span class='ocrx_word' id='word_1_556' title='bbox 2518 3755 2611 3807; x_wconf 88' lang='lat' dir='ltr'><strong>sed</strong></span> <span class='ocrx_word' id='word_1_557' title='bbox 2646 3754 2827 3807; x_wconf 88' lang='lat' dir='ltr'><strong>oinnis</strong></span> <span class='ocrx_word' id='word_1_558' title='bbox 2873 3754 3022 3824; x_wconf 84' lang='lat' dir='ltr'><strong>regio</strong></span> <span class='ocrx_word' id='word_1_559' title='bbox 3073 3765 3127 3810; x_wconf 90' lang='lat' dir='ltr'><strong>et</strong></span> <span class='ocrx_word' id='word_1_560' title='bbox 3173 3757 3366 3810; x_wconf 88' lang='lat' dir='ltr'><strong>civitas</strong></span> <span class='ocrx_word' id='word_1_561' title='bbox 3420 3765 3631 3811; x_wconf 86' lang='lat' dir='ltr'><strong>armata</strong></span> 
     </span>
    </p>
   </div>
   <div class='ocr_carea' id='block_1_80' title="bbox 2038 3841 2901 3912">
    <p class='ocr_par' dir='ltr' id='par_1_80' title="bbox 2038 3841 2901 3912">
     <span class='ocr_line' id='line_1_80' title="bbox 2038 3841 2901 3912; baseline 0.002 -17"><span class='ocrx_word' id='word_1_562' title='bbox 2038 3841 2272 3912; x_wconf 89' lang='lat' dir='ltr'><strong>impetus</strong></span> <span class='ocrx_word' id='word_1_563' title='bbox 2306 3845 2518 3898; x_wconf 90' lang='lat' dir='ltr'><strong>subitos</strong></span> <span class='ocrx_word' id='word_1_564' title='bbox 2551 3842 2901 3898; x_wconf 81' lang='lat' dir='ltr'><strong>formidabat.</strong></span> 
     </span>
    </p>
   </div>
   <div class='ocr_carea' id='block_1_81' title="bbox 2112 4035 3625 4098">
    <p class='ocr_par' dir='ltr' id='par_1_81' title="bbox 2112 4035 3625 4098">
     <span class='ocr_line' id='line_1_81' title="bbox 2112 4035 3625 4098; baseline 0.007 -10"><span class='ocrx_word' id='word_1_565' title='bbox 2112 4036 2187 4092; x_wconf 90' lang='lat' dir='ltr'><strong>De</strong></span> <span class='ocrx_word' id='word_1_566' title='bbox 2253 4035 2382 4091; x_wconf 86' lang='lat' dir='ltr'><strong>Jesu</strong></span> <span class='ocrx_word' id='word_1_567' title='bbox 2413 4035 2633 4091; x_wconf 88' lang='lat' dir='ltr'><strong>Christo</strong></span> <span class='ocrx_word' id='word_1_568' title='bbox 2688 4037 2919 4091; x_wconf 90' lang='lat' dir='ltr'><strong>Domino</strong></span> <span class='ocrx_word' id='word_1_569' title='bbox 2969 4047 3158 4095; x_wconf 88' lang='lat' dir='ltr'><strong>nostro</strong></span> <span class='ocrx_word' id='word_1_570' title='bbox 3214 4039 3382 4096; x_wconf 88' lang='lat' dir='ltr'><strong>David</strong></span> <span class='ocrx_word' id='word_1_571' title='bbox 3429 4042 3625 4098; x_wconf 86' lang='lat' dir='ltr'><strong>iterum</strong></span> 
     </span>
    </p>
   </div>
   <div class='ocr_carea' id='block_1_82' title="bbox 2038 4128 3627 4201">
    <p class='ocr_par' dir='ltr' id='par_1_82' title="bbox 2038 4128 3627 4201">
     <span class='ocr_line' id='line_1_82' title="bbox 2038 4128 3627 4201; baseline 0.004 -17"><span class='ocrx_word' id='word_1_572' title='bbox 2038 4130 2281 4199; x_wconf 84' lang='lat' dir='ltr'><strong>loquitur</strong></span> <span class='ocrx_word' id='word_1_573' title='bbox 2312 4146 2325 4182; x_wconf 87' lang='lat'><strong>:</strong></span> <span class='ocrx_word' id='word_1_574' title='bbox 2375 4128 2629 4183; x_wconf 67' lang='lat' dir='ltr'><strong>«Orietur</strong></span> <span class='ocrx_word' id='word_1_575' title='bbox 2660 4130 2712 4182; x_wconf 90' lang='lat' dir='ltr'><strong>in</strong></span> <span class='ocrx_word' id='word_1_576' title='bbox 2746 4130 2938 4185; x_wconf 91' lang='lat' dir='ltr'><strong>diebus</strong></span> <span class='ocrx_word' id='word_1_577' title='bbox 2970 4132 3089 4201; x_wconf 80' lang='lat' dir='ltr'><strong>ejus</strong></span> <span class='ocrx_word' id='word_1_578' title='bbox 3119 4132 3330 4201; x_wconf 86' lang='lat' dir='ltr'><strong>justitia</strong></span> <span class='ocrx_word' id='word_1_579' title='bbox 3368 4144 3421 4189; x_wconf 89' lang='lat' dir='ltr'><strong>et</strong></span> <span class='ocrx_word' id='word_1_580' title='bbox 3450 4137 3627 4189; x_wconf 88' lang='lat' dir='ltr'><strong>abun-</strong></span> 
     </span>
    </p>
   </div>
   <div class='ocr_carea' id='block_1_83' title="bbox 2039 4225 2495 4293">
    <p class='ocr_par' dir='ltr' id='par_1_83' title="bbox 2039 4225 2495 4293">
     <span class='ocr_line' id='line_1_83' title="bbox 2039 4225 2495 4293; baseline -0.007 -16"><span class='ocrx_word' id='word_1_581' title='bbox 2039 4225 2226 4278; x_wconf 85' lang='lat' dir='ltr'><strong>dantia</strong></span> <span class='ocrx_word' id='word_1_582' title='bbox 2259 4225 2431 4293; x_wconf 83' lang='lat' dir='ltr'><strong>pacis.</strong></span> <span class='ocrx_word' id='word_1_583' title='bbox 2477 4242 2495 4274; x_wconf 74' lang='grc' dir='ltr'><strong>ι</strong></span> 
     </span>
    </p>
   </div>
   <div class='ocr_carea' id='block_1_84' title="bbox 2120 4314 3626 4388">
    <p class='ocr_par' dir='ltr' id='par_1_84' title="bbox 2120 4314 3626 4388">
     <span class='ocr_line' id='line_1_84' title="bbox 2120 4314 3626 4388; baseline 0.002 -19"><span class='ocrx_word' id='word_1_584' title='bbox 2120 4316 2496 4371; x_wconf 81' lang='lat' dir='ltr'><strong>Romanorum</strong></span> <span class='ocrx_word' id='word_1_585' title='bbox 2522 4314 2687 4385; x_wconf 86' lang='lat' dir='ltr'><strong>igitur</strong></span> <span class='ocrx_word' id='word_1_586' title='bbox 2709 4314 2995 4385; x_wconf 88' lang='lat' dir='ltr'><strong>imperium</strong></span> <span class='ocrx_word' id='word_1_587' title='bbox 3023 4331 3145 4369; x_wconf 88' lang='lat' dir='ltr'><strong>cum</strong></span> <span class='ocrx_word' id='word_1_588' title='bbox 3181 4316 3404 4384; x_wconf 85' lang='lat' dir='ltr'><strong>privatis</strong></span> <span class='ocrx_word' id='word_1_589' title='bbox 3424 4319 3626 4388; x_wconf 82' lang='lat' dir='ltr'><strong>regnis,</strong></span> 
     </span>
    </p>
   </div>
   <div class='ocr_carea' id='block_1_85' title="bbox 2040 4406 3627 4481">
    <p class='ocr_par' dir='ltr' id='par_1_85' title="bbox 2040 4406 3627 4481">
     <span class='ocr_line' id='line_1_85' title="bbox 2040 4406 3627 4481; baseline 0.001 -16"><span class='ocrx_word' id='word_1_590' title='bbox 2040 4420 2099 4466; x_wconf 89' lang='lat' dir='ltr'><strong>ut</strong></span> <span class='ocrx_word' id='word_1_591' title='bbox 2137 4426 2278 4481; x_wconf 70' lang='lat' dir='ltr'><strong>saepe</strong></span> <span class='ocrx_word' id='word_1_592' title='bbox 2311 4409 2447 4474; x_wconf 77' lang='lat' dir='ltr'><strong>dixi,</strong></span> <span class='ocrx_word' id='word_1_593' title='bbox 2487 4418 2538 4462; x_wconf 89' lang='lat' dir='ltr'><strong>et</strong></span> <span class='ocrx_word' id='word_1_594' title='bbox 2565 4409 2766 4478; x_wconf 62' lang='lat' dir='ltr'><strong>praaliis</strong></span> <span class='ocrx_word' id='word_1_595' title='bbox 2794 4412 2954 4462; x_wconf 79' lang='lat' dir='ltr'><strong>tinent</strong></span> <span class='ocrx_word' id='word_1_596' title='bbox 2989 4406 3237 4473; x_wconf 74' lang='lat' dir='ltr'><strong>fecisset,</strong></span> <span class='ocrx_word' id='word_1_597' title='bbox 3271 4425 3377 4478; x_wconf 79' lang='lat' dir='ltr'><strong>pax</strong></span> <span class='ocrx_word' id='word_1_598' title='bbox 3412 4426 3627 4467; x_wconf 89' lang='lat' dir='ltr'><strong>summa</strong></span> 
     </span>
    </p>
   </div>
   <div class='ocr_carea' id='block_1_86' title="bbox 333 4502 1935 4591">
    <p class='ocr_par' dir='ltr' id='par_1_86' title="bbox 333 4503 1928 4575">
     <span class='ocr_line' id='line_1_86' title="bbox 333 4503 1928 4575; baseline -0.001 -16"><span class='ocrx_word' id='word_1_599' title='bbox 333 4510 441 4560; x_wconf 73' lang='grc' dir='ltr'>καὶ</span> <span class='ocrx_word' id='word_1_600' title='bbox 479 4507 684 4575; x_wconf 80' lang='grc' dir='ltr'>μάχας)</span> <span class='ocrx_word' id='word_1_601' title='bbox 734 4507 927 4575; x_wconf 77' lang='grc' dir='ltr'>είρήνη</span> <span class='ocrx_word' id='word_1_602' title='bbox 988 4505 1182 4573; x_wconf 79' lang='grc' dir='ltr'>βαθεῖα</span> <span class='ocrx_word' id='word_1_603' title='bbox 1225 4503 1504 4573; x_wconf 86' lang='grc' dir='ltr'>πανταχοῦ</span> <span class='ocrx_word' id='word_1_604' title='bbox 1568 4504 1759 4571; x_wconf 87' lang='grc' dir='ltr'>γέγονε</span> <span class='ocrx_word' id='word_1_605' title='bbox 1812 4504 1928 4572; x_wconf 79' lang='grc' dir='ltr'>(καὶ</span> 
     </span>
    </p>
   </div>
   <div class='ocr_carea' id='block_1_87' title="bbox 2042 4502 3623 4591">
    <p class='ocr_par' dir='ltr' id='par_1_87' title="bbox 2044 4502 3623 4577">
     <span class='ocr_line' id='line_1_87' title="bbox 2044 4502 3623 4577; baseline -0.002 -16"><span class='ocrx_word' id='word_1_606' title='bbox 2044 4507 2247 4577; x_wconf 82' lang='lat' dir='ltr'><strong>ubique</strong></span> <span class='ocrx_word' id='word_1_607' title='bbox 2293 4504 2415 4567; x_wconf 90' lang='lat' dir='ltr'><strong>fuit,</strong></span> <span class='ocrx_word' id='word_1_608' title='bbox 2468 4503 2783 4572; x_wconf 68' lang='lat' dir='ltr'><strong>paratisque</strong></span> <span class='ocrx_word' id='word_1_609' title='bbox 2840 4502 3156 4557; x_wconf 86' lang='lat' dir='ltr'><strong>hominibus</strong></span> <span class='ocrx_word' id='word_1_610' title='bbox 3200 4504 3266 4556; x_wconf 89' lang='lat' dir='ltr'><strong>ad</strong></span> <span class='ocrx_word' id='word_1_611' title='bbox 3318 4504 3623 4559; x_wconf 86' lang='lat' dir='ltr'><strong>audiendos</strong></span> 
     </span>
    </p>
   </div>
   <div class='ocr_carea' id='block_1_88' title="bbox 332 4594 1934 4668">
    <p class='ocr_par' dir='ltr' id='par_1_88' title="bbox 332 4594 1934 4668">
     <span class='ocr_line' id='line_1_88' title="bbox 332 4594 1934 4668; baseline -0.003 -17"><span class='ocrx_word' id='word_1_612' title='bbox 332 4601 441 4661; x_wconf 73' lang='grc' dir='ltr'>τὰς</span> <span class='ocrx_word' id='word_1_613' title='bbox 474 4600 582 4651; x_wconf 84' lang='grc' dir='ltr'><strong>τῶν</strong></span> <span class='ocrx_word' id='word_1_614' title='bbox 612 4597 919 4668; x_wconf 78' lang='grc' dir='ltr'>ἀνθρώπων</span> <span class='ocrx_word' id='word_1_615' title='bbox 953 4599 1122 4658; x_wconf 56' lang='grc' dir='ltr'>άκολς</span> <span class='ocrx_word' id='word_1_616' title='bbox 1186 4596 1518 4665; x_wconf 79' lang='grc' dir='ltr'>εὐτρεπίσας</span> <span class='ocrx_word' id='word_1_617' title='bbox 1564 4597 1678 4657; x_wconf 87' lang='grc' dir='ltr'>τοῖς</span> <span class='ocrx_word' id='word_1_618' title='bbox 1728 4594 1934 4664; x_wconf 69' lang='grc' dir='ltr'>κηρύτ-</span> 
     </span>
    </p>
   </div>
   <div class='ocr_carea' id='block_1_89' title="bbox 333 4685 1934 4760">
    <p class='ocr_par' dir='ltr' id='par_1_89' title="bbox 333 4685 1934 4760">
     <span class='ocr_line' id='line_1_89' title="bbox 333 4685 1934 4760; baseline -0.003 -17"><span class='ocrx_word' id='word_1_619' title='bbox 333 4706 498 4743; x_wconf 85' lang='grc' dir='ltr'>τουσι</span> <span class='ocrx_word' id='word_1_620' title='bbox 526 4692 618 4742; x_wconf 69' lang='grc' dir='ltr'><strong>τον</strong></span> <span class='ocrx_word' id='word_1_621' title='bbox 658 4690 759 4760; x_wconf 80' lang='grc' dir='ltr'>τῆς</span> <span class='ocrx_word' id='word_1_622' title='bbox 790 4690 1019 4760; x_wconf 79' lang='grc' dir='ltr'>εἰρήνης</span> <span class='ocrx_word' id='word_1_623' title='bbox 1073 4689 1361 4759; x_wconf 85' lang='grc' dir='ltr'>πρύτανιν,</span> <span class='ocrx_word' id='word_1_624' title='bbox 1401 4687 1577 4749; x_wconf 82' lang='grc' dir='ltr'>ἀδεῶς</span> <span class='ocrx_word' id='word_1_625' title='bbox 1606 4685 1817 4750; x_wconf 85' lang='grc' dir='ltr'>λοιπὸν,</span> <span class='ocrx_word' id='word_1_626' title='bbox 1859 4685 1934 4749; x_wconf 82' lang='grc' dir='ltr'>ὡς</span> 
     </span>
    </p>
   </div>
   <div class='ocr_carea' id='block_1_90' title="bbox 332 4779 1927 4852">
    <p class='ocr_par' dir='ltr' id='par_1_90' title="bbox 332 4779 1927 4852">
     <span class='ocr_line' id='line_1_90' title="bbox 332 4779 1927 4852; baseline -0.001 -19"><span class='ocrx_word' id='word_1_627' title='bbox 332 4782 397 4833; x_wconf 59' lang='grc' dir='ltr'>ἓν</span> <span class='ocrx_word' id='word_1_628' title='bbox 442 4782 544 4851; x_wconf 82' lang='grc' dir='ltr'>μιᾷ</span> <span class='ocrx_word' id='word_1_629' title='bbox 574 4779 844 4852; x_wconf 77' lang='grc' dir='ltr'>βασιλείᾳ,</span> <span class='ocrx_word' id='word_1_630' title='bbox 898 4780 1187 4850; x_wconf 83' lang='grc' dir='ltr'>διέδραμον</span> <span class='ocrx_word' id='word_1_631' title='bbox 1243 4781 1338 4832; x_wconf 71' lang='grc' dir='ltr'>καὶ</span> <span class='ocrx_word' id='word_1_632' title='bbox 1387 4780 1488 4849; x_wconf 81' lang='grc' dir='ltr'><strong>τὴν</strong></span> <span class='ocrx_word' id='word_1_633' title='bbox 1547 4779 1819 4850; x_wconf 74' lang='grc' dir='ltr'>σωτήριον</span> <span class='ocrx_word' id='word_1_634' title='bbox 1853 4781 1927 4831; x_wconf 81' lang='grc' dir='ltr'>δι-</span> 
     </span>
    </p>
   </div>
   <div class='ocr_carea' id='block_1_91' title="bbox 331 4872 1596 4944">
    <p class='ocr_par' dir='ltr' id='par_1_91' title="bbox 331 4872 1596 4944">
     <span class='ocr_line' id='line_1_91' title="bbox 331 4872 1596 4944; baseline -0.002 -16"><span class='ocrx_word' id='word_1_635' title='bbox 331 4874 644 4928; x_wconf 79' lang='grc' dir='ltr'>δασκαλίαν</span> <span class='ocrx_word' id='word_1_636' title='bbox 671 4877 783 4936; x_wconf 85' lang='grc' dir='ltr'>τοῖς</span> <span class='ocrx_word' id='word_1_637' title='bbox 806 4873 1120 4944; x_wconf 80' lang='grc' dir='ltr'>ἀνθρώποις</span> <span class='ocrx_word' id='word_1_638' title='bbox 1159 4872 1596 4943; x_wconf 84' lang='grc' dir='ltr'>προσήνεγκαν).</span> 
     </span>
    </p>
   </div>
   <div class='ocr_carea' id='block_1_92' title="bbox 412 4962 1933 5038">
    <p class='ocr_par' dir='ltr' id='par_1_92' title="bbox 412 4962 1933 5038">
     <span class='ocr_line' id='line_1_92' title="bbox 412 4962 1933 5038; baseline -0.003 -18"><span class='ocrx_word' id='word_1_639' title='bbox 412 4968 491 5038; x_wconf 85' lang='grc'><strong>(6)</strong></span> <span class='ocrx_word' id='word_1_640' title='bbox 523 4966 680 5019; x_wconf 78' lang='grc' dir='ltr'>Κατὰ</span> <span class='ocrx_word' id='word_1_641' title='bbox 700 4966 805 5036; x_wconf 83' lang='grc' dir='ltr'><strong>μὲν</strong></span> <span class='ocrx_word' id='word_1_642' title='bbox 840 4962 935 5019; x_wconf 75' lang='grc' dir='ltr'><strong>οὖν</strong></span> <span class='ocrx_word' id='word_1_643' title='bbox 956 4965 1057 5037; x_wconf 76' lang='grc' dir='ltr'>τὴν</span> <span class='ocrx_word' id='word_1_644' title='bbox 1090 4964 1344 5036; x_wconf 73' lang='grc' dir='ltr'>ἱστορίαν</span> <span class='ocrx_word' id='word_1_645' title='bbox 1369 4963 1544 5028; x_wconf 73' lang='grc' dir='ltr'>οὕτως</span> <span class='ocrx_word' id='word_1_646' title='bbox 1578 4965 1849 5035; x_wconf 79' lang='grc' dir='ltr'>ἑκὸέϐηκε</span> <span class='ocrx_word' id='word_1_647' title='bbox 1874 4966 1933 5017; x_wconf 89' lang='grc' dir='ltr'><strong>τὸ</strong></span> 
     </span>
    </p>
   </div>
   <div class='ocr_carea' id='block_1_93' title="bbox 330 5057 1927 5133">
    <p class='ocr_par' dir='ltr' id='par_1_93' title="bbox 330 5057 1927 5133">
     <span class='ocr_line' id='line_1_93' title="bbox 330 5057 1927 5133; baseline -0.003 -20"><span class='ocrx_word' id='word_1_648' title='bbox 330 5083 351 5113; x_wconf 71' lang='grc' dir='ltr'><strong>ι</strong></span> <span class='ocrx_word' id='word_1_649' title='bbox 386 5060 743 5133; x_wconf 71' lang='grc' dir='ltr'>ἀνταναιρῶν</span> <span class='ocrx_word' id='word_1_650' title='bbox 774 5059 1046 5129; x_wconf 77' lang='grc' dir='ltr'>πολέμους</span> <span class='ocrx_word' id='word_1_651' title='bbox 1078 5077 1096 5109; x_wconf 72' lang='grc' dir='ltr'><strong>ι</strong></span> <span class='ocrx_word' id='word_1_652' title='bbox 1137 5059 1231 5111; x_wconf 78' lang='grc' dir='ltr'>καὶ</span> <span class='ocrx_word' id='word_1_653' title='bbox 1257 5058 1326 5110; x_wconf 77' lang='grc' dir='ltr'>τὰ</span> <span class='ocrx_word' id='word_1_654' title='bbox 1351 5058 1500 5128; x_wconf 77' lang='grc' dir='ltr'><strong>ἑξῆς·</strong></span> <span class='ocrx_word' id='word_1_655' title='bbox 1519 5057 1927 5129; x_wconf 85' lang='grc' dir='ltr'>τροπικώτερον</span> 
     </span>
    </p>
   </div>
   <div class='ocr_carea' id='block_1_94' title="bbox 323 5149 1930 5221">
    <p class='ocr_par' dir='ltr' id='par_1_94' title="bbox 323 5149 1930 5221">
     <span class='ocr_line' id='line_1_94' title="bbox 323 5149 1930 5221; baseline -0.005 -14"><span class='ocrx_word' id='word_1_656' title='bbox 323 5155 383 5207; x_wconf 74' lang='grc' dir='ltr'>δὲ</span> <span class='ocrx_word' id='word_1_657' title='bbox 427 5154 482 5206; x_wconf 80' lang='grc' dir='ltr'><strong>εἴ</strong></span> <span class='ocrx_word' id='word_1_658' title='bbox 509 5170 592 5215; x_wconf 85' lang='grc' dir='ltr'><strong>τις</strong></span> <span class='ocrx_word' id='word_1_659' title='bbox 620 5152 763 5206; x_wconf 67' lang='grc' dir='ltr'>θέλει</span> <span class='ocrx_word' id='word_1_660' title='bbox 794 5153 1008 5221; x_wconf 69' lang='grc' dir='ltr'>νοῆσαι,</span> <span class='ocrx_word' id='word_1_661' title='bbox 1031 5150 1224 5220; x_wconf 71' lang='grc' dir='ltr'>ὄψεται</span> <span class='ocrx_word' id='word_1_662' title='bbox 1254 5149 1348 5203; x_wconf 88' lang='grc' dir='ltr'><strong>τοῦ</strong></span> <span class='ocrx_word' id='word_1_663' title='bbox 1382 5149 1527 5203; x_wconf 85' lang='grc' dir='ltr'>κατὰ</span> <span class='ocrx_word' id='word_1_664' title='bbox 1559 5150 1658 5218; x_wconf 81' lang='grc' dir='ltr'>τῆς</span> <span class='ocrx_word' id='word_1_665' title='bbox 1700 5149 1930 5219; x_wconf 72' lang='grc' dir='ltr'><strong>Ἕκκλη⁶</strong></span> 
     </span>
    </p>
   </div>
   <div class='ocr_carea' id='block_1_95' title="bbox 330 5242 1931 5316">
    <p class='ocr_par' dir='ltr' id='par_1_95' title="bbox 330 5242 1931 5316">
     <span class='ocr_line' id='line_1_95' title="bbox 330 5242 1931 5316; baseline -0.003 -17"><span class='ocrx_word' id='word_1_666' title='bbox 330 5248 463 5311; x_wconf 82' lang='grc' dir='ltr'>σίας</span> <span class='ocrx_word' id='word_1_667' title='bbox 517 5246 755 5316; x_wconf 85' lang='grc' dir='ltr'>πολέμου</span> <span class='ocrx_word' id='word_1_668' title='bbox 801 5246 904 5315; x_wconf 78' lang='grc' dir='ltr'><strong>τὴν</strong></span> <span class='ocrx_word' id='word_1_669' title='bbox 959 5243 1193 5297; x_wconf 86' lang='grc' dir='ltr'>παῦλαν.</span> <span class='ocrx_word' id='word_1_670' title='bbox 1250 5242 1392 5316; x_wconf 83' lang='grc' dir='ltr'>Φησὶ</span> <span class='ocrx_word' id='word_1_671' title='bbox 1444 5242 1553 5314; x_wconf 83' lang='grc' dir='ltr'><strong>γάρ</strong></span> <span class='ocrx_word' id='word_1_672' title='bbox 1577 5243 1641 5273; x_wconf 78' lang='grc' dir='ltr'><strong>⁶¹ο</strong></span> <span class='ocrx_word' id='word_1_673' title='bbox 1703 5264 1732 5291; x_wconf 76' lang='grc' dir='ltr'><strong>σι</strong></span> <span class='ocrx_word' id='word_1_674' title='bbox 1775 5242 1931 5295; x_wconf 82' lang='grc' dir='ltr'>Ἑτα-</span> 
     </span>
    </p>
   </div>
   <div class='ocr_carea' id='block_1_96' title="bbox 333 5334 1929 5409">
    <p class='ocr_par' dir='ltr' id='par_1_96' title="bbox 333 5334 1929 5409">
     <span class='ocr_line' id='line_1_96' title="bbox 333 5334 1929 5409; baseline -0.003 -18"><span class='ocrx_word' id='word_1_675' title='bbox 333 5338 625 5409; x_wconf 80' lang='grc' dir='ltr'>ράχθησαν</span> <span class='ocrx_word' id='word_1_676' title='bbox 659 5336 809 5407; x_wconf 80' lang='grc' dir='ltr'>ἔθνη,</span> <span class='ocrx_word' id='word_1_677' title='bbox 868 5334 1089 5388; x_wconf 73' lang='grc' dir='ltr'>ἔκλιναν</span> <span class='ocrx_word' id='word_1_678' title='bbox 1148 5334 1453 5405; x_wconf 62' lang='grc' dir='ltr'>βασιλείαν</span> <span class='ocrx_word' id='word_1_679' title='bbox 1494 5334 1694 5387; x_wconf 81' lang='grc' dir='ltr'>ἔδωκεν</span> <span class='ocrx_word' id='word_1_680' title='bbox 1747 5335 1929 5403; x_wconf 71' lang='grc' dir='ltr'>φωνὴν</span> 
     </span>
    </p>
   </div>
   <div class='ocr_carea' id='block_1_97' title="bbox 335 5425 1444 5498">
    <p class='ocr_par' dir='ltr' id='par_1_97' title="bbox 335 5425 1444 5498">
     <span class='ocr_line' id='line_1_97' title="bbox 335 5425 1444 5498; baseline -0.005 -15"><span class='ocrx_word' id='word_1_681' title='bbox 335 5431 509 5483; x_wconf 74' lang='grc' dir='ltr'>αὑτοῦ</span> <span class='ocrx_word' id='word_1_682' title='bbox 544 5433 574 5481; x_wconf 78' lang='grc' dir='ltr'>ὁ</span> <span class='ocrx_word' id='word_1_683' title='bbox 604 5428 894 5498; x_wconf 77' lang='grc' dir='ltr'>’Υψιστος,</span> <span class='ocrx_word' id='word_1_684' title='bbox 924 5425 1192 5497; x_wconf 70' lang='grc' dir='ltr'>ἐσαλεύθη</span> <span class='ocrx_word' id='word_1_685' title='bbox 1224 5427 1257 5496; x_wconf 74' lang='grc' dir='ltr'>ἡ</span> <span class='ocrx_word' id='word_1_686' title='bbox 1294 5425 1387 5496; x_wconf 88' lang='grc' dir='ltr'>γῆ.</span> <span class='ocrx_word' id='word_1_687' title='bbox 1427 5445 1444 5477; x_wconf 79' lang='grc' dir='ltr'><strong>ι</strong></span> 
     </span>
    </p>
   </div>
   <div class='ocr_carea' id='block_1_98' title="bbox 2039 4596 3627 4673">
    <p class='ocr_par' dir='ltr' id='par_1_98' title="bbox 2039 4596 3627 4673">
     <span class='ocr_line' id='line_1_98' title="bbox 2039 4596 3627 4673; baseline -0.003 -19"><span class='ocrx_word' id='word_1_688' title='bbox 2039 4600 2439 4673; x_wconf 85' lang='lat' dir='ltr'><strong>proclamantes</strong></span> <span class='ocrx_word' id='word_1_689' title='bbox 2505 4598 2656 4664; x_wconf 86' lang='lat' dir='ltr'><strong>pacis</strong></span> <span class='ocrx_word' id='word_1_690' title='bbox 2684 4597 3004 4665; x_wconf 89' lang='lat' dir='ltr'><strong>principem,</strong></span> <span class='ocrx_word' id='word_1_691' title='bbox 3040 4609 3232 4650; x_wconf 83' lang='lat' dir='ltr'><strong>secure</strong></span> <span class='ocrx_word' id='word_1_692' title='bbox 3274 4596 3408 4665; x_wconf 90' lang='lat' dir='ltr'><strong>jam,</strong></span> <span class='ocrx_word' id='word_1_693' title='bbox 3442 4605 3627 4666; x_wconf 86' lang='lat' dir='ltr'><strong>utpote</strong></span> 
     </span>
    </p>
   </div>
   <div class='ocr_carea' id='block_1_99' title="bbox 2034 4687 3627 4757">
    <p class='ocr_par' dir='ltr' id='par_1_99' title="bbox 2034 4687 3627 4757">
     <span class='ocr_line' id='line_1_99' title="bbox 2034 4687 3627 4757; baseline -0.004 -12"><span class='ocrx_word' id='word_1_694' title='bbox 2034 4694 2089 4745; x_wconf 91' lang='lat' dir='ltr'><strong>in</strong></span> <span class='ocrx_word' id='word_1_695' title='bbox 2127 4692 2290 4745; x_wconf 86' lang='lat' dir='ltr'><strong>unieo</strong></span> <span class='ocrx_word' id='word_1_696' title='bbox 2338 4702 2525 4757; x_wconf 87' lang='lat' dir='ltr'><strong>regno,</strong></span> <span class='ocrx_word' id='word_1_697' title='bbox 2563 4687 2650 4739; x_wconf 91' lang='lat' dir='ltr'><strong>isti</strong></span> <span class='ocrx_word' id='word_1_698' title='bbox 2685 4688 3109 4753; x_wconf 89' lang='lat' dir='ltr'><strong>discurrerunt,</strong></span> <span class='ocrx_word' id='word_1_699' title='bbox 3133 4696 3187 4741; x_wconf 88' lang='lat' dir='ltr'><strong>et</strong></span> <span class='ocrx_word' id='word_1_700' title='bbox 3226 4688 3421 4742; x_wconf 87' lang='lat' dir='ltr'><strong>salutis</strong></span> <span class='ocrx_word' id='word_1_701' title='bbox 3456 4690 3627 4742; x_wconf 87' lang='lat' dir='ltr'><strong>disci-</strong></span> 
     </span>
    </p>
   </div>
   <div class='ocr_carea' id='block_1_100' title="bbox 2037 4778 2947 4855">
    <p class='ocr_par' dir='ltr' id='par_1_100' title="bbox 2037 4778 2947 4855">
     <span class='ocr_line' id='line_1_100' title="bbox 2037 4778 2947 4855; baseline -0.005 -18"><span class='ocrx_word' id='word_1_702' title='bbox 2037 4783 2245 4855; x_wconf 89' lang='lat' dir='ltr'><strong>plinam</strong></span> <span class='ocrx_word' id='word_1_703' title='bbox 2276 4778 2591 4833; x_wconf 89' lang='lat' dir='ltr'><strong>hominibus</strong></span> <span class='ocrx_word' id='word_1_704' title='bbox 2622 4779 2947 4832; x_wconf 87' lang='lat' dir='ltr'><strong>attulerunt.</strong></span> 
     </span>
    </p>
   </div>
   <div class='ocr_carea' id='block_1_101' title="bbox 2110 4961 3625 5034">
    <p class='ocr_par' dir='ltr' id='par_1_101' title="bbox 2110 4961 3625 5034">
     <span class='ocr_line' id='line_1_101' title="bbox 2110 4961 3625 5034; baseline 0.001 -15"><span class='ocrx_word' id='word_1_705' title='bbox 2110 4964 2425 5019; x_wconf 82' lang='lat' dir='ltr'><strong>Secundum</strong></span> <span class='ocrx_word' id='word_1_706' title='bbox 2461 4962 2628 5033; x_wconf 81' lang='lat' dir='ltr'><strong>igitur</strong></span> <span class='ocrx_word' id='word_1_707' title='bbox 2674 4963 2963 5018; x_wconf 88' lang='lat' dir='ltr'><strong>historiam</strong></span> <span class='ocrx_word' id='word_1_708' title='bbox 3015 4962 3095 5017; x_wconf 91' lang='lat' dir='ltr'><strong>sic</strong></span> <span class='ocrx_word' id='word_1_709' title='bbox 3144 4961 3500 5034; x_wconf 86' lang='lat' dir='ltr'><strong>adimpletum</strong></span> <span class='ocrx_word' id='word_1_710' title='bbox 3543 4977 3625 5021; x_wconf 85' lang='lat' dir='ltr'><strong>est</strong></span> 
     </span>
    </p>
   </div>
   <div class='ocr_carea' id='block_1_102' title="bbox 2029 5056 3619 5130">
    <p class='ocr_par' dir='ltr' id='par_1_102' title="bbox 2029 5056 3619 5130">
     <span class='ocr_line' id='line_1_102' title="bbox 2029 5056 3619 5130; baseline 0 -17"><span class='ocrx_word' id='word_1_711' title='bbox 2029 5059 2175 5115; x_wconf 88' lang='lat' dir='ltr'><strong>istud</strong></span> <span class='ocrx_word' id='word_1_712' title='bbox 2212 5074 2226 5111; x_wconf 90' lang='lat'><strong>:</strong></span> <span class='ocrx_word' id='word_1_713' title='bbox 2268 5076 2285 5107; x_wconf 73' lang='grc' dir='ltr'><strong>ι</strong></span> <span class='ocrx_word' id='word_1_714' title='bbox 2327 5057 2598 5111; x_wconf 87' lang='lat' dir='ltr'><strong>Auferens</strong></span> <span class='ocrx_word' id='word_1_715' title='bbox 2634 5056 2770 5110; x_wconf 87' lang='lat' dir='ltr'><strong>bella</strong></span> <span class='ocrx_word' id='word_1_716' title='bbox 2814 5075 2832 5107; x_wconf 76' lang='grc' dir='ltr'><strong>ι</strong></span> <span class='ocrx_word' id='word_1_717' title='bbox 2870 5064 2923 5109; x_wconf 92' lang='lat' dir='ltr'><strong>et</strong></span> <span class='ocrx_word' id='word_1_718' title='bbox 2957 5057 3264 5125; x_wconf 89' lang='lat' dir='ltr'><strong>sequentia,</strong></span> <span class='ocrx_word' id='word_1_719' title='bbox 3300 5059 3474 5130; x_wconf 85' lang='lat' dir='ltr'><strong>magis</strong></span> <span class='ocrx_word' id='word_1_720' title='bbox 3518 5076 3619 5113; x_wconf 86' lang='lat' dir='ltr'><strong>au-</strong></span> 
     </span>
    </p>
   </div>
   <div class='ocr_carea' id='block_1_103' title="bbox 2028 5147 3623 5220">
    <p class='ocr_par' dir='ltr' id='par_1_103' title="bbox 2028 5147 3623 5220">
     <span class='ocr_line' id='line_1_103' title="bbox 2028 5147 3623 5220; baseline 0.003 -15"><span class='ocrx_word' id='word_1_721' title='bbox 2028 5161 2133 5205; x_wconf 91' lang='lat' dir='ltr'><strong>tem</strong></span> <span class='ocrx_word' id='word_1_722' title='bbox 2172 5148 2453 5220; x_wconf 84' lang='lat' dir='ltr'><strong>figurative</strong></span> <span class='ocrx_word' id='word_1_723' title='bbox 2503 5148 2551 5202; x_wconf 91' lang='lat' dir='ltr'><strong>si</strong></span> <span class='ocrx_word' id='word_1_724' title='bbox 2578 5147 2702 5216; x_wconf 86' lang='lat' dir='ltr'><strong>quis</strong></span> <span class='ocrx_word' id='word_1_725' title='bbox 2761 5147 3062 5217; x_wconf 82' lang='lat' dir='ltr'><strong>intelligere</strong></span> <span class='ocrx_word' id='word_1_726' title='bbox 3109 5150 3378 5217; x_wconf 87' lang='lat' dir='ltr'><strong>voluerit,</strong></span> <span class='ocrx_word' id='word_1_727' title='bbox 3423 5153 3623 5209; x_wconf 82' lang='lat' dir='ltr'><strong>videbit</strong></span> 
     </span>
    </p>
   </div>
   <div class='ocr_carea' id='block_1_104' title="bbox 2032 5240 3621 5315">
    <p class='ocr_par' dir='ltr' id='par_1_104' title="bbox 2032 5240 3621 5315">
     <span class='ocr_line' id='line_1_104' title="bbox 2032 5240 3621 5315; baseline 0.003 -18"><span class='ocrx_word' id='word_1_728' title='bbox 2032 5243 2158 5298; x_wconf 92' lang='lat' dir='ltr'><strong>belli</strong></span> <span class='ocrx_word' id='word_1_729' title='bbox 2195 5244 2462 5296; x_wconf 85' lang='lat' dir='ltr'><strong>adversus</strong></span> <span class='ocrx_word' id='word_1_730' title='bbox 2492 5240 2796 5295; x_wconf 78' lang='lat' dir='ltr'><strong>Ecclesium</strong></span> <span class='ocrx_word' id='word_1_731' title='bbox 2832 5242 3222 5298; x_wconf 87' lang='lat' dir='ltr'><strong>cessationem.</strong></span> <span class='ocrx_word' id='word_1_732' title='bbox 3258 5244 3397 5301; x_wconf 73' lang='grc' dir='ltr'>υὶιὶι</span> <span class='ocrx_word' id='word_1_733' title='bbox 3430 5247 3576 5315; x_wconf 87' lang='lat' dir='ltr'><strong>enim</strong></span> <span class='ocrx_word' id='word_1_734' title='bbox 3606 5265 3621 5301; x_wconf 90' lang='lat'><strong>:</strong></span> 
     </span>
    </p>
   </div>
   <div class='ocr_carea' id='block_1_105' title="bbox 2036 5334 3620 5412">
    <p class='ocr_par' dir='ltr' id='par_1_105' title="bbox 2036 5334 3620 5412">
     <span class='ocr_line' id='line_1_105' title="bbox 2036 5334 3620 5412; baseline 0.004 -24"><span class='ocrx_word' id='word_1_735' title='bbox 2036 5356 2055 5388; x_wconf 74' lang='grc' dir='ltr'><strong>ι</strong></span> <span class='ocrx_word' id='word_1_736' title='bbox 2088 5335 2441 5391; x_wconf 70' lang='lat' dir='ltr'><strong>Conturbatae</strong></span> <span class='ocrx_word' id='word_1_737' title='bbox 2486 5346 2615 5389; x_wconf 88' lang='lat' dir='ltr'><strong>sunt</strong></span> <span class='ocrx_word' id='word_1_738' title='bbox 2667 5343 2878 5404; x_wconf 82' lang='lat' dir='ltr'><strong>gentes,</strong></span> <span class='ocrx_word' id='word_1_739' title='bbox 2933 5334 3192 5392; x_wconf 86' lang='lat' dir='ltr'><strong>inclinata</strong></span> <span class='ocrx_word' id='word_1_740' title='bbox 3235 5349 3363 5393; x_wconf 88' lang='lat' dir='ltr'><strong>sunt</strong></span> <span class='ocrx_word' id='word_1_741' title='bbox 3411 5355 3620 5412; x_wconf 87' lang='lat' dir='ltr'><strong>regna;</strong></span> 
     </span>
    </p>
   </div>
   <div class='ocr_carea' id='block_1_106' title="bbox 2038 5426 3522 5493">
    <p class='ocr_par' dir='ltr' id='par_1_106' title="bbox 2038 5426 3522 5493">
     <span class='ocr_line' id='line_1_106' title="bbox 2038 5426 3522 5493; baseline -0.001 -10"><span class='ocrx_word' id='word_1_742' title='bbox 2038 5429 2187 5483; x_wconf 85' lang='lat' dir='ltr'><strong>dedit</strong></span> <span class='ocrx_word' id='word_1_743' title='bbox 2223 5443 2410 5483; x_wconf 77' lang='lat' dir='ltr'><strong>vocem</strong></span> <span class='ocrx_word' id='word_1_744' title='bbox 2452 5442 2609 5482; x_wconf 89' lang='lat' dir='ltr'><strong>suam</strong></span> <span class='ocrx_word' id='word_1_745' title='bbox 2645 5426 2982 5493; x_wconf 80' lang='lat' dir='ltr'><strong>Altissimus,</strong></span> <span class='ocrx_word' id='word_1_746' title='bbox 3018 5438 3163 5484; x_wconf 86' lang='lat' dir='ltr'><strong>mota</strong></span> <span class='ocrx_word' id='word_1_747' title='bbox 3194 5442 3278 5486; x_wconf 89' lang='lat' dir='ltr'><strong>est</strong></span> <span class='ocrx_word' id='word_1_748' title='bbox 3309 5444 3468 5487; x_wconf 90' lang='lat' dir='ltr'><strong>terra.</strong></span> <span class='ocrx_word' id='word_1_749' title='bbox 3502 5448 3522 5482; x_wconf 70' lang='grc' dir='ltr'><strong>ι</strong></span> 
     </span>
    </p>
   </div>
   <div class='ocr_carea' id='block_1_107' title="bbox 1536 5561 2402 5625">
    <p class='ocr_par' dir='ltr' id='par_1_107' title="bbox 1536 5561 2402 5625">
     <span class='ocr_line' id='line_1_107' title="bbox 1536 5561 2402 5625; baseline 0.002 -3"><span class='ocrx_word' id='word_1_750' title='bbox 1536 5562 1735 5624; x_wconf 63' lang='lat' dir='ltr'><strong>Variae</strong></span> <span class='ocrx_word' id='word_1_751' title='bbox 1768 5561 2081 5625; x_wconf 85' lang='lat' dir='ltr'><strong>lectiones</strong></span> <span class='ocrx_word' id='word_1_752' title='bbox 2116 5570 2178 5624; x_wconf 86' lang='lat' dir='ltr'><strong>et</strong></span> <span class='ocrx_word' id='word_1_753' title='bbox 2210 5570 2402 5625; x_wconf 64' lang='lat' dir='ltr'><strong>notae.</strong></span> 
     </span>
    </p>
   </div>
   <div class='ocr_carea' id='block_1_108' title="bbox 408 5709 1536 5780">
    <p class='ocr_par' dir='ltr' id='par_1_108' title="bbox 408 5709 1536 5780">
     <span class='ocr_line' id='line_1_108' title="bbox 408 5709 1536 5780; baseline -0.003 -12"><span class='ocrx_word' id='word_1_754' title='bbox 408 5717 455 5747; x_wconf 78' lang='lat'><strong>&#39;°</strong></span> <span class='ocrx_word' id='word_1_755' title='bbox 478 5714 687 5780; x_wconf 75' lang='grc' dir='ltr'>ταύτην</span> <span class='ocrx_word' id='word_1_756' title='bbox 717 5711 838 5767; x_wconf 90' lang='lat' dir='ltr'><strong>cod.</strong></span> <span class='ocrx_word' id='word_1_757' title='bbox 920 5710 965 5742; x_wconf 78' lang='lat'>“</span> <span class='ocrx_word' id='word_1_758' title='bbox 996 5709 1378 5780; x_wconf 84' lang='grc' dir='ltr'>προσφέροντα</span> <span class='ocrx_word' id='word_1_759' title='bbox 1413 5709 1536 5765; x_wconf 83' lang='lat' dir='ltr'><strong>eod.</strong></span> 
     </span>
    </p>
   </div>
   <div class='ocr_carea' id='block_1_109' title="bbox 335 5781 1480 5841">
    <p class='ocr_par' dir='ltr' id='par_1_109' title="bbox 335 5781 1480 5841">
     <span class='ocr_line' id='line_1_109' title="bbox 335 5781 1480 5841; baseline -0.006 0"><span class='ocrx_word' id='word_1_760' title='bbox 335 5788 380 5819; x_wconf 86' lang='lat'>&quot;</span> <span class='ocrx_word' id='word_1_761' title='bbox 415 5788 475 5841; x_wconf 82' lang='lat' dir='ltr'><strong>Et</strong></span> <span class='ocrx_word' id='word_1_762' title='bbox 532 5792 645 5839; x_wconf 75' lang='lat' dir='ltr'><strong>haec</strong></span> <span class='ocrx_word' id='word_1_763' title='bbox 680 5786 905 5837; x_wconf 85' lang='lat' dir='ltr'><strong>rubrica</strong></span> <span class='ocrx_word' id='word_1_764' title='bbox 944 5784 998 5835; x_wconf 90' lang='lat' dir='ltr'><strong>in</strong></span> <span class='ocrx_word' id='word_1_765' title='bbox 1033 5784 1221 5836; x_wconf 66' lang='lat' dir='ltr'><strong>codice</strong></span> <span class='ocrx_word' id='word_1_766' title='bbox 1241 5781 1480 5833; x_wconf 79' lang='lat' dir='ltr'><strong>eramiit.</strong></span> 
     </span>
    </p>
   </div>
   <div class='ocr_carea' id='block_1_110' title="bbox 1559 5707 3614 5835">
    <p class='ocr_par' dir='ltr' id='par_1_110' title="bbox 1559 5707 3614 5835">
     <span class='ocr_line' id='line_1_110' title="bbox 1616 5707 3614 5782; baseline 0.003 -21"><span class='ocrx_word' id='word_1_767' title='bbox 1616 5708 1663 5740; x_wconf 82' lang='lat'><strong>&quot;</strong></span> <span class='ocrx_word' id='word_1_768' title='bbox 1696 5725 1828 5761; x_wconf 86' lang='grc' dir='ltr'>πεπ.</span> <span class='ocrx_word' id='word_1_769' title='bbox 1870 5709 1939 5762; x_wconf 82' lang='grc' dir='ltr'>τὰ</span> <span class='ocrx_word' id='word_1_770' title='bbox 1967 5708 2022 5762; x_wconf 78' lang='grc' dir='ltr'>δὲ</span> <span class='ocrx_word' id='word_1_771' title='bbox 2061 5711 2141 5771; x_wconf 80' lang='grc' dir='ltr'>εἰς</span> <span class='ocrx_word' id='word_1_772' title='bbox 2196 5710 2470 5778; x_wconf 87' lang='grc' dir='ltr'>γεωργίας</span> <span class='ocrx_word' id='word_1_773' title='bbox 2514 5710 2722 5781; x_wconf 75' lang='grc' dir='ltr'>ὄργανα</span> <span class='ocrx_word' id='word_1_774' title='bbox 2756 5707 3313 5782; x_wconf 78' lang='grc' dir='ltr'>μεταχειριζομένους</span> <span class='ocrx_word' id='word_1_775' title='bbox 3346 5714 3465 5766; x_wconf 82' lang='grc' dir='ltr'>ἀντί</span> <span class='ocrx_word' id='word_1_776' title='bbox 3484 5715 3614 5774; x_wconf 81' lang='lat' dir='ltr'><strong>cod.</strong></span> 
     </span>
     <span class='ocr_line' id='line_1_111' title="bbox 1559 5778 3614 5835; baseline 0 -1"><span class='ocrx_word' id='word_1_777' title='bbox 1559 5778 1753 5834; x_wconf 72' lang='lat' dir='ltr'><strong>&quot;Cod.</strong></span> <span class='ocrx_word' id='word_1_778' title='bbox 1792 5780 2033 5835; x_wconf 57' lang='lat'><strong>515.44.</strong></span> <span class='ocrx_word' id='word_1_779' title='bbox 2112 5780 2157 5811; x_wconf 83' lang='lat'>&quot;</span> <span class='ocrx_word' id='word_1_780' title='bbox 2197 5785 2348 5835; x_wconf 81' lang='grc' dir='ltr'>τεγυ.</span> <span class='ocrx_word' id='word_1_781' title='bbox 2373 5782 2504 5835; x_wconf 87' lang='lat' dir='ltr'><strong>Ccd.</strong></span> <span class='ocrx_word' id='word_1_782' title='bbox 2583 5782 2629 5813; x_wconf 83' lang='lat'>&quot;</span> <span class='ocrx_word' id='word_1_783' title='bbox 2660 5782 2949 5835; x_wconf 62' lang='grc' dir='ltr'>ἐθναρχίας</span> <span class='ocrx_word' id='word_1_784' title='bbox 2979 5781 3108 5835; x_wconf 79' lang='lat' dir='ltr'><strong>Cet&#39;.</strong></span> <span class='ocrx_word' id='word_1_785' title='bbox 3147 5802 3215 5815; x_wconf 89' lang='lat'><strong>—-</strong></span> <span class='ocrx_word' id='word_1_786' title='bbox 3249 5783 3466 5835; x_wconf 85' lang='grc' dir='ltr'>πάντων</span> <span class='ocrx_word' id='word_1_787' title='bbox 3490 5788 3614 5835; x_wconf 72' lang='lat' dir='ltr'><strong>eorL</strong></span> 
     </span>
    </p>
   </div>
   <div class='ocr_carea' id='block_1_111' title="bbox 1668 5797 2033 5844">
    <p class='ocr_par' dir='ltr' id='par_1_111' title="bbox 1668 5797 2033 5844">
     <span class='ocr_line' id='line_1_112' title="bbox 1668 5797 2033 5844; baseline -0.003 -11"><span class='ocrx_word' id='word_1_788' title='bbox 1668 5797 1753 5833; x_wconf 84' lang='lat' dir='ltr'><strong>eo.</strong></span> <span class='ocrx_word' id='word_1_789' title='bbox 1792 5797 2033 5844; x_wconf 59' lang='lat'><strong>010,44.</strong></span> 
     </span>
    </p>
   </div>
   <div class='ocr_carea' id='block_1_112' title="bbox 2112 5780 3615 5853">
    <p class='ocr_par' dir='ltr' id='par_1_112' title="bbox 2112 5780 3615 5853">
     <span class='ocr_line' id='line_1_113' title="bbox 2112 5780 3615 5853; baseline 0.004 -21"><span class='ocrx_word' id='word_1_790' title='bbox 2112 5780 2179 5853; x_wconf 82' lang='lat'><strong>&quot;_</strong></span> <span class='ocrx_word' id='word_1_791' title='bbox 2197 5785 2353 5853; x_wconf 61' lang='grc' dir='ltr'>τεχυ.</span> <span class='ocrx_word' id='word_1_792' title='bbox 2373 5782 2504 5853; x_wconf 77' lang='lat' dir='ltr'><strong>Cod.</strong></span> <span class='ocrx_word' id='word_1_793' title='bbox 2552 5780 2557 5781; x_wconf 52' lang='grc'><strong><em>⁷</em></strong></span> <span class='ocrx_word' id='word_1_794' title='bbox 2583 5782 2629 5853; x_wconf 51' lang='lat' dir='ltr'><strong>&#39;f</strong></span> <span class='ocrx_word' id='word_1_795' title='bbox 2660 5780 2949 5853; x_wconf 67' lang='grc' dir='ltr'>έθναρχίας</span> <span class='ocrx_word' id='word_1_796' title='bbox 2979 5781 3108 5835; x_wconf 80' lang='lat' dir='ltr'><strong>Cet&#39;.</strong></span> <span class='ocrx_word' id='word_1_797' title='bbox 3147 5802 3215 5815; x_wconf 89' lang='lat'><em>-</em></span> <span class='ocrx_word' id='word_1_798' title='bbox 3249 5783 3466 5838; x_wconf 85' lang='grc' dir='ltr'>πάντων</span> <span class='ocrx_word' id='word_1_799' title='bbox 3490 5788 3615 5843; x_wconf 83' lang='lat' dir='ltr'><strong>cod.</strong></span> 
     </span>
    </p>
   </div>
   <div class='ocr_carea' id='block_1_113' title="bbox 337 5850 1935 5928">
    <p class='ocr_par' dir='ltr' id='par_1_113' title="bbox 337 5850 1935 5928">
     <span class='ocr_line' id='line_1_114' title="bbox 337 5850 1935 5928; baseline -0.003 -20"><span class='ocrx_word' id='word_1_800' title='bbox 337 5858 381 5889; x_wconf 79' lang='grc'><strong>⁸⁷</strong></span> <span class='ocrx_word' id='word_1_801' title='bbox 418 5856 720 5928; x_wconf 77' lang='grc' dir='ltr'>’Ῥωμαίων</span> <span class='ocrx_word' id='word_1_802' title='bbox 748 5855 883 5912; x_wconf 80' lang='lat' dir='ltr'><strong>Ced.</strong></span> <span class='ocrx_word' id='word_1_803' title='bbox 962 5853 1007 5883; x_wconf 82' lang='lat'>&quot;</span> <span class='ocrx_word' id='word_1_804' title='bbox 1040 5851 1129 5906; x_wconf 81' lang='lat' dir='ltr'><strong>Ps.</strong></span> <span class='ocrx_word' id='word_1_805' title='bbox 1165 5866 1307 5919; x_wconf 70' lang='lat' dir='ltr'><strong>nvi,</strong></span> <span class='ocrx_word' id='word_1_806' title='bbox 1337 5850 1449 5917; x_wconf 81' lang='lat'><strong>8,9.</strong></span> <span class='ocrx_word' id='word_1_807' title='bbox 1529 5852 1573 5883; x_wconf 69' lang='lat'><strong>‘9</strong></span> <span class='ocrx_word' id='word_1_808' title='bbox 1612 5850 1699 5907; x_wconf 81' lang='lat' dir='ltr'><strong>Ps.</strong></span> <span class='ocrx_word' id='word_1_809' title='bbox 1731 5866 1899 5917; x_wconf 77' lang='lat' dir='ltr'><strong>uxn,</strong></span> <span class='ocrx_word' id='word_1_810' title='bbox 1928 5851 1935 5864; x_wconf 90' lang='lat'>&#39;</span> 
     </span>
    </p>
   </div>
   <div class='ocr_carea' id='block_1_114' title="bbox 2042 5850 3008 5928">
    <p class='ocr_par' dir='ltr' id='par_1_114' title="bbox 2058 5850 3008 5919">
     <span class='ocr_line' id='line_1_115' title="bbox 2058 5850 3008 5919; baseline -0.001 -14"><span class='ocrx_word' id='word_1_811' title='bbox 2058 5851 2102 5881; x_wconf 81' lang='lat'><strong>“</strong></span> <span class='ocrx_word' id='word_1_812' title='bbox 2143 5850 2273 5907; x_wconf 74' lang='lat' dir='ltr'><strong>Cet].</strong></span> <span class='ocrx_word' id='word_1_813' title='bbox 2328 5851 2511 5918; x_wconf 75' lang='lat' dir='ltr'><strong>5l5,7.</strong></span> <span class='ocrx_word' id='word_1_814' title='bbox 2590 5852 2631 5884; x_wconf 84' lang='grc'><strong>⁶¹</strong></span> <span class='ocrx_word' id='word_1_815' title='bbox 2665 5852 2751 5908; x_wconf 83' lang='lat' dir='ltr'><strong>Ps.</strong></span> <span class='ocrx_word' id='word_1_816' title='bbox 2790 5850 2932 5919; x_wconf 52' lang='lat' dir='ltr'><strong>sui,</strong></span> <span class='ocrx_word' id='word_1_817' title='bbox 2957 5853 3008 5905; x_wconf 81' lang='grc' dir='ltr'>ϐ.</span> 
     </span>
    </p>
   </div>
  </div>
