4088 6420
485 361 592 421 3b3

1685 345 2012 406 GEORGII
2053 336 2509 403 IIAMAR'I‘OLI

3624 329 3732 391 3θᾷ

488 479 665 547 pletnr
695 483 986 534 numerus;
1013 482 1077 523 cx
1127 465 1279 522 ludat
1310 472 1490 520 autem
1524 463 1852 517 mactatione
1885 475 2059 529 usque

2174 454 2447 527 Ὑρκανοῦ
2498 453 2591 507 τοῦ
2639 450 2953 505 τελευταίου
2988 447 3292 520 ἀρχιερέως
3332 449 3394 500 ἐκ
3424 445 3531 498 τῶν
3572 445 3734 500 ’Δσα-

490 567 554 620 ad
582 563 881 619 Salvatoris
906 559 1082 616 nostri
1121 555 1636 616 manilestationem,
1680 561 1734 606 et
1765 551 2055 622 proiectio-

491 673 611 715 nem
664 657 940 727 Magorum
975 653 1044 708 ad
1082 651 1350 707 llerodcm
1373 689 1390 715 ,
1423 657 1627 718 septem
1669 645 1893 715 reliqua!
1932 644 2061 699 heb-

488 752 736 810 domada:
765 751 925 806 linem
955 749 1282 818 suscipiunt,
1313 759 1421 816 quo
1445 752 1710 811 tempore,
1749 746 1873 810 post
1897 740 2062 792 inter-

489 846 777 901 rectionem
825 841 1056 914 Hyrcani
1085 839 1210 894 dico
1234 851 1406 904 usque
1429 835 1495 889 ad
1519 829 1723 888 Christi
1747 830 2058 895 adventum,

489 949 677 994 contra
725 938 895 1006 legem
949 932 1150 990 summi
1185 929 1504 986 sacerdotes
1551 927 1664 992 jam
1719 924 1848 980 lacti
1911 933 2059 978 sunt.

431 1066 434 1069 η
490 1029 630 1100 Lege
656 1029 802 1083 enim
836 1027 1059 1096 jubente
1081 1038 1177 1093 per
1209 1031 1377 1077 totam
1403 1022 1568 1074 vitam
1595 1031 1844 1073 summos
1873 1029 2060 1070 sacer-

489 1121 643 1175 dotes
669 1118 973 1174 sacerdotio
997 1115 1170 1185 fungi,
1197 1122 1250 1169 et
1279 1121 1401 1182 post
1423 1120 1652 1166 mortem
1681 1120 2058 1164 successorum

488 1202 856 1272 successores,
895 1217 1128 1277 occupat
1166 1205 1408 1260 lierodes
1443 1203 1807 1274 (summorum
1837 1199 2062 1255 electio-

489 1317 611 1359 nem
659 1301 1030 1368 sacerdotum)
1071 1309 1122 1354 et
1157 1309 1280 1368 post
1325 1297 1478 1351 illum
1529 1292 1792 1358 Romani,
1825 1306 2060 1362 quorum

489 1400 582 1466 qui
619 1410 787 1465 penes
813 1409 872 1449 se
907 1407 1121 1448 summa
1147 1390 1390 1446 fecerant
1418 1386 1725 1444 sacerdotia
1753 1386 2063 1455 frequentes

491 1489 546 1543 in
569 1487 676 1543 illis
700 1486 1074 1542 successiones
1091 1483 1412 1546 eﬂiciebant,
1427 1489 1480 1536 et
1497 1480 1702 1550 aliquot
1720 1493 1786 1533 ne
1801 1475 2064 1531 Hebraieo

491 1579 714 1649 quidem
755 1593 820 1632 ex
849 1591 1048 1646 genere
1075 1573 1339 1630 oriundos
1362 1571 1676 1628 sacerdotes
1733 1569 2060 1639 deligebant.

495 1666 560 1722 Et
591 1669 699 1723 hoc
727 1667 1024 1722 ostendens
1064 1664 1337 1734 Josephus
1382 1662 1521 1716 dixit
1560 1680 1574 1716 :
1623 1679 1642 1712 I
1694 1659 1830 1716 Cum
1878 1669 2062 1714 autem

492 1757 732 1813 Herodes
761 1755 1017 1810 traditum
1037 1770 1064 1808 a
1083 1754 1344 1809 Romanis
1368 1766 1592 1822 regnum
1620 1750 1935 1818 accepisset,
1953 1763 2062 1802 non

2165 549 2419 622 μωναίων
2449 548 2616 618 ἧγουν
2640 541 3040 606 Μακκαϐαίων,
3063 540 3123 593 ὃν
3165 537 3413 608 Ἡρώδης
3441 538 3674 600 ἀνεῖλεν,
3706 540 3735 590 ὀ

2162 643 2267 698 τῶν
2298 639 2378 712 ξβ⁹
2435 637 2749 709 ἑϐδομάδων
2787 633 3022 706 ἀριθμὸς
3054 630 3474 702 συμπληροῦται
3497 646 3512 661 ο
3543 629 3652 683 ἀπὸ
3677 628 3734 682 δὲ

2160 735 2260 805 τῆς
2312 731 2485 786 Ἰούδα
2544 729 2761 799 σφαγῆς
2822 727 2982 796 μέχρι
3027 725 3126 793 τῆς
3157 722 3252 776 τοῦ
3297 721 3550 789 Σωτῆρος
3579 719 3734 789 ἡμῶν

2161 826 2484 896 ἐπιφανείας
2510 825 2605 877 καὶ
2635 826 2734 893 τῆς
2757 821 2894 890 πρὸς
2933 818 3180 888 Ἡρώδην
3210 816 3320 868 τῶν
3371 815 3579 881 Μάγων
3607 811 3737 880 ἀφί-

2163 919 2296 985 ξεως
2325 919 2379 971 αἱ
2399 917 2564 970 λοπσὶ
2585 913 2628 979 ζ’
2655 912 2949 982 ὲϐδομάδες
2975 910 3034 962 τὸ
3073 909 3224 970 τέλος
3242 903 3641 975 λαμϐάνουσιν,
3677 905 3735 955 ὲν

2159 1006 2204 1081 ᾧ
2233 1011 2434 1084 χρόνῳ,
2471 1009 2608 1080 μετά
2643 1009 2743 1077 τὴν
2765 1006 3047 1076 ἀναῖρεσιν
3074 1001 3345 1072 Ὑρκανοῦ
3374 1016 3536 1068 φημι,
3575 997 3738 1066 μέχρι

2163 1106 2262 1175 τῆς
2293 1104 2387 1156 τοῦ
2447 1100 2686 1172 Χριστοῦ
2737 1097 3040 1169 παρουσίας
3099 1093 3434 1163 παρανόμως
3473 1090 3658 1142 λοιπὸν
3686 1089 3738 1139 οἱ

2163 1196 2443 1266 ἀρχιερεῖς
2497 1193 2774 1261 ἐγίνοντο·
2813 1189 2908 1242 τοῦ
2963 1187 3072 1259 γὰρ
3107 1187 3277 1254 νόμου
3310 1182 3621 1242 κελεύοντος
3652 1180 3741 1232 διὰ

2165 1285 2281 1355 βίου
2315 1283 2514 1345 παντὸς
2546 1283 2671 1344 τοὺς
2703 1281 2981 1350 ἀρχιερεῖς
3015 1275 3317 1346 ἱερατεύειν
3357 1271 3450 1324 καὶ
3482 1271 3618 1341 μετὰ
3648 1285 3736 1321 τε-

2167 1371 2362 1440 λευτὴν
2389 1369 2656 1438 διαδόχων
2681 1368 2806 1430 τοὺς
2839 1366 3137 1436 διαδόχους,
3181 1361 3447 1432 λαμϐάνει
3493 1359 3740 1428 Ἡρώδης

2165 1467 2260 1518 καὶ
2298 1465 2345 1516 οῖ
2395 1463 2511 1533 μετ’
2537 1464 2746 1514 ἐκεῖνον
2791 1461 3053 1530 Ῥωμαῖοι
3073 1458 3140 1520 ³ο,
3195 1448 3270 1508 ὧν
3316 1454 3368 1506 oi
3408 1452 3504 1514 τὰς
3555 1453 3734 1520 ἀρχιεο

2167 1561 2415 1630 ρωσύνας
2477 1555 2839 1626 ποιησάμενοι
2903 1551 3106 1622 συχνάς
3175 1549 3355 1602 αὐτῶν
3397 1545 3611 1598 ἐποίουν
3635 1543 3737 1603 τὰς

2164 1629 2437 1722 διαδοχὰς,
2500 1650 2678 1712 ὲνίους
2706 1649 2762 1700 δὲ
2794 1647 2915 1700 οὐδὲ
2970 1647 3034 1699 ὲκ
3067 1643 3160 1698 τοῦ
3197 1629 3500 1712 Ἐϐραῗκοῦ
3547 1635 3734 1705 γένους

2166 1745 2636 1815 καταγομένους³¹
2677 1743 2953 1812 ἀρχιερεῖς
2987 1734 3448 1808 προεχειρίζοντο.
3483 1732 3594 1800 (⁸14)
3631 1727 3738 1781 Καὶ

484 1848 601 1918 jam
645 1862 713 1902 ex
763 1847 1245 1900 Assamonaeorum
1291 1855 1489 1912 genere
1522 1839 1644 1909 (ipsi
1685 1847 1864 1894 autem
1910 1844 2065 1894 erant

2170 1806 2334 1891 τοῦτο
2383 1806 2570 1906 ’δηλῶν
2629 1806 2894 1900 Ἰώσηπος
2927 1806 3098 1898 Ειρηί³⁸
3123 1806 3195 1877 έναι
3221 1826 3333 1895 Τὴν
3372 1822 3429 1875 δὲ
3459 1818 3738 1891 βασιλείαν

491 1936 667 1992 vocati
722 1934 1038 2002 Maehabmi)
1093 1947 1340 1989 summos
1387 1931 1702 1986 sacerdotes
1756 1930 2062 1994 constituit,

494 2027 587 2082 sed
615 2025 817 2095 ignotis
846 2023 1195 2094 quibusdam,
1230 2031 1284 2076 et
1309 2021 1378 2076 de
1413 2035 1608 2089 genere
1637 2027 1845 2074 tantum
1881 2034 2066 2074 sacer-

493 2117 683 2183 dotali,
705 2131 976 2171 summum
1007 2113 1367 2169 sacerdotium
1398 2110 1751 2167 tribuit.—Et
1775 2119 1896 2180 post
1917 2126 2068 2167 sexa—

479 2210 646 2280 ginta
670 2208 808 2263 duas
843 2206 1235 2269 hebdomadas,
1258 2205 1454 2274 inquit,
1477 2203 1930 2260 exterminabitur
1959 2219 2066 2258 un-

471 2302 632 2367 .ctio,
664 2309 719 2356 et
749 2299 1021 2370 judicium
1053 2314 1162 2354 non
1207 2307 1290 2353 est
1319 2299 1374 2352 in
1399 2311 1482 2352 ea.
1517 2315 1536 2349 ι
1578 2295 1933 2366 Perspicuum
1961 2295 2066 2349 ita-

480 2408 598 2462 .qne
645 2401 748 2454 est.
778 2406 901 2447 eum
950 2391 1235 2460 sexaginta
1270 2388 1410 2443 duas
1441 2387 1808 2442 hebdomadas
1855 2386 2065 2456 priores

495 2483 766 2549 posuisse,
794 2495 848 2536 et
875 2491 1062 2550 postea
1098 2489 1333 2549 septem,
1363 2479 1414 2532 in
1442 2478 1643 2547 quibus
1677 2496 1694 2528 ι
1734 2477 2066 2531 extermina-

476 2586 610 2630 sum
643 2576 707 2628 iri
734 2573 1045 2628 unctionem
1080 2591 1097 2624 ι
1124 2573 1282 2636 dixit,
1312 2571 1364 2626 id
1384 2580 1468 2626 est
1496 2569 1780 2626 ﬂorentem
1806 2569 1860 2623 in
1885 2584 2068 2625 sacer-

496 2667 685 2721 dotum
728 2665 1065 2735 principibus
1093 2665 1350 2732 gratiam.
1385 2664 1450 2717 Et
1501 2678 1624 2717 cum
1659 2662 1735 2716 illi
1777 2661 1938 2717 etiam
1973 2663 2066 2731 qui

496 2767 686 2813 contra
725 2758 894 2826 legem
925 2757 1253 2811 creabantur
1286 2756 1629 2811 sacerdotum
1665 2754 1939 2824 principes
1975 2769 2070 2824 ap-

485 2846 846 2917 pellarentur,
873 2847 997 2914 jure
1035 2844 1240 2898 addidit
1267 2861 1282 2898 :
1317 2862 1335 2894 ι
1383 2844 1450 2897 Ει
1471 2843 1740 2910 judicium
1773 2859 1880 2897 non
1905 2843 2068 2899 estin

491 2937 768 2994 ea.»Licet
796 2937 939 2992 enim
973 2946 1326 3008 angerentur,
1356 2936 1559 3006 inquit,
1594 2945 1650 2990 at
1679 2944 1866 2990 contra
1896 2935 2067 3006 legem

491 3037 550 3084 et
601 3027 894 3084 immerito.
926 3029 990 3082 Et
1030 3028 1284 3098 superius
1321 3025 1667 3082 manifestum
1721 3026 1882 3091 fecit,
1923 3026 2070 3095 quod

2181 1927 2423 1999 Ἡρώδης
2477 1925 2628 1995 παρὰ
2659 1922 2948 1992 Ῥωμαίων
2979 1917 3361 1990 ἐγχειρισθεὶς,
3392 1912 3575 1968 οὐκέτι
3603 1912 3732 1971 τοὺς

2167 2023 2230 2074 ὲκ
2255 2020 2363 2072 τῶν
2395 2016 2778 2087 Ἀσαμωναίου
2806 2015 2997 2082 γένους
3021 2041 3088 2052 --
3119 2005 3266 2064 οῦτοι
3298 2008 3354 2061 δὲ
3391 2003 3534 2077 ἦσαν
3564 2003 3614 2056 οἱ
3638 2020 3738 2054 κα-

2167 2113 2419 2183 λούμενοι
2441 2109 2878 2165 Μακκαϐαῖοι-
2911 2105 3240 2174 καθίστησιν
3269 2101 3573 2172 ἀρχιερεῖς,
3604 2095 3741 2183 ἀλλὰ

2168 2180 2306 2258 τισι-ν
2338 2205 2569 2274 ἀσήμοις
2594 2203 2637 2233 ³³
2660 2201 2756 2253 καὶ
2820 2201 2981 2269 μόνον
3012 2197 3071 2264 ἒξ
3101 2196 3298 2265 ίερέων
3349 2189 3471 2245 οὖσι
3516 2189 3614 2260 τὴν
3637 2180 3736 2256 ap-

2168 2297 2506 2370 χιερωσύνην
2533 2294 2818 2356 ἀπένειμε.
2858 2310 2876 2343 ι
2921 2289 3038 2362 (15)
3066 2288 3109 2320 ³⁸
3173 2307 3191 2340 ι
3217 2285 3330 2341 Καὶ
3366 2285 3504 2354 μετὰ
3537 2284 3634 2344 τὰς
3663 2280 3738 2349 ξβ¹

2170 2389 2509 2460 ἑϐδομάδας,
2565 2386 2750 2456 φησὶν,
2812 2381 3322 2451 ὲξολοθρευθήσεται
3357 2377 3590 2448 χρίσμα,
3647 2373 3741 2425 καὶ

2167 2488 2345 2554 κρῖμα
2377 2484 2480 2537 οὐκ
2527 2481 2675 2535 ἐστιν
2714 2483 2773 2533 ἐν
2805 2478 2972 2548 αὐτῷ.
3005 2495 3024 2529 ι
3064 2475 3153 2539 Ὠς
3183 2475 3340 2545 δῆλον
3373 2469 3516 2524 εἶναι
3546 2471 3626 2522 ὅτι
3642 2467 3742 2528 τὰς

2169 2575 2247 2647 ξβ¹
2294 2575 2594 2644 ἑϐδομάδας
2628 2573 2894 2644 πρότερον
2951 2567 3115 2640 224
3171 2567 3391 2636 τέταχε,
3442 2564 3536 2616 καὶ
3597 2558 3738 2630 μετὰ

2170 2666 2344 2719 ταῦτα
2371 2667 2468 2726 τὰς
2488 2663 2552 2728 ζ’,
2587 2665 2642 2716 ἐν
2671 2658 2763 2725 αἷς
2819 2661 3030 2730 ἔφησαν
3057 2676 3071 2691 ·
3131 2677 3150 2708 ι
3191 2652 3738 2725 Ἐξολοθρευθήσεται

2171 2756 2428 2829 χρίσμαμ
2457 2753 2702 2807 τουτέστι
2729 2752 2827 2824 τὴν
2856 2749 3198 2804 ἐπανθοῦσαν
3221 2748 3381 2818 χάριν
3412 2746 3523 2806 τοῖς
3553 2744 3743 2812 ἀρχιε-

2174 2849 2324 2919 ρεῦσι
2347 2863 2361 2878 ο
2389 2847 2482 2900 καὶ
2535 2843 2724 2912 ἐπειδὴ
2783 2843 2876 2895 καὶ
2902 2842 2952 2894 oi
2980 2839 3307 2911 παρανόμως
3335 2834 3614 2907 χριόμενοι
3643 2831 3745 2900 ἀρ-

2171 2942 2371 3012 χιερεῖς
2401 2937 2775 3008 ὀνομάζονται,
2800 2935 3026 2996 εἰκότως
3058 2933 3338 3000 ἐπήγαγε·
3373 2947 3392 2981 ι
3422 2927 3533 2982 Καὶ
3566 2926 3740 2995 κρῖμα

2170 3033 2271 3086 οὐκ
2327 3031 2474 3084 ἐστιν
2524 3030 2583 3081 ὲν
2647 3026 2816 3096 αύτῷ.
2847 3044 2866 3077 ι
2898 3025 2961 3078 Εἰ
2987 3023 3096 3094 γὰρ
3129 3025 3224 3075 καὶ
3259 3020 3528 3091 ἐχρίοντο,
3556 3016 3745 3088 φησὶν,

495 3129 699 3188 septem
732 3119 1100 3174 hebdomadas
1132 3129 1440 3187 postremas
1473 3117 1748 3172 ordinavit
1776 3135 1789 3170 :
1825 3135 1842 3168 ι
1884 3114 2065 3186 Usque

2171 3124 2308 3178 ἀλλὰ
2338 3121 2666 3192 παρανόμως
2699 3121 2794 3172 καὶ
2824 3120 2955 3190 παρ’
2977 3115 3135 3180 ἀξίαν
3158 3131 3171 3145 ·
3208 3114 3252 3146 ³³
3285 3113 3401 3185 (καὶ¹
3459 3109 3747 3178 άνωτέρως

481 3213 666 3276 κριτὴν,
700 3214 894 3280 inquit,
921 3212 1200 3266 Christum
1230 3210 1422 3264 ducem
1471 3209 1820 3263 hebdomade!)
1863 3217 2066 3277 septem

485 3310 549 3355 tet
575 3301 924 3355 hebdomadae
953 3301 1228 3369 sexaginta
1263 3299 1404 3353 duae.
1449 3317 1466 3348 ι
1500 3297 1720 3354 Christo
1752 3298 1899 3352 enim
1943 3297 2068 3352 duci

497 3403 551 3445 vt
576 3391 842 3446 Saivatori
875 3401 1083 3460 septem
1134 3391 1506 3446 hebdomadas
1540 3390 1820 3459 proximas
1869 3391 2066 3458 posuit,

493 3494 558 3536 ut
583 3483 948 3550 intelligamus
989 3482 1132 3552 quod
1168 3482 1213 3536 si
1240 3499 1270 3536 a
1296 3481 1514 3536 Christo
1549 3482 1613 3536 ad
1637 3484 1911 3552 superiora
1933 3494 2069 3538 tem-

495 3589 634 3643 pora
662 3587 950 3627 numerare
979 3573 1246 3635 volemus,
1271 3573 1445 3642 primo
1474 3583 1678 3642 septem
1704 3573 2070 3629 hebdomadas

497 3663 862 3729 inveniemus,
893 3672 947 3716 et
976 3662 1170 3717 deinde
1197 3663 1476 3734 sexaginta
1507 3665 1662 3719 duas.
1697 3663 1894 3720 Postea
1916 3665 2070 3730 dicit,

496 3766 555 3808 et
604 3755 672 3808 de
710 3756 889 3808 futura
923 3755 1074 3810 urbis
1100 3755 1428 3821 vaStatione,
1463 3765 1517 3809 et
1552 3755 1618 3810 de
1646 3769 1864 3809 summo
1887 3771 2069 3810 sacer-

499 3846 646 3900 :iotio
677 3855 862 3900 contra
898 3847 1068 3915 legem
1101 3847 1328 3916 loquens
1357 3862 1372 3900 :
1410 3863 1428 3897 ι
1462 3845 1528 3900 Ει
1549 3847 1820 3902 civitatem
1861 3856 1914 3902 et
1945 3863 2074 3902 san-

495 3935 766 3988 rtuarium
813 3934 1103 4003 dissipabit
1143 3949 1268 3990 cum
1323 3936 1461 3989 duce
1501 3935 1772 3990 veniente.
1810 3954 1828 3986 ι
1872 3937 2071 3991 Ducem

498 4025 641 4078 enim
673 4025 977 4080 venientem
1003 4025 1371 4094 alienigenum
1403 4022 1541 4077 dixit
1568 4037 1814 4092 regnum,
1842 4032 1895 4079 et
1921 4039 2072 4079 sum-

499 4132 656 4197 mum
731 4117 1097 4171 sacerdotium
1163 4124 1355 4171 contra
1434 4115 1605 4185 legem
1677 4116 1946 4170 habitum.
1996 4113 2072 4171 lta

494 4208 663 4260 etiam
687 4207 907 4276 quidem
935 4207 1092 4262 divus
1111 4206 1347 4278 Cyrillus
1364 4206 1890 4279 Hierosolymitanus
1912 4209 2070 4263 dixit:

2171 3215 2228 3267 δὲ
2265 3213 2426 3282 δῆλον
2469 3213 2757 3280 πεποίηκε,
2801 3209 2876 3270 ὡς
2900 3206 2997 3269 τὰς
3027 3205 3072 3270 ζ’
3099 3203 3404 3274 ἑϐδομάδας
3429 3199 3748 3262 τελευταίας

2171 3305 2395 3375 τέταχεν
2417 3320 2430 3336 ·
2458 3303 2507 3336 ³⁸
2542 3321 2558 3354 ι
2591 3302 2736 3364 Ἕως
2765 3300 2899 3371 γὰρ,
2930 3299 3088 3368 φησὶ,
3142 3294 3382 3367 Χριστοῦ
3441 3292 3752 3364 ἡγουμένου

2174 3398 2462 3468 ὲϐδομάδες
2516 3396 2558 3461 ζ’
2610 3397 2703 3449 καὶ
2750 3392 3044 3463 ὲϐδομάδες
3094 3390 3190 3460 ξβ’.
3219 3397 3266 3461 ι)
3305 3389 3395 3458 Τῷ
3444 3390 3552 3457 γὰρ
3581 3389 3750 3456 ήγουυ

2176 3489 2321 3560 μένῳ
2353 3489 2572 3559 Χριστῷ
2600 3488 2692 3539 καὶ
2712 3485 2924 3555 Σωτῆρι
2947 3484 3045 3546 τὰς
3092 3481 3136 3545 ζ’
3168 3479 3750 3549 πολλαπλησιαζούσας

2175 3580 2474 3650 ἑϐδομάδας
2526 3577 2760 3643 τέθεικε,
2790 3577 2879 3628 ἵνα
2906 3575 3124 3644 γνῶμεν
3176 3573 3252 3635 ὡς
3298 3570 3404 3624 ἀπὸ
3455 3569 3551 3623 τοῦ
3606 3571 3748 3639 Χρι-

2176 3669 2302 3723 στοῦ
2355 3670 2450 3722 καὶ
2503 3669 2599 3722 ἐπὶ
2638 3667 2708 3721 τὰ
2760 3666 2873 3720 ἄνω
2900 3664 3157 3735 ἀριθμεῖν
3214 3662 3548 3733 βουλόμενοι,
3571 3662 3672 3722 τὰς
3697 3659 3745 3723 ξ’

2174 3761 2440 3830 πρότερον
2503 3758 2804 3828 ἑϐδομάδας
2841 3757 3170 3828 εὑρήσωμεν
3224 3757 3317 3808 καὶ
3343 3752 3465 3806 τότε
3505 3752 3600 3814 τὰς
3642 3750 3743 3821 ξβ’.

2175 3847 2307 3903 Είτα
2337 3851 2484 3918 λέγει
2509 3850 2604 3903 καὶ
2628 3848 2728 3919 τὴν
2765 3847 3065 3918 μέλλουσαν
3096 3846 3381 3917 ἐρήμωσιν
3409 3844 3509 3914 τῆς
3537 3844 3749 3903 πόλεως

2175 3942 2268 3993 καὶ
2289 3938 2386 4010 τὴν
2421 3939 2737 4010 παράνομον
2769 3938 3186 4009 ἀρχιερωσύνην
3210 3936 3436 4004 φάσκων
3459 3935 3534 3966 ³⁷⁸
3577 3953 3596 3986 ι
3635 3933 3749 3985 Καὶ

2174 4030 2272 4100 τὴν
2303 4030 2456 4084 πόλιν
2492 4030 2661 4082 καὶτὸ
2691 4029 2844 4096 ἅγιον
2881 4027 3168 4097 διαφθερεῖ
3191 4026 3289 4079 σὺν
3319 4025 3398 4096 τῷ
3457 4023 3749 4094 ἡγουμένῳ

2173 4121 2252 4191 τῷ
2285 4121 2566 4191 ἐρχομένῳ
2597 4137 2609 4151 ·
2643 4140 2661 4172 ι
2706 4120 3010 4189 ἡγούμενον
3036 4119 3142 4188 γὰρ
3194 4119 3490 4189 ἐρχόμενον
3524 4119 3624 4186 τὴν
3654 4116 3752 4170 άλ-

2174 4211 2400 4282 λόφυλον
2438 4211 2541 4281 ἔφη
2578 4211 2855 4281 βασιλείαν
2879 4212 2975 4262 καὶ
2999 4209 3097 4279 τὴν
3125 4209 3444 4278 παράνομον
3469 4207 3748 4276 ἀρχιερω-

505 4318 521 4347 ι
558 4296 678 4354 Non
706 4297 917 4353 deﬁciet
943 4299 1199 4369 princeps
1228 4299 1294 4354 de
1319 4296 1480 4364 Juda,
1509 4301 1705 4369 inquit,
1742 4315 1841 4354 nec
1871 4300 1981 4355 dux
2009 4300 2065 4355 de

2179 4304 2364 4374 σύνην.
2398 4303 2562 4375 »(16)
2615 4302 2774 4356 Οὕτω
2814 4320 2876 4372 γε
2942 4303 3050 4372 μὴν
3109 4302 3252 4354 καὶὸ
3285 4300 3427 4362 θεῖος
3480 4297 3752 4366 Κύριλλος

501 4389 798 4444 femoribus
824 4390 964 4460 ejus,
994 4391 1168 4446 donec
1207 4390 1391 4461 veniat
1433 4391 1518 4446 cui
1567 4392 1867 4462 repositum
1899 4401 2006 4448 est.
2049 4411 2066 4444 ›

2191 4395 2453 4466 Ἱεροσολύ
2463 4414 2578 4467 μων
2607 4395 2765 4466 ἐφη³⁸
2788 4412 2800 4424 ⁸
2836 4413 2854 4446 t
2872 4396 2986 4449 Ούκ
3006 4393 3245 4463 ἐκλείψει
3271 4393 3451 4462 ἄρχων
3468 4392 3526 4458 ἐξ
3551 4391 3746 4456 Ἰούδα,

499 4472 725 4552 Signum
758 4483 922 4552 igitur
953 4483 1102 4537 dedit
1147 4482 1351 4539 Christi
1397 4484 1659 4538 adventus
1705 4483 2065 4539 cessationem

2177 4490 2365 4558 φησὶν,
2411 4487 2534 4540 οὐδὲ
2591 4488 2894 4558 ἡγούμενος
2920 4489 2984 4540 ἐκ
3015 4487 3123 4539 τῶν
3179 4485 3369 4556 μηρῶν
3423 4484 3610 4552 αὑτοῦ,
3643 4487 3752 4546 ἓως

495 4574 806 4630 dominatus
830 4573 1164 4631 Iudaeorum.
1199 4574 1259 4630 Si
1286 4577 1430 4632 enim
1471 4591 1616 4631 nunc
1651 4591 1759 4632 non
1807 4585 1935 4632 sunt
1967 4577 2070 4632 sub

495 4673 762 4733 potestate
783 4663 1204 4734 Romanorum,
1237 4667 1480 4722 nondum
1509 4668 1659 4723 venit
1692 4667 1984 4736 Christus;
2023 4669 2070 4725 si

493 4771 654 4826 quem
691 4756 888 4812 habent
919 4772 984 4812 ex
1010 4764 1222 4829 genere
1243 4755 1383 4813 Juda
1414 4767 1466 4812 et
1497 4757 1714 4814 Davidis
1747 4759 2068 4829 principem.

493 4849 734 4905 nondum
770 4850 920 4905 venit
948 4850 1043 4920 qui
1086 4857 1435 4919 exspectatur
1475 4867 1494 4900 ι
1531 4849 1706 4919 ligans
1741 4848 1808 4904 ad
1857 4849 2072 4906 vineam

493 4943 699 5010 pullum
738 4959 924 5007 suum,
960 4963 980 4996 ›
1017 4941 1321 5000 secundum
1362 4941 1542 4997 divum
1588 4939 1930 4999 Zachariam.
1963 4943 2068 4996 De-

497 5034 799 5090 tieientibus
816 5037 980 5102 igitur
1006 5051 1070 5091 ex
1087 5034 1224 5091 Juda
1257 5035 1619 5104 principibus,
1640 5035 1939 5107 alienigena
1964 5035 2069 5093 He-

497 5123 655 5176 redes
699 5123 950 5194 imperat.
989 5123 1129 5181 Dicit
1158 5125 1304 5180 enim
1339 5126 1658 5196 colloquens
1688 5127 1914 5198 angelus
1939 5142 2065 5182 cum

497 5213 750 5269 Daniele:
782 5235 799 5266 ι
830 5217 898 5272 Et
934 5233 1126 5274 nosces
1151 5227 1205 5275 et
1235 5219 1503 5289 intelliges
1531 5219 1601 5275 ab
1623 5219 1772 5274 exitu
1796 5221 2065 5276 sermonis

2174 4579 2242 4632 ἂν
2300 4578 2434 4651 ἔλθῃ
2459 4572 2503 4648 ᾧ
2525 4579 2836 4634 ἀπόκειται.
2869 4598 2887 4631 ›
2922 4609 2993 4620 --
3045 4581 3280 4650 Σημεῑον
3310 4577 3403 4633 οὖν
3449 4580 3619 4636 ἔδωκε
3650 4583 3753 4652 τῆς

2172 4669 2410 4739 Χριστοῦ
2469 4669 2769 4741 παρουσίας
2821 4670 2880 4723 τὸ
2929 4670 3242 4746 παύσασθαι
3310 4673 3409 4743 τὴν
3435 4672 3610 4743 ἀρχὴν
3637 4672 3751 4724 τῶν

2187 4758 2488 4813 Ἰουδαίωνο
2523 4761 2570 4812 εἰ
2605 4761 2708 4831 γὰρ
2760 4763 2839 4832 μὴ
2858 4762 2902 4794 ³9
2930 4762 3023 4815 νῦν
3075 4762 3180 4814 ὑπὸ
3234 4761 3548 4832 Ῥωμαίους
3575 4765 3741 4826 εἰσὶν,

2173 4847 2325 4902 οῦπω
2374 4845 2537 4921 ἦλθεν
2561 4853 2587 4903 ὁ
2618 4851 2853 4920 Χριστός
2885 4871 2900 4888 ο
2931 4855 2981 4904 εἰ
3012 4853 3199 4923 ἔχουσι
3252 4855 3352 4924 τὴν
3407 4857 3471 4907 ὲκ
3489 4854 3534 4885 ⁸⁰
3561 4855 3753 4921 γένους

2189 4940 2357 4993 Ἰούδα
2385 4942 2478 4994 καὶ
2500 4942 2664 4996 Δαυὶδ
2687 4945 2765 5008 είς
2793 4943 3053 5016 ἄρχοντα,
3084 4945 3238 4999 ούπω
3260 4946 3303 4977 ⁸⁸
3338 4943 3502 5018 ἦλθεν
3535 4948 3561 4998 ό
3579 4963 3754 5017 προσ-

2175 5037 2480 5109 δοκώμενος
2538 5039 2614 5103 “,
2674 5059 2691 5092 ι
2740 5043 2768 5093 ό
2827 5040 3105 5110 δεσμεύων
3153 5042 3291 5112 πρὸς
3347 5043 3592 5113 ἄμπελον
3656 5041 3752 5094 τὸν

2175 5130 2353 5185 πῶλον
2399 5132 2562 5187 αὑτοῦ
2592 5152 2613 5185 a
2681 5133 2822 5186 κατὰ
2877 5134 2968 5187 τὸν
3007 5133 3148 5188 θεῖον
3187 5135 3487 5205 Ζαχαρίαν.
3537 5134 3753 5187 Ἐκλει-

2175 5223 2386 5278 πόντων
2405 5225 2588 5280 τοίνυν
2609 5225 2777 5281 τῶνδ’
2804 5226 2863 5292 ἐξ
2881 5225 3054 5282 Ἰούδα
3085 5256 3156 5267 --
3175 5229 3202 5280 ὁ
3229 5229 3528 5297 ἀλλόφυλος
3573 5226 3752 5297 Ἡρώ-

1690 5381 1885 5442 Variaa
1931 5380 2241 5447 lectiones
2284 5391 2346 5445 et
2391 5391 2582 5447 notua.

567 5503 610 5533 '°
643 5501 995 5573 ἀλλοτρίουςξ
1070 5501 1111 5532 ³¹
1150 5503 1546 5573 καταγομένοις
1604 5506 1725 5560 cod.

1838 5508 1886 5579 ³ξ
1930 5507 2044 5566 Jos.
2081 5511 2147 5567 A.
2210 5511 2324 5574 ΧΧ,
2356 5512 2440 5579 10,
2470 5513 2872 5570 Theodoretus.

2979 5516 3024 5547 ³³
3071 5518 3355 5592 *Ἑϐραίοις
3393 5521 3563 5576 coll.?
3604 5523 3748 5592 πλὴν

495 5571 613 5633 ἐνὸς
660 5570 1072 5639 Ἀριστοϐούλου
1119 5573 1216 5643 τὴν
1256 5570 1418 5643 τιμὴν
1460 5576 1560 5627 ἀπ.
1593 5575 1711 5630 Jos.
1789 5577 1833 5608 “
1864 5576 1995 5633 Dan.
2032 5598 2065 5635 ll

496 5655 547 5670 Ιν
606 5642 673 5670 var:
772 5642 816 5670 ³7
843 5639 952 5670 IL...
1017 5657 1064 5670 ..ρ
1130 5644 1196 5670 6);:
1300 5644 1343 5670 ss
1381 5643 1465 5670 γη
1537 5646 1622 5670 1-7:
1678 5648 1712 5670 ο
1816 5650 1860 5670 ιιι
1922 5652 1963 5670 -2
2024 5669 2047 5670 ,,

2231 5599 2245 5648 ;
2276 5570 2668 5670 'l‘heoiluretus.
2717 5587 2934 5670 ἐδῄκαςιῖ
2967 5589 3125 5670 -ιξβ
3157 5570 3576 5670 Ennii-mgf“
3608 5570 3746 5648 ὗςῖιῖζ

772 5639 985 5736 "71)quI
1016 5639 1248 5736 lxxﬂb'.‘
1300 5639 1343 5736 1⁵⁷⁸
1376 5639 1488 5708 ΧΗ,
1535 5646 1624 5699 171
1676 5648 1732 5700 8.
1814 5650 1860 5683 ³⁹
1915 5652 1965 5701 εἰ
2018 5669 2065 5721 μ·

2231 5639 2244 5648 ’
2867 5639 2875 5640 ί
2924 5639 2932 5640 ί
3067 5639 3115 5657 τι
3164 5639 3265 5643 -----
3301 5639 3454 5662 --υυ-
3608 5639 3746 5648 vv..-

2170 5655 2272 5720 lyr.
2353 5656 2395 5685 ⁸ο
2427 5658 2472 5707 ὲ.
2531 5655 2652 5707 τινὰ
2712 5656 2814 5708 ex?
2889 5662 2930 5691 υ
2961 5659 3054 5714 καὶ
3095 5661 3188 5714 τοῦ
3214 5663 3379 5716 Δαυὶδ
3431 5662 3584 5718 οὔπω
3615 5664 3748 5736 Cyr.

497 5711 544 5736 δ’
572 5711 706 5765 Ceu.
740 5725 883 5772 XLIX,
935 5710 1016 5762 Η.
1093 5713 1136 5742 ⁸³
1171 5714 1484 5767 ἐκλείποντα
1515 5747 1579 5756 ——
1610 5720 1696 5769 τὶν
1733 5723 1852 5773 cod.
