4088 6436
345 365 460 430 339

1531 365 1995 428 Cl—IRONICON.
2039 393 2105 403 -
2148 369 2298 430 LIB.
2337 368 2454 429 lli.

3515 370 3623 433 370

422 475 536 549 (29.)
575 475 634 529 '0
666 475 724 528 δέ
759 490 822 543 γε
853 473 1030 544 μέγας
1071 470 1322 545 Ἡρώδης
1354 475 1382 526 ὸ
1416 473 1486 527 τά
1515 475 1686 544 νήπια
1712 474 1930 535 ἀνελὼν,

2115 478 2184 533 At
2207 478 2426 548 quidem
2463 492 2694 549 magnus
2725 477 2988 538 Herodes.
3018 479 3110 550 qui
3143 479 3375 536 .nfantes
3406 482 3626 538 occide-

340 569 508 638 ἔσχεν
537 565 693 627 υἱοὺς
725 562 1057 634 ὁμωνύμους
1097 563 1267 617 αὐτοῦ
1305 565 1399 618 καὶ
1427 565 1731 636 διωνύμους
1762 569 1936 637 τρεῖς,

350 658 612 731 Ἡρώδην
648 655 952 728 Ἀρχέλαον
982 657 1078 710 καὶ
1113 657 1366 728 Ἡρώδην
1401 659 1690 725 Φίλιππον,
1722 660 1821 713 τὸν
1844 661 1938 714 καί.

337 756 436 808 τὸν
469 752 790 824 Πρόδρομον
810 749 1092 814 ἀνελόιτα,
1118 751 1202 818 ἐφ’
1231 743 1294 804 οὗ
1334 751 1431 805 καὶ
1459 754 1487 805 ό
1515 753 1718 823 Κύριος
1741 754 1939 807 ἐσταυ-

342 844 499 916 ρώθη
535 844 604 911 ⁸⁷,
645 843 742 896 καὶ
777 841 1031 912 Ἡρώδην
1055 842 1392 912 Ἀγρίππαν,
1427 843 1520 896 τὸν
1556 845 1650 898 xui
1680 845 1938 898 Ἰάκωϐον

339 938 612 995 ἀνελόντα
669 937 766 989 τοῦ
823 935 1138 1001 Ζεϐεδαίου,
1191 935 1312 1006 (καὶ
1364 937 1662 1003 Λυσανίαν,
1695 939 1833 1009 πρὸς
1875 941 1937 993 ὃν

353 1028 609 1098 Ἡρώδην
645 1027 744 1080 τοῦ
775 1027 953 1097 δήμου
985 1027 1386 1095 ἐπιφωνοῦντος
1427 1027 1550 1082 τότε
1579 1029 1624 1060 ⁸⁸
1643 1045 1660 1061 ·
1699 1047 1717 1082 ι
1747 1031 1936 1101 Φωνὴν

344 1121 485 1176 Θεοῦ
511 1121 608 1177 καὶ
639 1120 740 1174 οὐκ
771 1119 1062 1190 ἀνθρώπου
1100 1121 1358 1175 διέδωκεν
1388 1123 1623 1177 αὐτίκα·
1660 1143 1680 1178 ι
1708 1156 1779 1165 -
1813 1142 1937 1180 στο-

347 1214 450 1283 λὴν
483 1213 588 1284 γὰρ
628 1211 692 1279 ἐξ
736 1211 983 1282 ἀργύρου
1023 1212 1407 1283 πεποιημένην
1450 1215 1815 1286 περιθέμενος
1843 1220 1935 1272 καὶ

354 1307 438 1367 εἰς
480 1303 534 1357 τὸ
559 1303 791 1373 θέατρον
822 1301 998 1354 ἐλθὼν
1033 1301 1128 1356 καὶ
1161 1302 1247 1372 ἐφ’
1281 1301 1488 1374 ὑψηλοῦ
1521 1304 1766 1376 βήματος
1801 1307 1934 1362 xuii.-

351 1398 475 1460 ἕσας
525 1395 860 1466 ἐδημογήρει
886 1410 900 1425 ’
943 1393 1040 1463 τῆς
1075 1393 1132 1446 δὲ
1164 1393 1397 1464 ἡλιακῆς
1429 1396 1650 1461 ἀκτῖνος
1690 1415 1937 1470 προσπε-

345 1484 551 1555 σούσης
602 1482 680 1552 τῷ
723 1482 986 1551 ἐνδόματι
1039 1483 1134 1535 καὶ
1176 1483 1467 1554 λαμπηδὸν
1512 1488 1576 1556 τῇ
1633 1487 1777 1558 αὐτῇ
1835 1489 1934 1560 τῆς

340 1577 574 1646 ἐσθῆτος
599 1573 973 1645 ἀναϐρασθείς
999 1574 1068 1636 ⁸⁸,
1095 1573 1194 1639 τὰς
1224 1573 1377 1645 ὄψεις
1403 1576 1512 1630 τῶν
1548 1579 1933 1650 περιεστώτων

343 1671 756 1743 κατήστραπτε.
813 1667 926 1722 Καὶ
974 1667 1336 1739 ἀωρηθὲντων
1365 1670 1412 1703 ³ο
1452 1671 1545 1724 ἐπὶ
1574 1672 1730 1724 τοῦτο
1761 1674 1804 1704 ’⁸
1840 1674 1935 1726 καὶ

337 1767 417 1829 ὡς
456 1764 580 1818 θεὸν
625 1761 791 1837 αὑτὸν
849 1761 1289 1830 εὐφημησάντων
1323 1763 1390 1827 θ’,
1434 1763 1722 1836 ἐπαίρεται
1769 1765 1933 1818 πλέον

338 1859 368 1910 ό
418 1855 678 1918 δείλαιος,
741 1853 802 1908 δν
859 1854 1025 1917 εὐθὺς
1094 1855 1326 1923 ἄγγελος
1383 1857 1592 1927 Κυρίου
1660 1857 1932 1925 ἐπάταξεν

340 1948 572 2010 εὐθέως,
616 1947 712 2000 καὶ
741 1946 1057 2017 ἀνεπήδησε
1099 1946 1201 2016 τῆς
1243 1946 1515 2016 καθέδρας
1558 1950 1622 2002 ἐκ
1657 1948 1752 2003 τοῦ
1791 1966 1932 2004 σπα-

341 2039 636 2112 ράττεσθαι
669 2037 860 2101 δεινῶς
894 2037 994 2108 τὴν
1021 2037 1267 2109 γαστέρα
1302 2037 1495 2093 αὐτοῦ.

413 2133 530 2202 (25)
561 2134 668 2185 Τὸν
692 2132 755 2184 δὲ
791 2131 936 2184 θεῖον
967 2130 1225 2186 Ἰάκωϐον
1267 2131 1392 2184 ἰδὼν
1433 2131 1789 2204 ἀπαγόμενον
1831 2134 1931 2205 τὴν

341 2226 461 2279 ἁδὺν
499 2225 602 2294 τὴν
657 2224 750 2278 ἐπὶ
793 2222 1026 2277 θάνατον
1057 2224 1085 2276 ὀ
1124 2224 1436 2294 κατήγορος
1483 2225 1649 2277 αὐτοῦ
1699 2226 1798 2280 καὶ
1833 2245 1932 2296 με-

343 2314 684 2386 ταμεληθεὶς
729 2317 1033 2387 προσέπεσε
1088 2317 1201 2378 τοῖς
1263 2315 1392 2367 ποσὶ
1459 2314 1556 2368 τοῦ
1627 2317 1930 2372 ἀποστόλου

351 2407 575 2473 λέγων·
625 2405 975 2477 Συγχώρησόν
1026 2424 1138 2476 μοι,
1185 2407 1442 2478 ἄνθρωπε
1495 2407 1590 2461 τοῦ
1643 2407 1802 2476 Θεοῦ,
1847 2411 1930 2464 ὅτι

359 2497 532 2567 228
565 2497 936 2568 μεταμέλημαι
967 2499 1053 2568 ἐφ’
1086 2495 1168 2562 οἷς
1226 2499 1467 2570 ἐλάλησα
1526 2501 1670 2554 κατά
1723 2501 1840 2555 σοῦ.
1904 2521 1923 2553 ι

365 2589 423 2640 Ὀ
463 2589 521 2641 δὲ
573 2590 844 2660 μακάριος
911 2591 1232 2660 παραυτίκα
1291 2591 1482 2644 τοῦτον
1547 2593 1930 2664 καταφιλήσας

341 2677 501 2734 εἶπεν
549 2681 738 2751 αὐτῷ·
795 2699 815 2734 ι
868 2681 1078 2754 Εἰρήνη
1137 2700 1241 2746 σοι,
1301 2683 1513 2750 τέκνον,
1566 2686 1755 2756 εἰρήνη
1822 2702 1927 2749 σοι,

337 2773 532 2845 είρήνη
570 2790 653 2826 σοι
683 2775 777 2827 καὶ
809 2774 1158 2847 συγχώρησις
1183 2775 1276 2829 τοῦ
1312 2776 1680 2845 πταίσματος.
1723 2796 1741 2829 ι
1789 2779 1847 2832 '0
1871 2779 1929 2832 δὲ

340 2864 483 2934 μετά
509 2864 696 2934 φωνῆς
729 2865 980 2937 μεγάλης
1009 2865 1214 2927 εὐθέως
1245 2866 1438 2921 ἑαυτὸν
1471 2868 1804 2938 Χριστιανὸν
1831 2868 1927 2922 ἐπὶ

340 2955 565 3009 πάντων
613 2955 1012 3027 ἀνηγόρευσεν,
1048 2958 1140 3012 καί
1187 2957 1330 3012 οὕτω
1379 2959 1926 3031 συγκαταριθμηθεὶς

338 3046 416 3116 τῷ
462 3047 558 3102 ὑπ’
594 3048 762 3102 αὐτοῦ
815 3049 962 3120 (60b)
1020 3050 1480 3121 κατηγορηθὲντι,
1510 3052 1607 3105 σὺν
1643 3051 1793 3124 αὑτῷ
1833 3052 1927 3106 καὶ

335 3137 401 3189 τὸ
433 3135 690 3207 βραϐεῖον
717 3136 812 3190 τοῦ
842 3137 1146 3209 μαρτυρίου
1169 3136 1567 3209 ἀπηνέγκατο).

409 3226 523 3298 (ει)
567 3226 630 3281 ’0
662 3227 720 3281 δὲ
748 3227 934 3292 ἄθλιος
979 3227 1226 3299 Ἡρώδης
1256 3229 1350 3281 ἐπὶ
1377 3227 1594 3299 ἡμέρας
1627 3226 1924 3298 φθειρόμε-

339 3333 432 3382 νος
482 3320 579 3372 καὶ
629 3317 922 3389 σκώληκας
987 3319 1299 3390 ἐκϐράζων,
1360 3319 1612 3381 ἐλεεινῶς
1667 3320 1760 3372 τὸν
1808 3319 1924 3390 βίον

342 3409 632 3477 κατέλυσε,
663 3409 854 3480 ὥσπερ
889 3412 1033 3464 auia)
1061 3411 1492 3475 δυσσεϐέστατος
1525 3411 1691 3465 αὐτοῦ
1716 3413 1924 3482 πατήρ.

342 3501 455 3554 Καὶ
481 3501 593 3573 γὰρ
618 3503 870 3566 κάκεῖνος
894 3502 964 3556 τὰ
992 3503 1248 3574 ἐπίχειρα
1272 3503 1371 3572 τῆς
1395 3504 1538 3558 κατά
1564 3503 1803 3574 Χριστοῦ
1832 3505 1928 3558 καὶ

340 3593 454 3647 τῶν
503 3594 786 3666 ὁμηλίκων
835 3593 1013 3652 αὐτοῦ.
1055 3595 1338 3666 τολμήσας
1391 3596 1459 3659 ⁸³,
1486 3595 1567 3648 ἔτι
1597 3593 1810 3665 περιὼν
1845 3593 1925 3664 τῷ

344 3685 448 3756 βίῳ
503 3688 894 3756 κομισάμενος,
953 3688 1215 3760 αἰσχίστῳ
1277 3687 1432 3758 μόρῳ
1477 3688 1567 3740 τὸν
1634 3687 1747 3757 βίον
1791 3704 1926 3740 κατ⁴

343 3779 599 3850 έστρεψε,
651 3781 820 3852 ὅνπερ
879 3781 1106 3844 ἐνδίκως
1150 3780 1225 3842 ὡς
1250 3780 1437 3834 ἄδικον
1485 3777 1679 3851 ήδίκη
1733 3779 1928 3848 μετελ-

340 3873 536 3938 θοῦσα,
568 3873 638 3926 τὰ
665 3873 813 3943 μετά
837 3873 936 3945 τὴν
959 3873 1171 3928 ἐνθένδε
1208 3871 1530 3943 ἀπαλλαγὴν
1569 3871 1926 3942 διαδεξόμενα

339 3964 434 4018 τὸν
495 3963 838 4037 ταλαίπωρον
913 3964 1254 4036 κολαστήρια
1325 3963 1590 4018 διεδείκνυ
1673 3964 1928 4034 φανερῶς

341 4055 644 4126 προοίμια·
684 4056 846 4120 εὐθὺς
877 4055 986 4128 γὰρ
1021 4055 1410 4110 καταλαϐοῦσα
1444 4054 1633 4109 τοῦτον
1664 4054 1928 4125 θεήλατος

341 4146 435 4200 καὶ
471 4145 717 4215 ὀλέθριος
745 4146 967 4216 μάστιξ,
999 4148 1080 4210 εἰς
1113 4146 1345 4200 θάνατον
1379 4144 1667 4215 ἀργαλέως
1698 4145 1928 4200 metu.

342 4255 460 4293 σεν.
497 4237 613 4308 (25)
641 4238 834 4292 Ἔνθεν
879 4238 1010 4307 γάρ,
1046 4239 1214 4307 φησιν
1257 4237 1523 4308 Ἰώσηπος
1557 4237 1627 4301 ’⁸,
1657 4237 1825 4290 αὑτοῦ
1867 4237 1928 4290 τὸ

343 4332 509 4401 σῶμα
536 4332 570 4401 ἡ
598 4329 752 4393 νόσος
788 4329 1127 4385 διαλαϐοῦσα
1157 4330 1387 4399 ποικίλῳ
1436 4329 1599 4384 πάθει
1631 4329 1886 4401 ἐμέριζεν
1911 4345 1925 4361 ⁸

342 4423 584 4493 πυρετὸς
616 4423 715 4492 μὲν
755 4423 865 4494 γὰρ
907 4422 1108 4492 λάϐρος
1145 4419 1234 4494 ἦν,
1272 4422 1503 4492 κνισμὸς
1551 4421 1607 4474 δὲ
1649 4422 1928 4493 ἀφόρητος

339 4515 441 4585 τῆς
489 4514 814 4584 ἐπιφανείας
863 4514 1016 4584 ὅλης,
1065 4515 1159 4567 καὶ
1190 4514 1498 4582 σκώληκες,
1535 4516 1782 4584 συνεχεῖς
1823 4513 1926 4566 ἀλ-

342 4606 573 4677 γηδόνες
612 4607 706 4660 καὶ
754 4607 884 4676 περὶ
931 4607 1058 4670 τοὺς
1115 4606 1285 4670 πόδας
1316 4606 1587 4678 οἰδήματα
1626 4591 1924 4670 δυσωδίας,

341 4698 441 4753 τοῦ
463 4716 520 4752 τε
549 4699 718 4770 ἤτρου
753 4699 1036 4770 φλεγμονὴ
1068 4698 1162 4752 καὶ
1192 4697 1396 4752 αἰδοίου
1439 4699 1603 4768 σῆψις
1631 4699 1678 4730 ⁰⁵
1722 4696 1928 4768 σκώλη-

344 4808 450 4854 κας
471 4790 720 4859 γεννῶσα
736 4807 751 4823 ⁸
770 4793 866 4846 καὶ
893 4791 1034 4860 πρὸς
1057 4790 1151 4844 τοῦ
1161 4808 1216 4843 το
1238 4790 1537 4862 ὀρθόπνοια
1558 4793 1652 4845 καὶ
1668 4791 1927 4844 διάπνοια

344 4881 441 4936 καὶ
485 4881 731 4950 σπασμοὶ
760 4880 871 4936 τῶν
903 4880 1083 4950 μελῶν
1127 4881 1384 4934 ἁπάντων
1435 4880 1602 4934 αὐτοῦ
1653 4880 1929 4950 καθεστή-

345 4991 510 5030 κασιν
530 4989 546 5006 ·
581 4974 768 5044 ἀειδὴς
796 4973 852 5027 δὲ
879 4975 1133 5045 ἀποφορᾶ
1153 4975 1217 5027 ὲκ
1239 4972 1334 5026 τοῦ
1373 4974 1632 5042 συνεχοῦς
1653 4973 1932 5040 ἄσθματος

342 5067 726 5138 ἐξεπορεύετο,
747 5066 824 5130 ὠς
853 5065 981 5130 τοὺς
1009 5065 1422 5130 ἐπιθειάζοντας
1451 5065 1642 5136 ποινὴν
1668 5065 1930 5135 θεήλατον

344 5153 488 5211 εἶναι
544 5157 748 5227 λέγειν.
812 5156 1035 5220 Τούτοις
1075 5157 1141 5228 δὴ
1203 5156 1299 5210 οὖν
1350 5157 1442 5210 καὶ
1498 5159 1612 5219 τοῐς
1665 5157 1930 5220 τοιούτοις

344 5250 548 5306 πάθεσι
580 5249 673 5304 ἐπὶ
703 5249 929 5304 πλείονα
965 5249 1160 5320 χρόνον
1202 5248 1697 5319 περιαντλούμενος
1742 5246 1931 5300 τοσοῦ-

2046 578 2148 636 rat,
2178 579 2288 626 tres
2318 570 2460 626 ﬁlios
2491 570 2681 626 habuit
2715 571 2856 624 idem
2895 587 2959 627 ac
2992 572 3108 641 ipse
3142 587 3342 627 nomen
3379 573 3543 628 simul
3573 585 3628 630 et

2043 661 2318 716 diversum
2352 661 2635 722 habentes.
2674 660 2938 716 llerodem
2969 661 3324 724 Archelaum,
3356 672 3414 718 et
3447 663 3624 718 Πριο-

2043 751 2161 805 dem
2192 749 2518 820 Philippum,
2549 751 2641 822 qui
2669 760 2723 806 et
2751 749 3154 806 Praecursorem
3185 754 3406 818 occidit,
3433 763 3487 810 et
3525 754 3627 808 sub

2042 856 2151 911 quo
2184 840 2451 900 Dominus
2485 843 2784 900 cruciﬁxus
2807 853 2910 908 est,
2934 854 2989 899 et
3011 845 3276 901 Herodem
3307 849 3624 919 Agrippam,

2042 935 2134 1004 qui
2169 934 2332 990 etiam
2365 935 2629 991 Iacobum
2670 936 2917 992 Zebedtei
2950 937 3174 1002 occidit,
3204 948 3258 992 et
3287 938 3580 1009 Lysauiam
3609 957 3622 1002 ;

2041 1025 2107 1079 ad
2135 1040 2294 1094 quem
2330 1025 2598 1082 Herodem
2626 1028 2864 1098 populus
2892 1038 3022 1084 tunc
3044 1029 3365 1084 acclamavit
3405 1047 3419 1085 ι
3463 1048 3480 1081 ι
3523 1029 3627 1085 Vo-

2041 1131 2132 1172 ces
2163 1116 2255 1172 Dei
2277 1159 2306 1184 ,.
2341 1128 2395 1173 et
2438 1134 2546 1175 non
2598 1119 2861 1185 hominis,
2897 1119 3042 1175 dedit
3090 1133 3358 1176 actutum.
3403 1141 3421 1174 ι
3469 1121 3620 1177 Stola

2040 1208 2185 1263 enim
2217 1217 2470 1280 argentea
2507 1210 2729 1266 indutus
2769 1211 2836 1265 ad
2882 1213 3533 1281 spectaculumreuerat,
3566 1225 3624 1268 et

2040 1300 2264 1355 sublimi
2303 1301 2498 1356 sedens
2535 1301 2794 1355 tribunali
2825 1343 2838 1366 ,
2873 1302 3326 1357 concionabatttr.
3355 1302 3494 1358 Cum
3528 1321 3625 1358 att.-

2040 1391 2318 1446 temsolis
2354 1390 2542 1447 radius
2572 1391 2632 1446 in
2676 1404 2882 1446 vestem
2923 1393 3343 1457 incidisset,-et
3395 1395 3624 1450 vestitus

2039 1482 2350 1551 Splendore,
2371 1483 2621 1538 scintillae
2656 1483 2849 1547 instar,
2880 1485 3212 1542 fervefactus
3243 1499 3413 1551 esset,
3435 1489 3627 1544 oculos

2040 1571 2514 1628 circumstantium
2582 1572 2814 1644 fulgetra
2883 1575 3196 1630 illustravit.
3256 1576 3370 1632 Illis
3436 1587 3649 1632 autem.

2037 1682 2261 1722 causam
2291 1667 2689 1738 negligentibus
2717 1711 2730 1732 ,
2760 1677 2813 1721 et
2846 1677 2904 1722 ut
2931 1668 3092 1723 deum
3131 1668 3282 1723 illum
3315 1670 3625 1724 acclamam

2041 1759 2208 1824 tibus,
2242 1759 2434 1828 majori
2467 1759 2723 1829 superbia
2772 1769 2944 1813 tumet
2996 1759 3186 1825 miser,
3224 1777 3386 1831 quem
3441 1762 3624 1816 subito

2023 1850 2308 1918 percussit
2343 1851 2568 1918 angelus
2618 1850 2854 1914 Domini,
2885 1860 2940 1905 et
2973 1851 3206 1906 exsilivit
3240 1867 3270 1906 e
3302 1851 3452 1916 sede.
3503 1853 3621 1906 vio—

2036 1940 2198 1998 lentis
2223 1940 2550 1997 torminibus
2584 1949 2772 1998 ventre
2798 1941 2916 2012 ejus
2946 1939 3162 1996 atl‘ecto.

2107 2121 2300 2176 Divum
2334 2129 2516 2176 autem
2544 2119 2828 2184 Jacobum,
2857 2119 2923 2175 ad
2951 2135 3137 2175 necem
3169 2130 3404 2190 raptum,
3427 2121 3621 2178 videns

2035 2220 2325 2269 accusator
2354 2212 2495 2282 ejus,
2521 2221 2576 2268 et
2609 2213 2930 2282 pmnitentia
2963 2221 3166 2277 motus,
3197 2212 3394 2266 cecidit
3417 2209 3487 2266 ad
3526 2227 3620 2280 pe-

2033 2303 2128 2359 des
2171 2303 2424 2374 apostoli,
2476 2303 2665 2357 dicens
2700 2321 2713 2357 :
2746 2322 2764 2354 ι
2807 2302 3031 2372 Ignosce
3078 2302 3234 2368 mihi,
3273 2305 3434 2358 homo
3483 2302 3572 2356 Dei
3602 2341 3615 2365 ,

2033 2396 2157 2466 quia
2178 2410 2264 2451 me
2295 2395 2520 2466 poenitet
2556 2395 2625 2448 ob
2655 2409 2718 2449 ea
2743 2409 2863 2464 qua:
2892 2401 3084 2448 contra
3109 2403 3158 2450 te
3188 2395 3405 2449 locutus
3429 2409 3609 2447 sum.»

2032 2486 2234 2542 Beatus
2287 2495 2469 2542 autem
2508 2484 2795 2540 confestim
2839 2485 3099 2539 osculans
3126 2499 3274 2547 eum,
3313 2483 3450 2538 dixit
3492 2483 3566 2537 illi
3601 2499 3614 2535 :

2037 2577 2176 2633 «Pax
2211 2579 2328 2642 tibi,
2362 2578 2457 2636 fili.
2491 2593 2593 2646 pax
2633 2577 2762 2640 tibi,
2805 2593 2909 2647 pax
2941 2577 3036 2630 tibi
3061 2618 3075 2642 ,
3107 2584 3160 2630 et
3190 2592 3289 2645 pro
3320 2576 3619 2632 oﬂeusione

2032 2669 2429 2742 indulgentia.»
2480 2669 2573 2722 llle
2609 2683 2738 2722 vero
2771 2683 2902 2722 voce
2933 2682 3126 2738 magna
3158 2667 3338 2721 subito
3377 2683 3435 2722 se
3460 2667 3620 2720 Chri-

2035 2762 2276 2816 stianum
2326 2774 2512 2816 coram
2566 2758 2821 2814 omnibus
2853 2755 3135 2826 professus
3181 2765 3299 2817 est,
3339 2763 3502 2823 atque
3542 2754 3615 2809 ita

2031 2867 2156 2907 cum
2185 2852 2276 2906 illo
2303 2834 2467 2906 simul
2489 2858 2885 2905 annumeratus
2911 2864 3073 2918 quem
3105 2847 3220 2916 ipse
3241 2854 3614 2911 accusaverat,

2030 2959 2152 2997 cum
2181 2943 2274 2997 illo
2315 2943 2479 2996 etiam
2523 2942 2771 2997 bravium
2820 2941 3064 3011 martyrii
3120 2941 3263 2995 tulit.

2094 3237 2162 3291 At
2186 3233 2367 3291 infelix
2392 3233 2633 3289 llerodes
2663 3232 2716 3287 in
2748 3233 2864 3288 dies
2893 3238 3249 3300 consumptus
3265 3239 3318 3285 et
3339 3230 3615 3284 vermibus

2031 3333 2246 3380 scatens
2261 3325 2459 3380 misere
2476 3324 2639 3378 vitam
2659 3322 3000 3386 tiuivit,sicut
3020 3331 3072 3375 et
3093 3323 3291 3390 impius
3311 3332 3459 3390 pater
3474 3321 3613 3390 ejus.

2031 3416 2244 3470 Etenim
2277 3417 2377 3471 iste
2399 3431 2616 3486 quoque
2641 3416 2920 3485 prtemium
2949 3414 3191 3468 audacia:
3217 3430 3327 3468 suae
3354 3414 3616 3470 adversus

2030 3507 2309 3563 Christum
2345 3520 2399 3564 et
2439 3508 2678 3578 aequales
2717 3507 2845 3562 huic
2885 3515 3045 3562 tet-ate
3113 3505 3386 3568 infantes,
3428 3507 3608 3562 adhuc

2030 3599 2243 3662 vivens,
2293 3598 2584 3668 recipiens,
2639 3599 2956 3669 turpissima
3011 3607 3158 3653 sorte
3200 3597 3367 3667 periit
3397 3614 3412 3652 :
3447 3613 3643 3667 quem—

2025 3691 2194 3761 jttste,
2225 3699 2284 3744 ut
2317 3692 2606 3761 iniustum,
2633 3691 2848 3759 iustitia
2885 3691 3182 3755 insectans,
3218 3691 3613 3760 suppliciorum
3643 3740 3649 3745 .

2030 3801 2174 3854 quae,
2209 3793 2335 3855 post
2361 3786 2559 3840 exinde
2589 3786 2913 3847 discessum,
2965 3786 3227 3839 miserum
3281 3793 3610 3848 manerent,

2033 3877 2510 3930 commonstrabat
2558 3875 2848 3931 manifeste
2901 3873 3185 3943 praaludia.
3242 3871 3376 3928 Nam
3428 3874 3644 3929 subito.

2031 3966 2292 4021 invadens
2314 3983 2437 4021 cum
2469 3967 2713 4028 morbus.
2747 3981 2776 4019 a
2811 3966 2919 4020 Deo
2946 3964 3230 4020 immissus
3271 3973 3323 4018 et
3351 3964 3612 4026 exitialis.

2031 4056 2096 4111 ad
2139 4066 2369 4112 mortem
2412 4059 2636 4112 moleste
2679 4057 2937 4126 agitabat.
2976 4056 3051 4110 Ex
3083 4056 3190 4109 hoc
3222 4055 3389 4120 enim,
3435 4056 3614 4124 inquit

2030 4147 2325 4217 Josephus,
2355 4165 2554 4220 corpus
2579 4150 2701 4220 ejus
2735 4165 3020 4219 occupans
3048 4149 3274 4204 morbus
3311 4148 3476 4203 variis
3496 4149 3611 4203 dis-

2033 4226 2282 4293 trahebat
2312 4239 2624 4304 doloribus;
2683 4238 2921 4293 violenta
2952 4237 3116 4294 febris
3169 4247 3306 4306 erat,
3337 4239 3610 4308 prttritus-

2031 4346 2136 4401 que
2164 4331 2521 4386 intolerabilis
2547 4333 2602 4384 in
2635 4340 2745 4384 tota
2776 4330 3027 4400 corporis
3049 4331 3374 4400 superficie;
3399 4345 3610 4385 vermes

2035 4425 2278 4495 insuper,
2312 4426 2557 4480 continui
2590 4425 2830 4492 dolores,
2861 4431 3135 4478 tumentes
3161 4431 3216 4476 et
3239 4423 3380 4476 male
3401 4421 3610 4477 olentes

1963 4496 2007 4556 ί)
2036 4515 2235 4584 pedes;
2276 4515 2368 4569 imi
2403 4515 2605 4569 ventris
2644 4515 3024 4580 inﬂammatio,
3055 4523 3110 4568 et
3145 4513 3387 4584 inguinis
3421 4521 3611 4582 putre-

2040 4605 2206 4660 factio
2257 4621 2468 4662 vermes
2507 4621 2794 4676 generans;
2852 4605 2919 4660 ad
2971 4606 3096 4671 hoc,
3155 4603 3379 4660 nonnisi
3427 4611 3609 4662 erecta

2036 4700 2249 4754 cervice
2292 4699 2540 4753 meabilis
2584 4699 2922 4767 spiritus,’ct
2973 4697 3348 4767 transpiratio,
3397 4703 3448 4750 et
3494 4711 3614 4749 om-

2037 4791 2188 4844 nium
2241 4791 2615 4846 membrorum
2676 4790 3096 4855 convulsiones;
3145 4787 3501 4844 intolerabilis
3544 4803 3611 4840 ex

2031 4881 2292 4935 continuo
2341 4859 2580 4935 anhelitu
2619 4881 2804 4936 exibat
2859 4879 3171 4945 exhalatio,
3221 4878 3296 4933 ita
3349 4885 3410 4932 ut
3479 4892 3612 4932 cond

2034 4973 2355 5042 tetnplantes
2385 4989 2578 5027 omnes
2604 4971 2844 5026 divinam
2879 4972 3151 5029 ultionem.
3177 4986 3300 5027 esse
3339 4969 3608 5025 dicerent.

2035 5065 2130 5118 llis
2170 5062 2334 5132 igitur
2359 5072 2414 5116 et
2453 5061 2729 5118 similibus
2757 5062 2916 5118 malis
2941 5062 3034 5117 ditt
3061 5059 3451 5124 circumdatus,
3485 5067 3610 5112 tan-

2033 5167 2146 5210 tum
2213 5165 2268 5209 et
2314 5155 2450 5209 adeo
2491 5155 2886 5209 intolerabilem
2956 5154 3201 5210 dolorem
3265 5151 3485 5214 habuit,
3547 5159 3610 5203 ut

2031 5257 2320 5303 conaretur
2364 5247 2466 5302 sibi
2523 5249 2639 5317 ipse
2673 5261 2874 5305 necem.
2899 5245 3122 5300 inferre.
3153 5245 3288 5302 Cum
3331 5245 3478 5299 enim
3519 5258 3616 5312 po-

1567 5361 1770 5423 Varia:
1801 5361 2110 5424 lectiones
2138 5367 2199 5421 ct
2232 5363 2419 5419 notae.

417 5488 461 5564 ’,⁷
495 5481 542 5557 ᾧ
598 5488 820 5564 πρῶτον
864 5487 1474 5564 Ἡρωδιὰς-συναιρθεξῖ·
1500 5483 1616 5564 [et].1
1649 5485 1921 5555 θυγατέρα

2033 5483 2238 5564 ιλὼ-μην
2272 5481 2410 5564 ἔσχε.
2437 5481 2535 5549 τὴν
2569 5481 2674 5564 ,κμὶ
2697 5478 3345 5564 όρχησμμέειην.υριοεεειι
3381 5480 3609 5564 cudi-eis.

344 5557 390 5589 ⁸⁸
420 5559 543 5612 Act.
578 5574 677 5624 xu,
715 5560 824 5618 “2‘2:
865 5557 982 5612 Jos.
1016 5560 1190 5613 A.19.
1230 5557 1363 5618 Vill,
1407 5557 1497 5610 55.

345 5629 384 5699 ξ’
416 5628 593 5699 τούτῳ
613 5628 639 5681 ?
678 5628 755 5699 A'?
777 5629 1202 5697 εὐφημήσαντες
1239 5627 1362 5683 eutl.

342 5698 500 5766 δεινῷ
533 5692 782 5763 πιεσθεὶς
814 5692 1292 5768 σκ.”τε’ὲκ6ράσας
1322 5698 1429 5751 ἀπὸ
1463 5695 1552 5748 τοῦ
1590 5694 1837 5762 διὶιματος
1867 5695 2232 5762 καταστρέφει
2256 5692 2342 5746 τὸν
2373 5692 2422 5760 β.

342 5770 530 5826 codex.

1565 5541 1618 5586 ’³³⁵
1671 5541 1930 5620 καταυίγαη

2033 5555 2074 5616 ίς
2115 5541 2225 5608 Ius.
2303 5541 2925 5619 ’δ’ἁωρισθέντες’ξιὸ‹1.’
2950 5541 3345 5613 ἀτενιζόντωνῖ
3383 5550 3454 5620 ef.
3487 5549 3582 5602 .los

1438 5626 1484 5658 ’3
1514 5624 1676 5678 Erasa
1707 5617 1871 5678 'sunt
1891 5625 1924 5677 5

2038 5626 2048 5676 l
2087 5625 2117 5677 4
2147 5624 2317 5676 verba.
2352 5622 2404 5674 in
2441 5617 2659 5684 codice;
2695 5621 2768 5673 cf.
2789 5621 2918 5674 Cetl.
2940 5620 3376 5687 552,ίὶ⁹3.-⁹11ρ.
3402 5617 3610 5685 ὕδρωπι

2509 5691 2550 5720 δ”
2582 5690 2644 5742 Λ.
2701 5691 2782 5744 l7.
2818 5689 2911 5757 Vl,
2941 5691 2992 5746 ὃ.
3071 5691 3116 5722 ’⁸
3155 5687 3336 5742 αἰὸύου
3400 5687 3609 5740 σιπαιὸί
