4088 6408
437 375 545 440 395

1659 366 1983 430 GEORGII
2031 361 2489 427 HAMARTOLI

3635 361 3744 425 3?6

436 493 579 548 datis
648 500 857 556 utens,
919 489 1084 559 hujus
1143 489 1440 560 perfectam
1502 486 1716 542 vivendi
1780 496 2029 540 normam

2141 476 2391 550 φυομένῃ
2442 473 2750 546 χρώμενον,
2795 475 2888 530 καὶ
2929 477 3027 546 τὴν
3068 478 3245 548 ἄκραν
3291 475 3525 548 ἄσκησιν
3570 478 3741 532 αὐτοῦ

436 583 750 647 aemulatus,
787 579 1071 652 profectus
1104 593 1189 637 est
1242 581 1306 636 ad
1365 582 1538 643 illum,
1591 591 1799 634 etcum
1858 576 2036 631 tribus

439 672 600 726 annis
634 671 777 739 apud
813 684 938 725 enm
973 669 1256 740 sapientia:
1306 668 1626 730 studuisset,
1658 670 1712 720 in
1757 665 2032 720 civitatem

439 777 724 833 regressus
782 773 886 827 est,
949 771 1002 818 et
1060 761 1464 817 Pharisaeorum
1515 757 1832 814 adhaerebat
1865 756 2034 827 justi-

440 857 549 910 tiae.

511 951 578 1003 At
600 948 792 1003 Philon
826 947 1067 1020 quidem,
1091 956 1151 1000 ut
1182 943 1386 1000 dictum
1422 953 1526 1008 εει,
1565 954 1775 1000 aseetas
1794 954 2032 1010 nostros,

438 1060 504 1096 ex
544 1042 788 1096 Hebrmis
819 1048 972 1094 ortos
1014 1038 1343 1094 memoravit
1377 1035 1668 1092 manifeste
1712 1038 1766 1090 in
1796 1044 2031 1091 tractatu

438 1148 598 1203 quem
634 1129 912 1201 inscripsit
944 1129 1020 1184 De
1055 1130 1164 1184 vita
1214 1129 1662 1196 contemplativa,
1716 1129 1818 1184 hos
1849 1132 2034 1185 thera-

435 1236 628 1296 peutas
667 1233 722 1280 et
750 1225 1013 1279 mulieres
1049 1237 1265 1289 eorum,
1299 1223 1491 1277 habitu
1527 1232 1581 1277 et
1609 1222 1857 1278 moribus
1891 1222 2031 1292 ipsis

437 1317 668 1380 similes,
701 1314 1142 1385 θεραπευτρίδας
1173 1314 1463 1368 nominans
1491 1331 1503 1366 :
1535 1331 1553 1365 ι
1597 1311 1661 1368 Et
1695 1315 2032 1383 therapeutaa

435 1406 681 1476 quidem,
711 1406 908 1476 inquit,
940 1405 1118 1461 vocati
1157 1413 1308 1470 sunt,
1341 1405 1457 1461 sive
1488 1405 1655 1476 quod,
1693 1405 2030 1460 medicorum

437 1502 628 1563 instar,
687 1505 883 1553 curent
937 1497 1147 1552 animas
1202 1497 1540 1552 venientium
1601 1497 1667 1551 ad
1721 1513 1802 1563 se,
1838 1497 1958 1552 illas
2001 1512 2030 1551 a

436 1591 642 1645 malitia
707 1588 999 1644 libidinum
1031 1587 1349 1654 liberantes,
1414 1589 1530 1643 sive
1585 1588 1656 1643 ob
1721 1603 1922 1658 purum
1975 1597 2032 1644 et

435 1686 711 1737 sincerum
747 1697 874 1750 erga
918 1679 1130 1735 Numen
1164 1678 1519 1734 famulatum.
1567 1698 1586 1731 ›
1645 1679 1798 1734 Hanc
1845 1688 2029 1735 autem

433 1772 848 1844 appellationem
883 1771 964 1825 vel
992 1770 1106 1840 ipse
1134 1785 1161 1823 a
1193 1785 1252 1825 se
1280 1770 1559 1826 inventam
1599 1770 1842 1840 scripsit,
1875 1771 1962 1826 vel
2000 1786 2030 1826 a

2141 571 2415 640 ζηλώσας,
2448 568 2586 640 πρὸς
2633 567 2798 622 αὑτὸν
2836 571 3089 638 ἀφίκετο,
3137 573 3230 625 καὶ
3258 573 3402 642 τρεῖς
3429 571 3557 642 παρ’
3589 572 3744 642 αὐτῷ

2143 662 2520 732 φιλοσοφήσας
2553 662 2838 726 ἐνιαυτοὺς
2867 663 2946 727 εἰς
2986 663 3088 734 τὴν
3121 664 3280 718 πόλιν
3304 664 3616 736 ὑπέστρεψε
3641 666 3743 719 καὶ

2139 761 2207 830 τῇ
2233 759 2342 813 τῶν
2376 758 2692 831 Φαρισαίων
2731 757 3080 813 ἐπολιτεύετο
3109 759 3449 830 δικαιοσύνῃ.

2208 945 2252 978 η
2281 946 2360 1017 (7)
2400 946 2458 999 '0
2501 943 2560 999 δέ
2593 961 2658 1014 γε
2705 945 2902 1012 Φίλων,
2950 945 3025 1008 ὡς
3058 949 3302 1018 είρηται,
3356 947 3488 1015 περὶ
3529 947 3641 1001 τῶν
3682 942 3746 1014 ἐξ

2149 1037 2427 1109 Ἐϐραίων
2457 1039 2750 1111 ἡμετέρων
2794 1038 3052 1108 ἀσκητῶν
3084 1038 3476 1107 ἀναφανέντων
3526 1041 3747 1112 μέμνη-

2135 1149 2226 1187 ται
2254 1132 2442 1201 σαφῶς
2471 1149 2490 1184 ι
2524 1131 2582 1186 ἐν
2608 1132 2686 1201 τῷ
2708 1131 2871 1202 λόγῳ,
2903 1131 2960 1183 ὲν
2980 1123 3024 1199 ᾧ
3050 1130 3332 1201 ἐπέγραψε
3358 1131 3495 1199 περί
3527 1135 3750 1202 θεωρησ-

2134 1227 2308 1281 τικοῦ
2333 1225 2503 1293 βίου,
2527 1224 2623 1289 οὓς
2665 1225 3034 1296 θεραπευτὰς,
3065 1227 3159 1280 καὶ
3192 1227 3291 1290 τὰς
3337 1227 3748 1297 ὁμοιοσχήμους

2136 1322 2233 1374 καὶ
2270 1320 2618 1390 ὁμοτρόπους
2661 1319 2933 1388 γυναῖκας
2970 1317 3065 1372 καὶ
3109 1317 3544 1389 θεραπευτρίδας
3605 1319 3746 1373 ὠνέο-

2139 1430 2338 1485 μασε.»
2377 1415 2487 1467 Καὶ
2518 1412 2859 1484 θεραπευταὶ
2900 1411 3020 1482 μὲν,
3056 1413 3212 1484 φησί,
3261 1411 3557 1482 κέκληνται
3589 1432 3609 1465 ι
3641 1413 3673 1484 ἢ
3702 1413 3746 1446 ⁸³

2135 1510 2290 1579 παρὰ
2343 1509 2404 1562 τὸ
2441 1507 2562 1581 [τὰς
2592 1507 2796 1582 ψυχὰς]
2831 1507 2938 1562 τῶν
2995 1507 3336 1579 προσιόντων
3395 1506 3585 1571 αὐτοῖς
3631 1506 3743 1560 ἀπὸ

2134 1599 2334 1663 κακίας
2363 1600 2578 1666 παθῶν,
2611 1601 2816 1670 ἰατρῶν
2855 1599 3013 1670 δίκην
3038 1599 3487 1663 ἀπαλλάττοντας
3510 1598 3556 1631 ⁸⁸
3585 1599 3743 1672 θερκη

2135 1693 2350 1760 πεύειν,
2389 1693 2422 1764 ἢ
2457 1692 2504 1724 ⁵⁸
2536 1695 2639 1764 τῆς
2675 1692 2806 1764 περί
2835 1692 2894 1746 τὸ
2921 1693 3077 1746 Θεῖον
3107 1693 3356 1764 καθαρᾶς
3389 1694 3482 1748 καὶ
3510 1692 3739 1765 εἱλικρι-

2133 1785 2261 1850 νοῦς
2295 1785 2598 1858 θεραπείας
2626 1786 2814 1840 ἕνεκα.
2849 1803 2868 1837 ι
2907 1785 3128 1858 Ταύτην
3158 1787 3289 1856 γοῦν
3317 1787 3363 1819 ⁸⁸
3399 1787 3499 1860 τὴν
3524 1804 3734 1860 προση-

434 1865 706 1934 principio
734 1863 808 1917 ita
847 1862 1280 1916 nominabantur
1315 1862 1412 1933 qui
1445 1862 1609 1932 primi
1661 1863 1774 1918 tale
1808 1863 2026 1918 vivendi

2136 1878 2330 1948 γορίαν
2363 1877 2475 1931 εἴτε
2507 1879 2670 1941 αὐτὸς
2706 1877 3130 1950 (651³)·ἐξευρὼν
3162 1877 3426 1950 ἔγραψεν,
3468 1878 3580 1932 εἴτε
3611 1878 3738 1933 κατ’

439 1973 612 2029 genus
651 1957 842 2014 sectati
877 1966 1035 2012 sunt:
1064 1975 1083 2009 ι
1111 1955 1327 2021 Postea,
1355 1956 1550 2028 inquit,
1588 1972 1710 2012 eum
1748 1957 2029 2028 sapientiae

434 2051 655 2106 studere
687 2049 953 2120 incipiunt
990 2090 1006 2116 ,
1045 2049 1400 2106 facultatibus
1442 2057 1497 2104 et
1533 2063 1876 2120 quaecunque
1906 2064 2033 2120 pos-

435 2144 616 2199 sident
643 2143 944 2207 derelictis,
992 2142 1252 2198 omnibus
1276 2141 1400 2196 vitae
1441 2142 1589 2197 curis
1634 2141 2027 2206 valedicentes,

433 2243 662 2290 etextra
712 2248 902 2289 muros
956 2233 1321 2305 egredientes,
1378 2232 1615 2288 desertis
1666 2233 1721 2287 in
1776 2231 1924 2302 agris
1976 2239 2031 2286 et

433 2328 630 2392 hortis,
663 2335 760 2382 aut
795 2326 850 2381 in
893 2326 1178 2382 montibus
1209 2335 1627 2382 commorantur
1660 2325 1903 2381 scientes
1933 2340 2030 2395 pe-

433 2422 672 2477 riculosa
707 2429 872 2491 atque
913 2420 1108 2474 nociva
1143 2433 1266 2474 esse
1310 2419 1658 2488 iniquitatum
1696 2419 1975 2473 consortia
2012 2435 2025 2472 :

437 2515 824 2584 prOphetarum
855 2511 1205 2576 aenittlantur,
1235 2511 1534 2580 coluntque
1581 2511 1770 2564 vitam.
1804 2527 1823 2561 ι
1852 2510 1942 2565 Sic
1974 2513 2028 2564 in

435 2606 625 2661 multis
679 2614 950 2661 terrarum
1007 2604 1142 2660 locis
1192 2613 1446 2658 versatur
1493 2617 1667 2670 genus
1701 2603 2032 2673 (oportebat

432 2698 580 2753 enim
612 2705 665 2752 et
691 2695 914 2750 Graecos
941 2703 994 2750 et
1026 2693 1301 2750 Barbaros
1333 2693 1562 2764 perfecti
1597 2693 1726 2749 boni
1759 2708 1880 2750 esse
1903 2708 2028 2764 par-

427 2787 672 2858 ticipes).
711 2787 778 2843 At
806 2787 1046 2841 maxime
1078 2786 1131 2840 in
1172 2783 1405 2856 (Egypt!)
1448 2783 1708 2855 frequens
1748 2795 1855 2852 est,
1887 2802 2026 2856 prte-

427 2885 627 2938 ~sertim
679 2882 823 2937 circa
881 2880 1293 2935 Alexandriam.
1330 2877 1660 2949 Ubicunque
1711 2878 2026 2949 hujusmodi

437 2975 614 3028 tribus
648 2976 825 3037 adest,
854 2986 1073 3026 sacrum
1110 2972 1295 3026 videre
1331 2979 1415 3027 est
1448 2971 1848 3036 habitaculum,
1883 2971 2026 3042 quod

436 3064 811 3120 sanctuarium
835 3071 888 3119 et
919 3062 1316 3118 monasterimn
1338 3070 1556 3124 vocant,
1580 3061 1634 3115 in
1660 3077 1772 3131 quo
1791 3063 2025 3117 solitarii

435 3157 715 3226 degentes,
763 3155 949 3225 gravis
978 3155 1104 3209 vita:
1137 3152 1396 3223 mysteria
1455 3152 1786 3222 perﬁciunt;
1826 3167 1890 3206 ex
1947 3152 2028 3206 eis

2135 1969 2314 2042 ἀρχὰς
2360 1973 2410 2025 οἰ
2483 1971 2694 2044 πρῶτοι
2753 1971 2864 2024 τῶν
2904 1959 3050 2025 οὕτω
3109 1971 3370 2042 βιούντων
3417 1972 3734 2028 ἐκαλοῦντο.

2139 2080 2158 2114 ι
2191 2061 2349 2128 Εἶτα,
2385 2064 2545 2136 φησὶ,
2578 2063 2625 2097 ⁸⁷
2656 2063 2955 2136 ἀρχόμενοι
2988 2063 3301 2134 φιλοσοφεῖν
3352 2065 3663 2132 ἐξίστανται
3689 2066 3736 2100 ⁸⁸

2130 2152 2242 2207 τῶν
2291 2153 2685 2225 προσηκόντων
2736 2153 2834 2208 καὶ
2878 2153 2990 2208 τῶν
3020 2155 3403 2225 ὑπαρχόντων,
3451 2156 3645 2210 ἔπειτα
3675 2156 3736 2211 δέ

2132 2243 2336 2309 πάσαις
2366 2245 2780 2316 ἀποταξάμενοι
2799 2247 2924 2310 ταῖς
2947 2245 3042 2299 τοῦ
3076 2247 3194 2318 βίου
3224 2247 3477 2319 φροντίσι
3510 2249 3607 2303 καί
3628 2248 3734 2315 ἔξω

2129 2339 2332 2409 τειχῶν
2388 2338 2750 2410 προελθόντες
2790 2340 2835 2373 ⁸³
2875 2339 2933 2393 ἐν
2969 2343 3289 2414 μοναγρίοις
3338 2341 3436 2396 καὶ
3473 2342 3672 2414 κήποις
3696 2345 3730 2414 ἦ

2130 2433 2188 2486 ἐν
2228 2433 2382 2503 ὄρεσι
2412 2433 2459 2465 ⁵⁸
2491 2433 2590 2497 τὰς
2621 2433 2908 2504 διατριϐὰς
2938 2432 3241 2501 ποιοῦνται,
3271 2435 3370 2499 τὰς
3398 2437 3461 2488 ἐκ
3482 2435 3590 2490 τῶν
3615 2437 3736 2490 ἀνο-

2135 2523 2274 2594 μιῶν
2314 2524 2357 2555 ⁸¹
2387 2523 2550 2596 247
2583 2523 2880 2594 ἀναμιξίας
2917 2523 3258 2590 ἀλυσιτελεῖς
3297 2541 3358 2579 τε
3395 2525 3487 2581 καὶ
3529 2526 3734 2598 βλαϐε-

2138 2618 2242 2688 ρὰς
2275 2616 2322 2647 δ’
2354 2616 2580 2681 εἰδότες,
2621 2618 2715 2670 τὸν
2750 2617 3091 2689 προφητικὸν
3124 2617 3351 2689 ζηλοῦσι
3379 2619 3472 2674 καὶ
3498 2619 3730 2674 ἀσκοῦσι

2134 2704 2270 2776 βίον.
2322 2703 2483 2760 Οὕτω
2533 2707 2806 2778 πολλαχοῦ
2856 2709 2955 2778 μέν
2989 2710 3088 2780 τῆς
3141 2710 3472 2782 οἰκουμένης
3515 2711 3630 2765 ἐστὶ
3668 2711 3733 2766 τὸ

2132 2797 2290 2865 γένος
2319 2829 2385 2838 —
2420 2798 2528 2851 ἔδει
2562 2800 2669 2871 γὰρ
2698 2800 2907 2869 ἀγαθοῦ
2941 2801 3152 2855 τελείου
3187 2805 3480 2875 μετασχεῖν
3505 2802 3602 2858 καὶ
3632 2803 3733 2874 τὴν

2147 2889 2378 2945 Ἐλλάδα
2410 2893 2503 2945 καὶ
2535 2891 2635 2964 τὴν
2679 2893 2957 2966 βάρϐαρον
2986 2924 3059 2936 -
3092 2897 3151 2949 ὲν
3179 2894 3445 2966 Αἰγύπτῳ
3482 2896 3538 2950 δέ
3572 2896 3734 2951 πλεο-

2133 2983 2285 3048 νάζει
2319 2984 2386 3049 ⁸³,
2437 2987 2531 3039 καὶ
2575 2987 2815 3057 μάλιστα
2867 2987 2996 3060 περὶ
3049 2991 3150 3061 τὴν
3205 2989 3619 3062 Ἀλεξάνδρειαν
3660 3021 3731 3030 --

2133 3081 2229 3131 καὶ
2259 3079 2317 3130 ἐν
2359 3079 2568 3152 ἑκάστῃ
2625 3083 2912 3153 συμμορίᾳ
2940 3082 2989 3114 ⁸⁸
3027 3083 3239 3152 οἴκημά
3287 3084 3438 3136 ἐστιν
3499 3083 3663 3154 ἱερὸν,
3703 3084 3736 3136 ὃ

2136 3168 2365 3221 καλοῦσι
2399 3170 2445 3200 ⁸⁸
2480 3173 2733 3238 σεμνεϊον
2785 3172 2881 3225 καὶ
2915 3176 3304 3246 μοναστήριον,
3351 3179 3409 3229 ὲν
3441 3167 3486 3245 ᾧ
3536 3177 3733 3248 μονού-

435 3264 599 3304 nemo
625 3247 932 3316 quidquam
965 3254 1144 3309 curat,
1179 3259 1278 3298 nec
1308 3253 1518 3312 potum,
1556 3257 1656 3297 nec
1691 3244 1899 3305 cibum,
1935 3257 2028 3295 ne-

2138 3275 2314 3328 μενοι,
2350 3260 2420 3312 τὰ
2449 3260 2543 3314 τοῦ
2581 3256 2783 3331 σεμνοῦ
2811 3263 2928 3332 βίου
2961 3266 3241 3334 μυστήρια
3276 3265 3582 3338 τελοῦνται,
3625 3288 3733 3342 μη·-

434 3352 542 3410 que
591 3338 737 3390 aliud
794 3335 1100 3405 quidquam
1149 3349 1214 3388 ex
1260 3335 1428 3388 rebus
1479 3347 1604 3402 qua:
1655 3332 1724 3386 ad
1777 3333 2030 3401 corporis

437 3430 816 3486 necessitatem
865 3429 1120 3492 attinent,
1177 3429 1272 3481 sed
1336 3439 1623 3480 sermones
1676 3433 1732 3478 et
1787 3425 1938 3496 leges
1999 3440 2030 3480 a

437 3525 720 3594 pmphetis
803 3522 1048 3577 sancitos
1129 3522 1470 3590 hymnosque
1518 3527 1575 3573 et
1628 3527 1826 3574 caetera
1898 3537 1913 3574 :
1973 3519 2028 3574 in

433 3620 724 3673 scientiam
765 3627 820 3672 et
866 3619 1124 3688 pietatem
1171 3615 1243 3669 ita
1285 3613 1447 3669 simul
1473 3621 1732 3669 crescunt
1777 3620 1832 3668 et
1865 3613 2028 3684 perti-

440 3710 681 3764 ciuntur.
726 3707 926 3763 Totum
973 3715 1153 3761 autem
1192 3704 1538 3759 intervallum
1587 3718 1617 3757 a
1661 3701 1927 3757 Matutino
1961 3702 2027 3757 ad

435 3803 731 3872 VeSperam
769 3799 1147 3857 exercitationi
1177 3801 1366 3863 datur;
1414 3797 1588 3852 sacris
1637 3797 1782 3850 enim
1810 3796 2028 3849 incum-

435 3897 628 3953 bentes
692 3895 1015 3965 Scripturis,
1074 3907 1104 3946 a
1161 3891 1414 3946 Patribus
1451 3890 1708 3946 traditam
1762 3889 2028 3944 excolunt

435 3989 864 4060 philosophiam.
891 3985 1280 4056 Temperantia
1310 3985 1551 4054 quidem,
1575 3993 1634 4038 ut
1665 3982 2025 4037 fundamento

435 4084 673 4153 quodam
729 4086 780 4136 in
833 4081 1017 4136 anima
1071 4080 1244 4149 jacto,
1294 4085 1524 4133 caeteras
1559 4077 1789 4132 virtutes
1833 4090 2026 4145 super-

433 4176 743 4240 aedilieant;
775 4190 900 4228 nam
941 4175 1126 4228 cibum
1147 4182 1202 4228 et
1241 4181 1429 4243 potum
1468 4171 1652 4226 nullus
1695 4185 1763 4226 ex
1793 4168 1900 4222 illis
1931 4181 2027 4222 su:

438 4279 607 4323 meret
661 4275 787 4320 ante
817 4267 987 4321 solem
1021 4279 1276 4320 occasum
1309 4303 1324 4331 ,
1371 4264 1631 4334 quoniam
1668 4260 1888 4317 studere
1936 4274 2026 4314 sa—

430 4362 656 4431 pientiae
685 4359 806 4413 luce
843 4359 1066 4428 dignum
1096 4358 1371 4428 judicant,
1415 4357 1657 4412 tenebris
1687 4363 1868 4408 autem
1901 4367 2030 4408 cor-

442 4454 594 4522 poris
649 4450 929 4521 indulgere
963 4450 1412 4505 necessitatibus.
1467 4448 1700 4514 Quidam
1735 4449 1898 4500 etiam
1934 4458 2029 4515 per

442 4559 552 4600 tres
579 4545 696 4598 dies
725 4557 850 4598 esea
873 4542 1171 4606 abstinent,
1193 4542 1394 4611 quibus
1427 4541 1605 4608 majus
1630 4540 1765 4593 inest
1787 4536 2029 4592 scientizc

2133 3351 2246 3413 δείς
2273 3352 2440 3421 μηδὲν
2480 3353 2726 3422 κομίζων
2758 3355 2825 3419 ⁸⁸,
2863 3355 2937 3425 μὴ
2971 3356 3156 3419 πότον,
3192 3357 3266 3428 μὴ
3301 3357 3470 3424 σίτον,
3510 3359 3648 3432 μηδέ
3677 3380 3730 3417 τι

2132 3442 2241 3496 τῶν
2280 3442 2479 3512 ἄλλων,
2508 3445 2610 3499 ὅσα
2637 3446 2774 3513 πρὸς
2806 3447 2906 3510 τὰς
2937 3446 3032 3500 τοῦ
3064 3446 3317 3518 σώματος
3341 3450 3534 3519 χρείας
3558 3454 3732 3522 ἀναγ-

2134 3537 2284 3600 καῖα,
2321 3535 2458 3589 ἀλλὰ
2503 3536 2698 3605 λόγους
2755 3539 2851 3591 καὶ
2882 3542 3082 3610 νόμους
3131 3539 3524 3606 θεσπισθέντας
3555 3543 3601 3576 ⁸⁷
3638 3545 3740 3602 διὰλ

2134 3625 2432 3697 προφητῶν
2459 3627 2555 3680 καὶ
2584 3627 2789 3693 ὕμνους
2833 3628 2928 3683 καὶ
2951 3629 3120 3683 τᾶλλα
3166 3633 3248 3693 εἰς
3274 3632 3595 3704 ἐπιστήμην
3629 3637 3727 3689 καὶ

2132 3717 2418 3771 εὐσέϐειαν
2459 3718 2506 3750 ⁵⁸
2533 3720 2894 3783 συναύξονται
2930 3721 3025 3774 καὶ
3062 3722 3420 3778 τελειοῦνται.
3457 3724 3531 3778 Τὸ
3570 3724 3626 3778 δὲ
3662 3725 3728 3791 ἐξ

2131 3809 2357 3863 ἑωθινοῦ
2414 3811 2614 3883 μέχρις
2670 3812 2913 3883 ἑσπέρας
2954 3813 3236 3884 διάστημα
3288 3815 3510 3885 σύμπαν
3539 3812 3726 3882 αὐτοῖς

2131 3901 2281 3955 ἐστιν
2313 3903 2549 3975 ἄσκησις
2570 3920 2585 3934 ·
2615 3905 3039 3976 ἐντυγχάνοντες
3074 3907 3184 3978 γὰρ
3210 3909 3324 3970 τοῖς
3358 3909 3523 3978 ίεροίς
3545 3910 3729 3981 γράμ-

2134 4009 2306 4061 μασι,
2375 3996 2731 4066 φιλοσοφοῦσι
2790 3998 2891 4066 τὴν
2951 3999 3181 4070 πάτριον
3250 3999 3594 4071 φιλοσοφίαν.
3654 4033 3724 4042 —

2143 4083 2506 4157 Ἐγκράτειαν
2550 4089 2605 4142 δὲ
2637 4088 2829 4160 ὥσπερ
2867 4091 2988 4144 τινὰ
3039 4091 3292 4160 θεμέλιον
3336 4095 3721 4162 προκαταὸαλ-

2129 4177 2349 4248 λόμενοι
2383 4184 2448 4251 τῇ
2472 4182 2640 4252 ψυχῇ,
2677 4183 2773 4246 τὰς
2803 4182 2971 4246 ἄλλας
3003 4185 3452 4256 ἐποικοδομοῦσιν
3484 4189 3684 4259 ἀρετάς
3705 4207 3720 4222 °

2132 4273 2301 4326 σιτίον
2327 4275 2436 4345 γὰρ
2463 4275 2498 4346 ἢ
2522 4277 2687 4329 ποτὸν
2717 4277 2890 4339 οὐδεὶς
2927 4275 2992 4330 ἂν
3016 4277 3196 4331 αὐτῶν
3227 4277 3272 4311 δ”
3300 4283 3724 4352 προσενέγκοιτο

2133 4364 2239 4436 πρὸ
2283 4365 2438 4436 ήλίου
2471 4367 2677 4430 δύσεως
2717 4369 2785 4435 ⁵⁸,
2819 4369 3124 4443 ἐπειδήπερ
3176 4372 3237 4424 τὸ
3266 4371 3367 4441 μὲν
3408 4374 3723 4444 φιλοσοφεῖν

2132 4457 2283 4525 ἄξιον
2332 4460 2510 4528 φωτὸς
2543 4458 2684 4513 εἶναι
2725 4461 3003 4532 κρίνουσιν
3036 4463 3102 4527 ⁶¹,
3139 4465 3366 4528 σκότους
3397 4466 3453 4518 δὲ
3493 4467 3592 4530 τὰς
3621 4467 3717 4521 τοῦ

2134 4551 2388 4620 σώματος
2438 4552 2704 4622 ἀνάγκας.
2747 4591 2816 4604 ..η
2850 4556 3024 4608 Ἔνιοι
3072 4555 3129 4609 δέ
3165 4559 3258 4609 καὶ
3301 4556 3369 4609 δι’
3414 4558 3640 4630 ἡμερῶν
3673 4560 3720 4590 ⁸⁸

437 4637 790 4693 desiderium.
824 4636 1005 4705 Aliqui
1042 4647 1226 4690 autem
1258 4645 1469 4689 tantum
1511 4633 1876 4698 obiectantur,
1900 4641 2024 4686 tan-

2136 4645 2298 4713 τριῶν
2333 4645 2378 4676 ⁸³
2421 4646 2938 4716 ὑπομιμνήσκονται
2980 4651 3211 4719 τροφῆς,
3247 4643 3327 4711 οἷς
3381 4626 3584 4703 πλείων
3619 4651 3664 4682 ⁸⁵
3689 4651 3719 4703 ὁ

437 4733 618 4803 tisque
644 4731 922 4802 replentur
947 4729 1158 4784 deliciis
1186 4727 1457 4797 sapientia
1509 4727 1766 4797 saginati,
1804 4727 2028 4797 copiose

2136 4736 2296 4800 πόθος
2313 4739 2411 4808 τῆς
2436 4740 2751 4810 ἐπιστήμης
2776 4740 3076 4811 ἐνίδρυται.
3104 4737 3264 4803 Τινὲς
3284 4741 3338 4793 δὲ
3364 4741 3537 4805 οὕτως
3564 4744 3717 4796 ἐνευ-

431 4833 490 4877 ct
523 4821 745 4892 largiter
772 4821 990 4892 corpori
1036 4819 1420 4891 suppeditante
1443 4818 1512 4874 ἰιι
1544 4820 1706 4874 etiam
1737 4834 1832 4888 per
1861 4820 2029 4889 duplo

2136 4830 2454 4899 φραῐνονται
2489 4830 2536 4864 ⁸⁵
2570 4831 2666 4884 καὶ
2714 4831 2998 4902 τρυφῶσιν
3048 4832 3154 4886 ὑπὸ
3208 4836 3400 4900 σοφῖας
3448 4835 3718 4904 ἑστιώμε-

437 4916 616 4985 majus
643 4927 861 4986 tempus
891 4915 1173 4977 resistant,
1205 4912 1293 4966 vix
1328 4921 1484 4968 sexto
1507 4926 1726 4983 quoque
1757 4912 1845 4966 die
1867 4913 2029 4983 degu-

2136 4938 2210 4974 νοι
2245 4921 2311 4989 ⁸⁸,
2342 4921 2614 4986 πλουσίως
2660 4925 2753 4976 καὶ
2794 4923 3038 4992 ἀφθόνως
3059 4922 3138 4993 τῷ
3177 4923 3395 4996 σώματι
3432 4929 3717 4999 χωρηγού-

1648 5049 1844 5111 Variae
1886 5048 2201 5116 lectiones
2234 5064 2295 5119 et
2338 5068 2532 5120 notae.

435 5213 491 5264 ἁ.
527 5209 819 5283 φυομένην.
841 5210 1288 5283 προσφερόμενον
1314 5239 1385 5283 —-_-
1412 5205 1661 5283 ζηλωτὴς
1693 5206 1964 5283 ἐγενόμην
2002 5209 2170 5283 αὐτοῦ
2196 5211 2302 5283 καὶ,
2322 5211 2610 5283 διατρίψας
2640 5213 2772 5283 παρ’
2791 5212 2850 5283 ἁ.
2869 5212 2947 5283 ἐν,
2971 5209 3091 5283 γ’-
3120 5212 3198 5283 εἰς
3223 5211 3319 5283 τὴν
3352 5231 3416 5270 π.
3442 5210 3719 5283 ύπέστρε.

437 5275 656 5354 φον-ὲ
687 5275 942 5354 ᾑρξόιμην
971 5275 1028 5333 δέ
1060 5275 1444 5354 πολιτεύεσθαι
1467 5275 1556 5354 ’τῇ
1618 5275 1704 5354 φ.Δ
1749 5275 1962 5354 αἱρέσει

2189 5283 2232 5312 δ’
2267 5275 3018 5354 δράσειιιο-δδδκῑτιε.
3042 5284 3113 5354 ἐν
3137 5275 3182 5349 ᾧ
3209 5275 3299 5354 επὶ.
3333 5283 3384 5337 λ.
3418 5297 3480 5337 π.
3519 5275 3640 5353 β.ει;
3679 5288 3713 5354 ἦ

439 5347 658 5423 ἱκετῶν,
683 5347 739 5403 θξ
774 5347 971 5413 αὐτοὺς
1000 5352 1213 5423 καὶτὰς
1237 5353 1335 5406 σὺν
1368 5347 1566 5423 αύτοίξγ
1593 5347 1732 5423 7.0,
1764 5347 2161 5423 ἀποκαλεῖσθαι
2206 5352 2340 5423 φησί
2392 5347 2614 5417 Euenit,
2657 5354 2742 5407 17.
2821 5351 2866 5382 ⁸³
2893 5353 3012 5423 ήτοι
3035 5347 3171 5406 Eus.
3250 5353 3295 5384 “
3325 5347 3582 5406 ἀκεῖσθαι
3618 5347 3721 5408 καί

439 5422 580 5494 ιιιΙιΙ,
613 5421 766 5494 Ειιδ.Δ
824 5423 865 5494 "f
893 5421 1043 5494 παρὰ
1071 5424 1128 5475 τό
1153 5423 1280 5477 add.
1323 5422 1447 5494 cod.
1528 5422 1573 5452 “
1603 5420 1717 5494 13ft.”
1776 5418 1874 5494 οῦν
1914 5421 1970 5488 ἐξ
1999 5423 2024 5474 ἐ

2136 5423 2195 5476 οῦ
2218 5418 2285 5479 ’τξ
2319 5425 2507 5486 αὐτοῖς
2539 5423 2876 5494 ἐπιτέθειται
2914 5418 3013 5494 τὴν
3061 5439 3159 5492 πρ.
3187 5451 3258 5463 —
3282 5424 3394 5477 είτι
3421 5426 3518 5478 καὶ
3543 5425 3717 5488 ὅντως

437 5490 818 5565 τοῦτζαύτοῦς
845 5489 1074 5565 ἐκάλουν
1103 5495 1226 5546 κατ’
1282 5494 1337 5546 ἀ.
1395 5493 1444 5544 οἱ
1483 5509 1579 5565 πρ,
1618 5492 1769 5565 Eus._
1827 5489 1874 5565 ξτ
1903 5494 2094 5565 πρῶτα
2129 5497 2229 5564 μέν
2272 5495 2398 5548 add.
2431 5495 2564 5548 Ced.
2612 5493 2690 5565 _‘°
2729 5489 3042 5556 ἐξίστασθαι
3080 5489 3192 5565 τοῖς
3226 5497 3570 5565 προσήκουσι
3602 5496 3716 5565 τῶν

440 5565 533 5616 ὑπ’
570 5561 700 5617 Eus.
776 5561 1079 5634 ’ξπροσελ
1141 5565 1262 5619 cod.
1291 5590 1362 5602 -
1393 5564 1685 5634 μονὰγροις
1722 5561 1889 5634 νςεάσξ
1916 5633 1919 5634 ν
1943 5564 1991 5594 tto
2023 5582 2029 5616 ε

2136 5561 2218 5620 καὶ
2253 5567 2300 5620 ὁ.
2343 5565 2470 5620 Ced.
2511 5582 2564 5617 κ.
2612 5562 2742 5618 Eus.
2819 5564 2864 5595 ⁸⁸
2900 5563 3172 5634 ἀνομοίων
3200 5561 3324 5619 cod.
3359 5561 3489 5620 Eus.
3567 5566 3614 5595 ³¹
3649 5561 3714 5618 εὖ

441 5635 568 5686 add.
602 5634 732 5687 Eus.
811 5631 1209 5704 “falsovo'tgsw
1238 5637 1361 5689 eod.
1394 5631 1687 5697 ’πλεονᾶζει
1712 5633 1756 5685 δ’
1797 5635 1854 5686 ἐν
1879 5632 1960 5685 'A.
1999 5633 2029 5687 Ε

2209 5639 2254 5669 ⁵⁸
2286 5639 2344 5688 ἐν
2369 5637 2456 5688 ἐκ.
2487 5636 2544 5688 δὲ
2575 5635 2722 5704 οἰκίᾳ
2758 5633 2888 5688 Eus.
2968 5631 3012 5668 ⁵⁸
3035 5635 3284 5704 καλεῖται
3315 5637 3441 5690 Eus.
3522 5635 3569 5667 “
3596 5636 3714 5689 τελ.

444 5705 623 5776 μηδὲν
645 5703 1052 5776 εἰσκομίζοντες
1084 5706 1209 5776 lius.
1243 5707 1519 5776 -σιτίον
1544 5706 1670 5758 Eus.
1748 5705 1790 5736 ⁵⁷
1816 5723 1862 5757 ν.
1907 5706 2002 5756 καὶ
2029 5707 2184 5774 λόγια
2221 5706 2584 5759 θεσπισθέντα
2609 5700 2739 5759 Eus.
2850 5706 2895 5738 ⁸⁸
2925 5724 2974 5760 τ,
3011 5700 3094 5769 οἷς
3121 5708 3402 5776 ἐπιστήμη
3436 5707 3535 5758 καὶ
3558 5706 3714 5757 εὐσέ-

440 5775 562 5845 vista
589 5773 719 5845 Qed.
762 5777 890 5826 lius.
967 5773 1011 5804 ⁸⁸
1045 5775 1192 5843 αύτῲ
1228 5775 1353 5845 cod.
1435 5775 1478 5806 ‘°
1506 5775 1737 5845 δυσμαῖς
1771 5776 2029 5831 θοόν-ἐπ

2136 5781 2180 5845 τό
2217 5776 2344 5833 Ens.
2421 5777 2464 5808 “
2503 5793 2560 5844 φ.
2596 5778 2650 5830 ἁ.
2679 5793 2770 5845 κρ.
2805 5779 2850 5830 ἐ.
2879 5777 3007 5831 Eus.
3031 5804 3100 5816 --—
3127 5773 3470 5836 σκότοςὀυιι.
3551 5777 3592 5808 ⁶²
3623 5775 3712 5828 διὰ

441 5839 487 5909 γ’
519 5843 571 5912 ή.
618 5841 745 5896 lius.
823 5847 865 5876 ⁸³
894 5845 990 5915 οὐχ
1056 5839 1179 5899 add;
1237 5844 1363 5898 Eus.
1444 5845 1487 5875 “
1525 5839 1685 5897 πλέον
1735 5846 1868 5902 (led.
1899 5865 1955 5901 π.
1996 5851 2029 5899 ἐι

2136 5839 2255 5903 Ξιιδ.
2334 5848 2377 5881 ⁸³
2408 5839 2798 5920 εὐφρανοῦντες
2841 5848 2931 5900 καί
2963 5848 3085 5902 cod.
3164 5849 3207 5880 "
3235 5846 3538 5920 ἐστιώμενα
3577 5847 3704 5901 cod.
