4088 6402
305 373 427 436 4οό

1517 371 1989 436 CHHONICON.
2027 399 2098 411 —
2137 373 2282 436 LIB.
2328 375 2445 439 III.

3514 375 3618 441 406

305 500 435 545 σεις
469 481 572 552 τὴν
603 478 747 552 πρὸς
799 479 894 532 τὸν
942 479 1261 554 ἀποστάτην
1287 481 1636 556 παλαίστραν
1670 484 1792 538 ούδέ
1826 484 1926 554 τῆς

2035 486 2221 544 multis
2263 503 2386 556 qua:
2441 486 2893 559 evangelleortrm-
2921 495 3318 557 praeceptorum
3351 485 3620 542 inhaerent

302 573 517 629 τούτου
565 574 732 644 νίκης
791 573 1018 644 καθάψη
1050 573 1181 627 ἄνευ
1241 576 1421 630 πόνων
1455 577 1670 632 πολλῶν
1695 576 1806 631 τῶν
1831 577 1928 630 ἐπὶ

302 669 544 740 φυλακῇ
573 666 690 720 τῶν
721 666 1103 737 εὐαγγελικῶν
1135 669 1486 741 διδαγμάτων
1513 672 1581 727 ⁵³.
1616 689 1637 725 ι

378 761 472 833 (8)
512 760 624 815 Καὶ
683 759 866 815 ταῦτα
901 760 1000 831 μὲν
1059 761 1123 815 ἐν
1159 763 1502 835 παραδρόμῳ
1544 765 1680 835 πρὸς
1715 768 1843 829 τοὺς
1867 769 1926 823 ἐν

303 851 569 923 συζυγίᾳ
616 851 930 917 ἀκινδύνως
990 853 1088 925 τὴν
1115 855 1224 906 τῶν
1255 855 1487 908 ἐντολῶν
1532 855 1625 910 τοῦ
1682 858 1924 930 Χριστοῦ

303 945 584 1016 φυλακὴν
610 945 1070 1016 καταμελοῦντας
1105 946 1370 1019 εἰρήσθω.
1397 948 1470 1002 Σὺ
1492 949 1549 1003 δὲ
1577 949 1726 1020 (67b)
1760 951 1789 1003 ὁ
1814 951 1925 1005 τῶν

304 1035 604 1107 οὐρανίων
641 1036 1069 1107 πολιτευμάτων
1107 1038 1367 1110 ἐραστὴς,
1391 1039 1486 1094 καὶ
1504 1041 1604 1110 τῆς
1623 1043 1924 1115 ἀγγελικῆς

309 1127 610 1198 διαγωγῆς
657 1130 1124 1200 πραγματευτὴς,
1169 1131 1412 1186 καὶτῶν
1450 1133 1625 1202 ἁγίων
1659 1135 1925 1208 μαθητῶν

319 1221 420 1276 τοῦ
438 1220 694 1292 Χριστοῦ
737 1221 1156 1294 συστρατιώτης
1200 1224 1457 1290 γενέσθαι
1500 1226 1809 1297 ἐπιθυμῶν,
1833 1230 1924 1284 τό-

324 1331 503 1368 νωσον
523 1320 758 1368 σεαυτὸν
787 1316 930 1383 πρὸς
954 1315 1232 1390 ὑπομονὴν
1251 1315 1508 1387 θλίψεων,
1537 1319 1637 1373 κᾶν
1659 1321 1924 1393 ἀνδρείως

319 1405 637 1477 προσέλθῃς
701 1409 768 1478 τῇ
812 1409 1102 1480 συγκλήτῳ
1124 1409 1234 1465 τῶν
1269 1414 1542 1483 μοναχῶν,
1579 1414 1688 1470 ίδοὺ
1718 1416 1918 1484 τοίνυν,

319 1499 416 1552 καὶ
444 1497 477 1550 ὁ
502 1496 646 1562 θεῖος
662 1498 989 1561 διδάσκαλος
1020 1502 1101 1564 είς
1127 1500 1223 1555 δύο
1245 1501 1393 1572 βίους
1424 1504 1517 1558 τὸν
1539 1506 1776 1577 Χριστὸν
1806 1507 1920 1563 διε-

315 1589 514 1644 λέσθαι
547 1589 620 1644 τὰ
649 1591 762 1644 τῶν
799 1589 1113 1662 ἀνθρώπων
1147 1593 1391 1663 φάσκει·
1420 1597 1518 1650 καὶ
1559 1598 1652 1651 τὸν
1688 1599 1788 1670 μὲν
1835 1601 1926 1655 κό-

320 1697 489 1751 σμιον
518 1681 616 1734 καὶ
635 1679 844 1752 γεώδη.
878 1680 971 1735 τὸν
1004 1682 1060 1735 δὲ
1090 1683 1364 1753 οὐράνιον,
1397 1685 1692 1754 ἀγγελικόν
1732 1705 1792 1742 τε
1824 1688 1922 1742 καὶ

320 1772 692 1828 ἀποπολικὸν
717 1789 732 1805 ·
775 1773 853 1836 ὡς
876 1774 974 1828 καὶ
1027 1774 1278 1846 ἑτερόθεν
1331 1777 1496 1831 πάλιν
1523 1778 1660 1848 φησί
1691 1796 1703 1811 ·
1737 1780 1919 1847 Μάθε,

326 1865 612 1936 διδάχθητι
631 1865 1008 1938 ἀποστολικὴν
1050 1868 1351 1935 πολιτείαν,
1401 1871 1685 1927 τουτέστιν
1713 1873 1919 1943 ὀφθαλ-

334 1958 452 2028 μῶν
481 1957 796 2030 ἀκρίῦειαν,
830 1959 1087 2030 γλώσσης
1112 1960 1464 2032 ἐγκράτειαν,
1504 1961 1761 2036 σώματος
1804 1965 1926 2020 δου-

332 2051 657 2121 λαγωγίαν,
707 2051 970 2122 φρόνημα
1035 2055 1334 2119 ταπεινὸν,
1384 2056 1596 2120 ἐννοίας
1673 2057 1921 2129 καθαρό-

337 2161 514 2212 τητα,
576 2144 750 2215 ὀργῆς
831 2144 1183 2215 ἀφανισμόν·
1238 2147 1686 2218 ἀγγαρευόμενος
1757 2152 1928 2222 πρόσ-

345 2235 529 2308 σεηθι,
584 2234 1062 2306 ἀποστερούμενος
1143 2237 1218 2309 μὴ
1271 2238 1531 2304 δικάζου,
1591 2242 1926 2314 μισούμενος

349 2325 642 2394 ἀγάπησον
669 2364 686 2392 ,
744 2324 1069 2396 διωκόμενος
1119 2328 1356 2399 ἀνέχου,
1426 2329 1926 2404 βλασφημούμενος

362 2417 696 2488 παρακάλει,
731 2417 1014 2490 νεκρώθητι
1061 2423 1131 2492 τῇ
1175 2423 1452 2494 ἁμαρτίᾳ,
1505 2426 1928 2499 συσταυρώθητι

361 2508 434 2579 τῷ
472 2509 712 2581 Χριστῷ,
737 2509 859 2582 ὅλην
886 2514 983 2582 τὴν
1005 2515 1231 2585 ἀγάπην
1272 2515 1508 2585 μετάθες
1545 2518 1641 2572 ἐπὶ
1674 2519 1767 2573 τὸν
1800 2521 1928 2574 Κύ-

347 2618 486 2670 ριον.
541 2601 699 2655 Ἀλλὰ
728 2603 941 2674 χαλεπὰ
970 2606 1148 2660 ταῦτα
1171 2622 1184 2635 °
1217 2606 1270 2660 τί
1289 2607 1402 2662 τῶν
1424 2609 1651 2678 ἀγαθῶν
1683 2612 1928 2667 εὐκολώ-

337 2710 534 2763 τερον;
566 2693 651 2758 τίς
675 2695 956 2750 καθεύδων
980 2698 1244 2768 τρόπαιον
1285 2699 1520 2771 ἕστηκεν
1544 2721 1560 2769 ;
1583 2701 1667 2768 τίς
1703 2704 1929 2776 τρυφῶν

331 2783 428 2838 καὶ
460 2784 911 2857 καταυλούμενος
936 2791 1051 2852 τοῖς
1076 2789 1176 2858 τῆς
1197 2791 1498 2864 καρτερίας
1534 2796 1927 2868 κατεκοσμήθη

333 2875 668 2944 στεφάνοις
699 2879 895 2944 Οὐδεὶς
922 2880 1088 2953 254
1120 2882 1194 2954 μὴ
1219 2882 1446 2954 δραμὼν
1483 2885 1663 2939 ἀνεῖλε
1703 2886 1765 2940 τὸ
1793 2887 1929 2960 βρα-

335 2971 480 3023 ϐεῖον
503 2987 518 3001 ο
557 2973 607 3006 ⁸⁸
630 2971 788 3026 πόνοι
819 2973 1058 3040 γεννῶσι
1101 2974 1259 3040 δόξαν
1281 2993 1294 3008 ·
1326 2975 1567 3047 κάματοι
1604 2976 1929 3049 προξενοῢσι

335 3066 628 3134 στέφανον,
666 3066 714 3098 ⁵³
774 3083 794 3116 ε
848 3066 951 3120 Διὰ
1010 3068 1222 3124 πολλῶν
1277 3068 1516 3139 θλίψεων
1571 3070 1655 3124 δεῖ
1706 3071 1854 3143 ὑμᾶς
1879 3073 1927 3106 ιιι

2032 577 2318 636 custodite.

2099 764 2167 821 Et
2198 764 2314 821 haec
2332 765 2551 836 quidem
2576 763 3004 820 trauseurrendo
3025 761 3133 818 illis
3161 763 3254 832 qui
3277 763 3330 817 in
3355 761 3617 833 coningio

2029 871 2222 914 secure
2266 867 2661 929 prreceptorum
2713 856 2921 911 Christi
2976 855 3385 912 observantiam
3442 855 3618 924 negli-

2029 960 2164 1022 gunt
2200 951 2348 1007 dicta
2399 951 2527 1007 sint.
2591 950 2672 1004 Tu
2717 962 2849 1004 vero
2872 948 3114 1004 caelestis
3145 948 3384 1004 civitatis
3409 956 3649 1002 amator-.-

2028 1053 2082 1101 et
2115 1044 2375 1117 angelica
2431 1044 2737 1114 negotiator
2791 1041 3232 1098 conversationis
3282 1050 3336 1096 et
3395 1049 3618 1096 sanctos

2027 1151 2149 1192 rum
2199 1134 2594 1206 discipulorum
2652 1133 2855 1189 Christi
2886 1132 3190 1188 commilito
3221 1132 3336 1187 tieri
3365 1131 3616 1201 cupiens.

2027 1232 2188 1296 lirma
2245 1228 2476 1297 teipsum
2537 1226 2605 1282 ad
2662 1225 3011 1280 tolerantiam
3070 1224 3509 1286 tribulationum,
3563 1232 3619 1277 et

2031 1325 2078 1381 si
2135 1336 2398 1394 generose
2423 1321 2708 1391 ingressus
2743 1332 2803 1373 es
2853 1318 2908 1371 in
2960 1325 3164 1372 coetum
3201 1315 3617 1376 monachorum,

2029 1433 2097 1473 en
2129 1417 2294 1492 igitur
2323 1423 2549 1472 sanctus
2591 1413 2708 1484 ipse
2735 1419 3039 1480 praeceptor
3067 1409 3122 1464 in
3152 1409 3420 1478 duplicem
3453 1407 3616 1461 vitam

2027 1509 2309 1566 Christum
2372 1509 2620 1563 humana
2693 1503 2949 1560 divisisse
3024 1503 3249 1565 asserit,
3321 1508 3380 1556 et
3455 1513 3618 1554 unam

2026 1601 2248 1672 quidem
2277 1599 2606 1656 mundanam
2635 1609 2690 1656 et
2728 1606 3063 1660 terrestrem,
3095 1599 3324 1652 alteram
3360 1606 3490 1649 vero
3509 1605 3621 1647 ete-

2026 1695 2241 1761 lestem,
2295 1692 2598 1763 angelicam
2641 1698 2698 1746 et
2763 1689 3167 1760 apostolicam;
3213 1701 3339 1740 nam
3367 1693 3423 1739 et
3492 1682 3621 1738 alibi

2028 1802 2222 1844 rursus
2246 1785 2381 1842 dicit
2430 1802 2445 1840 :
2477 1783 2658 1848 Disce,
2703 1791 2765 1838 ut
2799 1781 3052 1838 docearis
3107 1779 3466 1849 apostolicam
3495 1777 3624 1831 vita:

2034 1893 2310 1944 normam,
2339 1877 2393 1934 id
2415 1885 2498 1934 est
2516 1875 2803 1932 oculorum
2829 1873 3403 1942 circumspectionem,
3424 1871 3626 1938 linguae

2024 1978 2538 2044 temperamentum,
2559 1983 2761 2039 corpus
2791 1967 2845 2022 in
2881 1964 3274 2023 servitudinem
3309 1967 3617 2029 redactum,

2026 2065 2195 2120 animi
2263 2063 2658 2127 humilitatem,
2724 2058 3078 2130 cogitationis
3140 2058 3459 2128 puritatem,
3531 2054 3626 2110 iraa

2025 2155 2482 2221 exstinctionem;
2561 2152 2880 2224 angariatus
2955 2151 3248 2213 assentire,
3329 2148 3494 2202 laesus
3518 2160 3627 2201 non

2025 2250 2201 2321 litiga,
2242 2249 2370 2306 odio
2405 2247 2626 2303 habitus
2661 2260 2808 2313 ama,
2876 2245 3238 2302 insectatores
3288 2242 3520 2302 sustine,
3580 2239 3627 2295 si

2028 2344 2172 2397 male
2204 2341 2300 2396 tibi
2329 2339 2569 2395 dixerint
2600 2351 2697 2393 ora
2724 2355 2740 2404 ;
2766 2343 3017 2392 mortuus
3052 2340 3295 2404 peccato,
3329 2329 3629 2386 cruciﬁxus

2027 2448 2153 2489 cum
2185 2431 2430 2498 Christo,
2474 2442 2695 2484 omnem
2725 2425 3050 2483 charitatem
3099 2437 3302 2494 repone
3351 2422 3404 2476 in
3447 2419 3631 2476 Domi-

2030 2538 2187 2581 num.
2231 2522 2341 2578 Sed
2383 2525 2520 2577 dura
2551 2529 2682 2576 sunt
2729 2521 2896 2575 haec:
2939 2515 3228 2584 Quodnam
3291 2513 3514 2568 facilius
3541 2510 3633 2564 bo-

2032 2631 2164 2672 num
2203 2621 2289 2670 est
2311 2613 2340 2667 ?~
2373 2610 2510 2679 Quis
2580 2607 2862 2664 dormiens
2915 2614 3181 2676 tropaeum
3212 2601 3386 2657 erexit
3409 2599 3444 2652 Τ·
3491 2596 3630 2664 Quis

2029 2709 2085 2764 in
2112 2705 2325 2762 deliciis
2352 2705 2541 2759 vivens
2565 2710 2618 2758 et
2641 2700 2773 2756 tibia
2797 2712 2999 2755 sonora
3027 2696 3334 2752 delectatus
3355 2688 3656 2761 patientiae-

2033 2799 2252 2857 coronis
2306 2797 2594 2852 redimitus
2643 2792 2776 2850 est?
2824 2789 2997 2846 Nemo
3052 2787 3160 2844 nisi
3184 2799 3413 2841 currens
3442 2796 3632 2853 repor-

2033 2889 2168 2944 tavit
2222 2887 2473 2943 bravium
2505 2902 2521 2952 ;
2555 2885 2766 2939 labores
2795 2881 3022 2950 gloriam
3055 2878 3286 2949 gignunt
3314 2892 3329 2938 ;
3366 2871 3636 2928 molestia:

2033 2993 2294 3037 coronam
2375 2976 2672 3033 conciliant
2709 2993 2722 3029 :
2756 2992 2774 3026 ι
2805 2972 2910 3027 Per
2976 2970 3179 3025 multas
3252 2963 3631 3021 tribulatioues

2034 3080 2251 3146 oportet
2308 3085 2406 3126 vos
2467 3070 2674 3124 intrare
2725 3067 2780 3119 in
2831 3077 3060 3134 regnum
3110 3057 3398 3114 caelorum.
3439 3073 3458 3106 ι
3500 3053 3631 3109 Dico

333 3157 605 3262 εἰσελθεῖν
657 3157 738 3226 είς
784 3158 886 3231 τὴν
941 3159 1224 3231 βασιλείαν
1271 3163 1381 3218 τῶν
1421 3162 1691 3235 οὐρανῶν.
1726 3182 1744 3216 ι
1782 3164 1928 3236 φημὶ

2037 3145 2136 3237 ego
2167 3177 2406 3234 quoque,
2435 3166 2490 3214 et
2512 3156 2890 3214 tribulationes
2924 3153 3063 3208 istas
3095 3163 3324 3220 regnum
3362 3145 3633 3200 caelorum

2133 3259 2143 3262 -
2261 3258 2271 3262 -
2359 3255 2371 3262 .
2561 3251 2574 3262 .
2619 3251 2653 3262 ._
2718 3251 2730 3262 .
2779 3250 2788 3260 .
2874 3249 2908 3262 .,
3290 3239 3503 3262 MM“
3540 3251 3603 3262 Μ

335 3251 516 3319 κάγὼ,
555 3251 697 3305 ἀλλὰ
741 3252 842 3317 τάς
874 3252 974 3321 μὲν
1003 3252 1215 3323 θλίψεις
1241 3255 1450 3320 ταύτας
1474 3257 1508 3327 ὴ
1535 3255 1787 3327 βασιλεία
1818 3257 1928 3312 τῶν

332 3342 588 3413 οὐρανῶν
629 3344 728 3401 καὶ
780 3346 1122 3419 μακαριότης
1157 3347 1474 3418 ἐκδέχεται,
1532 3352 1662 3414 τοὺς
1712 3349 1772 3402 δέ
1826 3349 1931 3420 τῆς

339 3433 618 3505 ἁμαρτίας
646 3437 932 3506 καμάτους
987 3439 1049 3492 τὸ
1105 3441 1205 3508 τῆς
1251 3440 1480 3512 γεέννης
1537 3441 1798 3496 ἐπίπονον
1836 3443 1931 3497 καὶ

341 3529 672 3599 σκυθρωπὸν
698 3529 812 3603 πῦρ
837 3531 1104 3586 ἄσϐεστον
1137 3534 1429 3604 ἀναμένει.

406 3621 599 3692 Ταύτῃ
628 3639 712 3675 τοι
737 3624 830 3676 καὶ
861 3623 890 3676 ὁ
918 3623 1183 3696 θεηγόρος
1213 3626 1408 3689 Νεῖλος
1431 3627 1536 3700 ἔφη
1557 3629 1631 3660 "’-
1661 3647 1679 3679 ι
1709 3629 1926 3685 Φιλοσο-

335 3715 461 3783 φεὲν
487 3714 862 3785 ἐπετήδευσαν
885 3717 986 3787 μὲν
1012 3718 1284 3790 Ἑλλήνων
1304 3720 1397 3774 καὶ
1417 3721 1690 3776 Ἰουδαίων
1714 3723 1813 3777 οὐκ
1836 3723 1938 3778 ὀλί-

331 3822 449 3873 γοι,
491 3805 646 3874 μόνοι
673 3807 729 3860 δέ
762 3807 862 3880 τὴν
887 3809 1158 3882 ἀληθινὴν
1184 3811 1381 3881 σοφίαν
1412 3810 1698 3884 ἐζήλωσαν
1721 3816 1771 3868 οἱ
1800 3817 1936 3888 Χρι-

330 3899 470 3952 στοῦ
496 3899 764 3970 μαθηταὶ,
784 3902 909 3954 ἐπεὶ
932 3903 1026 3957 καὶ
1046 3902 1202 3974 μόνοι
1219 3905 1319 3975 τὴν
1349 3905 1524 3970 ὅντως
1554 3909 1751 3976 σοφίαν
1779 3909 1936 3980 ἔσκον

327 3991 682 4046 διδάσκαλον.
709 3995 771 4046 Οἱ
806 3995 906 4062 μὲν
939 3996 1050 4066 γὰρ
1081 3997 1343 4068 πρότεροι
1381 3999 1638 4071 καθάπερ
1667 4002 1726 4054 ἐν
1762 4005 1937 4074 σκηνῆ

327 4081 994 4154 δρᾶμα-ὑποκρινόμενοι,
1017 4085 1288 4158 ἀλλοτρίῳ
1321 4088 1552 4152 ἑαυτοὺς
1589 4092 1939 4161 κατεκόσμη-

334 4190 439 4227 σαν
497 4175 854 4246 προσωπείῳ,
907 4177 1082 4248 ὄνομα
1133 4179 1293 4234 κενὸν
1328 4180 1650 4247 ὑποδύντες,
1703 4181 1940 4253 ἀληθοῦς

334 4268 667 4338 φιλοσοφίας
714 4271 1070 4341 ἐστερημένοι
1096 4289 1110 4302 ·
1147 4271 1205 4324 ἐν
1235 4270 1334 4342 μὲν
1366 4271 1442 4342 τῷ
1462 4272 1714 4344 τρίϐωνι,
1749 4276 1844 4329 καὶ
1871 4279 1938 4349 τῇ

335 4360 551 4432 ύπήνῃ,
574 4361 670 4414 καὶ
687 4363 755 4432 τῆ
782 4360 1060 4435 βακτηρίᾳ
1087 4361 1179 4416 τὸν
1199 4364 1490 4434 φιλόσοφον
1511 4365 1937 4438 ἐνδεικνύμενοι,

337 4451 708 4522 περιέποντες
735 4453 833 4506 καὶ
888 4453 950 4506 τὸ
981 4454 1164 4525 σῶμα,
1215 4459 1309 4509 καὶ
1345 4459 1468 4520 ταῖς
1517 4458 1844 4528 ἐπιθυμίαις
1864 4459 1940 4524 ὡς

2034 3269 2090 3313 et.
2133 3255 2411 3314 beatitudo
2459 3251 2682 3320 excipit,
2718 3245 3022 3319 iniquitatis
3053 3251 3233 3298 autem
3290 3239 3506 3294 labores
3539 3251 3637 3306 ge-

2037 3349 2230 3404 henme
2268 3346 2424 3401 labor
2484 3354 2536 3398 et
2602 3343 2799 3396 horror
2869 3346 2925 3392 ct
2960 3335 3100 3405 ignis
3169 3327 3633 3400 iuexstinguihilis

2038 3450 2238 3496 manet.

2111 3618 2378 3674 Similiter
2408 3626 2460 3672 et
2494 3615 2777 3685 theologus
2830 3611 2982 3666 Nilus
3035 3607 3278 3679 loquitur
3314 3624 3328 3662 :
3389 3602 3636 3658 «Philo-

2039 3712 2248 3781 sophia:
2317 3709 2535 3780 quidem
2591 3721 2815 3776 operam
2869 3703 3139 3758 dederunt
3213 3701 3528 3757 Graecorum
3582 3707 3636 3754 et

2039 3803 2349 3857 Judmorum
2372 3817 2477 3856 non
2500 3801 2678 3872 pauci,
2699 3813 2881 3852 veram
2909 3807 3090 3852 autem
3114 3795 3438 3864 sapientiam
3463 3809 3634 3849 temu-

2041 3895 2134 3950 lati
2164 3904 2291 3950 sunt
2321 3893 2417 3948 soli
2453 3893 2654 3949 Clll‘iali
2703 3889 2975 3959 discipuli,
3029 3888 3284 3959 quoniam
3321 3885 3423 3941 soli
3455 3899 3636 3939 veram

2040 3989 2362 4058 sapientiam
2384 3987 2693 4042 habuerunt
2716 3983 3053 4051 magistram.
3072 3981 3292 4035 Priores
3311 3979 3454 4034 enim
3479 3979 3636 4049 quasi

2042 4082 2095 4137 in
2125 4097 2288 4137 scena
2330 4080 2563 4136 [abolent
2614 4087 2868 4148 agentes,
2897 4076 3074 4130 aliena
3133 4074 3343 4143 scipsos
3401 4088 3640 4128 exorna-

2042 4186 2171 4231 runt
2206 4176 2377 4239 larva,
2415 4173 2635 4229 nomine
2685 4171 2832 4226 inani
2873 4169 3086 4233 induti,
3125 4182 3259 4222 vera.
3296 4165 3640 4235 phil050phia

2042 4278 2335 4332 carentes;
2387 4269 2518 4322 trito
2567 4265 2787 4336 quidem
2831 4263 2996 4335 pallio
3042 4271 3098 4316 et
3151 4259 3319 4315 barba
3352 4268 3406 4314 et
3445 4257 3642 4312 baculo

2043 4361 2428 4432 philosophum
2462 4365 2824 4421 ostentantes,
2873 4362 2927 4409 et
2955 4367 3157 4423 corpus
3196 4352 3439 4406 colentes
3459 4359 3512 4403 ct
3541 4366 3643 4402 cu-

2044 4452 2361 4523 piditatibus
2378 4459 2436 4504 ut
2452 4447 2782 4504 dominabus
2804 4443 3150 4505 l‘aumlantes,
3169 4441 3372 4496 ventris
3391 4439 3644 4494 exstitere

333 4545 654 4610 δεσποίναις
681 4547 1142 4619 ύπηρετούμενοι,
1168 4550 1411 4621 γαστρὸς
1439 4551 1590 4614 ὅντες
1613 4517 1930 4614 δούλοιίκαί

2045 4545 2213 4609 servi,
2238 4555 2289 4598 et
2313 4541 2542 4598 comites
2571 4539 2780 4596 ventris
2823 4537 3132 4608 voluptates
3178 4534 3326 4588 velut
3364 4517 3502 4600 opus
3548 4547 3646 4585 na-

333 4641 441 4704 τάς
467 4641 877 4713 ύπογαστρίους
919 4644 1114 4714 ἡδονὰς
1167 4644 1243 4708 ὡς
1281 4645 1498 4715 φύσεως
1535 4645 1698 4716 ἔργον
1737 4647 1935 4700 ἀποδε-

335 4733 590 4804 χόμενοι,
615 4737 734 4798 ταῖς
766 4735 812 4767 ⁸⁸
838 4735 1123 4807 λαμπραῖς
1153 4738 1462 4806 τραπέζαις
1487 4737 1742 4790 κυνιδίων
1773 4738 1932 4808 δίκην

336 4828 542 4898 λίχνων
597 4827 978 4898 ἐφαλλόμενοι,
1019 4830 1122 4883 οὐκ
1176 4829 1379 4894 εἰδῧτες
1428 4831 1513 4884 ὅτι
1555 4829 1661 4900 πρὸ
1712 4831 1933 4883 πάντων

278 4989 282 4995 ἔ
339 4917 638 4991 ἐλεύθερον
660 4919 742 4973 δεῖ
771 4915 1029 4976 εἷναιτὸν
1070 4921 1365 4991 φιλόσοφον
1409 4923 1502 4975 καὶ
1557 4922 1759 4993 μᾶλλον
1803 4921 1937 4992 φεύ-

337 5027 465 5078 γειν
494 5009 556 5062 τὸ
588 5009 778 5064 δοῦλον
807 5005 951 5065 εἶναι
976 5013 1166 5065 παθῶν
1195 5013 1228 5084 ἢ
1258 5014 1638 5084 ἀργυρόνητον
1665 5014 1756 5067 καὶ
1790 5013 1936 5066 οἰκό-

337 5100 508 5170 τριϐα
538 5101 587 5133 ³³
612 5118 626 5133 ο
653 5102 717 5154 τὸ
749 5101 858 5174 γὰρ
890 5101 1197 5174 ἀνθρώπων
1228 5100 1367 5157 εἶναι
1393 5103 1582 5157 δοῦλον
1619 5103 1772 5157 οὐδὲν
1806 5101 1939 5166 ἴσως

338 5194 550 5264 ἔϐλαψε
584 5195 676 5247 τὸν
709 5193 890 5264 ὀρθῶς
929 5194 1242 5266 βεϐιωκότα
1269 5195 1336 5261 ⁸ο,
1366 5199 1426 5249 τὸ
1475 5194 1531 5248 δέ
1583 5195 1815 5249 πάθεσιν
1863 5195 1939 5257 ὡς

339 5286 638 5350 δεσπόταις
669 5285 957 5364 χρώμενον
986 5289 1282 5362 ὑπηρετεῖν
1314 5290 1438 5352 ταῖς
1472 5287 1711 5359 ἡδοναῖς,
1749 5285 1944 5357 αἰσχύ·-

341 5396 444 5447 νην
473 5379 714 5450 ἤνεγκεν
743 5380 838 5433 καὶ
862 5379 1078 5448 γέλωτα
1116 5379 1308 5434 πολύν.
1343 5380 1464 5435 Εἰσὶ
1506 5379 1608 5451 μὲν
1657 5377 1750 5434 οὖν
1811 5376 1942 5449 παρ’

339 5474 530 5536 αὐτοῖς
576 5473 808 5528 καθόλου
840 5474 942 5544 τῆς
1005 5475 1260 5547 πράξεως
1305 5473 1671 5547 ἠμεληκὸτες,
1715 5471 1944 5544 λογικὴν

2043 4645 2179 4690 turae
2204 4633 2568 4696 admiserunt,
2595 4629 2908 4703 splendidas
2939 4640 3159 4682 mensas
3194 4626 3513 4694 gulosorum
3549 4639 3645 4678 ca-

2038 4743 2170 4782 num
2203 4729 2376 4782 instar
2404 4726 2743 4788 invadentes,
2777 4722 3078 4779 nescientes
3122 4717 3392 4790 imprimis
3416 4717 3646 4770 liberum

2039 4835 2162 4876 esse
2177 4819 2374 4874 debere
2393 4817 2800 4888 philosophum,
2829 4815 3108 4884 multoque
3139 4812 3312 4882 inagis
3334 4810 3409 4863 illi
3436 4807 3647 4877 fugien.
3677 4828 3684 4835 -

2041 4913 2168 4968 dum
2192 4926 2263 4967 ne
2289 4909 2490 4966 serviat
2519 4908 2885 4980 passionibus,
2910 4921 3075 4976 quam
3098 4919 3166 4960 ne
3192 4905 3262 4959 sit
3291 4909 3520 4969 argento
3550 4915 3674 4962 νει-ι

2042 5004 2166 5059 nale
2196 5002 2528 5072 mancipium
2554 5011 2607 5056 et
2626 5014 2920 5055 vernarum
2952 5012 3148 5061 verna;
3174 4995 3458 5050 hominum
3505 4980 3688 5048 enimK

2045 5112 2264 5154 servum
2294 5111 2417 5152 esse
2449 5093 2581 5150 nihil
2634 5091 2773 5147 forte
2829 5090 3015 5145 nocuit
3063 5089 3111 5145 ei
3166 5088 3258 5159 qui
3317 5095 3462 5143 recte
3495 5087 3647 5152 vixit,

2046 5189 2435 5260 cupiditatibus
2455 5198 2637 5242 autem
2661 5193 2720 5239 ut
2741 5183 2979 5239 dominis
3003 5183 3080 5237 uti
3102 5190 3154 5236 et
3171 5181 3377 5237 servire
3398 5181 3650 5252 volupta-

2052 5282 2195 5337 tibus
2231 5279 2496 5351 pudorem
2526 5277 2709 5332 attulit
2748 5282 2800 5330 et
2833 5273 3006 5328 risum
3041 5274 3298 5328 multum.
3344 5272 3486 5327 Sunt
3527 5288 3654 5338 ergo

2051 5374 2194 5448 apud
2241 5389 2335 5430 eos
2369 5387 2598 5443 prorsus
2646 5371 2698 5426 in
2751 5369 2961 5441 agendo
2993 5368 3348 5439 negligentes,
3379 5377 3434 5422 at
3482 5369 3658 5421 ratio-

2053 5467 2229 5522 nalem
2265 5463 2689 5537 philosophiam,
2746 5471 2805 5516 ut
2837 5460 3112 5526 videntur,
3153 5460 3512 5531 suscipientes
3540 5499 3552 5522 ,
3591 5459 3657 5509 de

1554 5591 1755 5653 Varize
1788 5589 2095 5652 lectiones
2125 5593 2184 5650 et
2211 5593 2400 5647 notm.

408 5727 455 5758 ⁸³
484 5725 648 5794 Bona.
687 5726 743 5778 Β.
820 5727 867 5757 ⁵⁸
897 5724 937 5778 ΙΙ
963 5725 1106 5779 Tim.
1146 5744 1202 5793 tl,
1239 5728 1310 5782 5)?
1392 5727 1438 5759 ⁸⁸
1469 5727 1588 5780 Aet.
1617 5740 1723 5786 xw,
1751 5723 1842 5778 2'3.
1920 5724 1930 5754 ¹

2035 5720 2288 5794 μᾶς-(ξοδ.
2316 5727 2326 5794 ζ
2366 5717 2410 5750 ⁵⁷
2447 5714 2678 5794 Νείλου,
2707 5714 2842 5794 Iib_er
2882 5710 3152 5794 asceticuns
3203 5707 3409 5794 t8ihl.’
3430 5703 3656 5794 Maxima

346 5797 650 5860 ι’11.ιιξιϋ.
728 5798 774 5828 ⁵⁸
806 5785 1236 5866 ἀποδεχόμενοι,
1270 5799 1438 5868 ὀργῆς
1498 5785 1726 5866 ὑπήκοοι
1779 5796 1872 5847 καὶ
1914 5785 2046 5866 πρὸς
2107 5790 2266 5854 δόξαν
2312 5786 2640 5858 ἐπτοημένοι
2703 5785 2820 5848 ταῖς
2869 5785 2990 5839 cod.

339 5869 380 5900 "
405 5869 516 5924 τῶν
555 5868 841 5945 ﬁrmem/1:.
871 5868 990 5922 cod.

3093 5780 3134 5809 δέ’
3168 5776 3471 5846 οἰκότριόον
3537 5779 3658 5832 rod.
