4088 6426
495 384 602 450 467

1707 399 2033 463 GEORGII
2073 402 2526 468 HAMARTOLI
2560 396 2563 401 ’

3671 402 3773 467 ιοδ

495 506 822 563 sublimibus
844 523 1154 566 sermonem
1185 512 1446 572 habentes
1491 524 1544 572 et
1590 532 1783 574 eorum
1812 533 1936 588 qua
1982 517 2067 574 de-

2184 518 2240 574 δέ
2270 519 2612 590 φιλοσοφίαν,
2645 520 2719 586 ὡς
2747 519 3020 584 δοκοῦσιν,
3059 515 3469 591 ἐπανῃρημένοι
3494 554 3510 579 ,
3552 529 3770 586 μετεωα

495 601 788 656 monstrari
810 617 917 658 non
937 614 1169 674 possunt
1186 606 1531 680 interpretes,
1547 610 1938 683 magnitudinis
1955 612 2080 668 coeli

494 700 547 746 ct
573 691 706 747 solis
726 709 1013 752 mensuras
1034 705 1086 752 et
1105 705 1379 754 astrorum
1404 701 1512 754 vim
1539 702 1680 758 seire
1699 717 1758 759 se
1782 703 2081 774 jactantes,

493 783 900 855 aliquandoque
919 787 1082 842 ctiam
1117 791 1181 844 de
1210 793 1384 847 sacris
1404 793 1677 850 disserere
1705 795 2081 866 aggredientes

491 873 581 929 ubi
613 884 668 931 et
695 877 900 932 veritas
955 880 1234 936 inaccessa
1288 894 1342 937 et
1389 885 1702 953 conjectura
1750 887 2077 956 periculosa,

488 968 600 1021 vita
633 977 815 1022 autem
871 970 925 1023 in
960 984 1120 1026 emno
1173 974 1542 1031 volutantibus
1595 992 1653 1031 se
1711 979 1895 1048 porcis
1926 979 2081 1050 igno-

488 1059 856 1116 miniosiores.
926 1060 984 1115 Si
1017 1065 1239 1133 quando
1285 1068 1506 1136 quidam
1573 1070 1639 1125 ad
1687 1070 1957 1141 agendum
2018 1085 2079 1127 se

486 1151 899 1213 convertebant,
935 1153 1054 1211 istis
1111 1157 1323 1225 pejores
1382 1159 1606 1227 tiebant,
1662 1177 1762 1232 pro
1824 1161 1965 1218 fama
2025 1172 2079 1217 et

489 1244 748 1299 laudibus
798 1246 1080 1302 molestias
1129 1250 1466 1317 tolerantes;
1530 1254 1736 1310 nullius
1795 1256 1939 1311 enim
1997 1257 2076 1313 rei

489 1336 662 1406 gratia
704 1337 810 1393 nisi
854 1341 1240 1398 ostentationis
1287 1353 1341 1398 et
1390 1345 1710 1416 cupiditatis
1743 1348 1929 1418 glorias
1958 1350 2077 1419 ple-

482 1429 645 1499 rique
686 1443 907 1500 operam
968 1432 1171 1487 dabant
1217 1437 1444 1502 miseri;
1479 1442 1783 1495 mercedem
1852 1456 2076 1513 parvam

481 1531 538 1576 et
574 1521 736 1576 vilem
769 1537 866 1592 pro
900 1524 992 1579 tali
1058 1526 1161 1579 sibi
1203 1527 1557 1586 conciliantes
1583 1532 1838 1601 miseria;
1874 1534 2075 1589 etenim

483 1627 717 1684 prorsus
764 1616 1018 1684 siluisse,
1065 1619 1221 1688 juxta
1257 1622 1677 1693 Pythagoricum
1739 1626 2073 1696 institutum,

478 1713 537 1759 et
566 1706 813 1776 gramine
864 1709 1030 1772 vesci,
1092 1711 1324 1766 cilicinis
1385 1714 1693 1785 vilibusque
1749 1725 1804 1771 et
1858 1717 2075 1774 detritis

480 1795 793 1863 panniculis
829 1798 934 1867 tegi
991 1810 1044 1854 rt
1079 1800 1133 1855 in
1209 1802 1359 1858 dolio
1428 1805 1704 1863 inclusum
1771 1809 2071 1877 habitasse,

480 1897 534 1943 et
568 1902 667 1958 pro
701 1888 928 1945 tolerata
962 1892 1067 1945 vita
1096 1892 1302 1949 nullam
1340 1906 1461 1965 post
1493 1909 1722 1955 mortem
1755 1913 2075 1973 exspectare

482 1983 814 2051 mercedem,
863 1992 917 2039 et
959 1985 1067 2040 vita
1127 1988 1230 2043 ista
1266 1987 1495 2047 delinire
1554 1993 1772 2051 virtutis
1827 1998 2073 2067 praemia,

478 2072 623 2127 ultra
659 2088 876 2130 omnem
907 2079 1199 2133 amentiam
1232 2092 1333 2137 est.
1390 2082 1704 2140 Iudaeorum
1738 2098 1921 2144 autem
1950 2092 2076 2161 qui-

479 2180 701 2236 cunque
742 2167 903 2222 istam
955 2171 1188 2241 amplexi
1250 2184 1381 2229 sunt
1428 2178 1618 2243 vitam,
1688 2191 1818 2237 sunt
1852 2184 2070 2251 quidam

476 2257 728 2316 Jonadab
764 2263 1018 2331 posteri;
1076 2279 1374 2338 omnesque
1443 2269 1697 2327 similiter
1761 2274 1944 2331 vivere
1976 2292 2072 2330 vo-

478 2354 651 2409 lentes
678 2355 1003 2425 excipiendo
1035 2357 1100 2412 ad
1148 2374 1310 2413 suum
1370 2363 1666 2421 traducunt
1714 2366 2068 2437 institutum;

476 2446 657 2515 quiin
693 2447 1060 2506 tabernaculis
1136 2464 1354 2523 semper
1407 2454 1678 2523 habitant,
1736 2460 1971 2531 vinoque
2019 2471 2073 2517 et

475 2539 733 2595 omnibus
749 2541 912 2597 rebus
931 2556 1051 2612 quae
1068 2542 1133 2596 ad
1165 2545 1442 2600 mollitiem
1465 2559 1714 2617 spectant
1734 2551 2070 2608 abstinentes

474 2642 531 2686 et
561 2632 740 2689 victus
768 2649 990 2705 parcam
1032 2640 1300 2693 rationem
1360 2640 1619 2698 habentes
1672 2651 1728 2697 et
1760 2643 2070 2701 moderatas

474 2727 722 2797 corporis
795 2731 1195 2801 necessitates;
1255 2742 1311 2789 et
1369 2735 1528 2789 valde
1607 2751 1740 2791 sane
1814 2751 2067 2794 curantes

476 2822 741 2878 moralem
795 2822 1064 2891 habitum,
1116 2828 1170 2883 in
1226 2831 1689 2901 contemplatione
1744 2834 2068 2904 plerumque

472 2927 864 2984 perseverant;
899 2918 1028 2976 hinc
1090 2923 1368 2978 enimvero
1393 2922 1558 2980 Εεεωί
1616 2935 1896 2991 vocantur,
1924 2927 2067 2982 istud

471 3011 796 3069 attendente
835 3015 1055 3070 nomine
1088 3032 1103 3082 ;
1137 3025 1190 3071 et
1231 3032 1454 3086 prorsus
1509 3027 1593 3073 est
1642 3018 1749 3076 illis
1780 3021 2068 3090 undequa-

473 3119 584 3174 que
641 3114 824 3162 rectus
869 3107 1230 3178 philosophias
1290 3110 1438 3175 linis,
1497 3110 1657 3167 factis
1718 3126 2063 3183 nequaquam

2189 610 2442 683 ρολέσχαι
2475 614 2620 677 τινὲς
2649 612 2802 679 ὄντες
2838 614 2933 668 καὶ
2964 613 3072 667 τῶν
3120 610 3531 667 ἀναποδείκτων
3560 609 3767 682 ἐξηγη-

2184 703 2299 769 ταὶ,
2324 705 2556 775 μέγεθος
2588 705 2822 778 ούρανοῦ
2852 706 2948 760 καὶ
2980 705 3134 777 ἡλίου
3180 706 3356 778 μέτρα
3394 704 3492 757 καὶ
3518 702 3771 775 ἀστέρων

2184 797 2470 867 ἐνέργειαν
2525 797 2724 852 εἰδέναι
2771 798 3350 870 κατεπαγγελλόμενοι
3377 838 3392 863 ,
3452 796 3572 851 ἐστι
3600 795 3646 851 δ’
3673 798 3766 850 ὅτι

2182 889 2279 941 καὶ
2308 889 2583 958 θεολογεϊν
2622 891 2723 961 μέν
2764 890 3196 962 ἐπιχειροῦντες,
3242 891 3379 944 ὅπου
3428 890 3526 943 καὶ
3560 892 3594 962 ἡ
3638 890 3772 960 ἀλήο

2183 979 2303 1033 θεια
2339 979 2633 1048 ἀνέφικτος
2664 983 2758 1036 καὶ
2784 985 2811 1036 ό
2841 981 3149 1054 στοχασμὸς
3172 980 3538 1045 ἐπικίνδυνος,
3561 981 3768 1048 ζῶντες

2180 1071 2237 1125 δὲ
2265 1071 2377 1126 τῶν
2416 1075 2475 1126 ἐν
2531 1072 2782 1146 βορϐόρῳ
2839 1074 3275 1145 κυλινδουμένων
3326 1074 3525 1144 χοίρων
3569 1074 3770 1144 ἀτιμό-

2179 1181 2348 1235 τεροι.
2376 1166 2437 1218 Ei
2467 1165 2523 1219 δὲ
2566 1168 2661 1220 καί
2695 1184 2840 1230 τινες
2879 1167 3132 1235 ἐγένοντο
3186 1165 3508 1237 πρακτικοὶ,
3555 1165 3769 1219 τούτων

2182 1258 2434 1326 ἐγένοντο
2457 1259 2697 1329 χείρους,
2729 1258 2913 1324 δόξαις
2943 1276 3004 1312 τε
3056 1260 3151 1313 καὶ
3184 1258 3437 1320 ἐπαίνοις
3462 1260 3589 1321 τοὺς
3618 1255 3767 1327 (68⁸)

2180 1348 2376 1413 πόνους
2423 1352 2811 1422 πεπραχότες’
2841 1352 3056 1413 οὐδενὸς
3114 1352 3225 1421 γὰρ
3280 1350 3469 1418 ἐτέρου
3527 1349 3689 1421 χάριν
3730 1349 3766 1421 ἢ

2180 1440 2497 1505 ἐπιδείξεως
2549 1444 2646 1496 καὶ
2682 1442 2989 1512 φιλοδοξίας
3046 1443 3380 1514 ἐπετήδευον
3441 1444 3491 1495 oi
3539 1441 3767 1496 δείλαιοι

2178 1534 2249 1587 τά
2306 1534 2740 1607 πολλά-μισθὸν
2784 1536 2976 1609 εὐτελῆ
3043 1538 3137 1591 καὶ
3191 1536 3351 1608 255
3401 1535 3608 1590 εὔωνον
3662 1537 3767 1604 τῆς

2176 1622 2436 1691 τοιαύτης
2506 1625 3006 1697 καταλλαττόμενοι
3073 1627 3499 1697 ταλαιπωρίαςο·
3537 1626 3596 1679 τδ
3651 1625 3763 1696 γάρ

2180 1716 2458 1785 σιωπῆσαι
2486 1718 2574 1771 διὰ
2608 1718 2812 1783 παντὸς
2866 1719 3010 1773 κατά
3037 1719 3137 1791 τὴν
3178 1719 3570 1791 Πυθαγορικὴν
3599 1735 3762 1788 νομο-

2178 1808 2368 1862 θεσίαν
2388 1811 2481 1863 καὶ
2511 1811 2692 1882 χόρτῳ
2719 1812 3045 1883 τρέφεσθαι,
3080 1814 3347 1884 τριχίνοις
3386 1813 3596 1886 ῥακίοις
3636 1827 3764 1865 σκε-

2179 1900 2450 1965 πάζεσθαι
2478 1905 2575 1956 καὶ
2604 1903 2662 1956 ἐν
2686 1903 2831 1973 πίθῳ
2863 1904 3325 1959 κατακεκλεῖσθαι
3364 1904 3457 1958 καὶ
3481 1902 3767 1957 διαϐιῶναι

2180 1995 2454 2065 μηδεμίαν
2487 1996 2726 2067 ἀμοιϐὴν
2763 1997 2904 2069 μετά
2953 1997 3187 2051 θάνατον
3216 1996 3543 2068 προσδοκᾷν,
3579 1994 3769 2064 πάσης

2177 2088 2360 2152 ἀνοίας
2390 2090 2538 2142 ἐστὶν
2565 2090 2846 2152 ἐπέκεινα,
2876 2089 2954 2161 τῷ
2982 2090 3084 2161 βίῳ
3107 2089 3283 2160 τούτῳ
3358 2087 3768 2158 συγκαταλύειν

2175 2180 2275 2248 τῆς
2321 2182 2526 2252 ἀρετῆς
2573 2181 2643 2235 τὰ
2702 2181 2933 2236 ἔπαθλα.
2968 2213 3039 2224 --
3070 2182 3181 2251 (10)
3230 2181 3479 2235 Ἰουδαῖοι
3534 2179 3594 2233 δέ
3649 2181 3767 2236 ὅσοι

2174 2276 2364 2327 τοῦτον
2396 2274 2664 2346 ἐτίμησαν
2716 2275 2810 2328 τὸν
2861 2275 2995 2347 βίον,
3043 2275 3157 2329 εἰσὶ
3201 2274 3303 2344 μὲν
3359 2273 3454 2327 τοῦ
3502 2272 3762 2329 Ἰωναδάϐ

2174 2366 2437 2434 ἀπόγονοι
2463 2384 2475 2396 ·
2515 2367 2725 2431 πάντας
2751 2367 2808 2421 δὲ
2836 2370 2964 2432 τοὺς
2997 2367 3262 2431 ὡσαύτως
3299 2366 3449 2436 βιοῦν
3477 2364 3760 2429 ἐθέλοντας

2177 2460 2448 2531 προίεμεν
2502 2462 2585 2524 εἰς
2616 2461 2717 2532 τὴν
2777 2462 2952 2530 αὐτὴν
2991 2461 3296 2530 ἐνάγουσαν
3343 2460 3662 2527 πολιτείαν,
3687 2458 3768 2513 οῐ-

2172 2570 2316 2617 τινες
2349 2555 2407 2605 ἐν
2441 2556 2670 2624 σκηναῖς
2698 2553 3016 2609 κατοικοῦσι
3042 2552 3361 2620 διαπαντὸς,
3389 2552 3536 2608 οίνου
3576 2569 3635 2607 τε
3666 2554 3765 2607 κα)⁸

2170 2644 2280 2699 τῶν
2311 2644 2449 2717 πρὸς
2473 2645 2516 2676 ⁸⁸
2543 2645 2602 2699 τδ
2632 2645 2979 2717 ἁϐροδίαιτον
3027 2647 3249 2701 πάντων
3298 2646 3628 2719 ἀπεχόμενοι
3662 2645 3763 2697 καὶ

2171 2738 2388 2792 δίαιταν
2410 2736 2629 2808 ἔχοντες
2652 2738 2846 2810 εὐτελῆ
2877 2739 2974 2793 καὶ
3004 2737 3104 2811 τὴν
3128 2738 3328 2810 χρείαν
3362 2753 3763 2809 συμμεμετρη-

2174 2831 2343 2904 μένην
2370 2831 2466 2885 τοῦ
2498 2832 2754 2903 σώματος
2774 2846 2789 2863 ⁸
2818 2832 2913 2888 καὶ
2939 2832 3145 2906 σφόδρα
3176 2832 3277 2899 μὲν
3303 2830 3396 2886 οὖν
3431 2828 3764 2902 ἐπιμελοῦν-

2170 2940 2264 2989 τες
2290 2922 2396 2994 τῆς
2425 2921 2624 2994 ἠθικῆς
2656 2921 2846 2990 ἕξεως,
2889 2923 3099 2996 θεωρίᾳ
3123 2922 3182 2977 δέ
3206 2922 3276 2977 τὰ
3299 2920 3472 2976 πολλὰ
3509 2920 3762 2991 προσμέ-

2172 3033 2354 3070 νουσιν
2376 3032 2390 3046 ο
2422 3014 2577 3068 ἔνθεν
2599 3015 2712 3086 γὰρ
2729 3016 2827 3069 καὶ
2849 3013 3092 3068 Ἐσσαῖοι
3123 3012 3442 3077 καλοῦνται,
3469 3011 3631 3065 τοῦτο
3660 3009 3761 3079 δηο

2169 3106 2394 3171 λοῦντος
2424 3105 2521 3160 τοῦ
2542 3107 2831 3177 ὀνόματος,
2858 3106 2955 3160 καὶ
2987 3105 3180 3167 ἁπλῶς
3200 3107 3349 3159 ἐστιν
3387 3104 3576 3168 αὐτοῖς
3615 3100 3760 3157 πάν-

469 3196 805 3266 prol‘essioni
856 3201 1313 3270 repugnantibus.
1374 3202 1444 3255 At
1499 3218 1622 3272 qua:
1669 3203 1756 3260 his
1787 3205 2066 3259 molestia-

2172 3196 2327 3249 τοθεν
2353 3193 2800 3266 κατορθούμενος
2834 3198 2863 3248 ὁ
2884 3194 2987 3265 τῆς
3033 3194 3360 3264 φιλοσοφίας
3410 3192 3635 3259 σκοπὸς,
3666 3190 3760 3244 ού-

472 3304 597 3345 rum
638 3290 848 3347 utilitas
884 3300 939 3347 et
959 3289 1218 3345 laboriosi
1255 3292 1593 3358 certaminis,
1620 3294 1713 3362 qui
1749 3293 2066 3349 certaminis

472 3382 876 3450 designatorem
904 3391 959 3437 et
991 3382 1378 3438 instructorem
1399 3383 1680 3439 Christum
1709 3385 2069 3441 occiderunt?

477 3472 695 3527 Etenim
732 3472 853 3528 istis
890 3471 1148 3527 similiter
1219 3473 1468 3529 laborum
1506 3490 1715 3531 merces
1757 3476 1938 3547 periit,
1970 3477 2064 3548 qui

473 3562 826 3632 praemiorum
881 3563 1198 3620 certaminis
1253 3565 1665 3636 ahuegaverunt
1712 3568 2065 3639 dispensato-

472 3668 591 3708 rem
616 3667 632 3718 ;
661 3657 715 3707 et
734 3668 764 3708 a
782 3668 909 3709 vera
943 3652 1052 3708 vita
1082 3654 1318 3725 ideoque
1345 3671 1375 3710 a
1401 3657 1744 3727 philosophia
1777 3667 2060 3714 exerrant.

470 3744 827 3816 Philosophia
878 3746 1022 3801 enim
1071 3756 1156 3803 est
1207 3763 1421 3803 morum
1487 3749 1756 3806 correctio
1784 3765 1910 3805 cum
1941 3751 2064 3822 opi-

476 3838 640 3894 nione
661 3853 804 3894 verae
829 3839 897 3895 de
927 3839 1018 3895 illo
1043 3839 1136 3911 qui
1202 3851 1287 3897 est
1342 3844 1712 3913 cognitionis;
1774 3844 1877 3900 hac
1932 3858 2065 3900 vero

472 3936 719 3992 destituti
753 3946 882 3993 sunt
907 3936 1070 3993 simul
1110 3947 1162 3992 et
1191 3935 1363 3994 Judaei
1390 3948 1444 3994 et
1481 3937 1676 4005 Graeci,
1727 3941 1819 4012 qui
1845 3941 2067 4013 sapien-

473 4028 605 4083 tiam
633 4043 757 4099 qua:
791 4043 823 4083 ο
844 4028 984 4082 coelo
1011 4028 1370 4085 descenderat
1403 4032 1638 4087 aversati
1672 4042 1819 4098 sunt,
1860 4044 1915 4089 et
1943 4035 2062 4089 sine

474 4123 697 4179 Christo
726 4123 1006 4193 sapientes
1063 4138 1187 4179 esse
1219 4134 1583 4188 tentaveruut,
1604 4127 1693 4197 qni
1725 4128 1877 4182 solus
1898 4142 2064 4199 opere

471 4227 528 4276 et
560 4217 726 4272 verbo
782 4218 1172 4272 demonstravit
1246 4219 1670 4289 philosophiam.
1741 4219 1840 4274 llic
1913 4220 2061 4275 enim

470 4328 507 4384 p
541 4311 688 4366 imus
717 4319 769 4363 et
794 4310 946 4365 solus
984 4312 1105 4365 vita:
1135 4311 1274 4367 viam
1333 4313 1546 4383 aperuit
1581 4330 1596 4378 ;
1632 4312 1796 4382 hujus
1817 4311 2058 4383 regimen

470 4407 860 4462 demonstrans
892 4419 1115 4477 purum,
1166 4412 1222 4459 et
1273 4405 1646 4463 Sublimiorem
1700 4419 1915 4474 semper
1944 4420 2064 4459 cor-

470 4497 622 4575 poris
702 4496 1093 4567 cupiditatibus
1180 4498 1431 4551 attollens
1514 4498 1776 4561 animam,
1868 4497 2060 4552 ultimo

2171 3286 2348 3356 δαμοῦ
2372 3287 2482 3339 τῶν
2511 3287 2859 3357 πραγμάτων
2906 3286 3329 3357 διαμαχομένων
3370 3284 3449 3355 τῷ
3492 3284 3762 3355 ἐπαγγέλ-

2175 3396 2326 3450 ματι.
2376 3378 2538 3431 ’Δλλὰ
2565 3378 2619 3430 τί
2645 3377 2754 3431 τῶν
2783 3377 3012 3446 ἀγώνων
3046 3376 3241 3448 ὄφελος
3279 3378 3464 3442 αὐτοῖς
3508 3380 3604 3432 καὶ
3656 3379 3760 3450 τῆς

2171 3469 2435 3524 ἐπιπόνου
2468 3468 2754 3540 ἀθλήσεως
2777 3469 2870 3522 τὸν
2899 3468 3246 3541 ἀγωνοθέτην
3277 3470 3516 3540 Χριστὸν
3543 3471 3758 3543 ἀνῃρη-

2171 3563 2292 3618 κόσι
2317 3565 2362 3597 ⁸³
2391 3581 2404 3631 ;
2433 3563 2528 3617 καὶ
2560 3562 2769 3636 τούτων
2801 3563 2909 3636 γὰρ
2933 3562 3136 3633 ὁμοίως
3185 3563 3213 3615 ὁ
3238 3561 3349 3615 τῶν
3383 3561 3566 3614 πόνων
3608 3563 3757 3630 οἴχε-

2167 3675 2256 3711 ται
2307 3655 2522 3728 μισθὸς,
2555 3635 2955 3724 ἀρνησαμένων
3006 3653 3101 3708 τδν
3133 3652 3245 3706 τῶν
3293 3649 3546 3706 ἐπάθλων
3576 3651 3755 3705 διανο-

2174 3752 2280 3823 μέα
2301 3767 2316 3783 ο
2343 3750 2438 3802 καὶ
2461 3749 2560 3819 τῆς
2589 3746 2827 3818 ἀληθοῦς
2850 3747 2998 3816 ζωῆς·
3029 3746 3126 3800 καὶ
3152 3745 3473 3816 φιλοσοφίας
3500 3743 3757 3814 ἀπεσφά-

2169 3845 2343 3916 λησαν
2362 3843 2430 3896 ⁸³.
2457 3840 2506 3913 (1
2525 3846 2569 3910 l)
2594 3839 2890 3909 Φιλοσοφία
2910 3839 3019 3910 γάρ
3068 3839 3217 3893 ἐστιν
3237 3837 3385 3909 ἠθῶν
3413 3834 3757 3907 κατόρθωσις

2172 3938 2312 4009 μετὰ
2343 3937 2503 4008 δόξης
2536 3934 2637 4004 τῆς
2671 3933 2804 4004 περὶ
2846 3932 2939 3987 τοῦ
2965 3932 3116 3997 ὄντος
3161 3932 3420 4002 γνώσεως
3476 3929 3712 4001 ἀληθοῦς
3738 3944 3754 3961 .

2168 4029 2371 4100 ταύτης
2431 4029 2489 4082 δὲ
2555 4026 2951 4097 ἀπεσφάλησαν
2994 4025 3165 4096 ἄμφω
3220 4025 3315 4079 καὶ
3369 4023 3633 4078 Ἰουδαῖοι
3664 4021 3760 4077 καὶ

2168 4124 2450 4195 Ἕλληνες,
2484 4122 2584 4194 τὴν
2628 4121 2727 4176 ἀπ’
2761 4120 2997 4191 ούρανοῦ
3040 4119 3504 4192 παραγενομένην
3556 4117 3755 4187 σοφίαν

2165 4214 2644 4288 παραιτησάμενοι
2676 4214 2767 4268 καὶ
2779 4212 3191 4285 χωρὶςΧριστοῦ
3212 4212 3526 4283 φιλοσοφεῖν
3546 4215 3761 4283 ἐπιχει-

2169 4315 2454 4385 ρήσαντες,
2502 4310 2596 4364 τοῦ
2630 4310 2793 4382 μόνου
2847 4309 3277 4380 παραδείξαντος
3301 4309 3451 4381 ἔργῳ
3471 4311 3569 4364 καὶ
3610 4309 3763 4381 λόγῳ

2165 4407 2264 4478 τὴν
2299 4403 2477 4477 ἁληθῆ
2533 4402 2874 4475 φιλοσοφίαν.
2901 4396 3071 4466 Οὗτος
3121 4401 3232 4474 γὰρ
3274 4402 3490 4474 πρῶτος
3524 4403 3619 4456 καὶ
3653 4401 3761 4472 μό-

2165 4515 2255 4562 νος
2284 4496 2331 4530 ⁶⁸
2360 4495 2524 4565 ἔτεμε
2568 4494 2646 4565 τῷ
2679 4495 2803 4566 βίῳ,
2840 4493 2941 4565 τὴν
2965 4493 3173 4565 ταύτης
3218 4494 3502 4547 πολιτείαν
3558 4492 3761 4547 ἐπιδει-

469 4557 651 4647 autem
679 4599 734 4645 et
754 4591 930 4663 ipsam
947 4590 1274 4663 despiciens,
1306 4592 1525 4660 quando
1549 4606 1578 4644 a
1611 4606 1669 4645 se
1697 4591 2060 4659 dispensanda

2172 4557 2403 4658 ξάμενος
2430 4557 2703 4657 καθαράν,
2730 4557 3015 4657 ἀνωτέραν
3061 4557 3149 4638 ἀεί
3184 4585 3367 4656 φέρων
3424 4586 3524 4655 τὴν
3574 4584 3761 4657 ψυχὴν

469 4683 622 4740 salus
681 4682 968 4738 hominum
1024 4689 1255 4737 mortem
1314 4681 1648 4753 postulabat,
1700 4682 1830 4736 hinc
1859 4680 2060 4739 docens

468 4785 725 4846 oportere
771 4773 1155 4845 philosophum
1226 4781 1371 4825 recte
1429 4773 1717 4841 eligentem
1773 4774 2062 4843 repudiare

468 4868 692 4945 quidem
733 4882 1074 4939 qumcunqne
1105 4865 1158 4923 in
1207 4866 1313 4921 vita
1340 4865 1582 4936 jucunda
1608 4876 1758 4935 sunt,
1787 4868 2065 4925 laboribus

403 4953 412 4968 ’
468 4973 651 5020 autem
680 4970 734 5019 et
751 4962 1039 5021 aﬂectibus
1061 4960 1356 5034 prazvalere
1388 4959 1621 5026 fortiter,
1642 4977 1841 5032 corpus
1876 4960 2061 5032 despi-

468 5057 729 5119 cientem,
788 5062 844 5111 ct
874 5069 942 5109 ne
984 5055 1223 5109 animam
1262 5053 1483 5124 quidem
1534 5052 1738 5108 habere
1777 5053 1829 5107 in
1862 5055 2059 5123 pretio,

470 5147 566 5202 sed
597 5146 856 5215 etipsam
917 5145 1085 5200 alacri
1150 5144 1335 5199 animo
1396 5145 1747 5214 profundere,
1814 5161 1940 5199 cum
1993 5145 2059 5199 ad

464 5235 860 5293 ostendendam
888 5237 1142 5292 virtutem
1190 5238 1336 5290 illam
1367 5238 1638 5307 deponere
1696 5241 1930 5306 Oportet.
1997 5235 2064 5292 Et

464 5331 610 5384 hanc
638 5333 914 5397 acceptam
948 5328 1176 5398 apostoli
1232 5327 1353 5397 ejus
1403 5335 1451 5381 et
1487 5327 1738 5399 discipuli
1789 5343 1913 5383 vere
1937 5328 2058 5383 vitae

466 5436 720 5478 normam
754 5420 951 5475 imitati
986 5429 1130 5475 sunt.
1169 5419 1346 5475 Simul
1387 5436 1452 5474 ac
1479 5421 1623 5474 enim
1666 5421 1843 5476 vocati
1901 5430 2052 5489 sunt,

468 5515 846 5571 renuntiantes
901 5514 1119 5583 quidem
1153 5513 1296 5581 vitae,
1334 5522 1388 5568 et
1424 5514 1758 5585 negligentes
1795 5517 2054 5585 patriam,

467 5618 523 5661 ct
574 5624 772 5680 genus,
825 5618 879 5663 et
923 5606 1231 5667 facultates,
1292 5608 1359 5660 ad
1391 5607 1585 5662 duram
1638 5618 1693 5664 et
1723 5608 2051 5665 laboriosam

469 5702 633 5754 vitam
665 5701 1024 5766 transierunt,
1079 5713 1175 5768 per
1209 5713 1400 5754 omnes
1428 5699 1745 5757 incedentes
1772 5703 2051 5759 molestias

2164 4684 2274 4738 τῶν
2309 4679 2500 4736 παθῶν
2522 4679 2616 4734 τοῦ
2655 4678 2908 4750 σώματος
2934 4697 2948 4710 ο
2980 4678 3212 4749 ἔσχατον
3234 4679 3291 4732 δέ
3321 4679 3417 4732 καὶ
3452 4679 3623 4751 αὐτῆς
3654 4696 3758 4734 κα-

2167 4776 2521 4848 ταφρονήσας
2553 4772 2620 4841 ⁸⁵,
2647 4773 2737 4827 ὅτε
2757 4774 2791 4844 ή
2821 4772 2955 4843 παρ’
2986 4771 3152 4825 αὐτοῦ
3176 4772 3610 4843 οίκονομουμένη
3647 4789 3759 4826 σω·

2167 4868 2337 4939 τηρία
2365 4867 2476 4920 τῶν
2502 4865 2809 4938 ἀνθρώπων
2830 4865 3028 4937 ἀπῄτει
3057 4865 3312 4929 θάνατον,
3366 4865 3636 4920 διδάσκων
3664 4864 3758 4920 διὰ

2164 4960 2382 5026 τούτου,
2414 4960 2496 5013 ὅτι
2528 4958 2611 5012 δεῖ
2631 4959 2723 5011 τδν
2756 4957 3049 5029 φιλόσοφον
3088 4957 3264 5028 ὀρθῶς
3312 4956 3758 5029 προαιρούμενον

2164 5051 2515 5127 ἀρνήσασθαι
2567 5051 2670 5121 μὲν
2697 5051 2766 5105 τά
2796 5051 2932 5121 ἡδέα
2957 5051 3141 5105 πάντα
3190 5049 3284 5103 τοῦ
3317 5050 3458 5120 βίου,
3490 5050 3670 5103 πόνων
3696 5049 3756 5104 δὲ

2165 5146 2259 5201 καὶ
2289 5145 2481 5201 παθῶν
2508 5143 2569 5198 εὖ
2610 5145 2757 5218 μάλα
2785 5147 3127 5217 ἐπικρατεῖν,
3170 5146 3627 5216 καταφρονοῦντα
3657 5144 3756 5198 τοῦ

2165 5241 2439 5313 σώματος,
2499 5240 2649 5312 ἔχειν
2679 5239 2737 5294 δὲ
2798 5240 2943 5311 μηδὲ
2999 5240 3101 5310 τὴν
3146 5239 3326 5311 ψυχὴν
3376 5231 3755 5309 τιμίαν,’ἀλλά

2164 5334 2260 5388 καὶ
2284 5333 2491 5404 ταύτην
2515 5333 2813 5403 προθύμως
2835 5333 3126 5400 προέσθαι,
3152 5331 3280 5386 ὅταν
3304 5331 3370 5385 δι’
3391 5333 3591 5403 ἀρετῆς
3617 5332 3753 5386 ἀπό-

2162 5425 2331 5491 δειξιν
2362 5425 2667 5479 ἀποθέσθαι
2695 5423 2861 5496 256
2885 5424 3017 5481 δέοι.
3070 5424 3181 5479 Καὶ
3231 5423 3440 5493 ταύτην
3500 5425 3751 5496 παραλα-

2165 5520 2353 5584 ϐόντες
2380 5522 2430 5573 οί
2453 5518 2743 5574 ἀπόστολοι
2770 5518 2938 5573 αὐτοῦ
2966 5521 3060 5573 καὶ
3097 5520 3338 5590 μαθηταὶ
3365 5517 3605 5589 γνησίως
3652 5518 3752 5590 τὴν

2160 5613 2440 5684 διαγωγὴν
2480 5614 2826 5684 ἐμιμήσαντο
2851 5630 2865 5643 ·
2910 5614 3026 5684 ἃμα
3061 5612 3170 5683 γὰρ
3208 5613 3288 5683 τῷ
3315 5611 3583 5682 κληθῆναι
3613 5611 3749 5663 ἀποο

2160 5708 2459 5780 ταξάμενοι
2496 5709 2597 5779 μὲν
2626 5708 2705 5780 τῷ
2738 5708 2839 5780 βίῳ
2892 5710 2986 5763 καὶ
3033 5709 3384 5781 ὑπεριδόντες
3419 5709 3680 5781 πατρίδος
3706 5708 3747 5739 (⁸

1654 5797 1852 5858 Varite
1876 5798 2183 5866 lectiones
2219 5813 2279 5868 et
2312 5813 2481 5869 nota)

539 5890 580 5919 “
610 5892 697 5963 τὴν
720 5896 852 5964 πρός
876 5895 997 5951 cod.
1069 5897 1581 5967 θ’ἀπηρνηςιένοιςῗ
1640 5900 2065 5968 "immanes:

2172 5907 2239 5960 nl.
2306 5908 2519 5963 θ’ὀδὸνῗ
2575 5909 2617 5942 ⁸⁵
2638 5909 2734 5980 τῆς
2758 5908 2900 5980 ζωῆς
2923 5907 3238 5979 τιδι’ζινχῆςί
3294 5908 3591 5981 ⁸’ἶπατρίδα
3623 5907 3747 5967 cod.
