4088 6474
445 391 546 458 ill

1631 395 1983 456 GEORGII
2025 395 2482 456 llAMARTOLI

3636 388 3745 452 M2

448 508 500 560 in
567 502 920 574 gutturibus;
980 509 1034 556 ct
1107 501 1221 558 lucc
1293 501 1540 573 profecto
1615 501 1846 570 pulchra
1913 502 2040 556 vita:

2160 501 2286 556 Θεοῦ
2339 506 2398 558 ἐν
2429 505 2547 567 ταῖς
2588 504 2818 574 λάρυγξι
2851 504 3113 577 φέροντες
3143 519 3157 536 ο
3190 501 3287 555 καὶ
3334 500 3506 556 ταῦτα
3549 502 3614 572 δὴ
3671 504 3744 556 τὰ

449 597 750 653 secundum
793 596 961 650 Deum
1000 594 1154 666 signa
1212 602 1266 650 et
1294 595 1518 659 indicia,
1555 594 1778 650 silentes
1834 609 2042 663 prmco-

452 703 570 754 nes,
605 685 878 757 incompta
933 694 987 740 et
1039 685 1286 756 squalida
1371 701 1546 752 coma,
1607 687 1768 755 pedes
1826 686 1958 740 nudi
1988 693 2041 740 et

445 775 774 847 apostolicas
804 777 920 830 vias
975 786 1286 846 sequentes,
1311 776 1447 829 nihil
1478 786 1750 830 mortuum
1785 775 2043 840 ferentrs,

445 880 672 924 tonsura
697 882 1026 937 congruens.
1063 869 1298 924 amictus
1330 867 1528 922 fastum
1551 868 1876 937 reprimens,
1907 883 2043 930 zona

443 960 702 1015 inornato
727 961 948 1026 decens,
972 959 1256 1031 paululum
1293 969 1348 1016 et
1372 961 1461 1016 vix
1483 962 1722 1018 tunicam
1756 951 2035 1029 inhibens,

443 1055 692 1107 incessus
720 1052 924 1122 gravis.
957 1052 1151 1108 oculus
1186 1067 1296 1108 non
1354 1069 1547 1123 vagus,
1574 1054 1720 1110 risus
1743 1054 2036 1123 benignus,

445 1151 543 1198 aut
609 1143 794 1214 potius
854 1142 1189 1201 subrisionis
1247 1157 1430 1202 motus
1497 1147 1719 1217 quidam
1792 1146 2044 1202 cachinni

439 1234 704 1290 cohibens
761 1235 1284 1304 intemperantiam,
1318 1253 1499 1294 sermo
1551 1254 1580 1292 a
1643 1238 1855 1294 ratione
1907 1255 2036 1309 pro-

441 1329 651 1394 fectus,
689 1328 1086 1398 praestantioris
1165 1330 1458 1395 deductio,
1504 1331 1803 1402 increpatio
1867 1331 2044 1401 magis

444 1436 611 1492 quam
643 1421 765 1476 laus
804 1430 1013 1490 optata,
1049 1421 1190 1477 inter
1213 1423 1532 1479 maestitiam
1563 1433 1614 1479 et
1647 1425 2040 1480 relaxationem

445 1513 688 1568 medium
719 1521 773 1567 et
800 1512 1013 1583 justum
1035 1523 1548 1584 temperamentum.
1578 1535 1700 1569 i—t
1730 1516 1797 1571 Et
1823 1516 2034 1586 majora

444 1606 530 1660 his
569 1614 626 1661 et
654 1606 997 1671 sublimiora,
1057 1605 1109 1661 in
1157 1618 1473 1677 paupertate
1515 1609 1737 1670 divitias.
1783 1608 1836 1662 in
1866 1619 2049 1665 trans-

452 1698 617 1753 itoria
694 1701 1131 1754 commoratione
1207 1701 1483 1769 possessio
1517 1739 1533 1765 ,
1591 1703 1644 1754 in
1713 1701 2052 1770 ignobilitate

447 1787 640 1859 gloria,
683 1787 740 1842 in
775 1787 1095 1865 inﬁrmitate
1151 1789 1349 1854 virtus,
1412 1792 1464 1844 in
1521 1790 1777 1845 ccelibatu
1810 1791 2052 1863 pulchra:

445 1883 616 1952 prolis
647 1883 917 1947 educatio,
945 1883 990 1938 si
1023 1893 1203 1938 tamen
1245 1884 1592 1954 praestantior
1629 1885 1700 1939 sit
1725 1901 1788 1940 ea
1811 1901 1934 1956 qua:
1965 1900 2054 1940 se-

2157 597 2302 651 καλά
2327 598 2423 650 τοῦ
2464 597 2612 651 κατὰ
2635 597 2768 651 Θεὸν
2803 597 2922 666 βίου
2965 595 3388 667 προγράμματα
3419 597 3516 647 καὶ
3562 596 3745 664 μηνύ-

2151 706 2321 760 ματα,
2356 691 2406 742 οί
2437 689 2753 752 σιωπῶντες
2783 692 3051 760 κήρυκες,
3095 686 3370 758 αὐχμῶσα
3402 689 3500 741 καὶ
3531 690 3748 760 πιναρά

2147 782 2318 851 κόμη,
2358 782 2518 845 πόδες
2544 782 2743 851 γυμνοὶ
2773 781 3008 844 καὶτοῖς
3042 780 3431 842 ἀποστολικοῑς
3461 779 3747 848 ἑπόμενοι,

2149 872 2320 942 μηδὲν
2352 875 2546 945 νεκρὸν
2579 873 2864 942 φέροντες,
2897 873 3074 944 κουρά
3104 871 3444 943 σύμμετρος,
3476 873 3749 944 περιϐολὴ

2147 959 2316 1026 τῦφον
2347 958 2680 1034 κολάζουσα,
2714 959 2861 1029 ζώνη
2897 959 2979 1030 τῷ
3023 959 3255 1031 ἀκόσμῳ
3285 960 3513 1030 κοσμία,
3549 963 3754 1032 μικρόν

2147 1047 2319 1104 τιτοῦ
2353 1050 2582 1119 χιτῶνος
2621 1050 3030 1104 ἀναστέλλουσα
3067 1050 3164 1106 καὶ
3204 1051 3334 1104 ὅσον
3371 1050 3448 1122 μὴ
3478 1053 3755 1108 ἀναστέλ-

2149 1143 2266 1196 λειν
2287 1144 2356 1208 ",
2380 1144 2620 1214 βάδισμα
2649 1144 2937 1210 εὐσταθὲς,
2962 1144 3245 1215 ὀφθαλμὸς
3272 1147 3334 1198 οὐ
3367 1145 3752 1216 πλανώμενος,

2156 1237 2422 1307 μειδίαμα
2493 1237 2790 1309 προσηνὲς.
2847 1238 3132 1308 μᾶλλονδὲ
3185 1237 3334 1309 ὁρμιὴ
3368 1239 3756 1311 μειδιάματος»

2153 1327 2429 1398 ἀκρασίαν
2495 1329 2736 1396 γέλωτος
2790 1329 3225 1400 σωφρονίζουσα,
3264 1329 3428 1398 λόγος
3471 1332 3551 1401 τῷ
3607 1333 3759 1403 λόγῳ

2153 1422 2476 1493 κινούμενος
2500 1424 2569 1486 ⁷⁸,
2597 1424 2824 1494 ὁδηγίαν
2853 1425 2898 1458 ⁷³
2938 1425 3035 1478 τοῦ
3089 1425 3421 1496 κρείττονος,
3457 1427 3758 1494 ἐπίπληξις

2152 1511 2430 1581 εὐφημίας
2466 1511 2845 1582 ποθεινοτέρα,
2911 1513 3088 1584 μέτρα
3132 1514 3439 1583 κατηφείας
3477 1511 3622 1583 (69⁸)
3657 1515 3758 1566 καὶ

2153 1605 2390 1667 ἀνέσεως
2423 1602 2517 1657 καὶ
2549 1607 2582 1674 ή
2604 1605 2672 1660 δι’
2699 1606 3025 1678 ἀμφοτέρων
3055 1606 3201 1676 μίξις
3237 1605 3331 1660 καὶ
3359 1605 3575 1675 κράσις.
3621 1625 3640 1660 ι
3667 1635 3741 1647 --

2161 1713 2180 1747 ι
2228 1696 2337 1748 Καὶ
2364 1694 2399 1748 ἃ
2431 1697 2606 1764 μείζω
2664 1696 2873 1751 τούτων
2903 1697 2985 1751 ἔτι
3040 1699 3136 1753 καὶ
3190 1696 3503 1768 ὑψηλότερα
3531 1699 3600 1761 ⁸ο,
3631 1698 3660 1750 ὁ
3693 1699 3758 1752 ἐν

2160 1786 2325 1858 πενίᾳ
2359 1787 2615 1854 πλοῦτος,
2651 1790 2685 1860 ἡ
2717 1791 2774 1844 ἐν
2806 1791 3075 1863 παροικίᾳ
3095 1793 3450 1861 κατάσχεσις,
3483 1793 3516 1862 ἡ
3549 1795 3605 1846 ἐν
3632 1793 3757 1848 ἀτι-

2162 1879 2263 1950 μίᾳ
2289 1879 2440 1944 δόξα,
2483 1882 2516 1949 ἡ
2554 1883 2612 1934 ἐν
2638 1881 2896 1953 ἀσθενείᾳ
2927 1883 3182 1955 δύναμις,
3217 1886 3250 1956 ἠ
3281 1885 3340 1937 ἐν
3379 1883 3597 1954 ἀγαμίᾳ
3622 1887 3763 1938 καλ·

445 1975 687 2031 cundum
722 1973 894 2030 Deum
934 1973 994 2030 ﬁt
1044 1976 1332 2046 progenies
1385 1975 1477 2030 illa
1511 1992 1634 2046 quas
1666 1993 1696 2032 a
1731 1992 1897 2033 carne
1927 1976 2041 2031 ori-

2160 1972 2408 2039 ιιτεκνία,
2451 1975 2610 2044 εἴπερ
2654 1975 2945 2046 κρείττονα
2977 1976 3090 2029 τῶν
3141 1975 3250 2030 ἀπὸ
3283 1975 3488 2048 σαρκὸς
3530 1978 3767 2047 ἐρχομέ-

446 2078 539 2124 ιυι·
570 2085 588 2136 ;
623 2067 679 2122 in
734 2067 944 2124 deliciis
996 2068 1240 2124 viventes
1275 2079 1328 2124 et
1352 2069 1577 2124 delicias
1605 2078 2046 2137 contemnentes,

444 2158 707 2224 humiles,
751 2158 958 2213 mundo
1026 2159 1402 2222 sublimior-es,
1440 2169 1596 2214 extra
1655 2175 1876 2216 carnem
1911 2160 2047 2216 etin

448 2266 616 2306 carne
644 2250 912 2319 viventes,
965 2266 1199 2321 quorum
1247 2267 1373 2322 pars
1427 2251 1718 2318 Dominus,
1779 2268 2048 2324 pauperes

447 2358 548 2414 per
591 2357 815 2415 regnum
854 2351 909 2398 et
979 2358 1072 2412 per
1140 2352 1514 2415 paupertatem
1585 2353 1874 2417 regnantes
1911 2362 1925 2400 :
1967 2345 2046 2412 hi,

449 2433 654 2490 divitiae
709 2449 845 2490 mea:
879 2443 933 2490 et
967 2433 1178 2490 deliciae
1219 2451 1376 2500 mea),
1426 2446 1725 2508 praesentes
1754 2452 1840 2492 me
1867 2436 2048 2492 laetum

447 2525 677 2594 faciunt,
717 2526 971 2583 absentes
1011 2525 1277 2598 amigunt.
1332 2547 1351 2580 ι
1381 2527 1616 2595 Quinam
1679 2536 1858 2584 autem
1921 2537 2052 2584 sunt

453 2614 596 2671 isti?
653 2634 672 2667 ι
707 2612 812 2682 Qui
880 2616 1147 2670 mundum
1210 2617 1644 2688 dereliquerunt,
1698 2631 1751 2673 et
1825 2617 1933 2672 Deo
1991 2633 2050 2673 se

453 2715 942 2774 consecraverunt,
1012 2718 1178 2778 atque
1267 2707 1570 2763 solitariam
1651 2709 2052 2779 aliiplectentes

456 2797 628 2852 vitam
686 2797 798 2852 Deo
831 2799 1020 2853 vivunt
1054 2801 1228 2870 magis
1259 2816 1424 2870 quam
1471 2789 1661 2856 Omnes
1695 2802 1787 2872 qui
1825 2817 2052 2856 versan-

451 2895 544 2942 tur
574 2887 629 2942 in
665 2902 891 2960 corpore
924 2907 939 2957 ;
978 2909 997 2944 ι
1061 2891 1183 2947 dico
1259 2907 1392 2948 sane
1454 2893 1546 2964 qui
1589 2893 1732 2948 inter
1771 2908 1871 2948 nos
1927 2904 2058 2949 sunt

448 2977 764 3045 Nazaratos,
804 3000 821 3032 ι
861 2997 1093 3053 quorum
1120 2982 1342 3052 quidem
1380 2983 1469 3038 alii
1497 2982 1723 3038 omnino
1753 2983 2054 3038 solitariam

451 3081 508 3129 et
563 3081 829 3128 secretam
890 3073 1056 3128 vitam
1109 3075 1496 3146 transigentes,
1556 3091 1680 3129 cum
1749 3074 2059 3145 semetipsis

453 3164 587 3221 solis
643 3175 698 3221 et
730 3162 841 3221 Deo
892 3175 1311 3232 conversantur,
1361 3167 1454 3221 alii
1487 3180 1618 3221 vero
1661 3166 1715 3221 in
1749 3165 1938 3237 agapis
1963 3181 2058 3220 so-

459 3255 743 3310 lummodo
775 3255 1164 3310 communione
1225 3255 1545 3325 gaudentes.
1625 3257 1860 3312 solitarii
1889 3255 2055 3312 simul

2154 2081 2262 2118 νων
2292 2065 2336 2096 ⁸⁸
2386 2065 2455 2118 τὰ
2511 2066 2655 2119 κατά
2708 2065 2842 2120 Θεὸν
2884 2067 3206 2138 γεννήματα
3247 2067 3314 2133 ⁸⁸,
3354 2067 3405 2120 οἱ
3443 2066 3765 2137 τρυφῶντες

2151 2156 2214 2210 τὸ
2241 2157 2287 2189 ⁸³
2332 2158 2407 2229 μὴ
2437 2159 2672 2230 τρυφᾷν,
2695 2159 2746 2212 oi
2791 2160 3041 2213 ταπεινοὶ
3081 2160 3226 2229 ὑπὲρ
3247 2159 3340 2212 τὸν
3368 2159 3575 2228 κόσμον
3601 2159 3669 2221 ⁸⁵,
3709 2160 3761 2212 ot

2155 2252 2358 2320 σαρκὸς
2413 2250 2520 2318 ἔξω
2577 2254 2672 2306 καὶ
2706 2252 2763 2306 ὲν
2818 2252 3008 2323 σαρκὶ,
3032 2251 3202 2322 258
3228 2245 3307 2305 ὧν
3333 2251 3495 2322 μερὶς
3524 2251 3752 2320 Κύριος,

2153 2344 2202 2396 oi
2239 2345 2447 2415 πτωχοὶ
2475 2344 2520 2377 ⁸⁵
2557 2343 2646 2398 διὰ
2699 2343 2982 2415 βασιλείαν
3031 2344 3126 2398 καὶ
3165 2344 3255 2398 διὰ
3291 2344 3566 2413 πτωχείαν
3597 2344 3750 2414 βασι-

2152 2435 2434 2501 λεύοντες·
2471 2430 2621 2492 οὗτοί
2646 2454 2714 2507 με
2755 2439 2850 2492 καὶ
2901 2437 3175 2510 παρόντες
3202 2439 3250 2472 ⁸⁸
3284 2437 3544 2508 λαμπρὸν
3573 2437 3761 2490 ποιοῦ-

2155 2543 2262 2588 σιν,
2294 2525 2326 2594 ἡ
2364 2523 2472 2595 ἐμὴ
2532 2523 2851 2595 περιουσία,
2913 2524 2974 2578 τὺ
3017 2524 3151 2596 ἐμὸν
3181 2525 3227 2557 ⁸⁷
3261 2524 3612 2596 ἐντρύφημα,
3663 2525 3764 2578 καὶ

2153 2615 2387 2678 ἀπόντες
2446 2614 2799 2668 συστέλλουσι
2829 2615 2895 2669 ⁸⁸.
2929 2635 2948 2668 ι
3004 2616 3164 2681 Τίνες
3203 2615 3258 2670 δέ
3311 2617 3448 2671 εἰσιν
3481 2607 3626 2669 οὗτοι
3655 2615 3703 2648 ⁸⁹
3734 2632 3750 2681 ;

2162 2727 2180 2759 ι
2220 2708 2282 2761 Ol
2336 2707 2526 2778 κόσμῳ
2563 2707 2912 2779 χωρήσαντες
2953 2708 3184 2773 ἑαυτοὺς
3232 2710 3329 2763 καὶ
3379 2709 3458 2780 τῷ
3499 2706 3620 2780 Θεῷ
3663 2708 3762 2763 τὸν

2159 2800 2274 2872 βίον
2304 2797 2778 2871 καθιερώσαντες·
2812 2802 2906 2854 καὶ
2933 2801 3034 2873 τὴν
3063 2800 3107 2834 ⁹⁰
3135 2801 3348 2874 ἔρημον
3384 2802 3760 2872 ἀσπαζόμενοι

2160 2893 2298 2960 ζῶσι
2333 2891 2452 2964 Θεῷ
2478 2893 2699 2948 πάντων
2739 2893 2943 2965 μᾶλλον
2963 2893 3075 2948 τῶν
3111 2895 3502 2967 στρεφομένων
3552 2897 3610 2951 ἐν
3656 2894 3763 2948 σώ-

2163 3000 2329 3056 ματι*
2375 3002 2394 3036 ι
2444 2983 2588 3054 λέγω
2618 2984 2682 3056 δὴ
2723 2984 2853 3049 τοὺς
2905 2984 3030 3040 καθ’
3064 2988 3213 3058 ἡμᾶς
3265 2987 3618 3058 Ναζηραίους
3651 3004 3669 3038 ι
3711 2987 3763 3039 οἱ

2167 3074 2268 3145 μὲν
2305 3075 2398 3129 τὸν
2433 3076 2611 3146 πάντη
2649 3075 2943 3145 μοναδικδν
2978 3078 3022 3110 ⁹¹
3056 3077 3152 3132 καὶ
3197 3077 3436 3147 ἄμικτον
3481 3076 3766 3131 διαθλοῦν-

2163 3184 2254 3232 τες
2284 3167 2421 3239 βίον.
2452 3169 2670 3230 ἑαυτοῖς
2707 3167 2896 3237 μόνοις
2949 3168 3384 3240 προσλαλοῦντες
3415 3169 3510 3223 καὶ
3535 3167 3612 3239 τῷ
3643 3166 3768 3238 Θεῷ
3847 3223 3852 3228 ,

2163 3259 2315 3312 -οί
2368 3258 2424 3311 δὲ
2483 3256 2728 3326 ἀγάπαις
2785 3257 2948 3327 μόνον
2994 3260 3063 3330 τῇ
3113 3257 3370 3329 κοινωνίᾳ
3416 3258 3767 3330 στέργοντες.

453 3355 510 3401 ct
544 3346 694 3401 misti
758 3355 940 3411 sunt;
989 3358 1044 3402 et
1103 3349 1369 3403 mundum
1440 3348 1604 3404 istum
1662 3359 1928 3420 quantum
1983 3364 2049 3405 ex

2164 3346 2424 3418 ἐρημικοί
2473 3324 2616 3396 θ’γτε
2659 3324 2796 3414 ὁμοῦ
2839 3347 2933 3399 καὶ
2976 3324 3242 3417 μιγάδες·
3288 3324 3385 3401 καὶ
3439 3324 3629 3400 τοῦτον
3669 3324 3772 3418 pri-

458 3451 648 3493 eremo
715 3439 967 3493 noscitur
1043 3439 1389 3496 solummodo
1447 3451 1805 3512 cognoscunt.
1870 3440 2064 3496 Caeteri

457 3538 643 3584 autem
697 3539 753 3586 et
837 3528 1158 3587 hominibus
1241 3542 1296 3587 et
1357 3533 1590 3606 negotiis
1651 3536 1877 3602 mortui,
1939 3549 2063 3606 qua:

459 3619 622 3690 quasi
651 3619 704 3673 in
761 3619 983 3676 turbine
1015 3621 1178 3678 simul
1215 3636 1450 3691 versata,
1486 3625 1538 3679 in
1585 3625 1764 3681 medio
1807 3635 2061 3697 pereunt,

458 3711 622 3768 nobis
641 3711 830 3768 ludum
854 3714 1189 3771 volubilibus
1215 3716 1687 3774 vicissitudinibus
1719 3719 2062 3789 praebentes:

461 3805 568 3876 ipsi
624 3813 807 3862 autem
859 3806 963 3862 sibi
1011 3806 1246 3862 invicem
1303 3809 1547 3864 mundus
1609 3823 1738 3866 sunt
1791 3821 1846 3866 et
1892 3826 2063 3866 aemu-

457 3899 666 3954 latione
697 3898 959 3954 virtutem
1017 3907 1243 3954 acuunt.
1285 3918 1303 3950 ›
1368 3900 1431 3954 Et
1486 3902 1599 3954 haec
1635 3901 1852 3970 quidem
1925 3899 2063 3954 Grc-

457 3990 667 4062 gorins.
763 3990 953 4044 Divina
1039 3998 1219 4045 autem
1296 3991 1529 4063 loquens
1630 3993 2062 4063 Chrysostomus

459 4085 517 4138 in
597 4083 1047 4156 interpretatione
1124 4083 1364 4140 Matthaei
1453 4086 1533 4141 sic
1609 4086 1678 4142 de
1777 4085 2063 4140 monachis

462 4174 684 4249 Egypti
761 4175 1256 4248 loquitur:«Non
1340 4187 1451 4234 tam
1531 4177 1879 4250 splendidum
1981 4187 2066 4233 est

460 4271 663 4325 ctelum
715 4269 1019 4326 multifario
1073 4281 1349 4328 astrorum
1395 4274 1585 4337 choro,
1630 4287 1795 4342 quam
1846 4286 2064 4326 eremus

462 4363 683 4436 Egypti
707 4365 1059 4422 tabernacula
1081 4367 1478 4422 monachorum
1510 4366 1668 4420 nobis
1700 4368 2065 4435 undequaqne

462 4458 780 4526 ostendens,
820 4459 938 4531 qui,
978 4461 1103 4530 igne
1140 4459 1344 4515 Christi
1402 4470 1678 4529 suscepto,
1733 4458 1788 4512 in
1861 4459 2061 4513 coelum

462 4549 694 4605 conferti
765 4551 1068 4616 irruerunt,
1155 4550 1368 4606 caeteris
1444 4552 1648 4621 quippe
1707 4550 2057 4606 ardentiores

459 4641 662 4708 effecti,
733 4642 1108 4714 incorporales
1175 4645 1404 4698 virtutes
1451 4641 1748 4697 affectuum
1810 4643 2056 4698 carentia

469 4749 569 4804 per
606 4734 1010 4804 philosophiam
1070 4734 1371 4787 imitantur.
1417 4733 1480 4788 Et
1511 4733 1555 4788 si
1582 4733 1706 4804 quis
1738 4732 1792 4787 in
1845 4733 2066 4801 regione

461 4837 714 4882 versatus
772 4825 954 4892 fuerit,
986 4826 1121 4880 bene
1151 4826 1254 4880 scit
1287 4829 1410 4896 qua:
1458 4826 1616 4892 dico;
1651 4826 1694 4880 si
1722 4827 1847 4893 quis
1878 4836 2061 4880 autem

463 4934 576 4975 non
608 4919 854 4974 ascendit
899 4920 968 4972 ad
1025 4917 1112 4972 illa
1164 4929 1354 4974 sancta
1395 4918 1768 4984 tabernacula,
1800 4918 2064 4990 recogitet

463 5013 617 5069 illum
655 5012 750 5083 qui
803 5028 980 5084 usque
1020 5015 1086 5068 ad
1121 5012 1171 5068 id
1232 5015 1495 5083 temporis
1550 5014 1795 5069 omnium
1841 5028 1936 5066 ore
1968 5029 2061 5067 cc-

464 5106 730 5174 lebratur,
767 5123 930 5176 quem
1016 5117 1140 5180 post
1203 5109 1487 5180 apostolos
1565 5109 1688 5164 tulit
1766 5105 2058 5180 Aigyptus,

2165 3455 2256 3492 νον
2284 3437 2333 3469 ³⁸
2367 3437 2574 3507 κόσμον
2631 3435 2837 3499 εἰδότες
2893 3435 2968 3500 ὡς
3008 3440 3076 3508 τῇ
3127 3438 3323 3508 ἐρήμῳ
3382 3438 3768 3509 γνωρίζουσιν,

2163 3529 2276 3592 τοῖς
2309 3527 2408 3598 μέν
2438 3526 2616 3589 ἄλλοις
2648 3525 2981 3592 τεθνηκότες
3015 3526 3328 3598 ἀνθρώποις
3353 3527 3446 3580 καὶ
3494 3531 3768 3600 πράγμα-

2168 3639 2273 3686 σιν,
2304 3621 2406 3674 ὅσα
2457 3621 2516 3672 ἐν
2559 3618 2711 3690 μέσῳ
2761 3618 3179 3690 περιφθείρεται
3212 3619 3277 3685 ⁸⁵,
3317 3619 3652 3690 στροὸοὗντά
3693 3637 3756 3672 τε

2169 3714 2266 3767 καὶ
2301 3709 2691 3783 στροδούμενοι
2721 3711 2815 3764 καὶ
2845 3712 3111 3777 παίζοντα
3141 3713 3289 3782 ἡμᾶς
3311 3714 3434 3775 ταῖς
3461 3711 3757 3781 ἀγχιστρό-

2167 3822 2290 3874 φοις
2346 3802 2701 3874 μεταϐολαῖς,
2750 3802 3007 3874 ἀλλήλοις
3054 3821 3113 3857 τε
3145 3804 3192 3836 ⁸³
3222 3802 3428 3874 κόσμος
3473 3802 3626 3866 ὄντες
3672 3804 3768 3856 καὶ

2168 3902 2236 3972 τῇ
2273 3899 2581 3970 παραθέσει
2633 3899 2733 3970 τὴν
2792 3898 2997 3970 ἀρετὴν
3057 3896 3339 3968 θήγοντες.
3381 3914 3399 3947 ι
3431 3894 3543 3950 Καὶ
3594 3891 3771 3948 ταῦτα

2169 3994 2267 4064 μὲν
2289 3991 2615 4065 Γρηγόριος.
2657 3991 2720 4046 Ὀ
2749 3990 2806 4044 δὲ
2859 3989 3192 4064 θεορῤήμων
3213 3975 3607 4058 Χρυσόστομος
3629 3985 3675 4017 ’⁸
3709 3986 3769 4040 ἐν

2164 4087 2233 4156 τῇ
2260 4083 2404 4137 κατά
2435 4082 2721 4138 Ματθαῖον
2751 4081 3021 4153 ἑρμηνείᾳ
3051 4081 3183 4151 περὶ
3234 4078 3344 4131 τῶν
3390 4080 3450 4132 ἐν
3505 4076 3771 4148 Αἰγύπτῳ

2173 4175 2431 4250 μοναχῶν
2455 4193 2622 4246 φησιν
2642 4192 2655 4206 ·
2695 4193 2714 4226 ι
2748 4175 2862 4244 Οὐχ
2889 4172 3065 4237 οὕτως
3087 4172 3207 4226 ἐστὶ
3243 4170 3502 4242 λαμπρὸς
3532 4174 3560 4223 ό
3599 4170 3768 4241 οὐρα-

2166 4271 2257 4332 νὸς
2309 4268 2385 4338 τῷ
2447 4268 2678 4338 ποικίλῳ
2739 4265 2848 4320 τῶν
2905 4265 3124 4335 ἄστρων
3181 4263 3352 4335 χορῷ,
3386 4263 3527 4334 ὠςή
3563 4260 3772 4348 ἔρημοξ

2168 4361 2449 4430 Αἰγύπτου
2477 4358 2578 4422 τὰς
2609 4359 2819 4430 σκηνὰς
2853 4356 3200 4420 πάντοθεν,⁹⁷
3229 4357 3360 4426 ἡμῖν
3381 4355 3491 4408 τῶν
3520 4353 3773 4425 μοναχῶν

2166 4453 2490 4506 δεικνύουσα
2515 4452 2588 4518 ’⁸,
2624 4451 2825 4516 οἵτινες
2851 4450 2914 4504 τὸ
2946 4449 3058 4521 πῦρ
3084 4448 3180 4503 τοῦ
3199 4446 3439 4519 Χριστοῦ
3461 4445 3770 4516 δεξάμενοι,

2168 4545 2304 4616 πρὸς
2330 4547 2376 4577 ⁹⁹
2407 4545 2636 4616 οὐρανὸν
2670 4543 2858 4615 ἁθρόοι
2893 4543 2909 4576 ³
2945 4541 3392 4615 μεθωρμήσαντο
3423 4543 3520 4594 καὶ
3553 4537 3773 4611 ἑθερμόο

2169 4656 2318 4711 τεροι
2349 4639 2462 4691 τῶν
2499 4637 2679 4692 ἄλλων
2725 4637 2881 4702 ὄντες
2909 4639 2930 4668 ⁸
2963 4635 3100 4706 πρὸς
3149 4634 3458 4698 εὐσέϐειαν,
3494 4631 3593 4696 τὰς
3623 4633 3770 4685 ἀσω-

2174 4733 2379 4802 μάτους
2436 4731 2700 4798 δυνάμεις
2762 4732 2830 4800 τῇ
2877 4759 2944 4770 —-
2997 4728 3097 4798 τῆς
3141 4725 3463 4796 φιλοσοφίας
3529 4723 3772 4794 ἀπαθείᾳ

2175 4823 2469 4894 μιμοῦνται
2499 4824 2540 4877 ⁸.
2592 4824 2702 4876 Καὶ
2734 4821 2787 4874 εί
2807 4824 2966 4891 τιςέν
2999 4823 3064 4892 τῇ
3097 4819 3254 4892 χώρᾳ.
3288 4819 3534 4888 γέγονεν,
3565 4813 3706 4870 οἶδεν
3735 4815 3771 4869 ἀ

2169 4916 2344 4984 λέγωο
2398 4918 2448 4970 εἰ
2496 4916 2555 4970 δέ
2607 4934 2691 4979 τις
2749 4917 2851 4969 οὐκ
2890 4914 3063 4983 ἐπέϐη
3092 4913 3114 4945 ⁵
3144 4913 3255 4967 τῶν
3289 4912 3461 4980 ἁγίων
3511 4909 3771 4980 σκηνῶι⁵

2168 5009 2415 5074 ἐκείνων,
2475 5007 2726 5062 ἐννοείτω
2779 5010 2870 5060 τὸν
2928 5007 3094 5078 μέχρι
3148 5005 3246 5061 νῦν
3276 5005 3335 5058 ἐν
3367 5007 3479 5067 τοῖς
3515 5003 3773 5057 ἁπάντων

2169 5103 2436 5174 στόμασιν
2493 5102 2792 5174 ᾀδόμενον,
2852 5101 2956 5154 ὃν⁶
2998 5100 3139 5172 μετά
3188 5101 3314 5164 τοὺς
3369 5097 3706 5158 ἀποστόλους
3738 5096 3771 5164 ἡ

1628 5245 1829 5308 Varia)
1873 5245 2182 5309 lectiones
2228 5250 2290 5304 et
2335 5247 2530 5304 notze.

543 5368 587 5399 '"
623 5367 940 5444 ἀναστέλλει
973 5369 1096 5444 cod.
1171 5371 1220 5444 τέ
1241 5371 1432 5444 ’σιωπὴ
1453 5367 1612 5436 λόγου
1628 5364 2361 5444 τιμιωτέραέπαινοςᾶλατι
2393 5363 2722 5444 ἠρτυμένος,
2744 5359 2963 5444 εἶδ’πρδξ
2977 5356 3240 5444 θωπξέαῖν
3269 5355 3521 5444 ἀλλ’ῧιξοί

474 5441 571 5508 γίσ.
599 5440 724 5494 cod.
798 5437 846 5472 ‘°
877 5438 905 5491 ὃ
929 5437 1526 5510 μεῖζον-ὑψηλότερον
1551 5437 1696 5510 ωτι,
1757 5440 1800 5510 ’ξ
1831 5437 1960 5508 ἀρχ.
1984 5437 2079 5494 Gr.

2157 5438 2202 5467 ⁸·
2226 5427 2517 5506 γενήματα
2540 5427 2665 5506 eod.
2712 5427 2715 5428 ν
2742 5432 2793 5464 ⁸³
2818 5427 2898 5506 τῷ
2925 5431 3031 5506 Gr.
3100 5429 3147 5461 ⁸⁵
3173 5427 3546 5506 τὸνούρανδν,
3577 5427 3628 5478 οἱ
3659 5442 3775 5506 μη·-

476 5496 566 5565 δέν
596 5511 654 5562 ἐν
694 5511 880 5579 κόσμῳ
919 5496 1013 5562 καὶ
1033 5496 1186 5581 ίὺπὲρ
1215 5496 1308 5562 «ἐδὸ
1337 5496 1542 5581 κόσμον
1578 5509 1701 5564 cod.
1780 5509 1824 5542 ⁸⁵
1865 5496 1988 5566 éé‘d.
2014 5496 2467 5581 proﬁciatcf-‘9‘
2497 5496 3160 5581 O?_Ittl.d_}3¢_d£ﬁa-?6VTIEC
3191 5500 3312 5554 cod.
3353 5496 3776 5581 napév-zwvzf—

478 5581 736 5650 λαμπρὸν
768 5578 984 5650 ἐποίουν
1017 5580 1111 5636 Gr.
1159 5578 1233 5611 “⁸⁷
1268 5578 1476 5650 ἀγαθὸν
1497 5579 1594 5635 Gr.
1672 5581 1717 5613 ⁸⁸
1753 5579 2103 5633 συνέστελλον

2044 5649 2239 5703 codex.
2316 5649 2362 5680 ⁸³
2390 5648 2483 5700 καὶ
2524 5644 2686 5698 τοῦτο
2730 5663 2784 5710 μ.
2817 5661 2872 5697 κ.
2907 5645 2952 5698 ἑ.
2996 5644 3123 5695 ὅσον
3165 5644 3223 5694 ἐν
3253 5645 3303 5710 τῇ

2065 5719 2238 5771 “To-3
2268 5716 2659 5789 Χρυσοστόμου
2721 5706 2835 5789 Vll,
2883 5714 3115 5789 ἐξῆ-ει.-
3163 5712 3208 5745 ³⁷
3243 5706 3592 5789 πανταχόθεν
3637 5706 3772 5789 Chr.

796 5811 855 5862 μ.
897 5780 1025 5845 Chr:
1075 5780 1119 5824 έν
1146 5780 1252 5842 ’τόν
1268 5791 1407 5862 Chr.
1485 5793 1500 5823 ¹
1539 5792 1734 5860 ἀθροόν
1765 5793 1896 5846 Chr.
1970 5794 1988 5824 ²
2023 5790 2176 5862 ὄντες
2201 5789 2295 5843 καὶ
2319 5780 2469 5862 ’πρὸς
2496 5780 2667 5862 ὀργὴν
2699 5780 2944 5862 καὶπρὸς
2965 5785 3164 5862 ᾐδονὴν
3196 5783 3463 5862 σωμάτων
3501 5780 3774 5848 προπετέ-

491 5857 814 5930 στεροι,τὰς
854 5863 986 5917 (1hr.
1063 5863 1082 5891 ³
1122 5861 1374 5932 μιμοῦντ.
1412 5863 1533 5918 cod.
1611 5857 1908 5933 διοὺδέποτε
1935 5865 2026 5919 ἐπ.

2160 5877 2188 5916 ·.
2269 5862 2287 5892 ⁸
2329 5861 2437 5913 τῶν
2463 5875 2550 5912 σκ.
2587 5857 2718 5912 Cltr.
2800 5859 2819 5890 ⁸
2846 5873 2929 5911 στ.
2963 5857 3092 5909 ὄντα
3118 5857 3174 5907 ὃν
3207 5857 3339 5908 Chr.
3755 5880 3762 5886 υ

481 5653 528 5683 ’°
560 5649 610 5704 ἐ.
646 5649 741 5703 καὶ
774 5653 872 5719 τήν
899 5649 992 5705 Gr.
1103 5653 1149 5685 ⁹¹
1180 5668 1240 5703 τε
1294 5652 1420 5705 add.
1446 5649 1543 5705 Gr.
1619 5651 1665 5683 θ’
1699 5652 1990 5750 ὲρημικοῖς

489 5733 601 5750 ...ιι-ί
636 5721 754 5750 Ωρέῗ.
853 5723 899 5750 οδ
939 5724 1290 5750 ,σοι-,ριιηριη
1326 5721 1400 5750 Ρ.-
1497 5722 1542 5750 91
1578 5720 1666 5750 ἑῖῒ
1748 5723 1774 5750 2
1851 5721 1926 5750 ﬁ,“

489 5733 608 5786 post
636 5721 772 5789 Θεῷ.
853 5723 899 5755 οδ
939 5724 1295 5791 περιφέρεται
1326 5721 1420 5776 Gr.
1497 5722 1542 5752 ⁹⁵
1576 5721 1695 5774 ἀλλ.
1734 5721 1804 5774 δέ
1851 5721 1946 5776 Gr.

488 5793 536 5822 ’⁸
565 5793 616 5844 ὃ.
649 5792 761 5844 τῶν
797 5811 855 5844 υ..
897 5792 1024 5844 Chr.
1075 5793 1119 5824 ³³
1155 5793 1252 5842 τόν
1276 5791 1407 5844 Chr.
1485 5793 1500 5823 ¹
1539 5792 1734 5844 ἀθοοόν
1765 5793 1896 5844 Chr.

2308 5578 2354 5609 ⁵³
2377 5573 2472 5631 Or.
2532 5564 2661 5627 XXII
2710 5573 2816 5628 534
2849 5572 2912 5634 Β,
2947 5564 3012 5627 C.
3048 5572 3257 5640 κόσμου
3305 5564 3646 5640 χωρίζοντας

2730 5663 2784 5712 μ.
2817 5661 2872 5697 κ.
2907 5645 2952 5698 ἑ.
2996 5643 3123 5695 ὅσον
3159 5638 3223 5694 ’ἐν
3253 5638 3335 5710 τῇ
3362 5638 3411 5692 ἐή.
3460 5638 3771 5712 γςιωρ.”ί;ι·.

2800 5859 2819 5890 ⁸
2846 5873 2929 5911 στ.
2963 5854 3092 5909 ὄντα
3118 5857 3174 5907 ὃν
3207 5854 3339 5908 Chr.
