4088 6400
534 345 640 410 415

1741 349 2062 410 GEORGII
2109 347 2568 410 HAMARTOLI

3715 340 3820 402 416

537 459 686 526 plent
717 457 862 527 quod
899 457 966 512 ad
1001 456 1336 514 Ezechielem
1368 458 1691 530 pr0plietam
1719 474 1758 514 α.
1778 459 1889 514 Deo
1920 458 2130 514 dictum

2236 457 2414 528 καιρῷ
2448 455 2816 526 κανονισμένη
2838 470 2852 484 °
2885 454 3165 525 μονοσιτία
3195 453 3304 525 γάρ
3330 454 3460 524 παρ’
3482 453 3664 516 αὐτοῖς
3705 455 3821 510 ἐστι

535 559 621 606 est
671 568 741 605 ει
791 549 892 604 Fili
948 550 1213 615 hominis,
1269 566 1464 622 panem
1512 563 1666 606 tuum
1713 551 1768 605 in
1800 550 1996 606 dolore
2040 566 2134 607 co-

539 643 717 702 mede.
756 650 810 695 et
865 657 1063 712 aquam
1114 651 1264 697 tuam
1327 643 1380 698 in
1413 642 1764 699 tribulatione
1814 652 1870 698 et
1899 658 2135 700 mcerore

539 733 682 788 bibe.
726 733 920 788 Cibum
957 744 1109 789 tuum
1151 737 1204 788 in
1245 733 1486 804 pondere
1517 737 1773 790 cometles
1813 749 1843 789 a
1890 744 2134 806 tempore

535 841 717 896 usque
759 825 825 881 ad
877 836 1125 896 tempus;
1177 837 1232 882 et
1275 841 1465 897 pOIttm
1519 835 1675 883 tuum
1712 828 1766 883 in
1805 828 2132 883 verecundia

551 919 703 975 bibes
732 918 840 974 die.
883 938 900 969 ι
960 919 1126 988 Atqui
1173 919 1339 974 verbo
1391 920 1675 990 disrttmpe
1718 932 1961 975 ventrem
2009 920 2133 975 illo-

537 1027 661 1066 rum
712 1011 806 1081 qui
859 1011 965 1066 illis
1019 1010 1211 1065 multis
1265 1022 1566 1079 pascuntur
1611 1012 1778 1077 cibis,
1812 1023 1866 1070 et
1919 1013 2130 1069 videbis

540 1117 680 1156 onus
734 1116 898 1172 grave
942 1109 996 1155 et
1049 1102 1321 1173 impuram
1378 1103 1667 1170 cloacam,
1718 1114 1772 1158 et
1819 1104 2130 1160 dealbatnm

535 1211 601 1248 ae
635 1201 798 1264 putre
841 1193 1198 1262 sepulcrum;
1228 1210 1351 1264 qua:
1381 1205 1504 1265 post
1536 1195 1636 1250 ista
1681 1196 1764 1250 vel
1795 1194 1976 1251 dicere
2008 1212 2134 1250 eru-

537 1284 724 1348 besco,
745 1292 935 1353 turpes
951 1292 1008 1338 et
1035 1283 1257 1340 fmtidos
1276 1295 1488 1350 ructus,
1520 1286 1780 1350 vomitus,
1815 1287 2129 1356 procellam,

537 1377 982 1432 obseurationem
1007 1379 1227 1444 animat,
1258 1379 1472 1449 pondus
1497 1381 1767 1448 corporis,
1793 1389 1847 1434 et
1864 1396 1895 1434 a
1915 1395 2132 1437 summo

545 1481 603 1524 rt
635 1471 705 1525 ab
731 1470 843 1525 imo
867 1473 1215 1542 eruptiones,
1249 1483 1299 1526 et
1329 1473 1554 1542 insuper
1575 1473 2010 1530 vehementiores
2038 1489 2131 1528 ve-

542 1577 834 1617 nerearum
870 1565 1206 1634 voluptatum
1239 1578 1478 1618 amores.
1511 1564 1576 1618 Et
1609 1564 1701 1618 illa
1731 1564 1952 1635 quidem
1981 1580 2134 1619 men-

540 1671 599 1707 sa
625 1653 693 1708 ad
713 1655 885 1709 caelos
919 1655 1145 1725 angelos
1172 1654 1371 1719 mittit;
1408 1657 1510 1710 ista
1561 1669 1693 1710 vero
1721 1655 1789 1710 ad
1821 1657 2131 1726 gehennam

540 1747 682 1814 ignis
730 1746 941 1802 ventris
993 1760 1188 1802 servos
1222 1748 1450 1800 attrahit
1499 1747 1642 1803 sicut
1697 1748 1922 1804 divitem
1953 1749 2127 1816 illum,

2235 552 2491 613 πάντοτε,
2523 549 2618 605 καὶ
2649 551 2873 619 ἄριστον
2897 548 3154 604 ούδέποτε
3179 549 3233 600 εἴ
3254 550 3405 601 ἐστιν
3442 549 3644 611 ίσασιν,
3685 547 3824 602 ἀλλά

2234 645 2450 698 δεῖπνον
2477 645 2520 676 ³⁹
2557 642 2947 710 γινώσκοντες,
2973 642 3058 695 δτι
3091 639 3286 703 πένθος
3307 641 3337 693 δ
3365 641 3556 710 παρὼν
3589 639 3704 710 βίος
3731 643 3827 695 καὶ

2235 737 2494 806 νηστείας
2541 735 2636 789 καὶ
2693 734 2909 803 ἀγῶνος
2943 735 3014 801 δ’,
3045 732 3384 804 πληροῦντες
3417 734 3476 786 ἐν
3522 732 3699 804 τούτῳ
3727 733 3828 787 καὶ

2234 830 2294 882 τὸ
2328 829 2464 896 πρὸς
2489 830 2582 881 τὸν
2617 829 2907 899 προφήτην
2972 826 3235 896 Ἰεζεκιὴλ
3283 827 3576 898 εἰρημένον
3597 825 3707 879 ἀπὸ
3728 825 3827 880 τοῦ

2233 919 2371 972 Θεοῦ
2407 917 2447 950 ⁸⁸
2471 935 2483 949 ·
2523 918 2620 971 Υἱὲ
2675 917 2990 989 ἀνθρώπου,
3019 918 3112 970 τὸν
3155 916 3322 987 ἄρτον
3362 932 3460 968 σου
3487 915 3609 985 μετ’
3630 913 3827 985 ὀδύνης

2236 1011 2402 1080 φάγει
2434 1011 2530 1062 καὶ
2580 1011 2642 1061 τὺ
2695 1007 2841 1079 ὕδωρ
2876 1025 2972 1062 σου
3011 1008 3147 1079 μετά
3199 1007 3437 1078 βασάνου
3469 1007 3562 1062 καὶ
3591 1006 3828 1078 θλίψεως

2237 1102 2390 1156 πίειο
2423 1099 2521 1151 καὶ
2582 1097 2644 1150 τὸ
2691 1096 2889 1169 βρῶμά
2946 1114 3039 1150 σου
3097 1099 3157 1150 ὲν
3215 1094 3441 1167 σταθμῷ
3510 1094 3751 1165 φάγεσαι
3781 1095 3829 1126 δ’

2235 1191 2343 1243 ἀπὸ
2371 1188 2566 1260 καιροῦ
2614 1187 2717 1252 ἕως
2767 1189 2960 1257 καιροῦ
2994 1188 3042 1219 ⁸³
3065 1205 3078 1219 ·
3115 1186 3210 1242 καὶ
3240 1186 3300 1239 τὸ
3351 1185 3503 1256 πόμα
3537 1201 3633 1238 σου
3686 1185 3830 1256 μετά

2237 1283 2508 1351 ἐντροπῆς
2541 1281 2582 1311 ⁸⁸
2609 1281 2796 1334 πίεσαι
2825 1280 2870 1313 δ’
2903 1281 3002 1349 τῆς
3037 1280 3273 1351 ἡμέρας.
3307 1299 3325 1331 ι
3377 1278 3828 1350 ’Λνάρρηξονοῦν

2235 1374 2311 1443 τῷ
2333 1375 2476 1444 λόγῳ
2503 1373 2601 1444 τὴν
2637 1372 2883 1444 γαστέρα
2920 1371 3032 1426 τῶν
3059 1374 3242 1426 ἐκεῖνα
3271 1372 3340 1425 τὰ
3369 1371 3541 1424 πολλὰ
3567 1374 3827 1442 σιτουμέ-

2236 1481 2343 1516 νων
2374 1463 2470 1516 καὶ
2499 1462 2622 1532 ὕψει
2664 1461 2756 1514 τὸν
2789 1460 2960 1515 πολὺν
3009 1461 3209 1531 φόρτον
3239 1462 3335 1513 καὶ
3390 1461 3482 1516 τὸν
3511 1459 3827 1529 ἀκάθαρτον

2233 1555 2421 1625 ὀχετὸν
2454 1554 2548 1607 καὶ
2584 1555 2678 1607 τὸν
2716 1553 3106 1624 κεκονιαμένον
3132 1553 3230 1606 καὶ
3266 1552 3478 1622 σαπρὸν
3507 1552 3676 1621 τάφον
3701 1567 3713 1581 ⁸
3755 1555 3824 1607 τά

2233 1647 2291 1700 δὲ
2347 1646 2488 1716 μετά
2543 1646 2718 1700 ταῦτα
2767 1645 3093 1716 αἰσχύνομαι
3160 1647 3255 1698 καὶ
3305 1647 3504 1710 εἰπεῖν,
3554 1645 3651 1708 τὰς
3699 1647 3824 1700 dst-

2232 1739 2340 1802 δεῖς
2380 1742 2474 1794 καὶ
2519 1738 2776 1805 δυσώδεις
2843 1739 3071 1809 ἑρυγάς,
3128 1739 3255 1803 τοὺς
3294 1739 3548 1808 ἔμετοῦς,
3600 1738 3699 1809 τὴν
3726 1740 3824 1803 ζά-

539 1838 622 1891 llli
659 1853 889 1894 somnus
920 1839 1080 1892 morti
1127 1838 1327 1893 similis
1363 1838 1638 1904 succedit;
1691 1839 1818 1894 huic
1863 1840 2122 1896 distracta

2236 1840 2349 1908 λην,
2377 1837 2478 1906 τὴν
2534 1837 2804 1892 σκότωαιν
2854 1835 2958 1905 τῆς
3011 1835 3192 1906 ψυχῆς
3246 1837 3340 1888 καὶ
3391 1837 3452 1888 τὸ
3508 1834 3671 1906 βάρος
3726 1836 3826 1890 τοῦ

538 1929 762 1999 vigilia;
821 1929 916 1984 uni
968 1929 1286 1992 cruciatus.
1347 1930 1503 1984 alteri
1559 1944 1792 1997 regnum
1840 1931 2128 1986 caelorum.

541 2021 756 2076 Etenim
819 2030 942 2090 post
1003 2021 1222 2076 unicam
1288 2021 1648 2077 refectionem
1714 2031 1771 2078 et
1829 2024 2129 2093 gratiarum

539 2113 807 2177 actiones.
838 2115 1194 2184 compunctio
1225 2124 1278 2168 et
1309 2114 1582 2170 ferventes
1614 2115 1884 2186 lacrymas
1913 2118 2134 2185 copiose

537 2204 902 2272 etfundentes,
932 2207 1012 2261 sic
1057 2207 1123 2262 ad
1158 2222 1412 2262 somnum
1460 2209 1906 2279 progrediuntur,
1941 2211 2034 2265 sed
2063 2210 2130 2266 ad

538 2312 794 2352 somnum
827 2296 1047 2351 brevem
1098 2314 1208 2368 quo
1239 2299 1328 2354 vix
1382 2302 1730 2368 requiescant
1753 2343 1768 2366 ,
1802 2316 2132 2372 rursumque

539 2397 729 2444 noctes
753 2388 872 2444 dies
923 2387 1155 2455 faciunt,
1196 2390 1250 2443 in
1281 2392 1583 2460 gratiarum
1625 2395 1844 2449 actione
1879 2403 1934 2450 et
1985 2393 2132 2463 psal-

548 2482 726 2538 modia
761 2493 979 2551 tempus
1012 2496 1176 2537 omne
1204 2491 1469 2538 terentes.
1507 2484 1609 2537 Alii
1641 2499 1772 2554 ergo
1805 2484 1873 2539 ad
1908 2493 2130 2540 sanctos

541 2576 677 2630 istos
710 2585 767 2631 et
810 2576 962 2630 disce
995 2575 1064 2630 ab
1094 2574 1203 2629 illis
1249 2575 1454 2644 aliquid
1502 2575 1656 2641 utile,
1687 2584 1742 2630 et
1789 2577 2126 2644 illuminare;

545 2665 830 2735 lampades
857 2666 1006 2721 enim
1038 2680 1168 2721 vere
1192 2675 1323 2720 sunt
1367 2677 1422 2722 et
1479 2667 1711 2732 lumina,
1743 2668 1972 2724 verbum
2010 2670 2133 2725 vitae

541 2766 943 2828 exspectantes,
967 2767 1022 2812 et
1053 2757 1260 2828 ubique
1291 2769 1564 2814 terrarum
1601 2769 1904 2825 versantes,
1933 2772 1987 2818 et
2011 2777 2132 2817 om-

543 2863 668 2903 nem
703 2849 973 2904 mundum
1008 2849 1375 2906 illustrantes.
1411 2852 1552 2922 Ergo
1584 2866 1751 2923 perge
1786 2857 2133 2910 continenter

541 2941 611 2995 ad
647 2939 793 3004 illos,
830 2950 889 2996 ιιι
913 2955 1008 2998 eas
1055 2957 1178 3012 qua:
1208 2951 1337 2998 sunt
1369 2943 1422 2996 in
1457 2950 1512 2999 te
1548 2946 1796 3002 maculas
1835 2946 2132 3016 puriticans

541 3032 744 3087 horum
791 3033 1137 3090 orationibus
1190 3043 1247 3089 et
1305 3035 1806 3103 adhortationibus,
1848 3039 2128 3096 meliorem

536 3124 652 3194 jam
678 3126 938 3182 ostendas
969 3127 1136 3182 vitam
1162 3138 1216 3182 et
1248 3127 1431 3185 futura
1467 3129 1613 3185 bona
1647 3130 1925 3188 obtinens.
1959 3151 1979 3186 ι

2238 1929 2516 2000 σώματος,
2567 1930 2668 1993 τὰς
2716 1929 2965 1984 κάτωθέν
3003 1947 3064 1983 τε
3107 1930 3200 1982 καὶ
3232 1928 3438 1984 ἄνωθεν
3468 1928 3724 1998 ὲκρήσεις
3759 1929 3826 1992 ⁸⁸,

2235 2027 2330 2079 καὶ
2376 2025 2504 2088 τοὺς
2534 2025 2626 2076 ἐπὶ
2658 2023 2874 2086 τούτοις
2919 2023 3316 2094 σφοδροτέρους
3346 2023 3458 2076 τῶν
3495 2023 3828 2091 ἀφροδισίων

2234 2116 2465 2188 ἔρωτας.
2503 2113 2750 2184 Κάκείνη
2787 2114 2885 2185 μὲν
2918 2116 2952 2185 ἡ
2983 2111 3256 2184 τράπεζα,
3293 2114 3370 2177 είς
3401 2112 3666 2184 οὐρανοὺς
3697 2113 3826 2176 τοὺς

2233 2208 2506 2278 ἀγγέλους
2563 2207 2960 2278 παραπέμπει·
2995 2205 3134 2278 αῦτη
3183 2207 3239 2260 δὲ
3273 2207 3352 2271 είς
3385 2206 3614 2273 γέενναν
3657 2205 3824 2276 πυρὸς

2233 2302 2386 2354 ἕλκει
2417 2301 2548 2364 τοὺς
2601 2298 3024 2364 κοιλιοδούλους,
3060 2298 3254 2364 ῶσπερ
3305 2301 3402 2352 καὶ⁵
3437 2299 3530 2351 τὸν
3570 2295 3821 2352 πλούσιον

2234 2395 2443 2447 ἐκεῖνον
2463 2412 2476 2424 ο
2513 2393 2610 2447 καὶ
2631 2391 2728 2464 τὴν
2750 2393 2849 2463 μὲν
2873 2393 2917 2425 ’⁵⁷
2949 2392 3116 2454 ὕπνος
3143 2391 3360 2462 θανάτῳ
3392 2392 3752 2462 προσεοικυῖα
3779 2389 3823 2422 ⁵³

2233 2486 2563 2556 διαδέχεται,
2586 2486 2684 2556 τὴν
2707 2485 2765 2539 δὲ
2796 2485 2960 2555 νῆψις
2984 2484 3082 2539 καὶ
3115 2483 3422 2554 ἀγρυπνία,
3459 2482 3557 2537 καὶ
3591 2481 3694 2554 τὴν
3724 2483 3827 2554 μιν

2235 2579 2478 2644 κόλασις,
2503 2579 2600 2648 τὴν
2629 2577 2736 2651 [δὲ]
2765 2577 3014 2650 οὐρανῶν
3049 2576 3300 2648 βασιλεία
3324 2576 3398 2609 ⁸⁸⁸
3435 2574 3573 2648 μετά
3595 2575 3702 2644 γάρ
3722 2575 3832 2646 τὴν

2234 2671 2386 2736 ἅπαξ
2412 2671 2659 2725 ἑστίασιν
2693 2673 2790 2726 καὶ
2825 2672 2927 2742 τὴν
2958 2671 3318 2742 εὐχαριστίαν
3352 2669 3557 2740 πολλῆς
3605 2665 3829 2740 ἔμπλη-

2237 2765 2457 2827 σθέντες
2492 2765 2538 2798 ⁵ο
2565 2763 2913 2830 κατανύξεως
2967 2763 3063 2818 καὶ
3107 2762 3330 2836 θερμῶν
3371 2761 3648 2833 δακρύων,
3680 2760 3829 2816 οὕτω

2235 2858 2375 2927 πρὸς
2415 2857 2586 2910 ὕπνον
2648 2855 2976 2928 βαδίζουσιν,
3033 2855 3292 2910 τοσοῦτον
3335 2853 3500 2908 αὑτοῦ
3548 2852 3830 2924 μεταλαγ-

2235 2949 2490 3020 χάνονται
2531 2951 2656 3002 ὅσον
2701 2950 2898 3022 μικρὸν
2921 2947 3346 3004 ἀναπαύσασθαι
3373 2953 3387 2969 ⁸
3428 2948 3524 3004 καὶ
3547 2947 3711 3001 πάλιν
3727 2948 3831 3010 τὰς

2240 3041 2443 3103 νύκτας
2475 3038 2693 3110 ἡμέρας
2739 3039 3011 3106 ποιοῦσιν,
3038 3040 3098 3093 έν
3124 3039 3450 3111 εὐχαριστίᾳ
3482 3038 3580 3093 καὶ
3599 3036 3834 3108 ψαλμῳ-

2233 3133 2325 3206 δίᾳ
2351 3133 2441 3188 ἀεὶ
2467 3131 2774 3199 διάγοντες.
2820 3129 3062 3184 Ἀπελθε
3099 3129 3282 3184 τοίνυν
3314 3133 3453 3200 πρὸς
3479 3129 3608 3194 τοὺς
3635 3128 3833 3196 ἁγίους

540 3218 766 3284 τούτους
797 3217 894 3271 καὶ
939 3217 1079 3288 μάθε
1109 3235 1162 3272 τι
1217 3219 1349 3290 παρ’
1392 3220 1575 3274 αὐτῶν
1634 3222 1910 3294 χρήσιμον
1945 3222 2040 3278 καὶ
2071 3223 2404 3294 φωτίσθητι·
2439 3220 2624 3291 λύχνοι
2656 3221 2764 3290 γάρ
2797 3222 2938 3275 είσιν
2969 3221 3139 3285 ὄντως
3177 3222 3270 3276 καὶ
3302 3221 3616 3293 φωστῆρες,
3670 3220 3838 3288 λόγον

541 3312 690 3381 ζωῆς
713 3312 1029 3381 ἐπέχοντες,
1066 3317 1165 3367 καὶ
1211 3315 1494 3386 πανταχοῦ
1523 3316 1682 3388 26],
1717 3319 1819 3385 τῆς
1861 3319 2190 3390 οίκουμένης
2225 3319 2378 3382 δντες
2415 3317 2513 3370 καὶ
2543 3317 2710 3370 πᾶσιν
2746 3315 2845 3387 τὴν
2873 3317 2980 3386 γῆν
3012 3315 3594 3388 καταλαμπρύνοντες.
3617 3314 3839 3372 Οὐκοῦν

545 3405 730 3476 βέδιζε
772 3407 1014 3478 συνεχῶς
1059 3410 1200 3480 πρὸς
1229 3411 1450 3476 αὐτοὺς,
1487 3410 1576 3467 ἵνα
1631 3417 1729 3476 τὰς
1768 3416 1827 3467 ἐν
1856 3416 1942 3468 σοι
2000 3415 2224 3483 κηλίδας
2251 3412 2394 3483 (70‘)
2431 3410 2748 3481 ἐκκαθάρας
2802 3413 2925 3474 ταῖς
2951 3411 3181 3464 ἐκείνων
3247 3411 3437 3480 εὐχαῖς
3482 3413 3579 3464 καὶ
3630 3427 3844 3482 παραιο

543 3496 784 3565 νέσεσιν,
833 3497 1056 3570 ἄριστον
1103 3500 1360 3574 ἀναδείξῃ
1393 3503 1438 3534 ⁵¹
1464 3503 1561 3557 τοῦ
1583 3501 1772 3556 λοιποῦ
1829 3503 1945 3574 βίον
1982 3505 2078 3558 καὶ
2123 3505 2232 3558 τῶν
2268 3501 2573 3574 μελλόντων
2606 3501 2830 3570 ἀγαθῶν
2869 3501 3160 3574 ἐπιτύχῃς.
3199 3520 3218 3552 ι

621 3591 893 3650 Similiter
921 3603 975 3650 et
1005 3591 1384 3652 Theodoretus
1417 3596 1489 3652 ita
1520 3597 1766 3666 loquitur
1796 3615 1810 3652 :
1845 3617 1863 3650 ι
1901 3599 2132 3670 Αηεειοο

2309 3597 2354 3629 sa
2393 3594 2506 3667 (15)
2540 3595 2617 3650 οὐ
2653 3592 2762 3668 μὴν
2807 3593 2866 3648 δὲ
2907 3593 3045 3650 ἀλλὰ
3102 3594 3199 3648 καὶ
3248 3593 3597 3666 Θεοδώρητος
3648 3593 3840 3660 οὕτως·

546 3700 672 3739 rum
692 3700 820 3742 vere
846 3686 1131 3742 imitantur
1159 3689 1656 3756 conversationem,
1684 3689 2004 3760 quicunque
2035 3689 2125 3748 Dei

545 3781 829 3837 servitium
875 3783 1170 3853 amplexati
1223 3793 1378 3850 sunt,
1430 3784 1524 3854 qui
1581 3784 1830 3854 corporis
1876 3784 2135 3857 fugerunt

545 3873 788 3945 requiem
818 3884 875 3930 et
907 3874 1203 3946 legitimam
1251 3876 1592 3941 societatem,
1636 3887 1823 3946 utpote
1873 3894 1902 3932 a
1932 3879 2134 3936 divinis

544 3965 955 4022 abstrahentem
1021 3966 1210 4034 rebus,
1257 3978 1312 4024 et
1345 3984 1376 4024 a
1411 3969 1728 4025 caelestibus
1778 3981 1835 4026 et
1883 3971 2134 4028 invisibi-

545 4058 694 4117 libus
729 4059 942 4116 deliciis
971 4070 1319 4131 avocantem,
1393 4072 1449 4118 et
1503 4065 1597 4135 qui
1653 4064 1999 4137 reliquerunt
2037 4081 2136 4136 pa-

545 4153 708 4207 triam
753 4159 811 4208 et
852 4168 1025 4223 genus
1056 4155 1221 4210 simul
1263 4165 1317 4211 et
1346 4157 1591 4224 divitias,
1625 4167 1686 4213 ut
1717 4174 1936 4214 omnem
1974 4160 2028 4214 in
2061 4159 2137 4214 di-

546 4241 694 4296 vinis
735 4255 926 4297 curam
981 4253 1270 4313 reponant,
1319 4245 1640 4315 nullumque
1682 4247 1960 4302 vinculum
2005 4260 2136 4314 pro-

547 4332 735 4388 hibeat
767 4332 901 4404 quin
927 4333 993 4387 ad
1025 4336 1226 4390 coelum
1263 4353 1419 4392 mens
1447 4338 1648 4392 evolet.
1685 4335 1782 4394 llis
1820 4339 1979 4407 plena
2009 4346 2138 4392 sunt

545 4433 602 4480 et
625 4423 791 4480 urbes
819 4434 875 4479 et
899 4425 1003 4482 vici
1027 4435 1081 4481 et
1113 4429 1385 4483 montium
1419 4430 1652 4485 vertices
1681 4438 1735 4484 et
1773 4429 2129 4500 praecipitia.»

548 4513 629 4568 Ex
655 4528 770 4583 quo
805 4514 953 4570 enim
983 4516 1245 4573 Christus
1276 4519 1648 4588 virginitatem
1681 4519 1894 4573 honore
1929 4517 2134 4583 alfeeit,

547 4621 614 4658 ex
644 4601 870 4678 Virgine
893 4617 1078 4674 natus,
1103 4611 1434 4680 virginitatis
1464 4619 1617 4680 prata
1642 4620 1838 4666 natura
1866 4611 2139 4680 germina-

548 4700 646 4766 vit,
709 4708 766 4756 et
824 4716 1025 4758 suaves
1083 4717 1148 4758 ac
1198 4704 1685 4765 innnarcescibiles
1739 4705 2136 4762 monachorum

548 4791 712 4849 liores
754 4792 916 4849 offert
981 4794 1231 4850 Creatori
1299 4805 1355 4852 et
1403 4795 1657 4852 Domino.
1717 4794 1931 4868 Ubique
1990 4797 2136 4852 enim

550 4888 884 4943 monasteria
911 4889 1135 4943 condita
1162 4900 1315 4954 sunt,
1364 4905 1473 4945 non
1508 4892 1689 4947 solum
1712 4893 1858 4962 apud
1891 4908 2014 4958 nos,
2042 4891 2136 4947 sed

2237 3690 2364 3760 ἔφη·
2426 3707 2444 3740 ι
2478 3688 2591 3760 Τὴν
2625 3687 2736 3758 γάρ
2795 3687 2861 3759 δὴ
2914 3687 3025 3742 τῶν
3079 3687 3330 3758 ἀγγέλων
3390 3688 3763 3760 εκμιμοῦντες
3785 3691 3840 3724 ’⁸

2240 3783 2528 3855 προδήλως
2587 3783 3018 3848 πολιτείανὸσοι
3060 3782 3172 3837 τῶν
3208 3782 3515 3854 ἀνθρώπων
3574 3783 3674 3856 τὴν
3727 3784 3842 3840 τοῦ

2238 3873 2377 3929 Θεοῦ
2412 3873 2713 3946 θεραπείαν
2761 3873 3118 3944 ἠσπάσαντο,
3169 3873 3368 3937 οἵτινες
3415 3871 3620 3944 ἔφυγον
3645 3874 3692 3908 ⁸⁵
3728 3876 3846 3946 μὶν

2240 3970 2339 4041 τὴν
2365 3969 2461 4024 τοῦ
2496 3968 2750 4040 σώματος
2781 3967 3092 4021 ἀνάπαυσιν
3124 3967 3220 4020 καὶ
3245 3966 3345 4038 τὴν
3373 3967 3420 4000 ⁸⁵
3453 3965 3682 4038 ἔννομον
3713 3984 3844 4021 κοι-

2240 4061 2437 4117 νωνίαν
2460 4060 2536 4124 ὡς
2564 4059 2673 4113 τῶν
2705 4058 2868 4112 θείων
2885 4057 3230 4126 ἀφέλκουσαν
3256 4058 3303 4090 ⁸⁸
3329 4059 3426 4112 καὶ
3453 4058 3564 4112 τῶν
3592 4060 3846 4131 ἐπουρα-

2241 4151 2373 4206 νίων
2405 4152 2658 4222 ἀοράτων
2681 4149 3082 4220 τρυφημάτων,
3127 4149 3427 4203 κατέλιπον
3473 4149 3531 4204 δὲ
3578 4151 3676 4205 καὶ
3721 4169 3842 4206 πα-

2239 4243 2396 4316 τρίδα
2421 4247 2518 4296 καὶ
2556 4243 2714 4311 γένος
2745 4242 2862 4312 ἅμα
2891 4242 2937 4273 ⁵⁷
2967 4241 3066 4295 καὶ
3112 4240 3370 4306 πλοῦτον,
3406 4242 3493 4296 ἵνα
3537 4243 3725 4297 πᾶσαν
3758 4248 3846 4307 είς

2239 4337 2309 4391 τὰ
2345 4337 2466 4391 θεῖα
2505 4336 2814 4408 μεταθῶσιν
2869 4336 2969 4408 τὴν
3025 4337 3322 4408 μέριμναν,
3375 4341 3470 4394 καὶ
3507 4339 3702 4410 μηδεὶς
3744 4342 3848 4396 τὸν

2241 4429 2366 4484 νοῦν
2397 4429 2575 4502 ἐπέχῃ
2603 4427 2803 4499 δεσμὸς
2836 4429 2884 4461 ⁸⁸
2915 4428 2996 4492 εἰς
3025 4429 3256 4500 οὐρανὸν
3309 4428 3644 4501 ἀναπτῆναι.
3694 4431 3850 4486 Τού-

2239 4537 2352 4573 των
2385 4518 2618 4589 πλήρεις
2665 4519 2761 4572 καὶ⁵
2807 4518 3017 4584 πόλεις,
3079 4519 3176 4572 καὶ
3228 4518 3438 4589 κῶμαι,
3493 4520 3590 4573 καὶ
3617 4521 3675 4574 al.
3727 4523 3849 4576 τῶν

2240 4612 2415 4685 ὁρέων
2464 4611 2740 4683 ἁκρωρίαι
2777 4612 2823 4645 ⁸⁸
2855 4614 2950 4666 καὶ
3005 4613 3314 4682 φάραγγες.
3353 4630 3372 4663 ι
3439 4612 3553 4683 (l6)
3598 4612 3726 4684 Ἀφ’
3782 4608 3850 4669 οῦ

2242 4705 2354 4778 γὰρ
2381 4707 2410 4758 ὁ
2440 4703 2678 4776 Χριστὸς
2711 4703 2811 4774 τὴν
2844 4704 3149 4776 παρθενίαν
3194 4703 3482 4774 ἐτίμησεν,
3540 4703 3648 4758 ὑπὸ
3689 4723 3851 4774 παρ-

2242 4799 2400 4852 θένου
2438 4795 2675 4867 τεχθεὶς,
2701 4796 2828 4861 τοὺς
2858 4795 2956 4866 τῆς
2981 4793 3284 4864 παρθενίας
3301 4793 3576 4866 λειμῶνας
3606 4795 3639 4867 ἡ
3669 4797 3850 4866 φύσις

2241 4890 2547 4962 ἐϐλάστησε
2598 4889 2696 4944 καὶ
2743 4888 2815 4943 τά
2869 4886 3044 4958 εὐώδη
3083 4887 3194 4940 τῶν
3231 4885 3487 4957 μοναχῶν
3539 4886 3677 4958 ἄνθη
3747 4892 3853 4943 καὶ

549 4989 694 5034 etum
736 4980 789 5035 in
843 4978 1003 5052 Syria
1031 4992 1142 5038 tota
1187 4992 1242 5037 et
1286 4982 1604 5048 Palaestina,
1650 4995 1705 5040 et
1757 4986 1949 5041 Cilicia
1989 4995 2046 5040 et
2077 4986 2132 5039 in

2241 4983 2533 5054 ἀμάραντα
2568 4981 2870 5053 προσφέρει
2908 4979 2990 5050 τῷ
3033 4981 3240 5053 Ποιητῇ
3286 4980 3382 5032 καὶ
3407 4979 3682 5050 Δεσπότῃ.
3729 4981 3852 5036 Καὶ

551 5067 981 5140 Mesopotamia;
1027 5072 1083 5130 in
1129 5076 1361 5149 Egypto
1395 5077 1657 5135 dicuntur
1686 5082 1928 5151 quinque
1966 5080 2130 5134 etiam

555 5160 726 5215 millia
797 5165 1039 5221 virorum
1091 5169 1287 5225 habere
1360 5171 1608 5241 quaidam
1687 5173 1888 5227 schola:
1953 5171 2134 5238 fsimul

2241 5077 2350 5146 γὰρ
2375 5075 2656 5146 πανταχοῦ
2695 5075 3038 5146 μοναστήρια
3073 5073 3391 5142 γεγόνασιν,
3441 5071 3504 5125 ού
3539 5071 3672 5142 παρ’
3700 5076 3848 5144 ἡμῖν

2249 5170 2432 5240 μόνον,
2465 5170 2605 5224 ἀλλὰ
2635 5171 2731 5224 καὶ
2775 5171 2831 5223 εν
2862 5168 3035 5240 Συρίᾳ
3069 5167 3241 5239 πάσῃ,
3277 5165 3372 5219 καὶ
3424 5164 3775 5239 Παλαιστίνῃ
3801 5169 3849 5199 ⁸⁸

1718 5307 1913 5369 Variae
1947 5306 2252 5369 lectiones
2280 5313 2340 5368 et
2380 5312 2569 5370 notae.

633 5462 680 5495 ³⁹
709 5479 775 5515 πε
786 5464 838 5528 pi
859 5461 1124 5517 Ssinvoiv?

1227 5466 1270 5497 ⁸⁵⁸
1312 5466 1634 5528 άνὰπλεωςῖ
1747 5468 1787 5500 ⁸⁸
1822 5467 1915 5522 Ει.
1975 5483 2073 5526 ιιι,
2119 5464 2203 5519 18.
2254 5463 2492 5530 φάγεσαι
2519 5493 2581 5504 -
2622 5463 2829 5518 πίεσαι.

2941 5461 2985 5493 ⁸⁸
3024 5480 3082 5530 φ.
3137 5465 3194 5516 ὲν
3251 5479 3334 5515 στ.
3367 5465 3416 5515 κ’
3453 5462 3668 5522 σίκλους
3739 5463 3845 5530 τὴν

562 5531 776 5609 ᾑμέραν
807 5531 900 5588 Et.
931 5549 1006 5609 tv,
1025 5533 1081 5588 ‘2.
1158 5538 1202 5568 “
1228 5538 1331 5609 ἕως
1355 5538 1548 5609 καιοοῦ
1611 5540 1709 5606 τῆς
1765 5538 1978 5609 ἡμέρας
2017 5537 2147 5609 cod;

2240 5534 2285 5566 “
2312 5535 2422 5587 ἀπὺ
2472 5533 2668 5604 καιροῦ
2689 5534 2795 5609 ἓως
2831 5531 3028 5609 καιροῦ
3059 5533 3111 5587 in
3141 5533 3407 5609 margine.
3560 5531 3664 5609 Ακαὶ
3686 5531 3846 5609 ῦδῳρ

564 5607 623 5658 ὲν
665 5604 847 5674 μέτρῳ
879 5621 934 5656 π.
970 5603 1061 5658 Ez.
1107 5623 1176 5671 tv,
1209 5608 1294 5660 1‘2.
1374 5607 1419 5640 ⁸⁸
1450 5603 1731 5676 ὲκρεύσεις
1765 5603 1844 5662 vel
1866 5603 2153 5677 ἐκρήξειςῖ

566 5676 688 5723 L‘ml.
766 5676 810 5704 ⁵⁸³
835 5676 1285 5723 éuzlrooﬁvru?
1361 5679 1403 5709 ⁸¹
1447 5679 1589 5723 ἐπιδ-
1625 5684 1744 5723 nhil-
1823 5682 1866 5710 ⁸³
1893 5679 2153 5723 ﬂuit-mh

566 5689 688 5728 eiul.

650 5743 671 5754 ο

766 5676 810 5704 ⁵⁸³
835 5676 1285 5744 ὲμπληροῦνταιῖ
1361 5679 1403 5709 ⁸¹
1447 5679 1591 5732 ἐπιδ.
1625 5684 1744 5733 θοαί.

575 5815 842 5880 ομὸνοοιί.
924 5820 967 5850 ³⁹
1006 5817 1338 5888 ἐκρωκυχέαε
1392 5818 1492 5873 Th.
1573 5821 1616 5851 ⁶⁰
1651 5815 1741 5874 καὶ
1786 5823 1840 5873 ὲν
1872 5815 1939 5874 ll.
1983 5821 2103 5875 cotl.

2232 5605 2272 5636 ⁵⁷
2303 5605 2395 5657 καὶ
2418 5607 2483 5674 τῇ
2505 5602 2604 5672 μέν
2630 5603 2750 5660 cod.
2830 5605 2874 5635 "
2906 5603 3248 5674 προσεοικὼς
3271 5602 3406 5660 ήροιί.
3470 5604 3527 5674 θ’
3557 5602 3848 5672 βασιλείαν

1823 5682 1866 5710 δ’
1893 5674 2262 5748 θεοδωρήτου.
2300 5691 2480 5748 sermo
2525 5674 2624 5748 ΙίΙ.Δ
2648 5691 2769 5744 pag.
2798 5676 2884 5730 53.

574 5744 820 5819 ιιοῦνταιΔ
839 5749 962 5799 cod.
1041 5746 1084 5777 ⁵³
1115 5749 1247 5813 ἦστε.
1272 5751 1367 5819 ἐφ.
1394 5750 1504 5819 γΤΙι.
1583 5751 1628 5784 ⁵⁵
1655 5750 1752 5817 τὴν
1788 5751 2056 5819 σωμάτων
2079 5744 2146 5800 κει

2243 5748 2307 5816 ἡν
2340 5744 2440 5799 Th.
2522 5747 2568 5777 ⁵⁶
2605 5745 2699 5814 ἀφ.
2730 5763 2854 5800 κατ.
2887 5747 2990 5801 Th.

2986 5675 3032 5706 ⁸³
3062 5674 3392 5744 μιμούμενοι
3449 5673 3551 5744 Th.
3587 5703 3655 5712 -—
3677 5674 3849 5744 ἐκμε-

3069 5742 3336 5814 "ymo;
3376 5745 3463 5797 ἵνα
3487 5742 3589 5797 Tit.
3670 5744 3717 5773 ⁸⁸
3758 5743 3846 5795 δι-
