4088 6412
525 375 634 438 423

1739 371 2060 432 GEORGII
2110 370 2562 433 IIAMARTOLI

3699 369 3813 435 424

526 495 678 552 viros
705 503 927 562 ceperat
955 508 985 546 a
1021 490 1240 546 feminis
1276 490 1441 544 vinci.
1500 488 1565 542 Et
1589 487 1789 558 Cyrus,
1831 487 2118 544 Persarum

2230 490 2323 555 τὰς
2377 492 2609 560 Δαρείου
2663 488 2968 559 θυγατέρας
3021 489 3281 558 ἠνέσχετο
3309 489 3354 520 ³⁸
3402 488 3630 552 εὐειδεῖς
3668 490 3813 560 ἀγαν

526 605 645 655 rex,
674 604 740 644 ne
763 584 1276 654 connnisrtquidem
1302 594 1359 638 ut
1383 584 1850 652 contemplaretur
1875 582 2111 652 puellam

526 681 822 753 quamdam
847 678 1473 741 eximiam,destinatam
1497 676 1669 730 sibiet
1695 675 1854 744 cujus
1873 675 2116 744 pulchri-

530 776 710 832 tudini
736 775 917 830 resisti
949 786 1056 826 nou
1089 786 1249 842 posse
1272 779 1628 834 testarentur,
1649 771 1846 822 nedum
1877 767 2111 837 recepit;

526 868 663 938 quin
691 869 857 923 etiam
893 867 1035 921 hanc
1079 865 1302 919 assidue
1332 863 1607 918 videntem
1645 874 1700 916 et
1734 861 2007 915 dicentem
2035 861 2117 914 ni-

532 962 609 1017 hil
633 977 700 1016 οε
733 961 838 1016 hoc
863 973 923 1013 se
948 955 1188 1025 experiri
1221 955 1372 1020 mali,
1410 954 1730 1008 hortabatur
1761 962 1820 1008 ut
1851 953 1982 1008 illud
2017 967 2117 1009 nec

528 1052 762 1116 diceret,
825 1064 928 1104 nec
983 1056 1215 1117 ageret:
1276 1065 1294 1096 ι
1339 1045 1486 1114 Ignis
1527 1045 1698 1110 enim,
1760 1045 1959 1116 inquit,
2009 1049 2118 1100 urit

525 1159 626 1200 eos
648 1143 745 1214 qui
769 1156 941 1214 prope
973 1150 1128 1204 sunt,
1165 1137 1524 1209 pulchritudo
1555 1153 1687 1192 vero
1713 1147 1955 1192 remotos
1984 1152 2122 1206 quo-

528 1253 664 1311 que.
698 1257 717 1289 ι
750 1235 1023 1305 Quoniam
1055 1233 1224 1304 igitur
1251 1248 1317 1286 ex
1344 1243 1573 1301 aspectu
1598 1247 1752 1286 amor
1775 1231 2040 1302 gignitur,
2065 1242 2120 1287 et

529 1347 599 1387 ex
635 1345 827 1386 amore
864 1329 1161 1385 consensio
1204 1326 1284 1391 ﬁt,
1333 1335 1389 1379 et
1429 1339 1498 1379 ex
1545 1327 1910 1380 consensione
1965 1334 2119 1380 actus

527 1432 977 1487 consummatur,
1048 1429 1338 1490 propterea
1388 1417 1646 1472 Christus
1688 1419 2120 1486 intemperanter

535 1527 851 1590 pascentem
887 1515 1077 1572 oculos
1119 1514 1429 1569 adulterum
1465 1512 1752 1580 judicavit,
1798 1526 1907 1565 non
1936 1521 2118 1566 actum

533 1613 906 1678 solummodo,
930 1612 1024 1666 sed
1043 1610 1217 1680 ipsam
1246 1609 1636 1678 cogitationem
1667 1607 1943 1671 inhibens,
1975 1607 2121 1677 quod

535 1707 792 1763 Habacuc
834 1705 1074 1760 obscure
1121 1701 1491 1772 signiﬁcabat,
1543 1701 1734 1754 dicens
1770 1717 1783 1754 :
1831 1719 1848 1750 ι
1881 1700 2120 1754 Mundus

529 1809 618 1858 est
664 1800 863 1855 oculus
909 1806 1037 1852 tuus
1067 1811 1136 1850 ne
1168 1795 1348 1849 videat
1405 1793 1612 1848 malum
1654 1803 1709 1848 et
1757 1791 2015 1862 respiciat
2052 1791 2120 1845 ad

2223 585 2318 638 καὶ
2342 584 2646 654 παρθένους
2674 582 2860 646 οὔσας,
2901 583 3128 652 αἰσχρὸν
3174 581 3348 634 εἰπὼν
3389 579 3530 636 εἶναι
3560 585 3656 637 καὶ
3689 585 3814 638 λίαν

2222 679 2426 732 ἄτοπον
2454 678 2546 732 τὸν
2594 677 2795 748 ἄνδρας
2844 676 3035 730 ἑλόντα
3091 676 3194 728 ὑπὸ
3239 676 3520 744 γυναικῶν
3567 677 3816 749 ήττηθῆ.

2224 791 2335 826 ναι.
2368 774 2412 804 ³⁰
2452 773 2559 825 Καὶ
2602 772 2806 842 Κῦρος,
2839 773 2867 823 ό
2903 771 3130 842 Περσῶν
3184 770 3465 840 βασιλεὺς,
3521 772 3642 826 οὐδὲ
3690 773 3818 828 θεά·

2225 864 2424 918 σασθαι
2461 867 2631 936 κόρην
2681 865 2802 918 τινὰ
2853 864 3168 932 θαυμασίαν
3217 864 3614 934 ἀφορισθετσαν
3663 866 3816 937 αὑτῷ

2226 959 2321 1012 καὶ
2354 959 2640 1029 ἀμήχανον
2695 957 2891 1022 κάλλος
2941 959 3088 1030 (ῚΙδ)
3147 956 3298 1027 ἔχειν
3350 957 3818 1030 μαρτυρουμένην

2227 1052 2572 1118 κατεδέξατο,
2630 1051 2768 1105 ἀλλά
2822 1069 2884 1120 γε
2945 1051 3154 1122 καὶτῷ
3187 1051 3387 1118 ὁρῶντι
3419 1051 3666 1122 συνεχῶς
3719 1053 3818 1105 καὶ

2230 1144 2400 1216 μηδὲν
2440 1147 2504 1198 ἐκ
2531 1145 2727 1198 τούτου
2765 1145 2998 1214 πάσχειν
3052 1144 3225 1197 δεινὸν
3257 1145 3300 1177 ³¹
3335 1144 3549 1214 λέγοντι
3579 1145 3818 1217 παρῄνει

2231 1240 2378 1310 μήτε
2423 1237 2609 1306 λέγειν
2655 1237 2816 1291 τοῦτο
2875 1239 3012 1307 μήτε
3072 1237 3358 1307 πράττειν.
3399 1255 3418 1288 ε
3458 1237 3532 1290 Τὸ
3582 1237 3820 1308 μὲνγὰρ

2229 1330 2343 1404 πῦρ
2393 1349 2560 1403 φησιν
2605 1333 2733 1396 τοὺς
2773 1331 3004 1400 πλησίον
3037 1331 3082 1362 ⁸¹
3125 1331 3288 1394 ὄντας
3321 1332 3521 1395 καίειν,
3565 1331 3626 1384 τὸ
3656 1331 3823 1402 266

2227 1425 2283 1478 δὲ
2333 1426 2530 1490 κάλλος
2573 1425 2668 1479 καὶ
2709 1425 2836 1490 τοὺς
2892 1425 3180 1498 πόρρωθεν
3228 1427 3491 1488 ἑστῶτας.
3540 1424 3696 1477 Ἐπεὶ
3726 1423 3820 1477 οὖν

2229 1522 2294 1574 ἐκ
2327 1518 2422 1574 τοῦ
2452 1521 2589 1590 όρᾷν
2617 1521 2679 1573 τὸ
2711 1521 2847 1590 ὲρᾷν
2873 1521 3146 1586 τίκτεται,
3182 1523 3280 1574 καὶ
3324 1523 3390 1574 ἐκ
3429 1518 3526 1573 τοῦ
3554 1520 3685 1589 ὲρᾷν
3710 1517 3754 1550 ⁸³
3785 1519 3820 1590 ἡ

2232 1612 2637 1681 συγκατάθεσις
2665 1612 2900 1681 γίνεται,
2933 1614 3029 1666 καὶ
3061 1615 3126 1666 ὲκ
3159 1615 3258 1684 τῆς
3296 1611 3750 1681 συγκαταθέσεως
3780 1614 3816 1681 ἡ

2231 1705 2434 1776 πρᾶξις
2461 1704 2698 1758 τελεῖται
2725 1706 2794 1768 ³δ,
2823 1707 2913 1759 διὰ
2945 1706 3106 1759 τοῦτο
3132 1708 3178 1739 ³⁵
3203 1707 3231 1758 ό
3274 1706 3512 1777 Χριστὸς
3555 1704 3644 1757 τὸν
3683 1705 3821 1757 ἀκο-

2231 1801 2446 1863 λάστως
2482 1799 2752 1854 ἑστιῶντα
2782 1800 2882 1862 τὰς
2927 1799 3083 1870 ὄψεις
3132 1800 3320 1871 μοιχὸν
3353 1798 3591 1868 ἔκρινεν,
3626 1797 3686 1849 οὐ
3716 1797 3823 1866 τὴν

533 1895 748 1951 labores
773 1890 1004 1947 doloris.
1048 1907 1068 1941 ι
1121 1887 1446 1958 Rursusque
1497 1886 1772 1950 Socrates,
1828 1886 2042 1940 fortiter
2067 1894 2120 1941 et

2231 1893 2435 1966 πρᾶξιν
2469 1893 2652 1964 μόνον,
2715 1893 2851 1946 ἀλλὰ
2905 1895 3002 1947 καὶ
3024 1894 3069 1926 ³⁸
3100 1892 3313 1948 ἔννοιαν
3367 1891 3715 1946 ἀναστέλλων
3749 1890 3822 1944 ³³.

532 1987 826 2058 diligenter
865 1981 1147 2038 vitandam
1192 1994 1316 2036 esse
1358 1980 1564 2035 docens
1618 1980 2122 2048 intemperantiam,

532 2080 676 2136 dixit
700 2094 717 2132 :
743 2094 764 2131 t
785 2075 865 2132 Ne
887 2075 1197 2131 esurientes
1225 2073 1393 2128 nimis
1419 2075 1734 2137 comedunt,
1753 2087 1855 2128 nec
1876 2074 2123 2129 sitientes

537 2175 766 2230 multum
824 2170 1040 2227 bibant.
1079 2187 1099 2221 ι
1145 2167 1442 2222 Enimvero
1476 2165 1743 2222 Dominus
1773 2167 1910 2222 tales
1933 2169 2123 2225 beatos

534 2265 852 2341 praedicavit
880 2264 1068 2320 dicens
1092 2277 1107 2313 :
1137 2281 1158 2314 ε
1177 2262 1331 2316 Beati
1377 2273 1670 2331 pauperes,
1699 2261 1830 2330 quia
1877 2270 2120 2316 vestrum

535 2373 627 2420 est
656 2374 890 2430 regnum
923 2355 1058 2423 Dei;
1099 2356 1242 2411 beati
1269 2356 1362 2426 qui
1406 2369 1553 2410 nunc
1575 2355 1799 2410 esuritis
1835 2363 1890 2408 et
1935 2355 2122 2420 sititis,

534 2456 664 2527 quia
701 2448 1106 2514 saturabimini,
1138 2455 1194 2502 et
1247 2446 1393 2502 beati
1451 2446 1542 2517 qui
1592 2461 1736 2500 nunc
1786 2445 1949 2512 ﬁetis,
1987 2446 2112 2516 quia

538 2549 807 2605 ridebitis.
845 2565 864 2600 ι

2229 1988 2441 2060 (Ὅπερ
2471 1987 2563 2041 οὖν
2605 1987 2933 2056 Ἀμδακοίιμ
2960 1987 3338 2056 αἰνιττόμενος
3369 1985 3521 2054 ἔλεγε
3546 1984 3612 2016 ³⁸·
3649 2003 3667 2036 ι
3701 1985 3826 2036 Κα-

2228 2081 2398 2150 θαρδς
2427 2082 2456 2133 ὁ
2484 2079 2768 2150 ὀφθαλμός
2797 2097 2892 2132 σου
2916 2078 3012 2132 τοῦ
3045 2080 3121 2149 μὴ
3143 2080 3278 2150 όρᾷν
3308 2079 3518 2147 πονηρὰ
3553 2077 3648 2130 καὶ
3701 2077 3825 2128 ἐπι-

2230 2171 2454 2225 ϐλέπειν
2482 2173 2577 2224 ἐπὶ
2616 2173 2813 2234 πόνους
2835 2170 3032 2240 ὀδύνης
3066 2170 3132 2226 ³⁸.
3176 2171 3225 2239 ι)
3261 2171 3383 2223 Ἔτι
3417 2168 3474 2222 δὲ
3510 2168 3673 2222 πάλιν
3705 2170 3822 2222 Σω-

2227 2268 2442 2336 κράτης
2471 2267 2518 2299 ⁵⁸
2551 2264 2923 2336 φυλάττεσθαι
2976 2265 3181 2336 σφόδρα
3231 2264 3330 2318 καὶ
3381 2263 3817 2336 παρατηρεῖσθαι

2231 2359 2331 2429 τὴν
2364 2361 2640 2431 ἀκρασίαν
2694 2360 2970 2414 διδάσκων
3011 2359 3138 2431 ἔφη,
3178 2361 3254 2432 μὴ
3291 2359 3592 2424 πεινῶντας
3625 2359 3740 2411 λίαν
3768 2357 3812 2390 ⁵¹

2227 2451 2428 2506 ἐσθίειν
2455 2452 2551 2506 καὶ
2579 2455 2656 2524 μὴ
2678 2454 2723 2485 δ’
2754 2453 3030 2524 διψῶντας
3068 2454 3233 2508 πολλά
3284 2455 3488 2510 πίνειν.
3536 2454 3647 2506 Καὶ
3709 2453 3823 2521 γὰρ

2224 2547 2254 2597 ό
2318 2546 2524 2618 Κύριος
2576 2549 2886 2619 ἐμακάρισε
2945 2550 3076 2610 τοὺς
3137 2547 3421 2611 τοιούτους
3467 2545 3822 2616 (φάσκων⁸⁹⁶

541 2663 561 2695 ε
591 2642 872 2714 Μακάριοι
900 2643 949 2696 oi
985 2640 1216 2712 πτωχοὶ,
1246 2641 1331 2693 ὅτι
1366 2636 1546 2691 αὐτῶν
1594 2637 1743 2688 ἐστιν
1788 2636 1823 2705 ἡ
1873 2633 2122 2704 βασιλεία
2159 2635 2270 2690 τῶν
2309 2639 2580 2709 οὐρανῶν·
2646 2639 2914 2712 μακάριοι
2941 2641 2991 2693 oi
3053 2641 3352 2705 πεινῶντες
3375 2641 3470 2695 νῦν
3499 2643 3590 2695 καὶ
3614 2640 3824 2711 διψῶν-

537 2753 654 2802 τες,
681 2738 768 2790 δτι
807 2733 1270 2806 χορτασθήσεσθε·
1313 2733 1410 2785 καὶ
1461 2731 1722 2800 μακάριοι
1753 2729 1803 2781 οί
1839 2729 2122 2792 κλαίοντες
2160 2729 2277 2791 νῦν.
2310 2731 2392 2784 ὅτι
2419 2733 2683 2798 γελάσετε
2716 2736 2784 2805 ι).

612 2829 848 2886 Ubinam
886 2842 1017 2900 ergo
1056 2837 1187 2882 sunt
1227 2825 1322 2896 qui
1367 2823 1586 2880 mollem
1635 2832 1691 2876 et
1741 2823 2033 2877 delicatam
2075 2832 2130 2878 et

538 2924 942 2995 voluptuariam
989 2922 1156 2976 vitam
1199 2926 1503 2982 sectantur,
1550 2927 1608 2972 et
1631 2917 1750 2988 qui,
1799 2917 1956 2987 quasi
2001 2931 2127 2970 eum

2305 2825 2417 2897 (19)
2458 2826 2566 2880 Ποῦ
2596 2829 2777 2883 τοίνυν
2801 2829 2942 2882 εἰσιν
2976 2832 3023 2884 οἱ
3058 2829 3149 2884 τὸν
3189 2830 3537 2903 ἁϐροδίαιτον
3565 2832 3661 2886 καὶ
3687 2846 3819 2903 τρυι

2231 2919 2402 2989 φηλόν
2435 2936 2489 2973 τε
2538 2922 2633 2975 κει)⁴
2687 2922 2975 2993 ἀνειμένον
3034 2923 3465 2994 μεταδιώκοντες
3529 2923 3666 2993 βίον,
3725 2923 3822 2977 καὶ

539 3019 761 3076 licentia
791 3028 847 3074 et
875 3017 1178 3074 securitate
1219 3023 1395 3070 totum
1437 3013 1708 3069 mundum
1756 3015 2012 3079 habeant,
2063 3028 2123 3068 eo

2230 3009 2422 3081 ὥσπερ
2453 3012 2544 3064 ἐπ’
2564 3012 2818 3078 ἐξουσίας
2838 3015 2929 3066 τὸν
2953 3015 3159 3085 κόσμον
3178 3015 3393 3087 ἔχοντες
3415 3014 3591 3080 ἀδεῶς
3613 3016 3820 3080 πάντα,

539 3115 608 3170 ad
671 3112 1022 3170 saturitatem
1072 3119 1304 3166 utuntur
1341 3125 1466 3165 cum
1513 3108 1789 3178 voluptate
1833 3120 1890 3163 et
1934 3107 2046 3161 risu
2074 3115 2123 3161 el

2233 3103 2422 3158 λοιπὸν
2460 3105 2580 3175 μεθ’
2624 3106 2841 3176 ἡδονῆς,
2874 3109 2968 3160 καὶ
2997 3108 3259 3176 γέλωτος,
3287 3110 3384 3162 καὶ
3407 3111 3816 3181 αἰσχρολογίας,

540 3207 876 3278 turpiloquio
915 3213 971 3260 et
999 3203 1171 3258 effusa
1197 3203 1408 3269 laetitia,
1448 3211 1502 3257 et
1541 3174 1748 3271 absque
1786 3200 1894 3255 ullu
1930 3198 2020 3254 Dei
2061 3200 2123 3252 ti-

2233 3196 2326 3250 καὶ
2359 3174 2684 3267 διαχύσεως,
2711 3174 2806 3252 καὶ
2839 3174 3072 3268 ἀφοϐίας
3100 3201 3238 3254 Θεοῦ
3280 3174 3692 3276 χρῶνται-’πρὸς

539 3314 731 3368 more;
764 3299 969 3370 quibus
1001 3297 1183 3352 omnis
1214 3296 1331 3352 dies
1359 3297 1412 3350 in
1447 3293 1660 3350 deliciis
1687 3293 1918 3347 teritur?
1960 3305 2128 3360 appe-

541 3395 645 3448 titu
679 3393 827 3448 enim
861 3399 1079 3460 tempus
1117 3388 1408 3444 deﬁniunt.
1447 3386 1504 3441 Si
1545 3389 1690 3441 enim
1723 3397 1939 3438 summo
1970 3397 2131 3436 mane

544 3483 720 3538 fames
744 3479 986 3546 invadat,
1001 3478 1289 3534 confestim
1318 3480 1500 3533 cibum
1519 3483 1834 3546 apponunt;
1865 3489 1992 3528 nam
2021 3487 2128 3527 non

543 3577 659 3632 hac
711 3575 777 3630 ad
809 3576 1222 3638 comestiOnem,
1282 3571 1372 3626 illa
1437 3571 1502 3625 ad
1551 3571 1853 3624 orationem
1902 3566 2127 3620 deﬁnita

545 3676 678 3723 sunt
705 3666 786 3722 eis
836 3677 1103 3736 tempora,
1151 3665 1246 3721 sed
1294 3663 1553 3718 omnibus
1597 3661 2026 3728 intemperanter
2077 3668 2130 3712 et

549 3758 869 3815 indistincte
922 3769 977 3812 et
1012 3757 1416 3812 inconsiderate
1467 3753 1760 3816 fruuntur,
1821 3760 1879 3804 ut
1931 3764 2130 3804 mensae

539 3852 860 3909 adoratores
907 3859 964 3906 et
1014 3850 1221 3904 ventris
1269 3847 1437 3907 servi,
1481 3861 1603 3916 quae
1655 3844 1873 3913 quidem
1939 3856 2128 3897 mensa

539 3949 665 4019 jure
713 3961 778 4001 ac
813 3943 1034 4015 proprie
1082 3953 1372 3999 vocaretur
1415 3940 1676 3995 cathedra
1715 3937 2040 4009 pestilenti-.e
2078 3947 2133 3991 et

541 4053 783 4114 pmepe
823 4041 1128 4095 brutorum.
1177 4035 1293 4090 Nisi
1332 4033 1477 4090 enim
1527 4048 1592 4088 ex
1623 4031 1794 4086 multa
1838 4030 2050 4087 insania
2079 4038 2132 4084 et

548 4135 888 4192 bestialitate'
919 4133 1072 4188 obliti
1119 4130 1352 4184 fuissent
1397 4142 1523 4182 eum
1559 4126 1653 4196 qui
1700 4131 1897 4180 cuncta
1945 4131 2128 4177 nostra

2235 3308 2351 3362 ρον,
2373 3293 2467 3344 καὶ
2495 3293 2710 3362 τρυφῆς
2737 3293 2923 3355 αὐτοῖς
2955 3295 3150 3364 καιρὸς
3183 3295 3352 3359 ἀπας,
3385 3300 3451 3367 τῇ
3503 3301 3607 3370 γὰρ
3642 3297 3822 3368 ὀρέξει

2234 3384 2326 3436 τὸν
2359 3383 2553 3454 καιρόν
2571 3384 2868 3452 ὁρίζονται·
2901 3387 3005 3439 κᾶν
3030 3386 3255 3454 ἕωθενὴ
3286 3388 3449 3440 πείνα
3479 3391 3820 3463 προσϐάλλῃ,

2235 3478 2552 3548 παραυτίκα
2570 3475 2670 3547 τὴν
2689 3479 2898 3550 τροφὴν
2922 3478 3342 3547 προσφέρουσιν·
3367 3480 3426 3532 οὗ
3453 3480 3560 3547 γὰρ
3585 3480 3823 3550 ὥρισται

2230 3569 2394 3623 τοῦτο
2449 3571 2549 3640 μὲν
2583 3569 2808 3634 ἐσθίειν,
2861 3570 3042 3621 ἐκεῖνο
3099 3569 3156 3620 δὲ
3217 3571 3628 3638 παραιτεῖσθαι,
3681 3571 3824 3624 ἀλλὰ

2233 3663 2452 3715 πάντων
2484 3662 2741 3732 ἀκρατῶς
2789 3661 2883 3715 καὶ
2919 3661 3232 3730 ἀδιαφόρως
3269 3661 3363 3712 καὶ
3395 3660 3823 3730 ἀπερισκέπτως

2235 3757 2614 3811 ἀπολαύουσιν
2669 3756 2746 3818 ὡς
2796 3753 3243 3825 τραπεζολόιτραι
3292 3753 3386 3805 καὶ
3447 3753 3824 3818 κοιλιόδουλοι,

2233 3852 2357 3922 ἥτις
2388 3868 2451 3919 γε
2473 3849 2724 3921 τράπεζα
2751 3851 2979 3911 είκότως
3009 3847 3074 3901 ἂν
3105 3848 3334 3919 κληθείη
3359 3849 3566 3917 κυρίως
3583 3849 3826 3918 καθέδρα

2233 3943 2444 4013 λοιμῶν
2481 3945 2576 3996 καὶ
2615 3943 2827 4010 ἀλόγων
2858 3943 3057 4010 φάτνη.
3123 3941 3184 3993 Εί
3231 3941 3343 4010 γὰρ
3395 3941 3469 4010 μὴ
3502 3943 3566 3994 ὲκ
3621 3940 3827 4010 πολλῆς

2235 4037 2462 4105 ἀλογίας
2493 4035 2590 4089 καὶ
2640 4033 2974 4105 ἀπροσεξὶας
3026 4033 3533 4104 ἁπεκτηνώθησαν,
3570 4033 3831 4086 ἐπιλαθό-

2239 4143 2389 4196 μενοι
2432 4129 2524 4180 τὸν
2573 4127 2823 4180 συνιόντα
2875 4129 2956 4190 είς
3015 4127 3195 4179 πάντα
3241 4127 3311 4180 τὰ
3341 4126 3478 4197 ἔργα
3533 4129 3695 4197 ἡμῶν
3727 4130 3830 4181 καὶ

539 4229 805 4301 perspicit
852 4242 1043 4300 opera,
1097 4234 1151 4280 et
1185 4223 1254 4278 de
1307 4223 1589 4277 levissimo
1627 4220 1792 4275 verbo
1825 4231 2046 4287 quoque
2078 4224 2133 4270 et

541 4327 612 4379 de
671 4322 1006 4392 cogitatione
1061 4331 1253 4388 poenas
1311 4323 1607 4368 exacturus
1655 4319 1760 4373 est,
1825 4323 1954 4360 num
2000 4319 2123 4360 sane

2236 4313 2520 4379 πράττειν,
2567 4311 2668 4364 οὐκ
2717 4310 2783 4364 ἂν
2835 4310 3106 4381 δήπουθεν
3160 4313 3302 4381 μετά
3357 4313 3661 4385 φλυαριῶν,
3727 4320 3827 4367 καὶ

542 4431 670 4472 cum
697 4413 1019 4482 vaniloquio
1043 4419 1100 4465 et
1132 4406 1510 4462 malevolentia
1543 4411 1599 4458 et
1628 4403 1738 4455 risu
1773 4409 1828 4453 et
1868 4398 2123 4466 blasphe-

2237 4405 2554 4467 κακονοίας,
2581 4404 2676 4456 καὶ
2703 4403 2963 4471 γέλωτος,
2983 4403 3077 4456 καὶ
3100 4403 3455 4475 βλασφημίας
3484 4405 3583 4474 τὴν
3612 4407 3832 4460 θεόσδο-

543 4508 654 4561 mia
689 4520 720 4558 a
748 4503 858 4558 Deo
888 4503 1078 4556 datum
1105 4501 1288 4555 cibum
1318 4501 1618 4559 sumerent,
1649 4509 1756 4545 non
1782 4491 2123 4545 recordantes

2235 4515 2329 4552 τον
2357 4499 2567 4568 τροφὴν
2606 4497 3039 4568 μετελάμϐανον,
3086 4499 3586 4571 ἁμνημονήσαντες
3610 4503 3706 4554 τοῦ
3732 4501 3830 4554 λέ-

543 4592 826 4648 dicentis:
867 4591 1067 4661 Utique
1122 4596 1176 4643 et
1213 4607 1230 4637 ε
1271 4588 1339 4642 de
1399 4586 1578 4640 otioso
1629 4583 1794 4636 verbo
1858 4581 2123 4635 rationem

2233 4608 2424 4662 γοντος
2444 4591 2622 4654 δ”,ὃτι
2675 4593 2772 4644 καὶ
2826 4593 3012 4663 «ὑπὲρ
3065 4593 3240 4662 ἀργοῦ
3300 4593 3462 4662 λόγου
3511 4593 3668 4662 λόγον
3723 4594 3834 4648 δώ.

546 4687 841 4742 reddemus
897 4685 954 4739 in
1005 4683 1096 4738 die
1141 4680 1334 4752 judicii
1382 4690 1438 4735 et
1477 4676 1908 4748 justiﬁeationis,
1957 4684 2013 4730 et
2065 4691 2123 4728 ex

2235 4703 2404 4758 σομεν
2438 4687 2496 4738 ὲν
2537 4685 2722 4756 ἡμέρᾳ.
2749 4685 2988 4755 κρίσεως
3029 4686 3124 4738 καὶ
3147 4686 3469 4755 ἀπολογίας,
3511 4688 3602 4742 καὶ
3627 4691 3689 4742 ὲκ
3715 4691 3832 4742 τῶν

544 4781 730 4834 verbis
759 4777 962 4833 nostris
988 4774 1175 4847 pravis
1211 4769 1706 4829 condemnabimur
1745 4787 1763 4820 ι
1791 4779 1847 4823 et
1888 4786 1906 4820 ι
1941 4769 2009 4822 de
2036 4779 2123 4822 ore

2231 4780 2409 4848 λόγων
2432 4778 2592 4849 ἡμῶν
2617 4778 2728 4829 τῶν
2764 4778 2988 4844 φαύλων
3015 4778 3596 4852 κατακμθησόμεθαη
3633 4781 3722 4834 καί
3755 4782 3829 4812 ⁸⁸*

543 4884 642 4928 tuo
671 4883 723 4926 te
751 4870 961 4943 iudico,
989 4883 1146 4924 serve
1186 4880 1441 4936 nequam.
1487 4885 1505 4917 ι

619 4965 762 5036 Ergo
793 4977 1144 5035 summopere
1175 4960 1557 5016 insaniverunt
1575 4957 1796 5028 quidam
1821 4969 1888 5010 ex
1913 4954 2128 5024 simpli-

541 5059 784 5115 cioribus
802 5057 1164 5114 saecularibus
1175 5055 1442 5119 dicentes,
1468 5054 1533 5106 ad
1556 5053 1768 5107 ruinam
1786 5048 2126 5106 audientium

543 5162 602 5206 et
629 5152 733 5209 sibi
769 5152 932 5208 ﬁdem
962 5151 1364 5212 adhibentium,
1393 5149 1654 5219 quoniam
1679 5147 1961 5217 inquiunt,
1986 5144 2130 5199 Solis

543 5244 830 5299 monachis
878 5245 1165 5301 molestius
1184 5250 1237 5299 ct
1292 5242 1515 5312 gravius
1561 5241 1754 5311 jugum
1813 5238 2128 5309 impositura

2239 4219 2400 4289 μέχρι
2431 4217 2593 4287 ψιλοῦ
2626 4219 2873 4288 ῥήματος
2919 4219 3015 4271 καὶ
3068 4219 3460 4289 ἐνθυμήματος
3501 4220 3659 4284 δίκας
3707 4223 3827 4273 εἱσ-

2241 4893 2258 4925 ι
2298 4872 2393 4926 Ἐκ
2421 4872 2518 4925 τοῦ
2557 4869 2822 4940 στόματός
2851 4888 2945 4924 σου
2989 4870 3161 4942 κρινῶ
3190 4887 3270 4937 σε,
3300 4873 3506 4944 πονηρὲ
3529 4871 3706 4926 δοῦλε.
3754 4893 3771 4925 ι

2309 4964 2472 5035 267
2509 4963 2623 5032 (ΞΟ)
2656 4962 2868 5016 Οὐκοῦν
2924 4961 3354 5034 ἐματαιώθησαν
3408 4962 3470 5028 ἐξ
3523 4965 3832 5032 ἐπιμέτρει)

2241 5059 2449 5128 σφόδρα
2471 5058 2614 5120 τινες
2641 5057 2751 5110 τῶν
2779 5055 3157 5126 ἁφελεστὲρων
3185 5057 3492 5124 κοσμικῶν,
3521 5056 3833 5124 φάσκοντες

2241 5153 2335 5204 επὶ
2361 5151 2715 5222 καταστροφῇ
2740 5149 2851 5204 τῶν
2882 5149 3192 5202 ἀκουόντων
3231 5149 3327 5202 καὶ
3363 5149 3705 5221 πειθομένων
3728 5152 3835 5204 αὺ-

2238 5242 2377 5305 τοῖς,
2423 5240 2506 5292 ὅτι
2561 5240 2697 5310 φησὶ
2723 5239 2790 5307 ⁸⁸,
2835 5240 3105 5309 Μοναχοῖς
3143 5239 3326 5310 μόνοις
3364 5243 3394 5293 ό
3423 5237 3835 5311 ἀπεχθέστερος

1747 5406 1951 5469 Variae
1982 5403 2294 5466 lectiones
2343 5413 2406 5466 et
2450 5413 2642 5466 notae.

610 5588 655 5618 ”
688 5583 738 5638 θ.
763 5587 810 5639 ὲ.
839 5583 895 5637 ἀ.
962 5583 1056 5636 καὶ
1106 5599 1169 5636 π.
1193 5583 1247 5655 ό,
1264 5577 1354 5655 ἦν.
1395 5579 1698 5655 Απαντελῶς
1743 5580 1811 5655 ἀ.
1867 5578 2101 5655 νομίσας

2253 5574 2386 5655 Cod.
2429 5647 2440 5655 .
2464 5576 2509 5607 ⁸⁸
2538 5575 2696 5655 Οὕτω
2716 5574 2773 5628 δέ
2794 5574 3116 5655 _t_idi_l._C§d..
3186 5576 3227 5608 "
3247 5577 3576 5655 _6._1t._Ced.
3656 5583 3699 5613 ³¹
3730 5585 3834 5642 πλ.

540 5659 724 5729 πάντῃ
750 5655 992 5729 ἑστῶτας
1017 5655 1182 5729 Διια-ίει
1210 5646 1342 5729 (Sed.
1381 5649 1805 5729 Cyrop._5._l._10
1832 5649 1895 5703 τὸ
1930 5646 2044 5729 πῦρ
2077 5650 2283 5729 πάντας
2316 5647 2518 5729 ὁμοίως
2547 5646 2714 5729 καίει..
2743 5719 2758 5729 _
2791 5648 2837 5678 ⁸³
2864 5648 3362 5729 το-ξρᾷνμὲκτοῦό
3401 5653 3530 5707 Ced.
3609 5655 3652 5686 ³⁵
3675 5656 3831 5713 ὲπιτ,

541 5731 672 5782 (ἑκά.
694 5716 724 5729 ”
749 5727 794 5758 ³³
811 5726 906 5780 καλ⁵
927 5725 1054 5780 add.
1075 5724 1210 5779 Ced.
1287 5724 1332 5757 ³⁸
1365 5716 1464 5794 τὴν
1493 5716 1615 5777 add.
1637 5723 1770 5777 (led.
1797 5734 1851 5775 et
1880 5716 2027 5794 coda,
2081 5722 2122 5751 ³⁷

2230 5716 2632 5794 [σανζίὶοιιηῄθθ
2662 5716 2797 5794 "ab.
2820 5735 2878 5794 ﬁt,
2904 5716 2989 5774 15.
3021 5716 3031 5720 ⁷
3066 5719 3108 5751 ⁸⁸
3149 5719 3398 5794 ὀδυνήσει
3432 5724 3552 5778 end.
3635 5725 3678 5755 “
3711 5728 3826 5780 Καὶ

541 5801 571 5848 ό
609 5799 667 5852 Σ.
694 5797 750 5850 δὲ
779 5815 836 5850 τε.
862 5797 995 5852 Oed.
1105 5798 1146 5828 δ’
1176 5798 1251 5867 μή
1283 5788 1431 5850 (3rd.-
1457 5800 1558 5850 bis.
1659 5795 1702 5825 δ’
1735 5794 1867 5865 μηδὲ
1923 5793 2055 5847 (Leti.

542 5867 634 5920 22.
712 5869 758 5898 ⁸⁸
787 5869 918 5920 φασί
945 5870 966 5920 ?

2230 5790 2358 5844 Luc.
2403 5806 2472 5853 ιι,
2514 5788 2605 5843 20.
2732 5792 2774 5821 ⁸⁸
2815 5792 3009 5846 Matth.
3043 5806 3154 5856 xu,
3203 5788 3389 5856 56,37.
3469 5795 3512 5825 "
3544 5794 3678 5850 Luc.
3711 5813 3831 5866 xix,

581 5875 634 5921 2.
712 5875 758 5898 “
787 5875 918 5939 φασί
945 5875 959 5920 l
