4088 6404
434 426 534 491 431

1641 409 1966 474 GEORGII
2007 405 2465 470 HAMARTOLI

3608 388 3715 452 43?.

433 556 661 601 manum
694 552 875 604 suam,
914 543 1101 606 tangat
1139 532 1347 604 lignum
1386 529 1530 596 vitae,
1571 537 1626 583 et
1657 523 1930 590 comedat,
1961 531 2016 578 et

2132 518 2426 592 ἐρχομένην
2479 516 2617 591 πρός
2674 533 2743 586 με
2803 511 3226 578 συντελοῦνται,
3285 512 3335 566 εί
3387 511 3444 566 δὲ
3483 509 3583 582 μὴ,
3624 509 3720 562 ἳνα

434 638 584 693 vivat
613 632 668 689 in
699 639 994 694 aeternum,
1033 645 1052 679 ι
1087 625 1395 697 ignorantis
1442 631 1497 677 et
1541 617 1839 674 invidentis
1879 615 2016 670 iudi-

432 729 580 785 cium
609 732 748 788 est;
779 721 928 776 sicut
974 727 1030 774 et
1079 716 1269 774 istud:
1307 735 1324 769 ι
1381 713 1558 768 Mente
1599 709 1825 782 agitavit
1872 706 2017 762 Deus

431 819 577 891 quod
602 797 828 872 fecisset
853 812 1155 875 hominem,
1201 826 1220 860 ι
1254 802 1593 878 poenitentiae
1621 810 1676 857 et
1710 801 2020 855 futurorum

432 911 741 971 inscientiae
788 908 1009 978 signum
1062 912 1166 960 est.
1218 900 1284 955 Et
1331 899 1437 953 hoc
1482 914 1496 952 :
1553 913 1573 947 ι
1613 893 1891 949 Odoratus
1935 896 2023 944 est

436 1006 701 1062 Dominus
737 1002 961 1057 odorem
995 992 1306 1059 suavitatis,
1341 1009 1360 1044 ι
1397 987 1568 1058 indigi
1601 996 1732 1042 nota
1759 993 1863 1052 est,
1883 982 2024 1038 sicut

432 1110 487 1154 ct
536 1105 748 1153 tentare
781 1090 1060 1149 Abraham
1105 1098 1153 1142 et
1205 1087 1344 1141 alios
1378 1082 1603 1138 malitia:
1636 1087 2022 1151 argumentum

432 1200 538 1257 est,
591 1197 648 1244 et
698 1187 862 1240 tinem
917 1179 1240 1238 tentationis
1303 1191 1412 1231 non
1462 1171 1825 1243 prmscieutis.
1886 1186 1905 1220 ι
1955 1169 2026 1222 At

433 1285 631 1339 Petrus
650 1279 788 1336 dixit
815 1273 1029 1330 Simoni
1054 1291 1068 1326 :
1099 1290 1117 1324 ι
1143 1270 1201 1325 Si
1228 1283 1407 1324 caecus
1430 1265 1697 1321 formatus
1716 1271 1801 1318 est
1827 1261 2022 1326 Adam,

438 1383 498 1429 ut
547 1371 710 1433 dicis,
757 1363 1038 1439 quomodo
1070 1361 1340 1418 mandans
1376 1356 1428 1412 ei
1475 1355 1644 1420 Deus,
1693 1350 1933 1408 ostendit
1972 1349 2024 1406 ei

433 1464 627 1520 dicens
659 1477 672 1516 :
711 1479 731 1512 ι
771 1459 847 1514 De
885 1457 1036 1527 ligno
1071 1461 1255 1508 autem
1281 1448 1529 1506 scientia
1556 1444 1687 1500 boni
1713 1450 1766 1498 et
1807 1440 1937 1496 mali
1959 1455 2024 1495 ne

433 1554 763 1614 comedatis.
799 1569 818 1604 ι
855 1551 924 1605 At
955 1548 1148 1604 Simon
1201 1543 1379 1601 dicit:
1429 1559 1448 1593 ‹
1500 1537 1656 1595 Caeca
1702 1541 1822 1591 erat
1869 1547 2024 1588 mens

432 1652 580 1723 ejus.
617 1668 637 1702 ι
686 1644 752 1700 Et
793 1644 1037 1700 Petrus:
1077 1658 1097 1692 ι
1137 1634 1426 1704 Quomodo
1469 1637 1652 1686 mente
1685 1641 1864 1683 caecus
1906 1632 2027 1679 erat

433 1720 553 1817 qui,
589 1742 911 1813 priusquam
947 1739 1223 1804 gustasset
1267 1729 1335 1784 de
1378 1725 1601 1790 arbore,
1637 1720 2025 1778 convenienter

431 1805 691 1892 omnibus
740 1805 1076 1882 animalibus
1114 1821 1459 1889 imposuerat
1507 1810 1777 1868 nomina?
1809 1828 1828 1863 ›
1864 1805 2022 1875 Quod

432 1930 582 1987 enim
617 1933 672 1981 et
703 1923 904 1978 animae
951 1926 1008 1973 et
1049 1912 1303 1984 corporis
1338 1907 1530 1965 oeulos
1571 1912 1797 1976 apertos
1839 1901 2022 1956 habe-

435 2031 581 2089 rent,
622 2028 680 2076 et
725 2017 975 2072 videntes
1019 2016 1207 2067 essent
1238 2016 1296 2062 et
1326 2002 1500 2058 Adam
1534 2008 1588 2056 et
1626 1997 1761 2064 Eva,
1785 1993 2024 2058 inanilo-

433 2085 584 2172 stum
649 2116 756 2167 est.
791 2126 810 2161 ι
844 2106 990 2162 Cum
1038 2101 1273 2158 vidisset
1328 2097 1517 2168 igitur,
1569 2090 1774 2161 inquit,
1824 2085 2024 2142 mulier

432 2207 583 2282 quod
628 2207 832 2261 bonum
876 2208 1026 2255 esset
1068 2196 1276 2267 lignum
1317 2191 1384 2245 ad
1422 2187 1772 2249 vescendum,
1806 2189 1862 2236 et
1900 2178 2025 2250 pul-

433 2272 632 2360 chrum
691 2295 892 2361 oculis,
947 2297 1286 2361 aspectuque
1358 2278 1706 2344 delectabile,
1761 2275 1888 2330 tulit
1957 2272 2026 2328 de

434 2398 616 2453 fructu
651 2391 822 2456 illius,
872 2385 1132 2448 comedit,
1181 2377 1440 2448 deditque
1485 2374 1652 2430 etiam
1683 2370 1802 2425 viro
1840 2381 1963 2423 suo.
1999 2383 2020 2417 ι

433 2491 578 2559 Ergo
613 2486 684 2552 si,
730 2482 1037 2553 speciosam
1071 2469 1427 2540 contemplati
1471 2466 1750 2529 arborem,
1787 2461 2025 2515 fructum

433 2552 658 2652 quoque
698 2552 1086 2632 comederunt,
1125 2563 1483 2619 manifestum
1528 2567 1613 2614 est
1648 2552 1821 2627 quod,
1857 2554 2025 2608 etiam

435 2641 732 2741 antequam
784 2665 970 2719 fructu
1012 2662 1395 2718 vescerentur,
1436 2649 1564 2707 boni
1606 2659 1663 2704 et
1715 2646 1845 2700 mali
1879 2641 2027 2698 noti-

436 2769 570 2824 tiam
603 2759 918 2821 babuerint,
967 2764 1023 2811 et
1071 2753 1249 2808 visum
1299 2745 1680 2804 acutissimum
1715 2748 1916 2795 cuncta
1949 2736 2029 2791 vi-

438 2864 569 2918 dere
613 2857 911 2912 valentem.
960 2846 1079 2903 Non
1130 2845 1300 2917 igitur
1351 2840 1511 2912 quasi
1565 2846 1688 2908 post
1739 2833 1922 2890 cibum
1977 2838 2032 2886 et

436 2948 934 3025 transgressionem
991 2941 1173 2996 visum
1229 2937 1561 3007 receperint,
1620 2931 1829 2986 dictum
1892 2935 2026 2982 est:

445 3069 464 3103 ι
499 3022 690 3118 Aperti
735 3048 865 3098 sunt
914 3049 1108 3092 eorum
1162 3030 1346 3097 oculi;
1400 3047 1418 3082 ι
1471 3026 1840 3083 ostenduntur
1879 3022 2027 3078 enim

437 3113 603 3198 etiam
649 3143 778 3192 ante
837 3131 1022 3188 cibum
1078 3126 1348 3186 videntes,
1413 3130 1473 3175 ut
1520 3118 1677 3185 dixi;
1728 3115 1825 3173 sed
1882 3113 2028 3184 quod

440 3237 714 3292 malorum
765 3221 1218 3296 iuexperientiam
1270 3215 1656 3287 deposuissent
1706 3227 1802 3282 per
1847 3221 2101 3319 trans-c

442 3329 808 3401 gressionem,
863 3317 1011 3389 quod
1063 3315 1230 3370 etiam
1289 3309 1576 3367 scientiam
1620 3303 2026 3360 inditlerentem

441 3399 524 3478 eis
572 3416 824 3491 praebuit,
873 3411 1085 3468 dictum
1133 3415 1221 3461 est
1262 3423 1276 3460 :
1337 3421 1356 3456 ι
1409 3399 1599 3472 Aperli
1649 3405 1778 3454 sunt
1833 3405 2026 3450 eorum

439 3514 626 3578 oculi;
661 3529 680 3562 ι
711 3523 810 3563 sua
845 3504 992 3561 enim
1038 3509 1234 3555 natura
1268 3495 1433 3551 habet
1478 3491 1675 3548 oculus
1709 3497 1767 3543 ut
1799 3501 1896 3556 per
1933 3499 2029 3538 co-

441 3575 760 3678 gitationem
784 3598 1052 3655 excitetur
1079 3593 1145 3648 ad
1171 3606 1235 3647 ea
1259 3605 1382 3660 quae
1411 3585 1745 3644 considerat,
1767 3575 2028 3648 quoniam

443 3667 867 3766 intelligentiam
915 3690 1032 3760 ipse
1077 3701 1174 3756 per
1218 3682 1458 3752 seipsutu
1505 3691 1617 3733 non
1657 3674 1844 3728 habet.
1872 3667 2030 3725 Unde

445 3794 505 3845 tit
543 3798 603 3843 ut
631 3761 798 3856 saepe,
839 3783 972 3838 dum
999 3779 1066 3835 ad
1099 3776 1205 3832 alia
1247 3771 1510 3845 cogitatio
1539 3775 1867 3836 occupatur,
1899 3761 2030 3818 caeci

443 3883 615 3938 instar
648 3854 815 3936 etiam
851 3873 1100 3946 apprime
1127 3876 1255 3926 nota
1281 3874 1697 3936 praetereamus,
1727 3866 1782 3913 et
1809 3854 2031 3928 quando

443 3976 751 4048 arguimur,
777 3971 834 4025 in
865 3965 1065 4024 mentis
1095 3959 1514 4032 occupationem
1548 3967 1772 4010 causam
1797 3945 2034 4005 transfe-

443 4044 648 4134 rentes,
681 4062 1058 4130 nosmetipsos
1082 4065 1414 4111 excusemus
1445 4064 1460 4103 :
1495 4050 1570 4103 ita
1604 4059 1824 4118 quoque
1855 4044 2031 4096 Adam

441 4170 497 4217 et
525 4131 641 4213 Eva.
668 4169 836 4213 sensu
884 4149 1086 4206 mentis
1129 4147 1198 4202 ad
1240 4144 1421 4200 visum
1473 4138 1698 4196 excitati
1724 4145 1872 4193 sunt.
1906 4131 2035 4188 Haec

443 4257 590 4313 enim
626 4272 640 4308 :
681 4271 700 4304 ι
738 4247 928 4320 Aperti
958 4254 1089 4302 sunt
1118 4256 1309 4299 eorum
1339 4237 1510 4306 oculi,
1560 4245 1617 4292 et
1656 4236 2036 4304 cognoverunt

444 4365 506 4406 se
551 4361 677 4403 esse
743 4342 946 4404 nudos,
999 4356 1019 4390 ι
1076 4336 1472 4392 revelationem
1519 4327 1822 4384 ostendunt
1882 4323 2032 4377 intus

446 4438 777 4510 cogitatione
807 4433 1030 4497 tactam,
1087 4444 1199 4485 non
1250 4428 1404 4484 visus
1435 4423 1722 4482 oculorum
1745 4428 2037 4486 recupera-

447 4535 693 4596 tionem;
735 4532 829 4584 sed
876 4538 1101 4581 sensum
1148 4532 1272 4592 post
1316 4527 1604 4589 peccatum
1633 4522 1919 4583 expertum
1953 4510 2037 4566 sic

2122 613 2270 682 γνῶ·
2295 631 2314 665 ι
2342 611 2436 666 καὶ
2453 610 2647 665 ἑαυτὸν
2675 608 2976 680 ἀγνοοῦντα
3006 607 3054 639 ’⁸
3077 606 3375 661 δείκνυσιν.
3408 604 3521 658 Καὶ
3550 604 3614 658 τὸ
3641 605 3720 656 εί-

2125 707 2249 758 πεϊν
2266 704 2397 777 περὶ
2416 703 2511 757 τοῦ
2546 703 2741 773 Ἀδάμ’
2773 721 2792 755 ι
2815 699 3374 772 Ἐκϐάλωμενξαύτδν,
3405 701 3601 770 μήπως
3625 701 3720 752 ὲκ-

2125 798 2308 860 τείνας
2336 796 2485 867 (75⁸)
2510 795 2612 866 τὴν
2662 797 2820 865 χεῖρα
2852 792 3018 847 αὑτοῦ
3044 791 3253 864 ἅψηται
3287 790 3382 844 τοῦ
3424 790 3584 856 ξύλου
3615 791 3717 862 τῆς

2127 887 2274 959 ζωῆς
2297 893 2393 942 καὶ
2412 887 2603 958 φαγὼν
2631 886 2855 959 ζήσεται
2879 887 2924 920 ’⁵
2946 887 3028 950 είς
3048 886 3140 941 τὸν
3167 885 3340 940 αἰῶνα
3361 900 3376 914 '
3409 903 3429 938 ι
3459 884 3719 954 ἀγνοοῦν-

2125 999 2218 1046 τος
2247 982 2343 1036 καὶ
2374 980 2699 1052 φθονοῦντός
2730 982 2848 1034 ἐστι
2877 979 3167 1052 σύμϐολον,
3197 978 3390 1051 ὥσπερ
3424 977 3517 1032 καὶ
3543 979 3606 1032 τό
3629 978 3674 1009 ³⁸
3700 992 3716 1009 ο

2133 1093 2153 1126 ι
2187 1072 2530 1145 Ἐνεθυμήθη
2546 1074 2574 1126 ὁ
2597 1072 2848 1141 Θεὸς,ὄτι
2880 1071 3106 1142 ἐποίησε
3125 1072 3215 1127 τὸν
3234 1071 3545 1144 ἄνθρωπον,
3577 1090 3596 1124 ι
3622 1087 3722 1140 με-

2128 1166 2423 1238 ταμελείας
2467 1165 2585 1219 ἐστὶ
2620 1165 2716 1220 καὶ
2742 1165 2969 1234 ἀγνοίας
3008 1165 3314 1239 τεκμήριον
3343 1163 3454 1217 τῶν
3495 1163 3719 1236 μελλόν-

2125 1278 2258 1317 των.
2281 1260 2391 1315 Καὶ
2419 1260 2481 1315 τό
2509 1261 2573 1292 ³¹’
2603 1279 2622 1313 t
2646 1259 2956 1331 Ὤσφράνθη
2982 1258 3189 1330 Κύριος
3211 1257 3388 1329 ὀσμὴν
3406 1256 3655 1322 εὐωδίας,
3691 1276 3712 1310 ι

2127 1354 2339 1418 ἐνδεοῦς
2367 1355 2484 1408 ἐστι
2517 1357 2765 1426 σημεῖον,
2794 1354 2870 1418 ώς
2899 1354 2996 1408 καὶ
3041 1353 3105 1407 τὸ
3132 1352 3422 1422 πειράζειν
3459 1352 3552 1406 τὸν
3594 1352 3720 1406 Ἀϐ-

2130 1447 2285 1520 ραὰμ
2322 1447 2418 1502 καὶ
2447 1447 2664 1515 ἄλλους,
2689 1449 2790 1501 ούκ
2824 1445 3033 1516 ἀγαθοῦ
3060 1448 3211 1501 ἐστιν
3237 1445 3514 1511 ἀπόδειξις
3536 1447 3631 1500 καὶ
3655 1449 3720 1500 τὸ

2126 1539 2280 1604 τέλος
2302 1539 2404 1610 τῆς
2432 1539 2717 1611 ὑπομονῆς
2743 1539 2868 1612 (μὴ)
2922 1537 3259 1611 προειδότος.
3291 1557 3310 1592 ι
3345 1569 3417 1579 -
3449 1539 3506 1593 Ὀ
3531 1539 3587 1592 δὲ
3617 1539 3722 1594 Πέ-

2125 1648 2254 1703 τρος
2279 1632 2383 1703 ἔφη
2417 1632 2555 1703 πρὸς
2585 1632 2677 1685 τὸν
2716 1633 2759 1664 ⁸³
2790 1633 3015 1704 Σίμωνα
3036 1649 3050 1663 ο
3097 1650 3116 1684 ι
3149 1632 3211 1685 Ei
3237 1631 3440 1701 τυφλὸς
3471 1630 3718 1703 ἐπλάσθη

2126 1723 2156 1777 δ
2195 1724 2388 1795 ’Δδάμ,
2431 1724 2507 1786 ώς
2554 1723 2759 1793 λέγεις,
2811 1725 2931 1788 πῶς
2969 1723 3358 1795 έντελλόμενος
3402 1723 3554 1794 αύτῷ
3603 1723 3649 1755 ⁸³
3691 1726 3721 1776 ὁ

2127 1815 2262 1878 Θεὸς
2297 1815 2575 1870 ἐδείκνυεν
2613 1816 2767 1889 αύτῷ
2797 1815 2973 1885 λέγων
3001 1815 3083 1850 ³⁸·
3129 1817 3263 1871 ’Δπδ
3302 1815 3361 1870 δὲ
3407 1815 3500 1870 τοῦ
3532 1812 3721 1888 [ξύλου

2123 1907 2245 1981 τοῦ]
2274 1908 2571 1978 γινώσκειν
2603 1909 2769 1965 καλὸν
2795 1909 2890 1963 καὶ
2922 1909 3163 1980 πονηρὸν
3193 1908 3256 1962 ού
3299 1906 3561 1979 φάγεσθε.
3599 1926 3620 1962 ι
3659 1936 3725 1948 -

2126 2002 2238 2055 Καὶ
2267 2004 2294 2056 ὁ
2323 2002 2506 2072 Σίμων
2530 2001 2696 2072 φησί’
2732 2019 2752 2054 ι
2796 2001 3010 2072 Τυφλδς
3035 1997 3104 2074 ἦν
3136 2002 3166 2056 6
3197 2002 3323 2066 νοῦς
3345 1999 3531 2056 αὑτοῦ.
3565 2020 3583 2053 ι
3612 2001 3726 2054 Καὶ

2126 2097 2154 2149 ὁ
2196 2095 2404 2166 Πέτρος
2433 2095 2477 2127 ³⁵
2501 2113 2515 2127 ί
2569 2114 2587 2147 ι
2616 2093 2746 2158 Πῶς
2777 2095 2871 2150 τὸν
2917 2093 3044 2150 νοῦν
3075 2095 3279 2165 τυφλὸς
3303 2091 3373 2168 ἦν
3399 2097 3448 2161 δ,
3484 2095 3593 2166 πρὸ
3627 2095 3723 2149 τοῦ

2128 2189 2432 2259 γεύσασθαι
2478 2187 2575 2244 τοῦ
2608 2188 2806 2260 φυτοῦ,
2859 2189 3190 2262 προσφόρως
3230 2190 3366 2243 πᾶσι
3412 2191 3527 2254 τοῖς
3561 2187 3726 2254 ζώοις

2127 2284 2338 2348 ἐπιθεὶς
2366 2284 2650 2355 ὀνόματα;
2689 2302 2708 2336 ι
2744 2311 2815 2324 -
2839 2283 2922 2336 ὅτι
2967 2283 3078 2354 γὰρ
3109 2281 3206 2336 καὶ
3242 2281 3368 2345 τοὺς
3408 2281 3510 2353 τῆς
3541 2281 3722 2353 ψυχῆς

2128 2379 2221 2431 καὶ
2252 2374 2346 2431 τοῦ
2380 2376 2636 2447 σώματος
2680 2374 2998 2448 ὀφθαλμοὺς
3044 2372 3192 2446 εἶχεν
3237 2374 3628 2446 ἀνεῷγμένους
3655 2375 3724 2442 ³⁸,

2128 2468 2226 2523 καὶ
2255 2467 2547 2540 βλέποντες
2574 2463 2718 2539 ἦσαν
2748 2467 2776 2521 ὃ
2803 2483 2861 2521 τε
2912 2466 3088 2536 Ἀδὰμ
3113 2465 3264 2538 καὶὴ
3303 2464 3440 2532 Εὔα,
3476 2465 3638 2535 δῆλον
3656 2465 3724 2520 ³⁷.

2139 2581 2157 2616 t
2203 2561 2409 2616 Ἰδοῦσα
2437 2561 2547 2633 γάρ
2585 2561 2655 2630 ⁸⁸,
2687 2561 2874 2632 φησὶν,
2900 2561 2934 2632 ἡ
2970 2560 3129 2632 γυνὴ⁹
3157 2560 3240 2614 ὅτι
3270 2557 3436 2615 καλὸν
3462 2559 3524 2613 τδ
3567 2557 3726 2626 ξύλον

2131 2657 2212 2717 είς
2254 2653 2461 2724 βρῶσιν
2497 2652 2595 2706 καὶ
2645 2653 2880 2724 ἀρεστὸν
2921 2655 3034 2717 τοῖς
3087 2651 3391 2724 ὀφθαλμοῖς
3445 2652 3570 2706 ίδεῖν
3627 2651 3724 2706 καὶ

2131 2748 2334 2818 ώραῑον
2359 2747 2402 2778 ⁸³
2432 2743 2594 2814 (ἐστὶ)
2623 2743 2718 2799 τοῦ
2751 2744 3089 2816 κατανοῆσαι
3119 2743 3186 2811 ⁸ο,
3209 2743 3454 2798 λαϐοῦσα
3477 2743 3570 2798 τοῦ
3593 2761 3727 2816 καρ-

2134 2839 2237 2894 ποῦ
2259 2837 2426 2894 αὐτοῦ
2461 2837 2634 2907 ἔφαγε
2666 2840 2765 2892 καὶ
2819 2837 2990 2891 ἔδωκε
3028 2837 3126 2892 καὶ
3153 2837 3236 2909 τῷ
3271 2837 3317 2870 ⁶¹
3351 2838 3511 2910 ἀνδρὶ
3552 2837 3728 2909 αὐτῆς

2133 2932 2276 3007 (μετ’
2297 2932 2490 3003 αὐτῆς)
2515 2932 2584 2988 ⁸³.
2614 2951 2633 2986 i
2655 2933 2720 2987 Et
2735 2928 2830 2987 οὖν
2843 2931 2889 2964 ⁸³
2905 2932 3068 2988 καλὸν
3086 2932 3416 3003 θεασάμενοι
3436 2933 3498 2986 τὸ
3511 2932 3728 3004 δένδρον

2134 3027 2346 3080 καὶτὸν
2395 3026 2558 3097 272
2588 3026 2802 3097 καρπὸν
2847 3024 3077 3096 ἔφαγον,
3110 3024 3334 3098 εὔδηλον
3359 3027 3443 3080 ὅτι
3493 3027 3590 3080 καὶ
3619 3026 3729 3098 πρὸ

2133 3120 2232 3188 τῆς
2261 3118 2356 3172 τοῦ
2388 3117 2603 3188 καρποῦ
2635 3116 2921 3188 βρώσεως,
2944 3117 3149 3186 γνῶσιν
3168 3117 3214 3150 ⁸⁸
3245 3119 3348 3189 μὲν
3380 3112 3528 3186 εἶχον
3559 3119 3727 3172 καλοῦ

2134 3226 2193 3262 τε
2225 3209 2321 3262 καὶ
2347 3207 2542 3273 κακοῦ,
2588 3207 2682 3260 κα)⁸
2707 3206 2832 3276 ὄψιν
2864 3205 3337 3280 ὀξυδερκεστάτην
3363 3207 3409 3240 ⁸⁸
3435 3211 3570 3281 ὁρᾷν
3603 3209 3734 3264 ἐκα-

2138 3319 2242 3357 στα
2275 3303 2321 3334 ⁵⁵
2352 3300 2679 3372 δυναμένην.
2737 3299 2953 3354 Οὐκοῦν
2997 3299 3044 3333 ⁸⁷
3076 3301 3152 3365 ώς
3185 3302 3326 3371 μετὰ
3369 3303 3470 3374 τὴν
3522 3304 3731 3376 βρῶσιν

2138 3398 2231 3449 καὶ
2282 3394 2384 3466 τὴν
2446 3393 2762 3464 παράϐασιν
2817 3391 3266 3462 ἀναϐλεψάντων,
3305 3395 3523 3466 εἴρηται
3555 3399 3618 3450 τό
3646 3397 3730 3430 δ”

2145 3509 2163 3542 ι
2187 3487 2580 3559 Διηνοίχθησαν
2615 3486 2799 3542 αὐτῶν
2827 3487 2879 3540 οἱ
2907 3486 3206 3557 ὀφθαλμοί·
3240 3504 3259 3538 ι
3289 3487 3598 3543 δείκνυνται
3623 3491 3731 3562 γὰρ

2137 3585 2234 3635 καὶ
2268 3579 2377 3652 πρὸ
2404 3581 2505 3651 τῆς
2543 3577 2803 3650 βρώσεως
2857 3575 3118 3648 ὁρῶντες,
3153 3573 3231 3638 ὡς
3284 3574 3455 3645 ἔφην’
3485 3575 3624 3644 ἀλλ’,
3651 3577 3730 3641 ώς

2138 3673 2198 3728 τὸ
2240 3674 2615 3744 άπειρόκακον
2647 3670 3005 3742 ἀποθεμένων
3034 3668 3126 3723 διὰ
3157 3668 3256 3741 τῆς
3283 3666 3672 3740 παραϐάσεως,
3699 3669 3728 3721 ὃ

2139 3767 2237 3821 καὶ
2268 3766 2366 3838 τὴν
2397 3766 2601 3835 γνῶσιν
2631 3765 2933 3836 ἀδιάφορον
2969 3761 3016 3796 ⁸³
3043 3763 3342 3836 παρέσχεν,
3379 3763 3604 3835 ἐρρέθη,
3646 3765 3730 3820 δτι

2145 3881 2164 3916 ι
2191 3862 2586 3935 Διηνοίχθησαν
2617 3859 2800 3916 αὐτῶν
2830 3860 2879 3915 οι
2917 3857 3219 3930 ὀφθαλμοί·
3258 3877 3276 3912 ι
3313 3857 3525 3930 πέφυκε
3565 3861 3676 3932 γάρ
3705 3862 3734 3915 ὁ

2139 3955 2422 4026 ὀφθαλμὸς
2445 3954 2552 4009 ὑπὸ
2573 3953 2669 4008 τοῦ
2693 3951 2958 4024 λογισμοῦ
2988 3951 3354 4024 διεγείρεσθαι
3384 3952 3519 4024 πρὸς
3550 3952 3586 4006 ἃ
3615 3953 3737 4024 βλέ-

2141 4065 2256 4115 πει,
2287 4047 2424 4101 διότι
2461 4047 2681 4101 σύνεσιν
2717 4045 2883 4108 αὐτὸς
2905 4043 3028 4098 καθ’
3063 4044 3258 4098 ἑαυτὸν
3287 4046 3387 4099 οὐκ
3413 4044 3526 4115 ἔχει
3549 4061 3566 4078 ·
3603 4048 3736 4100 κάν-

2141 4139 2336 4194 τεῦθεν
2383 4138 2649 4205 πολλάκις
2691 4138 2830 4208 πρδς
2860 4137 3047 4207 ἕτερα,
3079 4137 3182 4207 τῆς
3209 4136 3449 4202 διανοίας
3472 4139 3738 4211 ἀσχολου-

2147 4232 2338 4303 μένης,
2370 4228 2574 4298 τυφλοῦ
2599 4227 2758 4299 δίκην
2781 4227 2826 4259 ⁸ο
2862 4226 2975 4280 ἔσθ’
3004 4228 3095 4282 ὅτε
3124 4227 3519 4299 παρερχόμεθα
3549 4232 3643 4285 καὶ
3666 4233 3738 4286 τά

2146 4323 2291 4378 πάνυ
2326 4322 2583 4392 γνώριμα
2624 4321 2695 4388 ⁵¹,
2730 4323 2826 4376 καὶ
2855 4318 3078 4374 ἐπειδὰν
3111 4319 3496 4392 έγκληθῶμεν,
3541 4325 3611 4395 τῇ
3674 4326 3742 4378 ὰ-

2147 4415 2340 4488 σχολία
2360 4413 2456 4468 τοῦ
2484 4412 2752 4484 λογισμοῦ
2780 4413 2842 4468 τὸ
2861 4413 3034 4468 αῐτιον
3061 4411 3414 4479 ἀνατιθέντες
3432 4416 3741 4486 ἀπολογού-

2148 4509 2289 4581 μεθα
2309 4525 2324 4540 ο
2350 4507 2496 4562 οὕτω
2524 4509 2570 4540 ⁵⁸
2604 4505 2701 4561 καὶ
2731 4507 2762 4560 ὁ
2807 4506 2980 4576 Ἀδάμ
3022 4507 3118 4560 καὶ
3145 4509 3178 4578 ἡ
3215 4501 3332 4561 Εὗα
3391 4512 3456 4579 τῇ
3485 4509 3742 4581 αἰσθήσει

447 4622 741 4696 appellavit
789 4619 1115 4688 Scriptura;
1163 4616 1345 4668 statim
1390 4611 1538 4666 enim
1581 4614 1709 4678 post
1748 4612 2028 4675 peccatqu

2142 4603 2240 4657 τοῦ
2261 4601 2352 4657 νοῦ
2374 4600 2512 4696 πρδς
2529 4600 2630 4696 τὴν
2651 4599 2773 4670 ϐψιν
2802 4598 3173 4670 διηγέρθησαν
3195 4615 3209 4628 ·
3237 4601 3298 4654 τὸ
3313 4601 3445 4675 γὰρ,
3478 4619 3497 4653 ι
3526 4603 3741 4674 Διηνοί-

448 4689 790 4772 conscientia
858 4706 1198 4781 percellitur.
1252 4702 1320 4774 Et
1385 4701 1578 4755 Simon
1641 4697 1774 4752 dicit
1838 4715 1852 4751 :
1908 4715 1926 4748 ι
1984 4693 2028 4751 5η

2144 4696 2209 4766 χθ
2221 4711 2354 4765 ησαν
2390 4691 2618 4766 (αὐτῶν)
2643 4692 2693 4745 oi
2723 4689 3001 4761 ὀφθαλμοὶ
3027 4692 3122 4745 καὶ
3151 4691 3398 4761 ἔγνωσαν
3426 4693 3509 4748 δτι
3535 4699 3741 4763 γυμνοὶ

452 4807 855 4883 ιιι-ωεοίευιίειιι
893 4801 1085 4857 habuit
1105 4799 1304 4864 Adam,
1341 4808 1442 4849 cur
1476 4806 1587 4848 non
1615 4788 1862 4862 praevidit
1891 4787 2028 4843 frau'

2141 4784 2362 4883 ﬁam-3,
2393 4783 2742 4883 ἀποκάλυψιν
2768 4782 2921 4854 δηλοῖ
2941 4783 3040 4856 τὴν
3067 4787 3437 4858 ἐγγενομένην
3465 4787 3513 4820 ⁸³
3545 4789 3624 4860 τῷ
3648 4788 3742 4844 λο.

457 4909 580 4958 dem
613 4915 708 4971 per
739 4903 1050 4968 serpentem
1071 4904 1124 4947 et
1146 4905 1243 4962 per
1266 4886 1554 4943 mulierem
1599 4880 1983 4938 inferendam?
2017 4898 2028 4932 ι

2141 4876 2352 4971 γισμῷ.
2375 4875 2477 4929 ούκ
2503 4873 2802 4971 ἀνάϐλεψιν
2833 4873 3140 4947 ὀφθαλμοῦ,
3169 4875 3312 4932 ὥστε
3335 4879 3437 4946 τὴν
3465 4880 3607 4952 μετά
3634 4883 3742 4954 τὴν

448 4994 516 5048 Et
547 4965 744 5048 Petrus
775 5007 788 5044 :
823 4965 882 5044 Si
912 4983 1322 5059 praescientiam
1367 4995 1479 5034 non
1520 4976 1733 5040 habuit,
1761 4973 2028 5044 quomodo

2141 4967 2423 5041 ἁμαρτίαν
2454 4967 2708 5039 αῐσθησιν
2743 4966 2890 5022 οὔτω
2917 4965 3191 5040 κέκληκεν
3215 4972 3249 5042 ἡ
3269 4971 3460 5044 Γραφή
3485 4989 3500 5004 ο
3527 4991 3743 5047 παρευ-

453 5086 579 5140 tiliis
621 5085 739 5139 suis
783 5081 1092 5138 secundum
1133 5083 1430 5148 sequentes
1470 5070 1740 5133 actiones,
1777 5065 1944 5122 simul
1975 5079 2028 5120 at

2151 5063 2217 5118 0b
2249 5063 2361 5133 γάρ
2395 5061 2534 5133 μετὰ
2567 5062 2667 5132 τὴν
2706 5061 2986 5132 ἁμαρτίαν
3030 5062 3095 5116 τὺ
3131 5065 3372 5130 συνειδὸς
3412 5067 3738 5138 πλήττεται.

451 5187 798 5248 parerentur,
869 5169 1197 5243 imposuerit
1270 5163 1535 5223 nomina?
1604 5159 2028 5229 Prirnogenitum

2146 5155 2331 5210 -Καὶ
2352 5154 2580 5224 ὁΣίμων
2610 5154 2796 5224 φησίν
2831 5173 2850 5207 t
2883 5153 2946 5208 El
2979 5155 3291 5225 πρόγνωσιν
3315 5154 3507 5231 εἶχενὸ
3543 5162 3739 5233 Ἀδάμ,

1653 5326 1858 5389 Variae
1891 5323 2206 5388 lectiones
2236 5329 2298 5386 et
2326 5329 2524 5385 notae-

525 5493 572 5526 "
595 5491 700 5594 grai.
738 5492 832 5558 ἀγ.
877 5490 934 5544 ἀ.
976 5491 1138 5545 Hom.
1188 5518 1254 5528 —
1289 5486 1365 5540 Τὸ
1397 5483 1456 5538 δὲ
1488 5483 1537 5537 ὲ.
1581 5479 1743 5537 "om.
1841 5480 1886 5512 “
1920 5476 2028 5534 Gen

525 5581 546 5594 η.
768 5561 812 5594 ιι
851 5561 990 5594 ..ηλρ
1026 5557 1252 5594 map/mn
1353 5555 1399 5587 II
1432 5553 1582 5594 ninia
1613 5567 1702 5594 nm
1764 5551 1826 5594 ﬂ
1856 5549 1915 5594 Ρ,
1995 5551 2028 5582 ιτ

2132 5496 2182 5543 u,
2227 5479 2320 5542 22,
2353 5477 2502 5550 φάγῃ
2532 5478 2628 5530 xal
2661 5474 2712 5540 ζ.
2761 5474 2923 5531 Hom.
3001 5477 3047 5510 ⁸⁰
3087 5477 3224 5535 Gen.
3257 5496 3350 5543 vn.
3388 5482 3441 5539 6.
3519 5484 3562 5517 ³¹
3594 5485 3706 5542 Gen

2132 5567 2225 5594 ενε
2276 5549 2539 5594 δεικνύων
2568 5549 2676 5594 ἀπό
2735 5548 2867 5594 (Ind-
2919 5548 3055 5594 Gen-
3092 5566 3151 5594 II-
3201 5551 3268 5594 47
3367 5554 3414 5585 ³³
3444 5549 3564 5594 εἷρπε
3599 5557 3706 5594 nm:

450 5579 571 5629 vut,
595 5529 700 5620 ξ
721 5529 832 5632 Ἃ.
851 5529 1191 5629 {Ebé'éliikv
1211 5559 1276 5614 C.
1300 5529 1743 5622 "iférlz'o'b'riil'
1764 5551 1828 5608 G.
1855 5549 1917 5605 P.
1932 5529 1950 5532 ﬁ
1973 5529 2028 5582 ’δῖ

455 5633 500 5665 ³⁸
524 5633 836 5687 ἀνεωγότας
867 5629 930 5686 Ρ.
964 5629 1029 5685 C.
1109 5629 1154 5660 "
1185 5628 1344 5687 δῆλον
1371 5623 1623 5679 ἐντεῦθεν
1647 5623 1710 5677 C.
1788 5623 1834 5654 ³⁸
1865 5617 2028 5683 Sidet,

2132 5529 2539 5634 ἑῇξὲέιίιξᾴὀῶν
2556 5529 2709 5600 ira"
2735 5529 2895 5603 «ea:
2911 5529 3056 5603 Gen.
3092 5529 3160 5615 ἧζ
3170 5529 3224 5604 ⁷’ἱ
3367 5529 3566 5608 εἷἐῖπε
3595 5529 3734 5612 ξέἱῖ

2159 5621 2294 5675 Led.
2328 5619 2464 5674 Gen.
2504 5634 2586 5679 ιη,
2622 5617 2678 5672 6.
2748 5618 2796 5650 "
2831 5619 2959 5673 ἰδεῖν
2993 5620 3198 5687 ὡραῖον
3230 5621 3315 5678 Ρ¹.
3392 5625 3440 5657 ⁸⁸
3474 5627 3568 5679 καί
3604 5602 3733 5683 add:

455 5633 500 5665 ³⁸
524 5619 836 5704 ἀνεῳγότας
867 5619 930 5686 Ρ.
964 5619 1029 5685 G.
1109 5629 1154 5660 "
1185 5628 1344 5697 δῆλον
1371 5619 1623 5679 ἐντεῦθεν
1647 5623 1710 5677 C.
1788 5623 1834 5654 ³⁸
1865 5619 2028 5683 Εἷδεπ

450 5701 583 5756 Ced.
659 5705 702 5735 δ’
723 5703 892 5756 ἔδωκε
913 5701 992 5756 τῶ
1019 5699 1083 5755 G.
1157 5697 1204 5730 δ’
1232 5698 1350 5756 μετ’
1383 5695 1556 5756 αὐτῆς
1575 5709 1688 5749 om.
1722 5693 1810 5748 Ρ³.
1884 5692 1932 5724 ⁸³
1962 5708 2027 5756 γο

2150 5621 2294 5707 ‘L'ed.
2328 5619 2464 5674 Gen.
2504 5634 2586 5679 ιη,
2622 5619 2678 5672 6.
2748 5619 2796 5650 "
2831 5619 2959 5673 ἰδεῖν
2993 5620 3198 5692 ὡραῖον
3230 5621 3315 5678 P'.
3392 5625 3440 5657 “
3474 5627 3568 5679 καί
3604 5629 3733 5683 add.

2132 5691 2259 5745 bed.
2338 5691 2386 5722 δ’
2416 5690 2517 5756 μέν
2538 5703 2648 5743 om.
2687 5687 2747 5743 C.
2779 5687 2841 5742 P.
2867 5719 2935 5729 —
2965 5692 3161 5756 κακοῦ,
3190 5691 3312 5756 ὄψιν
3350 5694 3407 5748 δέ
3435 5696 3497 5752 C.
3529 5700 3626 5751 καὶ
3652 5700 3733 5752 ὅτι

484 5703 583 5756 led.
638 5687 702 5735 ’δ”
723 5687 892 5756 ἔδωκε
913 5701 992 5771 τῷ
1019 5699 1083 5755 G.
1157 5697 1204 5730 δ’
1213 5687 1350 5807 1*μετ’
1383 5695 1556 5766 αὐτῆς
1575 5709 1688 5749 om.
1722 5693 1810 5748 Ρ³.
1884 5692 1932 5724 ⁸³
1962 5708 2027 5760 γο

484 5773 574 5807 -Ιηυ
601 5771 663 5807 βε
755 5772 849 5807 ην
903 5774 930 5807 Α
984 5787 1042 5807 η
1082 5769 1140 5807 ἧς
1245 5767 1338 5807 .ml,
1437 5766 1484 5798 ⁸⁸
1533 5766 1765 5807 ἕκαστον
1825 5761 1887 5807 (ἶ-
2005 5763 2026 5794 ⁸

2132 5690 2259 5779 God.
2299 5761 2312 5775 ἱ
2338 5691 2386 5722 ⁸⁵
2416 5690 2517 5760 μέν
2538 5703 2648 5743 om.
2687 5687 2747 5743 C.
2779 5687 2841 5742 P.
2867 5719 2935 5729 —
2965 5687 3161 5758 κακοῦ,
3190 5691 3312 5760 ϐψιν
3350 5694 3407 5748 δέ
3435 5696 3497 5752 C.
3529 5700 3626 5751 καὶ
3652 5700 3736 5752 ὅτι

2132 5780 2194 5807 υν
2273 5761 2381 5807 (.ed
2515 5760 2558 5791 "'
2621 5757 2757 5807 Cen.
2822 5776 2902 5807 Ill-
2961 5763 3011 5807 7-
3091 5761 3134 5795 δ’
3163 5763 3491 5807 άδῑάωθηηην
3557 5769 3596 5807 l‘.
3673 5770 3709 5807 ι)

452 5772 574 5869 1.5%,),
601 5771 677 5825 pa.
755 5772 874 5830 nx.
895 5757 1042 5852 ῥςτε
1082 5769 1163 5835 ag,
1213 5757 1344 5822 Cod.
1437 5757 1765 5852 “"2xa0t0v
1825 5761 1888 5819 C.
1975 5757 2050 5794 ’⁸⁷
2096 5762 2194 5830 οὐχ
2273 5761 2382 5814 Ced
2418 5757 2426 5760 “
2515 5760 2558 5791 ⁸⁸
2621 5757 2757 5814 Gen.
2822 5776 2903 5826 In,
2961 5763 3011 5816 7.
3091 5761 3134 5795 δ’
3163 5757 3491 5834 ἀδιάφθορον
3557 5769 3597 5826 C
3671 5770 3709 5824 Ρ

534 5841 690 5908 οίκην
720 5842 921 5910 τυφλου
945 5843 1028 5896 Ρ³.
1070 5853 1081 5866 ⁸
1105 5842 1151 5872 ⁸³
1181 5841 1273 5890 τὸν
1297 5855 1356 5889 π.
1398 5851 1676 5906 γνώριμον
1703 5834 1834 5889 Ccd.
1914 5833 1959 5864 ⁵¹
1988 5832 2162 5894 οὕτως
2193 5831 2286 5886 οὖν
2321 5831 2412 5883 καί
2454 5829 2518 5886 Co
2543 5828 2604 5884 Ρ.
2680 5832 2725 5864 ⁵⁸
2756 5833 2932 5900 έγγιν.
2966 5832 3051 5888 P'.
3397 5813 3408 5837 ⁸
3605 5809 3618 5822 ’
3716 5813 3732 5827 ⁸
