4088 6474
1649 436 1975 497 GEORGII
2019 435 2066 493 II

2178 435 2230 490 Α
2244 429 2472 490 ῐΠῸΙᾸ
3615 410 3724 471 452

719 573 723 576 ’
771 560 1028 618 CXXVII.
1076 559 1308 630 Regnum
1354 554 1691 627 Vespasiani.
2066 603 2073 613 ,

2321 543 2484 614 285
2515 541 2687 596 PKZ'.
2718 539 3006 594 Βασιλειά
3039 532 3526 590 Οὐεσπασιανοῦ.

2208 657 2248 688 ³³
2281 655 2436 710 Μετὰ
2489 654 2546 706 δὲ
2599 651 2842 704 Βιτέλιον
2900 649 3256 702 ἐϐασίλευσεν
3315 643 3732 708 Ούεσπασιανῖς

2135 751 2232 820 ἔτη
2272 755 2324 814 ι’,
2365 748 2585 819 ἡμέρας
2637 751 2688 814 η’
2752 737 2839 814 (ἦν
2878 741 2935 794 δέ
2965 739 3169 808 γονέων
3222 736 3514 808 ἀσήμων)·
3565 735 3730 789 αὖτο-

2137 843 2364 913 κράτωρ
2411 857 2468 893 τε
2521 836 2762 906 γεγονὼς
2794 836 2836 867 ³³
2862 835 2920 886 ἐν
2958 831 3320 902 Παλαιστίνῃ,
3359 829 3441 882 ἔτι
3495 828 3600 898 (τε)
3633 828 3734 890 τὰς

457 921 588 1007 dum
633 921 812 1006 adhuc
842 921 1014 1004 urbes-
1037 948 1352 1003 Iudaeorum
1383 943 1695 1008 obsideret;
1729 939 1844 1008 ipse
1878 936 2034 992 Jose-

2178 934 2328 995 τόλεις
2369 932 2478 983 τῶν
2523 928 2796 983 Ἰουδαίων
2840 925 3172 996 πολιορκῶν,
3213 925 3364 986 ὅστις
3409 921 3504 976 καὶ
3544 921 3736 990 Ἰώση-

448 1047 615 1114 phum
675 1057 894 1112 quoque
943 1039 1274 1094 historicum
1325 1035 1680 1105 mancipavit.
1756 1029 2030 1085 Reversus

2178 1045 2242 1078 τον
2267 1026 2356 1078 τὸν
2391 1023 2720 1093 συγγραφέα
2753 1020 3066 1090 ὑποχείριον
3110 1016 3401 1087 ἐποίησεν’
3439 1014 3652 1084 ἀνήχθη
3680 1013 3740 1067 δέ

449 1148 532 1191 cst
572 1144 752 1189 autem
806 1132 1065 1194 Romam,
1103 1131 1171 1186 ab
1219 1131 1466 1186 exercitu
1503 1127 1803 1196 imperator
1833 1137 2041 1177 renun-

2178 1140 2202 1172 ν
2245 1119 2436 1189 Ῥώμῃ
2464 1113 2856 1184 ἀναγορευθεὶς
2893 1113 2998 1166 ὑπὸ
3045 1110 3140 1164 τοῦ
3172 1108 3409 1180 στρατοῦ
3454 1107 3737 1178 βασιλεὺς,

451 1230 640 1291 tiatus,
673 1226 999 1296 reliquitque
1027 1223 1234 1290 Titum,
1267 1223 1436 1277 filium
1471 1234 1655 1284 suum,
1695 1215 2039 1270 Palaestinam

2178 1212 2470 1268 καταλιπὼν
2526 1209 2708 1273 Τίτον,
2757 1208 2848 1261 τὸν
2883 1207 2997 1259 υἱὸν
3048 1203 3239 1271 αὑτοῦ,
3285 1203 3597 1274 πολιορκεῖν
3638 1199 3744 1270 τὴν

451 1319 820 1375 obsidentem.

2178 1305 2520 1376 [αλαιστίνην
2548 1303 2613 1357 ³³.

525 1411 806 1467 Reversus
851 1420 1035 1465 autem
1086 1409 1340 1471 Romam,
1399 1406 1541 1461 filios
1596 1418 1726 1459 suos
1775 1399 1960 1455 Titum
1992 1407 2047 1453 et

2222 1398 2298 1469 (Ξ)
2344 1395 2693 1450 Ἐπανελθὼν
2741 1393 2798 1448 δὲ
2845 1392 2927 1455 εἰς
2966 1391 3191 1461 Ῥώμην
3228 1405 3357 1451 τους
3389 1387 3539 1448 υἱοὺς
3573 1384 3744 1438 αὑτοῦ

458 1505 824 1559 Domitianum
855 1503 1092 1558 Caesaris
1134 1501 1358 1556 nomine
1387 1501 1678 1561 decoraris,
1708 1494 1892 1548 Titum
1922 1491 2046 1561 qui-

2178 1491 2312 1544 Γίτον
2345 1490 2440 1544 καὶ
2474 1485 2808 1556 Δομετιανὸν
2852 1483 3140 1553 Καίσαρας
3167 1479 3478 1546 ἀναδείξας,
3516 1476 3609 1531 τὸν
3644 1477 3746 1548 μὲν

459 1599 585 1652 dem
641 1595 987 1651 obsidentem
1025 1593 1462 1663 Hierosolymam
1499 1588 1740 1658 reliquit,
1774 1584 2043 1638 Domitia-

2178 1585 2312 1638 Γίτον
2347 1583 2662 1653 πολιορκεῖν
2705 1580 2775 1634 τὰ
2816 1578 3170 1649 Ἰεροσόλυμα
3199 1574 3518 1638 κατέλιπεν,
3564 1573 3745 1640 Δομε-

458 1703 589 1742 num
639 1702 768 1741 vero
824 1686 973 1740 misit
1028 1687 1083 1739 in
1131 1683 1534 1754 expeditionem
1597 1681 1860 1733 adversus
1915 1675 2048 1729 Bar-

2178 1675 2337 1728 rtavbv
2360 1675 2418 1726 δέ
2448 1671 2775 1728 ἀπέστειλεν
2811 1673 2893 1734 είς
2935 1666 3296 1739 ἐκστρατείαν
3319 1666 3413 1718 ἐπὶ
3445 1665 3572 1726 τοὺς
3605 1663 3753 1730 Βαρ-

458 1777 800 1834 baros.‘Cum
825 1785 1005 1831 autem
1026 1775 1253 1830 Romam
1274 1773 1757 1844 appmpinquaret,
1777 1767 2052 1823 exercitus

2178 1767 2380 1839 ἶάρους.
2427 1763 2772 1834 Ἐγγίζοντος
2799 1763 2857 1816 δὲ
2879 1761 3044 1815 αὐτοῦ
3072 1763 3131 1814 ἐν
3160 1762 3226 1831 τῇ
3260 1758 3476 1829 Ῥώμῃ,
3505 1757 3534 1809 ὁ
3565 1757 3751 1809 ἐκεῖσε

458 1870 551 1938 qui
586 1869 676 1923 hic
703 1867 936 1936 degebat
989 1866 1155 1920 simul
1185 1873 1239 1919 et
1280 1870 1526 1928 senatus,
1576 1859 1762 1914 occiso
1792 1856 1913 1925 ejus
1951 1853 2051 1907 ad-

2178 1858 2391 1930 ιτρατδς
2423 1857 2562 1928 μετὰ
2589 1856 2689 1926 τῆς
2724 1854 3041 1926 συγκλήτου
3076 1849 3284 1907 ἀνελὼν
3323 1850 3416 1903 τὸν
3448 1848 3751 1917 ἁντὰρτην,

460 1961 726 2024 versario,
758 1960 835 2013 illi
878 1957 1095 2013 obviam
1142 1963 1557 2026 processerunt,
1591 1949 1845 2005 convivia
1880 1945 2052 2002 multa

2178 1953 2259 2006 rbv
2293 1951 2501 2023 εὐωχία
2534 1949 2704 2020 πολλῇ
2745 1950 2842 2002 καὶ
2875 1947 3093 2018 κρότοις
3126 1945 3438 2016 ὑπήντησεν
3470 1940 3641 2012 αὐτῷ.

461 2065 683 2124 agentes
713 2062 765 2108 et
796 2052 1079 2122 plausibus
1114 2051 1264 2103 illum
1297 2046 1653 2116 excipientes.

433 449 534 514 451

516 678 645 735 Post
691 676 969 732 Vitellium
1059 683 1242 730 autem
1314 671 1606 743 imperavit
1657 667 2027 737 Vespasianus

442 785 616 826 annos
647 768 860 835 decem,
895 768 1015 823 dies
1049 777 1211 833 octo;
1244 774 1361 820 erat
1391 772 1573 817 autem
1607 759 1810 830 ignotis
1847 756 2028 810 editus

445 859 787 930 parentibus,
825 868 880 914 et
919 859 1217 927 imperator
1245 857 1437 919 factus
1480 860 1563 906 est
1613 850 1666 904 in
1718 846 2032 908 Palaestina,

678 2159 966 2216 CXXVIII.
1012 2159 1088 2214 De
1122 2157 1516 2228 expugnatione
1547 2155 1880 2210 Jerusalem.

539 2279 698 2334 Titus
758 2287 976 2341 autem,
1041 2283 1358 2330 constructa
1423 2266 1729 2326 Jerusalem
1783 2269 2059 2341 quinqua-

466 2376 617 2445 ginta
677 2373 896 2428 cubitos
943 2369 1167 2425 sublimi
1221 2367 1382 2434 turri,
1446 2380 1568 2420 cum
1630 2373 1686 2418 et
1736 2364 1892 2433 juxta
1946 2377 2062 2415 ma-

467 2463 664 2518 chinas
721 2460 922 2516 multas
997 2467 1051 2513 et
1104 2458 1284 2512 varias
1354 2456 1781 2526 expugnalrices
1841 2453 2063 2523 posuis-

471 2564 575 2620 set,
609 2563 664 2608 ct
713 2551 916 2624 duplici
966 2565 1032 2605 ex
1080 2558 1235 2618 parte
1284 2556 1342 2603 ut
1393 2554 1816 2602 concuterentur
1860 2546 2063 2598 minuta

474 2653 749 2717 parasset,
796 2642 1019 2698 Iudaeos
1071 2641 1369 2710 catapultis
1415 2649 1469 2694 et
1521 2639 1735 2694 caeteris
1792 2636 2064 2692 bellorum

477 2735 767 2793 tormentis
806 2751 838 2790 e
889 2736 1064 2804 primo
1111 2747 1268 2788 muro
1312 2731 1574 2803 propulit,
1609 2731 1702 2800 qui
1755 2746 1785 2785 e
1820 2730 2064 2785 secundo

477 2843 722 2899 quoque,
754 2843 864 2898 quo
893 2827 1280 2896 confugerant,
1315 2824 1525 2880 detrusi
1555 2825 1621 2878 ad
1659 2824 1904 2891 tertium,
1938 2823 2064 2878 hinc

479 2917 606 2971 forti
639 2918 824 2971 animo
873 2916 1293 2971 dimicaverunt.
1341 2916 1521 2986 Atque
1565 2913 1712 2970 facto
1762 2931 2064 2985 congressu

482 3011 716 3077 fortiter,
757 3027 822 3065 ex
858 3020 1089 3080 utraque
1117 3011 1235 3064 acie
1269 3011 1425 3065 multi
1465 3009 1801 3066 ceciderunt.
1834 3008 2067 3065 Pcssimi

483 3113 664 3158 autem
698 3103 841 3158 inter
885 3101 1132 3170 Iudaeos,
1180 3102 1424 3158 seditiosi
1475 3118 1696 3172 quoque
1735 3102 1932 3166 vocati,
1963 3101 2072 3155 for-

484 3194 724 3250 midandi
780 3211 878 3265 per
941 3205 1110 3250 totam
1173 3211 1395 3250 currere
1444 3195 1767 3261 civitatem;
1829 3195 1875 3250 si
1932 3209 2070 3263 quas

2310 2156 2492 2212 PKII'.
2522 2155 2664 2224 Περὶ
2701 2152 2812 2224 τῆς
2844 2152 3128 2217 ἁλώσεως
3185 2149 3612 2219 Ἰερουσαλήμ.

2239 2276 2285 2308 δι
2325 2275 2384 2328 '0
2422 2272 2480 2327 δὲ
2528 2272 2690 2335 Τίτος
2741 2268 2956 2338 πύργον
3015 2265 3446 2328 κατασκευάσας
3493 2264 3602 2318 ἀνὰ
3652 2264 3758 2333 πή-

2165 2383 2308 2438 χεων
2337 2364 2382 2418 ν’
2424 2363 2487 2416 τὸ
2526 2361 2661 2432 ὕψος
2709 2362 2766 2414 ἐν
2811 2358 3176 2430 Ἰερουσαλὴμ
3237 2357 3332 2412 καὶ
3383 2357 3616 2420 πολλοὺς
3664 2358 3758 2411 καὶ

2168 2457 2465 2529 διαφόρους
2525 2453 2804 2517 ἑλεπόλεις
2860 2454 2906 2490 ³⁵
2979 2451 3341 2522 παραστήσας
3397 2449 3491 2504 καὶ
3546 2449 3761 2519 διχόθεν

2166 2550 2468 2606 τύπτεσθαι
2495 2549 2555 2602 τὸ
2585 2550 2764 2618 τεῖχος
2816 2545 3269 2618 παρασκευάσας,
3307 2543 3435 2606 τοὺς
3472 2543 3764 2604 Ἰουδαίους

2169 2645 2232 2695 ἐκ
2263 2641 2359 2695 τοῦ
2397 2639 2444 2694 α’
2484 2641 2699 2710 τείχους
2745 2641 2859 2703 τοῖς
2908 2637 3205 2700 λιθοϐόλοις
3241 2637 3336 2690 καὶ
3389 2638 3500 2698 τοῖς
3549 2634 3762 2696 λοιποῖς

2170 2739 2405 2810 ἐξήλασε
2441 2735 2854 2808 μηχανήμασιν.
2891 2732 3004 2784 Καὶ
3044 2728 3184 2801 πρὸς
3210 2731 3270 2781 τὸ
3297 2728 3547 2800 δεύτερον
3575 2727 3758 2795 τεῖχος

2171 2832 2582 2898 καταφυγόντες
2622 2825 2880 2880 κάκεῖθεν
2921 2824 3086 2877 πάλιν
3126 2822 3331 2892 ὁμοίως
3378 2818 3757 2887 ἐξελασθέντες

2175 2925 2341 2994 μέχρι
2381 2921 2476 2976 τοῦ
2507 2927 2554 2990 γ’
2590 2920 2825 2990 τείχους,
2855 2917 3206 2987 ἐπολέμησαν
3246 2915 3484 2986 ἰσχυρῶς
3527 2912 3759 2966 ἐκεῖθεν.

2175 3017 2291 3071 Καὶ
2323 3014 2627 3085 γενομένης
2663 3015 2940 3084 καρτερᾶς
2989 3013 3174 3082 μάχης
3205 3008 3437 3061 ἔπιπτεν
3481 3007 3540 3073 ἐξ
3571 3007 3767 3061 ἐκατέ-

2178 3127 2277 3181 ρας
2313 3106 2677 3179 παρατάξεως
2711 3106 2918 3174 πλῆθος
2949 3104 3200 3173 ἄπειρον.
3233 3101 3278 3133 ”
3310 3100 3388 3172 (2)
3423 3101 3487 3154 Οί
3512 3101 3568 3154 δὲ
3595 3116 3768 3171 πονηο

2181 3205 2396 3275 ρὸτεροι
2419 3201 2527 3254 τῶν
2564 3199 2858 3262 Ἰουδαίων,
2891 3197 2941 3250 oi
2973 3199 3063 3249 καὶ
3091 3197 3422 3251 στασιασταὶ
3449 3193 3766 3265 κληθέντες,

482 3291 700 3346 clausas
726 3289 1297 3356 invenissentjanuas,
1323 3290 1408 3343 his
1427 3287 1726 3344 confractis
1744 3288 2071 3358 irrumpere,

2179 3295 2372 3359 δεινῶς
2406 3293 2506 3365 τὴν
2547 3292 2706 3346 πόλιν
2751 3291 2974 3345 ἃπασαν
3024 3291 3390 3361 κατέτρεχον·
3426 3288 3480 3341 εί
3521 3305 3625 3341 που
3659 3285 3769 3357 γὰρ

486 3391 539 3434 ει
558 3395 624 3434 ex
645 3379 900 3436 faucibus
917 3381 1216 3435 buccellam
1237 3389 1626 3450 extorquentes
1644 3395 1868 3449 rapere;
1891 3381 2077 3434 senio-

498 3489 587 3527 res
622 3473 730 3528 cibi
760 3482 978 3528 tenaces
1003 3473 1290 3527 tormentis
1317 3473 1552 3540 tradere,
1577 3473 1832 3527 mulieres
1862 3473 2078 3527 trahere

487 3567 752 3630 crinibus,
789 3565 1026 3621 infantes
1074 3566 1142 3620 ad
1175 3575 1375 3620 terram
1407 3566 1652 3622 allidere.
1687 3564 2074 3621 Pudendorum

490 3662 608 3716 vias
652 3661 798 3716 ervis
831 3659 937 3714 illis
970 3660 1315 3728 obturantes,
1351 3661 1520 3729 virgis
1568 3662 1745 3716 acutis
1776 3676 1943 3714 auum
1977 3661 2079 3714 mi-

491 3769 740 3808 serorum
797 3753 1171 3822 trajicientes,
1245 3754 1514 3824 cogebant
1575 3764 1633 3807 ut
1691 3753 2078 3808 absconditum

492 3848 684 3901 larium
746 3847 1008 3917 pugillum
1083 3846 1407 3901 indicarent.
1466 3845 1641 3900 Tanta
1691 3847 1840 3901 enim
1906 3846 2081 3902 fames

494 3956 687 3996 omnes
717 3939 939 4005 invasit,
973 3947 1033 3994 ut
1076 3940 1168 3994 alii
1220 3940 1442 4010 quidem
1484 3939 1726 3995 nondum
1766 3939 2079 3997 confectum

491 4049 688 4104 panem
734 4035 1152 4098 manducarent,
1191 4033 1284 4086 alii
1327 4047 1459 4088 vero
1481 4033 1761 4104 paululum
1796 4034 1862 4088 ad
1895 4033 2080 4104 ignem

493 4129 769 4183 admotum
795 4127 1126 4184 fermentum
1165 4129 1351 4184 statim
1390 4128 1516 4184 inde
1548 4129 1899 4184 retraherent
1933 4141 1949 4181 :
1989 4126 2084 4182 alii

496 4230 704 4285 autem,
739 4221 934 4291 majori
961 4231 1246 4290 premente
1271 4221 1477 4291 inopia,
1528 4221 1714 4276 fenum
1767 4220 2082 4275 minutatim

496 4315 778 4368 concisum
824 4315 1254 4382 manducabant;
1305 4316 1763 4370 mulieresautem
1804 4313 2087 4370 infantulis

499 4407 554 4460 in
593 4406 718 4460 sinu
767 4404 1176 4463 tabescentibus
1220 4422 1330 4462 non
1382 4408 1703 4479 parcebant,
1739 4415 1962 4478 propter
1999 4407 2087 4460 ni-

499 4501 666 4552 miam
711 4513 823 4553 vim
869 4509 925 4554 et
965 4500 1345 4555 necessitatem
1393 4498 1576 4554 famis.
1618 4497 1791 4555 Senes
1842 4511 1898 4555 et
1949 4499 2086 4554 ado-

499 4591 771 4647 lescentes
795 4599 849 4646 et
876 4591 1113 4646 infantes
1138 4602 1396 4663 tanquam
1422 4602 1634 4664 spectra
1652 4593 2085 4664 progredientes,

2179 3385 2583 3455 κεκλεισμένας
2625 3385 2794 3452 θύρας
2828 3385 2870 3417 ³⁷
2907 3377 3089 3455 εὖρον,
3127 3383 3334 3447 ταύτας
3379 3380 3772 3454 συντρίψαντες

2180 3478 2490 3548 εἰσεπήδων
2526 3478 2622 3530 καὶ
2651 3478 2717 3530 ἐκ
2739 3475 2850 3532 τῶν
2871 3475 3177 3548 φαρύγγων
3200 3476 3291 3528 τὸν
3321 3474 3514 3543 ψωμὸν
3543 3474 3771 3527 ἀναθλί-

2183 3574 2370 3638 σοντες
2400 3575 2652 3646 ἥρπαζον
2671 3588 2688 3606 ⁸
2721 3573 2818 3626 καὶ
2837 3572 3102 3646 γέροντας
3127 3571 3224 3643 μὲν
3251 3571 3416 3643 286
3442 3569 3773 3633 ἐϐασάνιζον

2183 3669 2606 3738 (ἀντεχομένους
2635 3665 2890 3737 τροφῆς),
2917 3669 3181 3734 γυναῖκας
3200 3665 3256 3717 δέ
3285 3663 3413 3731 (ἀπὸ
3436 3665 3536 3731 τῆς
3562 3661 3766 3732 κόμης)

2185 3762 2556 3829 ἐσπάραττον,
2589 3759 2657 3815 τά
2681 3760 2854 3829 νήπια
2877 3760 2972 3813 ἐπὶ
3002 3760 3106 3827 γῆς
3128 3759 3370 3830 ήρασσον
3393 3755 3460 3820 ⁸⁸,
3487 3755 3701 3827 ὀρόϐοις
3727 3755 3772 3787 ³⁹

2182 3853 2240 3907 δὲ
2293 3854 2421 3916 τοὺς
2459 3853 2665 3923 πόρους
2721 3851 2831 3907 τῶν
2887 3851 3106 3905 αἰδοίων
3148 3848 3376 3920 (αὐτῶν)
3429 3848 3777 3918 ἐμφράττον-

2183 3965 2300 4014 τες,
2329 3947 2376 3980 δ⁰
2418 3945 2635 4016 ῥάϐδοις
2661 3944 2864 4012 ὀξείαις
2891 3945 2990 4006 τὰς
3020 3944 3184 4016 ἕδρας
3223 3943 3334 3996 τῶν
3363 3941 3565 3996 ἀθλίων
3585 3941 3781 3994 διαπε-

2189 4041 2394 4115 ρῶντες
2427 4038 2496 4104 ⁴¹,
2536 4039 2870 4110 ἠνάγκαζον,
2918 4038 3076 4111 (πρὸς
3105 4037 3188 4108 τὸ)
3236 4036 3414 4107 δράκα
3451 4034 3580 4106 μίαν
3615 4033 3780 4103 ἀλφί-

2186 4151 2282 4186 του
2335 4133 2379 4164 ⁶¹
2431 4130 2825 4202 καταμηνῦσαι
2871 4131 3270 4201 κεκρυμμένην
3313 4129 3379 4182 ⁸³.
3434 4127 3614 4200 (Οὕτω
3669 4127 3782 4195 γὰρ

2186 4225 2360 4287 δεινὸς
2378 4224 2596 4278 πάντων
2617 4224 3000 4294 κατεκράτησε
3025 4223 3202 4292 λιμὸς,
3233 4220 3374 4274 ὥστε
3400 4221 3450 4274 ol
3479 4219 3578 4291 μὲν
3609 4221 3784 4272 ἀκατ-

2191 4316 2465 4387 έργαστον
2521 4314 2712 4386 ήσθιον
2771 4315 2866 4368 τὸν
2913 4315 3103 4386 ἄρτον,
3137 4316 3187 4367 οἱ
3227 4314 3285 4367 δέ
3340 4313 3521 4385 ζύμην
3555 4312 3786 4381 ἐπιφλέ-

2178 4419 2380 4472 -γοντες
2411 4404 2580 4477 ὀλίγῳ
2625 4404 2704 4476 τῷ
2758 4406 2916 4476 πυρὶ,
2959 4405 3157 4459 θᾶττον
3214 4401 3578 4475 ἀνήρπαζον.)
3631 4404 3693 4456 Οί
3726 4403 3785 4455 δὲ

2190 4501 2535 4573 ἀπορώτεροι
2569 4501 2766 4573 χόρτου
2802 4500 3183 4572 σπαράγματα
3210 4496 3608 4569 διεμασσῶντο,
3647 4496 3702 4547 αί
3728 4495 3786 4548 δὲ

2191 4599 2452 4665 γυναῖκες
2501 4596 2560 4648 ἐν
2609 4595 2768 4666 χερσὶ
2828 4594 3208 4670 μαραινόμενα
3267 4590 3448 4646 αὐτῶν
3497 4589 3566 4642 τά
3604 4588 3783 4659 βρέφη

501 4683 646 4738 fame
699 4684 1048 4749 absumente,
1101 4685 1158 4740 in
1204 4686 1433 4741 humum
1491 4689 1797 4754 cadebant;
1849 4702 2073 4757 quorum

2196 4662 2796 4764 παρελογίζοντοήαύτὰ
2826 4662 2912 4744 διὰ
2956 4666 3051 4761 τὴν
3075 4662 3536 4760 Ὕύπερϐάλλουσαν
3569 4685 3692 4756 βίαν
3725 4703 3788 4736 τε

501 4778 640 4832 alios
701 4777 1095 4835 conculcantes
1157 4780 1402 4836 seditiosi
1456 4781 1887 4846 interimebant,
1948 4782 2086 4836 alios

501 4873 836 4943 respirantes
868 4882 923 4928 et
949 4881 1255 4943 prostratos
1286 4887 1418 4928 ense
1451 4874 1819 4928 trucidabant.
1875 4874 2088 4928 Interea

504 4965 704 5033 Titus,
758 4981 884 5023 cum
937 4966 1081 5022 circa
1133 4965 1314 5023 fossas
1369 4967 1820 5037 deprehendisset
1870 4965 2090 5022 Iudaeos

506 5061 614 5130 qui,
659 5069 902 5133 agrestes
961 5062 1162 5119 herbas
1221 5063 1278 5117 in
1329 5061 1512 5118 cibum
1559 5062 1912 5133 colligebant,
1950 5062 2090 5116 alios

2194 4787 2293 4841 καὶ
2324 4785 2575 4856 ἀνάγκην
2619 4784 2715 4838 τοῦ
2764 4784 2949 4854 λιμοῦ.
2983 4785 3060 4855 (5)
3093 4783 3354 4854 Γέροντες
3389 4781 3469 4846 δέ,
3507 4780 3601 4834 καὶ
3650 4777 3788 4841 vim,

2195 4877 2291 4931 καὶ
2325 4880 2530 4948 νήπιοι,
2564 4875 2757 4948 ὥσπερ
2787 4877 2985 4932 εἴδωλα
3032 4875 3460 4948 παρερχόμενοι,
3505 4874 3599 4926 καὶ
3641 4870 3781 4939 inqu}

2196 4971 2514 5042 τηκόμενοι,
2568 4971 2664 5025 καὶ
2701 4972 3168 5034 καταπίπτοντες,
3212 4970 3342 5032 τοὺς
3379 4968 3478 5036 μὲν
3530 4981 3788 5018 καταπα-

2199 5064 2421 5128 τοῦντες
2471 5065 2518 5096 ⁸⁸
2568 5066 2616 5118 oi
2680 5065 3010 5118 στασιασταὶ
3075 5063 3356 5132 ἐφόνευον,
3421 5062 3546 5123 τοὺς
3592 5059 3648 5110 δὲ
3708 5058 3792 5110 ἔτι

1697 5225 1898 5286 Varia
1929 5223 2241 5288 lectiones
2263 5232 2322 5288 et
2345 5234 2537 5288 none.

587 5404 630 5436 "
665 5402 800 5458 Ccd.
828 5400 1079 5474 ἵ›8(),ἰξ-9Δ
1101 5402 1404 5474 om.__Bulg.
1439 5432 1512 5442 —
1546 5403 1625 5474 Ὀ.
1669 5401 1786 5465 υἱὸς
1828 5403 2081 5474 Νέρωνος
2135 5402 2231 5474 ἐϐ.
2256 5400 2388 5474 Ced.

2495 5401 2538 5432 “
2571 5401 2626 5453 ἁ.
2656 5401 2712 5455 δέ
2739 5402 2963 5470 γέγονεν
3021 5399 3152 5454 Cod.
3187 5397 3316 5456 Leo.
3376 5399 3438 5470 7"
3460 5397 3558 5470 τὴν
3618 5399 3686 5452 Π.
3727 5417 3789 5452 π.

515 5477 649 5533 Ced.
679 5475 810 5529 Leo.
840 5542 866 5553 η
889 5472 936 5504 ³⁸
972 5470 1107 5554 Ced.
1151 5471 1425 5554 ἧἹξΑ-Ἱι..
1452 5474 1524 5554 ,⁸³
1566 5473 1873 5554 sumne“
1912 5469 2073 5554 code}

2191 5473 2237 5554 ’ξ
2272 5473 2401 5554 (led:
2439 5473 2727 5554 ’(57.5,7-18.
2752 5469 2927 5542 Λιμοῦ
2958 5471 3014 5524 δέ
3035 5471 3288 5554 τότεητήν
3317 5469 3472 5554 πόλιν
3493 5469 3792 5554 ’ἀφορήτου

519 5542 1018 5617 κατακρατοῦντος,
1055 5538 1123 5613 ἦν
1153 5543 1279 5617 ἰδεῖν
1306 5543 1487 5617 πολλῷ
1510 5543 1680 5617 χείρω
1713 5545 1821 5596 τῶν
1847 5545 2134 5617 πολεμίων
2156 5544 2279 5606 τοὺς
2309 5543 2456 5617 ἔνδον
2495 5544 2740 5617 δρῶντας
2782 5538 3112 5617 στασιαστὰς
3154 5538 3284 5617 (Sed.

519 5615 934 5686 κεκλεισμένην,
987 5615 1381 5686 κατακλῶντες
1419 5616 1466 5668 ὲ,
1501 5616 1632 5669 δρα,
1711 5617 1755 5646 sa

1791 5633 1847 5684 φ.
1886 5615 2250 5685 διηρπάξοντο
2290 5619 2380 5668 τὸν
2430 5616 2490 5684 ψ.

3365 5541 3409 5573 ιτ
3445 5540 3616 5609 θύραν
3649 5540 3795 5592 εἶδον

2549 5614 2742 5666 τούτου
2790 5614 2847 5666 δὲ
2881 5613 3044 5666 ἕνεκα
3094 5614 3187 5665 καὶ
3237 5628 3291 5680 γ.
3320 5613 3400 5665 ἐϐ.
3431 5615 3525 5664 καὶ
3555 5615 3797 5678 γυναῖκα

519 5693 644 5743 ἐσπ.
695 5683 791 5740 καὶ
814 5683 879 5739 ν.’
913 5687 969 5754 ὴ.
993 5685 1247 5755 (ἕρασσον
1285 5685 1432 5751 cod.)
1472 5686 1550 5747 είς
1591 5686 1694 5756 γῆν
1721 5683 1852 5740 (led.
1931 5683 2073 5749 “sp.

2178 5703 2225 5748 1;
2259 5683 2452 5740 codex.
2525 5684 2570 5716 ⁸ο
2601 5685 2692 5737 καί
2731 5686 2854 5756 add.
2881 5684 3011 5739 Ced.
3089 5683 3131 5715 “
3154 5683 3584 5756 διαπερονῶντες
3616 5684 3794 5756 οὕτως

522 5760 653 5813 Ced.
688 5787 753 5798 -—
788 5753 1055 5828 ἀλφήτων
1091 5756 1214 5828 cod.
1260 5756 1336 5828 _“
1393 5753 1658 5828 ἀλφίτων
1689 5757 1811 5828 cod.
1886 5756 1933 5789 "
1964 5775 2070 5827 μην

2185 5776 2200 5809 ι
2251 5774 2410 5827 κεκρ.
2461 5756 2552 5808 καὶ
2605 5774 2657 5823 χ.
2698 5755 2837 5828 γμένψ
2866 5773 2959 5809 σπ.
3007 5755 3410 5828 διεμασιῐῆιτο·Δ
3443 5755 3678 5828 μητέρες
3732 5753 3796 5828 δὲ

524 5831 634 5880 τῶν
674 5823 884 5897 νηπίων
921 5823 1054 5889 ’ταῖς
1113 5824 1324 5898 ἑαυτῶν
1377 5845 1430 5896 χ.
1474 5823 1570 5898 up,
1601 5826 1743 5896 λιμῴ
1784 5823 2201 5897 μαραινομένων
2253 5823 2584 5898 ὑπερεώρων
2624 5827 2717 5898 καὶ
2771 5825 2880 5878 τῶν
2936 5827 3040 5892 πρὸ
3095 5825 3203 5879 τῶν
3253 5823 3551 5896 ὀφθαλμῶν
3588 5823 3796 5877 αὐτῶν

535 5896 877 5967 θνησκόντων
926 5903 1018 5952 καὶ
1046 5901 1112 5969 τῇ
1147 5896 1324 5968 ἐνδείᾳ
1372 5896 1888 5968 καταφθειρομένων
1935 5916 2068 5968 παρ.
2098 5899 2228 5954 (led.
2311 5896 2838 5960 ³³’καταπατούντας
2881 5898 3073 5951 codex.
