4088 6420
290 394 385 462 453
1462 389 1924 454 (IIIRONICON.
1967 416 2036 430 -
2077 389 2223 450 LIB.
2269 389 2383 450 III.

3461 387 3569 452 454

290 511 620 582 ἐμπνέοντας
655 507 752 562 καὶ
784 504 1156 580 ἐρριμμένους
1189 504 1280 558 διά
1307 504 1496 574 ξίφους
1524 505 1868 560 ἀπέκτεινον.

1981 503 2202 574 quidem
2259 517 2428 574 prope
2469 518 2687 558 murum
2742 503 3006 574 suspendi
3035 503 3225 574 jussit,
3263 504 3400 560 alios
3431 521 3562 558 vem

299 603 350 657 Ὀ
396 601 456 654 δὲ
499 601 664 662 Τίτος
718 600 848 669 περὶ
898 596 1002 661 τὰς
1055 596 1355 667 φάραγγας
1399 595 1540 662 τοὺςζ
1580 595 1872 658 Ἰουδαίους

287 692 479 764 ἀγρίαν
519 692 664 746 πόαν
697 692 778 753 είς
809 689 1018 760 τροφὴν
1057 688 1420 755 συλλέγοντας
1447 685 1870 756 συλλαϐόμενος,

286 787 398 846 τοὺς
458 784 558 855 μὲν
596 783 828 852 πλησίον
875 781 972 835 τοῦ
1011 779 1229 849 τείχους
1286 779 1613 851 ἐκρέμασεν,
1642 779 1770 842 τοὺς
1815 777 1871 830 δὲ

285 877 691 951 χειροκοπήσας
723 878 804 940 είς
833 875 933 945 τὴν
974 873 1133 928 πόλιν
1176 874 1489 936 ἀπέστειλε,
1519 870 1871 943 καταπλῆξαι

282 975 393 1036 τοὺς
442 970 784 1033 στασιαστὰς
836 968 1184 1040 βουλόμενος.
1220 970 1266 1001 ⁸⁸
1297 970 1372 1038 (4)
1411 971 1568 1023 Πᾶσα
1613 969 1670 1022 δὲ
1725 971 1872 1024 οίκία

286 1068 359 1136 (ἐκ
381 1066 490 1135 τῆς
523 1063 761 1132 ἐνδείας)
793 1061 1006 1134 νεκρῶν
1043 1061 1351 1133 ἐπληροῦτο
1373 1061 1418 1095 ⁸⁸
1442 1062 1742 1129 ἁπόζουσα,
1777 1065 1870 1116 καὶ

288 1157 464 1228 λοιμὸς
497 1155 543 1189 δ’
596 1157 666 1226 τῇ
705 1155 859 1207 πόλει
919 1152 1152 1224 χαλεπὸς
1205 1155 1556 1226 ἐπεκράτησε
1619 1154 1764 1225 (ὅθεν
1820 1155 1870 1208 οί

295 1244 607 1300 στασιασταὶ
655 1243 756 1316 τὴν
811 1242 1076 1298 δυσωδίαν
1122 1242 1198 1314 μὴ
1243 1244 1525 1314 φέροντες,
1609 1244 1869 1316 ἔρριπτον

298 1338 501 1393 ἀπὸτοῦ
528 1339 750 1410 τείχους
782 1336 983 1396 αὐτοὺς
1015 1335 1110 1389 ἐπὶ
1138 1336 1238 1400 τὰς
1277 1336 1593 1407 φάραγγας,
1634 1337 1714 1389 ἔτι
1743 1338 1872 1389 πολ-

297 1433 399 1495 λοὺς
430 1431 620 1485 αὐτῶν
675 1427 1041 1500 ἐμπνέοντας)
1078 1427 1237 1498 (77‘).
1282 1427 1358 1496 (5)
1415 1429 1477 1481 Οί
1506 1429 1687 1483 τοίνυν
1734 1446 1866 1482 στα-

301 1524 497 1577 σιασταὶ
533 1522 642 1575 ὑπὸ
691 1520 856 1590 λιμοῦ
889 1520 1206 1590 πιεζόμενοι
1259 1519 1435 1592 λάθρα
1472 1522 1612 1592 πρὸς
1653 1522 1716 1575 τὸ
1742 1523 1870 1594 ὄρος

297 1616 389 1669 τῶν
422 1613 659 1668 Ἐλαιῶν
696 1611 1048 1684 ἐξώρμησαν,
1079 1611 1173 1676 οὒς
1203 1613 1252 1666 οἱ
1293 1613 1554 1683 Ῥωμαῖοι
1599 1613 1870 1668 καταδιώ-

298 1708 465 1772 ξαντες
501 1708 583 1769 εἰς
613 1705 798 1775 φυγὴν
829 1705 1081 1776 ἔτρεψαν.
1133 1704 1402 1775 Ῥωμαίος
1439 1706 1496 1759 δέ
1530 1724 1614 1770 τις
1637 1706 1749 1759 τῶν
1780 1709 1871 1759 ἱπ-

302 1800 427 1850 πίων
449 1798 475 1850 ὁ
497 1795 874 1866 δοκιμώτατος
894 1797 1022 1858 τοὺς
1041 1795 1336 1858 Ἰουδαίους
1358 1795 1498 1848 ώθου
1508 1795 1702 1864 μένους
1726 1795 1868 1848 κατὰ

1976 595 2232 650 manibus
2245 595 2479 651 abscisis
2499 595 2552 650 iu
2574 595 2762 650 urbem
2782 595 3010 661 dimisit,
3033 607 3089 650 ut
3113 607 3259 651 metu
3278 595 3568 652 seditiosos

1976 696 2318 744 concuteret.
2370 688 2562 744 Omnis
2590 703 2756 758 porro
2785 688 2985 743 domus
3017 689 3089 744 ob
3130 689 3367 743 inediam
3399 690 3566 744 cada-

1974 780 2193 835 veribus
2249 780 2446 834 rel‘erta
2514 781 2752 850 pessime
2809 778 3032 846 olebat,
3087 791 3141 834 et
3211 782 3349 836 dura
3398 784 3569 852 pestis

1975 871 2163 927 urbem
2187 873 2420 940 invasit;
2443 873 2707 939 seditiosi,
2727 870 2974 928 faetorem
2997 888 3107 929 non
3124 873 3382 938 ferentes,
3397 876 3520 930 illos
3536 891 3567 930 e

1975 980 2136 1019 muro
2163 966 2219 1019 in
2242 964 2442 1029 fossas,
2477 966 2672 1034 spiritu
2707 966 2896 1021 multis
2917 967 3234 1036 superstite.
3255 967 3566 1036 ejiciebaut.

1973 1054 2084 1124 Ipsi
2130 1063 2336 1124 autem,
2398 1057 2544 1113 fame
2577 1059 2720 1115 male
2754 1059 2958 1126 vexati,
3011 1061 3150 1115 clam
3210 1062 3276 1115 ad
3325 1073 3563 1116 montem

1973 1146 2251 1204 Olivarum
2284 1162 2690 1218 cucurrerunt,
2737 1162 2792 1208 et
2845 1167 2874 1206 a
2908 1153 3172 1209 Romanis
3230 1169 3566 1225 persequen-

1975 1241 2119 1295 tibus
2142 1240 2195 1295 in
2242 1241 2428 1314 fugam
2455 1244 2596 1299 versi
2620 1255 2768 1299 sunt.
2797 1245 3078 1300 Romanus
3107 1256 3287 1300 autem
3315 1249 3564 1318 quidam,

1973 1334 2115 1388 inter
2159 1336 2370 1404 equites
2410 1337 2854 1406 probatissimus,
2898 1346 2958 1392 ut
3009 1337 3232 1396 Iudaeos
3294 1341 3348 1394 in
3385 1339 3563 1396 fossas

1974 1427 2279 1496 praccipites
2328 1441 2484 1486 actos
2525 1431 2680 1496 vidit,
2712 1445 2777 1486 ex
2823 1433 3048 1502 obliquo
3092 1434 3306 1505 agitans
3336 1449 3561 1506 equum,

1973 1519 2377 1578 adolescentem
2418 1524 2734 1594 quemdam,
2776 1525 3005 1581 robusto
3037 1541 3270 1596 corpore
3293 1536 3347 1582 et
3376 1541 3559 1582 arma-

1975 1621 2110 1677 tum,
2147 1614 2428 1670 seditiosis
2488 1615 2844 1686 fugientibus,
2888 1619 3280 1688 apprehendit;
3325 1634 3564 1689 cumque

1973 1705 2228 1758 malleolo
2255 1707 2406 1774 pedis
2439 1721 2562 1760 eum
2595 1714 2825 1772 teneret,
2863 1710 3106 1778 seipsum
3146 1708 3392 1775 inclinat,
3421 1725 3563 1779 equo

1973 1804 2222 1850 currente
2275 1804 2331 1850 et
2363 1795 2610 1851 Judaeum
2651 1799 2892 1867 equitem
2929 1808 3323 1870 persequente;
3355 1808 3410 1853 et
3438 1815 3558 1854 cum

304 1889 391 1958 τῆς
415 1891 694 1960 φάραγγος
727 1888 1095 1958 θεασάμενος,
1128 1890 1193 1942 ὲκ
1232 1889 1468 1958 πλαγίου
1505 1889 1864 1959 παρελαύνων

1973 1894 2180 1938 tantam
2213 1886 2450 1941 dextera:
2481 1889 2794 1943 firmitatem
2827 1900 2882 1945 et
2912 1867 3080 1946 totius
3108 1867 3362 1962 corporis
3387 1892 3555 1946 robur

308 1981 390 2034 τὸν
419 1982 594 2050 ίππον,
642 1980 882 2052 ἁρπάζει
937 1981 1061 2034 τινά
1094 1981 1336 2047 νεανίαν,
1371 1981 1483 2034 τῶν
1522 1982 1866 2035 στασιαστῶν

312 2077 616 2144 φευγόντων,
665 2074 926 2145 στιϐαρὸν
960 2073 1104 2127 κατά
1147 2073 1209 2125 τὸ
1252 2073 1413 2144 σῶμα
1446 2077 1542 2128 καὶ
1581 2073 1868 2143 ὠπλισμέ-

312 2184 409 2232 νον,
439 2168 497 2220 ἐκ
538 2165 634 2220 τοῦ
683 2165 894 2236 σφυροῦ
939 2165 1303 2237 δραξάμενος,
1340 2167 1530 2220 ἑαυτὸν
1576 2165 1867 2232 ἐπικλίνει,

309 2256 393 2310 τοῦ
450 2257 611 2311 ἵππου
679 2259 968 2328 τρέχοντος
1025 2257 1122 2311 καὶ
1203 2256 1297 2310 τὸν
1358 2257 1604 2311 Ἰουδαῖον
1633 2258 1871 2327 ἔφιππον

315 2350 461 2418 287
509 2350 925 2414 καταδιώκοντος
951 2368 966 2382 ·
1009 2350 1106 2404 καὶ
1139 2349 1395 2404 τοσοῦτον
1434 2352 1531 2421 τῆς
1576 2352 1758 2420 δεξιᾶς
1785 2354 1872 2405 τό·-

325 2458 408 2493 νον
444 2442 651 2496 καὶτοῦ
687 2442 862 2496 λοιποῦ
896 2442 1151 2513 σώματος
1191 2444 1621 2514 ἐπιδειξάμενος,
1653 2445 1872 2516 καὶτῆς

331 2531 535 2604 ίππικῆς
573 2535 762 2605 τέχνης
817 2534 914 2605 τὴν
977 2535 1202 2606 ἀρετὴν,
1245 2535 1436 2607 ὥσπερ
1478 2554 1532 2589 τι
1585 2536 1870 2607 κειμήλιον

323 2618 410 2695 ἧκε
455 2625 524 2694 τῷ
567 2626 802 2696 Καίσαρι
851 2625 1096 2696 κομίζων
1139 2626 1231 2679 τὸν
1278 2627 1648 2696 αἰχμάλωτον.
1705 2625 1765 2680 Ὀ
1812 2625 1870 2679 δὲ

317 2716 456 2779 Τίτος
514 2716 944 2789 ὑπερθαυμάσας
988 2716 1180 2770 τούτου
1228 2719 1328 2789 τήν
1387 2718 1542 2788 ἰσχὺν
1610 2719 1708 2772 καὶ
1770 2718 1872 2788 τῆς

303 2808 565 2881 δυνάμεως
607 2812 666 2865 τὸ
710 2813 1003 2883 ἀήττητον,
1034 2810 1230 2883 δώροις
1278 2812 1441 2866 αὑτὸν
1487 2811 1728 2883 ἀμείϐει,
1779 2814 1870 2866 τὸν

304 2903 356 2957 δὲ
400 2903 668 2975 ληφθέντα
713 2905 1049 2976 προσέταξεν
1105 2903 1482 2974 ἀναιρεθῆναι.
1518 2903 1594 2974 (6)
1645 2903 1756 2974 Τῆς
1814 2902 1870 2956 δέ

303 3013 359 3062 γε
389 2998 587 3062 πόλεως
621 2998 728 3052 ὑπὸ
776 2997 1068 3068 Ῥωμαίων
1114 2995 1360 3067 σφοδρῶς
1407 2995 1810 3066 πορθουμένης,
1843 2997 1871 3048 ὁ

298 3092 438 3164 λιμὸς
478 3097 606 3159 τοὺς
654 3093 800 3150 κατά
852 3094 952 3164 τὴν
1008 3092 1165 3147 πόλιν
1220 3091 1444 3154 πλείους
1500 3091 1595 3143 τοῦ
1627 3089 1868 3158 πολέμου

1973 1977 2303 2032 ostendisset
2327 1987 2382 2032 et
2413 1980 2548 2034 artis
2576 1980 2850 2050 equestris
2879 1982 3158 2048 virtutem,
3193 1983 3258 2037 ad
3285 1982 3556 2038 Caesarem

1973 2070 2238 2138 perrexit,
2281 2071 2556 2140 captivum
2593 2087 2780 2139 suum,
2833 2081 2892 2127 ut
2936 2075 3233 2144 pretiosum
3275 2076 3558 2146 quiddam,

1973 2160 2224 2217 aﬂ'ereus.
2275 2161 2447 2228 Quem
2497 2165 2654 2218 valde
2698 2165 2769 2219 ob
2819 2166 2986 2219 robur
3014 2175 3068 2220 et
3124 2167 3385 2222 invictum
3429 2169 3558 2222 ani-

1975 2267 2126 2306 mum
2183 2252 2484 2308 demiratus
2529 2252 2687 2309 Titus
2735 2257 3032 2309 cumulavit
3068 2255 3248 2324 donis,
3283 2259 3557 2328 captivum

1975 2359 2104 2398 vero
2133 2345 2297 2411 jussit
2328 2346 2534 2400 necari.
2564 2345 2932 2403 Vehementer
2965 2358 3143 2404 autem
3173 2349 3434 2407 Romanis
3469 2368 3561 2407 va-

1975 2437 2250 2492 stantibus
2279 2441 2581 2505 civitatem,
2619 2441 2790 2498 fames
2826 2443 2878 2496 in
2909 2443 3046 2498 urbe
3076 2444 3336 2516 degentes
3373 2447 3557 2516 plures

1973 2543 2139 2598 quam
2176 2529 2378 2584 bellum
2411 2533 2788 2601 consumpsit;
2832 2532 3037 2588 idcirco
3068 2533 3266 2591 fratres
3295 2537 3557 2593 adversus

1974 2625 2196 2694 fratres,
2215 2636 2269 2681 et
2295 2627 2516 2696 cognati
2541 2625 2810 2681 adversus
2846 2637 3130 2698 cognatos,
3174 2630 3305 2686 sicis
3336 2633 3556 2693 armati.

1974 2721 2129 2776 cibos
2151 2721 2204 2775 vi
2237 2719 2446 2790 rapturi
2468 2721 2662 2775 domos
2689 2720 2966 2790 petebant.
2995 2719 3138 2788 Quin
3165 2723 3274 2777 imo
3299 2726 3558 2797 conjuges

1973 2814 2241 2877 virorum,
2280 2813 2394 2868 nati
2419 2822 2654 2883 patrum,
2685 2821 2738 2867 et
2771 2813 2916 2883 quod
2956 2815 3260 2870 mirabilius
3294 2827 3399 2881 est,
3443 2835 3562 2873 ma-

1973 2915 2086 2962 tres
2131 2906 2419 2961 inlantium
2463 2921 2529 2958 ex
2553 2919 2648 2960 ore
2681 2905 2835 2958 cibos
2855 2908 3273 2975 extorquebant,
3313 2925 3412 2963 nec
3449 2911 3560 2964 ullo

1975 2999 2138 3052 modo
2187 2997 2488 3068 parcebant
2537 2997 2903 3052 charissimis.
2957 2996 3022 3052 Et
3069 3000 3160 3052 alii
3209 3001 3426 3069 quidem
3478 3002 3562 3057 in.

1980 3090 2195 3145 hiantes
2227 3099 2284 3143 ut
2311 3103 2474 3144 canes
2502 3088 2678 3142 rabidi
2726 3088 3060 3154 iusiliebant,
3108 3099 3161 3144 et
3196 3093 3562 3149 circumibant

292 3185 604 3260 διέφθειρεν,
644 3187 728 3241 διὸ
773 3186 838 3258 δὴ
875 3187 973 3240 καὶ
1008 3186 1232 3255 ἀδελφοὶ
1270 3185 1412 3238 κατὰ
1460 3182 1868 3250 ἀδελφῶν,”καὶ

1975 3180 2251 3236 ebriorum
2306 3179 2504 3244 instar,
2570 3179 2726 3248 quasi
2784 3194 2883 3249 per
2925 3180 3136 3236 viscera
3181 3193 3234 3239 et
3293 3187 3559 3242 medullas

293 3284 561 3348 συγγενεῖς
603 3279 758 3333 κατά
787 3278 1092 3347 συγγενῶν,
1128 3277 1378 3349 ξιφήρεις
1412 3277 1492 3339 είς
1533 3276 1660 3338 τοὺς
1686 3276 1869 3338 οἴκους

285 3373 535 3445 ἐχώρουν,
567 3373 678 3437 τὰς
711 3372 962 3443 ἀλλήλων
992 3371 1201 3443 τροφὰς
1225 3369 1568 3440 ἁρπάζοντες
1590 3385 1604 3399 ο
1636 3371 1732 3422 καὶ
1765 3367 1868 3434 μέν

282 3482 341 3533 γε
378 3470 640 3534 γυναῖκες
671 3465 885 3536 ἀνδρῶν
915 3465 1011 3518 καὶ
1039 3463 1230 3528 παῖδες
1255 3463 1510 3534 πατέρων
1531 3477 1545 3493 ο
1579 3462 1676 3514 καὶ
1710 3492 1778 3502 -—
1806 3459 1869 3512 τὸ

281 3557 638 3630 ἐλεεινότερον
669 3586 746 3596 —
774 3555 1009 3628 μητέρες
1055 3553 1265 3624 νηπίων
1304 3552 1555 3624 ἥρπαζον
1587 3551 1646 3616 ἐξ
1683 3550 1866 3606 αὐτῶν

277 3652 375 3704 τῶν
439 3654 744 3720 στομάτων
793 3651 892 3710 τὰς
965 3649 1196 3718 τροφάς.
1231 3648 1344 3699 Καὶ
1405 3645 1686 3708 παντελῶς
1755 3644 1865 3695 τῶν

1974 3271 2120 3327 fame
2165 3281 2483 3341 penetrante
2523 3280 2578 3325 et
2599 3271 2666 3325 ad
2699 3281 2934 3328 mortem
2956 3275 3254 3330 violentam
3289 3279 3557 3349 rapiente.

1969 3365 2075 3418 Alii
2109 3380 2239 3419 vero
2269 3366 2334 3419 ad
2368 3363 2722 3434 inusitataoita
2749 3367 3001 3432 ruebant,
3027 3377 3174 3422 utne
3195 3386 3223 3423 a
3243 3386 3563 3428 excremen-

1969 3458 2037 3512 tis
2070 3458 2289 3527 quidem
2313 3457 2598 3513 brutorum
2629 3459 2988 3514 abstinerent.
3031 3461 3313 3518 Posuemo
3342 3466 3560 3537 cingula

1967 3553 2392 3617 manducabaut,
2418 3552 2852 3608 etcalceamenta
2873 3561 2927 3609 et
2948 3555 3092 3609 coria
3119 3568 3399 3613 scutorum
3429 3561 3560 3616 edc-

1968 3642 2098 3696 bant
2131 3642 2396 3696 detracta.

271 3744 533 3811 φιλτάτων
583 3745 702 3798 οὐκ
759 3741 1053 3811 ἐφείδοντο.
1104 3740 1213 3792 Καὶ
1256 3739 1408 3792 ἄλλοι
1443 3737 1542 3806 μὲν
1576 3735 1668 3788 ὑπ’
1701 3732 1911 3798 ἐνδείας
1958 3732 2250 3802 κεχηνότες
2297 3732 2490 3804 ὥσπερ
2543 3733 2709 3798 κύνες
2755 3734 3060 3802 λυττῶντες
3117 3739 3412 3808 ἐφάλλοντο
3464 3741 3559 3798 καὶ

271 3839 664 3910 περιεφέροντο
733 3834 1044 3906 μεθυόντων
1071 3832 1246 3902 δίκην,
1276 3830 1351 3892 ώς
1380 3829 1426 3861 ⁸³
1453 3829 1541 3882 διὰ
1571 3829 1896 3897 σπλάγχνων
1932 3828 2028 3880 καὶ
2071 3827 2285 3897 μυελῶν
2315 3829 2410 3880 τοῦ
2448 3827 2609 3897 λιμοῦ
2640 3829 2948 3899 χωροῦντος
3010 3833 3104 3887 καὶ
3145 3836 3282 3905 πρὸς
3325 3838 3557 3894 θάνατον

267 3929 430 4000 βίαιον
461 3931 564 4002 τὴν
621 3927 818 3998 ψυχὴν
855 3922 1179 3986 ἐλαύνοντος
1218 3936 1234 3952 ο

1301 3921 1453 3976 ἄλλοι
1499 3920 1554 3973 δὲ
1602 3920 1712 3973 τῶν
1777 3918 2060 3990 ἀθεμίτων
2112 3919 2444 3986 ἐφήπτοντο,
2499 3920 2576 3983 ώς
2607 3921 2726 3974 οὐδὲ
2790 3922 2858 3974 τά
2913 3926 3136 3995 ῥυπαρὰ
3178 3927 3288 3980 τῶν
3345 3932 3556 3998 ἀλόγων

265 4031 569 4098 ἐφείδοντοο
631 4024 958 4080 τελευταῖον
1003 4021 1062 4077 δὲ
1112 4019 1402 4092 ζωστῆρας
1465 4018 1864 4090 διεμασσῶντο,
1939 4018 2037 4071 καὶ
2080 4017 2430 4088 ὑποδήματα,
2490 4019 2584 4071 καὶ
2638 4019 2885 4091 δέρματα
2950 4021 3058 4076 τῶν
3107 4023 3319 4096 θυρεῶν
3368 4027 3556 4099 ἤσθιον

262 4130 357 4182 ἀπε
366 4125 456 4181 κδέ
466 4142 674 4198 ροντες
685 4163 703 4178 .

325 4223 368 4256 ις
399 4225 478 4298 (γ)
533 4224 702 4294 Γυνὴ
738 4221 796 4274 δέ
817 4221 866 4253 ⁸ο
914 4237 998 4284 τις
1037 4216 1230 4288 Μαρία
1256 4212 1498 4285 τοῦνομα
1523 4255 1538 4281 ,
1573 4217 1721 4284 γένει
1769 4215 1867 4268 καὶ

261 4316 467 4391 πλούτῳ
495 4316 834 4391 περιφανὴς
866 4315 962 4370 καὶ
1005 4316 1396 4384 περίϐλεπτος,
1429 4317 1493 4368 ὲκ
1543 4315 1642 4383 τῆς
1679 4313 1865 4384 χώρας

261 4411 387 4480 πρὸς
435 4412 541 4484 τὴν
599 4407 780 4463 πόλιν
831 4407 1256 4478 καταφυγοῦσα,
1308 4408 1490 4460 πᾶσαν
1545 4407 1718 4476 αὐτῆς
1764 4407 1865 4477 τὴν

259 4501 489 4576 ὓπαρξιν
520 4503 628 4558 καὶ
667 4499 776 4565 τὰς
812 4498 1114 4571 διατροφὰς
1139 4499 1188 4552 oi
1222 4497 1546 4551 στασιασταὶ
1576 4497 1700 4550 καθ’
1729 4497 1866 4566 ήμέ-

260 4613 352 4664 ραν
381 4598 786 4669 εἰσπηδῶντες
815 4593 1121 4664 διήρπαζον
1145 4593 1240 4645 καὶ
1273 4590 1459 4645 λοιπὸν
1488 4590 1696 4660 τροφῆς
1727 4591 1867 4641 ἀποο

2047 4215 2239 4270 Mulier
2273 4226 2455 4272 autem
2483 4215 2760 4286 quaedam,
2792 4215 2958 4272 Maria
2995 4218 3236 4286 nomine,
3269 4236 3469 4292 genere
3499 4234 3554 4278 et

1975 4309 2182 4364 divitiis
2216 4309 2448 4380 insignis
2495 4319 2550 4364 et
2603 4311 2925 4379 conspicua,
2967 4312 3037 4366 ab
3087 4313 3234 4381 agris
3278 4314 3332 4368 in
3360 4317 3550 4370 urbem

1975 4402 2322 4472 confugerat;
2355 4417 2498 4472 quae,
2521 4402 2612 4456 ubi
2644 4403 3008 4457 substantiam
3039 4403 3215 4474 ipsius
3246 4418 3554 4476 rapuerunt

1977 4494 2252 4551 irruentes
2285 4494 2554 4559 seditiosi,
2602 4509 2992 4566 annonamque
3031 4497 3224 4552 eadem
3276 4499 3364 4556 die
3406 4501 3558 4556 ciba-

1977 4585 2134 4650 riam,
2194 4585 2345 4642 omni
2406 4585 2664 4640 alimento
2713 4586 2992 4653 destituta,
3043 4587 3328 4645 lactentem
3381 4591 3553 4647 lilium

1969 4677 2262 4747 iugulavit,
2294 4677 2691 4748 dimidiamque
2725 4687 2936 4748 partem
2971 4680 3080 4734 assi
3115 4683 3432 4752 corpusculi
3461 4699 3557 4739 co-

258 4692 420 4762 ροῦσα
444 4695 547 4747 καὶ
573 4690 812 4746 παιδίον
839 4686 1148 4757 ὑπομάζιον
1177 4685 1399 4756 ἔχουσα,
1419 4681 1580 4737 τοῦτο
1603 4681 1866 4735 καταθύει

259 4786 347 4837 καὶ
389 4787 709 4856 ὀπτήσασα
753 4780 816 4834 τὸ
852 4780 954 4850 μὲν
984 4779 1221 4850 ἧμισυδί
1254 4777 1553 4849 βέϐρωκεν,
1585 4775 1645 4828 τὸ
1672 4775 1729 4828 δὲ
1757 4773 1870 4826 λοι-

255 4877 351 4931 πὴν
397 4875 726 4948 καλύψασα
767 4872 1032 4942 διετήρει.
1076 4872 1137 4924 Οἱ
1169 4868 1225 4922 δὲ
1270 4867 1646 4940 (στασιασταὶ,
1683 4864 1868 4928 καθὼς

253 4971 533 5036 εἰώθασιν,
568 4966 930 5028 είσελθόντες
963 4965 1077 5030 καὶ)
1103 4963 1206 5034 τῆς
1230 4962 1458 5032 κνίσσης
1489 4959 1803 5030 αἰσθόμενοι
1823 4959 1869 4991 ⁵⁸

252 5062 512 5133 ἠπείλουν
545 5056 896 5128 ἀναιρήσειν
913 5054 961 5087 ⁵⁸
989 5053 1183 5125 αὐτὴν,
1221 5053 1271 5106 εί
1306 5053 1381 5124 μὴ
1424 5053 1560 5122 ὅπερ
1605 5049 1865 5120 ἔκρυψεν,

251 5157 543 5222 ἐπιδείξειε
567 5155 645 5187 ’⁸ο
675 5149 790 5223 ἠδὲ
819 5149 887 5203 τὰ
914 5147 1144 5218 λείψανα
1181 5145 1276 5200 τοῦ
1301 5143 1592 5213 παιδαρίου
1623 5158 1869 5214 προαγαο

1970 4770 2158 4834 medit,
2191 4769 2568 4840 reliquamque
2598 4771 2870 4826 servabat.
2917 4772 2988 4827 At
3029 4774 3276 4829 seditiosi
3304 4773 3372 4829 de
3406 4791 3557 4829 more

1971 4861 2298 4932 introgressi
2336 4871 2391 4917 et
2431 4865 2646 4934 adipem
2676 4865 2996 4931 odorantes,
3032 4865 3079 4918 ei
3117 4874 3350 4920 mortem
3377 4866 3556 4919 mina-

1968 4954 2212 5016 bantur,
2262 4953 2369 5008 nisi
2427 4955 2576 5024 quod
2642 4954 3011 5009 absconderat
3068 4965 3373 5027 retegeret;
3436 4959 3553 5015 haec

1967 5055 2151 5101 autem
2206 5045 2469 5116 reliquias
2521 5046 2789 5101 exhibens
2848 5047 3103 5101 infantuli
3155 5064 3170 5102 :
3236 5066 3255 5101 ι
3292 5048 3369 5105 Ex
3426 5050 3552 5118 hoc,

1971 5139 2167 5209 inquit,
2209 5153 2334 5194 vere
2363 5139 2492 5193 olim
2519 5139 2630 5193 ﬁlio
2670 5153 2810 5204 meo,
2847 5153 2994 5193 nunc
3029 5154 3158 5195 vero
3191 5142 3415 5199 omnino
3444 5147 3550 5200 mi-

1502 5308 1700 5370 Varize
1745 5306 2055 5369 lectiones
2095 5312 2155 5365 et
2201 5308 2392 5365 noue.

315 5501 360 5532 ιε
393 5497 534 5553 Ced.
579 5485 929 5553 575.l8-20.
1009 5483 1054 5516 ι·
1078 5482 1432 5553 πληρουμένη
1481 5477 1584 5553 καὶ
1626 5475 1902 5553 “sitmst
1934 5468 2202 5553 ἐιργεΒ-έον
2227 5465 3551 5553 ,ένέσδεηψῇλειμένο,Καὲἐῖὲείρυξέὶἔφεςλέ

249 5531 822 5625 πόλεέξςυάνυὰλῖιίσεο
842 5531 1055 5625 γὰρ
1084 5531 1532 5625 ,μὴ
1560 5531 1803 5625 βρωθέξνς
1839 5545 1868 5598 ί

1973 5531 1987 5625 ξ
2020 5531 2092 5625 ’θξ
2116 5539 2292 5624 λιμός,
2306 5531 2447 5591 θοαί
2467 5531 2477 5536 ’
2509 5536 2554 5568 ⁸⁸
2586 5531 2661 5589 ὧν
2691 5538 2812 5624 c‘od.
2891 5539 2937 5625 δ”
2969 5537 3101 5625 Cefl‘,
3131 5531 3549 5625 375:2]..57619.

249 5589 486 5640 ποΑεμος
519 5589 802 5619 “Val-uuae
856 5589 911 5610 -ιι
958 5589 1055 5625 iur
1089 5589 1420 5639 οιυιιτυιε-γνν
1445 5589 1532 5630 ,δ’*ἰ
1560 5589 1764 5632 ww";
1789 5589 1803 5611 ν
1844 5589 1971 5598 νη·
2073 5611 2085 5626 .
2118 5589 2360 5638 επις
2782 5589 2810 5592 ν’
2982 5589 3099 5638 ;':.'
3135 5589 3332 5624 ἠ’-ι
3371 5589 3545 5619 "‘2"

246 5644 289 5676 ι·
327 5646 467 5695 Τότε
532 5638 638 5690 καὶ
689 5631 841 5697 γυνή
889 5645 974 5690 τις
1008 5627 1237 5694 ein/em:
1269 5624 1363 5697 κτὲὶ
1402 5634 1634 5697 πλουσίᾳ
1672 5631 1912 5697 τοῖδνομα
1933 5615 2208 5697 “If-“3‘?”
2232 5625 2328 5697 “3i
2361 5624 2638 5697 ,ἕλπξς
2675 5609 3553 5697 ἔξηῗῗοέτῗδιοη,Ἐλθέ-,ἓτξξῖῗίξν

252 5677 1056 5768 στα“σῖ;ι“ῐςτὲ;;’ἀξῂτέὲθή’ἑὴέιί
1078 5677 1421 5768 ὲερίὸφσξᾳνε
1459 5688 1569 5768 ὑτεο.
1598 5690 1647 5768 ἐς
1686 5677 1897 5768 ῖέδενάγ·
1975 5677 2105 5768 “ﬁ”
2128 5683 2208 5768 ,ἡκ
2231 5680 2558 5768 μὲνέπιτῇ
2576 5678 2847 5768 fidem”
2870 5679 2927 5768 5F
2951 5677 3551 5768 ξιοξταέξέιίαῖρεξτήρξξ

247 5747 1131 5840 ἄἘῖ’“ἶῖ”ἕιὲι·ι“ἕιῖἓὲἧέἦάᾶντεξ
1154 5747 1286 5820 add.
1315 5747 1446 5816 aed.
1523 5757 1570 5789 σε
1610 5755 1868 5812 ἀνελεῑνι

1997 5754 2044 5807 εί
2081 5747 2166 5821 μὴ’
2193 5747 2284 5802 ἐπ.
2331 5748 2392 5802 τὸ
2425 5749 2593 5819 μέρος
2634 5747 2769 5802 Ced.
2797 5753 2978 5802 »ντοῠ
3011 5767 3066 5801 π.
3099 5749 3165 5800 τὰ
3191 5747 3238 5799 λ,
3269 5747 3401 5802 θρα,
3446 5747 3453 5749 ·
3507 5748 3554 5781 οι

249 5855 491 5922 ἐπέδειξε
528 5848 644 5906 cod
657 5886 671 5901 .
