4092 6442
492 351 603 417 463
1710 343 2043 406 GEORGII
2083 343 2090 403 ἶ

2193 340 2539 403 MARTOLI
3662 333 3773 400 464

490 480 616 522 esse
646 459 1064 520 educationem
1114 457 1268 519 urbis
1307 466 1363 514 et
1416 456 1603 530 templi
1654 456 1948 513 manifeste
2004 455 2082 512 si-

2190 456 2583 527 οίκοδομήσατε
2611 453 2704 508 τὸν
2733 448 2905 519 οἷκον,
2934 454 3030 507 καί
3072 450 3355 524 εύδοκήσω
3396 449 3457 504 ἐν
3492 450 3642 521 αὐτῷ
3676 471 3776 505 0—-

490 557 791 630 gniﬁcavit.

2190 550 2281 603 ι⁸⁹
2312 551 2409 603 καὶ
2457 548 2613 603 έσται
2652 548 2687 620 ή
2729 547 2856 613 δόξα
2905 545 3001 601 τοῦ
3054 545 3209 599 οἴκου
3255 543 3449 599 τούτου
3480 544 3515 615 ή
3562 543 3775 615 ἐσχάτη

490 649 637 718 ὑπὲρ
666 646 766 719 τὴν
817 643 1068 716 πρώτην,
1118 642 1269 713 λέγει
1318 642 1549 714 Κύριος.
1584 659 1603 695 ι
1637 642 1850 711 Ὠσπερ
1895 640 2080 694 τοίνυν
2118 640 2371 712 Σολομὼν
2436 641 2537 710 τῆς
2582 639 2806 711 πρώτης
2844 637 2940 692 τοῦ
2986 636 3117 691 ναοῦ
3182 635 3475 706 οἰκοδομῆς
3500 636 3547 667 ⁵⁸
3577 635 3777 703 γέγονε

472 740 762 811 η’όομήτωρ,
798 737 943 792 οὕτω
990 740 1086 791 καὶ
1120 755 1139 788 ι
1174 735 1482 806 Ζοροϐάϐελ
1513 735 1559 766 ⁸¹
1590 733 1926 805 ἐθεμελίωσε
1975 736 2071 789 τὸν
2107 730 2258 789 οἷκον
2320 734 2548 788 τοῦτονο
2580 739 2676 787 καὶ
2737 732 2794 788 αί
2823 735 3007 806 χεῖρες
3033 730 3203 787 αὐτοῦ
3233 730 3649 785 ἐπιτελέσουσιν
3671 729 3778 782 αύο

489 832 602 887 τόν.
642 850 662 885 ι
700 833 763 886 Εἰ
792 833 893 903 μὲν
932 828 1027 887 οὗν
1056 830 1251 901 ἔμελλε
1312 830 1474 884 πάλιν
1502 830 1929 900 ἀναστήσεσθαι,
1959 828 2113 886 εἶπεν
2151 830 2219 885 ἂν
2278 834 2307 885 ό
2340 831 2664 904 προφήτης·
2704 849 2723 883 ε
2756 830 2870 885 Καὶ
2910 830 3065 883 ἔσται
3095 830 3130 899 ή
3157 826 3285 892 δόξα
3326 826 3423 880 τοῦ
3446 826 3599 880 οῐκου
3647 826 3782 880 τού-

487 942 585 980 του
613 925 759 997 (79⁸)
783 926 817 995 ή
869 925 1073 995 ἐσχάτη
1123 925 1265 995 ὑπὲρ
1301 924 1400 994 τήν
1440 922 1754 994 ἔμπροσθεν
1789 926 1857 979 ⁵³.
1892 943 1911 976 ι
1940 925 2032 997 Τῷ
2059 925 2117 979 δὲ
2155 926 2333 979 είπεϊν
2375 942 2397 976 ε
2432 926 2573 994 ὑπὲρ
2601 923 2702 996 τὴν
2769 923 3015 994 πρώτην,
3048 942 3069 977 s
3103 923 3204 993 τήν
3244 920 3510 991 δευτέραν
3534 920 3780 990 ἐσχάτην

481 1018 740 1090 ιὺπέφηνε
781 1020 876 1071 καὶ
913 1018 1258 1072 τελευταίαν.
1296 1018 1384 1079 Ὠς
1411 1017 1522 1087 γὰρ
1545 1018 1646 1071 ούκ
1670 1018 1787 1070 ἐστι
1846 1018 1949 1088 τῆς
1981 1017 2204 1090 πρώτης
2270 1019 2539 1090 προτέρα,
2566 1016 2746 1081 οὕτως
2787 1018 2909 1072 οὐδέ
2968 1018 3069 1086 τῆς
3105 1016 3344 1086 ἐσχάτης
3381 1012 3776 1084 έσχατωτέραθ

490 1111 632 1169 ὥστε
672 1110 786 1180 οὖν,
818 1114 869 1167 εἰ
904 1114 1005 1185 μὲν
1044 1109 1228 1166 εἵπενο
1267 1131 1288 1164 ε
1344 1113 1407 1165 Ἦ
1435 1113 1664 1184 δευτέρα
1690 1112 1832 1185 ὑπὲρ
1857 1113 1958 1184 τὴν
1989 1113 2236 1185 πρώτην,
2272 1114 2419 1178 εἰκὸς
2446 1108 2515 1185 ἦν
2546 1114 2592 1146 ⁸³
2628 1131 2648 1166 ι
2694 1112 2890 1184 τρίτην
2928 1111 3221 1181 οἰκοδομὴν
3258 1110 3566 1181 προσδοκᾷν
3587 1122 3604 1137 ·
3634 1110 3684 1161 εἰ
3714 1108 3777 1161 δέ

491 1207 591 1279 τήν
643 1208 905 1278 δευτέραν
974 1207 1214 1277 ἐσχάτην
1271 1205 1524 1271 ἐκάλεσε,
1576 1205 1734 1278 (τὴν)
1764 1206 2082 1260 τελευταίαν
2120 1207 2338 1277 ἐκείνην
2412 1206 2703 1278 οἰκοδομήν
2754 1205 3052 1277 προφανῶς
3116 1205 3215 1275 τῆς
3243 1204 3290 1235 ’δ
3320 1203 3532 1267 πόλεως
3557 1201 3653 1255 καὶ
3675 1199 3779 1255 τοῦ

491 1299 622 1356 ναοῦ
648 1300 1031 1371 παρεδήλωσε.

564 1390 632 1445 Ει
661 1390 866 1445 frustra
899 1390 1118 1456 erratis,
1153 1405 1186 1446 ο
1221 1389 1394 1447 Judaei
1416 1431 1431 1457 ,
1471 1392 1668 1447 borum
1713 1391 2073 1448 restauratio-

2252 1389 2447 1460 "(12)
2501 1388 2612 1441 Καὶ
2661 1387 2841 1458 μάτην
2892 1386 3197 1452 ἀπατᾶσθε,
3234 1378 3280 1439 ὧ
3346 1385 3615 1450 Ἰουδαῖοι,
3670 1389 3780 1461 τὴν

497 1488 779 1550 nempost
809 1477 1134 1550 Vespasiani
1164 1491 1218 1536 et
1242 1479 1353 1535 Titi
1382 1483 1807 1537 destructionem
1847 1482 2078 1538 sollicite

2190 1480 2612 1549 παλιγγενεσίαν
2643 1480 2874 1543 τούτων,
2917 1478 3056 1549 μετά
3082 1477 3183 1545 τὴν
3226 1476 3642 1533 Οὐεσπασιανοῦ
3676 1484 3777 1533 καὶ

496 1581 915 1642 exspectantes;
953 1571 1048 1626 sed
1084 1580 1140 1626 et
1173 1587 1330 1627 sacer
1361 1573 1565 1642 psaltes
1605 1572 1777 1627 David
1806 1583 1933 1628 ante
1965 1574 2082 1628 haec

2190 1572 2346 1627 Τίτου
2374 1572 2719 1642 καθαίρεσιν,
2745 1567 3295 1642 ἀποκαραδοκοῦντες
3319 1586 3336 1602 ·
3367 1570 3507 1624 ἀλλὰ
3540 1572 3648 1642 μὴν
3677 1573 3777 1625 καὶ

498 1663 844 1732 captivorum
889 1677 1182 1732 personam
1228 1662 1532 1733 praeferens
1587 1664 1728 1718 dixit
1776 1683 1791 1719 :
1840 1682 1862 1717 ε
1902 1662 2080 1734 S'uper

2190 1664 2209 1715 5
2244 1661 2575 1733 ίεροψάλτης
2608 1661 2775 1715 Δαυῒδ
2824 1663 2934 1733 πρὸ
2971 1662 3178 1717 τούτων
3220 1664 3287 1716 ἐκ
3331 1662 3626 1734 προσώπου
3669 1665 3776 1735 τῆς

497 1753 723 1809 ﬂumina
767 1754 1058 1823 Babylonis
1111 1753 1224 1809 illic
1270 1755 1537 1819 sedimus,
1572 1765 1627 1810 et
1652 1755 1904 1812 ﬂevimus
1947 1770 2076 1811 eum

2190 1753 2562 1825 αἰχμαλωσίας
2587 1754 2753 1825 φησίν
2777 1755 2852 1787 ⁸⁸·
2894 1773 2913 1807 ε
2959 1754 3083 1809 Ἐπὶ
3110 1755 3221 1807 τῶν
3251 1757 3515 1826 ποταμῶν
3538 1757 3582 1789 ⁵⁷
3607 1756 3778 1829 294

504 1846 931 1901 recordarcmur
956 1845 1090 1901 Sion
1124 1863 1137 1899 :
1171 1847 1299 1915 quia
1332 1846 1447 1902 illic
1480 1848 1953 1919 interrogaverunt
1977 1864 2078 1905 nos

2190 1843 2531 1911 Βαϐυλῶνος,
2564 1846 2681 1897 ἐκεῖ
2712 1844 3056 1913 ἐκαθίσαμεν
3106 1846 3201 1898 καί
3230 1845 3581 1915 ἐκλαύσαμεν
3611 1847 3671 1899 ἐν
3694 1846 3777 1916 τῷ

500 1938 594 2008 qui
623 1939 870 2007 captivos
898 1938 1174 1993 duxerunt
1208 1953 1326 2004 nos,
1349 1939 1511 1993 verba
1541 1943 1883 2006 cantionum,
1908 1951 1962 1995 et
1986 1941 2082 2010 qui

2195 1935 2501 2005 μνησθῆναι
2528 1937 2676 2006 ἡμᾶς
2702 1936 2802 2007 τὴν
2824 1934 2963 1989 Σιὼν
2995 1934 3067 2001 ⁸⁸,
3101 1955 3121 1989 ι
3149 1966 3219 1976 -
3249 1955 3268 1988 ι
3296 1938 3379 1991 ὅτι
3414 1938 3532 1991 ἐκεῖ
3555 1938 3781 2010 ἐπηρώ-

501 2032 847 2086 abduxerunt
900 2045 1024 2095 nos,
1074 2030 1331 2101 hymnos.
1377 2048 1398 2082 ι
1439 2029 1506 2085 Et
1538 2031 1672 2084 alibi
1720 2032 1974 2101 adjungit
2010 2032 2080 2087 de

2190 2044 2365 2096 τησαν
2398 2028 2546 2097 ήμᾶς
2574 2029 2626 2080 οί
2655 2028 3167 2098 αἰχμαλωτίσαντες
3188 2031 3337 2100 ήμάς
3367 2030 3581 2098 (λόγους
3615 2030 3775 2101 ᾠδῶν

501 2124 727 2178 civitate
752 2122 981 2192 loquens
1020 2139 1033 2174 :
1078 2140 1097 2174 ι
1134 2120 1438 2177 Εὰἱίίοαιιε
1467 2119 1766 2176 Jerusalem
1796 2121 2083 2188 Dominus,

2191 2121 2286 2174 καὶ
2314 2122 2363 2173 οἰ
2393 2120 2779 2191 ἀπαγαγόντες
2809 2123 2980 2193 ἡμᾶς)
3014 2122 3217 2194 ὕμνους
3244 2125 3313 2179 ⁸⁸.
3352 2143 3373 2178 ι
3417 2125 3529 2179 Καὶ
3573 2125 3777 2193 ἐπάγει

501 2212 876 2282 dispersiones
916 2210 1085 2266 lsrael
1113 2209 1490 2279 eongregabit.
1529 2226 1548 2260 ι
1585 2207 1648 2262 Ει
1673 2224 1869 2265 rursus
1897 2211 2083 2281 populi

2190 2211 2421 2281 ἐτέρωθι
2451 2213 2581 2283 περὶ
2622 2214 2720 2284 τῆς
2754 2214 2802 2246 ⁸⁸
2835 2215 3044 2278 πόλεως
3076 2216 3254 2284 λέγων
3282 2216 3324 2247 ⁶¹
3346 2232 3358 2245 ·
3392 2236 3412 2269 ι
3455 2216 3779 2287 οἰκοδομῶν

498 2304 726 2357 nomine
752 2301 887 2355 dicit
932 2317 946 2353 :
992 2318 1011 2351 ι
1046 2298 1184 2355 Cum
1227 2300 1488 2355 averterit
1540 2299 1805 2355 Dominus
1853 2300 2086 2371 captivi-

2200 2304 2561 2376 Ίερουσαλὴμ
2611 2307 2640 2357 ό
2676 2306 2903 2376 Κύριος,
2936 2305 3038 2370 τὰς
3078 2307 3381 2377 διασπορὰς
3423 2305 3519 2359 τοῦ
3553 2307 3779 2376 Ἰσραὴλ

496 2402 665 2447 tatem
692 2391 872 2462 plebis
899 2406 1034 2458 suae,
1070 2391 1369 2445 exsultabit
1394 2388 1564 2446 Jaeob
1610 2401 1666 2447 et
1710 2392 1984 2447 laetabitur
2014 2390 2090 2447 ls-

2190 2393 2522 2460 ἐπισυνάξει.
2562 2413 2581 2446 ι
2616 2395 2725 2448 Καὶ
2755 2395 2922 2449 πάλιν
2945 2397 3010 2449 ἐκ
3039 2396 3339 2467 προσώπου
3374 2395 3470 2448 τοῦ
3502 2395 3635 2449 λαοῦ
3665 2396 3779 2464 φά-

502 2486 671 2539 εαεί.»
711 2482 852 2554 Ergo
887 2501 907 2536 ι
941 2498 1040 2539 vos
1086 2482 1320 2537 multum
1335 2482 1566 2545 erratis,
1609 2484 1914 2538 nescientes
1944 2482 2090 2538 Scri-

2190 2485 2389 2539 σκει⁶²·
2416 2504 2435 2538 ε
2459 2486 2652 2558 Ἐντῷ
2674 2486 3003 2559 ἐπιστρέψαι
3030 2488 3235 2558 Κύριον
3264 2487 3365 2556 τήν
3391 2486 3780 2558 αἰχμαλωσίαν

498 2585 746 2647 pturass
789 2590 963 2647 neque
994 2575 1273 2646 mysteria,
1308 2589 1483 2645 neque
1532 2575 1854 2643 inspiratam
1904 2592 1933 2628 a
1980 2574 2090 2630 Deo

2190 2576 2279 2629 τοῦ
2310 2576 2443 2630 λαοῦ
2496 2578 2688 2645 αὑτοῦ,
2721 2578 3117 2648 ἀγαλλιάσεται
3162 2578 3359 2633 Ἰακὼό
3387 2582 3482 2632 καὶ
3528 2578 3777 2651 εὐφραν-

502 2669 811 2724 doctrinatn
842 2676 898 2721 et
927 2666 1181 2720 vaticinia
1209 2680 1332 2735 qua!
1364 2664 1600 2734 reposita
1632 2676 1759 2719 sunt
1792 2666 1844 2719 in
1877 2666 1980 2721 eis.

2190 2668 2719 2743 θήσεταιησραήλ.»
2744 2672 3050 2727 -ούκοῦν
3102 2674 3261 2743 ὑμεῖς
3305 2672 3443 2725 πολὺ
3482 2671 3527 2703 ⁸³
3560 2689 3579 2723 ε
3625 2670 3774 2724 πλα-

504 2763 692 2827 νᾶσθε,
726 2760 804 2831 μὴ
848 2760 1053 2822 εἰδότες
1090 2758 1191 2821 τὰς
1242 2757 1464 2829 Γραφάς
1502 2775 1526 2810 ι
1582 2756 1719 2829 μηδέ
1753 2755 1796 2789 ⁸⁵
1830 2758 1930 2828 τὴν
1988 2758 2362 2833 ἀποκειμένην
2418 2764 2686 2836 μυστικὴν
2742 2768 2837 2820 καί
2862 2765 3222 2821 Θεόπνευστον
3260 2764 3627 2838 (διδασκαλίαν
3648 2761 3771 2833 καὶ)

506 2854 816 2925 πρόρρησιν
845 2854 902 2906 ἐν
932 2851 1147 2915 αὐταῖς.

576 2946 653 3001 De
683 2946 775 3001 illa
800 2954 988 3002 autem
1018 2948 1318 3006 novissima
1341 2950 1659 3022 captivitate
1681 2966 1857 3023 neque
1880 2966 2090 3024 tempus

2262 2951 2309 2986 ει
2343 2951 2455 3025 (ιδ)
2494 2951 2629 3022 Περὶ
2659 2950 2713 3005 δέ
2742 2953 2842 3022 τῆς
2872 2951 3111 3024 ἐσχάτης
3159 2950 3542 3023 αἰχμαλωσίας
3568 2953 3777 3024 ταύτης

506 3039 793 3112 μωῆηὶνὶι
840 3041 1005 3105 Deus,
1053 3058 1231 3113 neque
1277 3045 1680 3101 restitutionem
1734 3048 2090 3103 Ostendernnt

2190 3042 2312 3097 οὔτε
2364 3045 2558 3115 χρόνον
2603 3043 2805 3115 ὥρισεν
2854 3047 2882 3098 ὁ
2930 3044 3086 3109 Θεὸς,
3137 3044 3265 3097 οὔτε
3321 3046 3776 3103 ἀποκατάστασιν

503 3134 803 3206 prophetae,
848 3135 943 3194 sed
988 3143 1195 3191 tantum
1229 3139 1604 3207 captivitatem
1634 3146 1689 3195 et
1732 3140 1882 3210 regni
1919 3142 2085 3196 vestri

2191 3137 2468 3208 ἐδήλωσαν
2499 3137 2545 3169 ⁸⁸
2568 3138 2616 3189 οί
2640 3139 2938 3208 προφῆται,
2967 3136 3104 3191 ἀλλά
3124 3138 3224 3207 τὴν
3244 3137 3342 3207 μὲν
3365 3138 3773 3209 αἰχμαλωσίαν,

504 3227 865 3281 cessationem
896 3235 953 3282 et
978 3226 1211 3283 civitatis
1237 3230 1629 3286 desolationem
1662 3233 2074 3303 praenuntiave-

2193 3230 2291 3284 καί
2324 3231 2371 3262 ⁸⁷
2400 3231 2499 3302 τῆς
2534 3230 2815 3299 βασιλείας
2864 3228 3019 3300 ὑμῶν
3060 3230 3431 3297 κατάπαυσιν,
3476 3234 3571 3286 καί
3601 3232 3647 3265 ⁶ν
3674 3235 3777 3304 τῆς

506 3328 638 3372 runt
662 3332 877 3382 omnes,
910 3333 1221 3389 regressum
1256 3332 1440 3376 autem
1486 3334 1542 3377 et
1576 3338 1771 3378 novam
1808 3325 1962 3379 urbis
2001 3338 2088 3379 re-

2192 3323 2405 3387 πόλεως
2446 3324 2725 3393 ἐρήμωσιν
2755 3323 2956 3385 πάντες
2986 3325 3036 3375 οἰ
3068 3324 3347 3394 προφῆται
3398 3326 3773 3397 προανήγγει-

507 3410 905 3466 staurationem
934 3412 1162 3467 minime
1182 3452 1199 3478 ,
1231 3429 1332 3469 nec
1360 3415 1657 3486 quidquam
1709 3426 1906 3488 praeter
1937 3416 2085 3471 illius

506 3505 719 3574 plenam
747 3504 1202 3571 destructionem,
1224 3515 1279 3562 et
1306 3510 1813 3564 exterminationem
1843 3517 2083 3565 vestram

501 3608 559 3652 et
576 3604 888 3665 perpetuam
909 3609 1123 3665 pronam
1145 3608 1200 3652 et
1226 3598 1619 3667 dispersionem
1649 3599 1706 3653 in
1738 3613 1928 3653 omnes
1952 3612 2084 3669 gen-

500 3698 609 3743 tes.
648 3687 793 3742 Dicit
823 3689 969 3743 enim
1003 3689 1365 3760 archangelus
1391 3691 1461 3745 ad
1495 3689 1775 3747 Danielem
1810 3707 1824 3745 :
1860 3690 2085 3746 «Exter-

503 3778 806 3833 minabitur
833 3777 1099 3844 chrisma,
1138 3789 1191 3833 et
1214 3780 1485 3850 judicium
1516 3797 1626 3836 non
1655 3781 1781 3849 erit,
1807 3790 1861 3837 et
1887 3783 2087 3836 civita-

505 3880 615 3924 tem
655 3876 713 3923 et
760 3867 1137 3923 sanctuariuin
1172 3869 1458 3940 dissipabit
1492 3886 1617 3926 cum
1660 3872 1800 3927 duce
1834 3880 2083 3937 venturo,

502 3969 560 4015 et
589 3961 982 4015 exscindentur
1004 3969 1067 4015 ut
1092 3960 1147 4014 in
1182 3962 1677 4032 eataclysmo,i—c
1707 3961 1775 4017 Et
1807 3963 2086 4017 auferetur

504 4052 684 4107 hostia
708 4059 765 4106 et
806 4050 1017 4116 libatio,
1052 4058 1109 4105 et
1140 4051 1197 4105 in
1245 4052 1451 4120 templo
1493 4050 1827 4106 abominatio
1868 4050 2085 4107 desola-

507 4148 753 4209 tionum,
804 4153 861 4199 et
901 4143 1183 4213 usquead
1232 4145 1764 4200 consummationem
1824 4145 2084 4213 temporis

504 4232 905 4286 consummatio
933 4231 1153 4286 dabitur
1188 4245 1354 4301 super
1382 4232 1795 4288 desolationem.
1841 4250 1860 4285 ι
1896 4232 2086 4287 Enim-

505 4338 638 4379 πετο
659 4324 959 4379 chrismate
986 4324 1227 4380 ostendit
1257 4324 1653 4392 sacerdotium,
1666 4325 1874 4395 judicio
1898 4335 2083 4380 autem

503 4430 735 4485 regnum
768 4414 1151 4485 publicamque
1175 4415 1620 4471 constitutionem
1666 4424 1721 4472 et
1761 4426 2081 4470 camerarum

505 4482 690 4560 rerum
738 4482 1086 4560 abolitionem
1137 4506 1523 4573 subindicavit,
1555 4522 1651 4577 per
1689 4508 2081 4580 cataclysmum
2117 4482 2161 4538 θ

508 4606 715 4664 autem,
747 4608 800 4653 et
825 4599 1181 4665 excisionetn,
1211 4609 1267 4655 et
1291 4602 1848 4666 consummationem,
1880 4601 2088 4673 signiti-

507 4688 652 4745 eaVit
684 4703 806 4759 qua:
834 4687 1083 4745 funditus
1120 4689 1305 4745 l‘utura
1343 4697 1463 4744 erat
1508 4689 1725 4745 ruinam
1769 4699 1825 4747 et
1864 4692 2085 4748 desola-

506 4785 733 4842 tionem.

574 4978 717 5035 Cum
760 4993 894 5051 ergo
922 4979 1183 5047 audieris,
1215 4996 1249 5036 ο
1272 4980 1457 5036 Iudaee
1494 4979 1796 5046 obcaecate,
1824 4993 2086 5036 consum-

506 5072 844 5140 mationem,
881 5074 1014 5143 quid
1054 5083 1316 5144 praeterea
1359 5073 1689 5144 exspectas?
1729 5071 1787 5127 Si
1837 5088 1967 5128 vero
2003 5072 2084 5126 le-

508 5164 683 5235 gendo
721 5180 832 5220 non
882 5167 1156 5238 intelligis,
1203 5167 1346 5223 sicut
1393 5181 1583 5223 revera
1637 5182 1746 5222 non
1800 5164 2081 5233 intelligis,

2191 3416 2312 3483 λαν,
2339 3415 2438 3487 τὴν
2467 3416 2524 3468 δέ
2554 3414 2813 3469 ἐπάνοδον
2843 3414 2940 3468 καὶ
2966 3415 3064 3486 τὴν
3092 3415 3193 3485 τῆς
3236 3416 3446 3479 πόλεως
3470 3417 3775 3485 ἀνόρθωσιν

2191 3508 2466 3578 οὐδαμῶς,
2494 3507 2637 3577 πλὴν
2669 3509 2830 3578 μόνον
2852 3507 2943 3560 τὸν
2966 3507 3202 3576 παντελῆ
3228 3505 3431 3577 ταύτης
3456 3507 3774 3577 ἀφανισμὸν

2192 3602 2288 3654 καὶ
2335 3600 2430 3653 τὸν
2472 3599 2698 3670 ὄλεθρον
2748 3599 2926 3669 ὑμῶν,
2963 3600 3060 3653 καὶ
3107 3599 3205 3670 τήν
3236 3597 3460 3667 διηνεκῆ
3488 3598 3770 3667 τιμωρίαν

2191 3693 2289 3747 καὶ
2338 3692 2639 3763 διασπορὰν
2684 3695 2765 3758 είς
2814 3692 2884 3747 τά
2930 3692 3058 3764 ἐθνη
3106 3692 3281 3746 πάντα
3305 3690 3374 3745 ⁸⁸.
3418 3688 3556 3760 Φησὶ
3596 3690 3708 3759 γὰρ
3737 3689 3768 3739 ό

2190 3782 2533 3853 ἀρχάγγελος
2563 3784 2701 3856 πρὸς
2741 3784 2833 3838 τδν
2879 3784 3081 3854 Δανιήλ
3108 3783 3186 3817 ⁸⁸·
3218 3799 3242 3837 ε
3287 3781 3773 3852 Ἐξολοθρευθήσε-

2191 3889 2283 3925 ται
2315 3876 2549 3945 χρίσμα,
2583 3877 2679 3929 καὶ
2703 3877 2879 3947 κρῖμα
2900 3876 3003 3928 οὐκ
3027 3873 3202 3939 ἐσται,
3228 3875 3324 3926 καὶ
3352 3871 3452 3943 τὴν
3486 3870 3640 3924 πόλιν
3674 3870 3774 3924 καὶ

2189 3962 2252 4017 τὸ
2271 3965 2463 4033 “Ἀγιον
2478 3965 2759 4035 διαφθερεῖ
2783 3966 2879 4019 σὺν
2899 3966 2976 4034 τῷ
2990 3965 3283 4035 ἡγουμένῳ
3297 3961 3376 4033 τῷ
3397 3961 3683 4032 ἐρχομένῳ
3703 3961 3773 4025 ’⁸ο

2192 4060 2289 4114 καὶ
2321 4059 2727 4131 ἐκκοπήσονται
2759 4058 2835 4121 ώς
2862 4057 2919 4110 ἐν
2952 4055 3345 4126 κατακλυσμῷ.
3385 4073 3406 4107 ι
3435 4083 3507 4095 -
3530 4053 3575 4087 ⁷⁸
3606 4071 3626 4106 ε
3661 4054 3775 4107 Καὶ

2192 4150 2496 4222 ἀρθήσεται
2526 4151 2571 4183 ⁷³
2606 4149 2767 4203 θυσία
2820 4150 2916 4204 καὶ
2968 4149 3193 4220 σπονδή,
3257 4148 3352 4201 ἐπὶ
3382 4146 3443 4201 τὸ
3484 4145 3630 4216 ἰερδν
3654 4145 3776 4215 βδέ-

2191 4244 2382 4314 λυγμα
2404 4241 2742 4314 ὲρημώσεων
2773 4242 2844 4308 ⁷³,
2874 4241 2971 4294 καὶ
3019 4241 3124 4304 ἕως
3155 4241 3203 4271 ⁷⁵
3227 4237 3542 4301 συντελείας
3574 4226 3772 4307 καιροῦ

2192 4337 2479 4390 συντέλεια
2512 4334 2801 4406 δοθήσεται
2845 4335 2939 4386 ἐπὶ
2989 4331 3087 4402 τὴν
3120 4332 3426 4402 ἐρήμωσιν.
3468 4348 3488 4381 ι
3531 4328 3632 4383 Διά
3670 4329 3776 4398 μέν

2191 4429 2300 4499 γάρ
2329 4427 2423 4482 τοῦ
2451 4427 2756 4500 χρίσματος
2802 4423 2923 4498 [τὴν
2947 4424 3257 4495 ἱερωσύνην
3293 4423 3559 4494 ἐδήλωσε,
3584 4421 3674 4475 διὰ
3713 4420 3774 4474 δὲ

2190 4517 2286 4573 τοῦ
2308 4516 2604 4589 κρίματος]
2632 4518 2730 4587 τὴν
2756 4515 3045 4587 βασιλικὴν
3070 4516 3168 4569 καί⁵
3191 4514 3332 4586 (τήν)
3361 4513 3646 4581 πολιτικήν
3670 4528 3775 4565 κα-

2188 4612 2453 4666 τάστασιν
2515 4609 2751 4663 καὶτῶν
2805 4607 2981 4662 ἄλλων
3020 4607 3278 4661 ἁπάντων
3328 4606 3431 4676 τὴν
3486 4604 3775 4673 ἀναίρεσιν

2189 4704 2462 4773 ὑπέφηνε,
2488 4702 2578 4757 διὰ
2608 4701 2668 4755 δὲ
2702 4700 2797 4754 τοῦ
2842 4700 3233 4769 κατακλυσμοῦ
3265 4699 3360 4751 καὶ
3395 4695 3495 4767 τῆς
3524 4694 3774 4762 ἐκκοπῆς

2191 4795 2291 4850 καὶ
2316 4794 2417 4863 τῆς
2464 4793 2777 4856 συντελείας
2811 4794 2913 4865 τὴν
2951 4792 3119 4864 ἄρδην
3142 4792 3420 4845 ἔκπτωσιν
3458 4789 3554 4845 καὶ
3588 4802 3777 4841 πανω-

2190 4887 2410 4958 λεθρίαν
2451 4889 2747 4959 ἐσήμανεν.

2255 4980 2370 5052 (ﬂ)
2410 4981 2579 5034 ὐταν
2602 4977 2697 5035 οῦν
2725 4978 2967 5052 ἀκούσῃς
2991 4981 3060 5047 ⁷⁸,
3093 4973 3138 5033 ὧ
3174 4979 3394 5034 ἰουδαίε
3422 4976 3610 5046 τυφλὲ,
3642 4992 3775 5029 συν-

2182 5072 2420 5137 τέλειαν,
2450 5072 2504 5125 τί
2542 5072 2734 5127 λοιπὸν
2783 5073 2973 5144 ἐτερον
3016 5072 3363 5143 προσδοκᾷ,;
3393 5072 3456 5125 El
3489 5070 3546 5123 δὲ
3576 5072 3772 5136 ἀναγι-

2185 5163 2410 5218 νώσκων
2451 5163 2555 5217 οὐκ
2614 5163 3022 5234 ἐπιγινώσκεις.
3060 5162 3252 5233 ὥσπερ
3289 5160 3383 5216 οῦν
3419 5161 3541 5215 οὐδὲ
3580 5162 3771 5227 ἐπιγι-

1697 5299 1901 5363 Varia;
1954 5299 2265 5363 lectiones
2308 5307 2373 5364 et
2410 5305 2603 5364 notae.

576 5403 623 5437 δ’
657 5406 897 5474 Aggqt,
924 5402 979 5458 9.
1015 5471 1039 5474 Α
1090 5402 1137 5434 ⁵⁸
1161 5402 1216 5474 ὀ.
1244 5403 1338 5458 τοῦ
1376 5420 1425 5457 ν.
1451 5401 1585 5457 Ced.

503 5613 549 5645 "
580 5614 670 5669 Ps.
699 5628 811 5675 ιιν.
839 5613 891 5668 7.
968 5614 1013 5644 "
1042 5614 1234 5668 Matth.
1266 5629 1401 5675 xm,
1433 5614 1523 5666 20.
1599 5614 1644 5644 “

503 5682 977 5757 ﬁgoﬁrgﬁedn
1022 5684 1197 5757 "silv
1240 5685 1383 5757 ped.
1446 5688 1567 5757 bis._
1625 5682 1670 5757 'f
1693 5697 1752 5757 π.
1790 5684 1879 5757 τά.
1908 5684 2113 5757 ἐεϐοιί.

576 5403 623 5437 δ’
657 5406 794 5474 Agg.
834 5417 897 5466 ιι,
924 5402 979 5458 9.
1090 5402 1137 5434 "
1161 5402 1210 5456 ὀ.
1244 5403 1338 5458 τοῦ
1376 5420 1425 5457 ν.
1451 5402 1585 5457 Ced.
1688 5402 1779 5454 "6
1811 5403 1933 5472 Ζορ.
1967 5402 2062 5473 τῆς
2092 5402 2135 5470 β’
2185 5419 2230 5454 κι

506 5473 564 5527 Ζ.
597 5471 969 5543 ἐθεμελίωσαν
1002 5471 1135 5529 Ced.
1208 5473 1254 5504 "
1285 5474 1341 5527 ύ.
1372 5474 1440 5527 τὰ
1465 5476 1511 5525 έ.
1540 5471 1691 5543 Cod.
1750 5472 1795 5503 ⁸³
1826 5474 1917 5543 καί
1943 5474 2077 5543 add.
2097 5470 2230 5527 Ced.

501 5546 549 5577 “
574 5545 665 5599 Ps.
697 5540 943 5609 cxxxvrt,
972 5544 1056 5596 l3.
1138 5542 1185 5575 "
1206 5544 1299 5595 τὸν
1331 5543 1573 5613 ποταμόν
1600 5542 1721 5599 cod.
1797 5542 1843 5575 "
1865 5545 1956 5613 καί
1984 5542 2084 5597 add

2190 5544 2260 5597 :d.
2334 5542 2379 5573 "
2410 5540 2580 5610 ὕμνον
2606 5540 2695 5595 Ps.

1685 5614 1822 5683 μήτε
1848 5612 1943 5683 τὴν
1988 5618 2045 5665 ὲν
2068 5615 2255 5675 αὑταῖς

2185 5403 2280 5455 καὶ
2310 5401 2545 5471 ἐσχάτης
2569 5417 2584 5432 ο
2612 5400 2747 5471 φησί
2789 5396 3317 5471 γὰρᾲΖαχαρίαςᾼθν,
3451 5414 3463 5428 ·
3498 5396 3555 5471 ai
3584 5398 3775 5469 χεῖρες

2305 5472 2351 5503 σε
2376 5468 2440 5525 iis
2463 5468 2587 5527 add.
2608 5468 2740 5526 (Led.
2815 5470 2862 5501 ⁸⁸
2888 5468 3029 5525 Ced.
3053 5468 3440 5535 588,6-l8-26.
3457 5469 3606 5519 τούτ.
3639 5468 3770 5521 cod.

2771 5539 2817 5570 “
2846 5541 2935 5593 ἐπι
2969 5540 3071 5608 τῆς
3105 5541 3236 5594 Ced.
3312 5539 3355 5570 ⁶¹
3393 5538 3451 5590 P.
3477 5552 3675 5598 esu".
3708 5538 3772 5593 2.

2292 5630 2349 5680 μ.
2384 5608 2516 5665 cca.
2588 5614 2634 5644 “
2665 5609 2794 5664 (Sed.
2824 5608 3286 5680 588,115-389,20.
3364 5610 3417 5680 ’ξ
3443 5608 3774 5680 ἐδήλωσενῤ

2216 5684 2261 5716 ⁶⁹
2292 5677 2442 5736 Dan.
2479 5698 2550 5747 Ix,
2599 5682 2689 5736 26.
2794 5679 2836 5751 7⁸
2859 5684 3050 5751 έπερχ.
3074 5681 3214 5751 iCed.
3315 5682 3358 5714 "
3391 5677 3529 5735 Dan.
3564 5693 3638 5746 Ix,
3672 5677 3770 5733 Ξῖ.

502 5748 701 5822 πρωί,
742 5748 821 5786 ’⁷³
843 5754 901 5826 β,
954 5753 1005 5810 δ.
1069 5748 1407 5827 ἐρημώσεως
1447 5769 1499 5808 σ.
1547 5754 1594 5810 δ.
1632 5755 1763 5811 Ced.
1840 5754 1889 5788 "
1912 5755 2009 5824 τῆς
2047 5752 2087 5806 υ

2258 5753 2305 5787 ⁷³
2349 5753 2571 5815 ἀκούεις
2604 5752 2732 5809 Oed.
2756 5748 3212 5820 589,10L390JZ.
