4092 6428
379 415 486 479 473
542 483 544 486 ,

1569 422 2043 486 ΟΙΙΒΟΝΙΟΟΝ.
2083 447 2151 459 -
2194 424 2346 488 LIB.
2388 425 2513 488 III.

3571 412 3676 476 Ui

376 541 444 595 οὒ
471 540 516 572 ’⁷
552 536 918 608 πεπλήρωται
954 535 1130 590 ταῦτα
1156 536 1202 569 ³⁸
1246 537 1676 606 ἁπαραλείπτως
1711 539 1858 593 κατὰ
1889 539 1985 601 τὰς

2095 542 2226 612 quid
2261 540 2768 612 praenuntiaverunt
2807 535 2863 591 in
2903 547 3000 590 vos
3049 544 3334 587 sermones
3391 529 3684 600 propheta-

376 634 536 706 ἱερὰς
564 633 912 702 προρρήσεις
941 633 1025 694 εἰς
1056 631 1201 702 ὑμᾶς
1222 648 1236 661 ·
1273 631 1368 684 καὶ
1412 630 1600 701 μέντοι
1645 634 1741 686 καὶ
1779 632 1849 686 τά
1878 631 1984 686 ὑπὸ

372 725 630 797 Χριστοῦ
703 723 1248 796 προκατηγγελμένα
1305 724 1401 776 καὶ
1473 725 1976 795 προηπειλημένα·

373 822 523 894 φησι
563 817 674 887 γὰρ
728 819 861 887 περὶ
888 815 990 886 τῆς
1056 815 1424 886 Ἰερουσαλὴμ
1478 817 1570 870 καὶ
1607 816 1703 870 τοῦ
1743 820 1802 870 ἐν
1841 818 1981 889 αὐτῇ

372 914 540 973 ναοῦ.
574 911 725 966 ὄτι⁹⁹
761 927 780 961 ι
814 908 891 961 Οὐ
931 908 1008 978 μή
1036 907 1199 980 μείνῃ
1223 906 1372 970 λίθος
1424 908 1519 960 ἐπὶ
1560 907 1734 962 λίθον.
1772 927 1792 961 ι
1829 905 1982 980 τΑρα

377 1004 740 1078 μεμένηκενς
775 1001 1065 1071 Οὐδαμῶς.
1097 1029 1168 1040 -
1189 1000 1300 1054 Καί
1331 1001 1346 1032 ⁸
1374 1016 1387 1029 ·
1436 1018 1456 1053 ι
1506 1001 1667 1066 Ἰδοὺ,
1696 1003 1921 1072 ἀφίεται
1955 1004 1985 1056 6

375 1095 535 1159 οἶκος
565 1094 725 1164 ὑμῶν
754 1091 989 1163 ἔρημος.
1053 1109 1073 1143 ι
1112 1085 1264 1159 *Αρα
1321 1090 1424 1143 οὐκ
1482 1092 1811 1161 ἐρήμωται;
1862 1094 1977 1146 Καὶ

380 1189 595 1259 σφόδρα
622 1202 707 1252 γε.
733 1214 805 1225 ——
832 1183 944 1237 Καί
971 1183 992 1213 ³
1025 1196 1040 1210 ·
1085 1201 1104 1234 ι
1142 1182 1334 1236 Ἔσται
1365 1182 1544 1252 θλίψις
1574 1184 1662 1236 οἵα
1694 1184 1757 1236 ού
1813 1185 1984 1252 γέγο-

379 1299 500 1336 νεν.
540 1299 560 1332 ι
589 1274 738 1346 Ἀρι
778 1275 881 1329 οὐκ
930 1274 1192 1342 ἐγένετος
1237 1274 1543 1342 Ἀνάγνωθι
1583 1275 1686 1346 τήν
1729 1277 1983 1347 ἱστορίαν

397 1373 674 1442 Ἰωσήπου
698 1368 895 1438 ἀνδρὸς
920 1367 1238 1440 (ὑμετέρου)
1286 1367 1548 1422 Ἰουδαίου
1598 1369 1697 1422 καὶ
1753 1368 1987 1438 φιλαλή-

386 1466 518 1528 θους
548 1480 561 1492 ·
594 1462 690 1516 καὶ
739 1461 863 1514 οὐδὲ
907 1460 1250 1514 ἀναπνεῦσαι
1306 1459 1496 1514 λοιπὸν
1545 1460 1776 1531 δυνήσῃ,

389 1559 556 1626 μόνον
580 1553 799 1608 ἀκούων
825 1547 914 1606 οἷα
945 1555 965 1584 ³
996 1552 1198 1606 ἔπαθον
1220 1555 1267 1606 οί
1291 1553 1465 1606 ἄθλιοι
1487 1553 1549 1606 τὸ
1577 1553 1698 1607 τότε
1735 1554 1984 1607 Ἰουδαῖοι

383 1646 476 1701 διὰ
509 1648 611 1715 τὴν
638 1643 834 1716 [κατὰ]
863 1641 963 1696 τοῦ
1019 1643 1230 1711 Κυρίου
1293 1643 1316 1675 δ
1349 1642 1554 1714 μανίαν
1605 1644 1702 1697 κα)⁸
1752 1643 1983 1697 λύσσαν.

388 1739 511 1791 Ἵνα
540 1737 649 1805 γάρ
675 1735 868 1806 μηδεὶς
893 1734 1006 1788 τῶν
1040 1734 1318 1788 Ἰουδαίων
1361 1735 1667 1807 ἀπιστήσῃ,
1692 1736 1792 1788 οὐκ
1822 1734 1984 1790 ἀλλό-

390 1831 561 1898 φυλόν
596 1847 742 1894 τινα,
776 1828 895 1882 ἀλλ’
927 1827 1227 1897 ὁμόφυλον,
1261 1828 1358 1881 καὶ
1397 1827 1720 1898 ὁμόπιστον,
1753 1829 1850 1882 καὶ
1881 1827 1982 1900 ζηο

391 1897 568 1992 λωτὴν
596 1919 1021 1990 παρεσκεύασεν
1051 1921 1084 1989 ἠ
1116 1920 1350 1990 ἀλήθεια
1401 1897 1473 1972 τὰ
1531 1919 1744 1974 ἐλεεινὰ
1789 1897 1983 1974 ἐκεῖνα
2017 1897 2058 1953 Β

390 2016 484 2067 καὶ
513 2012 860 2084 δυσεξήγητα
897 2011 1318 2083 ἐκτραγῳδῆσαι
1349 2013 1497 2084 πάθη
1527 2029 1541 2044 ’
1577 2013 1842 2084 τοιαύτην
1875 2017 1985 2084 γὰρ

395 2107 662 2177 θεήλατον
713 2104 1038 2174 ὑπέστησαν
1072 2103 1303 2170 ἅλωσιν,
1357 2106 1481 2161 οἵαν
1513 2106 1635 2159 οὐδέ
1681 2107 1710 2159 6
1762 2106 1985 2176 σύμπας

391 2193 503 2250 οἶδε
532 2196 749 2267 χρόνος,
776 2194 874 2262 ἀφ’
922 2187 984 2248 οὗ
1030 2194 1258 2264 γέγονεν
1287 2196 1380 2248 ἐπὶ
1408 2196 1507 2266 τῆς
1533 2196 1641 2266 γῆς
1673 2197 1984 2268 ἄνθρωπος,

394 2285 494 2338 καί
529 2285 787 2348 εἰκότως·
827 2284 935 2348 ἕως
984 2285 1087 2356 μὲν
1141 2283 1252 2355 γάρ
1316 2285 1401 2349 είς
1460 2285 1590 2350 τοὺς
1649 2287 1984 2356 ὁμοδούλους

396 2377 740 2446 ἡμάρτανον,
767 2374 1100 2445 συγγνώμης
1133 2377 1437 2447 ἐτύγχανον
1459 2393 1474 2408 ο
1510 2377 1679 2449 ἡνίκα
1700 2379 1758 2432 δέ
1791 2382 1871 2442 είς
1891 2381 1986 2433 τὸν

407 2467 596 2520 κοινὸν
636 2469 904 2538 Δεσπότην
933 2467 1282 2541 ἐξήμαρτον,
1328 2471 1743 2540 ἀσυγγνώστως
1792 2472 1985 2526 ἐκολά-

405 2558 638 2628 σθησαν.
674 2559 788 2613 Ὅτι
810 2559 866 2613 δὲ
885 2563 912 2614 6
941 2562 1181 2631 Χριστὸς
1204 2563 1510 2632 πεποίηκεν
1537 2564 1726 2627 αὐτοῖς
1743 2565 1765 2597 ⁸
1785 2564 1983 2631 ταῦτα,

392 2649 633 2703 ἄκουσον
656 2652 822 2704 αὑτοῦ
843 2651 1008 2705 πάλιν
1033 2655 1129 2707 καὶ
1149 2654 1238 2708 διά
1259 2656 1581 2727 παραϐολῆς
1607 2657 1914 2725 φάσκοντος
1940 2660 1981 2690 ⁸ο

395 2761 413 2792 ι
456 2742 599 2804 Τοὺς
637 2743 692 2795 δὲ
727 2741 803 2813 μὴ
856 2743 1222 2812 βουληθέντας
1285 2763 1354 2815 με
1407 2746 1735 2813 βασιλεῦσαι
1767 2749 1857 2802 ἐπ’
1889 2748 1987 2803 αύ-

384 2834 542 2899 τοὺς,
573 2835 814 2904 ἀγάγετε
845 2829 946 2890 ὦδε
973 2839 1070 2890 καὶ
1098 2839 1508 2908 κατασφάξατε.
1553 2858 1571 2893 ι
1603 2841 1696 2894 Διὸ
1722 2843 1815 2895 καὶ
1848 2843 1987 2913 πρὸς

387 2926 593 2988 αὐτοὺς
619 2926 808 2996 ἔλεγεν
841 2929 861 2960 ⁷
882 2946 896 2960 ·
935 2945 956 2982 ι
999 2930 1326 3000 Ἀρθήσεται
1357 2933 1452 3001 ἀφ’
1484 2932 1645 3002 ὑμῶν
1675 2935 1707 3003 ἡ
1735 2932 1986 3002 βασιλεία

387 3017 486 3070 καὶ
509 3017 807 3087 δοθήσεται
832 3019 977 3073 ἔθνει
998 3021 1248 3076 ποιοῦντι
1278 3022 1410 3088 τοὺς
1441 3024 1693 3096 καρποὺς
1724 3025 1920 3094 αὐτῆς.
1957 3043 1976 3078 ι

388 3110 503 3161 Καὶ
535 3111 678 3181 πρὸς
719 3111 819 3182 μὲν
849 3113 949 3184 τὴν
990 3112 1352 3186 Ἰερουσαλήμ
1381 3133 1550 3188 φησιν
1579 3116 1632 3149 ⁸·
1664 3136 1684 3169 ι
1720 3116 1987 3181 Ἦξουσιν

2091 653 2236 701 rum,
2270 645 2323 690 et
2354 650 2476 705 qua:
2504 633 2620 700 ipse
2654 630 3000 701 prophetavit
3025 626 3280 681 Christus
3331 632 3388 676 et
3436 621 3685 676 minatus

2087 740 2191 784 est.
2232 728 2377 783 Dixit
2409 727 2553 781 enim
2584 726 2652 780 de
2680 723 2984 778 Jerusalem
3044 729 3099 773 et
3125 720 3218 789 {de
3281 714 3484 790 templo
3539 714 3684 782 ejus,

2088 822 2216 892 quia
2260 840 2278 873 ι
2316 835 2424 874 non
2456 816 2759 873 remanebit
2794 813 2932 883 lapis
2972 827 3137 882 super
3187 808 3446 878 lapidem.
3499 825 3518 859 ›
3580 804 3686 858 Ite-

2089 911 2398 967 mansitne?
2461 908 2809 977 Neutiquam.
2841 905 2906 960 Et
2958 920 2970 956 :
3015 923 3033 956 ι
3071 902 3431 970 Relinquetur
3482 898 3684 952 domus

2089 1012 2269 1060 vestra
2316 1004 2576 1059 deserta.
2609 1019 2627 1052 ι
2681 998 2875 1053 Nonne
2912 998 3125 1051 deserta
3157 993 3278 1049 est?
3339 991 3403 1045 Et
3461 990 3682 1060 quidem

2087 1113 2338 1169 prorsus.
2364 1096 2428 1151 Et
2453 1113 2468 1149 :
2499 1115 2516 1147 ι
2545 1093 2662 1147 Erit
2690 1104 2949 1163 pressura
2974 1087 3156 1156 qualis
3180 1102 3289 1140 non
3324 1084 3444 1138 fuit.
3481 1103 3499 1135 ι
3531 1082 3684 1136 Fuit.

2089 1208 2157 1246 ne
2185 1189 2484 1260 pressura?
2511 1189 2653 1257 Lege
2697 1183 2985 1241 historiam
3032 1179 3256 1250 Josephi
3295 1178 3388 1248 qui
3452 1175 3558 1230 fuit
3615 1190 3681 1229 ex

2088 1285 2241 1338 vobis
2271 1293 2325 1338 et
2349 1281 2595 1336 veritatis
2617 1293 2832 1338 amans,
2863 1284 2918 1330 et
2953 1291 3064 1329 non
3094 1275 3204 1342 jam
3250 1272 3530 1340 respirare
3585 1284 3685 1338 po-

2092 1374 2227 1430 teris
2263 1371 2493 1427 audiens
2537 1379 2744 1441 quanta
2781 1377 2914 1423 tunc
2981 1365 3169 1419 miseri
3221 1363 3366 1433 passi
3424 1361 3532 1414 sint
3589 1358 3685 1413 Ju-

2089 1466 2190 1522 daei
2223 1465 2294 1520 ob
2327 1466 2569 1518 furorem
2617 1471 2668 1517 et
2690 1461 2895 1515 rabiem
2939 1458 3203 1512 adversus
3234 1454 3563 1523 ,Dominum.
3606 1449 3685 1505 Ne

2089 1557 2236 1614 enim
2275 1557 2566 1628 quisquam
2617 1554 2932 1608 Judaeorum
2983 1550 3273 1611 dilﬁdcrct,
3312 1562 3421 1600 non
3447 1544 3683 1598 alienum

2090 1652 2293 1705 veritas
2351 1649 2455 1703 sibi
2498 1647 2842 1718 comparavit
2889 1657 3219 1716 pra-canem,
3285 1640 3378 1695 sed
3433 1638 3682 1708 ejusdem

2090 1743 2269 1814 gentis
2296 1751 2350 1796 et
2382 1741 2505 1795 ﬁdei
2550 1739 2750 1802 virum,
2781 1752 2995 1793 necnon
3025 1745 3078 1792 et
3103 1735 3219 1789 zelo
3240 1746 3558 1794 accensum,
3587 1733 3682 1799 qui

2091 1835 2401 1891 miseranda
2436 1834 2552 1889 haec
2577 1840 2631 1887 et
2661 1830 2886 1886 infanda
2921 1828 3200 1885 narrando
3259 1827 3678 1880 lamentaretur.

2089 1925 2222 1981 Eam
2273 1925 2418 1980 enim
2475 1940 2504 1979 a
2549 1922 2660 1978 Deo
2720 1921 2892 1977 Judai
2953 1919 3175 1976 subiere
3216 1916 3681 1988 expugnationem

2089 2035 2253 2090 quam
2287 2018 2420 2073 nulli
2458 2032 2700 2086 unquam
2735 2015 2990 2070 viderunt
3019 2028 3085 2067 ex
3123 2027 3234 2082 quo
3267 2013 3431 2066 homo
3463 2011 3597 2065 vivit
3628 2010 3684 2063 in

2090 2122 2255 2176 terra,
2289 2121 2340 2166 et
2372 2110 2592 2181 quidem
2633 2108 2850 2163 merito.
2893 2107 3030 2161 Dum
3063 2106 3119 2160 in
3164 2119 3356 2161 servos
3406 2104 3510 2159 sibi
3547 2118 3685 2158 con-

2087 2205 2296 2260 similes
2349 2209 2742 2271 peccaverunt,
2791 2201 3164 2255 condonatqu
3208 2207 3291 2252 est
3350 2197 3494 2262 illis;
3555 2211 3682 2250 cum

2090 2312 2218 2352 vero
2242 2295 2296 2350 in
2325 2296 2705 2349 universorum
2727 2292 3254 2362 Dominum,pmnas
3282 2291 3524 2346 tulerunt
3550 2292 3687 2346 irre-

2089 2388 2405 2444 missibiles.
2446 2386 2604 2453 Quod
2643 2383 2899 2440 Christus
2933 2383 3050 2440 lucc
3085 2383 3194 2438 illis
3228 2382 3451 2449 fecerit,
3486 2382 3686 2437 audias

2088 2492 2186 2548 per
2232 2475 2547 2548 parabolam
2601 2476 2913 2546 loquentem
2953 2490 2967 2525 :
3012 2493 3031 2526 ι
3078 2472 3206 2529 Illos
3241 2474 3333 2543 qui
3379 2473 3682 2528 noluerunt

2088 2586 2177 2625 me
2204 2583 2430 2640 regnare
2495 2582 2660 2636 super
2693 2582 2773 2634 se,
2807 2567 3060 2622 adducite
3091 2569 3201 2622 huc
3247 2577 3302 2622 et
3348 2567 3616 2636 iugulate.
3659 2585 3679 2619 ι

2087 2661 2385 2733 Propterea
2415 2661 2522 2716 illis
2550 2661 2804 2715 dicebat:
2832 2678 2850 2712 ι
2882 2659 3180 2715 Auferetur
3208 2675 3239 2714 a
3272 2659 3428 2716 vobis
3452 2676 3681 2731 regnum

2088 2763 2139 2807 et
2169 2753 2391 2806 dabitur
2425 2752 2570 2822 genti
2605 2749 2824 2804 facienti
2864 2750 3078 2806 fructus
3106 2751 3250 2820 ejus.
3294 2769 3313 2803 ι
3355 2749 3420 2804 Ει
3454 2752 3676 2822 quidem

2089 2846 2154 2900 ad
2180 2843 2484 2900 Jerusalem
2517 2843 2700 2898 dicit:
2742 2862 2761 2895 ι
2808 2843 3040 2898 Venient
3067 2843 3121 2898 in
3164 2852 3216 2899 te
3268 2844 3409 2908 dies,
3473 2853 3528 2899 et
3575 2845 3686 2898 eir-

2089 2938 2427 2993 cumdabunt
2475 2945 2526 2990 te
2557 2935 2763 2990 inimici
2798 2935 2878 2990 tui
2915 2934 3082 3000 vallo,
3135 2943 3191 2991 et
3245 2935 3688 2991 circumstabunt

2091 3039 2143 3085 te
2170 3029 2434 3098 undique,
2463 3036 2518 3081 et
2557 3036 2908 3095 prosternent
2937 3028 3002 3082 ad
3045 3036 3248 3081 terram
3282 3027 3423 3082 ﬁlios
3464 3037 3589 3082 tuos
3626 3027 3683 3081 in

2093 3131 2167 3177 te.
2205 3139 2224 3172 ι
2263 3119 2328 3174 Ει
2355 3120 2424 3174 ad
2474 3119 2675 3175 inﬁdos
2723 3118 2944 3173 Judzeos
2977 3119 3210 3189 loquens
3239 3119 3390 3173 addit
3425 3133 3439 3169 :
3483 3138 3503 3171 σ
3546 3118 3687 3175 Ecce

389 3202 485 3256 ἐπὶ
512 3218 573 3256 σε
601 3204 832 3276 ἡμέραι,
883 3207 980 3260 καὶ
1031 3207 1393 3278 περιὸαλοῦσί
1444 3225 1528 3263 σοι
1562 3209 1612 3263 οι
1643 3211 1832 3280 ἐχθροί
1886 3227 1984 3264 σου

2095 3214 2434 3284 relinquetur
2465 3213 2664 3267 domus
2688 3219 2871 3266 vestra
2905 3211 3142 3266 deserta.
3187 3228 3207 3262 ι
3247 3209 3401 3277 Quod
3433 3219 3489 3264 et
3521 3210 3683 3266 divus

390 3297 639 3366 χάρακα,
697 3299 792 3352 καὶ
843 3299 1191 3354 κυκλώσουσί
1244 3319 1326 3368 σε,
1387 3303 1488 3356 καὶ
1533 3303 1816 3368 συνέξουσί
1875 3303 1983 3377 [σε]

2092 3307 2282 3362 Daniel
2331 3305 2708 3376 praenuntians
2760 3303 2944 3358 dixit:
2993 3322 3012 3356 ι
3046 3303 3248 3359 Urbem
3307 3313 3362 3360 et
3424 3313 3683 3360 sanctua-

393 3388 690 3454 πάντοθεν,
714 3390 814 3443 καὶ
844 3391 1132 3460 ἐδαφιοῦσι
1161 3391 1231 3446 τὰ
1253 3393 1423 3447 τέκνα
1447 3411 1541 3447 σου
1564 3396 1623 3450 ἐν
1643 3395 1749 3449 σοί.
1783 3415 1804 3449 ›
1841 3396 1985 3467 Πρὸς

2091 3399 2234 3454 rium
2254 3399 2497 3454 destruet
2515 3412 2643 3453 cum
2671 3397 2811 3452 duce
2840 3405 3107 3462 venturo;
3148 3413 3168 3448 ι
3207 3396 3258 3452 id
3294 3405 3402 3464 est,
3437 3395 3580 3453 Deus
3631 3407 3686 3453 et

389 3479 452 3534 δέ
479 3481 608 3543 τοὺς
633 3481 882 3546 ἀπειθεῖς
922 3485 1214 3548 Ἰουδαίους
1246 3485 1444 3554 ἐπάγει
1475 3486 1652 3556 λέγων
1685 3489 1706 3520 ⁹
1727 3504 1742 3518 ⁸
1788 3507 1808 3541 ι
1843 3489 1982 3544 Ἰδοὺ

2090 3490 2252 3547 Pater
2281 3491 2528 3546 omnium
2556 3489 2823 3546 solemnia
2857 3498 2913 3544 et
2943 3489 3175 3545 illustria
3202 3505 3425 3560 quoque
3452 3489 3677 3545 Iudaeo-

391 3574 617 3642 ἀφέεται
651 3576 680 3628 6
713 3570 866 3640 οἶκος
919 3577 1075 3646 ὑμῶν
1128 3578 1360 3650 ἔρημος,
1407 3598 1428 3632 ι
1492 3581 1631 3651 ὅπερ
1663 3577 1757 3636 οὖν
1805 3583 1903 3636 καὶ
1957 3585 1985 3637 6

2091 3597 2212 3636 rum
2244 3582 2511 3645 destruet,
2548 3580 2644 3635 sed
2702 3589 2757 3634 et
2803 3579 3057 3636 Christus
3103 3579 3277 3635 Filius
3330 3595 3461 3645 una,
3515 3595 3680 3650 quem

390 3670 540 3733 θεῖος
576 3669 778 3739 Δανιὴλ
811 3668 1100 3740 προδηλῶν
1126 3669 1232 3741 ἔφη
1262 3669 1306 3702 ⁸⁸
1335 3685 1348 3701 ·
1392 3688 1410 3722 ι
1447 3669 1560 3742 τήν
1605 3670 1764 3726 πόλιν
1795 3674 1890 3726 καὶ
1923 3672 1985 3726 τδ

2092 3673 2491 3741 redemptorem
2541 3681 3002 3742 exspectaverunt
3053 3681 3107 3726 et
3165 3672 3518 3728 salvatorem.
3555 3671 3673 3728 Non

392 3765 554 3832 ἇγιον
587 3763 875 3834 διαφθερεῖ
908 3763 1006 3818 σὺν
1037 3763 1115 3833 τῷ
1162 3765 1459 3837 ἡγουμένῳ
1491 3765 1569 3835 τῷ
1617 3766 1922 3837 ἐρχομένῳ,
1961 3785 1978 3822 ι

392 3854 681 3909 τουτέστιν
717 3855 747 3906 6
773 3853 908 3917 Θεὸς
936 3855 1030 3908 καὶ
1087 3854 1280 3926 Πατὴρ
1331 3856 1554 3910 πάντων
1602 3856 1878 3911 Ἰουδαίων
1917 3858 1984 3913 τὰ

392 3947 573 4016 σεμνά
598 3947 693 4000 καὶ
741 3947 1088 4018 περίσλεπτα
1127 3947 1451 4018 ἀνατρέψει,
1477 3949 1618 4003 ἀλλά
1667 3951 1764 4004 καὶ
1795 3949 1824 4002 6
1855 3950 1986 4016 Υἱὸς

391 4037 490 4090 καὶ
521 4038 756 4107 Χριστὸς
790 4038 856 4102 ’⁸,
892 4038 922 4089 6
950 4037 1083 4109 παρ’
1108 4037 1291 4092 αὐτῶν
1323 4038 1400 4102 ὡς
1429 4039 1718 4112 λυτρωτὴς
1743 4040 1981 4112 προσδο-

390 4126 645 4199 θεώμενος
674 4131 769 4184 καὶ
796 4130 1005 4200 σωτήρ.
1039 4128 1117 4184 Οὐ
1149 4129 1260 4201 γὰρ
1288 4125 1432 4195 εἷπε,
1469 4132 1920 4202 Διαφθαρήσεται
1948 4134 1980 4202 ἡ

390 4221 554 4284 πόλις
587 4223 683 4274 καὶ
712 4222 740 4274 6
780 4220 906 4284 ναὸς
941 4221 1040 4274 σὺν
1093 4221 1172 4292 τῷ
1207 4221 1521 4293 ἡγουμένῳ,
1555 4221 1740 4286 καθὼς
1769 4223 1983 4292 ἀλόγως

2087 3764 2232 3817 enim
2255 3763 2392 3816 dixit
2414 3778 2429 3816 :
2455 3762 2778 3816 Destruetur
2801 3761 2998 3816 civitas
3014 3771 3068 3816 et
3089 3761 3350 3832 templum
3373 3776 3498 3815 eum
3518 3761 3681 3826 duce,

2088 3856 2231 3912 sicut
2255 3854 2582 3909 existimant
2641 3852 2888 3906 nonnulli
2937 3861 3206 3917 errantes,
3246 3852 3387 3916 'sed,
3425 3852 3682 3907 Destruet

2093 3947 2257 4003 Pater
2285 3947 2544 4016 templum
2579 3954 2633 3999 et
2665 3945 2944 4000 civitatem
2990 3944 3482 4014 comparticipante
3511 3944 3680 3998 nimi-

2089 4054 2231 4103 rum,
2289 4054 2452 4109 quem
2476 4036 2827 4091 contumeliis
2862 4044 3250 4092 saturaverunt
3281 4035 3443 4101 duce,
3479 4034 3546 4090 de
3567 4049 3680 4104 quo

2085 4131 2255 4188 Jacob
2313 4132 2378 4186 ad
2427 4130 2699 4185 Bethleem
2735 4147 2748 4182 :
2788 4147 2806 4181 ι
2847 4127 2925 4184 Ex
2977 4138 3029 4183 te
3074 4128 3388 4200 egredietur
3421 4127 3556 4191 dux,
3589 4137 3680 4184 aet

2088 4229 2323 4297 reliqua.
2377 4225 2646 4292 Quinimo
2696 4224 2963 4295 apostolis
2984 4223 3251 4277 Dominus
3269 4222 3449 4276 dixit:
3487 4239 3506 4274 ι
3536 4220 3674 4278 Cum

387 4313 600 4368 οἴονταί
652 4330 820 4380 τινες,
850 4312 985 4367 ἀλλά
1023 4315 1090 4378 η,
1159 4331 1178 4364 ι
1237 4314 1537 4384 Διαφθερεῐ
1577 4316 1605 4366 6
1638 4314 1828 4386 Πατὴρ
1890 4317 1983 4367 τδν

2089 4321 2332 4375 videritis
2395 4318 2864 4374 abominationem
2930 4316 3314 4382 desolationis,
3381 4316 3582 4371 dictam
3644 4331 3675 4370 a

389 4406 523 4459 ναὸν
552 4407 647 4458 καὶ
693 4405 794 4474 τὴν
831 4405 1010 4471 πόλιν,
1048 4423 1066 4457 ι
1098 4406 1554 4476 συμπράττοντος
1583 4405 1833 4476 δηλονότι
1884 4407 1982 4460 καὶ

2089 4413 2310 4468 Daniele
2342 4412 2628 4482 propheta,
2652 4419 2888 4466 stantem
2922 4410 2977 4464 in
3008 4410 3128 4463 loco
3155 4418 3370 4472 sancto,
3396 4408 3489 4478 qui
3522 4409 3674 4478 legit,

387 4497 486 4550 τοῦ
538 4497 962 4567 παροινηθέντος
993 4498 1085 4551 ὑπ’
1142 4497 1323 4552 αὐτῶν
1372 4499 1706 4569 ἡγουμένου,
1760 4500 1891 4570 περὶ
1921 4492 1982 4554 οὗ

2089 4506 2380 4576 intelligat.
2419 4525 2438 4559 ι
2473 4505 2630 4571 Quod
2655 4517 2803 4560 certe
2837 4503 3192 4573 adimpletum
3233 4511 3341 4566 est,
3405 4503 3670 4573 primum,

388 4608 561 4661 φησιν
589 4591 629 4622 ³³
683 4589 880 4644 Ἰακὼϐ
924 4590 1063 4662 πρὸς
1097 4590 1197 4662 τὴν
1255 4591 1506 4662 Βηθλεέμ
1535 4592 1620 4626 ³³⁸
1664 4612 1683 4646 ι
1739 4594 1836 4647 Ἐκ
1884 4593 1978 4646 σοῦ

2089 4600 2142 4655 in
2169 4609 2418 4670 tempore
2445 4597 2864 4670 expugnationis
2893 4605 2947 4652 et
2971 4597 3262 4661 vastitatis,
3287 4610 3413 4651 eum
3443 4594 3676 4650 Romani

388 4683 740 4748 ἐξελεύσεται
767 4682 1099 4754 ἡγούμενος,
1141 4701 1160 4734 ι
1203 4685 1296 4737 καὶ
1327 4684 1396 4737 τὰ
1433 4684 1584 4755 ἐξῆς.
1620 4685 1732 4738 Καὶ
1784 4686 1975 4756 μέντοι

2089 4693 2290 4746 milites
2321 4691 2373 4744 in
2430 4691 2693 4762 templum
2736 4689 2971 4760 ingressi
2995 4698 3144 4754 sunt,
3175 4696 3230 4742 et
3276 4687 3468 4743 urbem
3524 4686 3678 4754 deje-

388 4777 487 4830 καὶ
522 4775 664 4844 πρὸς
691 4776 819 4837 τοὺς
850 4775 1188 4839 ἀποστόλους
1220 4775 1270 4844 (6
1302 4775 1530 4847 Κύριος)
1561 4774 1740 4841 οὕτως
1785 4777 1980 4847 διηγό-

2089 4794 2281 4840 cerunt
2312 4783 2378 4837 ad
2411 4783 2837 4847 desolationem,
2864 4796 3028 4849 quam
3071 4781 3295 4850 quidam
3344 4795 3468 4834 esse
3523 4778 3675 4832 arhiv

389 4885 592 4939 ρευσεν
619 4869 694 4898 ίδ·
736 4886 756 4920 ι
795 4868 969 4921 Ὅταν
1002 4867 1152 4939 ἴδητε
1188 4869 1249 4922 τὸ
1286 4869 1567 4940 βδέλυγμα
1604 4870 1705 4940 τῆς
1749 4870 1979 4941 ἐρημώ-

2089 4884 2302 4931 trautur
2329 4874 2721 4928 desolationem
2754 4874 3090 4944 praedictam,
3109 4871 3554 4942 quandoquidem
3583 4870 3678 4924 ab-

390 4976 536 5021 σεως
566 4959 650 5028 (τὸ
681 4958 848 5029 ῥηθὲν
876 4959 964 5013 διά
995 4960 1197 5031 Δανιὴλ
1217 4960 1312 5013 τοῦ
1355 4962 1664 5032 προφήτου)
1710 4961 1886 5026 ἐστὼς
1918 4963 1977 5016 ἐν

2089 4967 2307 5021 alienati
2338 4975 2391 5020 et
2417 4965 2721 5020 secundum
2756 4965 2929 5033 legem
2963 4965 3330 5033 coinquinati,
3357 4964 3510 5032 juste
3540 4962 3672 5018 dicti

386 5050 544 5118 τόπῳ
570 5048 710 5118 ἁγίῳ
738 5078 804 5089 -
833 5050 862 5102 6
893 5049 1290 5118 ἀναγινώσκων
1315 5050 1528 5112 νοείτω,
1570 5068 1590 5101 ι
1625 5081 1692 5091 -
1724 5051 1754 5104 ὃ
1785 5051 1849 5122 δή
1882 5053 1978 5105 καὶ

2089 5069 2217 5114 sunt
2243 5058 2580 5112 abominatio
2595 5056 2979 5120 desolationis;
3006 5057 3223 5120 deinde,
3249 5071 3374 5110 cum
3403 5064 3456 5110 et
3482 5067 3671 5127 postea

388 5141 745 5211 πεπλήρωτο,
779 5141 997 5213 πρῶτον
1020 5141 1121 5212 μὲν
1151 5142 1295 5196 κατά
1323 5141 1460 5213 (τὸν)
1486 5143 1678 5214 καιρὸν
1712 5144 1814 5214 τῆς
1835 5143 1978 5198 ἁλώ-

2089 5148 2358 5203 Adrianus
2387 5153 2623 5201 statuam
2657 5159 2812 5200 suam
2839 5143 3034 5207 erexit,
3067 5153 3121 5199 et
3145 5143 3410 5214 reliquias
3431 5143 3676 5200 civitatis

387 5250 532 5295 σεως
573 5234 670 5287 καὶ
707 5233 1065 5306 ἐρημώσεως,
1118 5236 1199 5298 είς
1236 5252 1294 5289 τε
1333 5234 1396 5287 τὸ
1439 5236 1760 5306 Ῥωμαϊκὸν
1813 5237 1974 5308 302

2089 5237 2304 5309 penitus
2343 5236 2599 5291 vastavit.

389 5325 759 5391 στρατόπεδον
782 5326 1097 5380 ἐπεισελθὸν
1127 5328 1187 5380 ἐν
1216 5327 1294 5398 τῷ
1324 5326 1437 5398 ναῷ
1468 5327 1514 5359 ⁸⁸
1543 5330 1636 5381 καὶ
1665 5329 1766 5399 τὴν
1805 5330 1961 5383 πόλιν
1999 5332 2122 5383 ἐλὺν
2183 5329 2330 5383 κατά
2346 5328 2447 5399 τὴν
2477 5329 2783 5400 ἐρήμωσιν,
2809 5325 2886 5390 ὥς
2945 5342 3092 5390 τινες
3113 5325 3173 5379 τὸ
3202 5325 3369 5397 ῥηθὲν
3395 5326 3674 5397 βδέλυγμα

1613 5473 1814 5536 Varias
1844 5473 2154 5538 lectiones
2199 5479 2259 5534 et
2304 5479 2497 5534 notua.

460 5596 503 5629 ’⁷
541 5598 589 5649 εί
640 5597 712 5667 μή
743 5596 877 5652 Ced.
957 5599 1002 5630 "
1030 5596 1209 5651 πάντα
1250 5599 1374 5654 eod.
1451 5600 1496 5632 ”
1530 5599 1718 5655 Matth.
1759 5617 1907 5662 xxxv,
1963 5601 1985 5654 9

2093 5600 2207 5654 ίθου
2239 5597 2373 5653 Ced.
2455 5598 2471 5629 '
2501 5596 2688 5652 Matth.
2728 5613 2918 5655 smn.
2949 5596 3039 5652 58.
3118 5598 3138 5627 ⁸
3165 5596 3354 5650 Matth.
3395 5608 3542 5667 την,
3572 5589 3665 5667 20.

385 5667 410 5700 ³
430 5667 486 5719 ἀ.
512 5660 908 5742 μηᾶπέ-ρ-(ἷεὸ.
927 5699 996 5708 -
1018 5669 1075 5721 ἀ.
1099 5668 1403 5742 τηνικαῦτα
1432 5670 1492 5742 ’_l.
1521 5670 1651 5724 Ced.
1732 5671 1752 5742 ξ
1778 5660 1918 5742 κατά
1950 5673 1985 5723 Χ

2089 5670 2183 5724 τοῦ
2214 5668 2376 5742 Ced._
2425 5668 2447 5742 ξ
2479 5669 2543 5742 6r.
2566 5686 2625 5720 π.
2658 5667 2816 5742 Ced._
2840 5667 2892 5742 7‘
2926 5667 3216 5742 [τηατ-δικ,
3425 5660 3666 5742 ’,Μελ-ηιξ.

384 5732 624 5810 {xu—4.5.
699 5738 725 5810 ξ
757 5736 889 5810 Luc.
915 5754 1040 5810 ixrx,
1088 5732 1175 5800 45,
1213 5740 1295 5793 Η.
1377 5739 1397 5768 ⁹
1436 5740 1566 5793 Luc.
1593 5756 1707 5802 κιιιι
1741 5741 1829 5795 55.
1916 5742 1985 5793 ὀ]

2089 5759 2121 5794 ει
2186 5741 2280 5792 καί
2338 5739 2468 5793 (Sed.
2513 5739 2645 5810 Dan.
2680 5753 2764 5810 ιιι,
2788 5738 2881 5792 ‘26.
2961 5739 3000 5770 "
3035 5738 3161 5810 Tib;
3194 5738 3222 5788 6
3247 5732 3663 5810 _Xptat'3g_(led.

387 5807 432 5882 "_
463 5812 488 5859 ό
518 5810 641 5882 add.
670 5808 815 5882 Ced.
885 5809 927 5840 ¹³
954 5809 1090 5882 Gen.
1121 5825 1265 5876 sus,
1302 5811 1382 5864 l0.
1468 5813 1509 5843 ’δ
1548 5811 1862 5882 διηγόρευεν
1889 5812 1985 5868 Cet

2089 5843 2114 5851 μ
2157 5809 2345 5866 Matth.
2379 5824 2525 5877 xxiv,
2570 5808 2652 5864 lii.
2737 5809 2777 5842 ⁸³
2814 5812 2919 5865 eis.
2959 5811 3016 5862 ὲν
3043 5807 3119 5878 τῷ
3150 5803 3302 5876 ἱερῷ.
3334 5834 3400 5862 .—-
3441 5805 3534 5856 καὶ
3584 5805 3662 5865 εἲς

384 5879 475 5932 τόν
503 5879 597 5954 τήν
637 5896 692 5932 π.
732 5879 920 5933 ἑλόντι
957 5879 1076 5933 cod.
