4092 6414
380 358 488 423 481

1562 351 2027 417 ΕΗΒΟΝᾸΩΟΝ.
2061 376 2135 391 ’-
2172 353 2323 414 LIB.
2367 352 2488 415 IIl.

3553 352 3664 416 482

384 475 573 545 μέγαο
605 473 701 525 καὶ
751 471 924 542 ἀνέϐη
966 471 1177 542 κέρατα
1207 469 1249 525 δ’
1286 470 1642 526 ὑποκάτωθεν
1695 466 1861 523 αὐτοῦ
1895 466 1976 530 εἰς

2085 465 2408 536 dissipatum
2443 476 2526 520 est
2565 462 2740 531 clade,
2769 475 2822 520 et
2850 464 3053 522 factum
3074 474 3181 532 est,
3207 474 3262 521 et
3285 478 3663 537 prosperatum

374 561 517 623 τοὺς
544 560 586 612 δ’
631 559 874 631 ἀνέμους
925 560 1020 614 τοῦ
1081 559 1341 630 οὐρανοῦ.
1381 580 1401 613 ι
1449 559 1735 614 Ἐντεῦθεν
1786 557 1976 613 λοιπὸν

372 654 481 706 ἐπὶ
513 652 614 722 τὴν
652 652 932 723 Ἀντιόχου
959 652 1241 722 βασιλείαν
1271 651 1468 719 ἐλθὼν,
1501 653 1599 706 καὶ
1626 652 1865 717 δεικνὺς,
1892 651 1975 705 ὅτι

376 746 451 811 ἐξ
479 746 602 810 ἑνὸς
634 746 867 800 ἐκείνων
894 747 1002 799 τῶν
1035 744 1076 799 δ’
1105 747 1279 811 ἐστὶν,
1339 745 1503 801 πάλιν
1532 745 1667 816 φησί
1697 745 1743 778 ’⁷
1762 761 1777 776 ·
1816 763 1836 797 ι
1866 743 1978 797 Καὶ

377 836 620 909 ιξῆλθεν
640 840 707 892 ὲκ
736 837 833 892 τοῦ
864 838 986 901 ἑνὸς
1015 838 1261 909 ίσχυρὸν,
1285 837 1383 893 καὶ
1411 836 1761 910 ἰμεγαλύνθη
1778 852 1980 908 περισ-

377 930 506 993 σῶς
561 930 702 1003 πρὸς
748 931 905 984 νότον
934 931 1031 984 καὶ
1063 928 1250 1003 [πρὸς]
1284 932 1330 963 ⁷⁸
1358 932 1651 1003 ἀνατολήν.
1679 949 1699 983 ι
1739 931 1850 985 Καὶ
1882 946 1981 1000 ση-

382 1022 625 1092 μαίνων,
652 1024 737 1076 ὅτι
782 1021 883 1093 τὴν
914 1022 1219 1091 Ἰουδαϊκὴν
1263 1022 1545 1076 πολιτείαν
1590 1022 1838 1087 καθελεῖ,
1876 1022 1981 1091 φά-

384 1132 515 1169 σκει
545 1117 589 1147 ⁷⁸
608 1132 624 1146 ·
668 1133 688 1167 ι
733 1116 846 1170 Καὶ
875 1115 942 1169 δι’
968 1115 1133 1169 αὐτὸν
1163 1115 1330 1170 θυσία
1363 1115 1643 1187 ἐταράχθη
1675 1113 1982 1187 παραπτώ-

384 1224 529 1277 ματι
551 1208 651 1261 καὶ
679 1209 725 1239 ⁸⁸
758 1206 1003 1277 ἐγενήθη
1052 1208 1149 1261 καὶ
1195 1207 1560 1278 κατευωδώθη
1594 1208 1764 1279 αὐτῷ,
1794 1208 1892 1261 καὶ
1920 1206 1983 1260 τὸ

384 1300 553 1368 ἅγιον
575 1299 1030 1372 ιρημωθήσεται,
1072 1300 1170 1354 καὶ
1203 1299 1494 1370 δοθήσεται
1517 1301 1611 1354 ἐπὶ
1650 1299 1751 1372 τὴν
1788 1300 1981 1354 θυσίαν

388 1391 665 1464 ἁμαρτία.
706 1410 727 1444 ι
774 1392 883 1446 Τοῦ
938 1393 1049 1463 γὰρ
1075 1393 1261 1464 βωμοῦ
1297 1392 1718 1463 καθαιρεθέντος
1750 1393 1982 1448 καὶτῶν

388 1481 566 1550 ἁγίων
593 1482 1129 1554 καταπατηθέντων,
1162 1484 1387 1539 εἴδωλον
1416 1484 1647 1554 ἔστησεν
1690 1484 1842 1540 ἔνδον
1884 1485 1981 1538 καὶ

388 1571 588 1636 θυσίας
618 1573 665 1605 ³¹
700 1575 949 1628 ἐπετέλει
1009 1578 1123 1639 τοῖς
1172 1575 1396 1646 δαίμοσι
1443 1576 1811 1647 παρανόμως·
1856 1575 1979 1631 ὅθεν

390 1666 562 1736 φησίν
594 1666 642 1698 ⁸³
664 1683 680 1698 ·
722 1685 742 1720 ι
774 1668 931 1739 (Καὶ)
987 1669 1190 1740 ἐρρίφη
1219 1671 1396 1741 χαμαὶ
1423 1671 1459 1740 ή
1490 1669 1832 1742 δικαιοσύνη,
1887 1671 1984 1725 καὶ

390 1760 643 1827 ιποίησε,
672 1763 768 1813 καὶ
789 1759 1066 1830 εὐωδώθη.
1099 1779 1117 1811 ι
1150 1757 1284 1814 Εἶτα
1320 1760 1484 1816 πάλιν
1506 1763 1572 1816 ἐκ
1608 1761 1862 1833 δευτέρου
1883 1762 1982 1833 τὴν

2079 567 2163 616 est
2190 560 2270 626 ei;
2306 567 2360 614 et
2386 569 2637 615 sanctum
2670 560 2997 627 vastabitur,
3030 570 3084 616 et
3126 562 3346 617 dabitur
3379 577 3546 632 super
3579 578 3668 618 sae

2081 650 2353 706 eriﬁeium
2384 659 2692 721 peccatum.
2729 669 2748 705 ι
2775 649 3014 718 Etenim,
3046 669 3173 707 cum
3196 656 3372 709 altare
3390 654 3666 709 sublatum

2081 740 2298 810 fuisset,
2334 757 2386 799 et
2416 754 2608 800 sancta
2630 745 2973 810 conculcata,
3030 756 3215 802 statua
3268 748 3419 803 intus
3467 748 3669 818 posita,

2081 834 2368 889 daemoniis
2396 836 2694 891 sacriﬁcari
2721 836 2928 892 nefarie
2968 838 3276 907 imperavit.
3310 837 3468 895 Unde
3497 840 3671 897 dicit:

2087 945 2107 979 ι
2143 928 2423 983 Prostrata
2447 936 2533 983 est
2564 931 2618 982 in
2645 936 2848 983 terram
2874 930 3184 998 justitia,et
3209 929 3337 985 fecit
3363 940 3417 985 et
3443 945 3672 1002 prospe-

2082 1030 2233 1075 ratus
2254 1028 2356 1075 est.
2394 1038 2415 1072 ι
2465 1019 2671 1077 Deinde
2733 1038 2929 1079 rursus
2961 1024 3100 1077 idem
3142 1024 3397 1078 Antiochi
3426 1024 3667 1095 Epipha-

2084 1109 2170 1166 nis
2209 1126 2433 1181 regnum
2485 1110 2752 1177 referens,
2787 1122 2842 1168 et
2891 1113 3247 1177 servitutem,
3288 1123 3343 1170 et
3390 1115 3669 1171 excidium

2081 1209 2138 1256 et
2189 1201 2592 1259 desolationem
2661 1204 2870 1274 templi,
2939 1204 3128 1275 adjicit
3178 1214 3232 1259 ct
3293 1215 3530 1275 tempus.
3582 1206 3670 1259 Ab

2083 1289 2374 1345 Alexandri
2430 1293 2576 1348 enim
2612 1305 2787 1348 morte
2828 1295 3121 1363 incipiens,
3154 1305 3208 1350 et
3238 1297 3305 1350 ad
3358 1300 3518 1352 linem
3545 1298 3668 1353 libri

2083 1384 2267 1438 omnia
2295 1400 2532 1453 quicque
2559 1387 2880 1441 iutermedia
2903 1403 3195 1450 etiarrans,
3216 1405 3336 1459 qua:
3357 1388 3672 1446 Ptolemidm

2082 1483 2137 1528 ct
2167 1474 2491 1542 Seleucidae,
2529 1491 2589 1531 se
2639 1477 2872 1533 invicem
2907 1478 3333 1550 confringentes,
3362 1491 3669 1549 gesserunt,

2082 1573 2136 1621 et
2167 1570 2376 1638 operati
2415 1578 2543 1624 sunt
2579 1583 2772 1625 eorum
2816 1572 3007 1639 duces,
3050 1571 3270 1628 fraudes
3298 1582 3354 1627 et
3388 1575 3669 1636 victorias,

2083 1668 2138 1712 et
2178 1660 2420 1730 agmina,
2471 1671 2526 1717 et
2566 1670 2712 1718 terra
2774 1665 3020 1735 marique
3052 1681 3286 1737 pugnas,
3320 1668 3373 1721 in
3400 1669 3671 1724 Antiocho

2086 1751 2303 1806 tandem
2338 1753 2542 1808 desinit
2575 1764 2631 1810 et
2661 1755 2795 1810 dicit
2828 1774 2843 1810 :
2877 1775 2896 1808 ι
2929 1755 3154 1812 Brachia
3187 1775 3252 1814 ex
3300 1776 3370 1815 eo
3419 1764 3667 1828 stabunt,

390 1852 571 1924 autin
597 1851 887 1923 βασιλείαν
926 1854 1204 1925 Ἀντιόχου
1229 1853 1369 1924 (τοῦ)
1418 1854 1756 1925 Ἐπιφανοῦς
1805 1855 1979 1924 λέγων

2085 1850 2138 1896 et
2166 1842 2413 1912 polluerit
2442 1846 2844 1909 sanctuarium,
2896 1856 2953 1903 et
3002 1847 3255 1905 auferent
3296 1851 3425 1923 iuge
3453 1855 3675 1909 sacriﬁ-

396 1943 492 1995 καὶ¹
527 1942 627 2013 τὴν
658 1943 1074 2014 αἰχμαλωσίαν,
1104 1946 1200 1999 καὶ
1216 1945 1317 2016 τὴν
1346 1944 1573 2011 ἅλωσιν,
1605 1945 1705 2000 καὶ
1732 1947 1831 2018 τὴν
1854 1949 1982 2019 ἐρή-

395 2049 576 2103 μωσιν
599 2034 698 2089 τοῦ
732 2035 904 2106 ἱεροῦ,
966 2036 1299 2107 προστίθησι
1345 2038 1444 2091 καὶ
1464 2039 1557 2093 τὸν
1585 2039 1805 2110 χρόνον.
1856 2040 1984 2113 ’Λρ-

393 2123 633 2195 ξάμενος
659 2124 712 2157 ⁸³
739 2125 850 2196 γὰρ
929 2126 1041 2179 ἀπὸ
1106 2126 1209 2196 τῆς
1276 2126 1631 2199 Ἀλεξάνδρου
1689 2127 1980 2199 τελευτῆς,

391 2212 553 2282 αὖθις
620 2217 758 2289 πρὸς
825 2217 906 2288 τῷ
944 2216 1090 2271 τέλει
1120 2217 1215 2272 τοῦ
1249 2218 1465 2288 βιϐλίου
1491 2222 1587 2274 καὶ
1617 2218 1735 2291 [τὰ]
1777 2221 1983 2291 μεταξὺ

395 2309 583 2364 πάντα
606 2308 1008 2381 διηγησάμενος
1037 2310 1143 2364 ὅσα
1196 2311 1248 2363 οἰ
1281 2309 1611 2380 Πτολεμαῖοι
1664 2313 1760 2366 καὶ
1804 2314 1854 2365 oi
1887 2315 1984 2367 Σέ·

400 2400 596 2453 λευκοι
623 2402 984 2473 συρραγέντες
1014 2402 1269 2475 ἀλλήλοις
1287 2402 1577 2473 ἐποίησαν,
1610 2402 1707 2457 καὶ
1738 2405 1788 2457 οί
1817 2421 1986 2477 στραρ-

408 2488 573 2556 τηγοί
584 2487 783 2544 τούτων
799 2492 1146 2563 εἰργάσαντο,
1160 2493 1286 2557 τοὺς
1300 2492 1508 2558 δόλους,
1521 2495 1618 2556 τὰς
1632 2492 1983 2565 θοθνίκας,

402 2582 507 2647 τάς
566 2585 849 2654 στρατείας
879 2584 949 2651 ⁸⁸,
977 2585 1077 2648 τὰς
1125 2585 1461 2657 ναυμαχίας,
1509 2586 1609 2649 τὰς
1640 2586 1984 2658 πεζομαχίας

396 2674 629 2745 προῖὼν,
680 2677 762 2739 είς
802 2678 1076 2747 Ἀντίοχον
1136 2679 1367 2749 τελευτᾷ
1423 2677 1589 2731 πάλιν
1643 2678 1738 2730 καί
1767 2694 1980 2748 φησιν·

398 2784 418 2818 ι
458 2766 763 2839 Βραχίονες
794 2768 857 2834 ὲξ
884 2771 934 2802 ⁸⁸
955 2770 1125 2824 αὐτοῦ
1154 2772 1446 2840 στήσονται
1486 2771 1581 2823 καὶ
1610 2768 1984 2840 βεσηλώσουσι

390 2859 458 2913 τὸ
489 2861 743 2933 ἀγίασμα
766 2862 862 2915 καὶ
881 2864 1285 2934 μεταστήσουσι
1300 2863 1390 2915 τὸν
1411 2862 1812 2934 ἐνδελεχισμὸν,
1843 2880 1863 2915 ι
1886 2863 1985 2929 τὰς

394 2950 657 3022 συνήθεις
712 2951 892 3022 λέγων
928 2953 1118 3017 θυσίας
1152 2956 1247 3008 καὶ
1282 2953 1683 3025 καθημερινὰς,
1718 2972 1737 3005 ι
1767 2958 1862 3008 καὶ
1884 2954 1986 3009 δώ·

394 3059 587 3099 σουσιν
642 3046 725 3107 είς
778 3046 946 3100 αὐτὸν
982 3046 1029 3078 ⁸⁸
1072 3046 1352 3117 βδέλυγμα
1400 3045 1859 3118 (ήφανισμένον)’
1890 3050 1985 3102 καὶ

392 3135 523 3200 τοὺς
550 3136 895 3207 άνομοῦντας
925 3139 971 3169 ³⁷
999 3139 1290 3211 διαθήκην,
1332 3157 1349 3190 ι
1380 3140 1630 3193 τουτέστι
1647 3142 1773 3203 τοὺς
1798 3157 1980 3212 παρα-

395 3226 689 3294 σαίνοντας
715 3231 825 3285 τῶν
859 3232 1133 3287 Ἰουδαίων
1163 3232 1231 3299 ⁸⁸,
1265 3249 1286 3284 ι
1316 3231 1621 3296 ἀπάξουσιν
1659 3233 1717 3285 ὲν
1758 3232 1983 3305 ὀλισθή-

396 3337 538 3391 μασι
574 3340 595 3374 ι
642 3322 764 3392 μεθ’
792 3323 1002 3377 ἑαυτῶν
1045 3326 1138 3378 καὶ
1183 3327 1590 3395 μεταστήσουσι
1614 3341 1627 3355 ο
1664 3343 1683 3379 ι
1721 3326 1815 3380 καὶ
1854 3325 1982 3391 λαὸς

392 3408 689 3477 γινώσκων
713 3411 761 3445 ³⁸
794 3414 890 3466 τὸν
919 3413 1058 3467 Θεὸν
1089 3414 1258 3468 αὐτοῦ
1279 3417 1696 3485 κατισχύσουσι,
1734 3434 1755 3469 ι
1790 3417 1861 3469 τὰ
1889 3418 1985 3471 ἐπὶ

392 3499 509 3553 τῶν
535 3502 920 3559 Μακκαδαίων
946 3504 1122 3574 λέγων
1149 3505 1334 3560 καὶτὰ
1362 3505 1459 3559 ἐπὶ
1491 3506 1660 3561 Ἰούδα
1685 3508 1779 3561 καὶ
1804 3508 1986 3579 Σίμω-

394 3607 489 3657 νος
560 3592 658 3646 καὶ
700 3592 972 3650 Ἰωάννου.
1009 3595 1055 3626 ⁹⁶
1108 3612 1128 3647 ι
1163 3596 1274 3649 Καὶ
1312 3596 1363 3648 οἱ
1420 3597 1633 3650 συνετοὶ
1682 3596 1821 3669 (τοῦ)
1852 3596 1984 3651 λαοῦ

398 3683 733 3757 συνήσουσιν
755 3688 837 3751 εἰς
868 3686 1042 3740 πολλά
1064 3700 1079 3716 °
1103 3686 1199 3741 καὶ
1228 3686 1623 3759 ἁσθενήσουσιν
1658 3691 1717 3743 ὲν
1735 3692 1985 3762 ῥομφαίᾳ

396 3778 496 3831 καὶ
522 3780 582 3833 ἐν
640 3778 827 3848 φλογὶ,
870 3796 889 3829 ι
916 3778 1064 3850 (858)
1094 3778 1189 3832 τὸν
1233 3780 1567 3851 ἐμπρησμὸν
1623 3780 1723 3852 τῆς
1772 3780 1985 3846 πόλεως

396 3869 773 3943 ιςηγοὺμενος
831 3870 1016 3924 πάλιν.
1054 3889 1073 3923 ι
1112 3873 1223 3927 Καὶ
1276 3875 1335 3926 ὲν
1398 3874 1750 3946 αἰχμαλωσίᾳ
1795 3876 1891 3930 καὶ
1924 3878 1984 3930 ἐν

394 3963 629 4035 ἁρπαγῇ
653 3963 696 3994 ’⁸
726 3965 972 4037 ἡμερῶν,
1024 3967 1119 4019 καὶ
1172 3967 1231 4020 ἐν
1286 3965 1365 4036 τῷ
1417 3966 1721 4037 ἀσθενῆσαι
1760 3967 1982 4033 αὐτοὺς,

397 4055 769 4125 βοηθήσονται
795 4057 1052 4127 βοήθειαν
1111 4058 1341 4130 μικρὰν,
1383 4077 1404 4113 ι
1440 4060 1749 4130 ἐμφαίνων,
1781 4060 1864 4114 ὅτι
1892 4076 1987 4131 με·

396 4146 539 4214 ταξὺ
576 4148 685 4201 τῶν
712 4150 901 4203 κακῶν
928 4150 1156 4203 ἐκείνων
1180 4151 1504 4222 δυνήσονται
1527 4150 1870 4207 ἀναπνεῦσαι
1892 4153 1986 4206 καὶ

398 4242 722 4308 ἀνενεγκεῖν
750 4244 816 4295 ἑκ
875 4242 986 4295 τῶν
1012 4241 1429 4313 κατειληφότων
1462 4243 1662 4307 αὐτοὺς
1686 4243 1877 4298 κακῶν
1913 4243 1985 4299 ”.

404 4345 425 4380 ι
466 4330 581 4383 Καὶ
612 4330 1086 4403 προστεθήσονται
1145 4332 1282 4403 πρὸς
1322 4335 1522 4396 αὐτοὺς
1575 4332 1763 4387 πολλοὶ
1784 4334 1844 4387 ὲν
1869 4334 1983 4388 ὀλι-

400 4421 674 4495 σθήμασι.
699 4425 807 4478 Καὶ
832 4425 942 4478 ἀπὸ
987 4425 1097 4479 τῶν
1136 4427 1425 4481 συνιέντων
1449 4427 1497 4458 ’³
1544 4427 1929 4498 ἀσθενήσουσι,
1960 4445 1979 4480 ι

2083 1936 2254 1999 cium,
2289 1944 2344 1990 et
2381 1935 2593 1991 dabunt
2624 1938 2677 1991 in
2711 1937 2845 1992 illud
2871 1940 3344 1997 abominationem
3408 1945 3462 1999 in
3508 1946 3670 2001 deso-

2085 2024 2367 2091 lationem,
2390 2035 2445 2082 et
2470 2027 2670 2097 impios
2698 2028 2754 2083 in
2790 2038 3200 2098 testamentum,
3233 2051 3253 2086 ι
3282 2034 3386 2089 hoc
3417 2045 3501 2090 est
3528 2053 3672 2107 pra:-

2086 2116 2416 2174 varicatores
2470 2117 2810 2176 Judaeorum.
2868 2140 2889 2175 ι
2946 2122 3003 2178 In
3062 2124 3272 2181 lubrica
3319 2129 3663 2193 abducant,»

2085 2224 2208 2263 cum
2241 2212 2573 2282 semetipsis,
2619 2224 2677 2270 et
2726 2215 3098 2283 transferent;
3142 2238 3162 2270 ι
3206 2222 3440 2289 papulus
3487 2234 3670 2278 autem

2084 2302 2266 2357 sciens
2327 2304 2620 2361 Dominum
2670 2319 2858 2375 suum,
2920 2309 3294 2374 roborabitur,
3336 2330 3355 2364 ι
3415 2313 3670 2368 indicans

2084 2408 2208 2464 quae
2231 2394 2375 2450 facta
2408 2406 2538 2452 sunt
2564 2414 2661 2470 per
2688 2399 3092 2456 Maccliabaanm
3119 2411 3175 2457 et
3203 2401 3425 2468 ludam,
3470 2414 3526 2459 et
3577 2405 3671 2460 Si-

2094 2503 2340 2558 monem,
2362 2498 2421 2545 et
2447 2488 2742 2548 Joannem.
2816 2510 2835 2546 ι
2864 2493 2932 2548 Et
2960 2494 3108 2549 docti
3137 2495 3191 2549 in
3224 2496 3426 2566 popqu
3471 2499 3675 2552 intelli-

2084 2590 2213 2651 gent
2267 2582 2322 2635 itt
2377 2584 2572 2645 multa,
2614 2593 2667 2639 et
2721 2585 3149 2641 inlirmabuutur
3193 2586 3248 2641 in
3298 2587 3482 2658 gladio
3529 2595 3584 2642 et
3615 2587 3672 2644 in

2084 2674 2326 2740 ﬁamma,
2369 2693 2389 2729 ι
2431 2677 2747 2732 incendium
2780 2677 3021 2732 civitatis
3058 2677 3254 2732 iterum
3300 2679 3621 2748 signiﬁcans
3654 2717 3672 2733 .

2092 2785 2111 2820 ι
2152 2767 2219 2822 Ει
2244 2769 2298 2823 in
2333 2769 2651 2839 captivitate
2676 2777 2731 2824 et
2764 2770 2820 2824 in
2856 2771 3047 2839 rapina
3078 2769 3320 2835 dierum,
3346 2780 3400 2825 et
3434 2770 3489 2825 in
3519 2768 3701 2825 inlir-'

2086 2861 2273 2915 mitate
2311 2877 2436 2915 cum
2499 2860 2726 2929 fuerint,
2785 2862 3224 2917 sublevabuntur
3276 2863 3484 2916 auxilio
3544 2878 3676 2933 par-

2084 2951 2239 3017 vulo,
2304 2968 2325 3003 ι
2381 2952 2677 3007 ostendens
2731 2954 2861 3023 quia
2915 2955 2969 3006 in
3037 2953 3219 3009 medio
3274 2955 3673 3010 contritionum

2086 3043 2302 3098 illarum
2335 3044 2609 3114 respirare
2632 3044 2720 3101 fas
2748 3046 2880 3112 erit,
2909 3056 2963 3101 et
2999 3063 3065 3101 ex
3110 3046 3269 3100 malis
3289 3063 3513 3118 surgere
3551 3064 3677 3116 qua:

2086 3150 2182 3191 eos
2207 3136 2702 3206 appreltenderttut.
2743 3154 2763 3189 ι
2793 3138 2858 3192 Et
2887 3138 3315 3209 applicabuntur
3338 3140 3419 3194 eis
3442 3141 3671 3209 plurimi

2089 3229 2143 3280 in
2185 3226 2509 3293 fraudibus;
2539 3241 2595 3282 et
2618 3229 2689 3283 de
2723 3228 3155 3300 intelligentibus
3186 3230 3670 3296 intirmabuntur,a

2086 3319 2446 3376 subindicans
2484 3320 2714 3387 scilicet,
2746 3322 2876 3393 quia
2903 3321 3059 3376 multi
3087 3338 3152 3377 ex
3182 3321 3265 3377 eis
3313 3330 3521 3376 stantes
3547 3337 3675 3377 cor-

2086 3418 2265 3464 ruent.
2305 3410 2513 3465 Deinde
2541 3412 2608 3465 ad
2650 3426 2900 3477 causam,
2927 3426 3098 3481 quare
3133 3410 3277 3466 Deus
3306 3427 3401 3466 eos
3422 3411 3673 3481 permisit

2088 3503 2141 3556 in
2163 3504 2437 3558 deteriora
2459 3502 2657 3559 cadere
2682 3518 2698 3557 :
2727 3514 2949 3574 quaeest
2972 3504 3119 3559 ista?
3153 3521 3171 3555 ι
3204 3505 3273 3560 Ut
3296 3505 3675 3574 put-ilicentur,

2086 3595 2181 3660 ait,
2218 3603 2273 3649 et
2305 3595 2601 3664 eligantur,
2624 3602 2681 3648 et
2709 3594 3227 3665 dealbenturzusque
3259 3595 3327 3648 ad
3365 3603 3675 3664 temporum

2088 3688 2272 3741 finem.
2306 3706 2323 3737 ι
2364 3685 2492 3741 llatc
2521 3686 2669 3740 enim
2694 3687 2945 3755 permisit
2985 3687 3153 3752 Deus,
3176 3687 3385 3757 inquit,
3419 3698 3552 3744 utet
3576 3705 3678 3759 pu«

2087 3779 2326 3832 rilicaret
2351 3791 2446 3831 eos
2476 3785 2532 3831 et
2563 3775 2876 3831 ostenderet
2904 3776 2999 3844 qui
3025 3774 3159 3842 justi
3187 3784 3374 3830 essent
3402 3778 3541 3831 inter
3558 3791 3677 3832 eos.

2087 3869 2238 3925 illius
2271 3871 2465 3925 deinde
2491 3869 2753 3924 virtutem
2815 3882 3075 3934 narrans,
3128 3866 3261 3923 dicit
3289 3883 3307 3922 ι
3341 3885 3363 3920 ι
3398 3868 3483 3924 Ειη
3513 3868 3681 3925 faciet

2087 3962 2392 4018 secundum
2426 3961 2765 4016 voluntatem
2801 3974 2985 4025 suam,
3016 3969 3073 4016 et
3093 3959 3423 4025 clevabitur,
3453 3968 3509 4015 et
3556 3976 3675 4015 ma-

2086 4055 2459 4126 gniﬁcabitur,
2497 4072 2517 4107 ι
2568 4052 2780 4108 addidit
2833 4060 2888 4107 et
2930 4052 3083 4107 illius
3138 4060 3378 4106 mentem
3431 4053 3681 4123 blasphe-

2089 4164 2258 4214 tnam,
2283 4148 2412 4217 quia
2483 4162 2502 4198 ι
2535 4146 2605 4201 Et
2635 4147 2900 4201 adversus
2932 4145 3103 4200 Deum
3138 4146 3367 4200 deorum
3423 4145 3678 4215 loquetur

2089 4239 2403 4311 magniﬁca,
2435 4247 2490 4294 et
2510 4238 2732 4309 diriget,
2755 4236 2933 4293 donec
2955 4238 3300 4307 compleatur
3329 4237 3672 4301 iracundia,»

2088 4333 2382 4388 ostendens
2408 4331 2536 4401 quia
2581 4346 2689 4384 non
2720 4345 2788 4384 ex
2830 4330 2915 4385 sui
2982 4330 3156 4399 ipsius
3204 4330 3411 4391 animo,
3459 4332 3553 4384 sed
3610 4345 3679 4385 ex

2091 4426 2186 4480 Dei
2203 4425 2257 4480 in
2275 4422 2493 4479 Judaeos
2508 4423 2589 4477 ira
2606 4422 2896 4477 dominans
2908 4423 3251 4478 confortatus
3264 4431 3367 4477 est.
3387 4420 3491 4477 Ubi
3515 4422 3682 4493 igitur

397 4515 620 4579 δεικνὺς
678 4514 761 4570 ὅτι
807 4516 1001 4572 πολλοὶ
1053 4518 1152 4570 καὶ
1208 4518 1319 4572 τῶν
1378 4518 1631 4572 ἑστώτων
1661 4518 1982 4576 πεσοῦνται.

2095 4534 2192 4589 per
2252 4518 2410 4588 plura
2456 4516 2667 4578 docuit,
2714 4525 2920 4585 quanta
2990 4514 3237 4570 facturus
3291 4514 3363 4569 sit
3421 4515 3563 4569 mala
3621 4517 3677 4568 iu

404 4605 538 4663 Εἶτα
571 4609 665 4663 καὶ
692 4609 793 4681 τὴν
843 4609 1048 4678 αἰτίαν,
1082 4610 1153 4663 δι’
1189 4610 1257 4682 ήν
1287 4611 1673 4683 συνεχώρησεν
1730 4610 1931 4675 αὐτοὺς
1959 4612 1989 4664 ὁ

397 4706 535 4771 Θεὸς
568 4709 627 4759 ἐν
658 4705 936 4771 τοσοῦτοις
965 4708 1158 4771 κακοῖς
1181 4706 1438 4775 γενέσθαι
1466 4706 1533 4762 ".
1563 4706 1659 4770 Τίς
1699 4706 1758 4760 δὲ
1802 4702 1987 4774 αὕτη;

404 4797 547 4851 ιΤοῦ
569 4798 842 4871 πυρῶσαι,
864 4799 1052 4870 φησὶν,
1069 4800 1129 4852 ἐν
1161 4799 1367 4866 αὐτοῖς,
1401 4799 1496 4853 καὶ
1515 4798 1609 4852 τοῦ
1633 4796 1987 4865 ἐκλέξασθαι,

399 4893 614 4949 καὶτοῦ
644 4894 907 4948 λευκᾶναι
928 4896 972 4926 ’⁵
998 4895 1101 4957 ἕως
1119 4893 1313 4967 καιροῦ
1332 4895 1531 4965 πέρας.
1566 4912 1587 4947 ι
1616 4891 1806 4947 Ταῦτα
1841 4893 1973 4962 γὰρ,

402 4990 596 5061 φησιν,
616 4990 645 5042 ὁ
667 4989 799 5055 Θεὸς
832 4986 1216 5060 συνεχώρησεν
1252 4986 1395 5041 ῶστε
1426 4987 1625 5052 αὐτοὺς
1679 4986 1992 5057 ἐκκαθᾶραι

2103 4608 2355 4681 Egypto,
2389 4616 2441 4664 et
2473 4608 2529 4662 in
2550 4604 2867 4671 Palwstina,
2898 4614 2954 4661 et
2978 4621 3086 4677 qua
3120 4605 3189 4661 de
3212 4620 3268 4659 re
3294 4604 3601 4668 rediturus.
3627 4615 3683 4660 ct

2095 4702 2395 4774 quomodo,
2417 4709 2472 4756 et
2494 4716 2606 4770 quo
2632 4686 2884 4765 vocante,
2921 4698 2989 4753 de
3020 4697 3266 4753 omnium
3298 4695 3536 4764 denique
3593 4710 3680 4749 re-

2098 4811 2220 4849 rum
2246 4795 2476 4849 istarum
2503 4793 2807 4847 mutatione
2831 4791 3095 4860 loquitur,
3128 4798 3184 4842 et
3212 4787 3279 4841 de
3303 4785 3510 4839 auxilio
3528 4787 3678 4854 quod

2094 4884 2293 4951 Judaei,
2320 4885 2515 4954 angelo
2538 4884 2730 4949 misso,
2763 4882 2977 4953 probati
3010 4881 3148 4937 satis
3170 4878 3443 4947 accipient
3472 4894 3489 4931 :
3549 4894 3569 4927 ι
3620 4875 3679 4933 In

2102 4992 2353 5052 tempore
2379 4980 2503 5043 hoc,
2530 4978 2666 5033 dicit
2696 4979 2867 5041 enim,
2908 4984 3209 5039 consurget
3240 4971 3489 5036 Michael,
3521 4971 3677 5043 priu-

1609 5152 1811 5217 Varim
1834 5151 2145 5217 lectiones
2172 5157 2235 5213 et
2274 5157 2461 5211 notae.

471 5292 518 5325 "
545 5291 685 5346 Dan.
710 5324 725 5339 .
758 5301 883 5350 νιιι,
916 5285 973 5341 9.
1050 5283 1094 5315 ’⁸
1122 5282 1219 5339 καὶ
1278 5282 1416 5355 πρὸς
1461 5280 1559 5351 τὴν
1608 5280 1840 5352 δύναμιν
1879 5278 1982 5334 ι.Χῖ

2085 5279 2157 5333 ιιι.
2183 5282 2375 5331 contra
2401 5269 2667 5326 orientem
2703 5273 2756 5321 et
2787 5273 2981 5319 contra
3020 5259 3398 5316 fortitudinem
3436 5260 3679 5319 [ieiunet

386 5385 563 5458 Ἶσις.
662 5384 710 5416 τ’
726 5382 864 5438 Dan.
897 5393 1016 5445 vttt,
1042 5379 1130 5433 ll.
1159 5349 1344 5437 ’τ’ωῆ
1367 5390 1465 5446 pro
1673 5349 1925 5460 -vmlj.'j_t
1951 5388 1980 5427 ν’

2085 5378 2214 5450 ξιτ-ρι’]
2240 5377 2294 5423 et
2540 5360 2785 5434 (llitzig).
2892 5359 2941 5391 "
2969 5377 3029 5413 π.
3071 5357 3169 5411 καὶ
3214 5357 3299 5426 ιγ.
3340 5358 3438 5413 καὶ
3464 5359 3521 5412 ἀ.
3562 5371 3677 5410 mn.

400 5494 543 5549 Dan.
579 5509 644 5546 π.
672 5492 767 5545 καὶ
791 5492 880 5559 ιγ.
913 5504 1027 5543 οιιι.
1064 5483 1231 5541 LXX.
1258 5484 1393 5541 αὺτὸ
1426 5482 1634 5539 Ced.--
1660 5482 1774 5536 Καὶ
1810 5464 1966 5549 laden

2091 5477 2135 5532 Χ
2164 5485 2299 5561 p'un
2321 5482 2479 5534 Rari.
2505 5472 2614 5526 Kal
2645 5470 2824 5539 θλίψις
2848 5464 2968 5522 ὶδ.ἳ
2995 5468 3103 5523 Καὶ
3136 5466 3429 5537 γενήσεται
3451 5462 3685 5561 Ced._—-

402 5594 533 5662 περί
550 5589 685 5646 Ced.
878 5586 929 5662 εξ
949 5583 1149 5662 θυσίαν
1172 5581 1305 5662 Ced:

1405 5579 1455 5613 “
1482 5579 1619 5634 Dan.
1657 5592 1774 5643 vui,
1804 5576 1892 5630 1‘2.
1966 5576 1982 5606 '

2085 5556 2397 5644 ..βασιλείας
2445 5567 2581 5644 Qed.
2657 5565 2832 5644 ⁸⁵ιτὰς
2856 5563 3037 5644 μάχας
3061 5562 3211 5644 _Ced:
3288 5562 3333 5593 ⁸⁸
3358 5561 3473 5638 βαι
3507 5556 3683 5644 σπέρ-

704 5627 834 5712 63.}.
867 5627 975 5711 cd.‘
989 5627 1305 5727 infigi
1334 5651 1390 5727 in
1408 5627 1939 5727 αιίῖεῗιεοιιιίξίςσλὶβ.
1968 5657 1982 5703 t

2262 5643 2309 5674 “
2348 5627 2835 5727 aii-a;'ont...D.an.
2858 5627 2869 5632 ’
2910 5627 3150 5727 ’τεκαιοί
3185 5627 3681 5727 ἀινομοῦνᾶεὲἐληεξ

482 5750 540 5789 τ.
569 5747 601 5785 τ
630 5717 730 5783 ’π.
770 5745 823 5783 τ.
872 5727 933 5781 ’l.
966 5740 1080 5781 om.
1112 5725 1247 5779 Dan.
1338 5721 1386 5756 ”
1419 5720 1779 5791 γινώσκοντες
1813 5717 1951 5772 Dan.

2038 5698 2083 5749 '7“
2110 5698 2249 5769 Dan.
2285 5729 2360 5782 tit,
2389 5698 2582 5767 35-55.
2656 5708 2701 5741 “
2732 5707 3012 5778 διαρπαγῇ
3047 5706 3179 5757 Dan.
3203 5698 3335 5755 Ced.
3409 5700 3456 5729 "
3490 5698 3687 5782 δεινῶν

397 5774 979 5889 σθεν-’³ζυνιῦντων
1000 5821 1133 5880 Ced.
1207 5806 1253 5855 υ
1280 5774 1672 5891 γίνεσιθαιϐοιί.
1747 5815 1793 5848 ’⁸
1828 5814 1982 5870 ἔκλευ

2085 5829 2152 5867 ναι
2170 5810 2301 5868 Ccd.
2339 5774 2395 5869 et
2421 5806 2581 5866 codd.
2614 5801 2781 5875 LXX,
2803 5774 3259 5896 ᾇποκαλυφθῆναι
3281 5792 3492 5852 caeteri.

1711 5910 1790 5921 φ
