4092 6418
391 441 495 510 567

1619 438 1952 503 GEORGII
1991 442 2454 506 HAMARTOLI

3561 439 3667 507 548

391 571 615 614 nnusex
639 557 722 613 eis
756 553 970 611 caeteris
1003 569 1017 605 :
1060 571 1077 603 ι
1103 550 1347 608 Excitate
1383 551 1534 607 illum
1569 560 1623 607 et
1656 553 1858 620 exuite,
1887 571 1906 603 ι
1932 562 1980 608 et

2090 554 2258 628 πολλῇ
2298 554 2393 610 οὖν
2432 555 2637 628 ἀπορίᾳ
2671 556 2956 627 γενόμενοι
2985 556 3050 623 ⁸⁸,
3075 552 3230 613 εἶπεν
3274 551 3356 621 εἷς
3390 556 3450 625 ἐξ
3488 558 3673 612 αὐτῶν

392 665 519 707 cum
540 650 692 704 illum
711 662 852 719 aegre
879 645 1269 701 erexissent.et
1300 645 1611 709 emissent,
1648 644 1751 699 iste
1781 659 1977 701 manus

392 759 522 799 suas
555 742 749 798 sabulo
777 740 1012 811 implens
1043 739 1361 795 eﬁ'undebat
1401 754 1566 809 super
1591 746 1753 808 caput
1780 736 1975 804 Judaei,

391 845 476 891 ter
518 836 707 890 dicens
758 851 775 889 :
836 852 855 886 ι
904 832 1221 903 Baptizatur
1273 831 1597 887 Theodorus
1648 831 1703 885 in
1758 830 1981 886 nomine

391 928 569 983 Patris
602 936 657 982 et
687 925 809 981 Filii
837 936 889 981 et
922 927 1098 981 sancti
1150 924 1409 994 Spiritus,
1451 943 1471 975 ι
1519 922 1981 992 respondentibus

389 1022 605 1076 cunctis
635 1021 702 1075 ad
729 1019 1001 1089 singulum
1032 1032 1232 1071 nomen
1261 1016 1456 1071 Amen.
1489 1014 1557 1069 Et
1587 1014 1876 1069 confestim
1905 1013 1980 1069 ita

389 1115 777 1170 corroboratus
806 1122 914 1179 est,
949 1120 1010 1167 ut
1046 1125 1243 1183 magno
1270 1124 1394 1164 cum
1424 1110 1611 1164 animo
1642 1116 1696 1162 et
1724 1107 1983 1163 ﬁrmitate

390 1222 515 1262 cum
558 1206 640 1261 eis
674 1204 971 1259 incederet.
1024 1203 1163 1258 Cum
1223 1212 1403 1257 autem
1445 1202 1720 1255 venissent
1749 1199 1984 1254 Alexan-

390 1298 592 1366 driam,
623 1307 679 1354 et
698 1300 815 1353 haec
853 1306 1210 1352 enarrassent
1240 1295 1655 1365 archiepiscopo
1687 1292 1977 1364 Dionysio,

390 1400 447 1448 et
497 1392 671 1462 ipsius
718 1390 1135 1446 admirationem
1183 1387 1731 1450 movissent,,statim
1760 1401 1979 1441 onmem

392 1486 601 1540 clerum
656 1492 950 1554 congregat
986 1494 1039 1536 et
1078 1497 1193 1537 rem
1226 1482 1307 1538 eis
1341 1480 1619 1552 proponit,
1659 1495 1727 1534 an
1760 1479 1982 1548 ,scilicet

394 1588 639 1647 reputata
659 1576 731 1630 sit
746 1574 933 1629 Judzeo
953 1578 1004 1629 in
1030 1575 1295 1645 baptisma
1314 1589 1495 1628 arena'
1520 1572 1725 1628 infusio
1744 1587 1811 1626 an
1834 1571 1983 1626 ιιοηῖ

394 1666 462 1723 Et
496 1667 584 1721 alii
615 1668 834 1736 quidem
868 1667 1166 1720 dicebant:
1209 1683 1228 1716 ι
1281 1662 1549 1734 Reputata
1599 1673 1702 1729 est,
1746 1668 1982 1717 testante

390 1758 678 1829 repentina
701 1760 821 1827 ejus
847 1758 1102 1814 sanitate.
1128 1777 1145 1809 ι
1175 1757 1279 1812 Alii
1304 1772 1433 1811 vero
1462 1772 1572 1810 non
1598 1754 1976 1820 admittebant,

390 1864 455 1905 eo
496 1848 643 1921 quod
691 1849 939 1905 Ecclesia
974 1849 1149 1917 ,istam
1191 1849 1538 1906 traditionem
1577 1863 1687 1901 non
1726 1846 1975 1910 haberet,

389 1945 696 2012 praesertim
717 1959 840 1999 cum
867 1941 1133 1997 Dominus
1169 1940 1467 1996 Nicodcmo
1491 1940 1723 1997 dixisset
1761 1956 1778 1994 :
1813 1958 1832 1990 ι
1862 1936 1978 1992 Nisi

391 2036 514 2107 quis
547 2044 767 2090 renatus
801 2033 963 2089 fuerit
991 2049 1055 2088 ex
1089 2048 1231 2105 aqua
1265 2041 1321 2087 et
1350 2032 1578 2101 Spiritu,
1608 2047 1717 2085 non
1750 2030 1982 2085 intrabit

391 2127 449 2181 in
502 2140 725 2196 regnum
772 2125 1057 2179 cmlorum.
1094 2143 1111 2175 ι
1172 2122 1267 2178 llis
1324 2138 1454 2193 ergo
1510 2131 1565 2177 et
1617 2121 1738 2176 aliis
1795 2120 1979 2186 dictis,

393 2221 570 2276 visunt
610 2226 695 2273 est
722 2226 915 2273 sancto
941 2216 1205 2287 Dionysio
1233 2216 1387 2270 illum
1415 2214 1802 2285 baptizaudum
1836 2226 1977 2278 esse,

390 2322 447 2367 et
490 2312 719 2366 missum
765 2325 891 2365 eum
939 2309 1006 2364 ad
1059 2307 1259 2364 ﬁumen
1309 2307 1601 2363 Iordanem
1652 2305 1979 2375 baptizavit;

392 2405 546 2460 illum
596 2412 779 2458 autem
816 2400 912 2473 qui
960 2402 1143 2472 ipsum
1175 2400 1368 2456 'sabulo
1411 2409 1538 2455 ante
1584 2399 1979 2469 baptizaverat,

390 2516 515 2557 cum
545 2500 743 2569 dignus
787 2506 955 2565 esset,
994 2498 1287 2552 diaconum
1328 2494 1679 2567 impositione
1712 2505 1981 2549 manuum

391 2590 760 2647 consecravit.
810 2588 945 2645 Jure
973 2603 1103 2659 ergo
1144 2601 1376 2658 magnus
1412 2585 1709 2658 Gregorius
1753 2598 1984 2640 enume-

400 2701 529 2741 rans
564 2685 748 2740 omnia
776 2684 1106 2754 baptismata
1137 2681 1313 2736 dicit:
1354 2699 1373 2733 ι
1407 2680 1711 2751 Baptizavit
1746 2678 1979 2747 Moyses,

390 2778 559 2834 sedin
592 2793 753 2849 aqua,
778 2786 831 2833 et
866 2785 1026 2832 antea
1061 2777 1115 2830 in
1161 2774 1362 2830 nebula
1392 2783 1448 2830 et
1477 2776 1529 2828 in
1561 2773 1981 2827 maria—«Ba-

393 2872 616 2943 ptizavit
643 2881 697 2926 et
723 2871 983 2937 Joannes,
1019 2885 1128 2924 non
1162 2870 1276 2940 jam
1318 2868 1536 2939 quidem
1566 2867 1827 2932 Judaice;
1870 2882 1977 2921 non

391 2964 539 3019 enim
576 2964 632 3020 in
662 2980 803 3033 aqua
836 2964 973 3029 sola,
1006 2961 1102 3018 sed
1137 2964 1301 3018 etiam
1343 2961 1410 3016 ad
1443 2961 1848 3030 paenitentiam.
1882 2978 1981 3013 t—

397 3074 417 3106 ι
452 3055 700 3127 Baptizat
731 3067 786 3112 et
822 3054 1003 3122 Jesus,
1056 3054 1151 3110 sed
1195 3055 1249 3109 in
1283 3051 1491 3124 Spiritu
1522 3070 1535 3106 :
1578 3055 1690 3109 haec
1737 3062 1821 3109 est
1854 3068 1980 3124 per—

392 3149 576 3206 fectio.
621 3170 638 3202 ι
672 3181 741 3192 -
770 3169 789 3201 ι
829 3151 957 3204 Scio
995 3148 1157 3203 etiam
1203 3158 1455 3216 quartum
1505 3145 1797 3215 baptisma,
1831 3143 1979 3215 quod

2083 646 2223 718 πρὸς
2244 647 2371 711 τοὺς
2397 647 2617 712 λοιπούς
2641 665 2655 681 ο
2682 665 2702 700 ι
2727 648 3007 718 Ἐγείρατε
3033 648 3197 703 αὑτὸν
3230 649 3326 704 καὶ
3347 647 3664 704 ὲκδύσατι.»

2081 738 2195 790 Καὶ
2250 737 2392 809 μετά
2440 740 2638 794 πολλοῦ
2699 741 2871 796 κόπου
2928 739 3121 795 τοῦτον
3172 740 3516 812 ὀρθώσαντες
3574 744 3670 797 καὶ

2081 831 2477 899 ἀποδύσαντες,
2540 834 2751 899 ἐκεῖνος
2809 834 2910 898 τάς
2965 837 3157 908 χεῖρας
3211 834 3381 888 αὐτοῦ
3434 834 3669 906 ψάμμου

2083 925 2321 996 πλήσας,
2362 928 2625 998 κατέχεεν
2664 929 2760 983 ἐπὶ
2805 929 2907 999 τῆς
2959 928 3205 999 κεφαλῆς
3247 927 3344 981 τοῦ
3405 928 3671 982 Ἰουδαίου

2081 1018 2259 1088 λέγων
2295 1022 2361 1075 ἐκ
2398 1023 2586 1093 τρίτου
2620 1022 2665 1054 ⁸⁸
2695 1039 2710 1055 σ
2745 1041 2765 1074 r
2818 1022 3155 1088 Βαπτίζεται
3192 1021 3471 1091 Θεόδωρος
3499 1021 3583 1083 είς
3609 1020 3673 1075 τὸ

2081 1109 2253 1180 ὄνομα
2304 1110 2400 1164 τοῦ
2456 1112 2695 1183 Πατρδς,
2731 1112 2826 1166 καὶ
2875 1114 2970 1167 τοῦ
3023 1111 3176 1178 Υίοῦ,
3231 1111 3327 1165 καὶ⁵
3376 1110 3473 1165 τοῦ
3508 1109 3669 1180 ἁγίου

2083 1202 2404 1273 Πνεύματος
2441 1222 2459 1255 ι
2499 1196 2980 1276 (ἀποκρινομένων
3009 1205 3118 1259 τῶν
3161 1204 3341 1258 ἄλλων
3378 1204 3503 1258 καθ’
3534 1203 3670 1257 Exa-

2083 1312 2209 1350 στον
2265 1296 2437 1370 ὄνομα
2464 1299 2527 1353 τὸ
2580 1298 2801 1372 Ἀμήν).
2835 1299 2950 1354 Καὶ
3008 1302 3354 1371 παραχρῆμα
3405 1296 3669 1352 τοσοῦτον

2081 1388 2367 1460 ἐνίσχυσεν
2411 1389 2553 1445 ὥστε
2588 1392 2633 1423 ¹⁶
2675 1393 2773 1446 σὺν
2805 1391 2975 1464 πολλῇ
3010 1392 3295 1463 προθυμίᾳ
3324 1390 3417 1445 καὶ
3449 1391 3669 1463 εύρῤω-

2084 1481 2210 1553 στίᾳ
2250 1482 2488 1553 βαδίζειν
2521 1486 2640 1555 μετ’
2682 1484 2886 1538 αὐτῶν.
2945 1483 3242 1537 Ἐλθόντων
3290 1483 3347 1537 δὲ
3393 1483 3573 1537 αὐτῶν
3611 1483 3672 1538 ιν

2096 1572 2499 1648 Ἀλεξανδρείᾳ,
2529 1576 2624 1630 καὶ
2682 1576 2857 1630 ταῦτα
2915 1576 3298 1647 διηγησάντων
3348 1575 3429 1647 τῷ
3479 1578 3672 1648 ἀρχιε-

2083 1667 2339 1735 πισκόπῳ
2386 1666 2652 1741 Διονυσίῳ
2700 1670 2744 1702 ⁸⁷
2796 1670 2890 1724 καὶ
2942 1670 3134 1724 τοῦτον
3173 1668 3669 1739 ἑκθαμὸησάντων,

2080 1759 2245 1825 εὐθὺς
2278 1763 2460 1816 πάντα
2484 1762 2575 1818 τὸν
2606 1763 2807 1834 κλῆρον
2839 1761 3185 1835 συναθροίζει
3226 1764 3321 1816 καὶ
3350 1761 3670 1817 ἀνατίθεται

2081 1854 2270 1919 αὐτοῖς
2302 1856 2364 1909 τὸ
2399 1858 2655 1930 πρᾶγμα,
2701 1857 2813 1910 εἴτε
2862 1858 2971 1928 ἄρα
3012 1855 3270 1927 ἐλογίσθη
3310 1856 3387 1926 τῷ
3424 1854 3672 1927 Ἰουδαίῳ

2083 1948 2166 2011 είς
2204 1945 2491 2020 βάπτισμα
2526 1951 2681 2021 ητῆς
2702 1949 2935 2019 ψάμμου
2966 1949 3243 2021 ἐπίχυσις,
3280 1951 3394 2003 she
3422 1947 3508 2003 οὗ.
3559 1948 3673 2002 Καὶ

2083 2041 2134 2093 οί
2198 2041 2299 2112 μὲν
2353 2041 2582 2111 ελεγονο
2642 2063 2667 2094 ‹
2725 2042 3052 2111 Ἐλογίσθη,
3108 2042 3497 2114 μαρτυρούσης
3570 2041 3673 2112 τῆς

2084 2132 2289 2205 ἀθρόας
2335 2134 2503 2189 αὐτοῦ
2533 2135 2768 2205 ὑγιείας.
2814 2154 2833 2187 ι
2870 2137 2933 2189 Οί
2964 2136 3021 2189 δὲ
3065 2136 3128 2190 ού
3171 2137 3534 2208 παρεδέχοντο
3580 2135 3671 2189 διὰ

2083 2227 2144 2280 τὸ
2170 2227 2245 2298 μὴ
2269 2228 2527 2300 τοιαύτην
2561 2228 2707 2301 ἔχειν
2737 2229 2835 2300 τὴν
2850 2228 3184 2299 Ἐκκλησίαν
3216 2228 3541 2297 παράδοσιν,
3575 2226 3672 2281 καὶ

2086 2320 2331 2390 μάλιστά
2372 2338 2437 2390 γε
2482 2321 2576 2374 τοῦ
2609 2321 2815 2392 Κυρίου
2871 2322 3008 2393 πρὸς
3038 2321 3131 2375 τὸν
3160 2319 3472 2391 Νικόδημον
3512 2322 3671 2390 εἰρη-

2083 2414 2242 2479 κότος
2271 2415 2314 2447 ¹⁸
2345 2431 2364 2466 ι
2402 2413 2532 2468 Ἐάν
2562 2415 2637 2485 μή
2668 2431 2754 2479 τις
2784 2414 3016 2485 γεννηθῇ
3049 2415 3108 2482 ἐξ
3133 2413 3323 2477 ὓδατος
3368 2413 3458 2468 καὶ
3497 2415 3671 2470 Πνεύ-

2087 2524 2279 2577 ματος,
2315 2507 2459 2579 (951»)
2493 2508 2555 2560 οὐ
2603 2507 2678 2579 μὴ
2710 2507 2927 2580 εἰσέλθῃ
2958 2508 3041 2570 είς
3089 2510 3191 2580 τὴν
3235 2507 3517 2579 βασιλείαν
3560 2507 3672 2562 τῶν

2082 2601 2349 2671 οὐρανῶν.
2390 2620 2409 2654 ι
2445 2601 2666 2656 Τούτων
2695 2602 2876 2656 τοίνυν
2920 2603 3015 2656 καὶ
3064 2603 3268 2676 ἐτέρων
3300 2603 3666 2673 λαληθέντων,

2082 2690 2231 2759 ἔδοξε
2287 2691 2368 2763 τῷ
2424 2693 2565 2765 ἀγίῳ
2618 2695 2883 2763 Διονυσίῳ
2930 2694 3299 2766 βαπτισθῆναι
3341 2696 3529 2761 αὑτὸν,
3574 2699 3669 2750 καὶ

2083 2783 2409 2848 ἀποστείλας
2442 2785 2608 2838 αὐτὸν
2629 2786 2711 2847 είς
2739 2784 2830 2839 τὸν
2851 2785 3130 2856 Ἰορδάνην
3159 2787 3409 2856 ποταμὸν
3442 2785 3672 2840 ἐϐάπτι-

2085 2891 2177 2929 σεν
2202 2892 2216 2908 ο
2256 2876 2347 2929 τὸν
2381 2875 2438 2929 δὲ
2467 2876 2923 2947 προὸαπτίσαντα
2955 2878 3120 2931 αὑτὸν
3152 2877 3242 2931 διά
3279 2878 3378 2948 τῆς
3413 2877 3667 2951 ψάμμου,

2083 2967 2233 3033 ἀξιον
2282 2968 2457 3023 αὑτὸν
2510 2970 2865 3040 ὑπάρχοντα,
2921 2970 3174 3023 διάκονον
3231 2970 3665 3042 ἐχειροτόνησεν.

2083 3063 2325 3125 Εἰκότως
2376 3062 2470 3115 οὖν
2513 3063 2607 3115 καὶ
2650 3064 2678 3115 ὁ
2714 3063 2890 3133 μέγας
2929 3062 2969 3115 Γ
2974 3063 3238 3133 ρηγόριος
3271 3062 3672 3133 ἀπαριθμήσας

2082 3155 2150 3207 τὰ
2184 3154 2541 3225 βαπτίσματα
2566 3153 2744 3208 πάντα
2768 3155 2933 3224 φησίν
2952 3154 2995 3185 ¹⁹
3012 3172 3024 3186 ·
3052 3174 3070 3206 ι
3103 3153 3399 3208 Ἐὅάπτισε
3424 3156 3560 3209 Μωῦ
3572 3156 3672 3226 σῆς

392 3243 452 3298 ﬁt
476 3257 574 3314 per
614 3242 935 3314 martyrium
971 3250 1026 3294 ct
1081 3239 1428 3308 sanguinem.
1463 3255 1481 3289 ι
1511 3266 1584 3276 —
1609 3254 1627 3287 ι
1663 3234 1790 3290 Scio
1819 3236 1977 3304 quin-

2085 3244 2244 3315 (ἀλλ’)
2301 3246 2359 3297 ὲν
2428 3242 2602 3308 ὕδατι,
2662 3244 2756 3297 καὶ
2815 3244 2920 3315 πρὸ
2976 3245 3167 3298 τούτου
3214 3247 3273 3299 ἐν
3327 3248 3525 3320 νεφέλῃ
3577 3248 3673 3302 καὶ

392 3346 505 3390 tum
534 3335 722 3397 etiam,
753 3334 1139 3403 Iacrymarum.
1186 3349 1205 3382 ι
1248 3328 1443 3384 Μιτῐιο
1474 3330 1642 3401 igitur
1688 3336 1742 3382 et
1778 3342 1971 3382 convco

391 3428 739 3484 uientissime
796 3426 900 3479 hoc
942 3426 1205 3493 baptisma
1249 3440 1355 3477 non
1412 3422 1791 3478 admittebant.
1844 3418 1978 3486 Quis

391 3524 543 3580 enim
567 3530 700 3576 tunc
719 3518 1038 3589 baptizavit,
1058 3526 1114 3571 ut
1138 3518 1353 3572 ﬁrmum
1370 3525 1426 3571 et
1445 3517 1690 3571 divinum
1709 3514 1979 3583 baptisma

391 3614 734 3674 sanciretur?
760 3611 992 3669 Ubinam
1051 3618 1180 3666 sunt
1228 3625 1373 3664 nunc
1403 3609 1649 3664 dicentes
1690 3606 1978 3661 saeculares

362 3710 656 3781 'quosdam
685 3716 740 3763 et
768 3704 1025 3761 mulieres
1056 3703 1353 3773 aliquando
1374 3702 1703 3771 baptizasse,
1740 3699 1979 3754 necessi-

392 3811 502 3858 tate
530 3807 785 3871 cogente,
822 3798 974 3854 nullo
1022 3803 1290 3867 praesente
1330 3792 1639 3857 sacerdote,
1693 3805 1747 3847 et
1777 3794 1844 3847 de
1877 3793 1978 3847 ba-

389 3898 593 3968 ptismo
623 3893 809 3950 divino
864 3900 918 3947 et
957 3888 1202 3962 perfecto
1248 3905 1375 3944 cum
1436 3887 1782 3957 praesbytcris
1845 3886 1982 3957 ipsis

390 3988 809 4053 contendentes,
868 3996 965 4039 aut
1015 3983 1200 4054 potius
1248 3981 1587 4036 insanientes
1635 3988 1690 4035 et
1729 3978 1983 4050 blasphe-

393 4095 607 4138 mantes
650 4082 719 4136 ob
768 4092 1022 4149 magnam
1076 4076 1446 4147 ignorantiam
1487 4082 1543 4129 et
1595 4073 1980 4143 pertinaciam,

392 4190 604 4231 sacram
640 4173 1016 4244 apostolorum
1047 4170 1392 4242 disciplinam
1416 4180 1470 4224 et
1500 4178 1833 4239 praeceptum
1871 4181 1979 4221 non

392 4270 678 4325 audientes
729 4268 1007 4325 dicentia:
1043 4286 1061 4319 ι
1100 4264 1221 4320 Non
1258 4264 1629 4335 permittimus
1689 4262 1831 4316 laico
1882 4260 1985 4313 ali-

392 4364 540 4433 quod
584 4362 929 4416 sacerdotale
987 4375 1189 4415 muuus
1240 4374 1521 4423 exercere,
1575 4366 1633 4411 ut
1689 4354 1978 4417 sacriﬁcia,

392 4465 487 4511 aut
510 4456 803 4523 baptisma,
839 4463 934 4508 aut
970 4467 1237 4507 manuum
1288 4452 1720 4522 impositiouem,
1752 4458 1848 4502 aut
1883 4448 1981 4502 be-

394 4548 761 4604 nedictionem
835 4549 951 4602 sive
1006 4560 1254 4618 parvam,
1310 4546 1427 4601 sive
1494 4557 1775 4611 magnam;
1819 4560 1838 4593 ι
1903 4548 1977 4605 et,

2085 3334 2189 3404 (ἐν)
2242 3332 2287 3364 ιο
2346 3331 2611 3403 θαλάσσῃ.
2674 3350 2695 3384 ι
2737 3361 2808 3372 —-
2863 3351 2882 3384 ι
2932 3333 3233 3386 Ἐὄάπτισε
3262 3339 3357 3390 καὶ⁵
3388 3338 3669 3411 Ἰωάννης,

2082 3426 2265 3479 οὐκέτι
2302 3428 2399 3497 μὲν
2429 3426 2717 3489 ίουδαῖκῶς
2741 3442 2755 3459 ο
2787 3427 2849 3480 οὐ
2882 3428 2991 3498 γὰρ
3031 3430 3089 3480 ὲν
3121 3428 3276 3482 ’ύδατι
3315 3430 3500 3499 μόνον,
3534 3432 3675 3487 ἀλλά

2083 3521 2179 3574 καὶ
2212 3521 2292 3583 είς
2345 3520 2660 3590 μετάνοιαν.
2717 3538 2735 3572 ι
2778 3550 2845 3563 --
2898 3539 2917 3573 ι
2974 3521 3235 3586 Βαπτίζει
3290 3524 3385 3577 καὶ
3436 3525 3669 3593 Ἰησοῦς,

2084 3612 2199 3666 ἀλλ’
2231 3614 2289 3667 ἐν
2326 3612 2638 3683 Πνεύματι·
2686 3613 2848 3668 τοῦτο
2883 3615 2916 3685 η
2971 3612 3270 3685 τελειότης.
3319 3633 3338 3667 ι
3372 3645 3442 3656 —
3476 3635 3496 3668 ι
3539 3612 3671 3671 Οἶδα

2083 3705 2140 3759 δὲ
2179 3707 2269 3759 καὶ
2322 3706 2584 3776 τέταρτον
2631 3705 2938 3777 βάπτισμα,
2973 3707 3034 3760 τὸ
3071 3707 3159 3760 διά
3221 3708 3527 3780 μαρτυρίου
3573 3709 3672 3763 καὶ

2084 3797 2354 3866 αἵματος·
2390 3815 2409 3849 ι
2448 3826 2486 3836 -
2519 3816 2538 3850 ι
2574 3793 2692 3851 οἶδα
2716 3798 2809 3851 καὶ
2833 3803 2873 3850 ε’
2898 3796 3046 3869 (ἔτι),
3080 3797 3138 3850 τὸ
3168 3796 3255 3851 διά
3277 3797 3613 3868 δακρύωνη.
3648 3816 3667 3849 ι

2084 3890 2369 3946 -Ούκοῦν
2612 3891 2839 3955 δικαίως
2873 3891 2935 3945 ού
2994 3890 3369 3961 παρεδέξαντο
3416 3893 3513 3946 καὶ
3548 3891 3673 3947 λίαν

2085 3985 2362 4056 ἁρμοδίως
2398 3986 2577 4038 έκεῖνο
2620 3985 2681 4037 τὸ
2718 3984 3027 4055 βάπτισμα.
3055 3986 3239 4054 (Ποῖον
3284 3986 3394 4056 γὰρ
3437 3986 3674 4041 ἐνταῦθα

2085 4079 2442 4143 ἑδαπτίσατο,
2472 4077 2559 4131 ἵνα
2586 4077 2661 4140 ὡς
2692 4076 2913 4146 βέϐαιον
2950 4078 3043 4132 καὶ
3078 4077 3222 4131 θεῖον
3265 4079 3525 4150 κυρωθῇ;
3562 4079 3672 4133 Ποῦ

2085 4171 2180 4223 νῦν
2206 4173 2344 4222 εἰσιν
2378 4170 2427 4221 οἱ
2454 4168 2755 4239 κοσμικούς
2784 4185 2937 4233 τινας
2972 4169 3067 4223 καὶ
3099 4172 3367 4238 γυναῖκας
3417 4171 3671 4240 λέγοντες

2088 4259 2351 4331 βαπτίσαι
2403 4259 2534 4311 ποτὲ
2592 4257 2735 4311 κατὰ
2789 4258 3133 4329 περίστασιν,
3165 4259 3241 4330 μὴ
3283 4260 3552 4331 παρόντος
3593 4262 3672 4313 le-

2091 4357 2250 4429 ρέως,
2281 4357 2376 4411 καὶ
2414 4358 2496 4415 εἰς
2558 4355 2845 4425 βάπτισμα
2897 4354 3041 4409 θετον
3088 4354 3183 4409 καὶ
3234 4355 3439 4409 τέλειον
3487 4356 3676 4420 αὐτοῖς

2088 4447 2544 4520 φιλονεικοῦντες,
2611 4446 2814 4516 μᾶλλον
2874 4445 2934 4500 δὲ
3011 4446 3500 4517 τερατολογοῦντες
3581 4451 3677 4501 καὶ

2093 4540 2547 4614 βλασφημοῦντες
2571 4543 2635 4595 ἐκ
2666 4540 2866 4611 πολλῆς
2906 4540 3186 4609 ἀγνωσίας
3221 4540 3318 4594 καὶ
3357 4540 3675 4605 αὐθαδείας.

398 4660 419 4694 ι
460 4639 630 4696 Nemo
674 4642 910 4695 assumit
957 4640 1061 4695 sibi
1092 4639 1410 4707 ,bonorem,
1442 4638 1535 4693 sed
1568 4636 1660 4706 qui
1697 4644 1921 4690 vocatur
1952 4650 1980 4689 a

2092 4636 2229 4708 μηδὲ
2276 4635 2377 4705 τῆς
2425 4635 2578 4706 ἱερᾶς
2628 4634 2738 4687 τῶν
2798 4633 3116 4688 ἀποστόλων
3170 4633 3525 4699 διδασκαλίας
3580 4637 3679 4688 καὶ

395 4731 549 4799 Deo;
594 4732 797 4787 ctenim
859 4746 953 4801 per
995 4730 1405 4801 impositionem
1454 4742 1717 4782 manuum
1742 4726 1983 4797 episcopi

396 4826 558 4880 datur
612 4824 730 4880 haec
778 4824 1037 4893 dignitas.
1072 4823 1124 4878 ls
1154 4832 1336 4876 autem
1381 4823 1469 4877 cui
1518 4822 1633 4891 ipsa
1676 4837 1785 4876 non
1841 4834 1987 4875 com-

395 4918 566 4972 missa
604 4916 789 4981 fuerit,
818 4915 911 4971 sed
943 4915 1038 4986 qui
1072 4913 1314 4985 rapuerit
1343 4925 1401 4969 et
1436 4914 1539 4969 sibi
1567 4929 1687 4967 eam
1736 4913 1988 4984 subiece-

395 5010 488 5075 rit,
542 5016 826 5079 peccatum
868 5016 922 5062 et
951 5021 1167 5079 poenam
1196 5005 1375 5062 Saulis
1404 5012 1457 5061 et
1487 5004 1634 5060 Ozia:
1660 5005 1921 5060 incurret.
1961 5024 1980 5057 ι

396 5097 749 5169 Nequaquam
811 5114 967 5165 sane,
1005 5117 1025 5150 ι
1060 5098 1156 5154 sed
1181 5113 1251 5153 ne
1281 5096 1498 5153 caeteris
1526 5096 1748 5167 quidem
1771 5096 1988 5152 clericis

398 5191 678 5260 baptizare
710 5190 1101 5260 permittimus,
1145 5189 1395 5247 diacouis
1426 5190 1639 5246 scilicet
1675 5198 1772 5244 aut
1817 5189 1988 5244 lecto-

399 5285 577 5346 ribus,
612 5293 703 5338 aut
736 5286 1073 5349 cantoribus,
1116 5294 1211 5339 aut
1245 5285 1537 5350 ministris,
1582 5283 1675 5338 sed
1704 5283 1836 5338 solis
1871 5282 1990 5352 epi-

398 5378 584 5448 sc0pis
614 5387 671 5432 et
710 5378 1072 5449 presbyteris,
1105 5379 1552 5434 ministrantibus
1592 5379 1673 5433 eis
1719 5376 1987 5432 diaconis.

2090 4728 2471 4801 παραγγελίας
2528 4727 2819 4791 ἀκούοντες
2877 4729 2977 4798 τῆς
3031 4727 3299 4800 λέγουσης
3351 4728 3427 4760 ’⁸ο
3488 4746 3508 4780 ι
3561 4730 3677 4783 Οὐκ

2089 4821 2462 4892 ἐπιτρέπομεν
2507 4818 2697 4872 λαῖκὸν
2730 4819 2906 4871 ποιεῖν
2948 4833 3003 4870 τι
3054 4817 3164 4871 τῶν
3220 4817 3535 4887 ίερατικῶν,
3565 4812 3677 4872 οῗον

2090 4910 2305 4973 θυσίας,
2366 4909 2399 4979 ἢ
2455 4908 2764 4978 βάπτισμα,
2826 4907 2859 4978 ἢ
2914 4906 3279 4980 χειροθεσίαν,
3332 4907 3366 4979 ἢ
3428 4908 3678 4977 εὐλογίαν

2094 5004 2300 5076 μικράν
2339 5003 2372 5074 ἢ
2408 5003 2653 5074 μεγάλην
2679 5019 2693 5031 ·
2734 5022 2750 5051 ι
2787 5000 2916 5055 καῖ’
2961 5019 2980 5053 ι
3028 5002 3141 5071 υύχ
3177 5000 3359 5071 ἑαυτῷ
3405 5018 3490 5066 τις
3533 5001 3674 5071 λαμ-

2092 5099 2245 5152 εάνει
2290 5096 2390 5167 τὴν
2438 5097 2629 5166 τιμὴν,
2683 5094 2819 5149 άλλά
2852 5093 3186 5164 καλούμενος
3235 5094 3342 5147 ὑπὸ
3373 5093 3511 5148 Θεοῦ
3535 5109 3548 5122 ·
3578 5094 3667 5149 διά

2089 5192 2202 5261 γάρ
2264 5190 2365 5260 τῆς
2424 5188 2726 5253 ἐπιθέσεως
2782 5188 2893 5241 τῶν
2950 5188 3156 5258 χειρῶν
3221 5186 3317 5241 τοῦ
3365 5189 3672 5242 ἐπισκόπου

2090 5283 2290 5337 δίδοται
2331 5284 2366 5355 ἡ
2398 5282 2627 5352 τοιαύτη
2672 5282 2821 5347 ἀξία.
2856 5281 2919 5334 Ὀ
2947 5281 3002 5335 δὲ
3037 5282 3113 5354 μὴ
3144 5283 3511 5353 ἐγχειρισθεὶς
3542 5282 3675 5335 ταύ-

2089 5394 2214 5446 την,
2246 5376 2363 5431 ἀλλ’
2396 5376 2656 5448 ἀρπάσας
2704 5376 2797 5428 καὶ
2847 5377 3195 5445 τυραννήσας
3248 5376 3423 5446 αὐτὴν
3474 5374 3676 5446 ἐαυτῷ,

1596 5541 1798 5603 Varias
1822 5541 2134 5604 lectiones
2181 5549 2241 5604 et
2285 5548 2477 5605 notae.

470 5686 516 5720 “
535 5654 882 5761 γενομένωνῖ
989 5685 1031 5719 ⁸⁸
1058 5687 1282 5761 ἐπέχεεν
1348 5687 1442 5741 ἐπὶ
1471 5687 1569 5758 τὴν
1635 5689 1878 5761 κεφαλὴν
1926 5690 2111 5761 τρίτον
2168 5690 2342 5755 λέγων
2403 5686 2534 5740 Ced.

2643 5688 2683 5719 “
2712 5686 2818 5766 ab?
2915 5691 2956 5723 "
2993 5690 3354 5766 συζητήσεως-
3389 5693 3542 5763 παρά
3584 5694 3681 5749 τσιῦ

399 5758 557 5829 narra
602 5756 882 5829 Διονυσίου
932 5756 1235 5829 γενομένης
1275 5762 1403 5826 περὶ
1432 5756 1626 5811 τούτου
1657 5756 1790 5813 Oed.
1824 5756 1897 5801 L—
1956 5756 2356 5829 διηγησάμενοι
2406 5786 2480 5800 -
2539 5756 2989 5829 ἐκθαμὸἡσαντες
3047 5756 3199 5819 οοὶί.’
3252 5764 3294 5796 ³⁸
3324 5756 3486 5818 Ιοδιιξ
3513 5781 3594 5828 tu,
3624 5766 3678 5821 5.

403 5825 571 5899 ⁸[Οιθ.
600 5828 689 5893 59,
725 5829 829 5899 ϋῦιίι
857 5830 918 5899 C.
946 5825 973 5899 λ
995 5828 1041 5858 ²⁰
1069 5825 1135 5899 τῇ
1165 5825 1290 5882 add.
1318 5825 1439 5882 00d.
1519 5829 1562 5899 τι
1614 5830 1695 5883 ’0.
1737 5832 1829 5884 καί

1866 5830 1962 5885 Gr.
2006 5828 2083 5884 Ὀ.
2110 5828 2172 5885 δέ
2207 5828 2334 5885 cod.
2369 5836 2408 5882 ε’
2432 5830 2511 5881 ἔτι
2535 5828 2641 5885 τῶν
2672 5828 2720 5884 ὃ.
2745 5828 2838 5887 Gr.
2869 5838 2906 5884 ε’
2939 5832 2996 5885 τὸ
3019 5832 3125 5887 τῶν
3145 5835 3193 5891 δ.
3222 5834 3354 5893 Ced.
3433 5835 3480 5866 ¹¹
3510 5835 3682 5892 Τοῦτο

402 5894 619 5964 εἴρηται
670 5901 727 5949 ὲν
757 5898 831 5967 τῷ
870 5897 918 5965 γ’
956 5894 1147 5970 βιϐλίῲ
1180 5901 1289 5957 τῶν
1314 5897 1694 5953 άποστολικῶν
1732 5903 2064 5970 Δια-τάξεων.
2111 5906 2168 5961 (.1.
2211 5903 2271 5957 10
2302 5914 2353 5959 et
2389 5902 2475 5957 il.
