4092 6408
332 458 446 524 ⁵613

1508 462 1978 527 ‘CIIRONlCON.
2021 489 2093 502 --
2132 464 2276 524 LIB.
2320 463 2421 526 IV.

3507 465 3616 531 6ιᾶ

341 578 438 633 τοῦ
499 574 987 646 στεφανώσαντες,
1047 574 1148 645 τὴν
1205 575 1335 646 περὶ
1384 576 1451 629 τὰ
1503 577 1621 629 θεῖα
1687 578 1911 647 meum

2035 577 2449 646 nimitatemque
2480 590 2762 631 sermones
2792 576 3021 644 habens,
3055 577 3255 633 multos
3281 588 3330 633 et
3366 578 3540 634 verbis
3562 590 3617 637 et

341 670 623 740 εὐλογίαις
660 668 971 740 ἠμείψαντο
999 669 1068 725 ’⁷.
1103 669 1161 723 Ὀ
1210 668 1269 722 δὲ
1320 671 1449 732 τούς
1496 673 1626 741 περὶ
1656 672 1758 743 τὴν
1795 673 1926 743 ὀμό-

341 779 495 818 νοιαν
513 763 559 797 ⁸⁸
589 762 684 816 καὶ
711 762 1033 832 συμφωνίαν
1056 760 1428 832 προσαγαγὼν
1458 763 1675 832 λόγους,
1695 763 1926 828 πολλοὺς

343 855 445 926 μιν
475 853 902 924 ἐσωφρονήσατο
925 853 970 886 θ’
994 853 1092 907 καὶ
1116 851 1298 921 λόγοις
1322 854 1420 907 καὶ
1452 854 1649 927 δώροις
1672 872 1687 886 ο
1722 856 1925 921 πολλὰς

336 944 445 1018 [δέ]
503 945 762 1009 στιϐάδας
801 945 1231 1016 εὐτρεπισθῆναι
1272 948 1290 978 ³
1337 949 1676 1018 προστάξας,
1716 951 1811 1003 ἐπὶ
1858 950 1920 1003 τὸ

338 1038 475 1091 αὐτὸ
532 1038 748 1102 πάντας
805 1038 1027 1091 ἐστίασε
1081 1040 1142 1071 ⁸ο
1196 1039 1324 1102 τοὺς
1371 1041 1472 1109 μὲν
1531 1040 1871 1111 ἀξιωτέρους
1904 1041 1924 1073 ³

335 1130 755 1201 ὁμοτραπέζους
789 1129 991 1193 λαϐὼν,
1021 1131 1148 1195 τούς
1178 1130 1236 1184 δέ
1268 1131 1486 1195 λοιποὺς
1512 1135 1593 1196 είς
1622 1134 1724 1197 τὰς
1756 1135 1924 1199 ἄλλας

335 1223 618 1293 τραπέζας
650 1222 868 1277 διεῖλεν.

408 1314 489 1385 (4)
514 1314 869 1383 Θεασάμενος
903 1315 960 1368 δέ
1002 1330 1159 1378 τινας
1191 1316 1322 1379 τούς
1351 1314 1564 1380 δεξιοὺς
1600 1317 1921 1387 ὀφθαλμοὺς

336 1406 785 1476 ἐκκεκομμένους
819 1405 839 1436 ⁸
866 1405 960 1459 καὶ
1012 1405 1200 1475 μαθὼν
1232 1406 1308 1470 ὡς
1353 1407 1461 1461 ὑπὸ
1502 1409 1522 1440 ⁸
1570 1409 1920 1480 Μαξιμιανοῦ

335 1497 433 1551 καὶ
485 1494 876 1567 Διοκλητιανοῦ
918 1497 938 1527 ⁸
980 1496 1071 1551 διὰ
1114 1496 1214 1566 τὴν
1258 1498 1340 1562 είς
1378 1500 1619 1571 Χριστὸν
1665 1503 1684 1534 ⁷
1734 1502 1919 1558 πίστιν

336 1590 433 1643 καὶ
496 1590 796 1659 ὁμολογίαν
855 1587 1015 1643 τοῦτο
1075 1588 1405 1655 πεπόνθασι,
1467 1590 1535 1646 τὰ
1592 1592 1746 1663 χείλη
1802 1596 1919 1657 τοῖς

332 1682 615 1754 τραύμασι
663 1683 1034 1754 προσενήνοχε
1087 1682 1605 1754 κατασπαζόμενος,
1662 1687 1917 1741 ἐλκύσειν

328 1774 546 1829 ἐκεῖθεν
576 1774 832 1843 εὐλογίαν
860 1774 941 1845 τῷ
964 1774 1232 1845 φιλήματι
1256 1777 1552 1832 πιστεύων.
1573 1776 1764 1842 Οὕτως
1794 1781 1817 1812 ⁸
1846 1774 1917 1850 ἦν

330 1867 363 1918 6
400 1864 707 1935 θαυμάσιος
754 1867 963 1928 ἐκεῖνος
991 1866 1134 1937 ἀνὴρ
1164 1864 1425 1937 εὐλαϐείᾳ
1472 1867 1568 1921 καὶ
1597 1867 1782 1923 πίστει
1821 1872 1917 1924 καὶ

333 1958 782 2028 μετριοφροσύνῃ
814 1958 1326 2031 λελαμπρυσμένος.

401 2050 423 2082 ⁹
460 2048 537 2120 (5)
560 2050 638 2119 Τῇ
663 2050 719 2103 δέ
746 2048 1009 2121 ἐπαύριον
1039 2054 1090 2105 οί
1122 2053 1420 2107 ἐπίσκοποι
1460 2054 1557 2108 καὶ
1590 2056 1619 2109 6
1651 2055 1915 2125 βασιλεὺς

329 2143 410 2205 εἰς
440 2141 540 2196 ῑνα
576 2142 744 2195 τόπον
772 2142 1123 2206 συνελθόντες
1157 2143 1383 2198 καλοῦσι
1429 2144 1520 2198 τὸν
1554 2147 1776 2217 ’Δρειον
1816 2148 1914 2202 σὺν

326 2236 443 2297 τοῖς
473 2233 776 2305 όμόφροσιν
803 2233 971 2288 αὐτοῦ
998 2236 1081 2298 εἰς
1113 2234 1214 2306 τὴν
1245 2234 1487 2303 σύνοδον,
1522 2238 1913 2307 ἐπιτρέποντες

331 2330 488 2401 αὐτῷ
525 2335 785 2403 συστῆναι
825 2338 941 2398 τοῖς
983 2336 1204 2400 οίκείοις
1243 2336 1531 2408 δόγμασιν.
1567 2332 1677 2391 Ἦν
1730 2337 1787 2390 δέ
1843 2337 1913 2390 τὰ

336 2421 588 2491 δόγματα
643 2425 732 2478 τοῦ
804 2425 1040 2489 ἀσεϐοῦς
1100 2427 1144 2459 ¹⁰
1202 2427 1299 2480 καὶ
1365 2427 1809 2498 τρισκαταράτου
1868 2427 1911 2458 ¹¹

337 2513 568 2567 τοιαῦτα
587 2532 601 2548 ·
635 2534 652 2567 ι
682 2518 794 2571 Οὐκ
831 2518 918 2571 ἀεὶ
941 2519 969 2572 6
999 2520 1133 2582 Θεὸς
1162 2520 1355 2590 Πατὴρ
1380 2516 1472 2591 ἦν,
1506 2520 1622 2573 ἀλλ’
1648 2517 1716 2591 ἦν
1744 2521 1834 2575 ὅτε
1883 2521 1911 2573 ό

330 2601 473 2663 Θεὸς
517 2604 698 2675 Πατὴρ
731 2607 833 2660 οὐκ
866 2602 934 2678 ἦν
959 2622 974 2638 ·
1015 2610 1117 2662 οὐκ
1160 2609 1249 2663 ἀεὶ
1289 2610 1347 2663 δὲ
1392 2612 1434 2643 ¹¹
1468 2606 1538 2682 ἦν
1571 2613 1600 2664 6
1650 2610 1743 2664 τοῦ
1773 2610 1910 2664 Θεοῦ

331 2694 530 2761 Λόγος,
570 2698 685 2750 ἀλλ’
720 2698 779 2765 ἐξ
829 2700 931 2753 οὐκ
979 2699 1160 2772 (107⁸)
1208 2702 1379 2756 ὄντων
1424 2703 1682 2772 γέγονεν·
1730 2704 1760 2756 6
1803 2702 1913 2776 γὰρ

326 2784 407 2837 ὣν
440 2786 575 2867 Θεὸς
597 2790 689 2841 τὸν
719 2790 795 2862 μὴ
820 2790 949 2844 ὄντα
977 2794 1041 2845 ἐκ
1068 2793 1164 2845 τοῦ
1209 2796 1283 2865 μὴ
1316 2795 1468 2858 ὄντος
1495 2794 1800 2866 πεποίηκε’
1830 2795 1913 2848 διὸ

325 2878 395 2950 ἧν
425 2880 577 2945 ποτὲ,
615 2883 705 2934 ὅτε
751 2884 852 2936 οὐκ
899 2883 1064 2956 ιοε
1106 2880 1211 2956 ἦν·
1260 2886 1465 2955 κτίσμα
1507 2887 1618 2955 γάρ
1667 2889 1785 2940 ἐστι
1818 2888 1913 2941 καὶ

326 2968 545 3039 ποίημα
580 2971 611 3024 6
645 2972 807 3035 Υίός’
846 2971 972 3026 οὐτε
1028 2975 1086 3027 δέ
1130 2975 1313 3044 ὅμοιός
1357 2978 1506 3028 ἐστιν
1552 2979 1579 3030 6
1614 2977 1741 3041 Υἱὸς
1790 2978 1910 3030 κατ’

318 3062 520 3116 οὐσίαν
556 3064 633 3136 τῷ
668 3065 709 3096 ¹³
744 3065 939 3137 Πατρὶ,
966 3065 1091 3120 οὐτε
1123 3066 1188 3139 δὴ
1231 3067 1275 3098 ’⁸
1304 3066 1588 3140 [ἀληθινὸς
1621 3069 1718 3124 καὶ
1748 3070 1911 3138 φύσει

320 3157 422 3209 τοῦ
489 3158 702 3228 Πατρὸς
730 3160 901 3228 Λόγος
955 3160 1125 3226 ἐστὶν,
1170 3159 1318 3233 οὔτε]
1358 3162 1405 3193 ³⁵
1454 3162 1681 3235 ἀληθινὴ
1744 3164 1910 3231 σοφία

322 3247 496 3302 αὐτοῦ
530 3251 682 3302 ἐστιν
705 3265 721 3281 ·
753 3246 871 3304 ἀλλ’
902 3246 984 3314 εἷς
1023 3252 1124 3322 μέν
1155 3253 1263 3306 τῶν
1295 3254 1620 3324 ποιημάτων
1648 3256 1744 3309 καὶ
1781 3272 1908 3324 γεν-
1936 3291 1981 3350 c

322 3338 489 3406 νητός
520 3341 565 3372 ’⁸
597 3343 740 3409 ἐστι,
772 3344 1227 3415 καταχρηστικῶς
1251 3345 1309 3398 δὲ
1346 3346 1567 3415 λέγεται
1596 3346 1773 3416 Λόγος
1812 3350 1911 3402 καὶ

321 3431 499 3500 Σοφία
530 3431 849 3505 [γενόμενος
879 3438 978 3489 καὶ
1008 3437 1175 3499 αὐτὸς
1203 3436 1285 3507 τῷ
1314 3438 1430 3508 ίδίῳ
1456 3439 1552 3492 τοῦ
1577 3440 1715 3493 Θεοῦ
1748 3441 1909 3511 Λόγῳ

321 3524 422 3577 καὶ
444 3527 502 3579 ἐν
536 3525 616 3593 τῷ
655 3524 773 3597 Θεῷ
799 3527 1007 3600 ampla],
1031 3529 1089 3583 ἐν
1176 3530 1271 3584 καὶ
1294 3531 1363 3583 τὰ
1400 3532 1579 3585 πάντα
1610 3532 1704 3585 καὶ
1743 3533 1908 3586 αὐτὸν

321 3616 628 3688 πεποίηκεν
665 3621 693 3672 6
741 3619 912 3682 Θεός·
942 3621 1023 3675 διὸ
1071 3622 1167 3675 καὶ¹
1215 3624 1449 3693 τρεπτός
1504 3626 1621 3679 ἐστι
1664 3625 1760 3679 καὶ
1812 3626 1909 3678 ἀλ-

318 3709 547 3774 λοιωτὸς
574 3710 674 3782 τὴν
717 3712 880 3781 φύσιν
905 3714 970 3781 ⁸⁷,
1012 3714 1088 3777 ὠς
1121 3715 1216 3768 καὶ
1250 3716 1432 3770 πάντα
1456 3719 1525 3771 τὰ
1552 3718 1747 3787 λογικά
1772 3731 1791 3750 ο
1818 3716 1908 3783 ξέ-

322 3818 414 3866 νος
445 3820 507 3856 τε
538 3804 637 3858 καὶ
674 3806 957 3877 ἀλλότριος
1009 3807 1108 3861 καλ⁵
1139 3810 1633 3881 ἀπεσχοινισμένος
1684 3810 1836 3863 ἐστὶν
1877 3812 1904 3863 ὁ

319 3893 496 3963 Λόγος
526 3894 629 3965 τῆς
677 3895 813 3968 (τοῦ)
857 3896 995 3951 Θεοῦ
1043 3897 1255 3966 οὐσίας,
1294 3901 1387 3953 καὶ
1429 3901 1660 3970 ἀόρατός
1706 3900 1903 3972 (ἐστιν)

317 3986 350 4037 6
398 3986 591 4057 Πατὴρ
636 3986 715 4057 τῷ
744 3986 890 4059 Υίῷ·
940 3986 1063 4041 οὔτε
1096 3988 1207 4060 γὰρ
1254 3990 1479 4054 τελείως
1510 3994 1607 4045 καὶ
1653 3991 1900 4062 ἀκριὸὦς

318 4077 585 4147 γινώσκει
613 4082 642 4133 6
670 4080 845 4149 Λόγος
881 4080 976 4135 τὸν
1004 4081 1249 4153 Πατέρα,
1280 4082 1405 4137 οὔτε
1440 4084 1664 4147 τελείως
1696 4085 1829 4155 όρᾷν
1858 4084 1902 4116 ¹⁶

319 4170 488 4223 αὐτὸν
538 4169 765 4224 δύναται
791 4189 804 4203 ·
842 4173 937 4226 καὶ
975 4172 1087 4243 γὰρ
1138 4173 1337 4227 ἑαυτοῦ
1401 4175 1502 4245 τὴν
1563 4175 1751 4228 οὐσίαν
1798 4175 1900 4229 οὐκ

318 4256 428 4314 εἶδε
463 4261 546 4294 ²⁹ο
588 4262 657 4315 δι’
706 4263 855 4332 ἡμᾶς
896 4263 1004 4334 γὰρ
1052 4264 1371 4336 πεποίηται,
1402 4266 1492 4319 ἵνα
1531 4266 1576 4297 ³⁸
1627 4267 1777 4336 ἡμᾶς
1829 4266 1900 4319 δι’

316 4351 489 4405 αὐτοῦ
518 4350 595 4416 ὡς
642 4352 710 4406 δι’
761 4353 998 4425 ὀργάνου
1061 4354 1223 4429 κτίσῃ
1270 4358 1298 4410 6
1332 4356 1501 4421 Θεός’
1535 4357 1633 4413 καὶ
1687 4358 1789 4412 οὐκ
1832 4358 1899 4412 ἂν

317 4443 554 4515 ὑπέστη,
612 4444 665 4498 εί
716 4444 793 4517 μὴ
845 4446 995 4517 ἡμᾶς
1045 4446 1312 4517 ἠθέλησεν
1370 4449 1400 4501 6
1457 4447 1592 4511 Θεὸς
1644 4449 1895 4519 ποιῆσαι.

328 4538 650 4611 Ἠρώτησεν
678 4536 771 4595 οῦν
800 4558 886 4605 τις
919 4542 1144 4608 αὐτοὺς,
1170 4544 1220 4595 εί
1265 4542 1491 4597 δύναται
1540 4544 1569 4596 6
1618 4541 1712 4596 τοῦ
1759 4540 1896 4595 Θεοῦ

1942 1933 1992 1993 Β

2029 667 2188 722 donis
2265 667 2332 721 ad
2363 667 2649 738 sapientia:
2706 683 2974 723 normam.
3032 668 3336 738 Multosque
3377 671 3615 728 lectulos

2032 773 2153 813 cum
2198 760 2365 813 sterni
2416 760 2878 830 praescripsisset,
2935 760 3133 816 ibidem
3188 777 3379 819 omnes
3452 764 3615 832 epulo

2027 852 2294 904 recreavit
2324 868 2338 905 :
2376 852 2653 921 digniores
2684 853 2900 923 quidem
2952 870 3066 910 sure
3088 856 3379 926 participes
3410 872 3615 913 mensa

2026 943 2296 1011 sumpsit;
2347 952 2572 1001 caeteros
2617 955 2802 1002 autem
2848 946 2915 1002 ad
2964 948 3101 1002 alias
3149 962 3368 1004 mensas
3394 948 3611 1019 disper-

2028 1036 2157 1091 titus
2184 1043 2285 1090 est.

2099 1306 2301 1365 Videns
2332 1318 2513 1367 autem
2540 1312 2806 1382 quosdam
2832 1313 3076 1372 dexteris
3103 1331 3277 1375 ocnus
3308 1319 3529 1377 orbatos
3556 1333 3612 1376 et

2022 1401 2244 1471 cognito
2286 1401 2408 1459 illos
2441 1418 2472 1458 a
2519 1402 2851 1463 Maximiano
2903 1419 2956 1463 et
3001 1408 3338 1465 Diocletiano
3386 1420 3609 1481 prepter

2022 1493 2182 1548 ﬁdem
2211 1493 2266 1547 in
2285 1493 2565 1550 Christum
2597 1504 2652 1551 et
2679 1496 3082 1555 confessionem
3115 1502 3216 1556 hoc
3238 1516 3360 1557 esse
3392 1517 3607 1570 passos,

2020 1594 2084 1634 ex
2116 1581 2301 1636 animo
2344 1583 2711 1652 complectens
2760 1586 2902 1641 labia
2941 1587 3289 1644 cicatricibus
3324 1589 3608 1654 admovit,

2020 1670 2214 1725 exinde
2266 1672 2701 1729 benedictionem
2752 1678 2945 1733 osculo
2989 1679 3188 1735 elicere
3241 1682 3488 1737 credens.
3518 1681 3611 1737 Sic

2019 1759 2108 1816 ille
2139 1762 2407 1820 mirabilis
2442 1765 2524 1820 vir
2555 1767 2776 1837 pietate,
2800 1768 2903 1823 fide
2930 1785 2994 1824 ac
3023 1772 3293 1828 modestia
3325 1773 3461 1830 mire
3480 1789 3613 1843 pra:-

2019 1850 2254 1909 lucebat.

2091 2040 2358 2099 Postridie
2413 2045 2654 2117 episcopi
2709 2063 2833 2103 cum
2880 2065 3005 2121 rege
3052 2051 3110 2107 in
3181 2068 3351 2108 unum
3408 2069 3608 2110 convc-

2019 2132 2230 2190 nientes
2257 2174 2271 2198 ,
2300 2135 2492 2191 Arium
2547 2153 2672 2193 cum
2719 2141 3048 2209 sequacibus
3088 2142 3208 2212 ejus
3251 2148 3304 2198 in
3336 2146 3604 2215 synodum

2018 2237 2253 2291 vocant,
2287 2228 2337 2282 ei
2387 2228 2700 2285 facultatem
2765 2233 3067 2289 tribuentes
3111 2250 3212 2291 sua
3272 2238 3606 2305 producendi

2016 2314 2292 2386 dogmata.
2338 2316 2505 2373 Erant
2550 2330 2732 2375 autem
2784 2322 2950 2391 hujus
3002 2326 3154 2395 impii
3201 2335 3392 2396 terque
3444 2343 3606 2384 exse-

2016 2409 2203 2465 crandi
2255 2409 2378 2463 talia
2430 2411 2735 2481 dogmata:
2787 2432 2805 2465 ι
2861 2414 3007 2472 Deus
3059 2418 3206 2473 haud
3249 2433 3467 2490 semper
3505 2420 3606 2476 fuit

2014 2499 2197 2567 Pater,
2240 2503 2333 2558 sed
2367 2514 2580 2574 tempus
2608 2506 2727 2571 fuit,
2757 2523 2883 2563 cum
2918 2508 3063 2566 Deus
3102 2526 3209 2566 non
3244 2524 3394 2568 esset
3420 2511 3601 2569 Pater.

2016 2592 2256 2649 Verbum
2287 2605 2473 2650 autem
2507 2597 2597 2651 Dci
2636 2614 2741 2653 non
2777 2614 2995 2669 semper
3024 2601 3166 2668 fuit,
3204 2603 3298 2658 sed
3330 2618 3398 2659 ex
3431 2604 3604 2659 nihilo

2015 2683 2218 2740 factum
2266 2694 2379 2742 est.
2443 2687 2585 2743 Deus
2629 2691 2774 2743 enim
2831 2691 2923 2760 qui
2973 2702 3126 2757 erat,
3162 2693 3314 2748 illum
3350 2696 3445 2765 qui
3494 2711 3604 2751 non

2015 2788 2132 2832 erat
2162 2792 2229 2832 ex
2275 2792 2341 2832 eo
2371 2780 2519 2849 quod
2564 2796 2672 2835 non
2720 2793 2839 2837 erat
2870 2782 3017 2838 fecit.
3054 2785 3181 2840 Ideo
3209 2784 3313 2841 fuit
3347 2796 3561 2857 tempus
3586 2828 3603 2854 ,

2015 2884 2126 2938 quo
2155 2884 2260 2923 nan
2294 2883 2417 2925 erat
2451 2888 2465 2924 :
2495 2883 2747 2928 creatura
2775 2890 3015 2945 namque
3044 2892 3240 2947 resque
3264 2878 3402 2934 facta
3434 2876 3603 2933 Filius

2013 2973 2117 3016 est.
2152 2961 2264 3016 Nec
2303 2964 2500 3018 similis
2522 2966 2576 3019 in
2610 2967 2913 3023 substantia
2962 2968 3109 3024 Patri
3142 2968 3336 3038 Filius,
3372 2987 3472 3027 nec
3505 2987 3603 3027 ve-

2017 3070 2135 3108 rum
2172 3053 2348 3108 Patris
2379 3065 2574 3111 natura
2610 3056 2868 3122 Verbum,
2906 3075 3005 3115 nec
3031 3075 3160 3115 vera
3192 3062 3338 3117 illius
3371 3061 3605 3133 Sapien-

2012 3146 2088 3199 tia
2141 3154 2245 3201 est.
2293 3145 2388 3201 Est
2439 3157 2620 3203 autem
2656 3164 2839 3205 rerum
2891 3163 3196 3208 creatarum
3244 3170 3349 3209 una
3401 3172 3600 3227 resque

2012 3241 2156 3296 facta
2190 3258 2203 3293 :
2229 3255 2325 3311 per
2362 3243 2703 3299 catachresiu
2736 3260 2863 3300 vero
2889 3245 3089 3301 dicitur
3117 3246 3353 3302 Verbum
3394 3259 3449 3303 et
3498 3249 3599 3303 Sa-

2014 3336 2254 3405 pientia,
2287 3336 2557 3406 siquidem
2607 3347 2662 3392 et
2715 3337 2830 3407 ipse
2874 3337 3060 3394 factus
3099 3348 3186 3396 est
3243 3343 3463 3411 proprio
3502 3342 3598 3397 Dei

2011 3427 2180 3482 verbo
2224 3427 2600 3498 sapientiaque
2630 3428 2811 3483 divina
2834 3469 2849 3496 ,
2876 3432 2929 3484 in
2960 3445 3067 3501 qua
3099 3442 3296 3487 cuncta
3336 3434 3600 3505 illumque

2009 3516 2189 3586 ipsum
2238 3519 2379 3575 Deus
2430 3520 2574 3578 fecit.
2610 3521 2737 3577 ldeo
2772 3523 3047 3580 variabilis
3095 3534 3176 3580 est
3214 3534 3267 3579 ct
3313 3528 3596 3584 mutabilis

2008 3620 2238 3679 natura,
2266 3614 2409 3668 sicut
2439 3616 2626 3670 omnia
2677 3616 2851 3687 logica
2886 3635 2901 3670 :
2941 3628 3238 3674 extraneus
3277 3621 3598 3691 alienusque

2007 3717 2073 3757 ac
2114 3703 2373 3759 differens
2399 3714 2484 3760 est
2521 3704 2756 3762 Verbum
2795 3724 2825 3762 a
2855 3709 3160 3764 substantia
3209 3708 3325 3776 Dei,
3361 3719 3418 3765 et
3459 3711 3597 3767 Filio

2006 3794 2165 3850 Pater
2194 3795 2484 3851 invisibilis
2507 3806 2630 3852 est:
2663 3811 2770 3851 non
2808 3798 2955 3853 enim
2987 3800 3225 3868 perfecte
3258 3814 3356 3855 nec
3394 3810 3589 3856 exacte

2009 3885 2248 3942 Verbum
2269 3889 2518 3959 cognovit
2540 3888 2780 3955 Patrem,
2805 3905 2984 3960 neque
2999 3890 3237 3960 perfecte
3262 3906 3386 3945 eum
3409 3893 3594 3947 videre

2005 3986 2185 4049 potest
2223 3995 2238 4031 :
2275 3994 2454 4050 neque
2487 3982 2635 4036 enim
2671 3981 2755 4036 sui
2788 3981 2964 4052 ipsius
2994 3983 3358 4038 substantiam
3386 3997 3592 4053 cogno-

2004 4072 2101 4126 vit.
2157 4072 2386 4141 Propter
2429 4087 2532 4127 nos
2582 4081 2766 4128 autem
2819 4081 2904 4128 est
2947 4074 3163 4142 factus;
3222 4081 3284 4128 ut
3336 4089 3438 4130 nos
3491 4089 3589 4145 per

2002 4165 2180 4237 ipsum
2228 4167 2380 4221 velut
2425 4182 2523 4237 per
2575 4168 3005 4223 instrumentum
3058 4176 3270 4223 crearet
3321 4166 3505 4231 Deus;
3536 4178 3589 4223 ct

2002 4273 2110 4313 non
2165 4258 2514 4323 subsisteret,
2571 4258 2677 4313 nisi
2724 4275 2824 4315 nos
2858 4258 3002 4315 Deus
3033 4274 3220 4315 creare
3247 4259 3527 4315 voluisset.
3560 4278 3579 4311 ›

2002 4350 2359 4420 Interrogavit
2404 4351 2571 4420 igitur
2606 4351 2733 4422 quis
2775 4366 2871 4406 eos
2904 4367 2973 4405 an
3005 4351 3240 4422 perverti
3282 4352 3459 4422 possit
3490 4350 3584 4405 Dei

2003 4444 2262 4510 Verbum,
2286 4445 2426 4499 sicut
2453 4457 2746 4513 perversus
2768 4451 2855 4498 est
2874 4443 3122 4498 diabolus
3144 4459 3161 4509 ;
3184 4451 3240 4497 et
3268 4457 3377 4496 non
3404 4442 3585 4497 dicere

2000 4539 2324 4595 haesitarunt
2356 4538 2485 4594 illud
2506 4547 2653 4595 certe
2684 4552 2845 4608 posse
2873 4536 3142 4607 perverti;
3175 4535 3471 4606 siquidem,
3506 4546 3587 4589 ul-

314 4632 493 4701 Λόγος
540 4633 817 4704 τραπῆναι
865 4634 941 4698 ὡς
985 4636 1197 4708 ἐτράπη
1250 4637 1279 4690 6
1327 4635 1608 4702 διάὸολοςς
1661 4634 1757 4689 καὶ
1789 4633 1892 4688 οὐκ

2011 4642 2125 4702 pote
2149 4632 2391 4703 genitum
2426 4642 2479 4687 et
2506 4641 2747 4687 creatum
2777 4670 2793 4695 ,
2819 4639 2904 4687 est
2940 4638 3149 4684 naturae
3175 4627 3475 4683 variabilis.

316 4724 670 4797 ἐφοϐήθησαν
718 4726 913 4791 εἰπεῖν,
958 4728 1041 4782 ὅτι
1097 4728 1227 4794 Ναὶ,
1294 4728 1521 4783 δύναται
1566 4726 1843 4798 τραπῆναι
1867 4743 1883 4761 ο
1921 4724 2164 4796 τρεπτῆς
2219 4724 2330 4795 γάρ
2357 4727 2474 4778 ἐστι
2505 4724 2744 4793 φύσεως,
2806 4721 3068 4793 γεννητὸς
3091 4720 3136 4751 ⁸³
3162 4721 3256 4773 καὶ
3288 4718 3504 4781 κτιστδς
3535 4719 3580 4754 ⁸⁸

506 4835 602 4871 ων.

554 4835 602 4871 ν.

315 4816 552 4981 ὑπὲρῗὲ
594 4910 752 4964 Ἀλλὰ
786 4911 849 4964 τὸ
887 4910 1027 4965 κατὰ
1060 4910 1161 4980 τὴν
1200 4909 1417 4964 σύνοδον
1449 4910 1672 4979 γεγονὸς
1701 4911 1890 4981 θαῦμα

312 5004 373 5058 οὐ
418 5004 629 5058 δίκαιον
653 5004 699 5036 ’⁸
730 5006 909 5075 σιωπῇ
940 5002 1421 5075 παραπέμψασθαι
1466 5004 1511 5035 ’⁸
1534 5020 1547 5035 ο
1585 5004 1725 5075 πρὸς
1778 5004 1891 5075 γὰρ

2070 4911 2321 4964 Attamen
2335 4908 2480 4977 quod
2501 4908 2551 4961 in
2569 4905 2779 4978 synodo
2804 4905 3007 4959 factum
3020 4911 3103 4958 est
3124 4900 3448 4955 miraculum
3472 4916 3577 4957 non

1999 5015 2217 5071 aequum
2249 5007 2331 5055 est
2357 4997 2575 5053 silentio
2609 4994 3019 5068 praetermittere
3050 4998 3283 5061 :preeter
3311 4989 3453 5045 enim
3486 5008 3580 5048 ex-

1488 5166 1693 5227 Varius
1724 5165 2037 5229 lectiones
2082 5172 2147 5226 et
2190 5169 2381 5226 notae.

385 5311 434 5343 "
463 5308 714 5376 εὐλογίας
775 5307 1056 5378 ἐμίμψατο
1104 5308 1225 5362 cod.

310 5380 449 5436 Ced.
485 5378 548 5433 V.
576 5382 625 5445 1,
690 5378 761 5432 M.
787 5377 906 5441 1,2.
1006 5380 1020 5408 ²
1043 5394 1139 5446 πρ.
1160 5377 1456 5446 εὐτρ.Οο(Ι.

310 5449 652 5510 ἐκκοπέντας
701 5448 770 5502 Μ.
832 5449 942 5511 1,2.
1041 5448 1186 5499 Ι’ἐπί
1223 5448 1294 5501 Μ.
1346 5448 1459 5512 1,2.

317 5520 458 5573 Ced.
488 5515 552 5572 V.
615 5517 664 5572 1.
706 5518 787 5570 Χν
814 5536 873 5573 π.
930 5517 1025 5571 καὶ
1078 5516 1177 5587 τὴν
1213 5519 1304 5587 ὀμ.

312 5586 701 5673 βριὲδθένξ·
729 5588 808 5673 Τῇ
849 5589 905 5673 5F
939 5590 1029 5673 έῖὲ
1054 5588 1418 5673 ,ὲπςίηποὲγτξς
1444 5591 1610 5673 NE?
1661 5591 1727 5673 ’Ξῇ

1368 5520 1437 5574 Μ.
1485 5518 1595 5585 1,2.
1670 5520 1692 5552 ⁸
1723 5514 1877 5582 οὗτος
1916 5518 1976 5573 V.

1779 5589 1835 5641 δὲ
1867 5592 1956 5643 ἐπ.
1990 5588 2039 5641 oi
2074 5582 2163 5642 ἐπ.
2206 5602 2266 5639 π.
2302 5582 2396 5638 καί
2422 5585 2487 5642 V.
2527 5582 2681 5647 1,7M.
2730 5583 2840 5649 1,2.
2920 5582 2963 5616 ὀ
2989 5584 3146 5640 δυσσ.
3186 5582 3335 5652 νη,
3413 5583 3454 5615 ¹¹
3482 5599 3573 5652 τρ.

1333 5310 1381 5342 ’⁸
1402 5309 1503 5380 τῆς
1532 5310 1786 5380 ὁμονοίας
1820 5310 1915 5363 καὶ
1977 5307 2299 5378 συμφωνίας
2336 5304 2466 5360 Ced.
2494 5305 2559 5359 V.
2604 5305 2656 5369 1,
2737 5304 2805 5362 Μ,
2841 5304 2951 5371 1,2.
3026 5306 3075 5338 ”
3115 5303 3580 5378 ἐφιλοφρονήσατο

1333 5377 1432 5409 r‘ml
1566 5383 1587 5409 ι
1616 5380 1890 5409 s...z-n-.
1920 5380 2016 5409 ..ηδ
2116 5379 2137 5409 ι
2162 5375 2613 5409 ιβ.λ1ηω.ιφέηω.ρ
2636 5373 2744 5409 Dm]
2843 5375 2866 5407 ι
2909 5375 3323 5409 Longum-mlum-
3359 5378 3458 5409 om!
3509 5407 3579 5409 μ

1566 5375 2060 5435 δὲστιᾶσθαιεοάί
2116 5375 2613 5446 ³ὰξιολογωτέρους
2636 5375 2766 5430 Ced.
2843 5375 2866 5407 "
2909 5378 2998 5442 £71

1562 5451 1676 5504 ⁸Δ.
1732 5450 1823 5502 καί
1877 5449 1947 5503 Μ.
2005 5448 2138 5504 Ced.
2211 5444 2632 5508 50032-5015,
2695 5441 2759 5497 V.
2814 5446 2865 5509 1,
2927 5444 2998 5499 Μ.

2554 5392 2613 5437 υς
2636 5373 2766 5445 Oed.
2843 5375 2866 5407 ⁸
2909 5373 3328 5445 ἐγκεκομμένας
3358 5373 3480 5430 cod.
3508 5407 3580 5418 —-

3054 5445 3167 5513 1,2.
3226 5445 3289 5515 μ’
3334 5446 3415 5499 Χν
3473 5449 3570 5515 όμ.

2030 5520 2081 5579 1,
2117 5515 2211 5586 (Μ.
2243 5515 2393 5587 1,2?)
2426 5517 2491 5587 Μ’
2513 5515 2660 5587 περ).
2708 5514 2809 5587 τῆς
2856 5516 3125 5587 αἱρέσεως
3186 5513 3550 5587 -ᾎρείου-ςεά

310 5659 535 5729 ἠᾼρειου
572 5643 745 5710 ταῦτα
770 5643 901 5714 Ceu.
950 5659 1021 5729 Δξ’
1048 5656 1235 5729 sum.
1273 5643 1503 5729 Ced.,V.
1540 5643 1609 5712 i.’
1671 5643 1820 5729 ’θ’τῷ
1847 5674 1906 5715 π.

2011 5660 2056 5729 τ’
2089 5659 2137 5713 ό.
2162 5658 2290 5729 Ced.
2370 5643 2635 5729 "seges
2668 5652 2735 5729 at.
2768 5643 3231 5729 1,2,A06jre_V._1.A
3269 5648 3336 5729 ,η
3358 5643 3571 5729 δεξιῷ).

316 5726 463 5783 νζι.
543 5728 587 5758 ¹⁶
615 5726 1019 5797 γεννητικόςδι.
1050 5726 1104 5781 2.
1146 5796 1154 5797 ί
1184 5727 1228 5797 ¹ί⁷
1254 5742 1317 5797 φ.
1350 5728 1544 5797 καὶγτὰ
1569 5747 1630 5782 π.
1667 5729 1717 5783 λ.
1751 5726 1810 5785 νζ
1837 5734 1889 5796 1,

307 5797 385 5859 ὡς
420 5798 536 5859 υἱός
565 5794 713 5849 ἐστιν
737 5794 865 5853 Ced.
900 5796 962 5849 ν.
988 5798 1038 5850 1.
1116 5796 1161 5828 ⁸⁸
1199 5794 1267 5849 δι’
1296 5796 1515 5853 add.M.
1549 5799 1661 5862 1,2.
1737 5799 1780 5830 ³¹
1807 5794 1911 5855 τες

2011 5799 2114 5855 .V.
2159 5798 2209 5852 1.

310 5866 495 5921 ’δέστι
521 5867 647 5922 add.
676 5864 737 5921 ν.
771 5867 823 5919 1.
901 5867 945 5899 ⁸⁵
985 5864 1351 5938 παραπέμψαι
1380 5866 1509 5921 Ced.
1549 5867 1610 5923 ν,
1641 5870 1691 5924 1.

1924 5746 1981 5798 φ.
2012 5728 2088 5791 ὡς
2110 5728 2204 5781 καὶ
2237 5724 2306 5780 τὰ
2335 5744 2396 5780 π.
2424 5726 2475 5782 λ.
2504 5724 2574 5780 Μ.
2608 5723 2743 5798 1,21
2774 5727 2842 5798 Δί’
2886 5727 2943 5798 ἀ.
2969 5728 3016 5798 ό.
3044 5722 3320 5798 Ce(l_._A1A,2‘.
3465 5718 3573 5798 οξδε

2322 5801 2367 5830 ²¹
2393 5799 2519 5852 ἀκτ.
2555 5789 2792 5862 ΜΛ,ἓῖ
2898 5795 3095 5849 "Ced.
3153 5789 3571 5857 5016-50532.
