  <div class='ocr_page' id='page_1' title='image "/cluster/home/n/w/nwhite01/storage/ocr_20150623/110/coo.31924054870146/315.png"; bbox 0 0 4090 6410; ppageno 0'>
   <div class='ocr_carea' id='block_1_1' title="bbox 493 445 603 510">
    <p class='ocr_par' dir='ltr' id='par_1_1' title="bbox 493 445 603 510">
     <span class='ocr_line' id='line_1_1' title="bbox 493 445 603 510; baseline 0.018 -3"><span class='ocrx_word' id='word_1_1' title='bbox 493 445 603 510; x_wconf 77' lang='lat'><strong>615</strong></span> 
     </span>
    </p>
   </div>
   <div class='ocr_carea' id='block_1_2' title="bbox 1703 451 2519 517">
    <p class='ocr_par' dir='ltr' id='par_1_2' title="bbox 1703 451 2519 517">
     <span class='ocr_line' id='line_1_2' title="bbox 1703 451 2519 517; baseline 0.005 -5"><span class='ocrx_word' id='word_1_2' title='bbox 1703 451 2027 514; x_wconf 78' lang='lat' dir='ltr'><strong>GEORGII</strong></span> <span class='ocrx_word' id='word_1_3' title='bbox 2068 459 2166 517; x_wconf 73' lang='lat' dir='ltr'><strong>HA</strong></span> <span class='ocrx_word' id='word_1_4' title='bbox 2180 456 2519 516; x_wconf 70' lang='lat' dir='ltr'><strong>MAR&#39;I‘OLI</strong></span> 
     </span>
    </p>
   </div>
   <div class='ocr_carea' id='block_1_3' title="bbox 3659 455 3769 520">
    <p class='ocr_par' dir='ltr' id='par_1_3' title="bbox 3659 455 3769 520">
     <span class='ocr_line' id='line_1_3' title="bbox 3659 455 3769 520; baseline 0.027 -4"><span class='ocrx_word' id='word_1_5' title='bbox 3659 455 3769 520; x_wconf 73' lang='lat'><strong>(.16</strong></span> 
     </span>
    </p>
   </div>
   <div class='ocr_carea' id='block_1_4' title="bbox 499 564 2069 644">
    <p class='ocr_par' dir='ltr' id='par_1_4' title="bbox 499 564 2069 639">
     <span class='ocr_line' id='line_1_4' title="bbox 499 564 2069 639; baseline 0.005 -22"><span class='ocrx_word' id='word_1_6' title='bbox 499 565 895 632; x_wconf 80' lang='lat' dir='ltr'><strong>spectationem</strong></span> <span class='ocrx_word' id='word_1_7' title='bbox 929 564 1091 633; x_wconf 69' lang='lat' dir='ltr'><strong>regite</strong></span> <span class='ocrx_word' id='word_1_8' title='bbox 1118 565 1494 635; x_wconf 72' lang='lat' dir='ltr'><strong>dispositionis</strong></span> <span class='ocrx_word' id='word_1_9' title='bbox 1521 568 1748 621; x_wconf 73' lang='lat' dir='ltr'><strong>aderant</strong></span> <span class='ocrx_word' id='word_1_10' title='bbox 1779 569 1831 622; x_wconf 91' lang='lat' dir='ltr'><strong>in</strong></span> <span class='ocrx_word' id='word_1_11' title='bbox 1869 572 2069 639; x_wconf 82' lang='lat' dir='ltr'><strong>synodo</strong></span> 
     </span>
    </p>
   </div>
   <div class='ocr_carea' id='block_1_5' title="bbox 2174 564 3769 644">
    <p class='ocr_par' dir='ltr' id='par_1_5' title="bbox 2182 570 3769 644">
     <span class='ocr_line' id='line_1_5' title="bbox 2182 570 3769 644; baseline 0.001 -21"><span class='ocrx_word' id='word_1_12' title='bbox 2182 574 2242 625; x_wconf 78' lang='grc' dir='ltr'><strong>τὸ</strong></span> <span class='ocrx_word' id='word_1_13' title='bbox 2284 573 2589 644; x_wconf 77' lang='grc' dir='ltr'><strong>παράδοξον</strong></span> <span class='ocrx_word' id='word_1_14' title='bbox 2643 571 2734 624; x_wconf 86' lang='grc' dir='ltr'><strong>τοῦ</strong></span> <span class='ocrx_word' id='word_1_15' title='bbox 2791 571 3077 640; x_wconf 80' lang='grc' dir='ltr'><strong>βασιλικοῦ</strong></span> <span class='ocrx_word' id='word_1_16' title='bbox 3117 570 3491 640; x_wconf 66' lang='grc' dir='ltr'><strong>διατάγματος</strong></span> <span class='ocrx_word' id='word_1_17' title='bbox 3537 571 3630 624; x_wconf 75' lang='grc' dir='ltr'><strong>καὶ</strong></span> <span class='ocrx_word' id='word_1_18' title='bbox 3671 587 3769 639; x_wconf 73' lang='grc' dir='ltr'><strong>φιο</strong></span> 
     </span>
    </p>
   </div>
   <div class='ocr_carea' id='block_1_6' title="bbox 498 656 2079 729">
    <p class='ocr_par' dir='ltr' id='par_1_6' title="bbox 498 656 2079 729">
     <span class='ocr_line' id='line_1_6' title="bbox 498 656 2079 729; baseline 0.005 -21"><span class='ocrx_word' id='word_1_19' title='bbox 498 657 806 726; x_wconf 87' lang='lat' dir='ltr'><strong>philosophi</strong></span> <span class='ocrx_word' id='word_1_20' title='bbox 827 656 1184 726; x_wconf 86' lang='lat' dir='ltr'><strong>rhetoresque</strong></span> <span class='ocrx_word' id='word_1_21' title='bbox 1203 657 1503 712; x_wconf 73' lang='lat' dir='ltr'><strong>dialectica:</strong></span> <span class='ocrx_word' id='word_1_22' title='bbox 1543 660 1721 728; x_wconf 86' lang='lat' dir='ltr'><strong>periti,</strong></span> <span class='ocrx_word' id='word_1_23' title='bbox 1750 661 2079 729; x_wconf 77' lang='lat' dir='ltr'><strong>quibuswm</strong></span> 
     </span>
    </p>
   </div>
   <div class='ocr_carea' id='block_1_7' title="bbox 495 747 2078 819">
    <p class='ocr_par' dir='ltr' id='par_1_7' title="bbox 495 747 2078 819">
     <span class='ocr_line' id='line_1_7' title="bbox 495 747 2078 819; baseline 0.005 -19"><span class='ocrx_word' id='word_1_24' title='bbox 495 758 613 801; x_wconf 81' lang='lat' dir='ltr'><strong>erat</strong></span> <span class='ocrx_word' id='word_1_25' title='bbox 642 751 862 817; x_wconf 90' lang='lat' dir='ltr'><strong>quidam</strong></span> <span class='ocrx_word' id='word_1_26' title='bbox 888 747 1170 805; x_wconf 47' lang='lat' dir='ltr'><strong>Graecusct</strong></span> <span class='ocrx_word' id='word_1_27' title='bbox 1189 751 1305 819; x_wconf 84' lang='lat' dir='ltr'><strong>ipsc</strong></span> <span class='ocrx_word' id='word_1_28' title='bbox 1334 749 1474 819; x_wconf 87' lang='lat' dir='ltr'><strong>apud</strong></span> <span class='ocrx_word' id='word_1_29' title='bbox 1497 765 1687 804; x_wconf 88' lang='lat' dir='ltr'><strong>onmes</strong></span> <span class='ocrx_word' id='word_1_30' title='bbox 1711 754 2078 819; x_wconf 86' lang='lat' dir='ltr'><strong>venerandus,</strong></span> 
     </span>
    </p>
   </div>
   <div class='ocr_carea' id='block_1_8' title="bbox 497 841 2082 906">
    <p class='ocr_par' dir='ltr' id='par_1_8' title="bbox 497 841 2082 906">
     <span class='ocr_line' id='line_1_8' title="bbox 497 841 2082 906; baseline 0.004 -15"><span class='ocrx_word' id='word_1_31' title='bbox 497 841 571 892; x_wconf 90' lang='lat' dir='ltr'><strong>ita</strong></span> <span class='ocrx_word' id='word_1_32' title='bbox 605 848 664 893; x_wconf 90' lang='lat' dir='ltr'><strong>ut</strong></span> <span class='ocrx_word' id='word_1_33' title='bbox 683 855 750 894; x_wconf 80' lang='lat' dir='ltr'><strong>ex</strong></span> <span class='ocrx_word' id='word_1_34' title='bbox 781 843 1142 895; x_wconf 71' lang='lat' dir='ltr'><strong>conventione</strong></span> <span class='ocrx_word' id='word_1_35' title='bbox 1176 851 1536 896; x_wconf 88' lang='lat' dir='ltr'><strong>concurrente</strong></span> <span class='ocrx_word' id='word_1_36' title='bbox 1569 844 1940 906; x_wconf 86' lang='lat' dir='ltr'><strong>multitudine,</strong></span> <span class='ocrx_word' id='word_1_37' title='bbox 1967 860 2082 898; x_wconf 90' lang='lat' dir='ltr'><strong>ma-</strong></span> 
     </span>
    </p>
   </div>
   <div class='ocr_carea' id='block_1_9' title="bbox 496 932 2081 1002">
    <p class='ocr_par' dir='ltr' id='par_1_9' title="bbox 496 932 2081 1002">
     <span class='ocr_line' id='line_1_9' title="bbox 496 932 2081 1002; baseline 0.003 -18"><span class='ocrx_word' id='word_1_38' title='bbox 496 947 602 999; x_wconf 70' lang='lat' dir='ltr'><strong>gna</strong></span> <span class='ocrx_word' id='word_1_39' title='bbox 641 933 916 986; x_wconf 88' lang='lat' dir='ltr'><strong>audientia</strong></span> <span class='ocrx_word' id='word_1_40' title='bbox 957 935 1130 1002; x_wconf 81' lang='lat' dir='ltr'><strong>lieret.</strong></span> <span class='ocrx_word' id='word_1_41' title='bbox 1190 933 1360 987; x_wconf 81' lang='lat' dir='ltr'><strong>Porro</strong></span> <span class='ocrx_word' id='word_1_42' title='bbox 1406 932 1736 988; x_wconf 85' lang='lat' dir='ltr'><strong>suﬂicientes</strong></span> <span class='ocrx_word' id='word_1_43' title='bbox 1778 950 1884 989; x_wconf 91' lang='lat' dir='ltr'><strong>non</strong></span> <span class='ocrx_word' id='word_1_44' title='bbox 1923 943 2081 988; x_wconf 87' lang='lat' dir='ltr'><strong>erant</strong></span> 
     </span>
    </p>
   </div>
   <div class='ocr_carea' id='block_1_10' title="bbox 492 1023 2078 1095">
    <p class='ocr_par' dir='ltr' id='par_1_10' title="bbox 492 1023 2078 1095">
     <span class='ocr_line' id='line_1_10' title="bbox 492 1023 2078 1095; baseline 0.003 -20"><span class='ocrx_word' id='word_1_45' title='bbox 492 1023 734 1092; x_wconf 85' lang='lat' dir='ltr'><strong>episcopi</strong></span> <span class='ocrx_word' id='word_1_46' title='bbox 759 1025 825 1076; x_wconf 87' lang='lat' dir='ltr'><strong>ad</strong></span> <span class='ocrx_word' id='word_1_47' title='bbox 848 1025 1233 1093; x_wconf 84' lang='lat' dir='ltr'><strong>philosophum</strong></span> <span class='ocrx_word' id='word_1_48' title='bbox 1255 1024 1639 1092; x_wconf 88' lang='lat' dir='ltr'><strong>rhetorcmque</strong></span> <span class='ocrx_word' id='word_1_49' title='bbox 1657 1041 1870 1092; x_wconf 86' lang='lat' dir='ltr'><strong>semper</strong></span> <span class='ocrx_word' id='word_1_50' title='bbox 1887 1027 2078 1095; x_wconf 88' lang='lat' dir='ltr'><strong>dispu-</strong></span> 
     </span>
    </p>
   </div>
   <div class='ocr_carea' id='block_1_11' title="bbox 498 1115 2078 1185">
    <p class='ocr_par' dir='ltr' id='par_1_11' title="bbox 498 1115 2078 1185">
     <span class='ocr_line' id='line_1_11' title="bbox 498 1115 2078 1185; baseline 0.002 -18"><span class='ocrx_word' id='word_1_51' title='bbox 498 1124 705 1168; x_wconf 83' lang='lat' dir='ltr'><strong>tantem</strong></span> <span class='ocrx_word' id='word_1_52' title='bbox 740 1115 1165 1184; x_wconf 89' lang='lat' dir='ltr'><strong>prohibendum,</strong></span> <span class='ocrx_word' id='word_1_53' title='bbox 1223 1116 1351 1185; x_wconf 83' lang='lat' dir='ltr'><strong>quia</strong></span> <span class='ocrx_word' id='word_1_54' title='bbox 1407 1119 1620 1170; x_wconf 66' lang='lat' dir='ltr'><strong>cunctis</strong></span> <span class='ocrx_word' id='word_1_55' title='bbox 1680 1117 2078 1171; x_wconf 80' lang='lat' dir='ltr'><strong>controversiis</strong></span> 
     </span>
    </p>
   </div>
   <div class='ocr_carea' id='block_1_12' title="bbox 495 1207 2076 1278">
    <p class='ocr_par' dir='ltr' id='par_1_12' title="bbox 495 1207 2076 1278">
     <span class='ocr_line' id='line_1_12' title="bbox 495 1207 2076 1278; baseline 0.001 -18"><span class='ocrx_word' id='word_1_56' title='bbox 495 1207 752 1262; x_wconf 75' lang='lat' dir='ltr'><strong>facillime</strong></span> <span class='ocrx_word' id='word_1_57' title='bbox 846 1209 1132 1262; x_wconf 80' lang='lat' dir='ltr'><strong>resistebat</strong></span> <span class='ocrx_word' id='word_1_58' title='bbox 1213 1209 1351 1263; x_wconf 86' lang='lat' dir='ltr'><strong>belle</strong></span> <span class='ocrx_word' id='word_1_59' title='bbox 1446 1208 1690 1276; x_wconf 84' lang='lat' dir='ltr'><strong>subjecta</strong></span> <span class='ocrx_word' id='word_1_60' title='bbox 1761 1209 2076 1278; x_wconf 76' lang='lat' dir='ltr'><strong>explicans,</strong></span> 
     </span>
    </p>
   </div>
   <div class='ocr_carea' id='block_1_13' title="bbox 494 1299 2079 1370">
    <p class='ocr_par' dir='ltr' id='par_1_13' title="bbox 494 1299 2079 1370">
     <span class='ocr_line' id='line_1_13' title="bbox 494 1299 2079 1370; baseline -0.003 -16"><span class='ocrx_word' id='word_1_61' title='bbox 494 1309 551 1355; x_wconf 90' lang='lat' dir='ltr'><strong>et</strong></span> <span class='ocrx_word' id='word_1_62' title='bbox 589 1301 768 1355; x_wconf 82' lang='lat' dir='ltr'><strong>labilis</strong></span> <span class='ocrx_word' id='word_1_63' title='bbox 811 1309 870 1354; x_wconf 90' lang='lat' dir='ltr'><strong>ut</strong></span> <span class='ocrx_word' id='word_1_64' title='bbox 917 1301 1155 1370; x_wconf 78' lang='lat' dir='ltr'><strong>anguilla</strong></span> <span class='ocrx_word' id='word_1_65' title='bbox 1198 1315 1300 1354; x_wconf 91' lang='lat' dir='ltr'><strong>nec</strong></span> <span class='ocrx_word' id='word_1_66' title='bbox 1345 1301 1463 1368; x_wconf 91' lang='lat' dir='ltr'><strong>capi</strong></span> <span class='ocrx_word' id='word_1_67' title='bbox 1513 1314 1612 1354; x_wconf 90' lang='lat' dir='ltr'><strong>nec</strong></span> <span class='ocrx_word' id='word_1_68' title='bbox 1666 1299 1777 1352; x_wconf 91' lang='lat' dir='ltr'><strong>ullo</strong></span> <span class='ocrx_word' id='word_1_69' title='bbox 1825 1313 2079 1353; x_wconf 71' lang='lat' dir='ltr'><strong>sermone</strong></span> 
     </span>
    </p>
   </div>
   <div class='ocr_carea' id='block_1_14' title="bbox 494 1391 2081 1460">
    <p class='ocr_par' dir='ltr' id='par_1_14' title="bbox 494 1391 2081 1460">
     <span class='ocr_line' id='line_1_14' title="bbox 494 1391 2081 1460; baseline -0.002 -16"><span class='ocrx_word' id='word_1_70' title='bbox 494 1391 717 1460; x_wconf 83' lang='lat' dir='ltr'><strong>reprimi</strong></span> <span class='ocrx_word' id='word_1_71' title='bbox 739 1399 948 1458; x_wconf 86' lang='lat' dir='ltr'><strong>poterat</strong></span> <span class='ocrx_word' id='word_1_72' title='bbox 977 1409 991 1445; x_wconf 90' lang='lat'><strong>:</strong></span> <span class='ocrx_word' id='word_1_73' title='bbox 1028 1392 1080 1445; x_wconf 93' lang='lat' dir='ltr'><strong>in</strong></span> <span class='ocrx_word' id='word_1_74' title='bbox 1112 1392 1194 1445; x_wconf 86' lang='lat' dir='ltr'><strong>his</strong></span> <span class='ocrx_word' id='word_1_75' title='bbox 1215 1393 1358 1446; x_wconf 88' lang='lat' dir='ltr'><strong>enim</strong></span> <span class='ocrx_word' id='word_1_76' title='bbox 1390 1391 1589 1460; x_wconf 87' lang='lat' dir='ltr'><strong>quibus</strong></span> <span class='ocrx_word' id='word_1_77' title='bbox 1623 1391 1903 1445; x_wconf 82' lang='lat' dir='ltr'><strong>videbatur</strong></span> <span class='ocrx_word' id='word_1_78' title='bbox 1931 1405 2081 1444; x_wconf 90' lang='lat' dir='ltr'><strong>com-</strong></span> 
     </span>
    </p>
   </div>
   <div class='ocr_carea' id='block_1_15' title="bbox 494 1483 2066 1552">
    <p class='ocr_par' dir='ltr' id='par_1_15' title="bbox 494 1483 2066 1552">
     <span class='ocr_line' id='line_1_15' title="bbox 494 1483 2066 1552; baseline 0 -17"><span class='ocrx_word' id='word_1_79' title='bbox 494 1483 837 1552; x_wconf 84' lang='lat' dir='ltr'><strong>primendus,</strong></span> <span class='ocrx_word' id='word_1_80' title='bbox 860 1483 1102 1547; x_wconf 88' lang='lat' dir='ltr'><strong>clabens,</strong></span> <span class='ocrx_word' id='word_1_81' title='bbox 1125 1483 1515 1552; x_wconf 74' lang='lat' dir='ltr'><strong>cogitationum</strong></span> <span class='ocrx_word' id='word_1_82' title='bbox 1539 1483 1724 1552; x_wconf 81' lang='lat' dir='ltr'><strong>vigore</strong></span> <span class='ocrx_word' id='word_1_83' title='bbox 1741 1497 2066 1537; x_wconf 66' lang='lat' dir='ltr'><strong>sermonum-</strong></span> 
     </span>
    </p>
   </div>
   <div class='ocr_carea' id='block_1_16' title="bbox 491 1573 2078 1645">
    <p class='ocr_par' dir='ltr' id='par_1_16' title="bbox 491 1573 2078 1645">
     <span class='ocr_line' id='line_1_16' title="bbox 491 1573 2078 1645; baseline -0.001 -17"><span class='ocrx_word' id='word_1_84' title='bbox 491 1592 600 1645; x_wconf 88' lang='lat' dir='ltr'><strong>que</strong></span> <span class='ocrx_word' id='word_1_85' title='bbox 633 1575 888 1629; x_wconf 78' lang='lat' dir='ltr'><strong>facilitate</strong></span> <span class='ocrx_word' id='word_1_86' title='bbox 915 1584 969 1630; x_wconf 86' lang='lat' dir='ltr'><strong>et</strong></span> <span class='ocrx_word' id='word_1_87' title='bbox 991 1576 1310 1642; x_wconf 79' lang='lat' dir='ltr'><strong>garrulitate</strong></span> <span class='ocrx_word' id='word_1_88' title='bbox 1333 1575 1613 1644; x_wconf 86' lang='lat' dir='ltr'><strong>potentior</strong></span> <span class='ocrx_word' id='word_1_89' title='bbox 1635 1574 1947 1643; x_wconf 84' lang='lat' dir='ltr'><strong>apparebat.</strong></span> <span class='ocrx_word' id='word_1_90' title='bbox 1969 1573 2078 1628; x_wconf 85' lang='lat' dir='ltr'><strong>Sed</strong></span> 
     </span>
    </p>
   </div>
   <div class='ocr_carea' id='block_1_17' title="bbox 496 1666 2080 1734">
    <p class='ocr_par' dir='ltr' id='par_1_17' title="bbox 496 1666 2080 1734">
     <span class='ocr_line' id='line_1_17' title="bbox 496 1666 2080 1734; baseline 0 -16"><span class='ocrx_word' id='word_1_91' title='bbox 496 1677 554 1719; x_wconf 88' lang='lat' dir='ltr'><strong>ut</strong></span> <span class='ocrx_word' id='word_1_92' title='bbox 583 1667 724 1722; x_wconf 87' lang='lat' dir='ltr'><strong>Deus</strong></span> <span class='ocrx_word' id='word_1_93' title='bbox 752 1668 1061 1720; x_wconf 85' lang='lat' dir='ltr'><strong>ostenderet</strong></span> <span class='ocrx_word' id='word_1_94' title='bbox 1098 1681 1203 1720; x_wconf 90' lang='lat' dir='ltr'><strong>non</strong></span> <span class='ocrx_word' id='word_1_95' title='bbox 1239 1667 1291 1719; x_wconf 91' lang='lat' dir='ltr'><strong>in</strong></span> <span class='ocrx_word' id='word_1_96' title='bbox 1329 1666 1508 1720; x_wconf 81' lang='lat' dir='ltr'><strong>verbis</strong></span> <span class='ocrx_word' id='word_1_97' title='bbox 1537 1673 1683 1720; x_wconf 90' lang='lat' dir='ltr'><strong>stare</strong></span> <span class='ocrx_word' id='word_1_98' title='bbox 1712 1680 1938 1734; x_wconf 81' lang='lat' dir='ltr'><strong>regnum</strong></span> <span class='ocrx_word' id='word_1_99' title='bbox 1969 1679 2080 1718; x_wconf 80' lang='lat' dir='ltr'><strong>cce-</strong></span> 
     </span>
    </p>
   </div>
   <div class='ocr_carea' id='block_1_18' title="bbox 492 1756 2075 1825">
    <p class='ocr_par' dir='ltr' id='par_1_18' title="bbox 492 1756 2075 1825">
     <span class='ocr_line' id='line_1_18' title="bbox 492 1756 2075 1825; baseline 0.001 -15"><span class='ocrx_word' id='word_1_100' title='bbox 492 1758 693 1822; x_wconf 90' lang='lat' dir='ltr'><strong>lorum,</strong></span> <span class='ocrx_word' id='word_1_101' title='bbox 722 1759 816 1811; x_wconf 85' lang='lat' dir='ltr'><strong>sed</strong></span> <span class='ocrx_word' id='word_1_102' title='bbox 864 1756 920 1809; x_wconf 88' lang='lat' dir='ltr'><strong>in</strong></span> <span class='ocrx_word' id='word_1_103' title='bbox 960 1757 1226 1825; x_wconf 88' lang='lat' dir='ltr'><strong>potentia,</strong></span> <span class='ocrx_word' id='word_1_104' title='bbox 1268 1758 1428 1810; x_wconf 91' lang='lat' dir='ltr'><strong>homo</strong></span> <span class='ocrx_word' id='word_1_105' title='bbox 1468 1756 1689 1825; x_wconf 86' lang='lat' dir='ltr'><strong>quidam</strong></span> <span class='ocrx_word' id='word_1_106' title='bbox 1735 1771 1801 1810; x_wconf 76' lang='lat' dir='ltr'><strong>ex</strong></span> <span class='ocrx_word' id='word_1_107' title='bbox 1845 1757 2075 1822; x_wconf 83' lang='lat' dir='ltr'><strong>sanctis,</strong></span> 
     </span>
    </p>
   </div>
   <div class='ocr_carea' id='block_1_19' title="bbox 491 1848 2075 1922">
    <p class='ocr_par' dir='ltr' id='par_1_19' title="bbox 491 1848 2075 1922">
     <span class='ocr_line' id='line_1_19' title="bbox 491 1848 2075 1922; baseline 0.001 -18"><span class='ocrx_word' id='word_1_108' title='bbox 491 1865 692 1922; x_wconf 73' lang='lat' dir='ltr'><strong>genere</strong></span> <span class='ocrx_word' id='word_1_109' title='bbox 739 1849 974 1919; x_wconf 84' lang='lat' dir='ltr'><strong>Cyprius</strong></span> <span class='ocrx_word' id='word_1_110' title='bbox 1023 1858 1078 1903; x_wconf 89' lang='lat' dir='ltr'><strong>et</strong></span> <span class='ocrx_word' id='word_1_111' title='bbox 1121 1849 1272 1904; x_wconf 91' lang='lat' dir='ltr'><strong>urbis</strong></span> <span class='ocrx_word' id='word_1_112' title='bbox 1330 1848 1715 1904; x_wconf 71' lang='lat' dir='ltr'><strong>Trimithoiltis</strong></span> <span class='ocrx_word' id='word_1_113' title='bbox 1764 1851 2075 1920; x_wconf 86' lang='lat' dir='ltr'><strong>episcopus,</strong></span> 
     </span>
    </p>
   </div>
   <div class='ocr_carea' id='block_1_20' title="bbox 2187 663 3762 734">
    <p class='ocr_par' dir='ltr' id='par_1_20' title="bbox 2187 663 3762 734">
     <span class='ocr_line' id='line_1_20' title="bbox 2187 663 3762 734; baseline 0 -20"><span class='ocrx_word' id='word_1_114' title='bbox 2187 665 2406 733; x_wconf 74' lang='grc' dir='ltr'><strong>λόσοφοι</strong></span> <span class='ocrx_word' id='word_1_115' title='bbox 2448 666 2541 717; x_wconf 74' lang='grc' dir='ltr'><strong>καὶ</strong></span> <span class='ocrx_word' id='word_1_116' title='bbox 2580 667 2810 734; x_wconf 79' lang='grc' dir='ltr'><strong>ῥήτορες</strong></span> <span class='ocrx_word' id='word_1_117' title='bbox 2857 666 2916 716; x_wconf 83' lang='grc' dir='ltr'><strong>ἐν</strong></span> <span class='ocrx_word' id='word_1_118' title='bbox 2942 667 3008 733; x_wconf 85' lang='grc' dir='ltr'><strong>τῇ</strong></span> <span class='ocrx_word' id='word_1_119' title='bbox 3043 663 3249 732; x_wconf 81' lang='grc' dir='ltr'><strong>συνόδῳ</strong></span> <span class='ocrx_word' id='word_1_120' title='bbox 3282 664 3543 732; x_wconf 82' lang='grc' dir='ltr'><strong>παρῆσαν</strong></span> <span class='ocrx_word' id='word_1_121' title='bbox 3574 663 3762 716; x_wconf 76' lang='grc' dir='ltr'><strong>διαλε-</strong></span> 
     </span>
    </p>
   </div>
   <div class='ocr_carea' id='block_1_21' title="bbox 2188 749 3763 827">
    <p class='ocr_par' dir='ltr' id='par_1_21' title="bbox 2188 749 3763 827">
     <span class='ocr_line' id='line_1_21' title="bbox 2188 749 3763 827; baseline -0.001 -17"><span class='ocrx_word' id='word_1_122' title='bbox 2188 759 2381 827; x_wconf 83' lang='grc' dir='ltr'><strong>κτικῆς</strong></span> <span class='ocrx_word' id='word_1_123' title='bbox 2415 758 2819 826; x_wconf 76' lang='grc' dir='ltr'><strong>ἐμπειρότατοι,</strong></span> <span class='ocrx_word' id='word_1_124' title='bbox 2851 759 2910 808; x_wconf 84' lang='grc' dir='ltr'><strong>ἐν</strong></span> <span class='ocrx_word' id='word_1_125' title='bbox 2937 749 3018 818; x_wconf 74' lang='grc' dir='ltr'><strong>οἷς</strong></span> <span class='ocrx_word' id='word_1_126' title='bbox 3039 755 3252 825; x_wconf 82' lang='grc' dir='ltr'><strong>ὑπῆρχέ</strong></span> <span class='ocrx_word' id='word_1_127' title='bbox 3276 756 3322 786; x_wconf 77' lang='grc'>³⁸</span> <span class='ocrx_word' id='word_1_128' title='bbox 3345 772 3427 817; x_wconf 83' lang='grc' dir='ltr'><strong>τις</strong></span> <span class='ocrx_word' id='word_1_129' title='bbox 3455 753 3658 826; x_wconf 80' lang='grc' dir='ltr'><strong>Ἕλλην</strong></span> <span class='ocrx_word' id='word_1_130' title='bbox 3687 757 3763 823; x_wconf 71' lang='grc'><strong>’⁷,</strong></span> 
     </span>
    </p>
   </div>
   <div class='ocr_carea' id='block_1_22' title="bbox 2187 847 3764 916">
    <p class='ocr_par' dir='ltr' id='par_1_22' title="bbox 2187 847 3764 916">
     <span class='ocr_line' id='line_1_22' title="bbox 2187 847 3764 916; baseline -0.001 -16"><span class='ocrx_word' id='word_1_131' title='bbox 2187 849 2281 900; x_wconf 78' lang='grc' dir='ltr'><strong>καὶ</strong></span> <span class='ocrx_word' id='word_1_132' title='bbox 2318 848 2482 912; x_wconf 77' lang='grc' dir='ltr'><strong>αὐτὸς</strong></span> <span class='ocrx_word' id='word_1_133' title='bbox 2506 849 2655 916; x_wconf 79' lang='grc' dir='ltr'><strong>παρὰ</strong></span> <span class='ocrx_word' id='word_1_134' title='bbox 2689 849 2910 901; x_wconf 82' lang='grc' dir='ltr'><strong>πάντων</strong></span> <span class='ocrx_word' id='word_1_135' title='bbox 2943 847 3362 916; x_wconf 79' lang='grc' dir='ltr'><strong>θαυμαζόμενος</strong></span> <span class='ocrx_word' id='word_1_136' title='bbox 3393 847 3458 911; x_wconf 79' lang='grc'><strong>’⁸,</strong></span> <span class='ocrx_word' id='word_1_137' title='bbox 3489 847 3633 900; x_wconf 81' lang='grc' dir='ltr'><strong>ὥστε</strong></span> <span class='ocrx_word' id='word_1_138' title='bbox 3665 865 3764 916; x_wconf 86' lang='grc' dir='ltr'><strong>με-</strong></span> 
     </span>
    </p>
   </div>
   <div class='ocr_carea' id='block_1_23' title="bbox 2185 936 3768 1010">
    <p class='ocr_par' dir='ltr' id='par_1_23' title="bbox 2185 936 3768 1010">
     <span class='ocr_line' id='line_1_23' title="bbox 2185 936 3768 1010; baseline -0.002 -19"><span class='ocrx_word' id='word_1_139' title='bbox 2185 940 2359 1008; x_wconf 86' lang='grc' dir='ltr'><strong>γάλην</strong></span> <span class='ocrx_word' id='word_1_140' title='bbox 2415 940 2676 1010; x_wconf 76' lang='grc' dir='ltr'><strong>ἀκρόασιν</strong></span> <span class='ocrx_word' id='word_1_141' title='bbox 2741 939 2806 991; x_wconf 85' lang='grc' dir='ltr'><strong>ὲκ</strong></span> <span class='ocrx_word' id='word_1_142' title='bbox 2861 937 2963 1007; x_wconf 84' lang='grc' dir='ltr'><strong>τῆς</strong></span> <span class='ocrx_word' id='word_1_143' title='bbox 3030 937 3310 1006; x_wconf 74' lang='grc' dir='ltr'><strong>συμϐολῆς</strong></span> <span class='ocrx_word' id='word_1_144' title='bbox 3368 937 3414 966; x_wconf 72' lang='grc'><strong>⁸³</strong></span> <span class='ocrx_word' id='word_1_145' title='bbox 3467 936 3768 1004; x_wconf 83' lang='grc' dir='ltr'><strong>γενέσθαι,</strong></span> 
     </span>
    </p>
   </div>
   <div class='ocr_carea' id='block_1_24' title="bbox 2185 1021 3767 1098">
    <p class='ocr_par' dir='ltr' id='par_1_24' title="bbox 2185 1021 3767 1098">
     <span class='ocr_line' id='line_1_24' title="bbox 2185 1021 3767 1098; baseline -0.001 -19"><span class='ocrx_word' id='word_1_146' title='bbox 2185 1028 2422 1098; x_wconf 83' lang='grc' dir='ltr'><strong>πλήθους</strong></span> <span class='ocrx_word' id='word_1_147' title='bbox 2463 1029 2944 1097; x_wconf 83' lang='grc' dir='ltr'><strong>ὲπισυντρέχοντος</strong></span> <span class='ocrx_word' id='word_1_148' title='bbox 2975 1028 3040 1081; x_wconf 75' lang='grc'><strong>³⁸.</strong></span> <span class='ocrx_word' id='word_1_149' title='bbox 3076 1027 3214 1080; x_wconf 85' lang='grc' dir='ltr'><strong>Οὐδὲ</strong></span> <span class='ocrx_word' id='word_1_150' title='bbox 3257 1027 3360 1095; x_wconf 82' lang='grc' dir='ltr'><strong>γάρ</strong></span> <span class='ocrx_word' id='word_1_151' title='bbox 3392 1021 3499 1080; x_wconf 76' lang='grc' dir='ltr'><strong>οἷοί</strong></span> <span class='ocrx_word' id='word_1_152' title='bbox 3529 1043 3588 1080; x_wconf 88' lang='grc' dir='ltr'><strong>τε</strong></span> <span class='ocrx_word' id='word_1_153' title='bbox 3614 1022 3767 1096; x_wconf 82' lang='grc' dir='ltr'><strong>ἦσαν</strong></span> 
     </span>
    </p>
   </div>
   <div class='ocr_carea' id='block_1_25' title="bbox 2183 1117 3775 1189">
    <p class='ocr_par' dir='ltr' id='par_1_25' title="bbox 2183 1117 3775 1189">
     <span class='ocr_line' id='line_1_25' title="bbox 2183 1117 3775 1189; baseline 0.001 -20"><span class='ocrx_word' id='word_1_154' title='bbox 2183 1119 2232 1169; x_wconf 84' lang='lat' dir='ltr'><strong>oi.</strong></span> <span class='ocrx_word' id='word_1_155' title='bbox 2260 1117 2555 1170; x_wconf 77' lang='grc' dir='ltr'><strong>ἐπίσκοποι</strong></span> <span class='ocrx_word' id='word_1_156' title='bbox 2581 1117 2674 1170; x_wconf 77' lang='grc' dir='ltr'><strong>τὸν</strong></span> <span class='ocrx_word' id='word_1_157' title='bbox 2705 1117 2999 1186; x_wconf 81' lang='grc' dir='ltr'><strong>φιλόσοφόν</strong></span> <span class='ocrx_word' id='word_1_158' title='bbox 3025 1133 3084 1168; x_wconf 92' lang='grc' dir='ltr'><strong>τε</strong></span> <span class='ocrx_word' id='word_1_159' title='bbox 3121 1117 3214 1169; x_wconf 75' lang='grc' dir='ltr'><strong>καὶ</strong></span> <span class='ocrx_word' id='word_1_160' title='bbox 3256 1117 3468 1187; x_wconf 78' lang='grc' dir='ltr'><strong>ῥήτορα</strong></span> <span class='ocrx_word' id='word_1_161' title='bbox 3512 1117 3775 1189; x_wconf 82' lang='grc' dir='ltr'><strong>περιτρέ-</strong></span> 
     </span>
    </p>
   </div>
   <div class='ocr_carea' id='block_1_26' title="bbox 2182 1209 3771 1280">
    <p class='ocr_par' dir='ltr' id='par_1_26' title="bbox 2182 1209 3771 1280">
     <span class='ocr_line' id='line_1_26' title="bbox 2182 1209 3771 1280; baseline 0 -18"><span class='ocrx_word' id='word_1_162' title='bbox 2182 1209 2281 1278; x_wconf 86' lang='grc' dir='ltr'><strong>ψαι</strong></span> <span class='ocrx_word' id='word_1_163' title='bbox 2313 1211 2357 1242; x_wconf 78' lang='grc'><strong>³⁸</strong></span> <span class='ocrx_word' id='word_1_164' title='bbox 2389 1211 2528 1274; x_wconf 80' lang='grc' dir='ltr'><strong>τέως</strong></span> <span class='ocrx_word' id='word_1_165' title='bbox 2564 1210 2975 1280; x_wconf 85' lang='grc' dir='ltr'><strong>διαλεγόμενον,</strong></span> <span class='ocrx_word' id='word_1_166' title='bbox 3021 1209 3105 1262; x_wconf 81' lang='grc' dir='ltr'><strong>ὅτι</strong></span> <span class='ocrx_word' id='word_1_167' title='bbox 3139 1211 3276 1262; x_wconf 77' lang='grc' dir='ltr'><strong>πᾶσι</strong></span> <span class='ocrx_word' id='word_1_168' title='bbox 3323 1211 3437 1272; x_wconf 85' lang='grc' dir='ltr'><strong>τοῖς</strong></span> <span class='ocrx_word' id='word_1_169' title='bbox 3483 1209 3771 1279; x_wconf 71' lang='grc' dir='ltr'><strong>ἐπαγομέ-</strong></span> 
     </span>
    </p>
   </div>
   <div class='ocr_carea' id='block_1_27' title="bbox 2181 1300 3770 1374">
    <p class='ocr_par' dir='ltr' id='par_1_27' title="bbox 2181 1300 3770 1374">
     <span class='ocr_line' id='line_1_27' title="bbox 2181 1300 3770 1374; baseline 0 -19"><span class='ocrx_word' id='word_1_170' title='bbox 2181 1320 2295 1365; x_wconf 86' lang='grc' dir='ltr'>νοις</span> <span class='ocrx_word' id='word_1_171' title='bbox 2346 1305 2522 1374; x_wconf 81' lang='grc' dir='ltr'><strong>ρᾷστα</strong></span> <span class='ocrx_word' id='word_1_172' title='bbox 2570 1303 2945 1374; x_wconf 85' lang='grc' dir='ltr'><strong>προσεφέρετο</strong></span> <span class='ocrx_word' id='word_1_173' title='bbox 2993 1301 3235 1354; x_wconf 76' lang='grc' dir='ltr'><strong>ἐπιλύων</strong></span> <span class='ocrx_word' id='word_1_174' title='bbox 3269 1301 3492 1370; x_wconf 72' lang='grc' dir='ltr'><strong>εὐφυῶς</strong></span> <span class='ocrx_word' id='word_1_175' title='bbox 3516 1300 3586 1354; x_wconf 83' lang='grc' dir='ltr'><strong>τὰ</strong></span> <span class='ocrx_word' id='word_1_176' title='bbox 3627 1318 3770 1370; x_wconf 86' lang='grc' dir='ltr'><strong>προ-</strong></span> 
     </span>
    </p>
   </div>
   <div class='ocr_carea' id='block_1_28' title="bbox 2179 1393 3772 1466">
    <p class='ocr_par' dir='ltr' id='par_1_28' title="bbox 2179 1393 3772 1466">
     <span class='ocr_line' id='line_1_28' title="bbox 2179 1393 3772 1466; baseline 0.003 -18"><span class='ocrx_word' id='word_1_177' title='bbox 2179 1395 2467 1464; x_wconf 88' lang='grc' dir='ltr'><strong>τεινόμενα</strong></span> <span class='ocrx_word' id='word_1_178' title='bbox 2492 1393 2588 1447; x_wconf 82' lang='grc' dir='ltr'><strong>καὶ</strong></span> <span class='ocrx_word' id='word_1_179' title='bbox 2619 1394 2776 1464; x_wconf 73' lang='grc' dir='ltr'><strong>δίκην</strong></span> <span class='ocrx_word' id='word_1_180' title='bbox 2805 1395 3066 1464; x_wconf 74' lang='grc' dir='ltr'><strong>ἐγχέλυος</strong></span> <span class='ocrx_word' id='word_1_181' title='bbox 3105 1396 3485 1466; x_wconf 73' lang='grc' dir='ltr'><strong>ἀκατάσχετος</strong></span> <span class='ocrx_word' id='word_1_182' title='bbox 3515 1398 3772 1466; x_wconf 83' lang='grc' dir='ltr'><strong>εὑρισκό-</strong></span> 
     </span>
    </p>
   </div>
   <div class='ocr_carea' id='block_1_29' title="bbox 2186 1483 3766 1559">
    <p class='ocr_par' dir='ltr' id='par_1_29' title="bbox 2186 1483 3766 1559">
     <span class='ocr_line' id='line_1_29' title="bbox 2186 1483 3766 1559; baseline 0.004 -23"><span class='ocrx_word' id='word_1_183' title='bbox 2186 1501 2346 1554; x_wconf 80' lang='grc' dir='ltr'><strong>μενος</strong></span> <span class='ocrx_word' id='word_1_184' title='bbox 2380 1484 2498 1552; x_wconf 76' lang='grc' dir='ltr'><strong>(καὶ</strong></span> <span class='ocrx_word' id='word_1_185' title='bbox 2529 1485 2722 1557; x_wconf 73' lang='grc' dir='ltr'><strong>μηδενὶ</strong></span> <span class='ocrx_word' id='word_1_186' title='bbox 2774 1485 2918 1556; x_wconf 86' lang='grc' dir='ltr'><strong>λόγῳ</strong></span> <span class='ocrx_word' id='word_1_187' title='bbox 2959 1489 3394 1557; x_wconf 75' lang='grc' dir='ltr'><strong>κρατούμενος)·</strong></span> <span class='ocrx_word' id='word_1_188' title='bbox 3430 1491 3488 1541; x_wconf 83' lang='grc' dir='ltr'><strong>έν</strong></span> <span class='ocrx_word' id='word_1_189' title='bbox 3536 1483 3618 1553; x_wconf 73' lang='grc' dir='ltr'><strong>οἷς</strong></span> <span class='ocrx_word' id='word_1_190' title='bbox 3653 1491 3766 1559; x_wconf 83' lang='grc' dir='ltr'><strong>γάρ</strong></span> 
     </span>
    </p>
   </div>
   <div class='ocr_carea' id='block_1_30' title="bbox 2182 1577 3762 1653">
    <p class='ocr_par' dir='ltr' id='par_1_30' title="bbox 2182 1577 3762 1653">
     <span class='ocr_line' id='line_1_30' title="bbox 2182 1577 3762 1653; baseline 0.004 -24"><span class='ocrx_word' id='word_1_191' title='bbox 2182 1577 2358 1631; x_wconf 67' lang='grc' dir='ltr'><strong>ιδόκει</strong></span> <span class='ocrx_word' id='word_1_192' title='bbox 2391 1579 2735 1648; x_wconf 84' lang='grc' dir='ltr'><strong>συνέχεσθαι,</strong></span> <span class='ocrx_word' id='word_1_193' title='bbox 2763 1579 3140 1634; x_wconf 88' lang='grc' dir='ltr'><strong>διολισθαίνων</strong></span> <span class='ocrx_word' id='word_1_194' title='bbox 3166 1581 3328 1652; x_wconf 57' lang='grc'><strong>407</strong></span> <span class='ocrx_word' id='word_1_195' title='bbox 3361 1583 3762 1653; x_wconf 75' lang='grc' dir='ltr'><strong>ἐπικρατέστε-</strong></span> 
     </span>
    </p>
   </div>
   <div class='ocr_carea' id='block_1_31' title="bbox 2184 1669 3763 1745">
    <p class='ocr_par' dir='ltr' id='par_1_31' title="bbox 2184 1669 3763 1745">
     <span class='ocr_line' id='line_1_31' title="bbox 2184 1669 3763 1745; baseline 0.003 -24"><span class='ocrx_word' id='word_1_196' title='bbox 2184 1686 2278 1738; x_wconf 83' lang='grc' dir='ltr'><strong>ρος</strong></span> <span class='ocrx_word' id='word_1_197' title='bbox 2303 1669 2348 1700; x_wconf 82' lang='grc'>³³</span> <span class='ocrx_word' id='word_1_198' title='bbox 2378 1670 2702 1738; x_wconf 71' lang='grc' dir='ltr'><strong>ἀνεφαίνετο</strong></span> <span class='ocrx_word' id='word_1_199' title='bbox 2741 1674 2808 1742; x_wconf 81' lang='grc' dir='ltr'><strong>τῇ</strong></span> <span class='ocrx_word' id='word_1_200' title='bbox 2859 1672 2968 1725; x_wconf 84' lang='grc' dir='ltr'><strong>τῶν</strong></span> <span class='ocrx_word' id='word_1_201' title='bbox 3015 1674 3308 1744; x_wconf 76' lang='grc' dir='ltr'><strong>νοημάτων</strong></span> <span class='ocrx_word' id='word_1_202' title='bbox 3353 1674 3618 1745; x_wconf 81' lang='grc' dir='ltr'><strong>δεινότητι</strong></span> <span class='ocrx_word' id='word_1_203' title='bbox 3660 1675 3763 1728; x_wconf 78' lang='grc' dir='ltr'><strong>καὶ</strong></span> 
     </span>
    </p>
   </div>
   <div class='ocr_carea' id='block_1_32' title="bbox 2184 1761 3764 1837">
    <p class='ocr_par' dir='ltr' id='par_1_32' title="bbox 2184 1761 3764 1837">
     <span class='ocr_line' id='line_1_32' title="bbox 2184 1761 3764 1837; baseline 0.004 -23"><span class='ocrx_word' id='word_1_204' title='bbox 2184 1761 2447 1830; x_wconf 78' lang='grc' dir='ltr'><strong>ῥημάτων</strong></span> <span class='ocrx_word' id='word_1_205' title='bbox 2491 1762 2796 1833; x_wconf 77' lang='grc' dir='ltr'><strong>εὑγλωττίᾳ</strong></span> <span class='ocrx_word' id='word_1_206' title='bbox 2833 1780 2895 1816; x_wconf 87' lang='grc' dir='ltr'><strong>τε</strong></span> <span class='ocrx_word' id='word_1_207' title='bbox 2924 1764 3023 1818; x_wconf 76' lang='grc' dir='ltr'><strong>καὶ</strong></span> <span class='ocrx_word' id='word_1_208' title='bbox 3081 1764 3384 1837; x_wconf 78' lang='grc' dir='ltr'><strong>στωμυλίᾳ.</strong></span> <span class='ocrx_word' id='word_1_209' title='bbox 3420 1766 3466 1798; x_wconf 85' lang='grc'><strong>³³</strong></span> <span class='ocrx_word' id='word_1_210' title='bbox 3490 1766 3628 1820; x_wconf 83' lang='grc' dir='ltr'><strong>Ἀλλ’</strong></span> <span class='ocrx_word' id='word_1_211' title='bbox 3672 1767 3764 1821; x_wconf 81' lang='grc' dir='ltr'><strong>ἵνα</strong></span> 
     </span>
    </p>
   </div>
   <div class='ocr_carea' id='block_1_33' title="bbox 2180 1854 3765 1928">
    <p class='ocr_par' dir='ltr' id='par_1_33' title="bbox 2180 1854 3765 1928">
     <span class='ocr_line' id='line_1_33' title="bbox 2180 1854 3765 1928; baseline 0.002 -20"><span class='ocrx_word' id='word_1_212' title='bbox 2180 1855 2329 1926; x_wconf 79' lang='grc' dir='ltr'><strong>δείξῃ</strong></span> <span class='ocrx_word' id='word_1_213' title='bbox 2366 1857 2394 1906; x_wconf 85' lang='grc' dir='ltr'>ὁ</span> <span class='ocrx_word' id='word_1_214' title='bbox 2433 1854 2588 1919; x_wconf 84' lang='grc' dir='ltr'><strong>Θεὸς,</strong></span> <span class='ocrx_word' id='word_1_215' title='bbox 2615 1856 2698 1909; x_wconf 84' lang='grc' dir='ltr'><strong>ὅτι</strong></span> <span class='ocrx_word' id='word_1_216' title='bbox 2728 1855 2830 1908; x_wconf 79' lang='grc' dir='ltr'><strong>οὐκ</strong></span> <span class='ocrx_word' id='word_1_217' title='bbox 2865 1856 2922 1908; x_wconf 83' lang='grc' dir='ltr'><strong>ἐν</strong></span> <span class='ocrx_word' id='word_1_218' title='bbox 2949 1857 3131 1925; x_wconf 80' lang='grc' dir='ltr'><strong>λόγοις</strong></span> <span class='ocrx_word' id='word_1_219' title='bbox 3159 1858 3205 1890; x_wconf 67' lang='grc'>³⁵</span> <span class='ocrx_word' id='word_1_220' title='bbox 3238 1859 3270 1927; x_wconf 76' lang='grc' dir='ltr'><strong>ἠ</strong></span> <span class='ocrx_word' id='word_1_221' title='bbox 3309 1857 3560 1928; x_wconf 86' lang='grc' dir='ltr'><strong>βασιλεία</strong></span> <span class='ocrx_word' id='word_1_222' title='bbox 3581 1859 3626 1891; x_wconf 86' lang='grc'><strong>³⁵</strong></span> <span class='ocrx_word' id='word_1_223' title='bbox 3652 1859 3765 1914; x_wconf 84' lang='grc' dir='ltr'><strong>τῶν</strong></span> 
     </span>
    </p>
   </div>
   <div class='ocr_carea' id='block_1_34' title="bbox 495 1931 2069 2018">
    <p class='ocr_par' dir='ltr' id='par_1_34' title="bbox 495 1939 2069 2011">
     <span class='ocr_line' id='line_1_34' title="bbox 495 1939 2069 2011; baseline -0.001 -15"><span class='ocrx_word' id='word_1_224' title='bbox 495 1943 717 1997; x_wconf 85' lang='lat' dir='ltr'><strong>nomine</strong></span> <span class='ocrx_word' id='word_1_225' title='bbox 764 1939 1079 2011; x_wconf 86' lang='lat' dir='ltr'><strong>Spyridion,</strong></span> <span class='ocrx_word' id='word_1_226' title='bbox 1119 1949 1313 1994; x_wconf 86' lang='lat' dir='ltr'><strong>natura</strong></span> <span class='ocrx_word' id='word_1_227' title='bbox 1359 1939 1822 2008; x_wconf 79' lang='lat' dir='ltr'><strong>simplicissimus,</strong></span> <span class='ocrx_word' id='word_1_228' title='bbox 1861 1949 1915 1995; x_wconf 90' lang='lat' dir='ltr'><strong>et</strong></span> <span class='ocrx_word' id='word_1_229' title='bbox 1956 1956 2069 1996; x_wconf 87' lang='lat' dir='ltr'><strong>ser-</strong></span> 
     </span>
    </p>
   </div>
   <div class='ocr_carea' id='block_1_35' title="bbox 2174 1931 3768 2018">
    <p class='ocr_par' dir='ltr' id='par_1_35' title="bbox 2177 1945 3768 2018">
     <span class='ocr_line' id='line_1_35' title="bbox 2177 1945 3768 2018; baseline 0.003 -20"><span class='ocrx_word' id='word_1_230' title='bbox 2177 1945 2443 2016; x_wconf 76' lang='grc' dir='ltr'><strong>οὐρανῶν,</strong></span> <span class='ocrx_word' id='word_1_231' title='bbox 2495 1946 2612 1998; x_wconf 81' lang='grc' dir='ltr'><strong>ἀλλ’</strong></span> <span class='ocrx_word' id='word_1_232' title='bbox 2661 1947 2718 1999; x_wconf 78' lang='grc' dir='ltr'><strong>ἐν</strong></span> <span class='ocrx_word' id='word_1_233' title='bbox 2773 1945 3026 2016; x_wconf 82' lang='grc' dir='ltr'><strong>δυνάμει,</strong></span> <span class='ocrx_word' id='word_1_234' title='bbox 3061 1949 3349 2018; x_wconf 76' lang='grc' dir='ltr'><strong>ἄνθρωπός</strong></span> <span class='ocrx_word' id='word_1_235' title='bbox 3402 1966 3488 2012; x_wconf 89' lang='grc' dir='ltr'><strong>τις</strong></span> <span class='ocrx_word' id='word_1_236' title='bbox 3539 1952 3603 2004; x_wconf 76' lang='grc' dir='ltr'><strong>ἐκ</strong></span> <span class='ocrx_word' id='word_1_237' title='bbox 3655 1949 3768 2003; x_wconf 83' lang='grc' dir='ltr'><strong>τῶν</strong></span> 
     </span>
    </p>
   </div>
   <div class='ocr_carea' id='block_1_36' title="bbox 494 2032 2074 2102">
    <p class='ocr_par' dir='ltr' id='par_1_36' title="bbox 494 2032 2074 2102">
     <span class='ocr_line' id='line_1_36' title="bbox 494 2032 2074 2102; baseline -0.002 -13"><span class='ocrx_word' id='word_1_238' title='bbox 494 2049 657 2089; x_wconf 88' lang='lat' dir='ltr'><strong>mone</strong></span> <span class='ocrx_word' id='word_1_239' title='bbox 689 2035 846 2088; x_wconf 82' lang='lat' dir='ltr'><strong>valde</strong></span> <span class='ocrx_word' id='word_1_240' title='bbox 893 2033 1066 2096; x_wconf 87' lang='lat' dir='ltr'><strong>rudis,</strong></span> <span class='ocrx_word' id='word_1_241' title='bbox 1110 2032 1422 2102; x_wconf 85' lang='lat' dir='ltr'><strong>disputandi</strong></span> <span class='ocrx_word' id='word_1_242' title='bbox 1458 2047 1582 2085; x_wconf 80' lang='lat' dir='ltr'><strong>cum</strong></span> <span class='ocrx_word' id='word_1_243' title='bbox 1614 2032 1941 2101; x_wconf 90' lang='lat' dir='ltr'><strong>philosopho</strong></span> <span class='ocrx_word' id='word_1_244' title='bbox 1972 2033 2074 2087; x_wconf 91' lang='lat' dir='ltr'><strong>sibi</strong></span> 
     </span>
    </p>
   </div>
   <div class='ocr_carea' id='block_1_37' title="bbox 493 2126 2075 2195">
    <p class='ocr_par' dir='ltr' id='par_1_37' title="bbox 493 2126 2075 2195">
     <span class='ocr_line' id='line_1_37' title="bbox 493 2126 2075 2195; baseline -0.001 -15"><span class='ocrx_word' id='word_1_245' title='bbox 493 2127 708 2180; x_wconf 78' lang='lat' dir='ltr'><strong>veniam</strong></span> <span class='ocrx_word' id='word_1_246' title='bbox 731 2128 846 2181; x_wconf 88' lang='lat' dir='ltr'><strong>dari</strong></span> <span class='ocrx_word' id='word_1_247' title='bbox 872 2126 1142 2195; x_wconf 66' lang='lat' dir='ltr'><strong>qumsivit.</strong></span> <span class='ocrx_word' id='word_1_248' title='bbox 1178 2126 1369 2180; x_wconf 87' lang='lat' dir='ltr'><strong>Patres</strong></span> <span class='ocrx_word' id='word_1_249' title='bbox 1398 2135 1578 2180; x_wconf 91' lang='lat' dir='ltr'><strong>autem</strong></span> <span class='ocrx_word' id='word_1_250' title='bbox 1615 2127 1777 2194; x_wconf 85' lang='lat' dir='ltr'><strong>hujus</strong></span> <span class='ocrx_word' id='word_1_251' title='bbox 1809 2128 1910 2179; x_wconf 80' lang='lat' dir='ltr'><strong>viri</strong></span> <span class='ocrx_word' id='word_1_252' title='bbox 1941 2127 2075 2180; x_wconf 85' lang='lat' dir='ltr'><strong>sim-</strong></span> 
     </span>
    </p>
   </div>
   <div class='ocr_carea' id='block_1_38' title="bbox 491 2217 2074 2290">
    <p class='ocr_par' dir='ltr' id='par_1_38' title="bbox 491 2217 2074 2290">
     <span class='ocr_line' id='line_1_38' title="bbox 491 2217 2074 2290; baseline 0.001 -20"><span class='ocrx_word' id='word_1_253' title='bbox 491 2221 786 2290; x_wconf 83' lang='lat' dir='ltr'><strong>plicitatem</strong></span> <span class='ocrx_word' id='word_1_254' title='bbox 802 2234 865 2273; x_wconf 87' lang='lat' dir='ltr'><strong>ac</strong></span> <span class='ocrx_word' id='word_1_255' title='bbox 885 2218 1247 2273; x_wconf 88' lang='lat' dir='ltr'><strong>rusticitatem</strong></span> <span class='ocrx_word' id='word_1_256' title='bbox 1265 2218 1744 2282; x_wconf 87' lang='lat' dir='ltr'><strong>notamhabentes,</strong></span> <span class='ocrx_word' id='word_1_257' title='bbox 1771 2217 1919 2270; x_wconf 91' lang='lat' dir='ltr'><strong>illum</strong></span> <span class='ocrx_word' id='word_1_258' title='bbox 1942 2218 2074 2273; x_wconf 88' lang='lat' dir='ltr'><strong>reti-</strong></span> 
     </span>
    </p>
   </div>
   <div class='ocr_carea' id='block_1_39' title="bbox 490 2308 2074 2380">
    <p class='ocr_par' dir='ltr' id='par_1_39' title="bbox 490 2308 2074 2380">
     <span class='ocr_line' id='line_1_39' title="bbox 490 2308 2074 2380; baseline 0.001 -16"><span class='ocrx_word' id='word_1_259' title='bbox 490 2311 710 2374; x_wconf 88' lang='lat' dir='ltr'><strong>nebant,</strong></span> <span class='ocrx_word' id='word_1_260' title='bbox 746 2327 814 2364; x_wconf 88' lang='lat' dir='ltr'><strong>ne</strong></span> <span class='ocrx_word' id='word_1_261' title='bbox 843 2312 986 2379; x_wconf 87' lang='lat' dir='ltr'><strong>apud</strong></span> <span class='ocrx_word' id='word_1_262' title='bbox 1017 2324 1305 2380; x_wconf 82' lang='lat' dir='ltr'><strong>perversos</strong></span> <span class='ocrx_word' id='word_1_263' title='bbox 1340 2308 1548 2364; x_wconf 87' lang='lat' dir='ltr'><strong>derisui</strong></span> <span class='ocrx_word' id='word_1_264' title='bbox 1583 2319 1784 2364; x_wconf 86' lang='lat' dir='ltr'><strong>essent.</strong></span> <span class='ocrx_word' id='word_1_265' title='bbox 1822 2310 1916 2364; x_wconf 90' lang='lat' dir='ltr'><strong>Ille</strong></span> <span class='ocrx_word' id='word_1_266' title='bbox 1947 2325 2074 2366; x_wconf 85' lang='lat' dir='ltr'><strong>vero</strong></span> 
     </span>
    </p>
   </div>
   <div class='ocr_carea' id='block_1_40' title="bbox 489 2402 2073 2472">
    <p class='ocr_par' dir='ltr' id='par_1_40' title="bbox 489 2402 2073 2472">
     <span class='ocr_line' id='line_1_40' title="bbox 489 2402 2073 2472; baseline 0.001 -15"><span class='ocrx_word' id='word_1_267' title='bbox 489 2420 596 2458; x_wconf 91' lang='lat' dir='ltr'><strong>non</strong></span> <span class='ocrx_word' id='word_1_268' title='bbox 643 2413 932 2458; x_wconf 87' lang='lat' dir='ltr'><strong>contentus</strong></span> <span class='ocrx_word' id='word_1_269' title='bbox 983 2403 1261 2458; x_wconf 86' lang='lat' dir='ltr'><strong>hominem</strong></span> <span class='ocrx_word' id='word_1_270' title='bbox 1304 2402 1607 2472; x_wconf 90' lang='lat' dir='ltr'><strong>alloquitur</strong></span> <span class='ocrx_word' id='word_1_271' title='bbox 1648 2413 1701 2455; x_wconf 88' lang='lat' dir='ltr'><strong>et</strong></span> <span class='ocrx_word' id='word_1_272' title='bbox 1742 2402 1917 2458; x_wconf 88' lang='lat' dir='ltr'><strong>dicit:</strong></span> <span class='ocrx_word' id='word_1_273' title='bbox 1959 2422 1976 2454; x_wconf 76' lang='grc' dir='ltr'>ι</span> <span class='ocrx_word' id='word_1_274' title='bbox 2016 2403 2073 2458; x_wconf 90' lang='lat' dir='ltr'><strong>In</strong></span> 
     </span>
    </p>
   </div>
   <div class='ocr_carea' id='block_1_41' title="bbox 488 2493 2072 2562">
    <p class='ocr_par' dir='ltr' id='par_1_41' title="bbox 488 2493 2072 2562">
     <span class='ocr_line' id='line_1_41' title="bbox 488 2493 2072 2562; baseline 0.002 -15"><span class='ocrx_word' id='word_1_275' title='bbox 488 2495 706 2549; x_wconf 88' lang='lat' dir='ltr'><strong>nomine</strong></span> <span class='ocrx_word' id='word_1_276' title='bbox 747 2493 873 2548; x_wconf 83' lang='lat' dir='ltr'><strong>Jesu</strong></span> <span class='ocrx_word' id='word_1_277' title='bbox 918 2494 1156 2557; x_wconf 76' lang='lat' dir='ltr'><strong>Christi,</strong></span> <span class='ocrx_word' id='word_1_278' title='bbox 1209 2493 1374 2556; x_wconf 85' lang='lat' dir='ltr'><strong>audi,</strong></span> <span class='ocrx_word' id='word_1_279' title='bbox 1422 2493 1782 2562; x_wconf 89' lang='lat' dir='ltr'><strong>philosophe,</strong></span> <span class='ocrx_word' id='word_1_280' title='bbox 1830 2495 2072 2550; x_wconf 86' lang='lat' dir='ltr'><strong>veritatis</strong></span> 
     </span>
    </p>
   </div>
   <div class='ocr_carea' id='block_1_42' title="bbox 486 2585 2070 2657">
    <p class='ocr_par' dir='ltr' id='par_1_42' title="bbox 486 2585 2070 2657">
     <span class='ocr_line' id='line_1_42' title="bbox 486 2585 2070 2657; baseline 0.003 -17"><span class='ocrx_word' id='word_1_281' title='bbox 486 2590 790 2657; x_wconf 65' lang='lat' dir='ltr'><strong>dogmata.)</strong></span> <span class='ocrx_word' id='word_1_282' title='bbox 826 2586 922 2640; x_wconf 86' lang='lat' dir='ltr'><strong>llic</strong></span> <span class='ocrx_word' id='word_1_283' title='bbox 953 2595 1133 2640; x_wconf 90' lang='lat' dir='ltr'><strong>autem</strong></span> <span class='ocrx_word' id='word_1_284' title='bbox 1160 2587 1226 2639; x_wconf 92' lang='lat' dir='ltr'><strong>ad</strong></span> <span class='ocrx_word' id='word_1_285' title='bbox 1247 2601 1370 2640; x_wconf 92' lang='lat' dir='ltr'><strong>eum</strong></span> <span class='ocrx_word' id='word_1_286' title='bbox 1411 2601 1426 2639; x_wconf 85' lang='lat'><strong>:</strong></span> <span class='ocrx_word' id='word_1_287' title='bbox 1464 2603 1482 2637; x_wconf 84' lang='grc' dir='ltr'>ι</span> <span class='ocrx_word' id='word_1_288' title='bbox 1511 2585 1792 2654; x_wconf 86' lang='lat' dir='ltr'><strong>Quidquid</strong></span> <span class='ocrx_word' id='word_1_289' title='bbox 1820 2587 2070 2644; x_wconf 91' lang='lat' dir='ltr'><strong>dicturus</strong></span> 
     </span>
    </p>
   </div>
   <div class='ocr_carea' id='block_1_43' title="bbox 489 2676 2070 2747">
    <p class='ocr_par' dir='ltr' id='par_1_43' title="bbox 489 2676 2070 2747">
     <span class='ocr_line' id='line_1_43' title="bbox 489 2676 2070 2747; baseline -0.001 -14"><span class='ocrx_word' id='word_1_290' title='bbox 489 2695 572 2744; x_wconf 88' lang='lat' dir='ltr'><strong>es,</strong></span> <span class='ocrx_word' id='word_1_291' title='bbox 621 2679 822 2747; x_wconf 89' lang='lat' dir='ltr'><strong>inquit,</strong></span> <span class='ocrx_word' id='word_1_292' title='bbox 857 2678 1042 2733; x_wconf 89' lang='lat' dir='ltr'><strong>audio.</strong></span> <span class='ocrx_word' id='word_1_293' title='bbox 1097 2695 1116 2728; x_wconf 72' lang='grc' dir='ltr'>ι</span> <span class='ocrx_word' id='word_1_294' title='bbox 1173 2676 1242 2732; x_wconf 85' lang='grc' dir='ltr'><strong>Ει</strong></span> <span class='ocrx_word' id='word_1_295' title='bbox 1290 2677 1382 2731; x_wconf 90' lang='lat' dir='ltr'><strong>ille</strong></span> <span class='ocrx_word' id='word_1_296' title='bbox 1415 2679 1493 2731; x_wconf 85' lang='lat' dir='ltr'><strong>ait</strong></span> <span class='ocrx_word' id='word_1_297' title='bbox 1542 2692 1559 2731; x_wconf 90' lang='lat'><strong>:</strong></span> <span class='ocrx_word' id='word_1_298' title='bbox 1610 2696 1628 2728; x_wconf 80' lang='grc' dir='ltr'>ι</span> <span class='ocrx_word' id='word_1_299' title='bbox 1680 2677 1856 2732; x_wconf 83' lang='lat' dir='ltr'><strong>Nosce</strong></span> <span class='ocrx_word' id='word_1_300' title='bbox 1900 2679 2070 2734; x_wconf 87' lang='lat' dir='ltr'><strong>Deum</strong></span> 
     </span>
    </p>
   </div>
   <div class='ocr_carea' id='block_1_44' title="bbox 490 2769 2074 2839">
    <p class='ocr_par' dir='ltr' id='par_1_44' title="bbox 490 2769 2074 2839">
     <span class='ocr_line' id='line_1_44' title="bbox 490 2769 2074 2839; baseline -0.001 -14"><span class='ocrx_word' id='word_1_301' title='bbox 490 2785 659 2825; x_wconf 89' lang='lat' dir='ltr'><strong>unum</strong></span> <span class='ocrx_word' id='word_1_302' title='bbox 689 2785 811 2826; x_wconf 84' lang='lat' dir='ltr'><strong>esse</strong></span> <span class='ocrx_word' id='word_1_303' title='bbox 833 2771 926 2839; x_wconf 90' lang='lat' dir='ltr'><strong>qui</strong></span> <span class='ocrx_word' id='word_1_304' title='bbox 957 2770 1155 2824; x_wconf 84' lang='lat' dir='ltr'><strong>coelum</strong></span> <span class='ocrx_word' id='word_1_305' title='bbox 1185 2777 1241 2823; x_wconf 90' lang='lat' dir='ltr'><strong>et</strong></span> <span class='ocrx_word' id='word_1_306' title='bbox 1265 2776 1466 2823; x_wconf 86' lang='lat' dir='ltr'><strong>terram</strong></span> <span class='ocrx_word' id='word_1_307' title='bbox 1491 2769 1728 2834; x_wconf 89' lang='lat' dir='ltr'><strong>creavit;</strong></span> <span class='ocrx_word' id='word_1_308' title='bbox 1769 2769 2074 2824; x_wconf 85' lang='lat' dir='ltr'><strong>hominem-</strong></span> 
     </span>
    </p>
   </div>
   <div class='ocr_carea' id='block_1_45' title="bbox 486 2861 2070 2933">
    <p class='ocr_par' dir='ltr' id='par_1_45' title="bbox 486 2861 2070 2933">
     <span class='ocr_line' id='line_1_45' title="bbox 486 2861 2070 2933; baseline 0 -17"><span class='ocrx_word' id='word_1_309' title='bbox 486 2879 594 2933; x_wconf 92' lang='lat' dir='ltr'><strong>que</strong></span> <span class='ocrx_word' id='word_1_310' title='bbox 617 2863 684 2916; x_wconf 90' lang='lat' dir='ltr'><strong>de</strong></span> <span class='ocrx_word' id='word_1_311' title='bbox 719 2873 862 2916; x_wconf 91' lang='lat' dir='ltr'><strong>terra</strong></span> <span class='ocrx_word' id='word_1_312' title='bbox 891 2861 1196 2931; x_wconf 86' lang='lat' dir='ltr'><strong>plasmavit.</strong></span> <span class='ocrx_word' id='word_1_313' title='bbox 1233 2869 1287 2914; x_wconf 85' lang='lat' dir='ltr'><strong>et</strong></span> <span class='ocrx_word' id='word_1_314' title='bbox 1317 2861 1499 2915; x_wconf 88' lang='lat' dir='ltr'><strong>omnia</strong></span> <span class='ocrx_word' id='word_1_315' title='bbox 1531 2861 1763 2914; x_wconf 88' lang='lat' dir='ltr'><strong>visibilia</strong></span> <span class='ocrx_word' id='word_1_316' title='bbox 1792 2872 1954 2932; x_wconf 85' lang='lat' dir='ltr'><strong>atque</strong></span> <span class='ocrx_word' id='word_1_317' title='bbox 1989 2864 2070 2916; x_wconf 87' lang='lat' dir='ltr'><strong>itt-</strong></span> 
     </span>
    </p>
   </div>
   <div class='ocr_carea' id='block_1_46' title="bbox 486 2955 2072 3027">
    <p class='ocr_par' dir='ltr' id='par_1_46' title="bbox 486 2955 2072 3027">
     <span class='ocr_line' id='line_1_46' title="bbox 486 2955 2072 3027; baseline 0.001 -17"><span class='ocrx_word' id='word_1_318' title='bbox 486 2956 726 3012; x_wconf 86' lang='lat' dir='ltr'><strong>visihilta</strong></span> <span class='ocrx_word' id='word_1_319' title='bbox 744 2955 921 3010; x_wconf 87' lang='lat' dir='ltr'><strong>Verbo</strong></span> <span class='ocrx_word' id='word_1_320' title='bbox 945 2965 998 3010; x_wconf 87' lang='lat' dir='ltr'><strong>et</strong></span> <span class='ocrx_word' id='word_1_321' title='bbox 1025 2957 1233 3026; x_wconf 87' lang='lat' dir='ltr'><strong>Spiritu</strong></span> <span class='ocrx_word' id='word_1_322' title='bbox 1265 2970 1366 3010; x_wconf 90' lang='lat' dir='ltr'><strong>suo</strong></span> <span class='ocrx_word' id='word_1_323' title='bbox 1399 2956 1686 3024; x_wconf 89' lang='lat' dir='ltr'><strong>disposuit.</strong></span> <span class='ocrx_word' id='word_1_324' title='bbox 1719 2955 1874 3010; x_wconf 87' lang='lat' dir='ltr'><strong>lllmu</strong></span> <span class='ocrx_word' id='word_1_325' title='bbox 1905 2957 2072 3027; x_wconf 77' lang='lat' dir='ltr'><strong>igitur</strong></span> 
     </span>
    </p>
   </div>
   <div class='ocr_carea' id='block_1_47' title="bbox 489 3048 2071 3120">
    <p class='ocr_par' dir='ltr' id='par_1_47' title="bbox 489 3048 2071 3120">
     <span class='ocr_line' id='line_1_47' title="bbox 489 3048 2071 3120; baseline 0 -17"><span class='ocrx_word' id='word_1_326' title='bbox 489 3065 592 3106; x_wconf 91' lang='lat' dir='ltr'><strong>nos</strong></span> <span class='ocrx_word' id='word_1_327' title='bbox 622 3051 713 3104; x_wconf 89' lang='lat' dir='ltr'><strong>Dei</strong></span> <span class='ocrx_word' id='word_1_328' title='bbox 748 3048 945 3104; x_wconf 87' lang='lat' dir='ltr'><strong>Filium</strong></span> <span class='ocrx_word' id='word_1_329' title='bbox 986 3051 1228 3104; x_wconf 86' lang='lat' dir='ltr'><strong>scientes</strong></span> <span class='ocrx_word' id='word_1_330' title='bbox 1271 3049 1588 3112; x_wconf 89' lang='lat' dir='ltr'><strong>adoramus,</strong></span> <span class='ocrx_word' id='word_1_331' title='bbox 1623 3051 1904 3105; x_wconf 87' lang='lat' dir='ltr'><strong>credentes</strong></span> <span class='ocrx_word' id='word_1_332' title='bbox 1943 3067 2071 3120; x_wconf 87' lang='lat' dir='ltr'><strong>pro—</strong></span> 
     </span>
    </p>
   </div>
   <div class='ocr_carea' id='block_1_48' title="bbox 483 3142 2067 3213">
    <p class='ocr_par' dir='ltr' id='par_1_48' title="bbox 483 3142 2067 3213">
     <span class='ocr_line' id='line_1_48' title="bbox 483 3142 2067 3213; baseline -0.002 -15"><span class='ocrx_word' id='word_1_333' title='bbox 483 3153 602 3213; x_wconf 86' lang='lat' dir='ltr'><strong>pter</strong></span> <span class='ocrx_word' id='word_1_334' title='bbox 649 3154 894 3198; x_wconf 86' lang='lat' dir='ltr'><strong>nostram</strong></span> <span class='ocrx_word' id='word_1_335' title='bbox 953 3145 1188 3198; x_wconf 89' lang='lat' dir='ltr'><strong>salutem</strong></span> <span class='ocrx_word' id='word_1_336' title='bbox 1240 3142 1555 3197; x_wconf 87' lang='lat' dir='ltr'><strong>novissimis</strong></span> <span class='ocrx_word' id='word_1_337' title='bbox 1615 3145 1950 3212; x_wconf 85' lang='lat' dir='ltr'><strong>temporibus</strong></span> <span class='ocrx_word' id='word_1_338' title='bbox 2001 3159 2067 3196; x_wconf 81' lang='lat' dir='ltr'><strong>ex</strong></span> 
     </span>
    </p>
   </div>
   <div class='ocr_carea' id='block_1_49' title="bbox 2179 2036 3768 2108">
    <p class='ocr_par' dir='ltr' id='par_1_49' title="bbox 2179 2036 3768 2108">
     <span class='ocr_line' id='line_1_49' title="bbox 2179 2036 3768 2108; baseline -0.001 -18"><span class='ocrx_word' id='word_1_339' title='bbox 2179 2038 2349 2105; x_wconf 80' lang='grc' dir='ltr'><strong>ἁγίων</strong></span> <span class='ocrx_word' id='word_1_340' title='bbox 2381 2036 2653 2107; x_wconf 84' lang='grc' dir='ltr'><strong>(Κύπριος</strong></span> <span class='ocrx_word' id='word_1_341' title='bbox 2689 2036 2789 2104; x_wconf 83' lang='grc' dir='ltr'><strong>μὲν</strong></span> <span class='ocrx_word' id='word_1_342' title='bbox 2816 2037 2897 2106; x_wconf 85' lang='grc' dir='ltr'><strong>τῷ</strong></span> <span class='ocrx_word' id='word_1_343' title='bbox 2924 2038 3071 2104; x_wconf 82' lang='grc' dir='ltr'><strong>γένει</strong></span> <span class='ocrx_word' id='word_1_344' title='bbox 3129 2037 3222 2090; x_wconf 81' lang='grc' dir='ltr'><strong>καὶ</strong></span> <span class='ocrx_word' id='word_1_345' title='bbox 3257 2039 3357 2108; x_wconf 84' lang='grc' dir='ltr'><strong>τῆς</strong></span> <span class='ocrx_word' id='word_1_346' title='bbox 3388 2037 3600 2101; x_wconf 88' lang='grc' dir='ltr'><strong>πόλεως</strong></span> <span class='ocrx_word' id='word_1_347' title='bbox 3632 2038 3768 2107; x_wconf 81' lang='grc' dir='ltr'><strong>Τρι-</strong></span> 
     </span>
    </p>
   </div>
   <div class='ocr_carea' id='block_1_50' title="bbox 2182 2129 3766 2200">
    <p class='ocr_par' dir='ltr' id='par_1_50' title="bbox 2182 2129 3766 2200">
     <span class='ocr_line' id='line_1_50' title="bbox 2182 2129 3766 2200; baseline -0.001 -18"><span class='ocrx_word' id='word_1_348' title='bbox 2182 2130 2487 2200; x_wconf 80' lang='grc' dir='ltr'><strong>μιθούντων</strong></span> <span class='ocrx_word' id='word_1_349' title='bbox 2548 2131 2592 2161; x_wconf 85' lang='grc'><strong>³⁸</strong></span> <span class='ocrx_word' id='word_1_350' title='bbox 2646 2129 2986 2198; x_wconf 79' lang='grc' dir='ltr'><strong>ἐπίσκοπος)</strong></span> <span class='ocrx_word' id='word_1_351' title='bbox 3037 2129 3265 2198; x_wconf 82' lang='grc' dir='ltr'><strong>ὀνόματι</strong></span> <span class='ocrx_word' id='word_1_352' title='bbox 3320 2130 3628 2197; x_wconf 87' lang='grc' dir='ltr'><strong>Σπυριδίων</strong></span> <span class='ocrx_word' id='word_1_353' title='bbox 3688 2129 3766 2191; x_wconf 85' lang='grc'><strong>³⁷,</strong></span> 
     </span>
    </p>
   </div>
   <div class='ocr_carea' id='block_1_51' title="bbox 2176 2221 3764 2294">
    <p class='ocr_par' dir='ltr' id='par_1_51' title="bbox 2176 2221 3764 2294">
     <span class='ocr_line' id='line_1_51' title="bbox 2176 2221 3764 2294; baseline -0.003 -16"><span class='ocrx_word' id='word_1_354' title='bbox 2176 2222 2552 2286; x_wconf 77' lang='grc' dir='ltr'><strong>ἀπλούστατος</strong></span> <span class='ocrx_word' id='word_1_355' title='bbox 2601 2223 2646 2254; x_wconf 79' lang='grc'><strong>³³</strong></span> <span class='ocrx_word' id='word_1_356' title='bbox 2680 2223 2736 2276; x_wconf 82' lang='grc' dir='ltr'><strong>δὲ</strong></span> <span class='ocrx_word' id='word_1_357' title='bbox 2780 2223 2879 2292; x_wconf 84' lang='grc' dir='ltr'><strong>τὴν</strong></span> <span class='ocrx_word' id='word_1_358' title='bbox 2937 2221 3100 2290; x_wconf 79' lang='grc' dir='ltr'><strong>φύσιν</strong></span> <span class='ocrx_word' id='word_1_359' title='bbox 3151 2225 3248 2276; x_wconf 76' lang='grc' dir='ltr'><strong>καὶ</strong></span> <span class='ocrx_word' id='word_1_360' title='bbox 3285 2221 3505 2294; x_wconf 76' lang='grc' dir='ltr'><strong>ἰδιώτης</strong></span> <span class='ocrx_word' id='word_1_361' title='bbox 3546 2223 3638 2276; x_wconf 86' lang='grc' dir='ltr'><strong>τὸν</strong></span> <span class='ocrx_word' id='word_1_362' title='bbox 3671 2223 3764 2274; x_wconf 83' lang='grc' dir='ltr'><strong>λό-</strong></span> 
     </span>
    </p>
   </div>
   <div class='ocr_carea' id='block_1_52' title="bbox 2177 2313 3764 2386">
    <p class='ocr_par' dir='ltr' id='par_1_52' title="bbox 2177 2313 3764 2386">
     <span class='ocr_line' id='line_1_52' title="bbox 2177 2313 3764 2386; baseline -0.003 -18"><span class='ocrx_word' id='word_1_363' title='bbox 2177 2333 2274 2382; x_wconf 89' lang='grc' dir='ltr'><strong>γον</strong></span> <span class='ocrx_word' id='word_1_364' title='bbox 2331 2315 2375 2347; x_wconf 85' lang='grc'><strong>³⁹</strong></span> <span class='ocrx_word' id='word_1_365' title='bbox 2431 2315 2704 2386; x_wconf 77' lang='grc' dir='ltr'><strong>(σφόδρα),</strong></span> <span class='ocrx_word' id='word_1_366' title='bbox 2740 2317 2975 2369; x_wconf 69' lang='grc' dir='ltr'><strong>αἰτεῖται</strong></span> <span class='ocrx_word' id='word_1_367' title='bbox 3012 2313 3200 2385; x_wconf 87' lang='grc' dir='ltr'><strong>χώραν</strong></span> <span class='ocrx_word' id='word_1_368' title='bbox 3253 2317 3402 2386; x_wconf 86' lang='grc' dir='ltr'><strong>αὑτῷ</strong></span> <span class='ocrx_word' id='word_1_369' title='bbox 3465 2313 3764 2377; x_wconf 80' lang='grc' dir='ltr'><strong>διαλέξεως</strong></span> 
     </span>
    </p>
   </div>
   <div class='ocr_carea' id='block_1_53' title="bbox 2177 2405 3765 2476">
    <p class='ocr_par' dir='ltr' id='par_1_53' title="bbox 2177 2405 3765 2476">
     <span class='ocr_line' id='line_1_53' title="bbox 2177 2405 3765 2476; baseline -0.001 -17"><span class='ocrx_word' id='word_1_370' title='bbox 2177 2406 2493 2476; x_wconf 78' lang='grc' dir='ltr'><strong>ἐπιδοθῆναι</strong></span> <span class='ocrx_word' id='word_1_371' title='bbox 2535 2408 2580 2438; x_wconf 78' lang='grc'><strong>⁸⁸</strong></span> <span class='ocrx_word' id='word_1_372' title='bbox 2626 2409 2761 2476; x_wconf 83' lang='grc' dir='ltr'><strong>πρὸς</strong></span> <span class='ocrx_word' id='word_1_373' title='bbox 2808 2408 2902 2460; x_wconf 83' lang='grc' dir='ltr'><strong>τὸν</strong></span> <span class='ocrx_word' id='word_1_374' title='bbox 2949 2409 3261 2476; x_wconf 80' lang='grc' dir='ltr'><strong>φιλόσοφον.</strong></span> <span class='ocrx_word' id='word_1_375' title='bbox 3293 2408 3358 2461; x_wconf 78' lang='lat' dir='ltr'><strong>Oi</strong></span> <span class='ocrx_word' id='word_1_376' title='bbox 3403 2407 3460 2459; x_wconf 77' lang='grc' dir='ltr'><strong>δὲ</strong></span> <span class='ocrx_word' id='word_1_377' title='bbox 3517 2405 3765 2476; x_wconf 77' lang='grc' dir='ltr'><strong>Πατέρες</strong></span> 
     </span>
    </p>
   </div>
   <div class='ocr_carea' id='block_1_54' title="bbox 2175 2491 3766 2564">
    <p class='ocr_par' dir='ltr' id='par_1_54' title="bbox 2175 2491 3766 2564">
     <span class='ocr_line' id='line_1_54' title="bbox 2175 2491 3766 2564; baseline -0.003 -16"><span class='ocrx_word' id='word_1_378' title='bbox 2175 2497 2236 2548; x_wconf 86' lang='grc' dir='ltr'><strong>τὸ</strong></span> <span class='ocrx_word' id='word_1_379' title='bbox 2265 2497 2471 2550; x_wconf 85' lang='grc' dir='ltr'><strong>ἁπλοῦν</strong></span> <span class='ocrx_word' id='word_1_380' title='bbox 2497 2513 2556 2548; x_wconf 85' lang='grc' dir='ltr'><strong>τε</strong></span> <span class='ocrx_word' id='word_1_381' title='bbox 2587 2498 2680 2549; x_wconf 76' lang='grc' dir='ltr'><strong>καὶ</strong></span> <span class='ocrx_word' id='word_1_382' title='bbox 2717 2495 2986 2550; x_wconf 79' lang='grc' dir='ltr'><strong>ἰδιωτικὸν</strong></span> <span class='ocrx_word' id='word_1_383' title='bbox 3022 2494 3117 2548; x_wconf 92' lang='grc' dir='ltr'><strong>τοῦ</strong></span> <span class='ocrx_word' id='word_1_384' title='bbox 3149 2494 3344 2564; x_wconf 77' lang='grc' dir='ltr'><strong>ἀνδρὸς</strong></span> <span class='ocrx_word' id='word_1_385' title='bbox 3375 2493 3578 2554; x_wconf 80' lang='grc' dir='ltr'><strong>εἰδότες</strong></span> <span class='ocrx_word' id='word_1_386' title='bbox 3619 2491 3766 2545; x_wconf 80' lang='grc' dir='ltr'><strong>ἐκώ-</strong></span> 
     </span>
    </p>
   </div>
   <div class='ocr_carea' id='block_1_55' title="bbox 2177 2584 3764 2660">
    <p class='ocr_par' dir='ltr' id='par_1_55' title="bbox 2177 2584 3764 2660">
     <span class='ocr_line' id='line_1_55' title="bbox 2177 2584 3764 2660; baseline -0.004 -20"><span class='ocrx_word' id='word_1_387' title='bbox 2177 2589 2300 2642; x_wconf 81' lang='grc' dir='ltr'><strong>λυον</strong></span> <span class='ocrx_word' id='word_1_388' title='bbox 2333 2592 2372 2620; x_wconf 68' lang='grc'>⁸⁸</span> <span class='ocrx_word' id='word_1_389' title='bbox 2403 2589 2566 2642; x_wconf 77' lang='grc' dir='ltr'><strong>αὑτὸν</strong></span> <span class='ocrx_word' id='word_1_390' title='bbox 2595 2589 2831 2660; x_wconf 81' lang='grc' dir='ltr'><strong>(μήποτε</strong></span> <span class='ocrx_word' id='word_1_391' title='bbox 2856 2587 3007 2657; x_wconf 71' lang='grc' dir='ltr'><strong>παρὰ</strong></span> <span class='ocrx_word' id='word_1_392' title='bbox 3039 2588 3153 2649; x_wconf 85' lang='grc' dir='ltr'><strong>τοῖς</strong></span> <span class='ocrx_word' id='word_1_393' title='bbox 3181 2584 3479 2656; x_wconf 81' lang='grc' dir='ltr'><strong>μοχθηροῖς</strong></span> <span class='ocrx_word' id='word_1_394' title='bbox 3514 2599 3764 2650; x_wconf 85' lang='grc' dir='ltr'><strong>καταγε-</strong></span> 
     </span>
    </p>
   </div>
   <div class='ocr_carea' id='block_1_56' title="bbox 2174 2671 3754 2748">
    <p class='ocr_par' dir='ltr' id='par_1_56' title="bbox 2174 2671 3754 2748">
     <span class='ocr_line' id='line_1_56' title="bbox 2174 2671 3754 2748; baseline -0.006 -16"><span class='ocrx_word' id='word_1_395' title='bbox 2174 2678 2460 2747; x_wconf 84' lang='grc' dir='ltr'><strong>λασθῶσι).</strong></span> <span class='ocrx_word' id='word_1_396' title='bbox 2493 2677 2600 2730; x_wconf 90' lang='grc' dir='ltr'><strong>Τοῦ</strong></span> <span class='ocrx_word' id='word_1_397' title='bbox 2633 2677 2689 2730; x_wconf 82' lang='grc' dir='ltr'><strong>δὲ</strong></span> <span class='ocrx_word' id='word_1_398' title='bbox 2715 2679 2790 2748; x_wconf 83' lang='grc' dir='ltr'><strong>μὴ</strong></span> <span class='ocrx_word' id='word_1_399' title='bbox 2819 2677 3172 2747; x_wconf 81' lang='grc' dir='ltr'><strong>ἀνεχομένου,</strong></span> <span class='ocrx_word' id='word_1_400' title='bbox 3208 2675 3461 2746; x_wconf 86' lang='grc' dir='ltr'><strong>πρόσεισι</strong></span> <span class='ocrx_word' id='word_1_401' title='bbox 3492 2675 3566 2743; x_wconf 84' lang='grc' dir='ltr'><strong>τῷ</strong></span> <span class='ocrx_word' id='word_1_402' title='bbox 3593 2671 3754 2742; x_wconf 79' lang='grc' dir='ltr'><strong>ἀνδρὶ</strong></span> 
     </span>
    </p>
   </div>
   <div class='ocr_carea' id='block_1_57' title="bbox 2175 2766 3753 2840">
    <p class='ocr_par' dir='ltr' id='par_1_57' title="bbox 2175 2766 3753 2840">
     <span class='ocr_line' id='line_1_57' title="bbox 2175 2766 3753 2840; baseline -0.005 -16"><span class='ocrx_word' id='word_1_403' title='bbox 2175 2771 2272 2824; x_wconf 82' lang='grc' dir='ltr'><strong>καί</strong></span> <span class='ocrx_word' id='word_1_404' title='bbox 2312 2785 2502 2840; x_wconf 83' lang='grc' dir='ltr'><strong>φησιν’</strong></span> <span class='ocrx_word' id='word_1_405' title='bbox 2537 2789 2554 2821; x_wconf 81' lang='grc' dir='ltr'><strong>ι</strong></span> <span class='ocrx_word' id='word_1_406' title='bbox 2577 2769 2664 2823; x_wconf 86' lang='grc' dir='ltr'><strong>Ἐν</strong></span> <span class='ocrx_word' id='word_1_407' title='bbox 2689 2769 2913 2838; x_wconf 84' lang='grc' dir='ltr'><strong>ὀνόματι</strong></span> <span class='ocrx_word' id='word_1_408' title='bbox 2935 2771 2980 2801; x_wconf 75' lang='grc'><strong><em>⁵⁸</em></strong></span> <span class='ocrx_word' id='word_1_409' title='bbox 3008 2769 3184 2836; x_wconf 82' lang='grc' dir='ltr'><strong>Ἰησοῦ</strong></span> <span class='ocrx_word' id='word_1_410' title='bbox 3212 2767 3470 2837; x_wconf 77' lang='grc' dir='ltr'><strong>Χριστοῦ,</strong></span> <span class='ocrx_word' id='word_1_411' title='bbox 3495 2766 3753 2825; x_wconf 85' lang='grc' dir='ltr'><strong>ἄκουσον,</strong></span> 
     </span>
    </p>
   </div>
   <div class='ocr_carea' id='block_1_58' title="bbox 2173 2854 3754 2931">
    <p class='ocr_par' dir='ltr' id='par_1_58' title="bbox 2173 2854 3754 2931">
     <span class='ocr_line' id='line_1_58' title="bbox 2173 2854 3754 2931; baseline -0.005 -16"><span class='ocrx_word' id='word_1_412' title='bbox 2173 2857 2218 2916; x_wconf 84' lang='grc' dir='ltr'><strong>ὧ</strong></span> <span class='ocrx_word' id='word_1_413' title='bbox 2272 2863 2550 2930; x_wconf 70' lang='grc' dir='ltr'><strong>φιλόσοφε,</strong></span> <span class='ocrx_word' id='word_1_414' title='bbox 2588 2861 2658 2914; x_wconf 72' lang='grc' dir='ltr'><strong>τὰ</strong></span> <span class='ocrx_word' id='word_1_415' title='bbox 2710 2861 2808 2930; x_wconf 85' lang='grc' dir='ltr'><strong>τῆς</strong></span> <span class='ocrx_word' id='word_1_416' title='bbox 2845 2860 3104 2931; x_wconf 82' lang='grc' dir='ltr'><strong>ἀληθείας</strong></span> <span class='ocrx_word' id='word_1_417' title='bbox 3163 2858 3437 2927; x_wconf 81' lang='grc' dir='ltr'><strong>δόγματα.</strong></span> <span class='ocrx_word' id='word_1_418' title='bbox 3489 2877 3507 2909; x_wconf 74' lang='grc' dir='ltr'><strong>ι</strong></span> <span class='ocrx_word' id='word_1_419' title='bbox 3560 2856 3652 2926; x_wconf 91' lang='lat'><strong>(&#39;0</strong></span> <span class='ocrx_word' id='word_1_420' title='bbox 3695 2854 3754 2908; x_wconf 76' lang='grc' dir='ltr'><strong>δὲ</strong></span> 
     </span>
    </p>
   </div>
   <div class='ocr_carea' id='block_1_59' title="bbox 2175 2949 3756 3025">
    <p class='ocr_par' dir='ltr' id='par_1_59' title="bbox 2175 2949 3756 3025">
     <span class='ocr_line' id='line_1_59' title="bbox 2175 2949 3756 3025; baseline -0.004 -18"><span class='ocrx_word' id='word_1_421' title='bbox 2175 2955 2310 3025; x_wconf 80' lang='grc' dir='ltr'><strong>πρὸς</strong></span> <span class='ocrx_word' id='word_1_422' title='bbox 2345 2955 2507 3008; x_wconf 82' lang='grc' dir='ltr'><strong>αὐτὸν</strong></span> <span class='ocrx_word' id='word_1_423' title='bbox 2532 2954 2637 3022; x_wconf 80' lang='grc' dir='ltr'><strong>ἔφη</strong></span> <span class='ocrx_word' id='word_1_424' title='bbox 2661 2969 2674 2982; x_wconf 92' lang='grc'><strong>·</strong></span> <span class='ocrx_word' id='word_1_425' title='bbox 2718 2971 2737 3004; x_wconf 88' lang='grc'><em>‹</em></span> <span class='ocrx_word' id='word_1_426' title='bbox 2775 2956 2840 3005; x_wconf 92' lang='grc' dir='ltr'>Ὃ</span> <span class='ocrx_word' id='word_1_427' title='bbox 2870 2953 2963 3006; x_wconf 80' lang='grc' dir='ltr'><strong>ἐὰν</strong></span> <span class='ocrx_word' id='word_1_428' title='bbox 3003 2953 3166 3022; x_wconf 70' lang='grc' dir='ltr'><strong>εἴπῃς</strong></span> <span class='ocrx_word' id='word_1_429' title='bbox 3193 2951 3400 3005; x_wconf 69' lang='grc' dir='ltr'><strong>ἀκούω.</strong></span> <span class='ocrx_word' id='word_1_430' title='bbox 3435 2967 3454 3002; x_wconf 67' lang='grc' dir='ltr'>ι</span> <span class='ocrx_word' id='word_1_431' title='bbox 3487 2949 3756 3010; x_wconf 79' lang='grc' dir='ltr'><strong>Κάκεῖνος</strong></span> 
     </span>
    </p>
   </div>
   <div class='ocr_carea' id='block_1_60' title="bbox 2174 3040 3762 3115">
    <p class='ocr_par' dir='ltr' id='par_1_60' title="bbox 2174 3040 3762 3115">
     <span class='ocr_line' id='line_1_60' title="bbox 2174 3040 3762 3115; baseline -0.004 -15"><span class='ocrx_word' id='word_1_432' title='bbox 2174 3044 2294 3101; x_wconf 81' lang='grc' dir='ltr'><strong>εἷπε</strong></span> <span class='ocrx_word' id='word_1_433' title='bbox 2318 3066 2330 3080; x_wconf 91' lang='grc'><strong>·</strong></span> <span class='ocrx_word' id='word_1_434' title='bbox 2368 3067 2386 3099; x_wconf 77' lang='grc' dir='ltr'><strong>ι</strong></span> <span class='ocrx_word' id='word_1_435' title='bbox 2433 3047 2676 3099; x_wconf 82' lang='grc' dir='ltr'><strong>Γίνωσκε</strong></span> <span class='ocrx_word' id='word_1_436' title='bbox 2699 3046 2806 3115; x_wconf 84' lang='grc' dir='ltr'><strong>ὅτι)</strong></span> <span class='ocrx_word' id='word_1_437' title='bbox 2845 3045 2890 3076; x_wconf 72' lang='grc'>⁸³</span> <span class='ocrx_word' id='word_1_438' title='bbox 2918 3045 3054 3108; x_wconf 84' lang='grc' dir='ltr'><strong>Θεὸς</strong></span> <span class='ocrx_word' id='word_1_439' title='bbox 3077 3040 3160 3108; x_wconf 75' lang='grc' dir='ltr'><strong>εἷς</strong></span> <span class='ocrx_word' id='word_1_440' title='bbox 3191 3047 3341 3098; x_wconf 76' lang='grc' dir='ltr'><strong>ἐστιν</strong></span> <span class='ocrx_word' id='word_1_441' title='bbox 3389 3045 3416 3097; x_wconf 89' lang='grc' dir='ltr'>ὁ</span> <span class='ocrx_word' id='word_1_442' title='bbox 3456 3043 3501 3074; x_wconf 65' lang='grc'><strong>’⁵⁸</strong></span> <span class='ocrx_word' id='word_1_443' title='bbox 3537 3041 3629 3094; x_wconf 81' lang='grc' dir='ltr'><strong>τὸν</strong></span> <span class='ocrx_word' id='word_1_444' title='bbox 3667 3042 3762 3094; x_wconf 84' lang='grc' dir='ltr'><strong>οὑ-</strong></span> 
     </span>
    </p>
   </div>
   <div class='ocr_carea' id='block_1_61' title="bbox 2175 3133 3761 3210">
    <p class='ocr_par' dir='ltr' id='par_1_61' title="bbox 2175 3133 3761 3210">
     <span class='ocr_line' id='line_1_61' title="bbox 2175 3133 3761 3210; baseline -0.005 -18"><span class='ocrx_word' id='word_1_445' title='bbox 2175 3140 2339 3210; x_wconf 82' lang='grc' dir='ltr'><strong>ρανδν</strong></span> <span class='ocrx_word' id='word_1_446' title='bbox 2363 3140 2456 3192; x_wconf 74' lang='grc' dir='ltr'><strong>καὶ</strong></span> <span class='ocrx_word' id='word_1_447' title='bbox 2470 3140 2566 3209; x_wconf 79' lang='grc' dir='ltr'><strong>τὴν</strong></span> <span class='ocrx_word' id='word_1_448' title='bbox 2585 3138 3114 3209; x_wconf 47' lang='grc' dir='ltr'><strong>γῆνγδημιουργήσας</strong></span> <span class='ocrx_word' id='word_1_449' title='bbox 3134 3137 3238 3190; x_wconf 69' lang='lat' dir='ltr'><em>6W</em></span> <span class='ocrx_word' id='word_1_450' title='bbox 3257 3137 3353 3190; x_wconf 78' lang='grc' dir='ltr'><strong>καὶ</strong></span> <span class='ocrx_word' id='word_1_451' title='bbox 3393 3135 3527 3208; x_wconf 67' lang='grc' dir='ltr'><strong>(τὸν)</strong></span> <span class='ocrx_word' id='word_1_452' title='bbox 3551 3133 3647 3186; x_wconf 81' lang='grc' dir='ltr'><strong>ἄνθ</strong></span> <span class='ocrx_word' id='word_1_453' title='bbox 3655 3151 3761 3203; x_wconf 81' lang='grc' dir='ltr'><strong>ρω-</strong></span> 
     </span>
    </p>
   </div>
   <div class='ocr_carea' id='block_1_62' title="bbox 484 3223 2069 3323">
    <p class='ocr_par' dir='ltr' id='par_1_62' title="bbox 484 3237 2069 3310">
     <span class='ocr_line' id='line_1_62' title="bbox 484 3237 2069 3310; baseline -0.001 -19"><span class='ocrx_word' id='word_1_454' title='bbox 484 3237 706 3310; x_wconf 74' lang='lat' dir='ltr'><strong>Virgine</strong></span> <span class='ocrx_word' id='word_1_455' title='bbox 728 3247 913 3291; x_wconf 88' lang='lat' dir='ltr'><strong>natum</strong></span> <span class='ocrx_word' id='word_1_456' title='bbox 931 3252 1071 3303; x_wconf 88' lang='lat' dir='ltr'><strong>esse,</strong></span> <span class='ocrx_word' id='word_1_457' title='bbox 1097 3237 1379 3306; x_wconf 90' lang='lat' dir='ltr'><strong>ipsiusque</strong></span> <span class='ocrx_word' id='word_1_458' title='bbox 1399 3251 1581 3301; x_wconf 88' lang='lat' dir='ltr'><strong>cruce,</strong></span> <span class='ocrx_word' id='word_1_459' title='bbox 1613 3246 1784 3291; x_wconf 88' lang='lat' dir='ltr'><strong>morte</strong></span> <span class='ocrx_word' id='word_1_460' title='bbox 1803 3251 1866 3290; x_wconf 90' lang='lat' dir='ltr'><strong>ac</strong></span> <span class='ocrx_word' id='word_1_461' title='bbox 1883 3252 2069 3292; x_wconf 88' lang='lat' dir='ltr'><strong>resur-</strong></span> 
     </span>
    </p>
   </div>
   <div class='ocr_carea' id='block_1_63' title="bbox 2174 3223 3757 3323">
    <p class='ocr_par' dir='ltr' id='par_1_63' title="bbox 2177 3223 3757 3300">
     <span class='ocr_line' id='line_1_63' title="bbox 2177 3223 3757 3300; baseline -0.004 -19"><span class='ocrx_word' id='word_1_462' title='bbox 2177 3246 2277 3283; x_wconf 85' lang='grc' dir='ltr'><strong>πον</strong></span> <span class='ocrx_word' id='word_1_463' title='bbox 2324 3232 2386 3281; x_wconf 79' lang='grc' dir='ltr'><strong>ἐκ</strong></span> <span class='ocrx_word' id='word_1_464' title='bbox 2427 3231 2528 3300; x_wconf 86' lang='grc' dir='ltr'><strong>γῆς</strong></span> <span class='ocrx_word' id='word_1_465' title='bbox 2574 3230 2879 3292; x_wconf 80' lang='grc' dir='ltr'><strong>διαπλάσας</strong></span> <span class='ocrx_word' id='word_1_466' title='bbox 2926 3231 3020 3282; x_wconf 64' lang='grc' dir='ltr'><strong>καὶ¹</strong></span> <span class='ocrx_word' id='word_1_467' title='bbox 3063 3231 3134 3282; x_wconf 86' lang='grc' dir='ltr'><strong>τὰ</strong></span> <span class='ocrx_word' id='word_1_468' title='bbox 3164 3229 3339 3300; x_wconf 80' lang='grc' dir='ltr'><strong>ὁρατά</strong></span> <span class='ocrx_word' id='word_1_469' title='bbox 3380 3228 3562 3280; x_wconf 84' lang='grc' dir='ltr'><strong>πάντα</strong></span> <span class='ocrx_word' id='word_1_470' title='bbox 3594 3226 3686 3278; x_wconf 85' lang='grc' dir='ltr'><strong>καὶ</strong></span> <span class='ocrx_word' id='word_1_471' title='bbox 3711 3223 3757 3254; x_wconf 76' lang='grc'><strong>⁸⁸</strong></span> 
     </span>
    </p>
   </div>
   <div class='ocr_carea' id='block_1_64' title="bbox 484 3315 2069 3398">
    <p class='ocr_par' dir='ltr' id='par_1_64' title="bbox 484 3327 2069 3398">
     <span class='ocr_line' id='line_1_64' title="bbox 484 3327 2069 3398; baseline 0.001 -16"><span class='ocrx_word' id='word_1_472' title='bbox 484 3333 728 3385; x_wconf 85' lang='lat' dir='ltr'><strong>rectione</strong></span> <span class='ocrx_word' id='word_1_473' title='bbox 748 3343 920 3398; x_wconf 78' lang='lat' dir='ltr'><strong>genus</strong></span> <span class='ocrx_word' id='word_1_474' title='bbox 944 3329 1227 3383; x_wconf 88' lang='lat' dir='ltr'><strong>hominum</strong></span> <span class='ocrx_word' id='word_1_475' title='bbox 1250 3343 1370 3383; x_wconf 84' lang='lat' dir='ltr'><strong>esse</strong></span> <span class='ocrx_word' id='word_1_476' title='bbox 1394 3329 1702 3383; x_wconf 90' lang='lat' dir='ltr'><strong>liberatum.</strong></span> <span class='ocrx_word' id='word_1_477' title='bbox 1725 3327 1883 3382; x_wconf 83' lang='lat' dir='ltr'><strong>Hunc</strong></span> <span class='ocrx_word' id='word_1_478' title='bbox 1905 3329 2069 3384; x_wconf 88' lang='lat' dir='ltr'><strong>etiam</strong></span> 
     </span>
    </p>
   </div>
   <div class='ocr_carea' id='block_1_65' title="bbox 2174 3315 3760 3398">
    <p class='ocr_par' dir='ltr' id='par_1_65' title="bbox 2175 3315 3760 3392">
     <span class='ocr_line' id='line_1_65' title="bbox 2175 3315 3760 3392; baseline -0.006 -16"><span class='ocrx_word' id='word_1_479' title='bbox 2175 3323 2382 3392; x_wconf 79' lang='grc' dir='ltr'><strong>ἀόρατα</strong></span> <span class='ocrx_word' id='word_1_480' title='bbox 2421 3322 2501 3391; x_wconf 80' lang='grc' dir='ltr'><strong>τῷ</strong></span> <span class='ocrx_word' id='word_1_481' title='bbox 2549 3322 2712 3392; x_wconf 84' lang='grc' dir='ltr'><strong>Λόγῳ</strong></span> <span class='ocrx_word' id='word_1_482' title='bbox 2755 3322 2920 3375; x_wconf 85' lang='grc' dir='ltr'><strong>αὑτοῦ</strong></span> <span class='ocrx_word' id='word_1_483' title='bbox 2955 3321 3052 3375; x_wconf 78' lang='grc' dir='ltr'><strong>καὶ</strong></span> <span class='ocrx_word' id='word_1_484' title='bbox 3079 3321 3158 3390; x_wconf 81' lang='grc' dir='ltr'><strong>τῷ</strong></span> <span class='ocrx_word' id='word_1_485' title='bbox 3180 3319 3459 3392; x_wconf 80' lang='grc' dir='ltr'><strong>ΙΙνεύματι</strong></span> <span class='ocrx_word' id='word_1_486' title='bbox 3485 3315 3760 3385; x_wconf 79' lang='grc' dir='ltr'><strong>συστησά-</strong></span> 
     </span>
    </p>
   </div>
   <div class='ocr_carea' id='block_1_66' title="bbox 483 3419 2073 3490">
    <p class='ocr_par' dir='ltr' id='par_1_66' title="bbox 483 3419 2073 3490">
     <span class='ocr_line' id='line_1_66' title="bbox 483 3419 2073 3490; baseline 0 -16"><span class='ocrx_word' id='word_1_487' title='bbox 483 3433 770 3488; x_wconf 83' lang='lat' dir='ltr'><strong>speramus</strong></span> <span class='ocrx_word' id='word_1_488' title='bbox 825 3429 1112 3473; x_wconf 83' lang='lat' dir='ltr'><strong>venturum</strong></span> <span class='ocrx_word' id='word_1_489' title='bbox 1148 3419 1213 3473; x_wconf 88' lang='lat' dir='ltr'><strong>ad</strong></span> <span class='ocrx_word' id='word_1_490' title='bbox 1248 3433 1439 3474; x_wconf 86' lang='lat' dir='ltr'><strong>omnes</strong></span> <span class='ocrx_word' id='word_1_491' title='bbox 1481 3420 1536 3474; x_wconf 90' lang='lat' dir='ltr'><strong>in</strong></span> <span class='ocrx_word' id='word_1_492' title='bbox 1575 3421 1786 3490; x_wconf 88' lang='lat' dir='ltr'><strong>justitia</strong></span> <span class='ocrx_word' id='word_1_493' title='bbox 1820 3421 2073 3490; x_wconf 87' lang='lat' dir='ltr'><strong>judican-</strong></span> 
     </span>
    </p>
   </div>
   <div class='ocr_carea' id='block_1_67' title="bbox 483 3510 2069 3583">
    <p class='ocr_par' dir='ltr' id='par_1_67' title="bbox 483 3510 2069 3583">
     <span class='ocr_line' id='line_1_67' title="bbox 483 3510 2069 3583; baseline 0.001 -17"><span class='ocrx_word' id='word_1_494' title='bbox 483 3513 606 3566; x_wconf 90' lang='lat' dir='ltr'><strong>dos.</strong></span> <span class='ocrx_word' id='word_1_495' title='bbox 631 3510 821 3566; x_wconf 88' lang='lat' dir='ltr'><strong>Credis</strong></span> <span class='ocrx_word' id='word_1_496' title='bbox 842 3511 1341 3582; x_wconf 77' lang='lat' dir='ltr'><strong>hoc,phi1050phe?</strong></span> <span class='ocrx_word' id='word_1_497' title='bbox 1369 3531 1387 3564; x_wconf 73' lang='grc' dir='ltr'><strong>ι</strong></span> <span class='ocrx_word' id='word_1_498' title='bbox 1412 3513 1508 3568; x_wconf 86' lang='lat' dir='ltr'><strong>Ille</strong></span> <span class='ocrx_word' id='word_1_499' title='bbox 1538 3527 1666 3568; x_wconf 89' lang='lat' dir='ltr'><strong>vero</strong></span> <span class='ocrx_word' id='word_1_500' title='bbox 1689 3523 1948 3583; x_wconf 88' lang='lat' dir='ltr'><strong>tanquam</strong></span> <span class='ocrx_word' id='word_1_501' title='bbox 1973 3513 2069 3582; x_wconf 89' lang='lat' dir='ltr'><strong>qui</strong></span> 
     </span>
    </p>
   </div>
   <div class='ocr_carea' id='block_1_68' title="bbox 482 3602 2069 3674">
    <p class='ocr_par' dir='ltr' id='par_1_68' title="bbox 482 3602 2069 3674">
     <span class='ocr_line' id='line_1_68' title="bbox 482 3602 2069 3674; baseline 0.003 -18"><span class='ocrx_word' id='word_1_502' title='bbox 482 3617 762 3670; x_wconf 87' lang='lat' dir='ltr'><strong>nunquam</strong></span> <span class='ocrx_word' id='word_1_503' title='bbox 781 3602 997 3658; x_wconf 88' lang='lat' dir='ltr'><strong>dicendi</strong></span> <span class='ocrx_word' id='word_1_504' title='bbox 1021 3603 1270 3674; x_wconf 87' lang='lat' dir='ltr'><strong>peritiam</strong></span> <span class='ocrx_word' id='word_1_505' title='bbox 1293 3606 1360 3658; x_wconf 91' lang='lat' dir='ltr'><strong>ad</strong></span> <span class='ocrx_word' id='word_1_506' title='bbox 1381 3604 1820 3674; x_wconf 90' lang='lat' dir='ltr'><strong>respondendum</strong></span> <span class='ocrx_word' id='word_1_507' title='bbox 1846 3606 2069 3660; x_wconf 91' lang='lat' dir='ltr'><strong>habuis-</strong></span> 
     </span>
    </p>
   </div>
   <div class='ocr_carea' id='block_1_69' title="bbox 484 3695 2066 3765">
    <p class='ocr_par' dir='ltr' id='par_1_69' title="bbox 484 3695 2066 3765">
     <span class='ocr_line' id='line_1_69' title="bbox 484 3695 2066 3765; baseline 0.003 -17"><span class='ocrx_word' id='word_1_508' title='bbox 484 3703 592 3759; x_wconf 87' lang='lat' dir='ltr'><strong>set,</strong></span> <span class='ocrx_word' id='word_1_509' title='bbox 615 3695 919 3765; x_wconf 87' lang='lat' dir='ltr'><strong>obstupuit,</strong></span> <span class='ocrx_word' id='word_1_510' title='bbox 937 3695 1158 3765; x_wconf 88' lang='lat' dir='ltr'><strong>et_vclut</strong></span> <span class='ocrx_word' id='word_1_511' title='bbox 1174 3711 1349 3752; x_wconf 68' lang='lat' dir='ltr'><strong>caecus</strong></span> <span class='ocrx_word' id='word_1_512' title='bbox 1367 3707 1422 3751; x_wconf 90' lang='lat' dir='ltr'><strong>et</strong></span> <span class='ocrx_word' id='word_1_513' title='bbox 1439 3711 1625 3753; x_wconf 86' lang='lat' dir='ltr'><strong>mutus</strong></span> <span class='ocrx_word' id='word_1_514' title='bbox 1648 3698 1834 3764; x_wconf 89' lang='lat' dir='ltr'><strong>silens,</strong></span> <span class='ocrx_word' id='word_1_515' title='bbox 1853 3699 1958 3752; x_wconf 90' lang='lat' dir='ltr'><strong>hoc</strong></span> <span class='ocrx_word' id='word_1_516' title='bbox 1973 3713 2066 3753; x_wconf 80' lang='lat' dir='ltr'><strong>so-</strong></span> 
     </span>
    </p>
   </div>
   <div class='ocr_carea' id='block_1_70' title="bbox 483 3788 2058 3857">
    <p class='ocr_par' dir='ltr' id='par_1_70' title="bbox 483 3788 2058 3857">
     <span class='ocr_line' id='line_1_70' title="bbox 483 3788 2058 3857; baseline 0.001 -17"><span class='ocrx_word' id='word_1_517' title='bbox 483 3788 596 3841; x_wconf 89' lang='lat' dir='ltr'><strong>lum</strong></span> <span class='ocrx_word' id='word_1_518' title='bbox 620 3788 994 3857; x_wconf 85' lang='lat' dir='ltr'><strong>pronuntiavit</strong></span> <span class='ocrx_word' id='word_1_519' title='bbox 1017 3807 1034 3846; x_wconf 86' lang='lat'><strong><em>:</em></strong></span> <span class='ocrx_word' id='word_1_520' title='bbox 1079 3807 1097 3840; x_wconf 79' lang='grc' dir='ltr'><strong>ι</strong></span> <span class='ocrx_word' id='word_1_521' title='bbox 1127 3792 1253 3845; x_wconf 69' lang='lat' dir='ltr'><strong>Haec</strong></span> <span class='ocrx_word' id='word_1_522' title='bbox 1275 3801 1327 3845; x_wconf 92' lang='lat' dir='ltr'><strong>ct</strong></span> <span class='ocrx_word' id='word_1_523' title='bbox 1343 3791 1475 3846; x_wconf 89' lang='lat' dir='ltr'><strong>mihi</strong></span> <span class='ocrx_word' id='word_1_524' title='bbox 1501 3791 1582 3847; x_wconf 90' lang='lat' dir='ltr'><strong>sic</strong></span> <span class='ocrx_word' id='word_1_525' title='bbox 1603 3805 1726 3846; x_wconf 90' lang='lat' dir='ltr'><strong>esse</strong></span> <span class='ocrx_word' id='word_1_526' title='bbox 1745 3790 2016 3845; x_wconf 89' lang='lat' dir='ltr'><strong>videntur.</strong></span> <span class='ocrx_word' id='word_1_527' title='bbox 2039 3809 2058 3842; x_wconf 72' lang='grc' dir='ltr'>ι</span> 
     </span>
    </p>
   </div>
   <div class='ocr_carea' id='block_1_71' title="bbox 481 3878 2066 3955">
    <p class='ocr_par' dir='ltr' id='par_1_71' title="bbox 481 3878 2066 3955">
     <span class='ocr_line' id='line_1_71' title="bbox 481 3878 2066 3955; baseline 0.005 -23"><span class='ocrx_word' id='word_1_528' title='bbox 481 3878 547 3933; x_wconf 82' lang='lat' dir='ltr'><strong>Et</strong></span> <span class='ocrx_word' id='word_1_529' title='bbox 575 3881 758 3936; x_wconf 87' lang='lat' dir='ltr'><strong>senior</strong></span> <span class='ocrx_word' id='word_1_530' title='bbox 802 3881 996 3938; x_wconf 89' lang='lat' dir='ltr'><strong>addit:</strong></span> <span class='ocrx_word' id='word_1_531' title='bbox 1035 3901 1054 3934; x_wconf 78' lang='grc' dir='ltr'><strong>ι</strong></span> <span class='ocrx_word' id='word_1_532' title='bbox 1098 3882 1266 3953; x_wconf 77' lang='lat' dir='ltr'><strong>Igitur</strong></span> <span class='ocrx_word' id='word_1_533' title='bbox 1296 3899 1527 3955; x_wconf 74' lang='lat' dir='ltr'><strong>surgens</strong></span> <span class='ocrx_word' id='word_1_534' title='bbox 1557 3885 1614 3941; x_wconf 90' lang='lat' dir='ltr'><strong>in</strong></span> <span class='ocrx_word' id='word_1_535' title='bbox 1658 3884 1946 3940; x_wconf 89' lang='lat' dir='ltr'><strong>ecclesiam</strong></span> <span class='ocrx_word' id='word_1_536' title='bbox 1979 3899 2066 3940; x_wconf 86' lang='lat' dir='ltr'><strong>se-</strong></span> 
     </span>
    </p>
   </div>
   <div class='ocr_carea' id='block_1_72' title="bbox 479 3974 2065 4047">
    <p class='ocr_par' dir='ltr' id='par_1_72' title="bbox 479 3974 2065 4047">
     <span class='ocr_line' id='line_1_72' title="bbox 479 3974 2065 4047; baseline 0.005 -22"><span class='ocrx_word' id='word_1_537' title='bbox 479 3987 644 4042; x_wconf 90' lang='lat' dir='ltr'><strong>quere</strong></span> <span class='ocrx_word' id='word_1_538' title='bbox 663 3988 772 4041; x_wconf 88' lang='lat' dir='ltr'><strong>me,</strong></span> <span class='ocrx_word' id='word_1_539' title='bbox 799 3985 852 4029; x_wconf 89' lang='lat' dir='ltr'><strong>et</strong></span> <span class='ocrx_word' id='word_1_540' title='bbox 869 3974 1028 4030; x_wconf 82' lang='lat' dir='ltr'><strong>iStius</strong></span> <span class='ocrx_word' id='word_1_541' title='bbox 1049 3975 1171 4030; x_wconf 83' lang='lat' dir='ltr'><strong>lidei</strong></span> <span class='ocrx_word' id='word_1_542' title='bbox 1198 3977 1535 4047; x_wconf 79' lang='lat' dir='ltr'><strong>signaculum</strong></span> <span class='ocrx_word' id='word_1_543' title='bbox 1555 3977 1802 4047; x_wconf 85' lang='lat' dir='ltr'><strong>recipies.</strong></span> <span class='ocrx_word' id='word_1_544' title='bbox 1843 3996 1860 4029; x_wconf 82' lang='grc' dir='ltr'>ι</span> <span class='ocrx_word' id='word_1_545' title='bbox 1881 3976 2065 4033; x_wconf 89' lang='lat' dir='ltr'><strong>Philo-</strong></span> 
     </span>
    </p>
   </div>
   <div class='ocr_carea' id='block_1_73' title="bbox 479 4064 2063 4138">
    <p class='ocr_par' dir='ltr' id='par_1_73' title="bbox 479 4064 2063 4138">
     <span class='ocr_line' id='line_1_73' title="bbox 479 4064 2063 4138; baseline 0.003 -20"><span class='ocrx_word' id='word_1_546' title='bbox 479 4064 686 4133; x_wconf 83' lang='lat' dir='ltr'><strong>sOphus</strong></span> <span class='ocrx_word' id='word_1_547' title='bbox 712 4075 894 4121; x_wconf 89' lang='lat' dir='ltr'><strong>autem</strong></span> <span class='ocrx_word' id='word_1_548' title='bbox 921 4081 1220 4122; x_wconf 88' lang='lat' dir='ltr'><strong>conversus</strong></span> <span class='ocrx_word' id='word_1_549' title='bbox 1267 4068 1553 4138; x_wconf 89' lang='lat' dir='ltr'><strong>discipulis</strong></span> <span class='ocrx_word' id='word_1_550' title='bbox 1582 4069 1699 4124; x_wconf 90' lang='lat' dir='ltr'><strong>suis</strong></span> <span class='ocrx_word' id='word_1_551' title='bbox 1727 4070 1802 4123; x_wconf 86' lang='lat' dir='ltr'><strong>ait</strong></span> <span class='ocrx_word' id='word_1_552' title='bbox 1838 4086 1852 4124; x_wconf 89' lang='lat'><strong>:</strong></span> <span class='ocrx_word' id='word_1_553' title='bbox 1890 4089 1908 4122; x_wconf 80' lang='grc' dir='ltr'>ι</span> <span class='ocrx_word' id='word_1_554' title='bbox 1947 4069 2063 4124; x_wconf 82' lang='lat' dir='ltr'><strong>Au-</strong></span> 
     </span>
    </p>
   </div>
   <div class='ocr_carea' id='block_1_74' title="bbox 479 4159 2061 4230">
    <p class='ocr_par' dir='ltr' id='par_1_74' title="bbox 479 4159 2061 4230">
     <span class='ocr_line' id='line_1_74' title="bbox 479 4159 2061 4230; baseline 0.004 -19"><span class='ocrx_word' id='word_1_555' title='bbox 479 4159 592 4212; x_wconf 90' lang='lat' dir='ltr'><strong>dite</strong></span> <span class='ocrx_word' id='word_1_556' title='bbox 623 4173 731 4225; x_wconf 89' lang='lat' dir='ltr'><strong>tue,</strong></span> <span class='ocrx_word' id='word_1_557' title='bbox 767 4159 867 4212; x_wconf 91' lang='lat' dir='ltr'><strong>viri</strong></span> <span class='ocrx_word' id='word_1_558' title='bbox 902 4177 916 4214; x_wconf 91' lang='lat'><strong>:</strong></span> <span class='ocrx_word' id='word_1_559' title='bbox 947 4161 1188 4228; x_wconf 87' lang='lat' dir='ltr'><strong>quandiu</strong></span> <span class='ocrx_word' id='word_1_560' title='bbox 1244 4160 1570 4230; x_wconf 65' lang='lat' dir='ltr'><strong>eloquentiae</strong></span> <span class='ocrx_word' id='word_1_561' title='bbox 1624 4163 1811 4218; x_wconf 89' lang='lat' dir='ltr'><strong>studui</strong></span> <span class='ocrx_word' id='word_1_562' title='bbox 1847 4179 2061 4218; x_wconf 83' lang='lat' dir='ltr'><strong>sermo-</strong></span> 
     </span>
    </p>
   </div>
   <div class='ocr_carea' id='block_1_75' title="bbox 477 4249 2062 4320">
    <p class='ocr_par' dir='ltr' id='par_1_75' title="bbox 477 4249 2062 4320">
     <span class='ocr_line' id='line_1_75' title="bbox 477 4249 2062 4320; baseline 0.006 -20"><span class='ocrx_word' id='word_1_563' title='bbox 477 4264 574 4303; x_wconf 87' lang='lat' dir='ltr'><strong>nes</strong></span> <span class='ocrx_word' id='word_1_564' title='bbox 605 4249 950 4305; x_wconf 87' lang='lat' dir='ltr'><strong>sermonibus</strong></span> <span class='ocrx_word' id='word_1_565' title='bbox 974 4251 1317 4320; x_wconf 83' lang='lat' dir='ltr'><strong>Opponebam</strong></span> <span class='ocrx_word' id='word_1_566' title='bbox 1348 4262 1402 4307; x_wconf 88' lang='lat' dir='ltr'><strong>et</strong></span> <span class='ocrx_word' id='word_1_567' title='bbox 1448 4253 1655 4320; x_wconf 85' lang='lat' dir='ltr'><strong>prolata</strong></span> <span class='ocrx_word' id='word_1_568' title='bbox 1687 4252 1904 4308; x_wconf 88' lang='lat' dir='ltr'><strong>dicendi</strong></span> <span class='ocrx_word' id='word_1_569' title='bbox 1945 4266 2062 4310; x_wconf 84' lang='lat' dir='ltr'><strong>arte</strong></span> 
     </span>
    </p>
   </div>
   <div class='ocr_carea' id='block_1_76' title="bbox 476 4339 2061 4415">
    <p class='ocr_par' dir='ltr' id='par_1_76' title="bbox 476 4339 2061 4415">
     <span class='ocr_line' id='line_1_76' title="bbox 476 4339 2061 4415; baseline 0.004 -22"><span class='ocrx_word' id='word_1_570' title='bbox 476 4339 819 4408; x_wconf 81' lang='lat' dir='ltr'><strong>refutabam;</strong></span> <span class='ocrx_word' id='word_1_571' title='bbox 871 4355 999 4396; x_wconf 92' lang='lat' dir='ltr'><strong>cum</strong></span> <span class='ocrx_word' id='word_1_572' title='bbox 1048 4353 1230 4398; x_wconf 87' lang='lat' dir='ltr'><strong>autem</strong></span> <span class='ocrx_word' id='word_1_573' title='bbox 1279 4359 1380 4414; x_wconf 92' lang='lat' dir='ltr'><strong>pro</strong></span> <span class='ocrx_word' id='word_1_574' title='bbox 1425 4346 1773 4399; x_wconf 89' lang='lat' dir='ltr'><strong>sermonibus</strong></span> <span class='ocrx_word' id='word_1_575' title='bbox 1819 4348 2061 4415; x_wconf 86' lang='lat' dir='ltr'><strong>potentia</strong></span> 
     </span>
    </p>
   </div>
   <div class='ocr_carea' id='block_1_77' title="bbox 475 4433 2059 4508">
    <p class='ocr_par' dir='ltr' id='par_1_77' title="bbox 475 4433 2059 4508">
     <span class='ocr_line' id='line_1_77' title="bbox 475 4433 2059 4508; baseline 0.007 -26"><span class='ocrx_word' id='word_1_576' title='bbox 475 4433 720 4501; x_wconf 77' lang='lat' dir='ltr'><strong>quaedam</strong></span> <span class='ocrx_word' id='word_1_577' title='bbox 778 4448 845 4485; x_wconf 76' lang='lat' dir='ltr'><strong>ex</strong></span> <span class='ocrx_word' id='word_1_578' title='bbox 899 4447 995 4487; x_wconf 92' lang='lat' dir='ltr'><strong>ore</strong></span> <span class='ocrx_word' id='word_1_579' title='bbox 1052 4435 1288 4490; x_wconf 87' lang='lat' dir='ltr'><strong>senioris</strong></span> <span class='ocrx_word' id='word_1_580' title='bbox 1340 4436 1486 4492; x_wconf 91' lang='lat' dir='ltr'><strong>illius</strong></span> <span class='ocrx_word' id='word_1_581' title='bbox 1533 4437 1736 4502; x_wconf 72' lang='lat' dir='ltr'><strong>exivit,</strong></span> <span class='ocrx_word' id='word_1_582' title='bbox 1791 4454 1896 4491; x_wconf 89' lang='lat' dir='ltr'><strong>non</strong></span> <span class='ocrx_word' id='word_1_583' title='bbox 1945 4439 2059 4508; x_wconf 88' lang='lat' dir='ltr'><strong>jam</strong></span> 
     </span>
    </p>
   </div>
   <div class='ocr_carea' id='block_1_78' title="bbox 476 4522 2055 4597">
    <p class='ocr_par' dir='ltr' id='par_1_78' title="bbox 476 4522 2055 4597">
     <span class='ocr_line' id='line_1_78' title="bbox 476 4522 2055 4597; baseline 0.005 -21"><span class='ocrx_word' id='word_1_584' title='bbox 476 4524 737 4577; x_wconf 85' lang='lat' dir='ltr'><strong>adversus</strong></span> <span class='ocrx_word' id='word_1_585' title='bbox 763 4522 905 4577; x_wconf 89' lang='lat' dir='ltr'><strong>hanc</strong></span> <span class='ocrx_word' id='word_1_586' title='bbox 925 4527 1221 4593; x_wconf 86' lang='lat' dir='ltr'><strong>potentiam</strong></span> <span class='ocrx_word' id='word_1_587' title='bbox 1239 4529 1438 4597; x_wconf 89' lang='lat' dir='ltr'><strong>opponi</strong></span> <span class='ocrx_word' id='word_1_588' title='bbox 1464 4543 1749 4583; x_wconf 88' lang='lat' dir='ltr'><strong>sermones</strong></span> <span class='ocrx_word' id='word_1_589' title='bbox 1772 4529 2055 4586; x_wconf 88' lang='lat' dir='ltr'><strong>valebant:</strong></span> 
     </span>
    </p>
   </div>
   <div class='ocr_carea' id='block_1_79' title="bbox 2175 3407 3755 3486">
    <p class='ocr_par' dir='ltr' id='par_1_79' title="bbox 2175 3407 3755 3486">
     <span class='ocr_line' id='line_1_79' title="bbox 2175 3407 3755 3486; baseline -0.006 -18"><span class='ocrx_word' id='word_1_590' title='bbox 2175 3433 2356 3486; x_wconf 83' lang='grc' dir='ltr'><strong>μενος.</strong></span> <span class='ocrx_word' id='word_1_591' title='bbox 2393 3416 2598 3470; x_wconf 89' lang='grc' dir='ltr'><strong>Τοῦτον</strong></span> <span class='ocrx_word' id='word_1_592' title='bbox 2650 3411 2786 3486; x_wconf 80' lang='grc' dir='ltr'><strong>(οὖν)</strong></span> <span class='ocrx_word' id='word_1_593' title='bbox 2822 3415 2912 3468; x_wconf 73' lang='grc' dir='ltr'><strong>τὸν</strong></span> <span class='ocrx_word' id='word_1_594' title='bbox 2957 3416 3131 3483; x_wconf 89' lang='grc' dir='ltr'><strong>Λόγον</strong></span> <span class='ocrx_word' id='word_1_595' title='bbox 3175 3416 3339 3486; x_wconf 81' lang='grc' dir='ltr'><strong>ἡμεῖς</strong></span> <span class='ocrx_word' id='word_1_596' title='bbox 3382 3413 3512 3465; x_wconf 77' lang='grc' dir='ltr'><strong>Υξὺν</strong></span> <span class='ocrx_word' id='word_1_597' title='bbox 3542 3411 3585 3441; x_wconf 70' lang='grc'><strong>⁸⁸</strong></span> <span class='ocrx_word' id='word_1_598' title='bbox 3615 3407 3755 3461; x_wconf 85' lang='grc' dir='ltr'><strong>Θεοῦ</strong></span> 
     </span>
    </p>
   </div>
   <div class='ocr_carea' id='block_1_80' title="bbox 2172 3501 3752 3579">
    <p class='ocr_par' dir='ltr' id='par_1_80' title="bbox 2172 3501 3752 3579">
     <span class='ocr_line' id='line_1_80' title="bbox 2172 3501 3752 3579; baseline -0.001 -19"><span class='ocrx_word' id='word_1_599' title='bbox 2172 3508 2370 3571; x_wconf 69' lang='grc' dir='ltr'><strong>εἰδότες</strong></span> <span class='ocrx_word' id='word_1_600' title='bbox 2411 3507 2830 3579; x_wconf 86' lang='grc' dir='ltr'><strong>προσκυνοῦμεν</strong></span> <span class='ocrx_word' id='word_1_601' title='bbox 2871 3507 2939 3572; x_wconf 83' lang='lat'><strong>&quot;,</strong></span> <span class='ocrx_word' id='word_1_602' title='bbox 2961 3507 3313 3568; x_wconf 87' lang='grc' dir='ltr'><strong>πιστεύοντες</strong></span> <span class='ocrx_word' id='word_1_603' title='bbox 3349 3503 3438 3557; x_wconf 74' lang='grc' dir='ltr'><strong>διὰ</strong></span> <span class='ocrx_word' id='word_1_604' title='bbox 3466 3503 3566 3571; x_wconf 79' lang='grc' dir='ltr'><strong>τὴν</strong></span> <span class='ocrx_word' id='word_1_605' title='bbox 3607 3501 3752 3570; x_wconf 73' lang='grc' dir='ltr'><strong>ἡμε-</strong></span> 
     </span>
    </p>
   </div>
   <div class='ocr_carea' id='block_1_81' title="bbox 2168 3594 3752 3674">
    <p class='ocr_par' dir='ltr' id='par_1_81' title="bbox 2168 3594 3752 3674">
     <span class='ocr_line' id='line_1_81' title="bbox 2168 3594 3752 3674; baseline -0.005 -20"><span class='ocrx_word' id='word_1_606' title='bbox 2168 3604 2335 3674; x_wconf 88' lang='grc' dir='ltr'><strong>τέραν</strong></span> <span class='ocrx_word' id='word_1_607' title='bbox 2402 3601 2678 3673; x_wconf 84' lang='grc' dir='ltr'><strong>σωτηρίαν</strong></span> <span class='ocrx_word' id='word_1_608' title='bbox 2735 3603 2820 3654; x_wconf 74' lang='grc' dir='ltr'><strong>ἐπ’</strong></span> <span class='ocrx_word' id='word_1_609' title='bbox 2880 3601 3129 3672; x_wconf 76' lang='grc' dir='ltr'><strong>ἐσχάτων</strong></span> <span class='ocrx_word' id='word_1_610' title='bbox 3190 3600 3254 3652; x_wconf 82' lang='grc' dir='ltr'><strong>ὲκ</strong></span> <span class='ocrx_word' id='word_1_611' title='bbox 3315 3597 3416 3666; x_wconf 86' lang='grc' dir='ltr'><strong>τῆς</strong></span> <span class='ocrx_word' id='word_1_612' title='bbox 3463 3594 3752 3666; x_wconf 77' lang='grc' dir='ltr'><strong>Παρθένου</strong></span> 
     </span>
    </p>
   </div>
   <div class='ocr_carea' id='block_1_82' title="bbox 2167 3690 3757 3767">
    <p class='ocr_par' dir='ltr' id='par_1_82' title="bbox 2167 3690 3757 3767">
     <span class='ocr_line' id='line_1_82' title="bbox 2167 3690 3757 3767; baseline -0.006 -19"><span class='ocrx_word' id='word_1_613' title='bbox 2167 3696 2428 3767; x_wconf 75' lang='grc' dir='ltr'><strong>τεχθῆναι</strong></span> <span class='ocrx_word' id='word_1_614' title='bbox 2483 3695 2581 3748; x_wconf 82' lang='grc' dir='ltr'><strong>καὶ</strong></span> <span class='ocrx_word' id='word_1_615' title='bbox 2613 3695 2701 3749; x_wconf 80' lang='grc' dir='ltr'><strong>διὰ</strong></span> <span class='ocrx_word' id='word_1_616' title='bbox 2739 3695 2997 3766; x_wconf 84' lang='grc' dir='ltr'><strong>σταυροῦ,</strong></span> <span class='ocrx_word' id='word_1_617' title='bbox 3053 3694 3147 3747; x_wconf 71' lang='grc' dir='ltr'><strong>καὶ</strong></span> <span class='ocrx_word' id='word_1_618' title='bbox 3206 3692 3462 3755; x_wconf 85' lang='grc' dir='ltr'><strong>θανάτου,</strong></span> <span class='ocrx_word' id='word_1_619' title='bbox 3503 3690 3596 3743; x_wconf 77' lang='grc' dir='ltr'><strong>καὶ</strong></span> <span class='ocrx_word' id='word_1_620' title='bbox 3622 3690 3757 3740; x_wconf 82' lang='grc' dir='ltr'><strong>ἁνα-</strong></span> 
     </span>
    </p>
   </div>
   <div class='ocr_carea' id='block_1_83' title="bbox 2171 3778 3751 3857">
    <p class='ocr_par' dir='ltr' id='par_1_83' title="bbox 2171 3778 3751 3857">
     <span class='ocr_line' id='line_1_83' title="bbox 2171 3778 3751 3857; baseline -0.005 -17"><span class='ocrx_word' id='word_1_621' title='bbox 2171 3790 2412 3852; x_wconf 83' lang='grc' dir='ltr'><strong>στὰσεως</strong></span> <span class='ocrx_word' id='word_1_622' title='bbox 2472 3788 2681 3857; x_wconf 80' lang='grc' dir='ltr'><strong>(αὐτοῦ)</strong></span> <span class='ocrx_word' id='word_1_623' title='bbox 2739 3788 3173 3857; x_wconf 80' lang='grc' dir='ltr'><strong>ἐλευθερωκέναι</strong></span> <span class='ocrx_word' id='word_1_624' title='bbox 3221 3785 3284 3837; x_wconf 81' lang='grc' dir='ltr'><strong>τὸ</strong></span> <span class='ocrx_word' id='word_1_625' title='bbox 3338 3784 3497 3852; x_wconf 84' lang='grc' dir='ltr'><strong>γένος</strong></span> <span class='ocrx_word' id='word_1_626' title='bbox 3539 3780 3648 3834; x_wconf 81' lang='grc' dir='ltr'><strong>τῶν</strong></span> <span class='ocrx_word' id='word_1_627' title='bbox 3703 3778 3751 3810; x_wconf 81' lang='grc'><strong>’⁵⁸</strong></span> 
     </span>
    </p>
   </div>
   <div class='ocr_carea' id='block_1_84' title="bbox 2168 3876 3751 3954">
    <p class='ocr_par' dir='ltr' id='par_1_84' title="bbox 2168 3876 3751 3954">
     <span class='ocr_line' id='line_1_84' title="bbox 2168 3876 3751 3954; baseline -0.008 -18"><span class='ocrx_word' id='word_1_628' title='bbox 2168 3883 2492 3954; x_wconf 79' lang='grc' dir='ltr'><strong>ἀνθρώπων,</strong></span> <span class='ocrx_word' id='word_1_629' title='bbox 2528 3883 2588 3935; x_wconf 81' lang='grc' dir='ltr'><strong>ὃν</strong></span> <span class='ocrx_word' id='word_1_630' title='bbox 2638 3883 2733 3936; x_wconf 77' lang='grc' dir='ltr'><strong>καὶ</strong></span> <span class='ocrx_word' id='word_1_631' title='bbox 2787 3882 2832 3914; x_wconf 67' lang='grc' dir='ltr'><strong>δ’</strong></span> <span class='ocrx_word' id='word_1_632' title='bbox 2878 3880 3176 3950; x_wconf 74' lang='grc' dir='ltr'><strong>ἐλπίζομεν</strong></span> <span class='ocrx_word' id='word_1_633' title='bbox 3218 3878 3443 3931; x_wconf 80' lang='grc' dir='ltr'><strong>ἐλθόντα</strong></span> <span class='ocrx_word' id='word_1_634' title='bbox 3476 3876 3522 3906; x_wconf 86' lang='grc'><strong>⁸⁰</strong></span> <span class='ocrx_word' id='word_1_635' title='bbox 3563 3876 3751 3944; x_wconf 83' lang='grc' dir='ltr'><strong>κρῖναι</strong></span> 
     </span>
    </p>
   </div>
   <div class='ocr_carea' id='block_1_85' title="bbox 2165 3967 3750 4045">
    <p class='ocr_par' dir='ltr' id='par_1_85' title="bbox 2165 3967 3750 4045">
     <span class='ocr_line' id='line_1_85' title="bbox 2165 3967 3750 4045; baseline -0.007 -15"><span class='ocrx_word' id='word_1_636' title='bbox 2165 3980 2374 4040; x_wconf 82' lang='grc' dir='ltr'><strong>πάντας</strong></span> <span class='ocrx_word' id='word_1_637' title='bbox 2433 3979 2492 4029; x_wconf 81' lang='grc' dir='ltr'><strong>ἐν</strong></span> <span class='ocrx_word' id='word_1_638' title='bbox 2548 3974 2885 4045; x_wconf 77' lang='grc' dir='ltr'><strong>δικαιοσύνῃ,</strong></span> <span class='ocrx_word' id='word_1_639' title='bbox 2921 3973 3207 4034; x_wconf 82' lang='grc' dir='ltr'><strong>Πιστεὺεις</strong></span> <span class='ocrx_word' id='word_1_640' title='bbox 3254 3970 3415 4024; x_wconf 85' lang='grc' dir='ltr'><strong>τοῦτο</strong></span> <span class='ocrx_word' id='word_1_641' title='bbox 3471 3971 3539 4034; x_wconf 78' lang='grc'><strong>⁸⁸,</strong></span> <span class='ocrx_word' id='word_1_642' title='bbox 3591 3967 3750 4037; x_wconf 78' lang='grc' dir='ltr'><strong>φιλό-</strong></span> 
     </span>
    </p>
   </div>
   <div class='ocr_carea' id='block_1_86' title="bbox 2168 4059 3747 4139">
    <p class='ocr_par' dir='ltr' id='par_1_86' title="bbox 2168 4059 3747 4139">
     <span class='ocr_line' id='line_1_86' title="bbox 2168 4059 3747 4139; baseline -0.008 -16"><span class='ocrx_word' id='word_1_643' title='bbox 2168 4086 2334 4139; x_wconf 71' lang='grc' dir='ltr'><strong>σοφε;</strong></span> <span class='ocrx_word' id='word_1_644' title='bbox 2381 4088 2399 4122; x_wconf 72' lang='grc' dir='ltr'>ι</span> <span class='ocrx_word' id='word_1_645' title='bbox 2447 4069 2507 4122; x_wconf 87' lang='lat'><strong>&#39;0</strong></span> <span class='ocrx_word' id='word_1_646' title='bbox 2537 4069 2594 4120; x_wconf 88' lang='grc' dir='ltr'><strong>δὲ</strong></span> <span class='ocrx_word' id='word_1_647' title='bbox 2623 4069 2699 4131; x_wconf 83' lang='grc' dir='ltr'><strong>ὡς</strong></span> <span class='ocrx_word' id='word_1_648' title='bbox 2736 4069 2800 4120; x_wconf 85' lang='grc' dir='ltr'><strong>ἄν</strong></span> <span class='ocrx_word' id='word_1_649' title='bbox 2829 4084 2913 4129; x_wconf 72' lang='grc' dir='ltr'><strong>τις</strong></span> <span class='ocrx_word' id='word_1_650' title='bbox 2951 4069 3150 4134; x_wconf 87' lang='grc' dir='ltr'><strong>πεῖραν</strong></span> <span class='ocrx_word' id='word_1_651' title='bbox 3183 4065 3228 4096; x_wconf 80' lang='grc'><strong><em>⁸⁸</em></strong></span> <span class='ocrx_word' id='word_1_652' title='bbox 3260 4063 3436 4132; x_wconf 84' lang='grc' dir='ltr'><strong>λόγων</strong></span> <span class='ocrx_word' id='word_1_653' title='bbox 3472 4059 3747 4130; x_wconf 75' lang='grc' dir='ltr'><strong>μηδέποτε</strong></span> 
     </span>
    </p>
   </div>
   <div class='ocr_carea' id='block_1_87' title="bbox 2165 4152 3745 4231">
    <p class='ocr_par' dir='ltr' id='par_1_87' title="bbox 2165 4152 3745 4231">
     <span class='ocr_line' id='line_1_87' title="bbox 2165 4152 3745 4231; baseline -0.006 -19"><span class='ocrx_word' id='word_1_654' title='bbox 2165 4161 2303 4231; x_wconf 85' lang='grc' dir='ltr'><strong>ἔχων</strong></span> <span class='ocrx_word' id='word_1_655' title='bbox 2335 4163 2416 4224; x_wconf 89' lang='grc' dir='ltr'><strong>είς</strong></span> <span class='ocrx_word' id='word_1_656' title='bbox 2466 4162 2743 4215; x_wconf 78' lang='grc' dir='ltr'><strong>ἀντίθεσιν</strong></span> <span class='ocrx_word' id='word_1_657' title='bbox 2769 4159 2836 4223; x_wconf 83' lang='grc'><strong>⁸³,</strong></span> <span class='ocrx_word' id='word_1_658' title='bbox 2872 4156 3170 4227; x_wconf 85' lang='grc' dir='ltr'><strong>ἁπηνεώθη</strong></span> <span class='ocrx_word' id='word_1_659' title='bbox 3210 4157 3302 4209; x_wconf 77' lang='grc' dir='ltr'><strong>καὶ</strong></span> <span class='ocrx_word' id='word_1_660' title='bbox 3327 4155 3402 4216; x_wconf 85' lang='grc' dir='ltr'><strong>ὼς</strong></span> <span class='ocrx_word' id='word_1_661' title='bbox 3433 4152 3614 4220; x_wconf 74' lang='grc' dir='ltr'><strong>κωφὸς</strong></span> <span class='ocrx_word' id='word_1_662' title='bbox 3647 4152 3745 4204; x_wconf 73' lang='grc' dir='ltr'><strong>καὶ</strong></span> 
     </span>
    </p>
   </div>
   <div class='ocr_carea' id='block_1_88' title="bbox 2163 4245 3744 4322">
    <p class='ocr_par' dir='ltr' id='par_1_88' title="bbox 2163 4245 3744 4322">
     <span class='ocr_line' id='line_1_88' title="bbox 2163 4245 3744 4322; baseline -0.009 -15"><span class='ocrx_word' id='word_1_663' title='bbox 2163 4252 2358 4316; x_wconf 82' lang='grc' dir='ltr'><strong>ἄλαλος</strong></span> <span class='ocrx_word' id='word_1_664' title='bbox 2380 4254 2801 4322; x_wconf 85' lang='grc' dir='ltr'><strong>άποσιωπήσας,</strong></span> <span class='ocrx_word' id='word_1_665' title='bbox 2822 4251 2982 4303; x_wconf 89' lang='grc' dir='ltr'><strong>τοῦτο</strong></span> <span class='ocrx_word' id='word_1_666' title='bbox 3018 4250 3179 4320; x_wconf 86' lang='grc' dir='ltr'><strong>μόνον</strong></span> <span class='ocrx_word' id='word_1_667' title='bbox 3213 4245 3537 4316; x_wconf 77' lang='grc' dir='ltr'><strong>ἐφθέγξατο,</strong></span> <span class='ocrx_word' id='word_1_668' title='bbox 3659 4245 3744 4295; x_wconf 79' lang='grc' dir='ltr'><strong>ὅτι</strong></span> 
     </span>
    </p>
   </div>
   <div class='ocr_carea' id='block_1_89' title="bbox 2163 4335 3745 4413">
    <p class='ocr_par' dir='ltr' id='par_1_89' title="bbox 2163 4335 3745 4413">
     <span class='ocr_line' id='line_1_89' title="bbox 2163 4335 3745 4413; baseline -0.007 -16"><span class='ocrx_word' id='word_1_669' title='bbox 2163 4345 2346 4399; x_wconf 82' lang='grc' dir='ltr'><strong>Ταῦτα</strong></span> <span class='ocrx_word' id='word_1_670' title='bbox 2507 4342 2676 4413; x_wconf 81' lang='grc' dir='ltr'><strong>κάμοὶ</strong></span> <span class='ocrx_word' id='word_1_671' title='bbox 2707 4342 2753 4374; x_wconf 68' lang='grc'><strong>⁸⁵</strong></span> <span class='ocrx_word' id='word_1_672' title='bbox 2785 4343 2958 4402; x_wconf 76' lang='grc' dir='ltr'><strong>οὕτως</strong></span> <span class='ocrx_word' id='word_1_673' title='bbox 3009 4342 3155 4410; x_wconf 80' lang='grc' dir='ltr'><strong>ἔχειν</strong></span> <span class='ocrx_word' id='word_1_674' title='bbox 3181 4340 3349 4392; x_wconf 86' lang='grc' dir='ltr'><strong>δοκεῖ.</strong></span> <span class='ocrx_word' id='word_1_675' title='bbox 3379 4339 3490 4392; x_wconf 76' lang='grc' dir='ltr'><strong>Καὶ</strong></span> <span class='ocrx_word' id='word_1_676' title='bbox 3513 4338 3540 4389; x_wconf 86' lang='grc' dir='ltr'>ὁ</span> <span class='ocrx_word' id='word_1_677' title='bbox 3562 4335 3745 4405; x_wconf 87' lang='grc' dir='ltr'><strong>γέρων</strong></span> 
     </span>
    </p>
   </div>
   <div class='ocr_carea' id='block_1_90' title="bbox 2163 4428 3744 4508">
    <p class='ocr_par' dir='ltr' id='par_1_90' title="bbox 2163 4428 3744 4508">
     <span class='ocr_line' id='line_1_90' title="bbox 2163 4428 3744 4508; baseline -0.008 -19"><span class='ocrx_word' id='word_1_678' title='bbox 2163 4435 2347 4508; x_wconf 72' lang='grc' dir='ltr'><strong>(107δ)</strong></span> <span class='ocrx_word' id='word_1_679' title='bbox 2376 4436 2543 4505; x_wconf 81' lang='grc' dir='ltr'><strong>φησίν</strong></span> <span class='ocrx_word' id='word_1_680' title='bbox 2590 4435 2636 4467; x_wconf 80' lang='grc'><strong>⁸⁸</strong></span> <span class='ocrx_word' id='word_1_681' title='bbox 2664 4451 2677 4466; x_wconf 88' lang='grc'><strong>·</strong></span> <span class='ocrx_word' id='word_1_682' title='bbox 2717 4454 2736 4486; x_wconf 90' lang='grc'><em>‹</em></span> <span class='ocrx_word' id='word_1_683' title='bbox 2785 4433 2996 4487; x_wconf 75' lang='grc' dir='ltr'><strong>Οὐκοῦν</strong></span> <span class='ocrx_word' id='word_1_684' title='bbox 3028 4433 3267 4494; x_wconf 78' lang='grc' dir='ltr'><strong>ἀναστάς</strong></span> <span class='ocrx_word' id='word_1_685' title='bbox 3315 4428 3603 4484; x_wconf 82' lang='grc' dir='ltr'><strong>ἀκολούθει</strong></span> <span class='ocrx_word' id='word_1_686' title='bbox 3649 4443 3744 4495; x_wconf 87' lang='grc' dir='ltr'><strong>μοι</strong></span> 
     </span>
    </p>
   </div>
   <div class='ocr_carea' id='block_1_91' title="bbox 2163 4520 3742 4600">
    <p class='ocr_par' dir='ltr' id='par_1_91' title="bbox 2163 4520 3742 4600">
     <span class='ocr_line' id='line_1_91' title="bbox 2163 4520 3742 4600; baseline 0.003 -21"><span class='ocrx_word' id='word_1_687' title='bbox 2163 4529 2302 4599; x_wconf 77' lang='grc' dir='ltr'><strong>πρὸς</strong></span> <span class='ocrx_word' id='word_1_688' title='bbox 2333 4529 2433 4600; x_wconf 78' lang='grc' dir='ltr'><strong>τὴν</strong></span> <span class='ocrx_word' id='word_1_689' title='bbox 2472 4528 2771 4597; x_wconf 77' lang='grc' dir='ltr'><strong>ἐκκλησίαν</strong></span> <span class='ocrx_word' id='word_1_690' title='bbox 2816 4528 2912 4580; x_wconf 68' lang='grc' dir='ltr'><strong>καλ⁸</strong></span> <span class='ocrx_word' id='word_1_691' title='bbox 2953 4526 3098 4597; x_wconf 80' lang='grc' dir='ltr'><strong>λήψῃ</strong></span> <span class='ocrx_word' id='word_1_692' title='bbox 3137 4526 3200 4579; x_wconf 83' lang='grc' dir='ltr'><strong>τὸ</strong></span> <span class='ocrx_word' id='word_1_693' title='bbox 3231 4527 3460 4595; x_wconf 85' lang='grc' dir='ltr'><strong>σημεῖον</strong></span> <span class='ocrx_word' id='word_1_694' title='bbox 3495 4521 3617 4594; x_wconf 83' lang='grc' dir='ltr'><strong>[τῆς</strong></span> <span class='ocrx_word' id='word_1_695' title='bbox 3645 4520 3742 4572; x_wconf 70' lang='grc' dir='ltr'><strong>πίο</strong></span> 
     </span>
    </p>
   </div>
   <div class='ocr_carea' id='block_1_92' title="bbox 477 4597 2069 4692">
    <p class='ocr_par' dir='ltr' id='par_1_92' title="bbox 477 4616 2053 4690">
     <span class='ocr_line' id='line_1_92' title="bbox 477 4616 2053 4690; baseline 0.006 -24"><span class='ocrx_word' id='word_1_696' title='bbox 477 4629 585 4667; x_wconf 92' lang='lat' dir='ltr'><strong>non</strong></span> <span class='ocrx_word' id='word_1_697' title='bbox 644 4623 822 4682; x_wconf 89' lang='lat' dir='ltr'><strong>potest</strong></span> <span class='ocrx_word' id='word_1_698' title='bbox 869 4617 1014 4669; x_wconf 86' lang='lat' dir='ltr'><strong>enim</strong></span> <span class='ocrx_word' id='word_1_699' title='bbox 1065 4616 1230 4672; x_wconf 90' lang='lat' dir='ltr'><strong>homo</strong></span> <span class='ocrx_word' id='word_1_700' title='bbox 1288 4620 1545 4675; x_wconf 88' lang='lat' dir='ltr'><strong>resistere</strong></span> <span class='ocrx_word' id='word_1_701' title='bbox 1605 4619 1738 4674; x_wconf 88' lang='lat' dir='ltr'><strong>Deo.</strong></span> <span class='ocrx_word' id='word_1_702' title='bbox 1794 4619 2053 4690; x_wconf 87' lang='lat' dir='ltr'><strong>Propter-</strong></span> 
     </span>
    </p>
   </div>
   <div class='ocr_carea' id='block_1_93' title="bbox 2174 4597 3740 4692">
    <p class='ocr_par' dir='ltr' id='par_1_93' title="bbox 2174 4597 3740 4692">
     <span class='ocr_line' id='line_1_93' title="bbox 2174 4597 3740 4692; baseline -0.005 -20"><span class='ocrx_word' id='word_1_703' title='bbox 2174 4597 2359 4692; x_wconf 73' lang='grc' dir='ltr'><strong>στεως]</strong></span> <span class='ocrx_word' id='word_1_704' title='bbox 2388 4597 2616 4690; x_wconf 79' lang='grc' dir='ltr'><strong>ταύτης.</strong></span> <span class='ocrx_word' id='word_1_705' title='bbox 2655 4641 2672 4673; x_wconf 83' lang='grc'>›</span> <span class='ocrx_word' id='word_1_706' title='bbox 2711 4620 2769 4671; x_wconf 89' lang='lat'><strong>&#39;0</strong></span> <span class='ocrx_word' id='word_1_707' title='bbox 2797 4619 2853 4671; x_wconf 82' lang='grc' dir='ltr'><strong>δὲ</strong></span> <span class='ocrx_word' id='word_1_708' title='bbox 2881 4618 3168 4688; x_wconf 81' lang='grc' dir='ltr'><strong>φιλόσοφος</strong></span> <span class='ocrx_word' id='word_1_709' title='bbox 3191 4618 3552 4687; x_wconf 72' lang='grc' dir='ltr'><strong>ἐπιστραφεὶς</strong></span> <span class='ocrx_word' id='word_1_710' title='bbox 3592 4613 3740 4681; x_wconf 88' lang='grc' dir='ltr'><strong>λέγει</strong></span> 
     </span>
    </p>
   </div>
   <div class='ocr_carea' id='block_1_94' title="bbox 475 4705 2053 4778">
    <p class='ocr_par' dir='ltr' id='par_1_94' title="bbox 475 4705 2053 4778">
     <span class='ocr_line' id='line_1_94' title="bbox 475 4705 2053 4778; baseline 0.007 -20"><span class='ocrx_word' id='word_1_711' title='bbox 475 4718 573 4771; x_wconf 86' lang='lat' dir='ltr'><strong>ea,</strong></span> <span class='ocrx_word' id='word_1_712' title='bbox 628 4705 675 4760; x_wconf 91' lang='lat' dir='ltr'><strong>si</strong></span> <span class='ocrx_word' id='word_1_713' title='bbox 716 4708 838 4776; x_wconf 91' lang='lat' dir='ltr'><strong>quis</strong></span> <span class='ocrx_word' id='word_1_714' title='bbox 888 4721 954 4762; x_wconf 81' lang='lat' dir='ltr'><strong>ex</strong></span> <span class='ocrx_word' id='word_1_715' title='bbox 1024 4708 1179 4763; x_wconf 88' lang='lat' dir='ltr'><strong>vobis</strong></span> <span class='ocrx_word' id='word_1_716' title='bbox 1228 4711 1685 4778; x_wconf 81' lang='lat' dir='ltr'><strong>cotnprehendere</strong></span> <span class='ocrx_word' id='word_1_717' title='bbox 1749 4713 1890 4768; x_wconf 89' lang='lat' dir='ltr'><strong>valet.</strong></span> <span class='ocrx_word' id='word_1_718' title='bbox 1945 4715 2053 4770; x_wconf 87' lang='lat' dir='ltr'><strong>sic-</strong></span> 
     </span>
    </p>
   </div>
   <div class='ocr_carea' id='block_1_95' title="bbox 477 4799 2051 4875">
    <p class='ocr_par' dir='ltr' id='par_1_95' title="bbox 477 4799 2051 4875">
     <span class='ocr_line' id='line_1_95' title="bbox 477 4799 2051 4875; baseline 0.006 -23"><span class='ocrx_word' id='word_1_719' title='bbox 477 4807 538 4852; x_wconf 91' lang='lat' dir='ltr'><strong>ut</strong></span> <span class='ocrx_word' id='word_1_720' title='bbox 579 4807 632 4852; x_wconf 87' lang='lat' dir='ltr'><strong>et</strong></span> <span class='ocrx_word' id='word_1_721' title='bbox 667 4813 771 4869; x_wconf 79' lang='lat' dir='ltr'><strong>ego</strong></span> <span class='ocrx_word' id='word_1_722' title='bbox 831 4799 1092 4867; x_wconf 80' lang='lat' dir='ltr'><strong>intellexi,</strong></span> <span class='ocrx_word' id='word_1_723' title='bbox 1127 4800 1180 4856; x_wconf 89' lang='lat' dir='ltr'><strong>in</strong></span> <span class='ocrx_word' id='word_1_724' title='bbox 1212 4801 1489 4857; x_wconf 84' lang='lat' dir='ltr'><strong>Christum</strong></span> <span class='ocrx_word' id='word_1_725' title='bbox 1518 4803 1677 4859; x_wconf 77' lang='lat' dir='ltr'><strong>fidem</strong></span> <span class='ocrx_word' id='word_1_726' title='bbox 1714 4805 1963 4875; x_wconf 88' lang='lat' dir='ltr'><strong>habebit;</strong></span> <span class='ocrx_word' id='word_1_727' title='bbox 1998 4816 2051 4861; x_wconf 90' lang='lat' dir='ltr'><strong>et</strong></span> 
     </span>
    </p>
   </div>
   <div class='ocr_carea' id='block_1_96' title="bbox 475 4891 2054 4966">
    <p class='ocr_par' dir='ltr' id='par_1_96' title="bbox 475 4891 2054 4966">
     <span class='ocr_line' id='line_1_96' title="bbox 475 4891 2054 4966; baseline 0.008 -26"><span class='ocrx_word' id='word_1_728' title='bbox 475 4896 603 4942; x_wconf 91' lang='lat' dir='ltr'><strong>tunc</strong></span> <span class='ocrx_word' id='word_1_729' title='bbox 630 4903 840 4944; x_wconf 91' lang='lat' dir='ltr'><strong>mecum</strong></span> <span class='ocrx_word' id='word_1_730' title='bbox 856 4891 1149 4946; x_wconf 89' lang='lat' dir='ltr'><strong>comitetur</strong></span> <span class='ocrx_word' id='word_1_731' title='bbox 1170 4891 1441 4946; x_wconf 89' lang='lat' dir='ltr'><strong>seniorem</strong></span> <span class='ocrx_word' id='word_1_732' title='bbox 1457 4893 1601 4949; x_wconf 87' lang='lat' dir='ltr'><strong>hunc</strong></span> <span class='ocrx_word' id='word_1_733' title='bbox 1623 4910 1716 4964; x_wconf 87' lang='lat' dir='ltr'><strong>per</strong></span> <span class='ocrx_word' id='word_1_734' title='bbox 1729 4911 1890 4966; x_wconf 89' lang='lat' dir='ltr'><strong>quem</strong></span> <span class='ocrx_word' id='word_1_735' title='bbox 1911 4896 2054 4952; x_wconf 87' lang='lat' dir='ltr'><strong>Deus</strong></span> 
     </span>
    </p>
   </div>
   <div class='ocr_carea' id='block_1_97' title="bbox 477 4978 2052 5054">
    <p class='ocr_par' dir='ltr' id='par_1_97' title="bbox 477 4978 2052 5054">
     <span class='ocr_line' id='line_1_97' title="bbox 477 4978 2052 5054; baseline 0.007 -24"><span class='ocrx_word' id='word_1_736' title='bbox 477 4978 693 5035; x_wconf 88' lang='lat' dir='ltr'><strong>locutus</strong></span> <span class='ocrx_word' id='word_1_737' title='bbox 722 4991 823 5036; x_wconf 87' lang='lat' dir='ltr'><strong>est.</strong></span> <span class='ocrx_word' id='word_1_738' title='bbox 867 4999 886 5033; x_wconf 71' lang='grc' dir='ltr'>ι</span> <span class='ocrx_word' id='word_1_739' title='bbox 920 4979 1032 5038; x_wconf 91' lang='lat' dir='ltr'><strong>Hoc</strong></span> <span class='ocrx_word' id='word_1_740' title='bbox 1083 4981 1247 5054; x_wconf 86' lang='lat' dir='ltr'><strong>igitur</strong></span> <span class='ocrx_word' id='word_1_741' title='bbox 1277 4983 1443 5039; x_wconf 89' lang='lat' dir='ltr'><strong>modo</strong></span> <span class='ocrx_word' id='word_1_742' title='bbox 1474 4984 1824 5043; x_wconf 88' lang='lat' dir='ltr'><strong>Christianus</strong></span> <span class='ocrx_word' id='word_1_743' title='bbox 1871 4987 2052 5044; x_wconf 77' lang='lat' dir='ltr'><strong>factus</strong></span> 
     </span>
    </p>
   </div>
   <div class='ocr_carea' id='block_1_98' title="bbox 2159 4701 3739 4782">
    <p class='ocr_par' dir='ltr' id='par_1_98' title="bbox 2159 4701 3739 4782">
     <span class='ocr_line' id='line_1_98' title="bbox 2159 4701 3739 4782; baseline -0.005 -17"><span class='ocrx_word' id='word_1_744' title='bbox 2159 4715 2272 4775; x_wconf 83' lang='grc' dir='ltr'><strong>τοῖς</strong></span> <span class='ocrx_word' id='word_1_745' title='bbox 2295 4712 2566 4782; x_wconf 78' lang='grc' dir='ltr'><strong>μαθηταῖς</strong></span> <span class='ocrx_word' id='word_1_746' title='bbox 2610 4711 2781 4765; x_wconf 74' lang='grc' dir='ltr'><strong>αὐτοῦ</strong></span> <span class='ocrx_word' id='word_1_747' title='bbox 2805 4728 2818 4741; x_wconf 78' lang='grc' dir='ltr'><strong>ο</strong></span> <span class='ocrx_word' id='word_1_748' title='bbox 2867 4730 2886 4764; x_wconf 82' lang='grc' dir='ltr'><strong>ι</strong></span> <span class='ocrx_word' id='word_1_749' title='bbox 2929 4709 3231 4764; x_wconf 82' lang='grc' dir='ltr'><strong>Ἀκούσατέ</strong></span> <span class='ocrx_word' id='word_1_750' title='bbox 3270 4725 3394 4779; x_wconf 89' lang='grc' dir='ltr'><strong>μου,</strong></span> <span class='ocrx_word' id='word_1_751' title='bbox 3425 4701 3470 4760; x_wconf 83' lang='grc' dir='ltr'><strong>ὦ</strong></span> <span class='ocrx_word' id='word_1_752' title='bbox 3503 4707 3698 4775; x_wconf 81' lang='grc' dir='ltr'><strong>ἄνδρες</strong></span> <span class='ocrx_word' id='word_1_753' title='bbox 3724 4722 3739 4736; x_wconf 72' lang='grc' dir='ltr'><strong>ο</strong></span> 
     </span>
    </p>
   </div>
   <div class='ocr_carea' id='block_1_99' title="bbox 2159 4797 3742 4874">
    <p class='ocr_par' dir='ltr' id='par_1_99' title="bbox 2159 4797 3742 4874">
     <span class='ocr_line' id='line_1_99' title="bbox 2159 4797 3742 4874; baseline -0.001 -18"><span class='ocrx_word' id='word_1_754' title='bbox 2159 4805 2262 4868; x_wconf 73' lang='grc' dir='ltr'><strong>ἕως</strong></span> <span class='ocrx_word' id='word_1_755' title='bbox 2289 4804 2377 4856; x_wconf 83' lang='grc' dir='ltr'><strong>ὅτε</strong></span> <span class='ocrx_word' id='word_1_756' title='bbox 2405 4803 2578 4872; x_wconf 86' lang='grc' dir='ltr'><strong>λόγων</strong></span> <span class='ocrx_word' id='word_1_757' title='bbox 2611 4803 2960 4874; x_wconf 82' lang='grc' dir='ltr'><strong>ἐποιησάμην</strong></span> <span class='ocrx_word' id='word_1_758' title='bbox 2983 4801 3029 4834; x_wconf 83' lang='grc'><strong>³⁸</strong></span> <span class='ocrx_word' id='word_1_759' title='bbox 3071 4801 3330 4870; x_wconf 86' lang='grc' dir='ltr'><strong>σπουδὴν,</strong></span> <span class='ocrx_word' id='word_1_760' title='bbox 3359 4800 3548 4869; x_wconf 80' lang='grc' dir='ltr'><strong>λόγους</strong></span> <span class='ocrx_word' id='word_1_761' title='bbox 3571 4797 3742 4872; x_wconf 62' lang='grc'><strong>408</strong></span> 
     </span>
    </p>
   </div>
   <div class='ocr_carea' id='block_1_100' title="bbox 2163 4893 3740 4967">
    <p class='ocr_par' dir='ltr' id='par_1_100' title="bbox 2163 4893 3740 4967">
     <span class='ocr_line' id='line_1_100' title="bbox 2163 4893 3740 4967; baseline -0.006 -17"><span class='ocrx_word' id='word_1_762' title='bbox 2163 4899 2341 4966; x_wconf 84' lang='grc' dir='ltr'><strong>λόγοις</strong></span> <span class='ocrx_word' id='word_1_763' title='bbox 2399 4896 2711 4951; x_wconf 86' lang='grc' dir='ltr'><strong>ἀντετίθουν</strong></span> <span class='ocrx_word' id='word_1_764' title='bbox 2767 4898 2864 4950; x_wconf 70' lang='grc' dir='ltr'><strong>καὶ</strong></span> <span class='ocrx_word' id='word_1_765' title='bbox 2913 4896 2982 4952; x_wconf 77' lang='grc' dir='ltr'><strong>τὰ</strong></span> <span class='ocrx_word' id='word_1_766' title='bbox 3035 4895 3461 4967; x_wconf 76' lang='grc' dir='ltr'><strong>προσφερόμενα</strong></span> <span class='ocrx_word' id='word_1_767' title='bbox 3495 4893 3541 4925; x_wconf 83' lang='grc'><strong>⁸⁷</strong></span> <span class='ocrx_word' id='word_1_768' title='bbox 3571 4893 3740 4962; x_wconf 80' lang='grc' dir='ltr'><strong>τέχνῃ</strong></span> 
     </span>
    </p>
   </div>
   <div class='ocr_carea' id='block_1_101' title="bbox 2161 4981 3735 5059">
    <p class='ocr_par' dir='ltr' id='par_1_101' title="bbox 2161 4981 3735 5059">
     <span class='ocr_line' id='line_1_101' title="bbox 2161 4981 3735 5059; baseline -0.003 -19"><span class='ocrx_word' id='word_1_769' title='bbox 2161 4989 2255 5041; x_wconf 83' lang='grc' dir='ltr'><strong>τοῦ</strong></span> <span class='ocrx_word' id='word_1_770' title='bbox 2282 4988 2461 5056; x_wconf 87' lang='grc' dir='ltr'><strong>λέγειν</strong></span> <span class='ocrx_word' id='word_1_771' title='bbox 2488 4989 2810 5059; x_wconf 82' lang='grc' dir='ltr'><strong>ἀνέτρεπον.</strong></span> <span class='ocrx_word' id='word_1_772' title='bbox 2839 4989 2966 5042; x_wconf 85' lang='grc' dir='ltr'><strong>Ὅτε</strong></span> <span class='ocrx_word' id='word_1_773' title='bbox 3012 4988 3071 5042; x_wconf 82' lang='grc' dir='ltr'><strong>δὲ</strong></span> <span class='ocrx_word' id='word_1_774' title='bbox 3124 4989 3247 5041; x_wconf 71' lang='grc' dir='ltr'><strong>ἀντὶ</strong></span> <span class='ocrx_word' id='word_1_775' title='bbox 3278 4986 3452 5053; x_wconf 75' lang='grc' dir='ltr'><strong>λόγων</strong></span> <span class='ocrx_word' id='word_1_776' title='bbox 3502 4981 3735 5050; x_wconf 76' lang='grc' dir='ltr'><strong>δύναμίς</strong></span> 
     </span>
    </p>
   </div>
   <div class='ocr_carea' id='block_1_102' title="bbox 1633 5124 2532 5187">
    <p class='ocr_par' dir='ltr' id='par_1_102' title="bbox 1633 5124 2532 5187">
     <span class='ocr_line' id='line_1_102' title="bbox 1633 5124 2532 5187; baseline 0.001 -4"><span class='ocrx_word' id='word_1_777' title='bbox 1633 5124 1834 5185; x_wconf 77' lang='lat' dir='ltr'><strong>Variae</strong></span> <span class='ocrx_word' id='word_1_778' title='bbox 1879 5125 2193 5187; x_wconf 83' lang='lat' dir='ltr'><strong>lectiones</strong></span> <span class='ocrx_word' id='word_1_779' title='bbox 2235 5131 2296 5187; x_wconf 87' lang='lat' dir='ltr'><strong>et</strong></span> <span class='ocrx_word' id='word_1_780' title='bbox 2340 5131 2532 5185; x_wconf 64' lang='lat' dir='ltr'><strong>notas.</strong></span> 
     </span>
    </p>
   </div>
   <div class='ocr_carea' id='block_1_103' title="bbox 566 5246 1812 5306">
    <p class='ocr_par' dir='ltr' id='par_1_103' title="bbox 566 5246 1812 5306">
     <span class='ocr_line' id='line_1_103' title="bbox 566 5246 1812 5306; baseline 0.005 -6"><span class='ocrx_word' id='word_1_781' title='bbox 566 5247 611 5279; x_wconf 80' lang='grc'><strong>³⁸</strong></span> <span class='ocrx_word' id='word_1_782' title='bbox 637 5246 731 5300; x_wconf 85' lang='grc' dir='ltr'><strong>καί</strong></span> <span class='ocrx_word' id='word_1_783' title='bbox 794 5248 918 5303; x_wconf 85' lang='lat' dir='ltr'><strong>add.</strong></span> <span class='ocrx_word' id='word_1_784' title='bbox 969 5250 1090 5306; x_wconf 91' lang='lat' dir='ltr'><strong>cod.</strong></span> <span class='ocrx_word' id='word_1_785' title='bbox 1195 5251 1240 5292; x_wconf 78' lang='grc'><strong>³⁷</strong></span> <span class='ocrx_word' id='word_1_786' title='bbox 1285 5251 1364 5304; x_wconf 83' lang='lat' dir='ltr'><strong>&#39;E.</strong></span> <span class='ocrx_word' id='word_1_787' title='bbox 1496 5271 1554 5305; x_wconf 89' lang='grc' dir='ltr'><strong>π.</strong></span> <span class='ocrx_word' id='word_1_788' title='bbox 1592 5252 1646 5304; x_wconf 86' lang='grc' dir='ltr'><strong>ὰ.</strong></span> <span class='ocrx_word' id='word_1_789' title='bbox 1681 5251 1812 5306; x_wconf 86' lang='lat' dir='ltr'><strong>Ced.</strong></span> 
     </span>
    </p>
   </div>
   <div class='ocr_carea' id='block_1_104' title="bbox 475 5314 1143 5386">
    <p class='ocr_par' dir='ltr' id='par_1_104' title="bbox 475 5314 1143 5386">
     <span class='ocr_line' id='line_1_104' title="bbox 475 5314 1143 5386; baseline 0.007 -17"><span class='ocrx_word' id='word_1_790' title='bbox 475 5333 636 5386; x_wconf 83' lang='grc' dir='ltr'><strong>μενος</strong></span> <span class='ocrx_word' id='word_1_791' title='bbox 689 5314 756 5368; x_wconf 70' lang='grc' dir='ltr'><strong>ν.</strong></span> <span class='ocrx_word' id='word_1_792' title='bbox 803 5317 856 5383; x_wconf 91' lang='grc'><strong>1,</strong></span> <span class='ocrx_word' id='word_1_793' title='bbox 913 5319 982 5374; x_wconf 80' lang='grc' dir='ltr'><strong>Μ.</strong></span> <span class='ocrx_word' id='word_1_794' title='bbox 1033 5321 1143 5384; x_wconf 75' lang='grc'><strong>1,2.</strong></span> 
     </span>
    </p>
   </div>
   <div class='ocr_carea' id='block_1_105' title="bbox 473 5387 1460 5459">
    <p class='ocr_par' dir='ltr' id='par_1_105' title="bbox 473 5387 1460 5459">
     <span class='ocr_line' id='line_1_105' title="bbox 473 5387 1460 5459; baseline 0.005 -22"><span class='ocrx_word' id='word_1_795' title='bbox 473 5387 540 5459; x_wconf 74' lang='lat'><strong>&#39;_‘_</strong></span> <span class='ocrx_word' id='word_1_796' title='bbox 577 5389 1055 5459; x_wconf 68' lang='grc' dir='ltr'><strong>έπικρατεστέρως</strong></span> <span class='ocrx_word' id='word_1_797' title='bbox 1090 5457 1106 5459; x_wconf 92' lang='lat'><em>_</em></span> <span class='ocrx_word' id='word_1_798' title='bbox 1133 5387 1460 5459; x_wconf 58' lang='lat' dir='ltr'><strong>dwrgzpépe‘ro</strong></span> 
     </span>
    </p>
   </div>
   <div class='ocr_carea' id='block_1_106' title="bbox 469 5456 1748 5526">
    <p class='ocr_par' dir='ltr' id='par_1_106' title="bbox 469 5456 1748 5526">
     <span class='ocr_line' id='line_1_106' title="bbox 469 5456 1748 5526; baseline 0.002 -16"><span class='ocrx_word' id='word_1_799' title='bbox 469 5456 751 5524; x_wconf 53' lang='lat' dir='ltr'><strong>(una?)</strong></span> <span class='ocrx_word' id='word_1_800' title='bbox 828 5457 874 5488; x_wconf 72' lang='grc' dir='ltr'>ιι</span> <span class='ocrx_word' id='word_1_801' title='bbox 903 5456 1046 5526; x_wconf 80' lang='grc' dir='ltr'><strong>λόγῳ</strong></span> <span class='ocrx_word' id='word_1_802' title='bbox 1075 5457 1295 5512; x_wconf 81' lang='lat' dir='ltr'><strong>Ced.V.</strong></span> <span class='ocrx_word' id='word_1_803' title='bbox 1338 5456 1624 5523; x_wconf 76' lang='lat' dir='ltr'><strong>t,n.t,2.</strong></span> <span class='ocrx_word' id='word_1_804' title='bbox 1704 5461 1748 5492; x_wconf 75' lang='grc' dir='ltr'>ιι</span> 
     </span>
    </p>
   </div>
   <div class='ocr_carea' id='block_1_107' title="bbox 469 5526 1789 5598">
    <p class='ocr_par' dir='ltr' id='par_1_107' title="bbox 469 5526 1789 5598">
     <span class='ocr_line' id='line_1_107' title="bbox 469 5526 1789 5598; baseline 0.002 -18"><span class='ocrx_word' id='word_1_805' title='bbox 469 5526 583 5598; x_wconf 78' lang='lat'><strong>1,2,</strong></span> <span class='ocrx_word' id='word_1_806' title='bbox 615 5527 709 5598; x_wconf 72' lang='lat' dir='ltr'><strong>sed</strong></span> <span class='ocrx_word' id='word_1_807' title='bbox 731 5526 1081 5598; x_wconf 51' lang='lat' dir='ltr'><strong>rpiptﬁoi:</strong></span> <span class='ocrx_word' id='word_1_808' title='bbox 1108 5529 1418 5598; x_wconf 82' lang='grc' dir='ltr'><strong>τέρμινθος,</strong></span> <span class='ocrx_word' id='word_1_809' title='bbox 1453 5526 1789 5598; x_wconf 63' lang='grc' dir='ltr'><strong>τερέϐινθοςζ</strong></span> 
     </span>
    </p>
   </div>
   <div class='ocr_carea' id='block_1_108' title="bbox 1535 5390 1905 5456">
    <p class='ocr_par' dir='ltr' id='par_1_108' title="bbox 1535 5390 1905 5456">
     <span class='ocr_line' id='line_1_108' title="bbox 1535 5390 1905 5456; baseline 0.003 -11"><span class='ocrx_word' id='word_1_810' title='bbox 1535 5390 1663 5445; x_wconf 83' lang='lat' dir='ltr'><strong>Ced.</strong></span> <span class='ocrx_word' id='word_1_811' title='bbox 1725 5390 1790 5445; x_wconf 86' lang='lat' dir='ltr'><strong>V.</strong></span> <span class='ocrx_word' id='word_1_812' title='bbox 1844 5394 1905 5456; x_wconf 93' lang='lat'><strong>1,</strong></span> 
     </span>
    </p>
   </div>
   <div class='ocr_carea' id='block_1_109' title="bbox 1254 5319 2086 5391">
    <p class='ocr_par' dir='ltr' id='par_1_109' title="bbox 1254 5319 2086 5391">
     <span class='ocr_line' id='line_1_109' title="bbox 1254 5319 2086 5391; baseline 0.007 -19"><span class='ocrx_word' id='word_1_813' title='bbox 1254 5321 1300 5352; x_wconf 67' lang='grc' dir='ltr'><strong>’ν</strong></span> <span class='ocrx_word' id='word_1_814' title='bbox 1342 5319 1828 5391; x_wconf 40' lang='grc' dir='ltr'><strong>συμϐουληνηλ,</strong></span> <span class='ocrx_word' id='word_1_815' title='bbox 1857 5325 1874 5391; x_wconf 88' lang='grc'>(</span> <span class='ocrx_word' id='word_1_816' title='bbox 1903 5323 1976 5378; x_wconf 79' lang='grc' dir='ltr'><strong>ιι.</strong></span> <span class='ocrx_word' id='word_1_817' title='bbox 2035 5326 2086 5390; x_wconf 87' lang='lat'><strong>1,</strong></span> 
     </span>
    </p>
   </div>
   <div class='ocr_carea' id='block_1_110' title="bbox 1783 5393 3731 5533">
    <p class='ocr_par' dir='ltr' id='par_1_110' title="bbox 1783 5393 3731 5533">
     <span class='ocr_line' id='line_1_110' title="bbox 1783 5393 3730 5463; baseline 0.002 -18"><span class='ocrx_word' id='word_1_818' title='bbox 1783 5431 1790 5445; x_wconf 92' lang='lat'><strong>.</strong></span> <span class='ocrx_word' id='word_1_819' title='bbox 1844 5394 1905 5456; x_wconf 93' lang='lat'><strong>1,</strong></span> <span class='ocrx_word' id='word_1_820' title='bbox 1977 5393 2049 5449; x_wconf 82' lang='lat' dir='ltr'><strong>M.</strong></span> <span class='ocrx_word' id='word_1_821' title='bbox 2121 5395 2232 5458; x_wconf 65' lang='lat'><strong>1,2.</strong></span> <span class='ocrx_word' id='word_1_822' title='bbox 2376 5394 2420 5425; x_wconf 85' lang='grc'>³³</span> <span class='ocrx_word' id='word_1_823' title='bbox 2448 5393 2516 5444; x_wconf 84' lang='grc' dir='ltr'><strong>ια’</strong></span> <span class='ocrx_word' id='word_1_824' title='bbox 2578 5393 2709 5463; x_wconf 73' lang='grc' dir='ltr'><strong>περὶ</strong></span> <span class='ocrx_word' id='word_1_825' title='bbox 2765 5393 2859 5446; x_wconf 83' lang='grc' dir='ltr'><strong>τοῦ</strong></span> <span class='ocrx_word' id='word_1_826' title='bbox 2905 5393 3059 5460; x_wconf 83' lang='grc' dir='ltr'><strong>ἁγίου</strong></span> <span class='ocrx_word' id='word_1_827' title='bbox 3123 5393 3466 5462; x_wconf 80' lang='grc' dir='ltr'><strong>Σπυρίδωνος</strong></span> <span class='ocrx_word' id='word_1_828' title='bbox 3536 5393 3598 5445; x_wconf 74' lang='grc' dir='ltr'><strong>ν.</strong></span> <span class='ocrx_word' id='word_1_829' title='bbox 3666 5395 3730 5456; x_wconf 88' lang='lat'><strong>1,</strong></span> 
     </span>
     <span class='ocr_line' id='line_1_111' title="bbox 1783 5460 3731 5533; baseline -0.001 -16"><span class='ocrx_word' id='word_1_830' title='bbox 1783 5460 1834 5530; x_wconf 85' lang='grc' dir='ltr'><strong>β.</strong></span> <span class='ocrx_word' id='word_1_831' title='bbox 1868 5463 1962 5516; x_wconf 88' lang='grc' dir='ltr'><strong>τοῦ</strong></span> <span class='ocrx_word' id='word_1_832' title='bbox 2017 5463 2154 5516; x_wconf 86' lang='grc' dir='ltr'><strong>Θεοῦ</strong></span> <span class='ocrx_word' id='word_1_833' title='bbox 2185 5463 2258 5518; x_wconf 81' lang='grc' dir='ltr'><strong>Μ.</strong></span> <span class='ocrx_word' id='word_1_834' title='bbox 2296 5463 2407 5527; x_wconf 72' lang='lat'><strong>1,2.</strong></span> <span class='ocrx_word' id='word_1_835' title='bbox 2493 5462 2944 5533; x_wconf 62' lang='lat' dir='ltr'><strong>&#39;9&#39;1‘ptpuooi3v-co;</strong></span> <span class='ocrx_word' id='word_1_836' title='bbox 2985 5462 3055 5515; x_wconf 80' lang='grc' dir='ltr'><strong>Μ.</strong></span> <span class='ocrx_word' id='word_1_837' title='bbox 3095 5462 3206 5528; x_wconf 72' lang='lat'><strong>1,2,</strong></span> <span class='ocrx_word' id='word_1_838' title='bbox 3247 5461 3638 5533; x_wconf 81' lang='grc' dir='ltr'><strong>Τριμηθόντων</strong></span> <span class='ocrx_word' id='word_1_839' title='bbox 3668 5462 3731 5516; x_wconf 64' lang='grc' dir='ltr'><strong>ν.</strong></span> 
     </span>
    </p>
   </div>
   <div class='ocr_carea' id='block_1_111' title="bbox 1867 5531 2069 5605">
    <p class='ocr_par' dir='ltr' id='par_1_111' title="bbox 1867 5533 2069 5605">
     <span class='ocr_line' id='line_1_112' title="bbox 1867 5533 2069 5605; baseline 0.005 -42"><span class='ocrx_word' id='word_1_840' title='bbox 1867 5533 1911 5564; x_wconf 75' lang='grc'><strong>³7</strong></span> <span class='ocrx_word' id='word_1_841' title='bbox 1939 5535 2069 5605; x_wconf 39' lang='lat' dir='ltr'><strong>Exul</strong></span> 
     </span>
    </p>
   </div>
   <div class='ocr_carea' id='block_1_112' title="bbox 2174 5531 3735 5605">
    <p class='ocr_par' dir='ltr' id='par_1_112' title="bbox 2174 5531 3735 5605">
     <span class='ocr_line' id='line_1_113' title="bbox 2174 5531 3735 5605; baseline -0.003 -18"><span class='ocrx_word' id='word_1_842' title='bbox 2174 5553 2228 5605; x_wconf 61' lang='grc' dir='ltr'><strong>ον</strong></span> <span class='ocrx_word' id='word_1_843' title='bbox 2262 5533 2394 5605; x_wconf 79' lang='lat' dir='ltr'><strong>Ged.</strong></span> <span class='ocrx_word' id='word_1_844' title='bbox 2427 5533 2491 5605; x_wconf 66' lang='grc' dir='ltr'><strong>ν.</strong></span> <span class='ocrx_word' id='word_1_845' title='bbox 2521 5533 2672 5605; x_wconf 76' lang='lat' dir='ltr'><strong>1,_lll.</strong></span> <span class='ocrx_word' id='word_1_846' title='bbox 2700 5532 2843 5605; x_wconf 25' lang='grc' dir='ltr'><strong>⁸1⁸2.Δ</strong></span> <span class='ocrx_word' id='word_1_847' title='bbox 2903 5532 2949 5605; x_wconf 55' lang='grc' dir='ltr'><em>ξε</em></span> <span class='ocrx_word' id='word_1_848' title='bbox 2983 5533 3114 5605; x_wconf 79' lang='grc' dir='ltr'><strong>ἁπλ.</strong></span> <span class='ocrx_word' id='word_1_849' title='bbox 3145 5531 3488 5605; x_wconf 21' lang='grc' dir='ltr'><strong>μένλδίέίβ.</strong></span> <span class='ocrx_word' id='word_1_850' title='bbox 3511 5533 3735 5605; x_wconf 30' lang='grc' dir='ltr'><strong>--η-τῷ</strong></span> 
     </span>
    </p>
   </div>
   <div class='ocr_carea' id='block_1_113' title="bbox 1921 5252 3738 5394">
    <p class='ocr_par' dir='ltr' id='par_1_113' title="bbox 1921 5252 3738 5394">
     <span class='ocr_line' id='line_1_114' title="bbox 1921 5252 3738 5376; baseline 0 -70"><span class='ocrx_word' id='word_1_851' title='bbox 1921 5255 1966 5287; x_wconf 80' lang='grc'><strong>³⁸</strong></span> <span class='ocrx_word' id='word_1_852' title='bbox 1995 5256 2222 5317; x_wconf 79' lang='grc' dir='ltr'><strong>καὶτοῖς</strong></span> <span class='ocrx_word' id='word_1_853' title='bbox 2245 5254 2569 5315; x_wconf 80' lang='grc' dir='ltr'><strong>ἐπισκόποις</strong></span> <span class='ocrx_word' id='word_1_854' title='bbox 2611 5255 2755 5376; x_wconf 54' lang='grc' dir='ltr'><strong>ὑπὲρ</strong></span> <span class='ocrx_word' id='word_1_855' title='bbox 2770 5253 2980 5324; x_wconf 81' lang='grc' dir='ltr'><strong>Ἀρείου</strong></span> <span class='ocrx_word' id='word_1_856' title='bbox 3020 5252 3316 5322; x_wconf 83' lang='grc' dir='ltr'><strong>πάμπολλα</strong></span> <span class='ocrx_word' id='word_1_857' title='bbox 3346 5252 3738 5322; x_wconf 78' lang='grc' dir='ltr'><strong>διαπληκτιζό-</strong></span> 
     </span>
     <span class='ocr_line' id='line_1_115' title="bbox 1921 5322 3730 5394; baseline -0.001 -18"><span class='ocrx_word' id='word_1_858' title='bbox 1921 5323 1991 5394; x_wconf 71' lang='lat' dir='ltr'><strong>li.</strong></span> <span class='ocrx_word' id='word_1_859' title='bbox 2035 5326 2086 5390; x_wconf 92' lang='lat'><strong>1,</strong></span> <span class='ocrx_word' id='word_1_860' title='bbox 2143 5324 2265 5394; x_wconf 75' lang='lat'><strong>9.?)</strong></span> <span class='ocrx_word' id='word_1_861' title='bbox 2393 5324 2437 5354; x_wconf 89' lang='grc'>³⁰</span> <span class='ocrx_word' id='word_1_862' title='bbox 2481 5325 2692 5394; x_wconf 59' lang='grc' dir='ltr'><strong>ἐπιτρ.</strong></span> <span class='ocrx_word' id='word_1_863' title='bbox 2765 5328 2863 5394; x_wconf 86' lang='lat'><strong>.1.</strong></span> <span class='ocrx_word' id='word_1_864' title='bbox 2918 5326 3074 5394; x_wconf 14' lang='grc' dir='ltr'><strong>γ³¹γφ.</strong></span> <span class='ocrx_word' id='word_1_865' title='bbox 3131 5323 3452 5394; x_wconf 79' lang='grc' dir='ltr'><strong>διαστρέψαι</strong></span> <span class='ocrx_word' id='word_1_866' title='bbox 3620 5322 3730 5388; x_wconf 74' lang='grc'><strong>1,2.</strong></span> 
     </span>
    </p>
   </div>
   <div class='ocr_carea' id='block_1_114' title="bbox 2148 5341 2664 5393">
    <p class='ocr_par' dir='ltr' id='par_1_114' title="bbox 2148 5341 2664 5393">
     <span class='ocr_line' id='line_1_116' title="bbox 2148 5341 2664 5393; baseline -0.002 -15"><span class='ocrx_word' id='word_1_867' title='bbox 2148 5341 2216 5378; x_wconf 71' lang='lat'><strong>2!</strong></span> <span class='ocrx_word' id='word_1_868' title='bbox 2247 5341 2265 5393; x_wconf 86' lang='lat'><strong><em>)</em></strong></span> <span class='ocrx_word' id='word_1_869' title='bbox 2393 5341 2437 5354; x_wconf 82' lang='lat'><strong>&quot;</strong></span> <span class='ocrx_word' id='word_1_870' title='bbox 2481 5341 2664 5393; x_wconf 19' lang='grc' dir='ltr'><strong>ελπιτρ.</strong></span> 
     </span>
    </p>
   </div>
   <div class='ocr_carea' id='block_1_115' title="bbox 2765 5322 3730 5407">
    <p class='ocr_par' dir='ltr' id='par_1_115' title="bbox 2765 5322 3730 5407">
     <span class='ocr_line' id='line_1_117' title="bbox 2765 5322 3730 5407; baseline -0.002 -31"><span class='ocrx_word' id='word_1_871' title='bbox 2765 5322 2863 5404; x_wconf 53' lang='lat'><strong>.1:</strong></span> <span class='ocrx_word' id='word_1_872' title='bbox 2915 5326 3074 5407; x_wconf 42' lang='grc' dir='ltr'><strong>βξφ.</strong></span> <span class='ocrx_word' id='word_1_873' title='bbox 3123 5323 3452 5407; x_wconf 59' lang='grc' dir='ltr'><strong>διαστρέψαι</strong></span> <span class='ocrx_word' id='word_1_874' title='bbox 3501 5322 3575 5407; x_wconf 51' lang='grc' dir='ltr'><strong>ὗε.</strong></span> <span class='ocrx_word' id='word_1_875' title='bbox 3620 5322 3730 5407; x_wconf 51' lang='grc' dir='ltr'><strong>1ᾂ.</strong></span> 
     </span>
    </p>
   </div>
   <div class='ocr_carea' id='block_1_116' title="bbox 2376 5391 3730 5463">
    <p class='ocr_par' dir='ltr' id='par_1_116' title="bbox 2376 5391 3730 5463">
     <span class='ocr_line' id='line_1_118' title="bbox 2376 5391 3730 5463; baseline 0.003 -19"><span class='ocrx_word' id='word_1_876' title='bbox 2376 5394 2420 5425; x_wconf 86' lang='grc'>³³</span> <span class='ocrx_word' id='word_1_877' title='bbox 2448 5391 2530 5463; x_wconf 2' lang='grc' dir='ltr'><strong>ια’,</strong></span> <span class='ocrx_word' id='word_1_878' title='bbox 2578 5391 2709 5463; x_wconf 73' lang='grc' dir='ltr'><strong>περὶ</strong></span> <span class='ocrx_word' id='word_1_879' title='bbox 2765 5393 2859 5446; x_wconf 83' lang='grc' dir='ltr'><strong>τοῦ</strong></span> <span class='ocrx_word' id='word_1_880' title='bbox 2905 5391 3059 5460; x_wconf 76' lang='grc' dir='ltr'><strong>ἁγίου</strong></span> <span class='ocrx_word' id='word_1_881' title='bbox 3123 5391 3466 5463; x_wconf 79' lang='grc' dir='ltr'><strong>Σπυρίδωνος</strong></span> <span class='ocrx_word' id='word_1_882' title='bbox 3536 5391 3598 5445; x_wconf 74' lang='grc' dir='ltr'><strong>ν.</strong></span> <span class='ocrx_word' id='word_1_883' title='bbox 3666 5395 3730 5463; x_wconf 83' lang='lat'><strong>1,</strong></span> 
     </span>
    </p>
   </div>
   <div class='ocr_carea' id='block_1_117' title="bbox 465 5587 2069 5697">
    <p class='ocr_par' dir='ltr' id='par_1_117' title="bbox 465 5587 2069 5697">
     <span class='ocr_line' id='line_1_119' title="bbox 465 5587 2069 5697; baseline 0.006 -49"><span class='ocrx_word' id='word_1_884' title='bbox 465 5587 609 5697; x_wconf 65' lang='grc' dir='ltr'><strong>λόγιρ</strong></span> <span class='ocrx_word' id='word_1_885' title='bbox 647 5593 708 5648; x_wconf 75' lang='grc' dir='ltr'><strong>ν.</strong></span> <span class='ocrx_word' id='word_1_886' title='bbox 743 5587 880 5648; x_wconf 54' lang='lat'><strong>1&#39;51.</strong></span> <span class='ocrx_word' id='word_1_887' title='bbox 914 5587 1027 5658; x_wconf 48' lang='grc'><strong>132.</strong></span> <span class='ocrx_word' id='word_1_888' title='bbox 1104 5597 1151 5628; x_wconf 70' lang='grc' dir='ltr'><strong>⁸ο</strong></span> <span class='ocrx_word' id='word_1_889' title='bbox 1174 5587 1417 5668; x_wconf 59' lang='grc' dir='ltr'><strong>δοθῆναι</strong></span> <span class='ocrx_word' id='word_1_890' title='bbox 1455 5587 1584 5654; x_wconf 70' lang='grc' dir='ltr'><strong>Οέᾱ.</strong></span> <span class='ocrx_word' id='word_1_891' title='bbox 1667 5600 1709 5632; x_wconf 64' lang='grc' dir='ltr'>δ’</span> <span class='ocrx_word' id='word_1_892' title='bbox 1743 5587 1878 5656; x_wconf 84' lang='grc' dir='ltr'><strong>διεκ.</strong></span> <span class='ocrx_word' id='word_1_893' title='bbox 1939 5602 2004 5658; x_wconf 74' lang='grc' dir='ltr'><strong>γ.</strong></span> <span class='ocrx_word' id='word_1_894' title='bbox 2050 5587 2069 5657; x_wconf 86' lang='lat'><strong>1</strong></span> 
     </span>
     <span class='ocr_line' id='line_1_120' title="bbox 563 5663 2069 5697; baseline 0 0"><span class='ocrx_word' id='word_1_895' title='bbox 563 5667 584 5697; x_wconf 81' lang='grc' dir='ltr'><strong>ι</strong></span> <span class='ocrx_word' id='word_1_896' title='bbox 620 5665 708 5697; x_wconf 79' lang='grc' dir='ltr'><strong>..-ι</strong></span> <span class='ocrx_word' id='word_1_897' title='bbox 737 5663 779 5697; x_wconf 80' lang='lat' dir='ltr'><strong>v</strong></span> <span class='ocrx_word' id='word_1_898' title='bbox 838 5665 859 5697; x_wconf 76' lang='grc' dir='ltr'><strong>ι</strong></span> <span class='ocrx_word' id='word_1_899' title='bbox 968 5665 1037 5696; x_wconf 76' lang='grc' dir='ltr'><strong>ιι·</strong></span> <span class='ocrx_word' id='word_1_900' title='bbox 1076 5668 1311 5697; x_wconf 62' lang='grc' dir='ltr'><strong>--.ιαμ</strong></span> <span class='ocrx_word' id='word_1_901' title='bbox 1335 5668 1432 5697; x_wconf 65' lang='grc' dir='ltr'><strong>...ιλ</strong></span> <span class='ocrx_word' id='word_1_902' title='bbox 1487 5668 1599 5697; x_wconf 57' lang='lat' dir='ltr'><strong>nm:</strong></span> <span class='ocrx_word' id='word_1_903' title='bbox 1702 5672 1746 5697; x_wconf 72' lang='grc' dir='ltr'>η</span> <span class='ocrx_word' id='word_1_904' title='bbox 1777 5673 1841 5697; x_wconf 70' lang='grc' dir='ltr'><strong>-λ.</strong></span> <span class='ocrx_word' id='word_1_905' title='bbox 1879 5673 1979 5697; x_wconf 63' lang='grc' dir='ltr'><strong>,μ</strong></span> <span class='ocrx_word' id='word_1_906' title='bbox 2035 5673 2069 5697; x_wconf 77' lang='grc' dir='ltr'><strong>ιι</strong></span> 
     </span>
    </p>
   </div>
   <div class='ocr_carea' id='block_1_118' title="bbox 2174 5587 3730 5697">
    <p class='ocr_par' dir='ltr' id='par_1_118' title="bbox 2174 5587 3730 5697">
     <span class='ocr_line' id='line_1_121' title="bbox 2174 5587 3730 5697; baseline 0 0"><span class='ocrx_word' id='word_1_907' title='bbox 2174 5602 2224 5657; x_wconf 65' lang='grc'><strong>⁸·</strong></span> <span class='ocrx_word' id='word_1_908' title='bbox 2259 5587 2979 5697; x_wconf 53' lang='grc' dir='ltr'><strong>ἒ.νέ-.Ϊᾜέδὲθέιάλαθθδιη</strong></span> <span class='ocrx_word' id='word_1_909' title='bbox 3013 5587 3730 5697; x_wconf 44' lang='grc' dir='ltr'><strong>ζ’ἐίὲἒὲἓλᾼῖἐξὲξ·</strong></span> 
     </span>
    </p>
   </div>
   <div class='ocr_carea' id='block_1_119' title="bbox 563 5649 2069 5736">
    <p class='ocr_par' dir='ltr' id='par_1_119' title="bbox 563 5649 2069 5736">
     <span class='ocr_line' id='line_1_122' title="bbox 563 5649 2069 5736; baseline 0.003 -15"><span class='ocrx_word' id='word_1_910' title='bbox 563 5649 802 5736; x_wconf 53' lang='grc' dir='ltr'><strong>(μιν,</strong></span> <span class='ocrx_word' id='word_1_911' title='bbox 838 5665 890 5720; x_wconf 91' lang='grc'><strong>1.</strong></span> <span class='ocrx_word' id='word_1_912' title='bbox 930 5649 1037 5736; x_wconf 16' lang='grc' dir='ltr'><strong>ν’δξ·</strong></span> <span class='ocrx_word' id='word_1_913' title='bbox 1076 5649 1624 5736; x_wconf 36' lang='grc' dir='ltr'><strong>ποιήσαξοόόῖάέό.</strong></span> <span class='ocrx_word' id='word_1_914' title='bbox 1702 5649 2069 5728; x_wconf 44' lang='grc' dir='ltr'><strong>*εἶτάηοόόίθ</strong></span> 
     </span>
    </p>
   </div>
   <div class='ocr_carea' id='block_1_120' title="bbox 2174 5649 2829 5736">
    <p class='ocr_par' dir='ltr' id='par_1_120' title="bbox 2174 5649 2829 5727">
     <span class='ocr_line' id='line_1_123' title="bbox 2174 5649 2829 5727; baseline 0 -2"><span class='ocrx_word' id='word_1_915' title='bbox 2174 5649 2224 5725; x_wconf 51' lang='lat' dir='ltr'><strong>ﬁ&quot;</strong></span> <span class='ocrx_word' id='word_1_916' title='bbox 2259 5649 2473 5726; x_wconf 63' lang='grc' dir='ltr'><strong>δι’ὃεδν</strong></span> <span class='ocrx_word' id='word_1_917' title='bbox 2508 5649 2829 5727; x_wconf 50' lang='lat' dir='ltr'><strong>rariis:</strong></span> 
     </span>
    </p>
   </div>
   <div class='ocr_carea' id='block_1_121' title="bbox 472 5734 2069 5807">
    <p class='ocr_par' dir='ltr' id='par_1_121' title="bbox 472 5734 2069 5807">
     <span class='ocr_line' id='line_1_124' title="bbox 472 5734 2069 5807; baseline 0.005 -20"><span class='ocrx_word' id='word_1_918' title='bbox 472 5734 670 5807; x_wconf 36' lang='grc' dir='ltr'><strong>μεν-Μ.</strong></span> <span class='ocrx_word' id='word_1_919' title='bbox 708 5734 849 5807; x_wconf 37' lang='lat'><strong>13.</strong></span> <span class='ocrx_word' id='word_1_920' title='bbox 897 5734 1052 5807; x_wconf 68' lang='grc' dir='ltr'><strong>δ’έλ.</strong></span> <span class='ocrx_word' id='word_1_921' title='bbox 1079 5737 1177 5807; x_wconf 63' lang='grc' dir='ltr'><strong>τόν</strong></span> <span class='ocrx_word' id='word_1_922' title='bbox 1195 5734 1482 5807; x_wconf 74' lang='grc' dir='ltr'><strong>ἄνθρωπον</strong></span> <span class='ocrx_word' id='word_1_923' title='bbox 1508 5737 1578 5793; x_wconf 78' lang='grc' dir='ltr'><strong>Μ.</strong></span> <span class='ocrx_word' id='word_1_924' title='bbox 1609 5741 1717 5802; x_wconf 61' lang='lat'><strong>1,3.</strong></span> <span class='ocrx_word' id='word_1_925' title='bbox 1796 5742 1841 5774; x_wconf 68' lang='grc' dir='ltr'><strong>δ’</strong></span> <span class='ocrx_word' id='word_1_926' title='bbox 1879 5743 1937 5797; x_wconf 84' lang='grc' dir='ltr'><strong>ὃν</strong></span> <span class='ocrx_word' id='word_1_927' title='bbox 1967 5744 2069 5796; x_wconf 79' lang='grc' dir='ltr'><strong>ὲλπ</strong></span> 
     </span>
    </p>
   </div>
   <div class='ocr_carea' id='block_1_122' title="bbox 2174 5734 2685 5807">
    <p class='ocr_par' dir='ltr' id='par_1_122' title="bbox 2177 5741 2685 5807">
     <span class='ocr_line' id='line_1_125' title="bbox 2177 5741 2685 5807; baseline 0 -11"><span class='ocrx_word' id='word_1_928' title='bbox 2177 5785 2188 5796; x_wconf 94' lang='grc'><strong>.</strong></span> <span class='ocrx_word' id='word_1_929' title='bbox 2234 5741 2345 5807; x_wconf 68' lang='lat'><strong>1,2.</strong></span> <span class='ocrx_word' id='word_1_930' title='bbox 2422 5743 2469 5774; x_wconf 76' lang='lat'><strong>&#39;°</strong></span> <span class='ocrx_word' id='word_1_931' title='bbox 2500 5741 2685 5796; x_wconf 88' lang='grc' dir='ltr'><strong>πάλιν.</strong></span> 
     </span>
    </p>
   </div>
   <div class='ocr_carea' id='block_1_123' title="bbox 2933 5673 3734 5743">
    <p class='ocr_par' dir='ltr' id='par_1_123' title="bbox 2933 5673 3734 5743">
     <span class='ocr_line' id='line_1_126' title="bbox 2933 5673 3734 5743; baseline -0.002 -18"><span class='ocrx_word' id='word_1_932' title='bbox 2933 5673 2979 5706; x_wconf 63' lang='grc'>⁸⁷</span> <span class='ocrx_word' id='word_1_933' title='bbox 3012 5673 3446 5743; x_wconf 80' lang='grc' dir='ltr'><strong>προσκυνοῦντες</strong></span> <span class='ocrx_word' id='word_1_934' title='bbox 3477 5673 3734 5725; x_wconf 81' lang='grc' dir='ltr'><strong>πιστεύο-</strong></span> 
     </span>
    </p>
   </div>
   <div class='ocr_carea' id='block_1_124' title="bbox 2763 5740 3709 5809">
    <p class='ocr_par' dir='ltr' id='par_1_124' title="bbox 2763 5740 3709 5809">
     <span class='ocr_line' id='line_1_127' title="bbox 2763 5740 3709 5809; baseline 0 -16"><span class='ocrx_word' id='word_1_935' title='bbox 2763 5745 2806 5773; x_wconf 81' lang='lat'>“</span> <span class='ocrx_word' id='word_1_936' title='bbox 2841 5740 3064 5806; x_wconf 81' lang='grc' dir='ltr'><strong>τούτοις</strong></span> <span class='ocrx_word' id='word_1_937' title='bbox 3096 5742 3229 5798; x_wconf 81' lang='lat' dir='ltr'><strong>Cod.</strong></span> <span class='ocrx_word' id='word_1_938' title='bbox 3267 5740 3332 5797; x_wconf 68' lang='grc' dir='ltr'><strong>ν.</strong></span> <span class='ocrx_word' id='word_1_939' title='bbox 3367 5743 3417 5796; x_wconf 84' lang='grc'><strong>1.</strong></span> <span class='ocrx_word' id='word_1_940' title='bbox 3496 5743 3543 5775; x_wconf 78' lang='grc'><strong>⁵⁸</strong></span> <span class='ocrx_word' id='word_1_941' title='bbox 3576 5759 3634 5809; x_wconf 91' lang='grc' dir='ltr'><strong>μ.</strong></span> <span class='ocrx_word' id='word_1_942' title='bbox 3667 5757 3709 5792; x_wconf 90' lang='grc' dir='ltr'><strong>π</strong></span> 
     </span>
    </p>
   </div>
   <div class='ocr_carea' id='block_1_125' title="bbox 476 5782 2069 5884">
    <p class='ocr_par' dir='ltr' id='par_1_125' title="bbox 476 5782 2069 5884">
     <span class='ocr_line' id='line_1_128' title="bbox 476 5782 2069 5884; baseline 0.008 -31"><span class='ocrx_word' id='word_1_943' title='bbox 476 5782 538 5884; x_wconf 60' lang='grc' dir='ltr'><em>ξς</em></span> <span class='ocrx_word' id='word_1_944' title='bbox 556 5782 730 5884; x_wconf 36' lang='lat' dir='ltr'><strong>ea;</strong></span> <span class='ocrx_word' id='word_1_945' title='bbox 748 5782 1252 5884; x_wconf 45' lang='grc' dir='ltr'><strong>’ῑίάχτεδτξιιζιπί</strong></span> <span class='ocrx_word' id='word_1_946' title='bbox 1268 5782 1476 5884; x_wconf 64' lang='grc' dir='ltr'><strong>ξεῖζῖί</strong></span> <span class='ocrx_word' id='word_1_947' title='bbox 1496 5782 1717 5884; x_wconf 64' lang='grc' dir='ltr'><strong>,ζ’έίἷιξ</strong></span> <span class='ocrx_word' id='word_1_948' title='bbox 1745 5812 1795 5884; x_wconf 66' lang='grc' dir='ltr'><strong>ι.</strong></span> <span class='ocrx_word' id='word_1_949' title='bbox 1811 5782 2069 5884; x_wconf 52' lang='lat' dir='ltr'><strong>genii-&#39;2&#39;;</strong></span> 
     </span>
    </p>
   </div>
   <div class='ocr_carea' id='block_1_126' title="bbox 2174 5782 3728 5884">
    <p class='ocr_par' dir='ltr' id='par_1_126' title="bbox 2174 5782 3728 5884">
     <span class='ocr_line' id='line_1_129' title="bbox 2174 5782 3728 5884; baseline -0.001 -19"><span class='ocrx_word' id='word_1_950' title='bbox 2174 5785 2188 5865; x_wconf 87' lang='grc'><strong>.’</strong></span> <span class='ocrx_word' id='word_1_951' title='bbox 2207 5782 2406 5868; x_wconf 66' lang='grc' dir='ltr'><strong>δ’ἒῗκ.</strong></span> <span class='ocrx_word' id='word_1_952' title='bbox 2441 5782 2685 5877; x_wconf 62' lang='grc' dir='ltr'><strong>»ιζ’ἷζὲῗ</strong></span> <span class='ocrx_word' id='word_1_953' title='bbox 2739 5813 2784 5844; x_wconf 75' lang='grc' dir='ltr'>η</span> <span class='ocrx_word' id='word_1_954' title='bbox 2815 5782 2934 5882; x_wconf 44' lang='lat' dir='ltr'><strong>se?</strong></span> <span class='ocrx_word' id='word_1_955' title='bbox 2952 5782 3051 5866; x_wconf 69' lang='lat' dir='ltr'><strong>ii.&quot;</strong></span> <span class='ocrx_word' id='word_1_956' title='bbox 3067 5782 3250 5881; x_wconf 62' lang='grc' dir='ltr'>ιΪἻὶ.</span> <span class='ocrx_word' id='word_1_957' title='bbox 3275 5782 3728 5884; x_wconf 66' lang='grc' dir='ltr'><strong>ἐέτοὶὸιμηνῖεἰὶζ</strong></span> 
     </span>
    </p>
   </div>
   <div class='ocr_carea' id='block_1_127' title="bbox 482 5866 2069 5970">
    <p class='ocr_par' dir='ltr' id='par_1_127' title="bbox 482 5866 2069 5950">
     <span class='ocr_line' id='line_1_130' title="bbox 482 5866 2069 5950; baseline 0.009 -28"><span class='ocrx_word' id='word_1_958' title='bbox 482 5866 545 5922; x_wconf 72' lang='grc' dir='ltr'><strong>γ.</strong></span> <span class='ocrx_word' id='word_1_959' title='bbox 585 5869 637 5930; x_wconf 86' lang='lat'><strong>1.</strong></span> <span class='ocrx_word' id='word_1_960' title='bbox 683 5869 754 5924; x_wconf 70' lang='grc' dir='ltr'><strong>Μ.</strong></span> <span class='ocrx_word' id='word_1_961' title='bbox 782 5871 835 5938; x_wconf 89' lang='grc'><strong>1,</strong></span> <span class='ocrx_word' id='word_1_962' title='bbox 866 5874 922 5931; x_wconf 78' lang='lat'><strong>‘2.</strong></span> <span class='ocrx_word' id='word_1_963' title='bbox 1000 5875 1043 5906; x_wconf 87' lang='grc'><strong>⁸⁷</strong></span> <span class='ocrx_word' id='word_1_964' title='bbox 1079 5866 1279 5947; x_wconf 52' lang='grc' dir='ltr'><strong>τὰ-πρ.</strong></span> <span class='ocrx_word' id='word_1_965' title='bbox 1312 5877 1404 5927; x_wconf 88' lang='grc' dir='ltr'><strong>καί</strong></span> <span class='ocrx_word' id='word_1_966' title='bbox 1431 5880 1552 5931; x_wconf 87' lang='lat' dir='ltr'><strong>cod.</strong></span> <span class='ocrx_word' id='word_1_967' title='bbox 1594 5877 1656 5932; x_wconf 84' lang='lat' dir='ltr'><strong>V.</strong></span> <span class='ocrx_word' id='word_1_968' title='bbox 1693 5879 1742 5946; x_wconf 86' lang='lat'><strong>1,</strong></span> <span class='ocrx_word' id='word_1_969' title='bbox 1781 5881 1988 5950; x_wconf 62' lang='lat'><strong>51.1,9,</strong></span> <span class='ocrx_word' id='word_1_970' title='bbox 2021 5901 2069 5936; x_wconf 75' lang='grc' dir='ltr'><strong>κς</strong></span> 
     </span>
    </p>
   </div>
   <div class='ocr_carea' id='block_1_128' title="bbox 2174 5866 2848 5970">
    <p class='ocr_par' dir='ltr' id='par_1_128' title="bbox 2174 5866 2848 5953">
     <span class='ocr_line' id='line_1_131' title="bbox 2174 5866 2848 5953; baseline 0 -16"><span class='ocrx_word' id='word_1_971' title='bbox 2174 5885 2235 5937; x_wconf 74' lang='grc' dir='ltr'><strong>τὰ</strong></span> <span class='ocrx_word' id='word_1_972' title='bbox 2292 5866 2686 5953; x_wconf 69' lang='grc' dir='ltr'><strong>προπινόμενα</strong></span> <span class='ocrx_word' id='word_1_973' title='bbox 2721 5883 2848 5937; x_wconf 84' lang='lat' dir='ltr'><strong>Ced.</strong></span> 
     </span>
    </p>
   </div>
  </div>
