4090 6418
428 454 534 518 697

1622 446 2092 510 CHRONICON.
2135 471 2201 485 -ο
2243 449 2395 510 LIB.
2444 452 2540 511 iV.

3612 451 3717 514 698

429 569 671 639 ἠγάγετο
708 565 790 627 είς
814 564 1050 632 γυναῖκα
1076 562 1175 634 τὴν
1202 561 1482 633 θυγατέρα
1506 559 1604 614 τοῦ
1634 559 1744 632 πρὸ
1769 556 1938 613 αὑτοῦ
1969 559 1987 590 ⁸

2089 560 2267 626 .regis
2310 560 2476 612 tiliam
2540 562 2697 614 duxit
2745 578 2970 615 uxorem
3001 604 3012 626 ,
3062 571 3114 616 et
3165 579 3227 616 ex
3283 579 3348 616 ea
3398 563 3535 616 duos
3575 563 3714 616 lilios
3795 565 3802 572 ’

431 661 732 734 βασιλέως,
768 651 1084 712 Πλακίην
1116 657 1372 724 ὀνόματι,
1404 653 1500 708 καὶ
1547 653 1739 707 ἔτεκεν
1761 651 1821 718 ἐξ
1849 652 2021 722 αὐτῆς

428 757 522 811 δύο
553 752 704 814 υἱοὺς
746 750 1035 821 ’Λρκάδιον
1061 748 1156 804 καὶ
1196 747 1480 818 Ὀνὼριον.

501 850 580 915 (2)
619 845 994 915 Αὑξησάντων
1023 844 1080 897 δὲ
1107 843 1216 897 τῶν
1244 844 1475 909 παίδων,
1501 839 1666 915 ἦλθον
1686 845 1767 906 εἰς
1797 842 2018 912 ἡλικίαν

428 942 522 996 τοῦ
554 939 925 1010 ἐκμανθάνειν
981 937 1293 1007 γράμματα
1318 954 1333 967 ·
1368 936 1464 990 καὶ
1505 935 1892 1001 ἐξαπέστειλεν
1935 937 2018 998 εἰς

429 1037 612 1089 πᾶσαν
635 1034 736 1101 τὴν
768 1032 866 1086 ὑπ’
887 1031 1052 1084 αὐτὸν
1086 1030 1369 1100 βασιλείαν
1402 1028 1637 1100 ζητῆσαι
1671 1030 1841 1098 ἄνδρα
1867 1029 2015 1082 ἐλλό-

426 1145 590 1198 γιμον
644 1127 742 1180 καὶ
788 1125 1058 1197 άσκητὴν,
1109 1124 1528 1193 κεκοσμημένον
1572 1126 1630 1176 ἐν
1660 1123 1890 1194 ἀληθείᾳ
1921 1124 2014 1176 τὸν

429 1220 592 1289 φ’ὶὸον
635 1217 734 1272 τοῦ
789 1214 951 1282 Θεοῦ,
1005 1216 1203 1287 ἔχοντα
1237 1214 1574 1283 θεογνωσίαν
1603 1217 1684 1280 εἰς
1709 1215 1900 1284 ἄκρον,
1936 1216 2012 1275 ὡς

432 1313 659 1382 ὀφείλων
707 1311 1050 1383 παραδοῦναι
1103 1308 1254 1379 αὐίῷ
1319 1307 1447 1371 τοὺς
1469 1307 1624 1364 υίοὺς
1665 1307 1858 1360 αὑτοῦ.
1893 1307 2009 1359 Οὐκ

434 1404 684 1475 ἠϐούλετο
735 1405 846 1475 γὰρ
905 1407 986 1466 εἰς
1027 1402 1270 1473 σχολεῖον
1303 1402 1503 1465 αὐτοὺς
1551 1401 1870 1472 ἑμόαλεῖνῆ
1903 1400 2011 1454 ὑπὸ

425 1499 677 1555 ἀτάκτων
707 1495 1048 1550 διδασκάλων
1085 1495 1469 1562 παιδευθῆναι,
1513 1495 1601 1549 ῑνα
1636 1495 1712 1564 μὴ
1758 1496 2008 1564 μάθωσιν

424 1587 529 1644 ὑπὸ
556 1587 734 1642 ἄλλων
759 1586 1014 1651 παιδίων,
1056 1585 1092 1640 ἃ
1121 1587 1293 1655 δΘεδς
1312 1588 1374 1639 ού
1409 1586 1581 1652 θέλει,
1615 1587 1710 1640 καὶ
1737 1587 2007 1640 τυπωθῶ-

423 1697 509 1733 σιν
545 1682 605 1734 ἐν
628 1680 810 1748 λόγοις
828 1679 1190 1751 άνωφελέσιν.
1219 1680 1406 1734 Ταῦτα
1433 1681 1461 1734 6
1495 1681 1751 1751 βασιλεὺς
1781 1681 2005 1748 λογισά-

422 1790 585 1840 μενος
643 1773 887 1843 σπουδὴν
937 1775 1119 1827 πᾶσαν
1154 1772 1323 1845 468
1376 1775 1618 1826 ἐποιεῖτο
1665 1771 1761 1825 τοῦ
1820 1773 2003 1842 εὑρεῖν

418 1869 588 1936 ἄνδρα
614 1867 863 1920 τοιοῦτον
891 1884 904 1898 ο
936 1868 1031 1920 καὶ
1062 1867 1174 1919 τῶν
1215 1846 1615 1934 διαταγμάτων
1653 1865 2001 1934 ἐκπεμφθέν-

2123 651 2415 708 Arcadium
2441 664 2496 711 et
2526 652 2824 710 llouorium
2855 657 3118 726 suscepit.

2191 838 2517 896 Crescentes
2561 852 2746 896 autem
2800 842 2995 912 pueri,
3050 842 3115 896 ad
3167 851 3380 896 aetatem
3429 842 3712 898 ediscendi

2119 932 2328 990 litteras
2377 947 2667 990 venerunt.
2703 935 2859 991 Tune
2907 936 3056 991 misit
3086 936 3136 989 in
3177 950 3339 991 omne
3372 937 3474 992 sub
3499 936 3712 990 dilione

2116 1041 2214 1079 sua
2263 1042 2490 1096 regnum
2541 1029 2605 1081 ad
2663 1029 3016 1098 quu'renduut
3072 1028 3348 1083 hominem
3395 1027 3620 1082 doctum
3652 1039 3710 1081 et

2118 1118 2480 1186 religiosum,
2515 1119 2709 1174 timore
2763 1119 2853 1172 Dei
2889 1136 3013 1174 vere
3045 1128 3370 1174 exornatum
3395 1157 3410 1179 .
3460 1119 3704 1172 divinam

2113 1210 2396 1263 Scientiam
2458 1211 2738 1264 subactam
2801 1210 3084 1265 habentem
3109 1251 3124 1272 .
3163 1219 3222 1264 ttt
3253 1209 3352 1278 ipsi
3394 1210 3536 1264 illius
3575 1225 3706 1261 suos

2115 1300 2375 1354 traderet.
2406 1297 2524 1356 Non
2548 1301 2692 1354 enim
2726 1301 2942 1355 volebat
2975 1317 3071 1356 eos
3105 1301 3159 1354 in
3190 1301 3431 1354 scholam
3488 1301 3706 1355 mittere

2117 1393 2201 1447 vel
2233 1393 2302 1447 ab
2339 1393 2760 1464 indiseiplinatis
2794 1394 3071 1462 magistris
3103 1393 3323 1447 educari
3350 1434 3364 1454 .
3399 1411 3466 1446 ne
3493 1395 3560 1446 ali
3583 1394 3706 1446 aliis

2112 1489 2295 1555 pueris
2347 1487 2623 1541 discerent
2677 1503 2798 1558 quae
2848 1485 2990 1540 Deus
3047 1501 3153 1540 non
3195 1485 3346 1547 vult.
3387 1494 3442 1539 et
3498 1485 3706 1544 nocivis

2109 1577 2456 1633 sermonibus
2482 1577 2928 1632 inl'ormarcntur.
2955 1575 3079 1630 l-lzec
3101 1585 3358 1646 reputans
3389 1577 3706 1645 imperator.

2108 1680 2326 1718 omnem
2383 1664 2718 1734 diligentiam
2761 1667 2827 1720 ad
2884 1665 3043 1719 talem
3089 1666 3266 1718 virum
3317 1665 3702 1719 inveniendum

2107 1755 2378 1810 adhibuit.
2417 1755 2599 1810 Missis
2651 1766 2830 1810 autem
2865 1757 2918 1811 in
2950 1772 3112 1810 omne
3145 1757 3250 1812 sub
3284 1755 3456 1821 ipsius
3492 1757 3703 1812 ditioue

2107 1848 2732 1916 imperiummandatis.
2779 1849 3053 1904 hominem
3111 1864 3234 1903 cum
3287 1849 3703 1905 cltaracteribus

415 1923 528 2010 τωᾶ
553 1956 697 2010 κατὰ
724 1957 906 2009 πᾶσαν
935 1958 1034 2024 τὴν
1058 1953 1152 2009 ὑπ’
1176 1955 1343 2009 αὑτὸν
1371 1923 1652 2026 βασιλείαν
1675 1956 1778 2008 οὐκ
1797 1923 1987 2025 ῖΙχδυνὴ-

2103 1940 2382 2009 requisitis
2422 1940 2667 1995 invenire
2697 1957 2803 1994 non
2850 1949 3098 2010 poterant
3123 1958 3150 1994 τ
3173 1943 3265 1996 sed
3329 1942 3490 1998 modo
3518 1941 3698 1996 virum

417 2050 592 2121 θησαν
637 2051 821 2120 εὑρεῖν
882 2067 1004 2103 τινα
1065 2050 1312 2104 τοιοῦτον
1343 2051 1484 2104 κατὰ
1518 2052 1612 2104 τὸν
1647 2050 2001 2118 ἐνιστάμενον

417 2143 566 2213 αὐτῷ
595 2143 880 2212 λοτιαμδν,
901 2143 1038 2197 ἀλλὰ
1061 2144 1192 2197 ποτε
1217 2144 1322 2215 μὲν
1351 2143 1525 2213 ἄνδρα
1549 2144 1864 2212 φιλόσοφον,
1883 2142 1998 2196 ἀλλ’

413 2237 476 2291 οὐ
506 2219 781 2306 ᾠιὶόθεον,
812 2236 945 2289 ποτε
965 2237 1022 2290 δὲ
1045 2237 1211 2292 πάλιν
1237 2236 1662 2306 φιλόθεον,ἰάλλ’
1692 2238 1752 2290 ού
1779 2235 1999 2302 φιλόσο-

416 2347 515 2398 φον
540 2346 554 2361 ⁸
590 2328 837 2400 ηὔξησαν
868 2329 925 2382 δὲ
952 2330 1003 2382 οῖ
1043 2330 1232 2392 παῖδες
1258 2345 1272 2360 ’
1306 2330 1401 2384 καὶ
1464 2331 1566 2384 οὐκ
1611 2332 1872 2401 ἠνέσχετο
1915 2332 1996 2393 είς

419 2422 658 2492 σχολεῖον
690 2422 942 2477 ἐκδοῦναι
973 2423 1176 2486 αὐτοὺς
1202 2423 1272 2476 δι’
1304 2423 1364 2477 δν
1391 2424 1610 2495 εῖρηται
1659 2425 1884 2492 τρόπον.

487 2516 566 2587 (5)
593 2518 700 2570 Καὶ
735 2517 812 2588 μὴ
847 2515 1024 2588 εὑρὼν
1047 2517 1232 2579 καθὼς
1257 2517 1466 2585 ἐζήτει,
1496 2517 1818 2570 ἀπέστειλεν
1840 2520 1898 2569 ἐν
1927 2519 1992 2588 τῇ

422 2611 607 2685 Ῥώμῃ
657 2613 797 2684 πρὸς
836 2613 931 2664 τὸν
977 2615 1036 2664 ὲν
1085 2613 1225 2683 αὐτῇ
1266 2613 1494 2681 βασιλέα
1525 2611 1618 2664 τοῦ
1653 2613 1835 2681 εὑρεῖν
1861 2613 1992 2680 παρ’

406 2705 573 2758 αὐτοῦ
603 2705 851 2758 τοιοῦτον
874 2706 1066 2775 ἄνδρα,
1090 2707 1307 2775 γράψας
1335 2706 1508 2778 αὐτῷ.
1542 2707 1626 2760 δτι
1663 2725 1682 2759 ι
1719 2707 1992 2773 Μεγάλως

409 2816 499 2866 μοι
529 2799 736 2873 χαρίζῃ
763 2799 924 2852 τοῦτο
949 2799 1143 2852 ποιῶν.
1183 2818 1201 2851 ι
1241 2800 1302 2853 ὐ
1333 2799 1426 2853 οὖν
1451 2801 1708 2870 βασιλεὺς
1743 2817 1991 2872 προσκαο

405 2892 710 2962 λισάμενος
733 2893 825 2945 τὸν
849 2893 1039 2947 πάπαν
1066 2892 1347 2948 δείκνυσιν
1382 2895 1534 2963 αύτῷ
1577 2895 1646 2946 τὰ
1683 2894 1990 2964 γράμματα

408 2985 699 3039 Θεοδοσίου
764 2984 858 3038 τοῦ
899 2986 1162 3054 βασιλέως
1217 2985 1415 3050 είπὼν,
1459 2987 1542 3039 ὅτι
1583 3003 1601 3036 ι
1646 2987 1988 3040 Ἀνένδεκτόν

408 3080 532 3131 ἐστι
562 3079 638 3149 μὴ
671 3077 894 3148 ποιῆσαι
932 3078 1011 3148 τῷ
1042 3079 1502 3148 συμϐασιλεύοντι
1542 3081 1675 3151 ἡμῖν
1707 3078 1805 3149 τὴν
1831 3079 1987 3149 αἰτη-

405 3190 492 3228 σιν
551 3172 758 3243 ταύτην
783 3187 799 3203 ·
832 3174 1061 3245 αἰσχύνη
1118 3174 1225 3246 γάρ
1265 3174 1496 3228 ὲστιτοῦ
1540 3176 1812 3246 ἡμετέρου
1852 3175 1986 3244 κρά-

400 3284 528 3330 τους
564 3267 640 3340 μὴ
670 3269 960 3339 εὑρεθῆναι
987 3271 1046 3322 ἐν
1073 3273 1140 3341 τῇ
1199 3271 1434 3344 μεγίστῃ
1471 3269 1662 3342 Ῥώμῃ
1691 3270 1985 3340 ἄνθρωπον
2013 3268 2056 3324 C

401 3360 670 3416 τοιοῦτον.
704 3380 722 3412 ι
755 3363 867 3416 Καὶ
884 3364 1280 3435 ἐρευνήσαντες
1301 3366 1396 3418 καὶ
1423 3364 1861 3433 ἐπιζητήσαντες
1885 3365 1984 3436 οὐχ

398 3448 582 3524 εὗρον.
631 3455 758 3508 Ἐπὶ
780 3455 914 3509 πολὺ
945 3452 1038 3510 οὖν
1070 3455 1474 3526 διερευνώντων
1507 3456 1713 3521 αὐτῶν,
1743 3459 1838 3510 καὶ
1868 3457 1955 3510 δια

396 3547 790 3616 λογιζομένων,
820 3547 916 3602 καὶ
937 3548 1375 3619 ἀδολεσχούντων
1403 3551 1532 3618 περὶ
1569 3549 1786 3612 τούτου,
1828 3545 1982 3601 εἶπεν

396 3645 423 3694 6
455 3641 649 3702 πάπας
699 3639 778 3710 τῷ
835 3639 1082 3710 βασιλεῖ·
1116 3661 1138 3693 ι
1176 3643 1331 3694 Ἔστι
1373 3641 1504 3712 παρ’
1540 3643 1675 3711 ἡμῖν
1730 3641 1982 3703 διάκονός

399 3751 480 3797 τις
508 3734 784 3805 παρθένος
815 3735 957 3805 μετὰ
989 3735 1089 3806 τῆς
1123 3735 1262 3798 ἰδίας
1290 3735 1530 3802 ἀδελφῆς
1575 3735 1805 3806 ὀνόματι
1853 3737 1974 3806 Ἀρ-

408 3827 582 3888 σένιος
609 3844 624 3857 ·
650 3827 834 3896 ὅμοιος
873 3827 984 3896 γὰρ
1039 3828 1188 3898 αὐτῷ
1238 3828 1399 3890 ἄλλος
1429 3829 1532 3881 οὐκ
1581 3826 1734 3880 ἔστιν
1767 3830 1796 3882 6
1825 3828 1979 3896 ὀφεί-

409 3920 514 3973 λων
537 3920 601 3984 ’⁸,
632 3921 814 3985 καθὼς
854 3922 1116 3992 ἐπιθυμεῖ
1147 3924 1175 3975 6
1209 3921 1464 3990 βασιλεὺς
1508 3921 1813 3988 Θεοδόσιος,
1847 3939 1980 3975 παι-

396 4012 584 4069 δεῦσαι
600 4031 657 4068 τε
673 4017 742 4068 τὰ
757 4016 924 4068 τέκνα
952 4015 1117 4068 αὑτοῦ
1138 4018 1289 4088 πάσῃ
1309 4015 1510 4085 γνώσει
1525 4015 1647 4088 θεία
1678 4033 1738 4068 τε
1765 4017 1862 4070 καὶ
1882 4018 1977 4069 ἀν·

395 4109 646 4182 θρυπίνῃ
671 4124 685 4137 ⁸
722 4110 840 4163 ἀλλ’
887 4110 988 4164 οὐκ
1028 4106 1145 4163 οἶδα
1172 4111 1220 4162 εἰ
1247 4109 1643 4181 καταδέξηται,
1693 4109 1829 4164 διότι
1864 4108 1979 4182 ἔχει

395 4203 591 4273 καιρὸν
633 4202 1050 4273 ἀποταξάμενος
1100 4203 1202 4274 τῆς
1253 4202 1547 4272 ἐγκυκλίου
1593 4201 1974 4265 παιδεύσεως·

392 4296 508 4350 ἀλλ’
535 4298 691 4362 ἴσως,
726 4297 823 4350 ἐὰν
879 4297 1114 4370 κελεύσῃ
1143 4297 1205 4350 τὸ
1231 4299 1502 4367 ὑμέτερον
1549 4299 1776 4369 κράτος,
1816 4298 1977 4352 καλέ-

395 4408 561 4462 σομεν
598 4391 763 4444 αὐτὸν
809 4392 903 4445 καὶ
971 4391 1432 4464 πληροφοροῦμεν
1478 4393 1644 4445 αὐτὸν
1692 4395 1822 4464 περὶ
1847 4393 1974 4446 τού-

390 4501 507 4538 του.
540 4503 560 4537 ι
599 4485 788 4541 Ταῦτα
837 4485 1082 4550 ἀκούσας
1125 4487 1155 4540 6
1187 4486 1443 4558 βασιλεὺς
1469 4487 1642 4558 ἐχάρη
1674 4485 1796 4540 λίαν
1821 4503 1836 4518 ·
1877 4487 1972 4540 καὶ

391 4578 715 4649 πέμψαντες
763 4578 1184 4648 μετεστείλαντο
1210 4579 1302 4632 τὸν
1350 4579 1648 4650 ’Λρσένιον.
1688 4578 1973 4632 Εἰσελθόνο

388 4689 478 4732 τος
522 4671 580 4725 δὲ
621 4671 787 4724 αὐτοῦ
837 4671 988 4738 λέγει
1033 4670 1168 4742 πρὸς
1223 4671 1388 4726 αὐτὸν
1417 4672 1446 4723 6
1495 4672 1787 4742 βασιλεύς·
1830 4690 1848 4723 ι
1894 4672 1970 4724 Οὐ

386 4762 581 4833 λέληθε
623 4763 683 4816 τὸ
711 4763 986 4836 ἡμέτερον
1017 4764 1220 4835 κράτος
1250 4767 1282 4836 ὴ
1312 4765 1456 4819 κατὰ
1497 4765 1633 4820 Θεόν
1681 4782 1778 4819 σου
1814 4767 1971 4821 πολισ-

385 4856 508 4911 τεία
547 4857 646 4911 ml.
675 4861 703 4912 6
732 4857 994 4929 ὲνάρετός
1024 4874 1120 4910 σου
1146 4857 1262 4929 βίος
1285 4873 1304 4892 ·
1344 4858 1482 4912 ἀλλὰ
1504 4859 1774 4930 διηνεκῶς
1802 4860 1972 4914 ἀκού-

383 4967 535 5015 οντες
566 4949 670 5023 τὴν
724 4949 900 5022 καλήν
941 4967 1034 5004 σου
1063 4950 1441 5022 ἀναστροφὴν,
1473 4953 1617 5007 πάνυ
1670 4955 1971 5024 εὐφραινό-

385 5044 529 5114 μεθα
555 5044 649 5097 ἐπὶ
708 5043 922 5108 τούτοις
949 5045 994 5077 ’⁷
1017 5061 1031 5075 ·
1067 5044 1192 5098 ἐπεὶ
1227 5045 1284 5100 δὲ
1315 5047 1344 5098 6
1383 5047 1754 5114 συμϐασιλεὺς
1809 5049 1969 5118 ἡμῶν

383 5137 666 5200 Θεοδόσιος
712 5137 1040 5192 ἀπέστειλεν
1095 5140 1233 5209 ἡμῖν
1289 5139 1590 5210 πρεσϐείαν
1643 5141 1966 5212 αἰτούμενος

383 5229 596 5284 στεῖλαι
627 5231 780 5302 αὐτῷ
808 5231 1098 5302 ἄνθρωπον
1122 5231 1365 5286 τοιοῦτον
1401 5233 1703 5304 δυνάμενον
1739 5237 1964 5290 παιδεῦ-

379 5339 474 5376 σαι
506 5323 575 5377 τά
596 5324 763 5381 τέκνα
818 5325 986 5378 αὐτοῦ
1015 5326 1075 5379 ὲν
1129 5324 1282 5400 πάσῃ
1311 5325 1594 5400 θεοσεϐείᾳ
1621 5330 1718 5382 καὶ
1749 5330 1966 5396 φιλοσοο

379 5416 504 5488 φίᾳ.
535 5417 730 5471 τούτου
756 5419 917 5488 χάριν
953 5419 1429 5490 μετεστειλάμεθά
1458 5437 1517 5474 σε
1547 5422 1624 5485 ὼς
1653 5424 1794 5478 κατὰ
1828 5424 1965 5477 Θεὸν

375 5511 530 5571 ὄντα.
567 5510 656 5566 ῖνα
713 5510 960 5585 ἀπέλθῃς
1021 5512 1160 5586 πρὸς
1213 5514 1385 5568 αὐτὸν
1416 5516 1510 5570 καὶ
1541 5515 1642 5587 τὴν
1673 5516 1840 5588 χάριν
1863 5519 1965 5588 τὴν

375 5605 627 5660 διθεῖσάν
646 5623 730 5659 σοι
766 5605 832 5660 ἐκ
877 5605 1016 5660 Θεοῦ
1070 5606 1371 5680 παιδεύσῃς
1415 5610 1613 5674 αὐτούς
1637 5626 1652 5641 ·
1692 5610 1877 5682 (122³³)
1903 5612 1964 5665 οὐ

2105 2031 2458 2088 inveniebant
2511 2033 2897 2103 philosophum
2962 2043 3016 2084 at
3048 2047 3155 2085 non
3189 2032 3550 2101 philotlteum,
3584 2048 3703 2086 nio-

2109 2121 2180 2174 do
2212 2121 2575 2191 philotheum,
2627 2133 2683 2177 at
2770 2139 2876 2176 non
2929 2123 3338 2194 philosophum.
3397 2124 3703 2180 Creverunt

2100 2221 2279 2265 autent
2309 2214 2498 2282 pueri;
2529 2223 2583 2268 et
2617 2229 2710 2267 eos
2743 2214 2793 2266 in
2828 2214 3096 2278 scholam,
3132 2227 3354 2286 propter
3381 2217 3696 2286 prmdictam

2101 2305 2364 2358 rationem
2400 2303 2615 2360 tradere
2649 2303 2959 2361 haesitabat.

2166 2486 2284 2541 Non
2341 2491 2622 2545 inveniens
2671 2489 2724 2543 id
2772 2491 2919 2560 quod
2963 2491 3276 2562 quaerebat,
3343 2493 3575 2548 Romam
3625 2493 3692 2548 ad

2098 2595 2277 2648 regem
2305 2581 2453 2636 misit
2472 2624 2487 2645 ,
2518 2593 2576 2636 ιιι
2604 2583 2674 2637 ah
2703 2583 2824 2653 ipso
2853 2585 3015 2638 talem
3051 2585 3324 2653 acciperet
3362 2585 3537 2638 virum
3561 2625 3577 2650 ,
3614 2585 3690 2639 illi

2096 2673 2346 2726 scribens
2383 2691 2398 2728 :
2435 2692 2453 2723 ι
2493 2672 2609 2729 Hoc
2663 2691 2830 2744 agens
2883 2675 3017 2730 mihi
3059 2676 3214 2730 valde
3262 2686 3450 2745 gratus
3487 2677 3620 2731 eris.
3667 2694 3686 2727 ι

2096 2759 2210 2816 Rex
2261 2779 2392 2834 ergo
2443 2781 2637 2834 papam
2681 2770 2958 2823 advocatis
3000 2768 3246 2822 ostendit
3292 2767 3340 2822 ei
3393 2765 3690 2821 Theodosii

2094 2854 2306 2910 litteras
2328 2895 2343 2918 .
2376 2857 2566 2912 dicens
2599 2875 2614 2912 :
2651 2877 2668 2909 ι
2713 2856 3052 2931 lmpossibile
3083 2868 3167 2916 est
3203 2860 3342 2914 hanc
3374 2860 3686 2930 petitionem

2095 2948 2172 3002 illi
2199 2950 2292 3018 qui
2329 2960 2628 3018 conregnat
2658 2951 2940 3005 uobiscum
2975 2967 3082 3005 non
3119 2953 3416 3021 adimplere
3452 2967 3690 3020 :oppro-

2093 3039 2269 3092 brium
2305 3040 2449 3094 enim
2487 3050 2686 3096 nostra:
2721 3043 3003 3112 potestatis
3033 3053 3116 3098 est
3145 3043 3196 3096 in
3237 3043 3474 3097 maxima
3507 3044 3680 3096 Roma

2093 3128 2252 3182 talem
2301 3131 2575 3184 hominem
2631 3148 2739 3185 non
2794 3132 3054 3186 inveniri.
3097 3152 3113 3184 ι
3153 3131 3218 3185 Et
3273 3144 3578 3202 quati-entes
3630 3141 3686 3185 rt

2093 3228 2510 3287 perscrutantes
2531 3238 2638 3277 non
2676 3224 3024 3278 imeuerunt.
3075 3224 3210 3278 Cttut
3243 3225 3404 3293 igitur
3433 3224 3522 3277 diu
3562 3238 3685 3293 per-

2096 3313 2467 3382 quisivcrunt,
2513 3314 2846 3369 eoul‘abulati
2905 3323 3036 3370 sunt
3090 3323 3142 3370 et
3171 3316 3510 3385 gari-ierunt.
3545 3331 3683 3386 papa

2093 3405 2200 3474 regi
2225 3405 2361 3460 dixit
2397 3423 2452 3459 ιι
2492 3405 2582 3460 Est
2613 3408 2754 3477 apud
2787 3423 2886 3463 nos
2922 3408 3146 3478 quidam
3186 3407 3448 3464 diaconus
3487 3409 3683 3464 caelebs

2088 3512 2210 3550 cum
2239 3512 2338 3550 sua
2374 3514 2567 3552 sorore
2594 3539 2610 3560 .
2652 3501 2873 3554 nomine
2909 3504 3194 3557 Arsenius.
3231 3501 3438 3556 Similis
3469 3501 3543 3556 illi
3573 3517 3682 3556 non

2087 3597 2170 3642 est
2215 3589 2358 3643 alius
2388 3591 2480 3660 qui
2517 3591 2589 3644 sit
2613 3593 2766 3658 juxta
2801 3592 3096 3647 Theodosii
3145 3593 3287 3662 regis
3321 3594 3582 3664 placitum
3628 3604 3684 3649 et

2085 3679 2176 3748 qui
2231 3680 2377 3734 illius
2425 3680 2548 3749 ejus
2600 3681 2748 3734 omni
2798 3684 3049 3737 scientia
3099 3684 3280 3737 divina
3338 3695 3392 3738 et
3441 3683 3681 3738 humana

2088 3771 2340 3824 instruat.
2367 3771 2470 3826 Sed
2503 3772 2686 3826 nescio
2726 3789 2793 3826 an
2825 3790 3155 3829 assensurus
3181 3775 3273 3838 sit,
3303 3777 3431 3844 quia
3467 3786 3682 3844 tempus

2083 3861 2428 3919 educationis
2492 3866 2757 3920 normalis
2802 3867 2905 3920 sibi
2953 3865 3258 3936 praliuivit.
3316 3867 3684 3926 Nihilominus

2085 3954 2129 4008 si
2160 3954 2385 4023 jusserit
2419 3965 2592 4012 vestra
2629 3968 2870 4028 potestas
2891 3997 2904 4019 .
2937 3975 3060 4012 eum
3092 3958 3487 4013 advocabimus
3517 3968 3572 4013 et
3611 3961 3680 4016 de

2085 4064 2141 4102 re
2173 4049 2276 4104 ista
2306 4050 2662 4105 disseremus.
2702 4070 2721 4102 ι
2767 4049 2862 4104 llis
2917 4051 3120 4107 auditis
3143 4091 3160 4115 ,
3194 4068 3287 4107 rex
3329 4051 3484 4107 valde
3520 4051 3674 4106 laeta-

2085 4150 2172 4197 tus
2201 4150 2306 4197 est.
2337 4143 2398 4197 Et
2419 4143 2694 4200 mittentes
2729 4145 3015 4199 Arsenium
3059 4144 3490 4201 areessiverunt.
3540 4145 3674 4198 Cum

2081 4235 2419 4297 advenisset,
2475 4251 2569 4290 rex
2619 4237 2667 4290 ei
2707 4235 2844 4290 dixit
2881 4253 2894 4290 :
2944 4256 2961 4288 ι
3001 4234 3155 4290 llaud
3208 4246 3528 4307 potestatem
3570 4252 3676 4291 no-

2078 4335 2248 4380 stram
2277 4327 2407 4380 latet
2440 4337 2530 4380 tua
2559 4330 2623 4380 ad
2659 4327 2826 4381 Deum
2859 4330 3207 4382 conversatio
3241 4340 3445 4398 tuaque
3479 4329 3676 4384 virtute

2079 4419 2234 4474 dives
2303 4421 2430 4474 vita.
2479 4419 2593 4475 Imo
2650 4437 2791 4490 sarpe
2837 4420 3118 4490 pulchram
3176 4433 3322 4476 tuam
3355 4421 3547 4490 agendi
3585 4438 3674 4477 ra-

2079 4514 2279 4568 tionem
2342 4515 2650 4580 audientes,
2701 4516 2857 4569 valde
2902 4514 3062 4568 laetati
3126 4530 3338 4569 sumus.
3401 4515 3540 4570 Cum
3574 4530 3676 4570 au-

2007 4614 2048 4669 ι)
2080 4613 2185 4659 tem
2251 4605 2344 4675 qui
2403 4607 2684 4662 nobiscum
2752 4618 2943 4676 regnat
2991 4605 3374 4672 Theodosius,
3413 4608 3571 4663 nobis
3603 4607 3678 4660 le-

2073 4694 2348 4765 gationem
2391 4697 2602 4751 miserit
2631 4712 2832 4765 rogans
2859 4697 3020 4752 talem
3053 4698 3156 4754 sibi
3199 4698 3474 4752 Imminem
3524 4699 3666 4752 mitti

2071 4785 2164 4855 qui
2200 4787 2373 4855 possit
2398 4786 2540 4841 lllios
2567 4785 2810 4856 ipsiusin
2845 4787 2993 4842 omni
3021 4787 3219 4856 pietate
3238 4797 3294 4841 et
3328 4787 3672 4857 philosophia

2071 4877 2332 4940 educare,
2397 4887 2681 4948 promeres
2743 4886 2796 4933 te
2855 4879 2945 4948 qui
3016 4877 3320 4933 secundum
3385 4877 3554 4930 Deum
3612 4891 3675 4930 es

2071 4970 2476 5035 arcessivimus,
2513 4978 2652 5025 utet
2681 4970 2821 5026 ﬁlios
2884 4971 3035 5025 illius
3089 4969 3394 5025 secumlum
3431 4969 3666 5036 gratiam

2081 5079 2203 5133 quae
2239 5063 2393 5119 tibia
2418 5061 2530 5119 Deo
2563 5063 2688 5117 data
2714 5072 2799 5117 est
2823 5103 2839 5128 ,
2880 5064 3134 5118 edoceas.
3184 5061 3302 5115 Non
3337 5061 3482 5115 enim
3524 5061 3670 5118 hanc

2080 5169 2193 5208 rem
2252 5153 2508 5224 cuiquam
2551 5154 2770 5209 incaute
2816 5163 2870 5208 et
2904 5164 3106 5208 temere
3140 5153 3468 5208 credendam
3502 5193 3518 5216 ,
3560 5153 3671 5210 nisi

2079 5256 2185 5301 tuae
2229 5246 2474 5316 religioni
2520 5247 2884 5302 decrevimus.
2931 5266 2950 5300 ι
2996 5247 3261 5302 Arsenius
3317 5256 3498 5302 autem
3552 5247 3670 5316 regi

2063 5341 2198 5394 dixit
2225 5355 2239 5393 :
2265 5357 2285 5392 ι
2317 5339 2433 5393 Non
2459 5340 2690 5409 ignorat,
2708 5340 3123 5409 religiosissime
3143 5356 3258 5404 rex,
3277 5339 3664 5394 sanctissimus

2066 5443 2219 5501 pater
2271 5443 2459 5485 noster
2510 5429 2654 5502 Papa
2687 5432 2947 5487 vilitatem
2999 5448 3174 5486 meam
3199 5471 3214 5495 ,
3247 5433 3516 5502 siquidem
3546 5445 3657 5484 non

2065 5524 2244 5578 adhuc
2300 5523 2480 5579 inveni
2535 5534 2749 5595 tempus
2807 5526 3066 5580 exteriori
3131 5524 3489 5595 philosOphia:
3537 5531 3660 5574 slu-

2071 5617 2258 5682 dendi,
2291 5617 2588 5685 praesertim
2621 5633 2745 5673 cum
2777 5619 2844 5673 ab
2879 5620 2978 5673 ista
3008 5633 3166 5675 sacra
3195 5631 3456 5673 manuum
3486 5615 3662 5682 impo-

1583 5772 1781 5834 Varite
1814 5774 2125 5837 lectiones
2164 5784 2223 5837 et
2270 5785 2459 5840 llOllP.

466 5913 508 5944 ”
544 5913 712 5968 αὐτοῦ
744 5912 936 5974 codex.
965 5914 1058 5971 sed
1113 5916 1250 5976 inira
1287 5918 1466 5972 αὐτόν.
1552 5919 1596 5951 ³⁸
1621 5920 1791 5980 deat}.
1824 5924 1945 5978 eod.

2025 5924 2068 5956 ⁵⁷
2100 5924 2257 5978 τοῦτο
2287 5925 2409 5979 cod.
