4090 6422
486 449 592 514 723

550 567 893 624 Theodosius
936 568 1293 624 nihilominus
1347 568 1720 639 indignatione
1770 583 2067 622 succensus
2095 581 2146 627 Α

478 663 740 717 adversus
773 661 1074 730 Eugenium
1133 662 1185 716 in
1224 663 1366 717 illius
1403 663 1580 716 locum
1615 663 1970 714 constitutum
2005 661 2058 713 in

477 755 767 810 vindictam
818 771 969 810 arma
1017 757 1306 826 corripuit,
1342 755 1444 808 hac
1490 754 1757 810 sententia
1794 769 1822 806 a
1851 750 2062 806 Joanne

475 847 745 901 monacho
777 844 998 915 Egypti
1064 847 1314 902 solitario
1353 856 1602 916 accepta.
1642 844 1746 899 Iste
1781 845 1924 897 enim
1976 844 2062 896 di-

476 939 635 992 vinus
668 937 748 990 vir
802 939 1208 1006 nonagenarius
1244 939 1309 992 ad
1343 948 1548 992 tantam
1584 943 1906 1005 pervenerat
1934 945 2064 990 arta-

429 1093 431 1095 ι
476 1040 583 1083 tem
619 1029 771 1083 solus
801 1044 1149 1099 permanens,
1184 1045 1359 1096 neque
1402 1031 1468 1083 de
1513 1029 1709 1083 cellula
1752 1029 2060 1098 egrediens,

473 1135 647 1190 neque
671 1121 833 1174 alium
877 1122 1026 1175 intus
1065 1121 1358 1190 recipiens;
1384 1136 1478 1186 per
1515 1120 1881 1174 fenestrellam
1914 1121 2058 1175 enim

434 1220 683 1280 .tantum
744 1213 1101 1268 benedicebat
1163 1222 1217 1266 et
1262 1214 1564 1282 accipiebat
1616 1227 1712 1267 eos
1771 1214 1863 1283 qui
1918 1213 2060 1282 apud

430 1372 440 1383 ε
471 1319 650 1374 ipsum
688 1304 1086 1368 deveniebant;
1135 1320 1243 1360 non
1278 1314 1460 1358 autem
1500 1305 1649 1358 omni
1695 1303 1805 1365 die.
1850 1305 1942 1359 sed
1978 1304 2062 1359 bis

471 1396 526 1448 in
565 1395 930 1463 hebdomada,
977 1395 1220 1452 Sahbato
1245 1408 1297 1451 et
1339 1397 1619 1452 Dominiea
1659 1417 1673 1452 :
1705 1397 1920 1452 caeteris
1968 1412 2063 1450 au-

473 1498 580 1542 tem
612 1489 807 1544 diebus
857 1506 966 1544 non
1003 1505 1062 1546 se
1108 1491 1277 1545 rideri
1319 1491 1535 1544 sinebat
1569 1489 1660 1543 ulli
1705 1489 1931 1553 homini,
1967 1490 2061 1544 sed

474 1581 715 1652 iejuniis,
759 1584 954 1653 vigiliis
989 1599 1052 1638 ac
1101 1584 1444 1638 orationibus
1477 1583 1726 1638 vacabat.
1776 1584 1841 1636 Et
1881 1583 2063 1636 videre

473 1685 590 1730 erat
618 1677 836 1730 beatum
870 1685 1041 1730 totum
1073 1693 1300 1746 corpore
1340 1685 1558 1745 propter
1607 1691 1850 1730 severam
1897 1675 2064 1729 disci-

473 1767 672 1835 plinam
701 1778 1099 1824 extenuatum:
1153 1768 1291 1823 nihil
1341 1769 1486 1822 enim
1538 1767 1684 1821 aliud
1717 1783 1879 1838 quam
1917 1769 2060 1836 legu-

473 1858 619 1912 mina
645 1873 956 1931 paneosque
978 1859 1194 1916 fructus
1228 1869 1350 1928 post
1376 1860 1511 1915 solis
1540 1875 1798 1915 occasum
1831 1859 2064 1914 mandu-

471 1951 672 2006 cabat:
709 1966 835 2006 nam
880 1952 947 2006 de
994 1967 1154 2021 pane,
1202 1952 1351 2016 vino,
1389 1951 1531 2014 oleo,
1570 1961 1626 2006 et
1686 1951 1900 2007 ereteris
1941 1966 2062 2021 quae

473 2043 527 2097 in
587 2041 709 2098 foco
757 2043 982 2098 ardente
1033 2053 1347 2114 coquuntur
1403 2043 1550 2114 loqui
1617 2043 2060 2112 supersedemus.

479 2132 574 2190 llis
629 2143 684 2190 et
756 2134 956 2190 talibus
1023 2135 1224 2190 divinis
1293 2135 1572 2190 exercitiis
1643 2144 1852 2188 noctem
1917 2133 2064 2188 dies-

471 2243 578 2298 que
615 2242 948 2282 consumens
981 2236 1206 2282 sanctus
1261 2227 1477 2282 celeber
1526 2226 1795 2281 evadebat
1849 2234 1904 2279 et
1935 2240 2062 2296 pro-

473 2319 667 2388 phetiae
706 2318 851 2374 dono
883 2319 1215 2388 replebatur,
1276 2319 1649 2390 praenuntians
1683 2329 1796 2372 tum
1849 2315 2059 2381 futura,

474 2420 586 2464 tum
634 2411 937 2482 unicuique
988 2412 1310 2466 abscondite
1362 2411 1502 2466 facta
1539 2412 1624 2466 vel
1677 2411 1934 2481 cogitata.
1989 2410 2064 2467 De

472 2501 596 2558 Nilo
623 2519 752 2558 vero
786 2514 842 2558 et
870 2505 938 2559 de
975 2503 1274 2559 fertilitatis
1309 2505 1430 2572 ejus
1463 2513 1558 2558 aut
1593 2505 1900 2559 sterilitatis
1925 2512 2062 2557 tem-

471 2611 600 2664 pore
646 2598 826 2651 minas
869 2606 960 2650 aut
999 2597 1162 2650 aliam
1207 2613 1236 2650 a
1269 2596 1377 2650 Deo
1413 2606 1868 2666 superventuram
1903 2597 2062 2664 puni-

473 2687 677 2742 tionem
709 2687 1036 2758 praedicebat
1066 2697 1120 2741 et
1152 2698 1470 2757 peccatores
1497 2689 1669 2743 libere
1700 2689 2061 2759 redarguebat

473 2779 581 2834 Sed
643 2779 773 2847 quid
832 2779 999 2832 multa
1045 2778 1444 2848 iimpossibile
1493 2781 1635 2834 enim
1694 2791 1777 2836 est
1839 2796 1900 2836 os
1967 2788 2061 2836 aut

474 2879 710 2928 mentem
763 2869 1044 2924 hominum
1104 2886 1394 2925 numerare
1438 2872 1770 2926 mirabilium
1831 2874 1950 2941 ejus
1995 2889 2060 2928 ac

472 2961 732 3014 virtutum
761 2975 1050 3015 oceanum.
1085 2962 1165 3015 Ad
1195 2963 1342 3016 hunc
1383 2962 1548 3034 igitur
1580 2964 1727 3020 misit
1758 2981 1848 3019 rex
1881 2965 2060 3020 Theo-

472 3051 658 3107 dosius
705 3051 771 3106 ad
821 3052 1202 3107 adducendum
1250 3068 1400 3117 eum,
1453 3053 1754 3122 deprecans
1803 3065 1854 3108 et
1903 3055 2062 3111 obse-

471 3159 656 3209 crans,
706 3153 768 3199 ut
808 3145 1151 3199 orationibus
1191 3147 1314 3214 ejus
1362 3147 1607 3202 munitus
1649 3163 1884 3218 pugnam
1930 3162 2055 3202 cum

1687 448 2015 510 GEORGII
2058 450 2512 511 HAMARTOLI

2241 569 2287 601 ‘°
2323 571 2433 639 (l9)
2477 570 2757 634 Θεοδόσιος
2788 571 2844 623 δὲ
2893 572 3044 624 οὐδὲν
3071 567 3237 644 ἦττον
3295 571 3559 641 ἀναφθεὶς
3609 574 3751 627 ὅπλα

2169 661 2312 714 κατὰ
2353 662 2616 730 Εὑγενίου
2657 663 2751 715 τοῦ
2782 665 2862 727 εἰς
2891 665 2983 718 τὸν
3017 663 3180 717 τόπον
3235 665 3405 718 αὑτοῦ
3445 667 3754 720 καταστάν-

2166 773 2256 819 τος
2286 757 2366 816 εἰς
2418 756 2700 826 ἐκδίκησιν
2754 757 3000 826 ἥρπασε,
3047 757 3145 827 τὴν
3176 757 3370 811 τούτου
3399 756 3627 827 γνώμην
3665 759 3754 810 διά

2167 846 2414 899 Ἰωάννου
2439 847 2676 917 μοναχοῦ
2707 848 3019 919 ἡσυχαστοῦ
3061 848 3362 916 Αἰγυπτίου
3388 847 3752 920 μεμαθηκώς.

2177 937 2237 989 '0
2268 938 2374 1005 γάρ
2407 954 2489 990 τοι
2526 937 2670 1000 θεῖος
2715 935 2870 1002 οὗτος
2901 939 3040 1010 ἀνὴρ
3072 942 3527 1010 ὲνενηκονταετὴς
3571 941 3753 994 πὲλων

2165 1028 2263 1097 τὴν
2291 1029 2508 1098 ἠλικίαν
2535 1032 2591 1081 ἐν
2625 1030 2878 1100 σπηλαίῳ
2907 1032 3177 1101 κατέμενε
3211 1034 3393 1099 μόνος,
3431 1033 3568 1102 μήτε
3588 1031 3752 1096 αὐτὸς

2166 1119 2527 1190 ἐξερχόμενος
2569 1123 2667 1191 τῆς
2711 1123 2931 1192 κέλλης,
2965 1125 3104 1194 μήτε
3163 1123 3323 1176 ἄλλον
3377 1123 3754 1194 εἰσδεχόμενος

2166 1213 2315 1267 ἔνδον
2337 1233 2352 1246 ·
2379 1215 2601 1285 ηὐλόγει
2633 1217 2743 1287 γάρ
2779 1216 2939 1286 μόνον
2968 1217 3055 1270 διὰ
3091 1217 3308 1288 θυρίδος
3348 1219 3444 1272 καὶ
3473 1217 3756 1288 ἠσπάζετο

2165 1305 2292 1368 τοὺς
2321 1305 2457 1375 πρὸς
2486 1306 2647 1358 αὑτὸν
2674 1307 3124 1375 παραϐάλλοντας
3151 1324 3164 1340 ο
3191 1308 3286 1361 καὶ
3308 1308 3533 1372 τούτους
3559 1311 3620 1363 οὐ
3639 1310 3756 1364 δια-

2169 1397 2392 1462 παντός,
2427 1398 2564 1452 ἀλλὰ
2615 1399 2697 1463 δὶς
2751 1401 2794 1433 ³⁸
2837 1403 2936 1468 τῆς
2974 1402 3294 1472 ἑϐδομάδος,
3345 1404 3617 1475 Σαϐϐάτῳ
3659 1405 3755 1460 καὶ
3821 1443 3824 1448 -

2166 1487 2422 1558 Κυριακῇ
2451 1505 2463 1517 ·
2495 1488 2597 1552 τὰς
2641 1489 2700 1542 δὲ
2747 1491 2942 1555 λοιπὰς
2977 1493 3194 1565 ἡμέρας
3240 1496 3503 1565 ἀπρόῖτος
3536 1495 3753 1567 ὑπῆρχε

2167 1580 2330 1630 παντὶ
2357 1579 2650 1650 ἀνθρώπῳ,
2676 1584 2957 1653 νηστείαις
2987 1586 3078 1638 καὶ
3113 1587 3448 1658 ἀγρυπνίαις
3475 1590 3567 1642 καὶ
3590 1604 3758 1657 προσο

2165 1673 2356 1740 ευχαῖς
2415 1671 2726 1742 σχολάζων.
2757 1677 2867 1728 Καὶ
2915 1672 2982 1748 ἦν
3035 1677 3164 1732 ίδείν
3201 1680 3292 1731 τὸν
3331 1680 3604 1748 μακάριον
3631 1680 3756 1732 ὅλον

2164 1760 2304 1818 εἶναι
2342 1766 2747 1836 ὲκτετηγμένον
2773 1769 2853 1835 τῷ
2885 1767 3100 1837 σώματι
3123 1773 3190 1825 δι’
3215 1774 3393 1840 ἄκραν
3427 1772 3754 1842 σκληραγω·

2168 1853 2293 1921 γίαν
2317 1871 2332 1885 ·
2359 1855 2454 1908 καὶ
2490 1855 2601 1927 γάρ
2657 1857 2846 1927 ἤσθιεν
2899 1861 3056 1914 οὐδὲν
3111 1863 3303 1934 ἕτερον
3336 1864 3368 1934 ἢ
3419 1865 3630 1934 λάχανα
3657 1865 3756 1917 καὶ

2164 1943 2350 2013 ὀλίγας
2399 1947 2622 2018 ὀπώρας
2659 1950 2840 2020 (ίνὶῖδ)
2881 1952 3020 2020 μετὰ
3053 1953 3207 2008 δύσιν
3261 1956 3442 2025 ἡλίου*
3478 1958 3608 2024 περὶ
3643 1956 3754 2026 γὰρ

2166 2037 2334 2108 ἄρτου
2360 2039 2505 2092 οἴνου
2534 2058 2593 2092 τε
2627 2045 2722 2095 καὶ
2766 2044 2948 2097 ἐλαίου
2980 2047 3076 2099 καὶ⁵
3119 2048 3229 2100 τῶν
3276 2048 3481 2102 λοιπῶν
3523 2051 3624 2103 ὅσα
3664 2049 3754 2102 διά

2167 2131 2340 2200 πυρὸς
2384 2131 2497 2202 ἔχει
2535 2131 2633 2202 τὴν
2679 2135 2900 2203 χρῆσιν,
2935 2138 3190 2205 περιττόν
3229 2140 3348 2192 ἐστι
3400 2143 3495 2193 καὶ
3549 2141 3753 2208 λέγειν.

2166 2225 2390 2288 Τούτοις
2422 2227 2517 2280 καὶ
2547 2229 2662 2290 τοῖς
2700 2229 2967 2293 τοιούτοις
3001 2231 3168 2295 θείοις
3207 2233 3603 2304 κατορθώμασι
3640 2234 3758 2286 δια-

2166 2317 2508 2384 νυκτερεύων
2553 2319 2649 2372 καὶ
2689 2319 3033 2391 διημερεύων
3064 2323 3229 2394 487
3259 2327 3287 2378 ό
3337 2325 3483 2389 ὅσιος
3530 2325 3757 2394 ἔκδηλος

2164 2409 2385 2475 ἐγένετο
2406 2412 2498 2463 καὶ
2521 2414 2881 2483 προφητικῶν
2901 2417 3262 2486 χαρισμάτων
3283 2416 3560 2487 ἔμπλεως,
3613 2435 3754 2489 προ-

2168 2503 2450 2571 σημαίνων
2475 2503 2586 2556 ἔσθ’
2610 2506 2698 2558 ὅτε
2731 2507 2796 2557 τὰ
2828 2506 3090 2575 μέλλοντα
3134 2509 3229 2561 καὶ
3259 2511 3324 2562 τὰ
3347 2511 3592 2578 κρυφίως
3622 2510 3754 2564 ὲκάο

2166 2612 2276 2664 στῳ
2295 2597 2662 2668 πεπραγμένα
2680 2599 2774 2650 καὶ
2790 2599 2999 2650 διανοού
3009 2616 3164 2667 μενα.
3178 2601 3287 2652 Καὶ
3309 2600 3492 2668 μέντοι
3509 2601 3602 2652 καὶ
3621 2600 3752 2667 περὶ

2164 2687 2258 2739 τοῦ
2294 2665 2492 2740 Νείλου
2525 2665 2616 2740 καὶ
2644 2687 2744 2756 τῆς
2777 2665 3038 2757 εὐφορίας
3082 2688 3274 2751 αὑτοῦ,
3310 2665 3352 2757 *ἢ
3387 2691 3482 2742 καὶ
3513 2665 3750 2758 ἀφορίας

2163 2776 2257 2829 τοῦ
2290 2776 2508 2846 χρόνου,
2541 2774 2573 2844 ἢ
2612 2773 2864 2844 ἀπειλὴν,
2911 2776 2943 2846 ἤ
2989 2775 3185 2843 ἑτέραν
3236 2776 3571 2847 ἐπέρχεσθαι
3619 2775 3750 2845 μέλ-

2164 2867 2362 2919 λουσαν
2387 2867 2536 2937 παρὰ
2560 2865 2698 2918 Θεοῦ
2724 2867 2770 2898 ⁸³
2805 2867 3153 2937 προηγόρευε
3185 2870 3280 2920 καὶ¹
3323 2869 3448 2931 τοὺς
3495 2868 3750 2938 ἁμαρτά-

2163 2975 2355 3021 νοντας
2390 2958 2678 3031 παρρησίᾳ
2733 2958 3042 3029 διήλεγχεν.
3079 2960 3188 3011 Καὶ
3214 2959 3266 3011 τί
3294 2959 3359 3028 δὴ
3389 2959 3436 2990 ⁸³
3463 2959 3632 3010 πολλὰ
3659 2959 3752 3010 λέ-

2164 3069 2322 3120 γειν;
2350 3051 2614 3105 ἀδυνατεῖ
2640 3052 2748 3121 γάρ
2805 3053 2978 3119 στόμα
3009 3051 3104 3103 καὶ
3139 3052 3264 3114 νοῦς
3292 3051 3597 3120 ἀνθρώπιον
3629 3051 3750 3120 ἀριο

2164 3144 2325 3212 θμείν
2362 3143 2472 3196 τῶν
2507 3143 2805 3210 θαυμάτων
2838 3141 3004 3196 αὑτοῦ
3049 3141 3084 3212 ἢ
3131 3142 3239 3196 τῶν
3289 3143 3502 3211 ἀρετῶν
3541 3142 3600 3194 τὸ
3647 3142 3750 3194 πέ-

470 3234 799 3291 adversariis
865 3237 1150 3306 inciperet.
1222 3239 1317 3293 llle
1407 3253 1537 3293 vero
1591 3241 1932 3309 praesentiam
1987 3241 2059 3294 ob

2167 3233 2352 3301 λαγος.
2392 3231 2534 3302 Πρὸς
2561 3231 2751 3284 τοῦτον
2805 3231 2900 3284 οὖν
2936 3231 3028 3284 τὸν
3079 3230 3341 3300 θεοφόρον
3371 3231 3691 3283 ἀπέστειλεν
3721 3231 3750 3282 ό

471 3327 788 3398 religionem
853 3330 1172 3397 recusavit,
1255 3332 1348 3387 sed
1413 3347 1574 3402 prece
1657 3331 1830 3395 facta,
1895 3347 2058 3401 super

472 3419 666 3473 baculo
697 3434 804 3488 quo
853 3419 1127 3474 nitebatur
1157 3427 1211 3474 et
1234 3423 1433 3476 amictu
1465 3437 1576 3492 quo
1599 3421 1799 3474 collum
1825 3420 2059 3474 cireum-

471 3508 656 3573 dabat,
697 3508 812 3563 haec
854 3509 919 3562 ad
963 3509 1140 3579 ipsum
1185 3510 1353 3574 misit,
1404 3511 1758 3576 denuntians,
1806 3520 1865 3564 ut
1916 3511 2054 3564 ami-

471 3609 618 3653 ctum
673 3613 771 3668 pro
815 3601 966 3670 galea
1004 3616 1167 3671 super
1217 3611 1382 3669 caput
1430 3601 1705 3668 indueret,
1757 3613 1808 3656 et
1862 3602 2056 3657 baculo

473 3707 571 3761 pro
607 3692 794 3748 lancea
841 3693 1061 3748 dextera
1103 3709 1268 3748 manu
1317 3703 1562 3749 uteretur
1592 3705 1644 3748 et
1683 3694 1897 3764 primus
1931 3705 2058 3750 ante

471 3784 766 3839 exercitum
814 3786 1157 3855 pret-ederet.
1203 3785 1316 3840 Rex
1347 3796 1526 3841 autem
1571 3787 1936 3853 Theodosius,
1973 3789 2057 3844 his

471 3893 500 3928 ει
535 3887 727 3930 sancto
761 3876 946 3931 missis
983 3877 1068 3946 pie
1098 3875 1438 3945 fideliterque
1471 3879 1727 3947 acceptis,
1756 3880 1822 3933 ad
1857 3879 2056 3934 bellum

471 3983 530 4022 se
555 3969 803 4038 parabat,
843 3985 949 4024 non
982 3977 1090 4023 tam
1120 3985 1421 4034 armorum,
1461 3969 1770 4038 jaculorum
1815 3981 1868 4026 et
1911 3973 2057 4026 mili-

472 4069 584 4114 tum
615 4060 982 4128 multitudine,
1015 4075 1179 4130 quam
1233 4063 1404 4116 sancti
1433 4062 1662 4132 jejuniis
1700 4077 1764 4118 ac
1792 4063 2058 4118 orationi-

472 4153 573 4208 bus
603 4152 863 4209 eonﬁsus.
913 4153 1024 4209 lste
1065 4155 1212 4208 enim
1262 4169 1461 4210 novam
1499 4155 1602 4224 ipsi
1656 4156 2060 4226 praenuntiabat

469 4245 781 4322 victoriam,
830 4262 940 4302 non
981 4255 1271 4302 cruentum
1310 4263 1410 4317 pro
1446 4247 1565 4318 ipso
1604 4245 1721 4302 fore
1755 4257 2055 4312 certamen,

473 4337 568 4395 sed
604 4354 669 4394 ex
712 4347 944 4408 utraque
991 4345 1144 4408 parte
1185 4340 1415 4393 multum
1467 4354 1723 4394 cruorem
1777 4355 1898 4394 esse
1930 4339 2056 4394 run-

472 4431 736 4486 dendum.
785 4430 1067 4486 Circuibat
1110 4441 1296 4486 autem
1324 4446 1450 4486 cum
1491 4430 1766 4500 episcopis
1797 4442 1851 4486 et
1880 4446 2056 4500 popu-

471 4519 538 4574 lis
583 4534 776 4576 onmes
815 4522 1084 4579 orationis
1136 4523 1308 4589 locos,
1359 4522 1848 4591 prosternebatque
1893 4538 1954 4578 se
2001 4524 2054 4577 in

2175 3325 2431 3395 βασιλεὺς
2469 3323 2751 3386 Θεοδόσιος
2780 3323 3044 3392 σκυλῆναι
3072 3323 3238 3376 αὑτὸν
3281 3322 3622 3392 παρακαλῶν
3655 3322 3750 3376 καὶ

2166 3418 2498 3472 ὲκδυσωπῶν
2526 3418 2630 3480 ἕως
2681 3415 2874 3481 αὑτοῦ,
2901 3417 3051 3478 ὅπως
3085 3419 3206 3480 ταῖς
3239 3415 3452 3468 ἐκείνου
3513 3432 3749 3485 προσευ-

2167 3514 2287 3582 χαῖς
2314 3510 2734 3579 ἐφοδιαζόμενος
2767 3511 2864 3579 τῆς
2892 3508 3028 3579 πρὸς
3069 3510 3195 3574 τοὺς
3241 3508 3570 3570 ἀντιπάλους
3612 3525 3749 3561 κατ·

2166 3603 2351 3671 άρξειε
2378 3603 2579 3673 μάχης.
2632 3601 2693 3654 Ὀ
2735 3601 2792 3654 δὲ
2844 3601 2945 3671 τὴν
2980 3599 3288 3671 παρουσίαν
3347 3601 3446 3669 μὲν
3488 3600 3630 3669 ὑπὲρ
3658 3599 3751 3650 εύ-

2167 3695 2390 3757 λαϐείας
2416 3693 2728 3758 ἀνεϐάλετο,
2771 3693 2938 3763 εὐχὴν
2971 3691 3027 3745 δὲ
3064 3693 3155 3744 ἐπὶ
3182 3695 3249 3762 τῇ
3293 3690 3567 3762 βακτηρία
3601 3689 3687 3757 ἐφ’

2169 3788 2535 3857 ἐπεστήρικτο
2591 3785 2685 3839 καὶ
2735 3786 2811 3856 τῷ
2889 3785 3256 3856 περιϐολαίῳ,
3291 3786 3318 3838 ὃ
3371 3783 3753 3854 περιαυχένιον

2167 3878 2352 3948 ἔφερε,
2391 3879 2784 3947 ποιησάμενος,
2825 3875 3002 3929 ταῦτα
3047 3876 3188 3948 πρὸς
3231 3875 3396 3928 αὐτὸν
3449 3874 3752 3943 ἐκπέμπει,

2168 3969 2569 4041 παραγγείλας,
2596 3968 2684 4020 ἵνα
2714 3968 2772 4021 τὸ
2802 3968 2902 4038 μὲν
2936 3966 3297 4037 περιϐόλαιον
3350 3965 3474 4019 ἀντὶ
3521 3967 3755 4035 κόρυθος

2167 4062 2262 4116 ἐπὶ
2287 4062 2386 4130 τὴν
2411 4061 2654 4131 κεφαλὴν
2681 4059 3082 4132 περιϐαλεῖται,
3115 4061 3180 4130 τῇ
3211 4058 3269 4113 δὲ
3297 4057 3573 4129 βακτηρίᾳ
3631 4057 3757 4114 ἀντὶ

2167 4155 2394 4226 δόρατος
2421 4157 2490 4226 τῇ
2525 4154 2678 4224 δεξιᾷ
2708 4153 2853 4224 χειρὶ
2901 4152 3177 4223 χρήσηται
3197 4151 3244 4184 ⁸⁵
3272 4151 3366 4204 καὶ
3409 4151 3628 4223 πρῶτος
3657 4150 3752 4204 τοῦ

2169 4245 2570 4317 στρατιωτικοῦ
2603 4244 2772 4298 αὑτοῦ
2821 4243 3295 4316 προπορεύσηται.
3327 4244 3388 4296 '0
3413 4243 3468 4296 δὲ
3498 4243 3752 4313 βασιλεὺς

2167 4341 2450 4404 Θεοδόσιος
2483 4339 2695 4402 πιστῶς
2733 4340 2830 4392 καὶ
2881 4337 3130 4401 εὐλαϐῶς
3162 4339 3232 4391 τὰ
3285 4338 3436 4408 παρὰ
3466 4336 3560 4390 τοῦ
3593 4337 3752 4405 ἁγίου

2169 4433 2434 4488 σταλέντα
2453 4431 2749 4500 δεξάμενος
2771 4430 2851 4493 είς
2869 4428 2961 4481 τδν
2988 4427 3225 4499 πόλεμον
3245 4429 3752 4500 παρασκευάζεται,

2167 4527 2265 4596 οὐχ
2283 4523 2459 4588 οὕτως
2512 4525 2587 4594 τῇ·
2635 4521 2750 4575 τῶν
2809 4519 2991 4575 ὃπλων
3026 4521 3122 4574 καὶ
3174 4519 3284 4574 τῶν
3330 4519 3502 4590 βελῶν
3532 4521 3753 4574 καὶτοῦ

471 4611 651 4682 cilicio
688 4622 814 4667 ante
840 4615 1040 4684 januas
1084 4627 1386 4688 martyrum
1413 4622 1468 4670 et
1491 4624 1804 4670 sanctorum
1841 4625 2061 4686 aposto-

2171 4617 2301 4671 λαοῦ
2335 4616 2416 4687 τῷ
2462 4615 2658 4687 πλήθει
2720 4614 2845 4667 ὅσον
2867 4615 2935 4684 τῇ
2985 4613 3096 4668 τῶν
3122 4613 3388 4684 νηστειῶν
3422 4614 3516 4668 καλ¹
3545 4615 3611 4685 τῇ
3644 4613 3754 4667 τῶν

475 4703 678 4771 lorum,
706 4719 831 4760 sese
853 4715 1038 4777 aperte
1062 4709 1448 4764 demonstrans
1465 4713 1780 4764 sanctorum
1806 4707 2061 4765 interces-

2167 4709 2344 4781 εὐχῶν
2393 4709 2488 4762 τοῦ
2545 4707 2710 4776 ἁγίου·
2765 4705 3044 4770 πεποιθὼς
3071 4707 3118 4740 ⁸⁸
3147 4723 3162 4738 ο
3198 4701 3355 4770 οὗτος
3405 4708 3516 4777 γὰρ
3558 4705 3752 4777 καινὴν

476 4797 630 4854 sione
685 4797 1065 4854 ﬁdelissimum
1096 4799 1204 4856 sibi
1243 4814 1273 4854 a
1309 4798 1433 4855 Deo‘
1462 4799 1726 4854 auxilium
1760 4802 2060 4869 quaerebat.

2167 4800 2534 4870 ἐπηγγείλατο
2585 4797 2745 4869 αὐτῷ·
2792 4799 2900 4868 τὴν
2947 4797 3128 4868 νίκην,
3158 4799 3505 4868 ἀναίμακτον
3535 4798 3749 4870 προϐή-

471 4891 647 4947 61·ωοί
702 4906 834 4948 vero
877 4890 1067 4948 Roma:
1107 4892 1422 4948 sacriﬁcare
1462 4892 1756 4949 studebant
1799 4902 1853 4947 et
1909 4894 2061 4949 victi-

2167 4892 2355 4946 σεσθαι
2386 4891 2468 4953 εἰς
2492 4890 2556 4943 τὸ
2599 4890 2725 4943 κατ’
2752 4889 2938 4952 αὐτὸν,
2986 4889 3084 4943 καὶ
3114 4889 3223 4943 ἀπὸ
3251 4890 3516 4960 ἑκατέρου
3548 4889 3750 4960 μέρους

475 4998 690 5038 marum
754 4985 968 5040 viscera
1031 4985 1308 5052 scrutari,
1370 4985 1656 5041 victoriam
1729 4986 2061 5054 imprudenti

2167 4985 2414 5038 πλεῖστον
2448 4981 2728 5052 ἑκχεῖσθαι
2762 4982 2984 5052 μέλλειν
3009 4983 3057 5015 ⁸⁸
3089 4979 3252 5053 αἷμα.
3302 4982 3641 5054 Περιήρχετο
3691 4984 3748 5038 δὲ

475 5075 855 5141 promittentes
909 5077 1176 5148 Eugenio,
1226 5077 1488 5132 Flaviano
1533 5086 1648 5132 tum
1687 5078 1942 5148 prafeeto
1972 5094 2062 5133 aro

473 5167 690 5223 «lentius
728 5169 853 5224 aliis
914 5170 1031 5225 hac
1075 5180 1304 5240 agente;
1341 5171 1448 5235 hic,
1498 5169 1728 5224 multum
1761 5169 2060 5238 prudentia:

476 5272 590 5312 sum
623 5259 816 5326 ﬁdens,
849 5264 1104 5319 omnibus
1133 5263 1398 5318 suadebat
1442 5261 1750 5332 Eugenium
1791 5261 2054 5316 victorem

475 5349 596 5404 fore
640 5348 977 5422 fulgendum.
1022 5354 1160 5409 Cum
1212 5366 1395 5410 autem
1447 5353 1789 5409 Theodosius
1835 5351 2056 5423 pietatis

2174 5075 2314 5147 μετά
2348 5075 2666 5130 ἐπισκόπων
2689 5075 2735 5108 ⁸⁷
2763 5075 2859 5129 καὶ
2915 5076 3054 5145 μετά
3080 5076 3324 5145 πλήθους
3357 5075 3567 5138 πάντας
3620 5078 3750 5140 τοὺς

2169 5167 2278 5220 τῶν
2332 5169 2506 5238 εύχῶν
2564 5168 2764 5232 τόπους
2828 5169 2924 5220 καὶ
2985 5168 3252 5238 ἔρριπτεν
3280 5168 3472 5220 ἑαυτὸν
3505 5169 3614 5238 πρὸ
3639 5170 3750 5222 τῶν

2172 5259 2354 5330 θυρῶν
2404 5260 2514 5312 τῶν
2547 5258 2860 5330 Μαρτύρων
2894 5257 3126 5312 καὶτῶν
3171 5259 3370 5327 Ἀγίων
3409 5259 3750 5313 Ἀποστόλων

2169 5351 2270 5404 ἐπὶ
2309 5352 2571 5418 κιλικίου,
2613 5349 2866 5417 ἐξαπλῶν
2898 5349 3121 5418 ἑαυτὸν,
3143 5351 3239 5406 καὶ
3260 5355 3330 5425 τῇ
3348 5353 3618 5425 πρεσϐεία
3638 5354 3749 5408 τῶν

1719 5493 1918 5554 Variae
1961 5491 2268 5554 lectiones
2297 5497 2360 5551 et
2397 5495 2584 5552 notae.

545 5645 595 5717 ξ’
628 5644 766 5717 Περὶ
813 5645 1061 5717 Ἰωάννου
1097 5646 1354 5717 μοναχοῠ.
1389 5647 1521 5703 Ced.
1545 5641 1889 5717 568,1!1—20
1924 5661 1937 5698 :
1987 5643 2061 5717 ’Έ-

2168 5658 2264 5717 pos
2294 5640 2371 5717 ﬁt
2410 5640 2438 5692 6

2481 5638 2656 5708 μέγας
2701 5637 2763 5690 Θ.
2803 5638 2883 5703 είς
2930 5639 3046 5694 ἔκδ.
3085 5639 3287 5693 αὑτοῦ·
3319 5638 3480 5703 ἐξιὼν
3503 5637 3750 5708 δὲῂκατὰ

481 5715 598 5788 τοῦ-
622 5706 907 5788 τυράννου
933 5706 1196 5788 Ιιξύγενίου
1237 5706 1347 5769 30x
1374 5717 1513 5788 itote,
1539 5706 1686 5787 ίσχύῖ
1722 5714 2031 5788 ἐθάρρησεν
2055 5713 2115 5768 Ἰ.
2135 5714 2193 5766 δὲ
2223 5730 2275 5788 τ.
2294 5710 2374 5788 ἰλ.
2410 5706 2746 5788 μίμεγάλου
2773 5709 2878 5788 τὴν
2891 5709 3090 5788 ῥάϐδον
3202 5709 3251 5788 δι
3276 5710 3390 5788 ’ἔην
3412 5706 3660 5788 ἐπωμίδα
3687 5708 3750 5760 δὲ

489 5784 610 5856 ἀντὶ
635 5784 869 5856 κράνους
886 5784 1272 5856 ὁπλισάμενος.

494 5849 617 5900 σθαι
647 5849 770 5911 eod.
845 5855 889 5886 "
931 5849 1191 5928 βοηθείᾳῖ
1229 5856 1302 5912 cf.
1329 5855 1487 5912 infra.
1565 5849 1610 5886 ³³⁵
1641 5854 1864 5923 ἕμελλεν
1891 5856 2012 5910 cod.

1367 5787 1408 5857 ἐ
1428 5785 1682 5857 δὲύτερον
1697 5785 1866 5857 codex
1900 5801 1929 5839 e
1962 5800 2084 5857 com

2092 5799 2160 5888 ΡΞ

2166 5783 2292 5837 ndio
2313 5779 2358 5851 β’
2382 5776 2524 5835 male
2555 5776 2756 5836 sOluto.
2825 5776 3126 5851 ’³³”τιμίαντ
3201 5779 3248 5810 ⁸³
3276 5777 3395 5832 δεΞΫ
3456 5776 3508 5808 ⁸⁵
3530 5778 3733 5847 χρήσας

2166 5853 2362 5906 ὲπισκό
2373 5871 2424 5906 π.
2463 5851 2586 5907 eod.
