4090 6410
1560 401 2033 508 εΗιιοΝιροΝ.
2069 469 2140 480 ~—-
2178 437 2328 504 LlB.
2378 442 2479 502 tv.

369 449 482 526 795
1560 439 1962 508 CHRONICOI

2069 469 2140 480 υ-
2178 437 2328 504 LlB.
2378 442 2479 502 IV.
3539 431 3646 494 726

371 571 550 641 ἁγίων
612 564 948 635 πιστοτάτην
995 556 1146 633 αὖτῴ
1183 561 1334 632 παρὰ
1365 561 1504 615 Θεοῦ
1536 561 1794 632 βοήθειαν
1833 559 1962 627 ἐζή-

2072 556 2282 609 veritati
2344 569 2468 606 rere
2528 549 2828 611 eonlidens,
2886 546 3102 617 Aipium
3151 560 3246 601 ora
3297 553 3646 614 occupasset,

369 681 478 722 ττι.
510 663 573 717 0i
605 661 666 715 δὲ
703 657 969 730 Ἕλληνες
1017 655 1162 710 κατὰ
1219 656 1322 727 τὴν
1365 654 1589 725 Ῥώμην
1645 653 1796 705 θύειν
1857 653 1958 720 ἧρ-

371 757 536 822 ξαντο
567 752 666 808 καὶ¹
714 750 1201 821 σπλαγχνοκοπίας
1264 747 1374 801 ἀπὸ
1418 746 1756 820 θρεμμάτων
1786 745 1958 796 ποιεῖ-

300 842 314 878 ’·
370 847 523 912 σθαι,
564 844 728 914 νίκην
783 845 1016 915 ἁφροντὶ
1067 841 1476 910 ἀπαγγέλοντες
1524 839 1786 910 Εὑγενίῳ,
1817 836 1957 890 ψλα-

370 939 566 994 ϐιανοῦ
586 939 711 992 τότε
746 936 842 990 τοῦ
875 936 1126 1006 ὑπάρχου
1158 934 1585 1006 σπουδαιότερον
1628 934 1738 984 τῶν
1777 931 1957 984 ἄλλων

373 1029 548 1084 ταῦτα
578 1028 938 1100 πράττοντος,
967 1027 1063 1081 καὶ
1089 1026 1298 1089 πάντας
1327 1023 1549 1079 ἔπειθεν
1591 1024 1850 1091 Εὐγένιον
1874 1039 1956 1076 νι-

373 1117 553 1187 κητὴν
590 1114 1016 1183 ἀποφανεῖσθαι,
1034 1113 1236 1186 πολλὴν
1271 1113 1410 1184 ἔχων
1441 1114 1758 1185 φρονήσεως
1789 1111 1959 1183 488

374 1208 576 1278 οἴησιν.
604 1209 738 1261 Ὅτε
767 1207 825 1260 δὲ
855 1207 1135 1270 Θεοδόσιος
1160 1208 1189 1260 ό
1221 1207 1437 1280 άληθῶς
1476 1209 1543 1278 τῇ
1583 1206 1812 1277 ἀληθείᾳ
1856 1207 1958 1275 τῆς

383 1298 667 1362 εὐσεϐείας
695 1297 978 1362 πεποιθὼς
1006 1299 1077 1352 τὰ
1131 1300 1331 1368 στόμια
1393 1297 1504 1351 τῶν
1536 1297 1795 1350 Ἄλπεων
1823 1313 1957 1350 κατε

385 1389 592 1457 ἐλαϐεν,
627 1389 838 1461 πρῶτοι
861 1391 1062 1443 ἐκεῖνοι
1091 1392 1140 1443 οἱ
1175 1391 1432 1461 δαίμονες
1461 1392 1542 1452 είς
1578 1393 1758 1461 φυγὴν
1793 1391 1957 1461 ὲτρά-

382 1497 567 1552 πησαν
620 1481 728 1535 ὖπδ
782 1481 989 1550 φαύλου
1043 1483 1347 1546 συνειδότος
1399 1483 1774 1550 πτοηθέντες·
1824 1485 1957 1546 στὰς

374 1573 489 1644 γάρ
514 1573 600 1642 ἐφ’
625 1573 839 1645 ὑψηλῆς
861 1575 909 1606 ⁸⁸
940 1575 1149 1645 πέτρας
1200 1574 1504 1638 Θεοδόσιος,
1534 1574 1659 1628 ὅθεν
1704 1576 1803 1629 καὶ
1822 1576 1957 1646 ὁρᾷν

376 1665 476 1719 καὶ
511 1665 745 1734 ὁρᾶσθαι
786 1665 918 1737 παρ’
952 1666 1218 1736 ἐκατέρου
1270 1667 1646 1736 στρατοπέδου·
1697 1666 1953 1736 ἠδύνατο,

375 1757 470 1810 ἐπὶ
507 1755 608 1827 τὴν
635 1755 694 1821 ἐξ
726 1756 880 1820 ἔθους
909 1757 1207 1828 ἐπέτρεψεν
1257 1759 1449 1812 ἑαυτὸν
1471 1759 1518 1790 ⁵⁹
1547 1758 1804 1829 βοήθειαν
1859 1759 1956 1812 καὶ

369 1847 641 1911 ἁπλώσας
694 1849 888 1902 ἑαυτὸν
949 1849 1182 1903 ἐνώπιον
1229 1849 1323 1904 τοῦ
1352 1850 1488 1904 Θεοῦ
1516 1868 1530 1882 ο
1570 1868 1589 1902 ι
1624 1851 1956 1906 Θεὲ’παντο-

2065 647 2223 718 primi
2257 645 2333 699 illi
2359 640 3039 706 beati,tnala-conscientia
3062 636 3430 709 pcrtcrriti,in
3467 636 3648 705 Fugam

2066 757 2126 796 se
2157 740 2446 794 dederunt.
2486 738 2651 792 Stans
2677 734 2822 791 enim
2852 747 3019 804 super
3054 730 3268 786 excelsa
3303 745 3439 799 rupe
3471 727 3653 782 Theo-

2065 833 2276 898 dosius,
2311 833 2455 886 unde
2495 830 2679 885 videre
2714 827 3002 896 viderique
3042 825 3110 879 ab
3145 835 3378 892 utroque
3405 819 3648 876 exercitu

2063 936 2264 997 posset,
2296 927 2347 979 in
2378 933 2699 980 consuetum
2735 921 2997 977 auxilium
3017 919 3207 974 oculos
3239 917 3421 988 vertit,
3453 923 3507 968 et
3532 929 3654 968 sese

2065 1019 2327 1088 pandens
2357 1019 2409 1071 in
2465 1025 2765 1086 conspectu
2822 1014 2914 1069 Dei
2966 1030 2979 1066 :
3030 1031 3048 1064 ι
3091 1011 3235 1066 Deus
3279 1009 3650 1078 omnipotens,

2063 1111 2266 1181 inquit,
2304 1119 2359 1164 tn
2389 1111 2497 1165 scis
2539 1111 2665 1179 quia
2706 1111 2760 1162 in
2779 1106 3019 1162 nomine
3056 1104 3262 1160 Christi
3296 1101 3423 1156 Filii
3452 1099 3551 1163 tui,
3585 1100 3648 1151 ad

2059 1206 2205 1276 justo
2233 1220 2321 1259 me
2346 1203 2735 1259 vindicandum
2764 1203 2868 1255 hoc
2898 1200 3119 1269 suscepi
3152 1198 3378 1261 bellum;
3421 1193 3568 1265 quod
3603 1191 3646 1245 si

2066 1297 2322 1360 mentior,
2366 1312 2555 1366 poenas
2600 1312 2630 1350 a
2682 1311 2768 1350 me
2817 1309 3081 1362 rcposce;
3125 1293 3168 1347 si
3216 1305 3345 1344 vero
3395 1289 3542 1357 iusta
3583 1285 3652 1338 de

2061 1399 2318 1444 causa'et
2363 1389 2418 1442 in
2444 1397 2495 1442 te
2523 1386 2808 1442 conlidens
2847 1385 2957 1439 huc
2988 1383 3134 1446 veni,
3178 1381 3454 1435 dexteram
3503 1385 3650 1429 luant

2059 1497 2225 1551 super
2266 1491 2392 1536 tuos
2422 1480 2674 1546 extende,
2705 1478 2995 1548 nequando
3043 1477 3229 1532 dicant
3281 1478 3468 1542 gentes
3502 1487 3516 1522 :
3551 1466 3652 1522 Ubi

2059 1583 2142 1628 est
2178 1572 2324 1628 Deus
2349 1584 2537 1628 eorum
2563 1572 2588 1626 ?
2621 1590 2641 1624 ι
2683 1571 2856 1638 Quam
2885 1570 3192 1625 orationem
3233 1562 3536 1622 ﬁdelissimi
3565 1576 3652 1615 re-

2059 1665 2143 1735 gis
2173 1663 2404 1720 ﬁdentes
2432 1665 2598 1719 duces
2645 1679 2674 1718 a
2720 1662 2832 1718 Deo
2867 1661 3278 1741 accipiendam,
3316 1657 3382 1712 ad
3417 1669 3650 1726 pugnam

2060 1753 2378 1811 inﬂammati
2397 1765 2526 1812 sunt
2547 1773 2562 1822 ;
2583 1755 2882 1826 przesertim
2909 1753 3195 1813 Bacurius,
3230 1750 3312 1802 rir
3331 1748 3432 1802 ﬁde
3452 1762 3515 1801 ac
3537 1743 3650 1814 pie-

2062 1858 2192 1914 tate,
2224 1851 2529 1921 aniuneque
2553 1857 2606 1905 et
2629 1848 2876 1918 corporis
2903 1845 3221 1903 fortitudine
3247 1841 3478 1896 illustris
3510 1837 3650 1907 apud

375 1939 623 2010 κράτωρ,
653 1940 781 2009 ἔφη,
812 1942 876 1995 σὺ
901 1937 1068 2008 οἶδας,
1098 1944 1180 1997 ὅτι
1224 1945 1284 1997 ὲν
1312 1943 1392 2014 τῷ
1433 1944 1661 2014 όνόματι
1691 1944 1787 1996 τοῦ
1821 1944 1957 2014 Χρι-

2064 1959 2255 2000 omnes
2304 1945 2397 2014 qui
2447 1943 2553 2014 ipsi
2596 1941 3061 2014 propinquabant,
3113 1949 3223 1992 tum
3279 1937 3491 1997 lancea,
3536 1939 3650 1984 tum

378 2031 506 2085 στοῦ
565 2032 663 2085 καὶ
708 2032 840 2086 Υίοῢ
893 2050 986 2087 σου
1053 2033 1388 2104 ἐκδικήσεως
1416 2035 1466 2068 ⁸⁸
1491 2051 1596 2105 μου
1655 2035 1819 2088 ἕνεκα
1871 2034 1951 2088 διο

2064 2037 2273 2108 iaculis.
2299 2046 2415 2092 tum
2441 2051 2572 2094 ense
2595 2037 2821 2093 multam
2847 2034 3134 2089 exercebat
3156 2026 3626 2094 ca'demJtostium

378 2123 539 2188 καίας
566 2125 611 2156 ⁸⁸
639 2125 734 2179 τὸν
764 2126 1007 2197 πόλεμον
1036 2126 1228 2181 τοῦτον
1253 2127 1592 2200 ἀνεδεξάμην
1614 2144 1630 2159 ⁸
1659 2127 1754 2182 καὶ
1782 2129 1830 2181 εί
1857 2127 1956 2198 μὲν

2064 2145 2167 2198 que
2196 2129 2418 2184 ordines
2445 2130 2676 2199 stipatas
2706 2143 2770 2183 ac
2796 2125 3154 2181 densissimas
3176 2116 3584 2191 perrumpebat,
3602 2123 3654 2166 et

377 2213 674 2285 ψεύδομαι,
703 2215 1023 2289 τιμώρησόν
1041 2235 1111 2288 με
1140 2235 1155 2250 ·
1187 2220 1235 2272 εί
1265 2217 1322 2274 δὲ
1356 2220 1496 2290 μετὰ
1526 2220 1744 2282 δικαίας
1775 2218 1958 2280 αίτίας

2064 2237 2155 2293 per
2185 2221 2418 2276 mediam
2446 2225 2755 2275 occisorum
2790 2217 3198 2273 multitudinem
3233 2212 3380 2267 acies
3409 2211 3653 2265 disrum-

379 2309 475 2361 καὶ
533 2311 617 2361 σοὶ
671 2309 962 2374 πεποιθὼς
1005 2307 1168 2382 ἦλθον
1219 2312 1495 2379 ἐνταῦθα,
1548 2313 1788 2367 ἔκτεινον
1859 2312 1957 2382 τὴν

2064 2330 2192 2385 pens
2225 2325 2281 2369 et
2303 2326 2649 2370 mortuorqu
2685 2327 2909 2383 aggeres
2941 2307 3342 2380 pertransicns,
3377 2304 3442 2358 ad
3469 2303 3649 2372 ipsum

380 2397 561 2462 δεξιάν
585 2416 674 2453 σου
703 2403 820 2464 τοῖς
852 2405 989 2467 σοῖς,
1016 2403 1225 2474 μήποτε
1254 2405 1434 2474 (128⁸)
1461 2405 1658 2458 εἴπωσι
1692 2405 1759 2458 τὰ
1787 2405 1913 2476 ἔθνη
1940 2420 1953 2434 '

2064 2416 2347 2476 tyrannum
2376 2406 2686 2461 ierebatur:
2714 2412 2768 2460 ct
2799 2418 2922 2458 cum
2940 2415 3121 2474 pugna
3142 2399 3649 2456 acriordevenerat.

391 2488 505 2541 Ηοῦ
523 2492 719 2546 tame
735 2494 870 2558 Θεὸς
897 2495 1080 2549 αὐτῶν
1105 2514 1117 2562 ;
1155 2498 1417 2552 »Ἦντινα
1444 2499 1612 2570 εὐχὴν
1646 2497 1741 2551 τοῦ
1769 2513 1959 2550 πιστο-

2067 2500 2367 2570 Eugenius,
2401 2500 2654 2554 manibus
2696 2506 2818 2568 post
2847 2505 3056 2567 tergum
3088 2491 3356 2549 devinctis
3391 2489 3456 2544 ad
3489 2487 3655 2557 pedes

383 2580 551 2635 τάτου
583 2581 851 2652 βασιλέως
885 2588 1270 2653 πιστευθέντες
1303 2590 1349 2622 ⁹¹
1375 2592 1427 2645 οἱ
1473 2591 1773 2663 στρατηγοὶ
1807 2589 1962 2661 παρὰ

2064 2593 2202 2662 regis
2233 2593 2504 2648 adductus
2527 2599 2632 2648 est.
2656 2589 2755 2645 llic
2786 2589 2929 2643 illius
2965 2587 3088 2642 vitae
3115 2585 3348 2654 bellique
3371 2582 3496 2637 linis
3524 2578 3648 2632 fuit.

377 2694 531 2753 Θεοῦ
565 2701 1053 2774 προσδεδέχθαι⁹³,
1085 2705 1164 2769 είς
1233 2705 1326 2760 τὸν
1373 2707 1612 2778 πόλεμον
1665 2703 2124 2777 ὰνεψυχὼθησαν,
2192 2707 2493 2780 ἐξαιρέτως
2534 2707 2590 2760 δὲ
2646 2704 2971 2776 Βακούριος,
3006 2703 3144 2773 ἀνὴρ
3178 2704 3249 2773 τῇ
3289 2700 3494 2764 πίστει,
3559 2699 3652 2752 καὶ

377 2799 446 2868 τῇ
479 2796 753 2869 εὐσεϐείᾳ,
783 2798 878 2853 καὶ
905 2802 970 2872 τῇ
1003 2801 1172 2872 ἀρετῇ
1207 2802 1304 2872 τῆς
1338 2801 1517 2872 ψυχῆς
1549 2804 1642 2856 καὶ
1676 2802 1770 2856 τοῦ
1807 2802 2058 2871 σώματος
2093 2803 2306 2869 ἔνδοξος
2339 2804 2494 2875 παρὰ
2523 2803 2732 2867 πάντας
2798 2802 2924 2864 τοὺς
2971 2799 3198 2869 πλησίον
3257 2797 3649 2868 τυγχάνοντας.

378 2889 557 2960 τούτῳ
592 2889 692 2960 μὲν
738 2891 816 2962 τῷ
842 2891 1018 2963 κόντῳ
1037 2931 1052 2956 ,
1126 2891 1301 2965 τούτῳ
1345 2894 1400 2947 δὲ
1439 2896 1549 2958 τοῖς
1606 2894 1838 2963 βέλεσιν,
1865 2893 1981 2948 ἔστι
2011 2894 2058 2948 δ’
2080 2895 2168 2950 ὅτε
2190 2896 2284 2950 καὶ
2309 2896 2386 2966 τῷ
2411 2895 2555 2964 ξίφει
2590 2894 2897 2966 έστρώννυε
2921 2892 2967 2927 ⁸⁸⁵
3000 2895 3097 2946 καὶ
3157 2889 3224 2944 τὰ
3262 2889 3522 2960 τάγματα
3545 2889 3654 2944 τῶν

384 2984 668 3053 πολεμίων
717 2984 1117 3057 συνεζευγμένα
1157 2988 1251 3040 καὶ
1320 2990 1804 3059 συγκεκροτημένα
1837 2986 2092 3058 διέρρηξε
2131 2989 2226 3041 καὶ
2255 2989 2342 3042 διὰ
2372 2989 2536 3058 μέσον
2567 2987 2660 3040 τοῦ
2715 2987 2957 3056 πλήθους
2990 2985 3100 3038 τῶν
3128 2983 3502 3037 πεπτωκότων
3552 2984 3653 3045 τὰς

386 3077 580 3142 τάξεις
640 3079 924 3149 διασχίσας
961 3081 1056 3134 καὶ
1114 3081 1242 3146 τοὺς
1314 3085 1525 3155 σωροὺς
1564 3085 1674 3139 τῶν
1712 3087 1926 3157 νεκρῶν
1960 3086 2174 3158 παριὼν
2201 3085 2338 3150 πρὸς
2372 3085 2537 3139 αὑτὸν
2601 3083 2898 3155 ἐπορεύετο
2951 3082 3042 3136 τὸν
3079 3081 3344 3149 τύραννον
3371 3096 3385 3110 ο
3429 3081 3522 3133 καὶ
3555 3080 3650 3132 τοῦ

381 3169 624 3241 πολέμου
657 3171 702 3204 ⁸³
778 3172 1010 3244 σφοδροῦ
1060 3176 1382 3246 γενομένου,
1424 3177 1680 3244 Εὑγένιος
1717 3179 1854 3250 πρὸς
1913 3183 2041 3245 τοὺς
2068 3181 2236 3242 πόδας
2301 3177 2396 3231 τοῦ
2429 3178 2696 3249 βασιλέως
2760 3177 2935 3231 ὀπίσω
3001 3175 3302 3246 δεδεμένων
3342 3173 3508 3227 αὑτοῦ
3542 3173 3653 3226 τῶν

381 3262 584 3336 χειρῶν
629 3265 772 3336 ἦχοη
794 3283 806 3296 ⁸
835 3267 1064 3323 κάκεῖσε
1140 3271 1239 3341 τῆς
1274 3271 1441 3324 αὐτοῦ
1468 3273 1617 3343 ζωῆς
1649 3274 1746 3326 καὶ
1779 3273 1874 3326 τοῦ
1941 3277 2183 3345 πολέμου
2213 3275 2272 3327 τὸ
2311 3274 2469 3338 τέλος
2504 3273 2743 3341 ἐγένετο.

451 3362 498 3395 ⁸⁸
531 3362 642 3433 (20)
677 3364 812 3417 Τότε
869 3366 1048 3419 τοίνυν
1081 3368 1156 3431 ὡς
1207 3369 1275 3422 τὰ
1329 3370 1595 3437 μέλλοντα
1646 3371 1914 3443 προειδὼς
1939 3375 1964 3426 ὁ
1997 3380 2038 3436 C

383 3455 641 3525 βασιλεὺς
674 3458 770 3511 καὶ
813 3461 1142 3530 φροντίζων,
1170 3461 1312 3516 ὥστε
1339 3465 1440 3534 τὴν
1473 3464 1753 3518 πολιτείαν
1783 3465 1964 3520 διατυι

385 3547 591 3614 πῶσαι,
636 3550 685 3602 εί
714 3549 781 3603 τὰ
804 3553 902 3621 τῆς
937 3551 1111 3622 Ἐῴας
1142 3553 1285 3623 μέρη
1317 3556 1663 3626 παραχρῆμα
1703 3557 1965 3610 ἀπέστει-

383 3640 494 3707 λεν,
521 3643 656 3696 ὅπου
688 3644 758 3697 τὰ
791 3643 989 3698 ἑαυτοῦ
1047 3647 1317 3718 παρέθετο
1347 3647 1516 3701 τέκνα
1545 3649 1760 3720 φυλακῇ
1793 3651 1968 3717 ἀσφαο

383 3731 617 3807 λεστάτῃ
645 3734 854 3805 μέλλων
891 3737 986 3790 ἐπὶ
1040 3739 1132 3790 τὸν
1199 3739 1438 3809 πόλεμον
1505 3739 1710 3805 ἐξιέναι
1735 3757 1751 3773 ο
1785 3743 1881 3793 καὶ
1909 3743 1966 3793 ἐν

395 3823 493 3891 μὲν
521 3827 586 3895 τῇ
637 3828 895 3899 ’Δνατολῇ
938 3829 1030 3883 τὸν
1068 3829 1293 3900 βασιλέα
1337 3831 1624 3902 Ἀρκάδιον
1657 3833 1966 3903 προσέταξε

393 3913 491 3984 τὴν
523 3918 686 3972 πάλαι
721 3921 1124 3991 παραδοθεῖσαν
1154 3923 1306 3992 αὐτῷ
1335 3923 1611 3994 βασιλείαν
1635 3925 1928 3989 φυλάττειν
1949 3943 1962 3958 ο

399 4008 654 4081 Ὀνώριον
689 4013 747 4066 δὲ
797 4016 865 4084 τῇ
893 4015 1031 4085 αὐτῇ
1063 4017 1304 4086 τιμήσας
1333 4018 1461 4086 ἀξίᾳ
1491 4019 1582 4072 ἐπὶ
1607 4020 1711 4088 τὴν
1736 4022 1835 4089 τῆς
1865 4018 1965 4071 Δύο

386 4117 522 4165 σεως
560 4103 839 4173 βασιλείαν
886 4107 1168 4162 κατελθεῖν
1212 4111 1424 4180 ταχέως
1465 4110 1790 4181 προσέταξε,
1847 4112 1967 4164 Ἑλ⁴

385 4193 548 4248 θόντα
590 4196 649 4250 δὲ
675 4197 840 4253 αὐτὸν
864 4199 1341 4270 περιπτυξάμενος
1388 4203 1484 4256 καὶ
1534 4203 1794 4274 φιλήσας,
1826 4221 1967 4274 παρα

383 4285 586 4339 ἐδωκεν
621 4289 770 4359 αὐτῷ
799 4290 867 4343 τὰ
905 4292 1164 4362 σκῆπτρα
1195 4291 1367 4365 489
1394 4294 1497 4364 τῆς
1549 4294 1828 4365 βασιλείας
1863 4295 1966 4366 τῆς

381 4378 625 4445 Δύσεως,
655 4382 819 4446 αὐτὸς
850 4385 945 4437 ἐπὶ
976 4385 1110 4439 δέκα
1139 4389 1234 4440 καὶ
1263 4386 1310 4452 ζ’
1341 4389 1570 4457 καιροὺς
1599 4387 1843 4452 διιθύνας
1871 4389 1969 4460 τὴν

383 4469 667 4547 βασιλείαν
689 4473 938 4545 εὐτυχῶς
990 4477 1071 4538 εἰς
1128 4477 1222 4530 τὸν
1284 4477 1532 4547 βελτίονα
1581 4477 1816 4548 μετῆλθε
1854 4477 1968 4548 βίον

385 4564 524 4631 μετὰ
551 4565 660 4618 τῶν
688 4566 934 4620 εὐσεϐῶν
955 4567 1227 4638 βασιλέων
1256 4569 1680 4640 ἀποληψόμενος
1727 4571 1800 4626 τὰ
1832 4573 1969 4643 γέρα

2145 3373 2285 3426 Tum
2317 3372 2478 3443 quasi
2509 3373 2692 3427 futura
2727 3371 3029 3441 praevidens
3060 3378 3112 3424 et
3149 3369 3215 3423 de
3257 3367 3654 3438 gubernatione

2070 3467 2400 3522 Stabilieuda
2428 3467 2698 3520 meditans
2734 3467 3051 3534 imperator,
3089 3462 3142 3516 in
3180 3461 3421 3517 Orientis
3473 3473 3654 3530 partes

2070 3561 2332 3616 continuo
2363 3561 2531 3624 misit,
2566 3560 2657 3614 ubi
2689 3573 2820 3614 suos
2851 3559 3016 3622 ﬁlios,
3052 3557 3118 3611 ad
3151 3557 3352 3612 bellum
3382 3557 3650 3615 exiturus.

2069 3653 2173 3708 sub
2225 3651 2490 3707 ﬁdissima
2551 3650 2800 3706 custodia
2867 3651 3183 3705 collocarat.
3237 3649 3535 3706 Arcadium
3597 3650 3651 3702 in

2068 3745 2291 3800 Oriente
2318 3742 2522 3813 regiam
2556 3743 2688 3798 olim
2720 3742 2827 3797 sibi
2858 3742 3227 3796 concrcditam
3278 3756 3498 3797 servare
3541 3742 3654 3796 dis-

2066 3836 2279 3907 posuit;
2311 3833 2612 3891 Honorium
2645 3844 2825 3889 autem
2856 3835 3049 3889 eadem
3084 3834 3362 3890 ltonorans
3385 3834 3650 3904 dignitate

2069 3927 2136 3981 ad
2187 3923 2498 3982 Occidentis
2553 3925 2754 3996 regiam
2811 3933 3138 3994 potestatem
3212 3923 3419 3978 statim.
3465 3924 3650 3978 venire

2063 4018 2254 4087 jussit.
2287 4019 2424 4073 Cum
2467 4027 2647 4073 autem
2714 4018 3045 4079 advenisset.
3109 4032 3234 4071 eum
3299 4015 3643 4084 amplexatus

2058 4121 2120 4167 .et
2149 4112 2451 4176 osculatus,
2500 4111 2550 4166 ei
2606 4110 2832 4165 tradidit
2876 4109 3248 4166 Occidentalis
3307 4109 3486 4180 regni-
3525 4125 3646 4164 sce—

2067 4212 2273 4274 ptrum.
2305 4203 2425 4273 Ipse
2455 4210 2755 4273 postquam:
2780 4211 2986 4274 septem
3011 4211 3066 4256 et
3108 4201 3308 4257 decem-
3340 4217 3513 4257 annos
3558 4217 3647 4257 re-

2067 4313 2233 4367 gnum
2266 4311 2528 4368 prospere
2550 4297 2862 4364 direxisset,
2891 4298 2957 4350 ad
2991 4295 3271 4351 meliorem
3308 4295 3498 4361 vitam,
3521 4311 3646 4350 cum

2070 4389 2178 4459 piis
2214 4391 2432 4461 regibus
2462 4389 2682 4445 fortium
2718 4389 3024 4445 mercedem
3074 4399 3420 4459 accepturus,
3468 4397 3648 4443 trans-

2067 4481 2182 4535 ivit.
2217 4481 2507 4538 lllediolanl
2535 4483 2644 4538 vita
2673 4481 3025 4548 decessit,-et
3050 4497 3255 4552 corpus
3291 4482 3411 4552 ejus
3435 4482 3503 4537 ab
3549 4480 3642 4535 Αιτσ

2067 4570 2223 4626 cadio
2257 4572 2370 4627 ﬁlio
2401 4572 2456 4627 in
2489 4573 2622 4629 utzbe
2661 4573 2960 4628 honoriﬁce
2989 4573 3262 4643 sepultum
3293 4583 3396 4629 est.

379 4659 492 4711 τῶν
520 4658 724 4726 ἄθλων,
786 4663 847 4714 ὲν
905 4662 1219 4733 Μεδιολάνῳ
1271 4663 1699 4735 τελευτήσαντος
1733 4666 1829 4719 καὶ
1896 4664 1992 4718 τοῦ
2036 4663 2291 4736 σώματος
2322 4666 2368 4699 ⁵⁷
2395 4665 2570 4720 αὐτοῦ
2631 4666 2786 4740 παρὰ
2821 4667 3108 4739 ’Δρκαδίου
3137 4666 3256 4721 υἱοῦ
3289 4667 3458 4722 αὐτοῦ
3490 4669 3547 4720 ἐν
3582 4672 3646 4737 τῇ

382 4753 535 4808 πόλει
561 4755 1055 4824 άποκομισθέντος.

749 4848 870 4904 ΣΑ’.
909 4851 1201 4904 Βασιλεία
1231 4849 1562 4920 Ἀρκαδίου.

448 4941 679 4996 “Ms-cci
719 4941 777 4996 δὲ
823 4941 1106 4997 Θεοδόσιον
1163 4943 1518 4999 ἐϐασίλευσεν
1568 4945 1877 5018 Ἀρκάδιος,
1935 4948 1966 4999 ό

378 5036 494 5100 υἱὸς
541 5036 731 5104 αὐτοῦ,
788 5036 886 5108 ἔτη
937 5043 1042 5106 ιγ’,
1096 5036 1424 5109 βασιλεύσας
1457 5041 1502 5073 ³³
1535 5040 1594 5092 ἐν
1644 5041 1710 5112 τῇ
1772 5039 1962 5114 Ῥώμῃ

389 5130 670 5203 ’ονώριος.
1923 5199 1927 5203 ι

452 5223 469 5254 ⁸
511 5223 589 5293 (2)
624 5225 722 5288 Ὃς
744 5225 836 5278 τὸν
878 5224 1032 5278 κίονα
1062 5224 1158 5278 τοῦ
1199 5224 1512 5298 Ξηρολόφου
1549 5227 1773 5298 στήσας,
1798 5227 1961 5291 αὐτὸς

378 5313 578 5368 ἑαυτοῦ
610 5315 632 5346 ³
663 5313 987 5386 καθίδρυσεν
1020 5316 1336 5387 ἀνδριάντα.
1907 5305 1946 5351 αἶ

391 5498 863 5570 ’Δρκαδιούπολιν.

2525 4848 2656 4906 CCI.
2690 4850 2927 4921 Regnum
2956 4849 3205 4905 Arcadii.-

2068 4961 2070 4963 ’
2143 4941 2693 5009 Post-Theodosium,
2725 4943 3011 5009 Arcadius,
3056 4944 3176 5012 ejus
3217 4946 3380 5010 ﬁdus,
3436 4955 3547 5002 tres
3603 4962 3647 5000 et

2068 5031 2258 5088 decem
2290 5048 2465 5089 annos
2501 5035 2774 5105 regnavit:
2795 5033 3048 5090 Honorio.
3067 5033 3256 5090 Romae
3299 5048 3576 5108 regnanto.

2135 5212 2239 5278 'rtic
2263 5238 2387 5278 cum
2411 5214 2640 5296 ‘Xystici
2673 5225 2986 5282 columnam
3019 5235 3307 5293 erenssct,
3341 5227 3458 5298 ipse
3491 5247 3645 5286 suam

1907 5305 1948 5351 αἶ
1999 5323 2034 5351 -’
2068 5305 2304 5372 statuam
2369 5319 2816 5387 superimposuit.

455 5405 532 5478 (ὅ)
567 5407 678 5461 Καὶ
704 5408 860 5462 πόλιν
889 5410 946 5462 ὲν
974 5411 1041 5481 τῇ
1065 5409 1258 5482 Θρᾴκῃ
1289 5410 1482 5474 κτίσας
1507 5411 1767 5466 ἐκάλεσεν
1790 5399 1988 5489 αὺτῆν

2142 5407 2340 5464 Urbem
2379 5410 2432 5463 in
2463 5408 2694 5465 Thracia
2725 5411 2972 5468 condidit
3003 5423 3057 5488 et
3107 5416 3323 5472 vocavit
3374 5433 3493 5474 eam
3535 5420 3647 5474 At;-

2068 5504 2416 5574 cadiopolim.

1577 5597 1778 5660 Variae
1827 5596 2136 5659 lectiones
2181 5603 2244 5658 et
2288 5603 2479 5658 notos.

450 5697 498 5731 ⁸⁸
528 5697 691 5766 ὕψηλ.
718 5697 848 5752 Ced.
926 5699 970 5731 ”
992 5697 1188 5752 ἑαυτοῦ
1211 5693 1234 5750 ?
1257 5704 1260 5707 ’
1308 5700 1354 5731 ⁹⁰
1377 5697 1625 5766 ὲκδικὴσ.

377 5768 502 5837 eod.
546 5765 1095 5837 _’Barbarius.‘;\lisc.
1200 5769 1246 5801 "
1277 5765 1617 5837 ἐστρώννυσε
1657 5765 1780 5837 cod.

374 5836 423 5870 ’³
451 5835 578 5891 395.
613 5838 674 5892 ιδ’
707 5837 847 5894 Ced.
874 5839 1055 5908 574,5.

375 5905 526 5966 Ion.

1664 5713 1724 5766 μ.
1756 5695 1878 5750 cod.

2021 5696 2064 5726 "
2096 5695 2244 5748 δικαί
2279 5695 2404 5750 cod.

1411 5765 1617 5833 ώννυσε
1657 5765 1780 5821 cod.
1894 5766 1942 5797 ’⁵
1964 5765 2170 5834 ἀνέμου
2194 5766 2319 5820 cod.

1157 5834 1402 5902 ’⁹’ὲάσας
1441 5836 1695 5907 Ὠνώριον
1725 5835 1869 5892 Μου.
1900 5834 2339 5907 βασιλεύσαντος.
2361 5835 2741 5912 -Ὀνωρίου2
2777 5834 2792 5858 ⁵
2821 5841 2834 5874 ¹
2871 5843 3034 5924 άθᾷν-
3072 5843 3090 5872 ³
3113 5837 3312 5910 ,ἐαυτῷ
3331 5834 3429 5898 τὸν
3451 5843 3677 5901 Eduini.

2514 5700 2556 5730 "
2588 5697 2886 5766 πιωθέντες
2913 5702 3034 5757 cod.

3110 5683 3182 5747 3?
3205 5703 3648 5773 προσεδεὸεἰχθουι

2514 5721 2556 5730 τ·
2588 5721 2886 5766 πιωυεντες
2913 5721 3034 5757 C0u.
3136 5721 3182 5747 ’τ
3205 5721 3243 5754 π
3283 5721 3294 5761 ς

2426 5767 2472 5836 οξ
2501 5769 2629 5824 Ced.
2672 5770 2932 5836 565,5—
2971 5773 3057 5828 ιδ.
3127 5773 3207 5818 ιον
3233 5721 3294 5825 ιῗδ

3335 5771 3494 5842 σῶμα
3517 5771 3643 5828 coal:
