4090 6426
467 377 568 446 731

1684 397 2006 460 GEORGII
2048 401 2495 466 HAMARTOLI

3611 407 3718 477 ἨΞ

419 471 687 560 "quidem
743 491 982 562 adjuvet,
1033 494 1224 550 horum
1287 510 1468 555 autem
1545 501 1791 562 humilict
1837 511 2012 580 cogita

2148 513 2245 581 τὴν
2291 515 2624 587 θρασύτητα,
2668 516 2897 582 ἐκείνοις
2927 521 3029 588 μὲν
3070 522 3170 595 τὴν
3215 530 3714 600 ταπεινοφροσύνην

454 591 594 636 tum.
637 601 656 636 ι

525 861 681 928 Quod
709 863 872 921 etiam
894 883 1124 940 magnus
1146 873 1378 931 Basilius
1405 889 1589 949 aperte
1619 882 1756 939 dixit
1781 905 1794 940 :
1835 906 1854 938 ‹
1893 889 2033 948 Dicit

453 949 599 1004 enim
640 955 1078 1024 sapientissimus
1117 965 1373 1021 Salomon
1402 986 1418 1022 :
1445 968 1604 1026 Omni
1647 976 1721 1029 rei
1771 987 1984 1050 tempus
2018 1001 2034 1050 ;

449 1041 732 1100 sciendum
765 1056 852 1102 est
898 1051 1220 1112 humilitatis
1249 1070 1302 1114 et
1335 1065 1622 1129 potestatis
1653 1075 1706 1122 et
1735 1041 2032 1140 exprobra;

447 1130 615 1190 tionis
648 1145 702 1192 et
728 1139 1130 1199 exhortamenti
1167 1158 1219 1203 et
1253 1154 1530 1218 parcitatis
1565 1166 1618 1212 et
1654 1130 1941 1230 libertatis,
1977 1177 2033 1221 et

452 1224 708 1286 bonitatis
738 1241 791 1287 et
823 1237 1156 1304 severitatis,
1184 1259 1400 1314 unoque
1433 1248 1600 1303 verbo
1631 1251 1920 1322 cujuslibet
1953 1258 2032 1312 rei

451 1327 664 1389 tempus
692 1338 812 1379 esse
842 1331 1146 1398 proprium,
1180 1345 1237 1389 ut
1276 1347 1388 1392 tum
1417 1355 1478 1394 ea
1527 1357 1646 1410 qua!
1677 1355 1805 1400 sunt
1849 1347 2030 1403 humi-

449 1405 620 1462 litatis
653 1415 987 1474 ostendenda
1016 1422 1127 1477 sint
1157 1435 1208 1479 et
1236 1427 1390 1495 juxta
1429 1405 1772 1489 Dominicum
1801 1439 2026 1494 verbum

449 1509 743 1563 puerorum
775 1503 1054 1564 humilitas
1087 1512 1385 1585 imitanda;
1421 1529 1532 1574 tum
1584 1538 1713 1579 vero
1759 1539 2028 1595 potestate

452 1589 734 1658 utendum,
774 1612 935 1665 quam
986 1601 1134 1658 dedit
1188 1607 1328 1664 Deus
1373 1609 1426 1665 in
1495 1589 1910 1674 aediﬁcationem
1975 1631 2032 1676 et

452 1693 561 1734 non
589 1681 640 1735 in
671 1683 1118 1756 destructionem.
1154 1710 1278 1751 eum
1310 1702 1611 1759 necessitas
1641 1710 1832 1778 agendi
1861 1709 2028 1766 liber-

448 1779 611 1826 tatem
643 1777 890 1846 requirit.
943 1782 1205 1842 Similiter
1228 1791 1626 1853 exhortationis
1652 1777 1895 1872 tempore
1933 1807 2028 1861 ho-

448 1863 590 1920 nitas
623 1875 706 1922 est
734 1874 1092 1944 ostendenda,
1121 1881 1265 1937 sicut
1294 1890 1730 1956 exprobrationis
1766 1863 2029 1966 tempore

447 1954 597 2012 zelus
650 1963 1120 2038 manifestandus;
1176 1986 1230 2029 et
1287 1976 1342 2032 in
1397 1981 1630 2038 aliorum
1695 2003 2027 2062 unoquoque

446 2050 650 2116 pariter
669 2057 1011 2119 rationabilis
1029 2074 1081 2120 et
1107 2067 1289 2135 justus
1311 2073 1650 2134 adhibendus
1675 2089 1760 2136 est
1786 2050 1980 2140 modus
2009 2105 2023 2141 :

448 2153 573 2195 nam
600 2144 839 2203 rationes
869 2149 1144 2220 justorum
1173 2156 1390 2220 iudicia.
1422 2180 1441 2214 ι

517 2321 686 2381 Divus
710 2344 928 2402 quoque
962 2329 1204 2394 isidorus
1236 2339 1380 2397 beati
1415 2345 1743 2418 discipulus,
1771 2368 1868 2408 sua
1895 2371 2026 2413 voce

447 2414 626 2472 dicit:
665 2437 682 2470 ι
720 2419 857 2477 Eum
898 2427 992 2492 qui
1045 2440 1240 2497 prwest
1295 2445 1509 2504 oportet
1556 2414 1680 2496 esse
1712 2442 1916 2499 bonum
1960 2463 2026 2502 ac

451 2510 815 2578 tremendum,
853 2525 912 2571 ut
938 2520 1030 2589 qui
1064 2521 1201 2578 bene
1247 2526 1434 2582 vivunt
1469 2529 1723 2588 liduciam
1766 2536 2022 2602 habeant,

445 2604 501 2651 et
528 2601 621 2669 qui
658 2614 974 2671 peccatores
1005 2621 1132 2666 sunt
1167 2623 1312 2670 metu
1357 2621 1745 2679 contineantur
1790 2643 1806 2680 :
1855 2643 2022 2683 unum

442 2691 590 2746 enim
624 2693 830 2765 absque
867 2699 1039 2755 altero
1070 2703 1316 2760 absentia
1353 2711 1530 2776 potius
1562 2729 1724 2783 quam
1769 2733 1900 2774 usus
1923 2737 2024 2775 au-

449 2783 725 2842 ctoritatis
770 2795 871 2842 est.
900 2788 1107 2846 Etenim
1157 2795 1202 2851 si
1235 2801 1417 2854 cuncti
1439 2801 1643 2860 dociles
1701 2817 1755 2863 et
1806 2811 2023 2870 virtutis

443 2883 689 2932 amantes
723 2889 927 2947 essent,
962 2884 1077 2938 sola
1109 2885 1347 2946 bonitate
1396 2904 1538 2949 esset
1585 2913 1764 2966 opus;
1799 2902 1845 2958 si
1894 2921 2022 2961 vero

444 2968 627 3022 cuncti
661 2970 728 3025 ad
765 2984 1052 3042 peccatum
1108 2984 1364 3053 prompti,
1429 2995 1620 3042 metu:
1657 3007 1781 3046 cum
1837 3009 2018 3052 autem

445 3056 620 3113 bonos
643 3069 696 3114 et
730 3064 900 3120 malos
941 3067 994 3120 in
1024 3070 1286 3140 subjectis
1313 3091 1434 3130 esse
1463 3090 1691 3148 oportet,
1728 3093 2020 3158 utrumque

2147 603 2264 658 δέον
2299 609 2645 678 προσφέρειν,
2667 609 2878 674 τούτοις
2917 612 2974 666 δέ
3012 616 3111 685 τὴν
3141 617 3396 688 ἀνδρείαν
3429 619 3717 674 σϐεννύου-

2147 713 2246 749 σαν
2274 698 2454 751 αὐτῶν
2482 699 2581 772 τὴν
2615 701 2720 755 ἀπὸ
2759 702 3095 776 θρασύτητος
3132 707 3311 775 δόξαν,
3353 711 3440 764 ἵνα
3463 713 3717 783 τοὺςτμέν

2143 789 2420 862 ὠφελήσῃ,
2465 793 2572 845 τῶν
2603 794 2658 846 δὲ
2693 795 3005 868 ταπεινώσῃ
3035 798 3094 851 τὸ
3131 801 3407 870 φρόνημα.
3447 822 3466 855 ι

2219 884 2265 914 ⁸⁸
2304 883 2415 952 (12)
2449 885 2623 952 Ὅπερ
2668 881 2760 939 οῦν
2790 890 2884 940 xui
2927 891 2956 942 6
3003 892 3176 959 μέγας
3209 893 3488 958 Βασίλειος
3535 895 3713 964 δηλῶν

2138 971 2292 1040 ἔλεγε
2313 986 2330 1006 ο
2368 991 2386 1022 ι
2430 973 2535 1025 Τοῦ
2590 976 2903 1042 σοφωτάτου
2932 979 3277 1050 Σολομῶντος
3320 985 3595 1054 φήσαντος
3624 985 3672 1017 ⁸⁸
3695 1002 3706 1017 ·

2143 1079 2161 1112 ι
2199 1063 2406 1133 Καιρὸς
2453 1063 2532 1134 τῷ
2581 1066 2745 1119 παντὶ
2797 1069 3106 1140 πράγματι,
3141 1090 3162 1123 ι
3210 1075 3408 1128 εἰδέναι
3457 1079 3585 1146 χρὴ,
3627 1078 3709 1132 ὅτι

2140 1156 2232 1206 xui
2263 1155 2671 1226 ταπεινότητος,
2721 1157 2814 1211 καὶ
2861 1158 3133 1228 ἐξουσίας,
3187 1166 3282 1216 καὶ
3319 1166 3564 1235 ἐλέγχου,
3615 1169 3710 1222 καὶ

2137 1246 2558 1316 παρακλήσεως,
2611 1249 2706 1301 xui
2765 1249 3016 1317 φειδοῦς,
3082 1253 3176 1306 xui
3224 1257 3561 1328 παρρησίας,
3613 1259 3708 1311 xui

2134 1337 2522 1407 χρηστότητος,
2552 1339 2646 1392 xui
2678 1340 3005 1410 ἀποτομίας,
3044 1345 3138 1396 καὶ
3177 1345 3324 1412 ἅπαξ
3353 1347 3539 1412 ἁπλῶς
3568 1366 3706 1404 παν-

2133 1429 2225 1492 τὸς
2266 1432 2592 1501 πράγματος
2641 1435 2831 1504 καιρός
2871 1435 3016 1489 ἐστιν
3069 1437 3220 1503 ἴδιος,
3252 1439 3394 1494 ὥστε
3441 1442 3570 1495 ποτὲ
3607 1444 3708 1512 μὲν

2134 1521 2203 1573 τὰ
2236 1523 2333 1590 τῆς
2357 1523 2746 1594 ταπεινότητος
2771 1526 3041 1581 δεικνύειν
3068 1529 3162 1582 xui
3201 1532 3487 1602 μιμεῖσθαι
3519 1536 3584 1606 τῇ
3613 1553 3708 1589 τα-

2134 1611 2392 1666 πεινώσει
2426 1614 2493 1668 τά
2545 1615 2736 1670 παιδία
2775 1617 2920 1671 κατὰ
2949 1619 3047 1689 τὴν
3100 1621 3384 1694 Κυριακὴν
3429 1627 3611 1697 φωνὴν
3635 1629 3706 1690 ⁸⁸,

2135 1705 2265 1757 ποτὲ
2297 1704 2353 1758 δὲ
2386 1708 2451 1776 τῇ
2484 1705 2703 1775 ἐξουσίᾳ
2739 1710 3041 1780 κεχρῆσθαι
3063 1712 3108 1744 ³⁸
3141 1731 3159 1764 ι
3193 1714 3259 1784 ἣν
3294 1715 3493 1770 ἔδωκεν
3519 1719 3547 1770 6
3573 1720 3705 1784 Θεὸς

2136 1793 2213 1856 εἰς
2245 1793 2537 1865 οἰκοδομὴν
2562 1797 2656 1849 καὶ
2681 1797 2781 1851 οὐκ
2801 1800 2882 1863 εἰς
2908 1800 3247 1872 καθαίρεσιν,
3287 1822 3306 1857 ι
3335 1806 3461 1859 ὅταν
3485 1809 3518 1876 ἡ
3548 1807 3707 1879 χρεία

2136 1885 2366 1956 ἐπιζητῇ
2402 1885 2500 1958 τὴν
2537 1890 2854 1961 παρρησίαν
2881 1909 2895 1924 ·
2927 1894 3022 1948 καὶ
3069 1897 3127 1948 ἐν
3167 1897 3346 1968 καιρῷ
3388 1898 3487 1968 μέν
3531 1918 3708 1971 παρα-

2131 1976 2378 2049 κλήσεως
2403 1979 2462 2032 τὸ
2496 1985 2732 2054 χρηστὸν
2766 1984 3162 2052 ἐνδείκνυσθαι,
3189 1989 3247 2042 ἐν
3274 1991 3451 2062 καιρῷ
3481 1992 3537 2046 δέ
3573 1995 3706 2047 ἀπο-

2128 2068 2322 2139 τομίας
2357 2070 2448 2124 τδν
2507 2071 2670 2144 ζῆλον
2721 2076 3007 2147 ἐμφαίνειν
3059 2082 3154 2133 xui
3205 2083 3290 2150 ἐφ’
3321 2082 3551 2138 ἑκάστου
3598 2085 3707 2139 τῶν

2129 2158 2306 2213 ἄλλων
2344 2162 2544 2230 ὁμοίως
2577 2164 2669 2217 τὸν
2711 2164 2964 2237 ἔγκριτον
2990 2168 3036 2202 ⁵³
3068 2169 3160 2223 xui
3201 2171 3410 2227 δίκαιον
3447 2177 3707 2247 λογισμὸν

2129 2257 2539 2328 άποφέρεσθαι’
2579 2261 2830 2334 λογισμοὶ
2869 2265 2977 2336 γὰρ
3007 2265 3232 2322 δικαίων
3261 2270 3522 2343 κρίματα.
3558 2291 3574 2324 ι

2195 2349 2241 2382 ⁸⁸
2267 2351 2378 2421 (15)
2419 2353 2529 2405 Καὶ
2560 2352 2625 2425 δὴ
2679 2355 2772 2408 xui
2801 2357 2827 2409 6
2862 2356 3121 2428 θεοφόρος
3169 2359 3439 2432 Ἰσίδωρος
3469 2365 3562 2417 καὶ
3610 2365 3705 2418 τοῦ

2131 2442 2404 2513 μακαρίου
2458 2449 2720 2518 φοιτητής
2769 2465 2901 2502 ποτε
2952 2449 3138 2519 λέγει·
3178 2469 3198 2504 ι
3251 2453 3354 2506 Τὸν
3388 2455 3621 2525 ἄρχοντα
3652 2457 3706 2510 δὲ

2128 2534 2222 2587 καὶ
2257 2534 2460 2603 ἀγαθὸν
2515 2531 2655 2590 εἶναι
2695 2538 2776 2591 δεῖ
2828 2541 2925 2594 xui
2983 2542 3235 2612 φοϐερὸν,
3275 2545 3342 2597 ἵν’
3381 2541 3448 2598 οἷ’
3491 2548 3593 2616 μὲν
3641 2544 3705 2602 εῦ

2129 2625 2373 2696 βιοῦντες
2400 2628 2674 2700 θαρῤοῖεν,
2697 2633 2746 2684 oi
2775 2630 2820 2684 δ’
2843 2631 3248 2702 ἁμαρτάνοντες
3271 2637 3478 2690 ὀκνοῖεν
3500 2655 3512 2668 ·
3544 2638 3704 2692 θάτε-

2131 2732 2223 2785 ρον
2255 2719 2366 2786 γὰρ
2417 2717 2646 2786 θατέρου
2702 2720 2891 2788 χωρὶς,
2929 2721 3196 2791 ἀναρχίας
3241 2724 3444 2792 μᾶλλόν
3489 2728 3700 2798 ἐστινῆ

2127 2808 2320 2878 ἀρχῆς.
2360 2807 2423 2861 Εί
2469 2807 2631 2881 493
2671 2809 2772 2878 μὲν
2826 2811 2934 2881 γὰρ
2988 2811 3190 2877 πάντες
3240 2811 3379 2887 ἦσαν
3432 2817 3705 2882 εὐπειθεῖς

2127 2901 2221 2954 καὶ
2271 2901 2574 2970 φιλάρετοι,
2610 2900 2949 2972 ἁγαθότητος
2997 2903 3105 2956 ἔδει
3142 2905 3330 2975 μόνης,
3369 2909 3417 2960 εί
3460 2906 3515 2958 δὲ
3549 2906 3707 2976 φιλα-

2125 2993 2500 3061 μαρτήμονες,
2530 2992 2696 3060 φόϐου
2715 3008 2733 3025 ο
2765 2993 2954 3064 ἐπειδὴ
2983 2995 3040 3047 δέ
3072 2998 3166 3048 xui
3195 2995 3434 3062 ἀγαθοὺς
3476 3000 3570 3053 xui
3601 3015 3703 3051 πο-

2123 3086 2324 3156 νηροὺς
2351 3085 2565 3160 ἀνάγκη
2600 3085 2659 3138 ἐν
2711 3087 2824 3149 τοῖς
2852 3085 3178 3155 ἀρχομένοις
3221 3086 3382 3151 εἶναι,
3417 3090 3707 3160 ἀμφότερα

445 3164 607 3205 manu
635 3155 1046 3222 ponderandum
1076 3171 1158 3217 est
1186 3164 1232 3218 ei
1264 3166 1357 3236 qui
1389 3180 1581 3237 praeest
1611 3183 1663 3226 et
1689 3155 2016 3246 dominatur,

2132 3156 2577 3246 μεταχειριστέον
2609 3175 2686 3245 τῷ
2731 3175 2953 3246 ἄρχοντι
2987 3177 3079 3231 καὶ
3111 3180 3519 3250 προϊσταμένῳ,
3555 3182 3639 3234 ἴνα
3671 3185 3706 3252 ἡ

445 3247 506 3294 ιιι
538 3241 753 3299 bonitas
783 3249 1072 3304 conﬁrmet
1105 3252 1278 3309 bonos
1309 3265 1362 3312 et
1407 3263 1697 3332 sapientes,
1738 3277 1793 3322 et
1843 3283 2019 3328 metus

445 3346 735 3400 pravorum
770 3338 963 3395 delicta
1001 3346 1317 3412 prmveniat.
1363 3369 1382 3402 ι

517 3512 643 3572 1-1ωο
673 3518 856 3586 igitur,
889 3529 945 3575 ut
972 3524 1102 3579 mihi
1135 3527 1367 3592 videtur.
1405 3543 1457 3588 et
1484 3537 1682 3593 simil'a
1712 3545 2019 3602 nescientes

443 3618 537 3663 ant
567 3611 710 3665 male
738 3613 1109 3675 discernentes
1163 3623 1270 3678 divi
1325 3623 1552 3684 Joannis
1606 3631 1831 3700 inimici,
1892 3652 2015 3692 enm

444 3699 894 3760 irrationabiliter
921 3715 971 3761 et
1007 3708 1214 3767 insulse
1243 3716 1408 3770 veluti
1440 3721 1727 3786 quemdam
1761 3739 2016 3794 asperum

443 3798 500 3843 et.
543 3791 891 3862 iracundum,
939 3801 1167 3856 oderant
1214 3815 1269 3859 et
1324 3807 1829 3870 calumniabantur.
1893 3817 2018 3873 léeo

441 3896 658 3953 quoque
681 3901 992 3945 sermonem
1025 3907 1184 3962 quem
1215 3895 1404 3954 beatus
1433 3899 1669 3958 Joannes
1691 3905 1741 3960 in
1785 3910 2016 3965 ecclesia

439 3983 631 4028 contra
664 3977 918 4035 mulieres
967 3982 1254 4051 habuerat,
1291 3989 1542 4047 malevoli
1578 3997 1881 4064 garrientes
1925 4002 2020 4055 ad-

440 4082 632 4125 versus
668 4068 969 4130 Eudoxiam
1003 4091 1126 4132 esse
1147 4079 1373 4147 dictum,
1405 4083 1480 4138 illi
1515 4101 1822 4145 sermonem
1862 4092 2018 4148 detu-

441 4157 637 4215 ierunt.
669 4160 803 4228 Qua:
832 4165 1049 4235 quidem
1077 4183 1136 4224 se
1160 4172 1311 4227 valde
1345 4173 1529 4230 laesam
1563 4179 1705 4248 apud
1724 4181 2014 4239 Arcadium

440 4267 698 4318 querens,
739 4255 890 4312 illum
923 4269 1115 4316 contra
1144 4261 1410 4322 Joannem
1441 4273 1802 4340 exasperavit.
1843 4274 2017 4331 Cura-

439 4345 515 4399 vit
570 4355 754 4402 autem
809 4351 1056 4408 mandari
1123 4354 1484 4427 Theophilum
1548 4371 1606 4416 ut
1663 4364 2014 4422 manifestum

437 4437 665 4494 Joannis
700 4441 1135 4513 inimicum.Qui
1183 4464 1307 4504 eum
1369 4452 1682 4510 advenisset
1731 4457 1796 4511 ad
1843 4457 2016 4524 Quer-

2132 3267 2231 3336 μὲν
2265 3267 2540 3336 ἀγαθότης
2574 3267 2805 3336 στηρίζῃ
2835 3268 2961 3330 τοὺς
2993 3267 3231 3335 ἀγαθοὺς
3263 3272 3356 3323 xui
3397 3271 3702 3340 σώφρονας,

2129 3357 2156 3408 6
2188 3357 2244 3409 δὲ
2284 3355 2447 3424 φόϐος
2503 3356 2918 3428 προαναστέλλῃ
2946 3356 3057 3410 τῶν
3115 3360 3392 3413 κακίστων
3425 3362 3495 3414 τὰ
3544 3362 3705 3416 πταί-

2130 3464 2330 3513 σματα.
2367 3464 2385 3498 ι

2201 3541 2247 3572 ⁸⁸
2281 3539 2392 3609 (1-4)
2426 3537 2614 3593 Ταῦτα
2647 3541 2848 3606 τοίνυν,
2882 3541 2956 3604 ὡς
3005 3540 3205 3605 ἔοικεν,
3256 3544 3577 3610 ἀγνοοῦντες
3611 3547 3705 3599 xui

2127 3630 2193 3683 τὰ
2225 3626 2432 3683 τούτων
2467 3630 2625 3700 ὃμοια
2663 3631 2738 3701 μὴ
2792 3630 2971 3691 καλῶς
3009 3633 3364 3703 ἐπιστάμενοι
3407 3636 3706 3708 διακρίνειν

2126 3723 2225 3776 καί
2270 3723 2588 3792 συγκρίνειν
2641 3724 2690 3776 oi
2743 3725 2931 3795 ἐχθροὶ
2970 3726 3064 3778 τοῦ
3105 3725 3395 3781 θεσπεσίου
3456 3730 3704 3784 Ἰωάννου

2129 3811 2339 3880 ἀλόγως
2373 3814 2468 3865 xui
2491 3814 2730 3883 ἀνοήτως
2764 3814 2986 3883 ἐμίσουν
3018 3816 3182 3870 αὑτὸν
3214 3817 3307 3870 xui
3330 3818 3606 3875 διέϐαλλον
3631 3819 3708 3884 ὡς

2125 3902 2334 3972 τραχύν
2365 3920 2487 3955 τινα
2523 3906 2615 3956 καὶ
2637 3903 2875 3973 ὀργῖλον.
2912 3906 3003 3958 Διὸ
3040 3905 3104 3978 δὴ
3129 3908 3224 3960 καὶ
3253 3907 3398 3962 κατὰ
3429 3911 3706 3979 γυναικῶν

2126 3999 2152 4049 6
2179 3996 2452 4065 μακάριος
2497 3995 2749 4066 Ἰωάννης
2798 3994 2887 4048 ἐπ’
2943 3997 3242 4067 ἐκκλησίας
3283 3999 3440 4066 λόγον
3498 4003 3707 4055 ἐπεδείέ

2127 4089 2275 4153 ξατο,
2318 4089 2378 4140 ὃν
2414 4087 2463 4140 oi
2491 4088 2780 4156 δυσμενεῖς
2807 4087 2930 4142 κατ’
2966 4087 3226 4154 Εύδοξίας
3259 4091 3512 4161 είρῆσθαι
3543 4093 3706 4166 θρυλ-

2125 4179 2412 4248 λήσαντες,
2456 4177 2627 4248 ταύτῃ
2665 4177 2757 4229 τὸν
2806 4177 2966 4246 λόγον
2995 4178 3314 4249 εἰσήγαγον.
3362 4182 3423 4235 Ἦ
3475 4184 3528 4238 δὲ
3571 4185 3705 4254 πρὸς

2137 4271 2425 4342 ’Λρκάδιον
2454 4270 2644 4333 δεινῶς
2679 4270 3012 4322 πεπονθέναι
3045 4270 3282 4338 λέγουσα
3332 4275 3475 4329 κατὰ
3518 4278 3703 4333 Ἰωάν-

2124 4383 2218 4418 νου
2249 4365 2437 4418 τοῦτον
2470 4362 2829 4435 παρὼτρυνεν
2849 4379 2862 4392 ·
2913 4367 3323 4434 παρασκευάζει
3348 4369 3403 4422 δέ
3434 4389 3707 4439 μεταστα-

2125 4456 2286 4526 λῆναι
2333 4454 2596 4524 Θεόφιλον
2645 4454 2720 4518 ὡς
2759 4454 3026 4526 πρόδηλον
3067 4457 3261 4528 ἐχθρὸν
3295 4459 3389 4512 τοῦ
3457 4464 3704 4518 Ἰωάννου

439 4546 563 4583 cum
592 4531 644 4585 in
668 4533 875 4588 aedibus
906 4534 1216 4594 Rufinianis
1245 4542 1540 4597 concilium
1565 4547 1825 4603 adversus
1850 4548 2017 4604 Joan-

2130 4545 2465 4616 ὑπάρχοντα.
2503 4546 2603 4606 Ὃς
2636 4544 3083 4614 παραγενόμενος
3121 4547 3178 4599 ἐν
3214 4551 3284 4619 τῇ
3309 4548 3443 4619 Δρυῒ
3470 4555 3536 4622 τῇ
3573 4552 3620 4584 ⁸³
3646 4555 3717 4607 ὲν-

441 4637 564 4676 nem
595 4629 948 4695 congregavit
977 4640 1030 4684 et
1061 4631 1211 4686 illum
1246 4632 1298 4687 in
1327 4635 1578 4690 exsilium
1610 4638 1876 4707 judicavit
1913 4643 2018 4712 eji-

438 4712 692 4768 ciendum
737 4733 751 4770 :
785 4725 894 4787 quo
945 4722 1164 4791 cognito
1196 4727 1427 4794 populus
1461 4725 1614 4781 illum
1645 4744 1710 4783 ex
1761 4732 1894 4786 urbe
1927 4736 2023 4788 de-

440 4805 568 4875 pelli
601 4824 706 4863 non
749 4811 928 4868 ferens
958 4830 1211 4885 magnam
1245 4817 1568 4876 seditionem
1595 4822 1741 4878 fecit.

513 4995 710 5052 Intlcxa
753 5001 935 5072 populi
967 5004 1360 5076 conquestibus
1411 5004 1656 5062 Eudoxia
1718 5007 2013 5065 Arcadium

442 5107 543 5170 pro
572 5094 780 5150 Joanne
802 5095 1091 5167 deprecata
1113 5106 1216 5163 est,
1253 5109 1308 5154 et
1351 5097 1662 5156 Brissonem
1699 5101 2014 5156 eunuchum

444 5193 665 5246 mittens
691 5206 722 5245 a
751 5187 986 5246 Preneto
1016 5189 1283 5247 Joannem
1322 5193 1556 5260 reduxit,
1609 5194 1683 5249 ita
1720 5203 1779 5249 ut
1829 5193 2014 5249 Theo-

443 5278 625 5348 philus
655 5287 708 5331 et
733 5279 816 5333 sui
854 5294 975 5334 cum
1007 5280 1127 5349 ipso
1166 5282 1438 5353 perterriti
1483 5281 1622 5355 iuga:
1661 5297 1722 5340 se
1743 5283 2026 5339 dederint..

2136 4637 2537 4706 Ῥουφινιαναῖς
2563 4635 2663 4706 τὴν
2691 4636 2831 4690 κατὰ
2887 4637 3135 4692 Ἰωάννου
3166 4639 3460 4712 ἐπιϐουλὴν
3484 4660 3702 4716 κατειρ-

2124 4729 2334 4795 γάσατο
2389 4728 2502 4798 (xui
2534 4727 2724 4782 τοῦτον
2763 4728 3084 4798 κατέκρινεν
3122 4731 3180 4783 ἐν
3217 4730 3404 4804 saepe;
3448 4734 3714 4807 στεῖλαι),

2122 4821 2259 4892 ὅπερ
2291 4820 2454 4887 γνοὺς
2480 4819 2509 4871 6
2538 4818 2667 4882 λαὸς
2701 4819 2890 4873 στάσιν
2927 4819 3177 4890 μεγάλην
3205 4822 3429 4892 ἐποίησε
3461 4825 3536 4896 μὴ
3568 4843 3702 4895 συγν-

2124 4913 2316 4985 χωρῶν
2347 4913 2497 4985 αύτῷ
2525 4913 2861 4985 ἐκϐληθῆναι
2884 4917 2982 4984 τῆς
3013 4915 3245 4979 πόλεως.

2195 5007 2242 5039 ιτ
2271 5006 2385 5077 (15)
2447 5005 2892 5076 Ἐ’πικαμφθεῖσα
2923 5007 2968 5040 ³⁸
3017 5007 3244 5072 Εύδοξία
3287 5012 3400 5072 τοῖς
3445 5010 3702 5081 ὀδυρμοῖς

2125 5101 2219 5154 τοῦ
2241 5101 2374 5156 λαοῦ
2403 5101 2802 5173 (παρεκάλεσεν
2828 5102 2968 5173 ὑπὲρ
2998 5103 3249 5157 Ἰωάννου
3277 5105 3368 5158 τὸν
3394 5106 3699 5175 Ἀρκάδων,

2127 5194 2241 5264 xui)
2269 5193 2535 5264 πέμψασα
2565 5193 2851 5266 Βρίσσωνα
2879 5193 3036 5246 ’ν’τδν
3062 5194 3317 5265 εὐνοῦχον
3341 5197 3447 5250 ἀπὸ
3474 5199 3704 5270 Πραινέ-

2125 5302 2217 5340 του
2245 5285 2336 5340 τὸν
2377 5287 2631 5357 Ἰωάννην
2655 5285 2972 5356 εισήγαγεν,
2999 5283 3141 5339 ὥστε
3168 5287 3428 5356 Θεόφιλον
3454 5293 3548 5344 xui
3573 5293 3700 5356 τοὺς

1636 5426 1834 5488 Varim
1859 5427 2168 5490 lectiones
2213 5434 2274 5490 et
2308 5434 2511 5490 nolle-

515 5589 558 5615 ’θ
576 5585 704 5640 tit-d.
739 5586 1152 5651 findi-580.2,
1182 5588 1337 5645 Serb.
1364 5591 1624 5647 261-265.
1701 5593 1748 5625 ⁸⁸
1781 5592 1924 5648 Berl.
1955 5611 2032 5654 ιιι,
2062 5597 2108 5649 Ι.

405 5572 423 5668 ι
515 5585 704 5640 ’θαι-ιι.
739 5586 1152 5651 579,~tt.sso.2,
1182 5588 1337 5645 Serb.
1364 5591 1624 5647 26l-263.
1701 5593 1748 5625 ⁸ο
1781 5592 1924 5648 Ερι-ι.
1955 5611 2024 5693 ιιιἑ

411 5675 634 5726 1κριτον
669 5657 800 5714 Cod.
910 5657 957 5690 “
984 5657 1116 5712 Ced.
1153 5659 1456 5726 580,242?
1553 5663 1601 5695 "
1627 5661 1816 5716 405-
1839 5663 1910 5717 Cc
1932 5667 1966 5718 Ι.
2011 5701 2024 5718 ι

2207 5597 2248 5627 ⁸⁸
2288 5594 2426 5648 Matt1

2130 5665 2210 5724 ,12
2243 5664 2426 5722 58l.|.

411 5657 420 5729 ξ
447 5657 800 5729 κριτονίῧειίο

2207 5597 2248 5627 ⁸⁸
2288 5594 2478 5648 Matth.
2509 5609 2661 5654 xvm.
2711 5592 2764 5648 5.
2859 5595 2903 5625 ⁵³
2945 5592 2983 5648 il
3028 5595 3154 5650 Cor.
3203 5613 3323 5661 xm,
3369 5599 3452 5652 io.
3534 5599 3581 5630 "
3611 5599 3704 5651 ἔκ-

2530 5663 2575 5736 f'
2605 5663 2705 5733 τὴν
2738 5665 2797 5716 ἐν
2841 5663 2964 5736 cod.
2991 5667 3055 5736 τῇ
3118 5664 3212 5736 νῦν
3250 5667 3412 5736 Ced,
3491 5668 3536 5698 "
3564 5666 3708 5736 Ced.

451 5725 686 5790 sam-0.
761 5729 809 5762 ⁸⁸
947 5729 1072 5806 add.
1103 5730 1236 5806 ged.
1311 5731 1355 5764 "
1385 5731 1633 5804 Βρίσωνα
1664 5733 1792 5790 (Sed.
1839 5733 2020 5805 Bg-Jas

2130 5735 2194 5788 id.
2229 5734 2319 5790 scd
2356 5733 2382 5804 ᾗ
2416 5732 2476 5790 16
2519 5725 2708 5803 Βρισσ.
2740 5763 2809 5773 ——
2845 5733 2935 5790 21.
3096 5734 3223 5792 Cet].
3257 5765 3327 5778 -
3353 5735 3444 5790 22.
3495 5753 3554 5805 φλ.
3600 5734 3702 5806 τὴν

453 5799 723 5867 σωτηρ³αν
751 5800 1081 5872 πορῖσασθαι
1110 5801 1241 5857 Ccd.

404 5913 429 5956 Ι
