  <div class='ocr_page' id='page_1' title='image "/cluster/home/n/w/nwhite01/storage/ocr_20150623/110/coo.31924054870146/390.png"; bbox 0 0 4090 6402; ppageno 0'>
   <div class='ocr_carea' id='block_1_1' title="bbox 302 325 411 390">
    <p class='ocr_par' dir='ltr' id='par_1_1' title="bbox 302 325 411 390">
     <span class='ocr_line' id='line_1_1' title="bbox 302 325 411 390; baseline 0.037 -5"><span class='ocrx_word' id='word_1_1' title='bbox 302 325 411 390; x_wconf 74' lang='grc'>765</span> 
     </span>
    </p>
   </div>
   <div class='ocr_carea' id='block_1_2' title="bbox 1488 329 2398 401">
    <p class='ocr_par' dir='ltr' id='par_1_2' title="bbox 1488 329 2398 401">
     <span class='ocr_line' id='line_1_2' title="bbox 1488 329 2398 401; baseline 0.012 -13"><span class='ocrx_word' id='word_1_2' title='bbox 1488 329 1952 394; x_wconf 72' lang='lat' dir='ltr'>CHRONICON.</span> <span class='ocrx_word' id='word_1_3' title='bbox 1998 362 2067 373; x_wconf 80' lang='grc'>-</span> <span class='ocrx_word' id='word_1_4' title='bbox 2107 339 2255 401; x_wconf 85' lang='lat' dir='ltr'>LIB.</span> <span class='ocrx_word' id='word_1_5' title='bbox 2305 343 2398 399; x_wconf 75' lang='lat' dir='ltr'><strong>IV.</strong></span> 
     </span>
    </p>
   </div>
   <div class='ocr_carea' id='block_1_3' title="bbox 3486 349 3593 411">
    <p class='ocr_par' dir='ltr' id='par_1_3' title="bbox 3486 349 3593 411">
     <span class='ocr_line' id='line_1_3' title="bbox 3486 349 3593 411; baseline -0.028 0"><span class='ocrx_word' id='word_1_6' title='bbox 3486 349 3593 411; x_wconf 79' lang='lat'>766</span> 
     </span>
    </p>
   </div>
   <div class='ocr_carea' id='block_1_4' title="bbox 296 436 1889 528">
    <p class='ocr_par' dir='ltr' id='par_1_4' title="bbox 296 436 1889 515">
     <span class='ocr_line' id='line_1_4' title="bbox 296 436 1889 515; baseline 0.004 -22"><span class='ocrx_word' id='word_1_7' title='bbox 296 437 607 510; x_wconf 85' lang='grc' dir='ltr'>δραμόντες</span> <span class='ocrx_word' id='word_1_8' title='bbox 641 438 734 489; x_wconf 75' lang='grc' dir='ltr'>καὶ</span> <span class='ocrx_word' id='word_1_9' title='bbox 780 436 956 489; x_wconf 82' lang='grc' dir='ltr'>πάντα</span> <span class='ocrx_word' id='word_1_10' title='bbox 1012 439 1442 509; x_wconf 79' lang='grc' dir='ltr'>διαρπάσαντες,</span> <span class='ocrx_word' id='word_1_11' title='bbox 1503 445 1814 515; x_wconf 74' lang='grc' dir='ltr'>ἐνέπρησαν</span> <span class='ocrx_word' id='word_1_12' title='bbox 1844 448 1889 478; x_wconf 63' lang='grc'>⁸³</span> 
     </span>
    </p>
   </div>
   <div class='ocr_carea' id='block_1_5' title="bbox 1995 436 3589 528">
    <p class='ocr_par' dir='ltr' id='par_1_5' title="bbox 2002 454 3589 528">
     <span class='ocr_line' id='line_1_5' title="bbox 2002 454 3589 528; baseline 0.008 -22"><span class='ocrx_word' id='word_1_13' title='bbox 2002 454 2326 510; x_wconf 75' lang='lat' dir='ltr'><strong>invenertmt</strong></span> <span class='ocrx_word' id='word_1_14' title='bbox 2360 459 2430 512; x_wconf 92' lang='lat' dir='ltr'><strong>ibi</strong></span> <span class='ocrx_word' id='word_1_15' title='bbox 2460 459 2868 528; x_wconf 76' lang='lat' dir='ltr'><strong>jngulaverunt.</strong></span> <span class='ocrx_word' id='word_1_16' title='bbox 2894 461 3097 516; x_wconf 78' lang='lat' dir='ltr'>Deinde</span> <span class='ocrx_word' id='word_1_17' title='bbox 3126 475 3406 519; x_wconf 86' lang='lat' dir='ltr'><strong>crescente</strong></span> <span class='ocrx_word' id='word_1_18' title='bbox 3433 468 3589 520; x_wconf 84' lang='lat' dir='ltr'><strong>turba</strong></span> 
     </span>
    </p>
   </div>
   <div class='ocr_carea' id='block_1_6' title="bbox 297 529 1891 600">
    <p class='ocr_par' dir='ltr' id='par_1_6' title="bbox 297 529 1891 600">
     <span class='ocr_line' id='line_1_6' title="bbox 297 529 1891 600; baseline 0.004 -16"><span class='ocrx_word' id='word_1_19' title='bbox 297 531 428 594; x_wconf 73' lang='grc' dir='ltr'>τοὺς</span> <span class='ocrx_word' id='word_1_20' title='bbox 458 529 643 592; x_wconf 76' lang='grc' dir='ltr'>οἴκους</span> <span class='ocrx_word' id='word_1_21' title='bbox 672 529 852 582; x_wconf 79' lang='grc' dir='ltr'>αὐτῶν</span> <span class='ocrx_word' id='word_1_22' title='bbox 886 532 980 582; x_wconf 80' lang='grc' dir='ltr'>καὶ</span> <span class='ocrx_word' id='word_1_23' title='bbox 1009 531 1137 594; x_wconf 83' lang='grc' dir='ltr'>τοὺς</span> <span class='ocrx_word' id='word_1_24' title='bbox 1186 533 1514 600; x_wconf 78' lang='grc' dir='ltr'>εὑρεθέντας</span> <span class='ocrx_word' id='word_1_25' title='bbox 1557 537 1674 589; x_wconf 78' lang='grc' dir='ltr'>ἐκεῖ</span> <span class='ocrx_word' id='word_1_26' title='bbox 1731 540 1891 591; x_wconf 81' lang='grc' dir='ltr'>κατέ-</span> 
     </span>
    </p>
   </div>
   <div class='ocr_carea' id='block_1_7' title="bbox 300 615 1891 693">
    <p class='ocr_par' dir='ltr' id='par_1_7' title="bbox 300 615 1891 693">
     <span class='ocr_line' id='line_1_7' title="bbox 300 615 1891 693; baseline 0.004 -19"><span class='ocrx_word' id='word_1_27' title='bbox 300 620 534 689; x_wconf 74' lang='grc' dir='ltr'>σφαξαν.</span> <span class='ocrx_word' id='word_1_28' title='bbox 606 615 744 672; x_wconf 77' lang='grc' dir='ltr'>Εἶτα</span> <span class='ocrx_word' id='word_1_29' title='bbox 813 621 1119 690; x_wconf 79' lang='grc' dir='ltr'>γενομένης</span> <span class='ocrx_word' id='word_1_30' title='bbox 1173 626 1422 693; x_wconf 81' lang='grc' dir='ltr'>ταραχῆς</span> <span class='ocrx_word' id='word_1_31' title='bbox 1481 627 1576 679; x_wconf 71' lang='grc' dir='ltr'>καὶ</span> <span class='ocrx_word' id='word_1_32' title='bbox 1647 629 1891 690; x_wconf 83' lang='grc' dir='ltr'>στάσεως</span> 
     </span>
    </p>
   </div>
   <div class='ocr_carea' id='block_1_8' title="bbox 303 711 1893 790">
    <p class='ocr_par' dir='ltr' id='par_1_8' title="bbox 303 711 1893 790">
     <span class='ocr_line' id='line_1_8' title="bbox 303 711 1893 790; baseline 0.006 -29"><span class='ocrx_word' id='word_1_33' title='bbox 303 711 553 782; x_wconf 78' lang='grc' dir='ltr'>μεγάλης</span> <span class='ocrx_word' id='word_1_34' title='bbox 606 712 974 782; x_wconf 79' lang='grc' dir='ltr'>ἐμπρησμοὺς</span> <span class='ocrx_word' id='word_1_35' title='bbox 1037 713 1204 767; x_wconf 82' lang='grc' dir='ltr'>οἴκων</span> <span class='ocrx_word' id='word_1_36' title='bbox 1271 716 1484 769; x_wconf 84' lang='grc' dir='ltr'>πολλῶν</span> <span class='ocrx_word' id='word_1_37' title='bbox 1562 720 1893 790; x_wconf 79' lang='grc' dir='ltr'>ἐποιήσαντο</span> 
     </span>
    </p>
   </div>
   <div class='ocr_carea' id='block_1_9' title="bbox 300 802 1893 873">
    <p class='ocr_par' dir='ltr' id='par_1_9' title="bbox 300 802 1893 873">
     <span class='ocr_line' id='line_1_9' title="bbox 300 802 1893 873; baseline 0.004 -16"><span class='ocrx_word' id='word_1_38' title='bbox 300 807 395 858; x_wconf 78' lang='grc' dir='ltr'>καὶ</span> <span class='ocrx_word' id='word_1_39' title='bbox 433 806 634 873; x_wconf 73' lang='grc' dir='ltr'>φόνους</span> <span class='ocrx_word' id='word_1_40' title='bbox 696 802 924 872; x_wconf 80' lang='grc' dir='ltr'>μυρίους</span> <span class='ocrx_word' id='word_1_41' title='bbox 981 805 1314 872; x_wconf 81' lang='grc' dir='ltr'>είργάσαντο</span> <span class='ocrx_word' id='word_1_42' title='bbox 1347 809 1442 860; x_wconf 74' lang='grc' dir='ltr'>καὶ</span> <span class='ocrx_word' id='word_1_43' title='bbox 1489 809 1626 863; x_wconf 85' lang='grc' dir='ltr'>ἄλλα</span> <span class='ocrx_word' id='word_1_44' title='bbox 1663 813 1893 864; x_wconf 81' lang='grc' dir='ltr'>τοιαῦτα</span> 
     </span>
    </p>
   </div>
   <div class='ocr_carea' id='block_1_10' title="bbox 301 894 1892 970">
    <p class='ocr_par' dir='ltr' id='par_1_10' title="bbox 301 894 1892 970">
     <span class='ocr_line' id='line_1_10' title="bbox 301 894 1892 970; baseline 0.004 -23"><span class='ocrx_word' id='word_1_45' title='bbox 301 894 518 964; x_wconf 75' lang='grc' dir='ltr'>φοϐερὰ</span> <span class='ocrx_word' id='word_1_46' title='bbox 565 911 622 946; x_wconf 89' lang='grc' dir='ltr'>τε</span> <span class='ocrx_word' id='word_1_47' title='bbox 673 894 764 946; x_wconf 78' lang='grc' dir='ltr'>καὶ</span> <span class='ocrx_word' id='word_1_48' title='bbox 803 894 1020 958; x_wconf 75' lang='grc' dir='ltr'>ἐξαίσια</span> <span class='ocrx_word' id='word_1_49' title='bbox 1073 897 1515 968; x_wconf 85' lang='grc' dir='ltr'>κατετόλμησαν,</span> <span class='ocrx_word' id='word_1_50' title='bbox 1575 899 1892 970; x_wconf 79' lang='grc' dir='ltr'>ὑϐρίζοντες</span> 
     </span>
    </p>
   </div>
   <div class='ocr_carea' id='block_1_11' title="bbox 315 985 1892 1060">
    <p class='ocr_par' dir='ltr' id='par_1_11' title="bbox 315 985 1892 1060">
     <span class='ocr_line' id='line_1_11' title="bbox 315 985 1892 1060; baseline 0.001 -21"><span class='ocrx_word' id='word_1_51' title='bbox 315 985 673 1039; x_wconf 77' lang='grc' dir='ltr'>Ἀναστάσιον</span> <span class='ocrx_word' id='word_1_52' title='bbox 707 985 848 1054; x_wconf 88' lang='grc' dir='ltr'>μετὰ</span> <span class='ocrx_word' id='word_1_53' title='bbox 888 987 1137 1056; x_wconf 83' lang='grc' dir='ltr'>κραυγῆς</span> <span class='ocrx_word' id='word_1_54' title='bbox 1166 988 1412 1060; x_wconf 82' lang='grc' dir='ltr'>μεγάλης</span> <span class='ocrx_word' id='word_1_55' title='bbox 1439 989 1533 1041; x_wconf 81' lang='grc' dir='ltr'>καὶ</span> <span class='ocrx_word' id='word_1_56' title='bbox 1571 989 1892 1042; x_wconf 74' lang='grc' dir='ltr'>Βιταλιανὸν</span> 
     </span>
    </p>
   </div>
   <div class='ocr_carea' id='block_1_12' title="bbox 303 1077 1892 1151">
    <p class='ocr_par' dir='ltr' id='par_1_12' title="bbox 303 1077 1892 1151">
     <span class='ocr_line' id='line_1_12' title="bbox 303 1077 1892 1151; baseline 0.001 -20"><span class='ocrx_word' id='word_1_57' title='bbox 303 1077 710 1146; x_wconf 72' lang='grc' dir='ltr'>εὐφημοῦντες.</span> <span class='ocrx_word' id='word_1_58' title='bbox 739 1077 850 1130; x_wconf 75' lang='grc' dir='ltr'>Καὶ</span> <span class='ocrx_word' id='word_1_59' title='bbox 888 1077 1064 1142; x_wconf 81' lang='grc' dir='ltr'>οὕτως</span> <span class='ocrx_word' id='word_1_60' title='bbox 1106 1078 1353 1143; x_wconf 80' lang='grc' dir='ltr'>ἐλθόντες</span> <span class='ocrx_word' id='word_1_61' title='bbox 1397 1081 1630 1150; x_wconf 81' lang='grc' dir='ltr'>πλησίον</span> <span class='ocrx_word' id='word_1_62' title='bbox 1664 1083 1763 1151; x_wconf 84' lang='grc' dir='ltr'>τῆς</span> <span class='ocrx_word' id='word_1_63' title='bbox 1798 1081 1892 1134; x_wconf 81' lang='grc' dir='ltr'>ὑπ’</span> 
     </span>
    </p>
   </div>
   <div class='ocr_carea' id='block_1_13' title="bbox 308 1169 1893 1240">
    <p class='ocr_par' dir='ltr' id='par_1_13' title="bbox 308 1169 1893 1240">
     <span class='ocr_line' id='line_1_13' title="bbox 308 1169 1893 1240; baseline 0.003 -16"><span class='ocrx_word' id='word_1_64' title='bbox 308 1170 480 1224; x_wconf 77' lang='grc' dir='ltr'>αὐτοῦ</span> <span class='ocrx_word' id='word_1_65' title='bbox 512 1169 829 1239; x_wconf 81' lang='grc' dir='ltr'>κτισθείσης</span> <span class='ocrx_word' id='word_1_66' title='bbox 853 1169 1177 1240; x_wconf 77' lang='grc' dir='ltr'>κινστέρνης</span> <span class='ocrx_word' id='word_1_67' title='bbox 1206 1171 1300 1223; x_wconf 84' lang='grc' dir='ltr'>τοῦ</span> <span class='ocrx_word' id='word_1_68' title='bbox 1331 1171 1514 1240; x_wconf 80' lang='grc' dir='ltr'>Ἀγίου</span> <span class='ocrx_word' id='word_1_69' title='bbox 1533 1174 1782 1238; x_wconf 86' lang='grc' dir='ltr'>Μωκίου,</span> <span class='ocrx_word' id='word_1_70' title='bbox 1806 1169 1893 1228; x_wconf 78' lang='grc' dir='ltr'>εὗ-</span> 
     </span>
    </p>
   </div>
   <div class='ocr_carea' id='block_1_14' title="bbox 314 1261 1892 1334">
    <p class='ocr_par' dir='ltr' id='par_1_14' title="bbox 314 1261 1892 1334">
     <span class='ocr_line' id='line_1_14' title="bbox 314 1261 1892 1334; baseline 0.001 -18"><span class='ocrx_word' id='word_1_71' title='bbox 314 1281 407 1332; x_wconf 83' lang='grc' dir='ltr'>ρον</span> <span class='ocrx_word' id='word_1_72' title='bbox 437 1263 525 1315; x_wconf 69' lang='grc' dir='ltr'>τὸν</span> <span class='ocrx_word' id='word_1_73' title='bbox 556 1261 662 1314; x_wconf 80' lang='grc' dir='ltr'>ὑπὸ</span> <span class='ocrx_word' id='word_1_74' title='bbox 713 1261 809 1314; x_wconf 80' lang='grc' dir='ltr'>τοῦ</span> <span class='ocrx_word' id='word_1_75' title='bbox 863 1261 1132 1328; x_wconf 85' lang='grc' dir='ltr'>βασιλέως</span> <span class='ocrx_word' id='word_1_76' title='bbox 1178 1265 1550 1333; x_wconf 78' lang='grc' dir='ltr'>ἀγαπώμενον</span> <span class='ocrx_word' id='word_1_77' title='bbox 1584 1265 1892 1334; x_wconf 81' lang='grc' dir='ltr'>ἡγούμενον</span> 
     </span>
    </p>
   </div>
   <div class='ocr_carea' id='block_1_15' title="bbox 316 1353 1891 1428">
    <p class='ocr_par' dir='ltr' id='par_1_15' title="bbox 316 1353 1891 1428">
     <span class='ocr_line' id='line_1_15' title="bbox 316 1353 1891 1428; baseline 0.002 -21"><span class='ocrx_word' id='word_1_78' title='bbox 316 1371 546 1425; x_wconf 70' lang='grc' dir='ltr'>μοναττη</span> <span class='ocrx_word' id='word_1_79' title='bbox 557 1353 671 1422; x_wconf 86' lang='grc' dir='ltr'>ρίου</span> <span class='ocrx_word' id='word_1_80' title='bbox 697 1354 790 1405; x_wconf 83' lang='grc' dir='ltr'>τοῦ</span> <span class='ocrx_word' id='word_1_81' title='bbox 815 1353 1000 1422; x_wconf 79' lang='grc' dir='ltr'>Ἀγίου</span> <span class='ocrx_word' id='word_1_82' title='bbox 1021 1355 1308 1424; x_wconf 81' lang='grc' dir='ltr'>Φιλίππου,</span> <span class='ocrx_word' id='word_1_83' title='bbox 1328 1359 1386 1411; x_wconf 74' lang='grc' dir='ltr'>ὃν</span> <span class='ocrx_word' id='word_1_84' title='bbox 1413 1358 1504 1409; x_wconf 77' lang='grc' dir='ltr'>καὶ</span> <span class='ocrx_word' id='word_1_85' title='bbox 1529 1359 1891 1428; x_wconf 73' lang='grc' dir='ltr'>φονεύσαντες</span> 
     </span>
    </p>
   </div>
   <div class='ocr_carea' id='block_1_16' title="bbox 309 1444 1893 1520">
    <p class='ocr_par' dir='ltr' id='par_1_16' title="bbox 309 1444 1893 1520">
     <span class='ocr_line' id='line_1_16' title="bbox 309 1444 1893 1520; baseline 0.003 -23"><span class='ocrx_word' id='word_1_86' title='bbox 309 1447 406 1498; x_wconf 78' lang='grc' dir='ltr'>καὶ</span> <span class='ocrx_word' id='word_1_87' title='bbox 439 1444 534 1514; x_wconf 78' lang='grc' dir='ltr'>τὴν</span> <span class='ocrx_word' id='word_1_88' title='bbox 568 1445 814 1516; x_wconf 84' lang='grc' dir='ltr'>κεφαλὴν</span> <span class='ocrx_word' id='word_1_89' title='bbox 845 1446 1013 1498; x_wconf 81' lang='grc' dir='ltr'>αὐτοῦ</span> <span class='ocrx_word' id='word_1_90' title='bbox 1057 1448 1149 1500; x_wconf 77' lang='grc' dir='ltr'>ἐπὶ</span> <span class='ocrx_word' id='word_1_91' title='bbox 1187 1449 1416 1517; x_wconf 83' lang='grc' dir='ltr'>δόρατος</span> <span class='ocrx_word' id='word_1_92' title='bbox 1479 1451 1893 1520; x_wconf 83' lang='grc' dir='ltr'>ἀναρτήσαντες</span> 
     </span>
    </p>
   </div>
   <div class='ocr_carea' id='block_1_17' title="bbox 303 1529 1892 1609">
    <p class='ocr_par' dir='ltr' id='par_1_17' title="bbox 303 1529 1892 1609">
     <span class='ocr_line' id='line_1_17' title="bbox 303 1529 1892 1609; baseline 0.003 -21"><span class='ocrx_word' id='word_1_93' title='bbox 303 1537 576 1607; x_wconf 77' lang='grc' dir='ltr'>ἔκραζον·</span> <span class='ocrx_word' id='word_1_94' title='bbox 615 1555 633 1586; x_wconf 83' lang='grc' dir='ltr'>ι</span> <span class='ocrx_word' id='word_1_95' title='bbox 669 1529 839 1599; x_wconf 74' lang='grc' dir='ltr'>Οὗτός</span> <span class='ocrx_word' id='word_1_96' title='bbox 897 1539 1046 1590; x_wconf 85' lang='grc' dir='ltr'>ἐστιν</span> <span class='ocrx_word' id='word_1_97' title='bbox 1095 1540 1123 1589; x_wconf 97' lang='lat'>6</span> <span class='ocrx_word' id='word_1_98' title='bbox 1190 1540 1340 1606; x_wconf 77' lang='grc' dir='ltr'>ςρίλος</span> <span class='ocrx_word' id='word_1_99' title='bbox 1395 1538 1488 1591; x_wconf 73' lang='grc' dir='ltr'>τοῦ</span> <span class='ocrx_word' id='word_1_100' title='bbox 1552 1539 1750 1609; x_wconf 77' lang='grc' dir='ltr'>ἐχθροῦ</span> <span class='ocrx_word' id='word_1_101' title='bbox 1794 1541 1892 1607; x_wconf 74' lang='grc' dir='ltr'>τῆς</span> 
     </span>
    </p>
   </div>
   <div class='ocr_carea' id='block_1_18' title="bbox 303 1625 1888 1698">
    <p class='ocr_par' dir='ltr' id='par_1_18' title="bbox 303 1625 1888 1698">
     <span class='ocr_line' id='line_1_18' title="bbox 303 1625 1888 1698; baseline 0.001 -18"><span class='ocrx_word' id='word_1_102' title='bbox 303 1627 469 1693; x_wconf 80' lang='grc' dir='ltr'>ἁγίας</span> <span class='ocrx_word' id='word_1_103' title='bbox 697 1626 948 1697; x_wconf 73' lang='grc' dir='ltr'>Τριάδος.</span> <span class='ocrx_word' id='word_1_104' title='bbox 994 1648 1012 1680; x_wconf 73' lang='grc' dir='ltr'>ι</span> <span class='ocrx_word' id='word_1_105' title='bbox 1063 1627 1422 1692; x_wconf 78' lang='grc' dir='ltr'>Ἐκϐαλόντες</span> <span class='ocrx_word' id='word_1_106' title='bbox 1447 1630 1501 1682; x_wconf 80' lang='grc' dir='ltr'>δὲ</span> <span class='ocrx_word' id='word_1_107' title='bbox 1531 1631 1624 1682; x_wconf 84' lang='grc' dir='ltr'>καὶ</span> <span class='ocrx_word' id='word_1_108' title='bbox 1653 1634 1888 1698; x_wconf 79' lang='grc' dir='ltr'>γυναῖκα</span> 
     </span>
    </p>
   </div>
   <div class='ocr_carea' id='block_1_19' title="bbox 303 1718 1888 1793">
    <p class='ocr_par' dir='ltr' id='par_1_19' title="bbox 303 1718 1888 1793">
     <span class='ocr_line' id='line_1_19' title="bbox 303 1718 1888 1793; baseline 0.001 -21"><span class='ocrx_word' id='word_1_109' title='bbox 303 1721 634 1792; x_wconf 78' lang='grc' dir='ltr'>ὲγκλειστὴν</span> <span class='ocrx_word' id='word_1_110' title='bbox 662 1718 830 1773; x_wconf 78' lang='grc' dir='ltr'>οὖσαν</span> <span class='ocrx_word' id='word_1_111' title='bbox 862 1721 1090 1790; x_wconf 76' lang='grc' dir='ltr'>πλησίον</span> <span class='ocrx_word' id='word_1_112' title='bbox 1110 1723 1212 1790; x_wconf 80' lang='grc' dir='ltr'>τῆς</span> <span class='ocrx_word' id='word_1_113' title='bbox 1263 1723 1603 1792; x_wconf 76' lang='grc' dir='ltr'>ξηροκέρκου</span> <span class='ocrx_word' id='word_1_114' title='bbox 1656 1723 1888 1793; x_wconf 84' lang='grc' dir='ltr'>πόρτης,</span> 
     </span>
    </p>
   </div>
   <div class='ocr_carea' id='block_1_20' title="bbox 1997 546 3591 624">
    <p class='ocr_par' dir='ltr' id='par_1_20' title="bbox 1997 546 3591 624">
     <span class='ocr_line' id='line_1_20' title="bbox 1997 546 3591 624; baseline 0.008 -29"><span class='ocrx_word' id='word_1_115' title='bbox 1997 554 2051 596; x_wconf 83' lang='lat' dir='ltr'>et</span> <span class='ocrx_word' id='word_1_116' title='bbox 2101 546 2368 600; x_wconf 87' lang='lat' dir='ltr'><strong>seditione</strong></span> <span class='ocrx_word' id='word_1_117' title='bbox 2397 549 2594 602; x_wconf 88' lang='lat' dir='ltr'><strong>multas</strong></span> <span class='ocrx_word' id='word_1_118' title='bbox 2630 550 2822 605; x_wconf 89' lang='lat' dir='ltr'><strong>domos</strong></span> <span class='ocrx_word' id='word_1_119' title='bbox 2867 551 3249 620; x_wconf 88' lang='lat' dir='ltr'><strong>incenderunt,</strong></span> <span class='ocrx_word' id='word_1_120' title='bbox 3283 554 3591 624; x_wconf 87' lang='lat' dir='ltr'><strong>multasque</strong></span> 
     </span>
    </p>
   </div>
   <div class='ocr_carea' id='block_1_21' title="bbox 1995 638 3581 710">
    <p class='ocr_par' dir='ltr' id='par_1_21' title="bbox 1995 638 3581 710">
     <span class='ocr_line' id='line_1_21' title="bbox 1995 638 3581 710; baseline 0.009 -25"><span class='ocrx_word' id='word_1_121' title='bbox 1995 638 2168 690; x_wconf 63' lang='lat' dir='ltr'><strong>caules</strong></span> <span class='ocrx_word' id='word_1_122' title='bbox 2200 647 2669 706; x_wconf 72' lang='lat' dir='ltr'><strong>perpetraverunt,</strong></span> <span class='ocrx_word' id='word_1_123' title='bbox 2700 642 2915 710; x_wconf 86' lang='lat' dir='ltr'><strong>aliaque</strong></span> <span class='ocrx_word' id='word_1_124' title='bbox 2949 659 3055 696; x_wconf 90' lang='lat' dir='ltr'>non</span> <span class='ocrx_word' id='word_1_125' title='bbox 3094 643 3272 698; x_wconf 87' lang='lat' dir='ltr'><strong>minus</strong></span> <span class='ocrx_word' id='word_1_126' title='bbox 3302 647 3581 700; x_wconf 87' lang='lat' dir='ltr'><strong>tremenda</strong></span> 
     </span>
    </p>
   </div>
   <div class='ocr_carea' id='block_1_22' title="bbox 1992 726 3594 802">
    <p class='ocr_par' dir='ltr' id='par_1_22' title="bbox 1992 726 3594 802">
     <span class='ocr_line' id='line_1_22' title="bbox 1992 726 3594 802; baseline 0.005 -24"><span class='ocrx_word' id='word_1_127' title='bbox 1992 734 2047 778; x_wconf 85' lang='lat' dir='ltr'>et</span> <span class='ocrx_word' id='word_1_128' title='bbox 2107 726 2292 796; x_wconf 88' lang='lat' dir='ltr'><strong>iniqua</strong></span> <span class='ocrx_word' id='word_1_129' title='bbox 2335 730 2454 782; x_wconf 82' lang='lat' dir='ltr'>ausi</span> <span class='ocrx_word' id='word_1_130' title='bbox 2510 741 2660 796; x_wconf 90' lang='lat' dir='ltr'><strong>sunt,</strong></span> <span class='ocrx_word' id='word_1_131' title='bbox 2722 731 3013 786; x_wconf 77' lang='lat' dir='ltr'>Anastasio</span> <span class='ocrx_word' id='word_1_132' title='bbox 3075 735 3285 802; x_wconf 77' lang='lat' dir='ltr'><strong>magnis</strong></span> <span class='ocrx_word' id='word_1_133' title='bbox 3335 736 3594 788; x_wconf 72' lang='lat' dir='ltr'><strong>clamori-</strong></span> 
     </span>
    </p>
   </div>
   <div class='ocr_carea' id='block_1_23' title="bbox 1996 817 3588 894">
    <p class='ocr_par' dir='ltr' id='par_1_23' title="bbox 1996 817 3588 894">
     <span class='ocr_line' id='line_1_23' title="bbox 1996 817 3588 894; baseline 0.008 -24"><span class='ocrx_word' id='word_1_134' title='bbox 1996 817 2096 871; x_wconf 90' lang='lat' dir='ltr'>bus</span> <span class='ocrx_word' id='word_1_135' title='bbox 2131 820 2514 876; x_wconf 81' lang='lat' dir='ltr'><strong>maledicentes</strong></span> <span class='ocrx_word' id='word_1_136' title='bbox 2544 822 2920 893; x_wconf 78' lang='lat' dir='ltr'><strong>Vitalianoque</strong></span> <span class='ocrx_word' id='word_1_137' title='bbox 2986 827 3160 878; x_wconf 78' lang='lat' dir='ltr'><strong>fausta</strong></span> <span class='ocrx_word' id='word_1_138' title='bbox 3211 837 3588 894; x_wconf 80' lang='lat' dir='ltr'><strong>apprecantes.</strong></span> 
     </span>
    </p>
   </div>
   <div class='ocr_carea' id='block_1_24' title="bbox 1997 909 3591 984">
    <p class='ocr_par' dir='ltr' id='par_1_24' title="bbox 1997 909 3591 984">
     <span class='ocr_line' id='line_1_24' title="bbox 1997 909 3591 984; baseline 0.005 -22"><span class='ocrx_word' id='word_1_139' title='bbox 1997 909 2061 962; x_wconf 81' lang='lat' dir='ltr'><strong>Et</strong></span> <span class='ocrx_word' id='word_1_140' title='bbox 2109 912 2187 965; x_wconf 85' lang='lat' dir='ltr'>sic</span> <span class='ocrx_word' id='word_1_141' title='bbox 2246 914 2525 968; x_wconf 76' lang='lat' dir='ltr'><strong>venientes</strong></span> <span class='ocrx_word' id='word_1_142' title='bbox 2561 931 2735 984; x_wconf 87' lang='lat' dir='ltr'><strong>usque</strong></span> <span class='ocrx_word' id='word_1_143' title='bbox 2787 917 2852 969; x_wconf 84' lang='lat' dir='ltr'>ad</span> <span class='ocrx_word' id='word_1_144' title='bbox 2885 918 3050 971; x_wconf 64' lang='lat' dir='ltr'><strong>ardent</strong></span> <span class='ocrx_word' id='word_1_145' title='bbox 3109 917 3293 971; x_wconf 87' lang='lat' dir='ltr'><strong>Sancti</strong></span> <span class='ocrx_word' id='word_1_146' title='bbox 3329 918 3482 971; x_wconf 81' lang='lat' dir='ltr'><strong>Mocii</strong></span> <span class='ocrx_word' id='word_1_147' title='bbox 3522 919 3591 970; x_wconf 89' lang='lat' dir='ltr'>ah</span> 
     </span>
    </p>
   </div>
   <div class='ocr_carea' id='block_1_25' title="bbox 1999 1002 3590 1078">
    <p class='ocr_par' dir='ltr' id='par_1_25' title="bbox 1999 1002 3590 1078">
     <span class='ocr_line' id='line_1_25' title="bbox 1999 1002 3590 1078; baseline 0.006 -26"><span class='ocrx_word' id='word_1_148' title='bbox 1999 1002 2117 1068; x_wconf 84' lang='lat' dir='ltr'><strong>ipso</strong></span> <span class='ocrx_word' id='word_1_149' title='bbox 2157 1002 2500 1065; x_wconf 51' lang='lat' dir='ltr'><strong>aediﬁcatam,</strong></span> <span class='ocrx_word' id='word_1_150' title='bbox 2566 1005 2892 1060; x_wconf 86' lang='lat' dir='ltr'><strong>invenerunt</strong></span> <span class='ocrx_word' id='word_1_151' title='bbox 2964 1023 3126 1075; x_wconf 85' lang='lat' dir='ltr'><strong>quem</strong></span> <span class='ocrx_word' id='word_1_152' title='bbox 3171 1025 3263 1062; x_wconf 85' lang='lat' dir='ltr'><strong>rex</strong></span> <span class='ocrx_word' id='word_1_153' title='bbox 3327 1008 3590 1078; x_wconf 75' lang='lat' dir='ltr'><strong>diligebat</strong></span> 
     </span>
    </p>
   </div>
   <div class='ocr_carea' id='block_1_26' title="bbox 1997 1097 3583 1168">
    <p class='ocr_par' dir='ltr' id='par_1_26' title="bbox 1997 1097 3583 1168">
     <span class='ocr_line' id='line_1_26' title="bbox 1997 1097 3583 1168; baseline 0.007 -26"><span class='ocrx_word' id='word_1_154' title='bbox 1997 1102 2263 1148; x_wconf 80' lang='lat' dir='ltr'><strong>rectorem</strong></span> <span class='ocrx_word' id='word_1_155' title='bbox 2311 1097 2624 1150; x_wconf 77' lang='lat' dir='ltr'><strong>monasterii</strong></span> <span class='ocrx_word' id='word_1_156' title='bbox 2655 1097 2840 1151; x_wconf 88' lang='lat' dir='ltr'><strong>Sancti</strong></span> <span class='ocrx_word' id='word_1_157' title='bbox 2873 1097 3126 1168; x_wconf 88' lang='lat' dir='ltr'><strong>Philippi,</strong></span> <span class='ocrx_word' id='word_1_158' title='bbox 3160 1108 3216 1154; x_wconf 89' lang='lat' dir='ltr'>et</span> <span class='ocrx_word' id='word_1_159' title='bbox 3255 1099 3348 1153; x_wconf 85' lang='lat' dir='ltr'><strong>illo</strong></span> <span class='ocrx_word' id='word_1_160' title='bbox 3377 1100 3583 1153; x_wconf 88' lang='lat' dir='ltr'><strong>occiso.</strong></span> 
     </span>
    </p>
   </div>
   <div class='ocr_carea' id='block_1_27' title="bbox 1997 1185 3590 1252">
    <p class='ocr_par' dir='ltr' id='par_1_27' title="bbox 1997 1185 3590 1252">
     <span class='ocr_line' id='line_1_27' title="bbox 1997 1185 3590 1252; baseline 0.003 -15"><span class='ocrx_word' id='word_1_161' title='bbox 1997 1196 2161 1250; x_wconf 91' lang='lat' dir='ltr'><strong>caput</strong></span> <span class='ocrx_word' id='word_1_162' title='bbox 2213 1185 2334 1252; x_wconf 83' lang='lat' dir='ltr'><strong>ejus</strong></span> <span class='ocrx_word' id='word_1_163' title='bbox 2393 1187 2443 1238; x_wconf 90' lang='lat' dir='ltr'>in</span> <span class='ocrx_word' id='word_1_164' title='bbox 2508 1186 2652 1240; x_wconf 77' lang='lat' dir='ltr'><strong>ferro</strong></span> <span class='ocrx_word' id='word_1_165' title='bbox 2713 1189 2914 1242; x_wconf 59' lang='lat' dir='ltr'><strong>laneus:</strong></span> <span class='ocrx_word' id='word_1_166' title='bbox 2964 1189 3198 1243; x_wconf 67' lang='lat' dir='ltr'><strong>ferentes</strong></span> <span class='ocrx_word' id='word_1_167' title='bbox 3243 1189 3590 1245; x_wconf 69' lang='lat' dir='ltr'><strong>clamabant:</strong></span> 
     </span>
    </p>
   </div>
   <div class='ocr_carea' id='block_1_28' title="bbox 2002 1273 3598 1334">
    <p class='ocr_par' dir='ltr' id='par_1_28' title="bbox 2002 1273 3598 1334">
     <span class='ocr_line' id='line_1_28' title="bbox 2002 1273 3598 1334; baseline 0.005 -9"><span class='ocrx_word' id='word_1_168' title='bbox 2002 1292 2020 1325; x_wconf 85' lang='grc' dir='ltr'>ι</span> <span class='ocrx_word' id='word_1_169' title='bbox 2065 1273 2160 1328; x_wconf 83' lang='lat' dir='ltr'><strong>llic</strong></span> <span class='ocrx_word' id='word_1_170' title='bbox 2189 1285 2272 1329; x_wconf 87' lang='lat' dir='ltr'>est</span> <span class='ocrx_word' id='word_1_171' title='bbox 2303 1277 2502 1331; x_wconf 81' lang='lat' dir='ltr'><strong>chartis</strong></span> <span class='ocrx_word' id='word_1_172' title='bbox 2538 1278 2741 1332; x_wconf 89' lang='lat' dir='ltr'><strong>inimici</strong></span> <span class='ocrx_word' id='word_1_173' title='bbox 2773 1289 2974 1332; x_wconf 69' lang='lat' dir='ltr'><strong>sanctae</strong></span> <span class='ocrx_word' id='word_1_174' title='bbox 3014 1280 3318 1334; x_wconf 80' lang='lat' dir='ltr'><strong>Trinitatis.</strong></span> <span class='ocrx_word' id='word_1_175' title='bbox 3358 1299 3376 1330; x_wconf 71' lang='grc' dir='ltr'>ι</span> <span class='ocrx_word' id='word_1_176' title='bbox 3409 1281 3598 1333; x_wconf 80' lang='lat' dir='ltr'><strong>Extra-</strong></span> 
     </span>
    </p>
   </div>
   <div class='ocr_carea' id='block_1_29' title="bbox 1997 1362 3584 1440">
    <p class='ocr_par' dir='ltr' id='par_1_29' title="bbox 1997 1362 3584 1440">
     <span class='ocr_line' id='line_1_29' title="bbox 1997 1362 3584 1440; baseline 0.005 -26"><span class='ocrx_word' id='word_1_177' title='bbox 1997 1362 2186 1417; x_wconf 85' lang='lat' dir='ltr'><strong>hcntes</strong></span> <span class='ocrx_word' id='word_1_178' title='bbox 2245 1379 2462 1433; x_wconf 82' lang='lat' dir='ltr'><strong>quoque</strong></span> <span class='ocrx_word' id='word_1_179' title='bbox 2515 1381 2736 1419; x_wconf 71' lang='lat' dir='ltr'><strong>uxorem</strong></span> <span class='ocrx_word' id='word_1_180' title='bbox 2807 1368 3106 1422; x_wconf 78' lang='lat' dir='ltr'><strong>latitantem</strong></span> <span class='ocrx_word' id='word_1_181' title='bbox 3174 1385 3338 1439; x_wconf 83' lang='lat' dir='ltr'><strong>prope</strong></span> <span class='ocrx_word' id='word_1_182' title='bbox 3371 1379 3584 1440; x_wconf 83' lang='lat' dir='ltr'><strong>portant</strong></span> 
     </span>
    </p>
   </div>
   <div class='ocr_carea' id='block_1_30' title="bbox 1995 1455 3600 1528">
    <p class='ocr_par' dir='ltr' id='par_1_30' title="bbox 1995 1455 3600 1528">
     <span class='ocr_line' id='line_1_30' title="bbox 1995 1455 3600 1528; baseline 0.008 -24"><span class='ocrx_word' id='word_1_183' title='bbox 1995 1455 2094 1523; x_wconf 76' lang='grc' dir='ltr'>τῆς</span> <span class='ocrx_word' id='word_1_184' title='bbox 2171 1455 2558 1528; x_wconf 81' lang='grc' dir='ltr'>ξηροκέρκου,</span> <span class='ocrx_word' id='word_1_185' title='bbox 2633 1460 2685 1512; x_wconf 89' lang='lat' dir='ltr'>in</span> <span class='ocrx_word' id='word_1_186' title='bbox 2740 1476 2904 1528; x_wconf 86' lang='lat' dir='ltr'><strong>quam</strong></span> <span class='ocrx_word' id='word_1_187' title='bbox 2965 1479 3056 1514; x_wconf 82' lang='lat' dir='ltr'><strong>rex</strong></span> <span class='ocrx_word' id='word_1_188' title='bbox 3110 1462 3364 1518; x_wconf 88' lang='lat' dir='ltr'><strong>liduciam</strong></span> <span class='ocrx_word' id='word_1_189' title='bbox 3430 1464 3600 1517; x_wconf 77' lang='lat' dir='ltr'><strong>liabe-</strong></span> 
     </span>
    </p>
   </div>
   <div class='ocr_carea' id='block_1_31' title="bbox 1999 1547 3584 1622">
    <p class='ocr_par' dir='ltr' id='par_1_31' title="bbox 1999 1547 3584 1622">
     <span class='ocr_line' id='line_1_31' title="bbox 1999 1547 3584 1622; baseline 0.006 -23"><span class='ocrx_word' id='word_1_190' title='bbox 1999 1547 2110 1611; x_wconf 58' lang='lat' dir='ltr'><strong>liat,</strong></span> <span class='ocrx_word' id='word_1_191' title='bbox 2165 1547 2314 1601; x_wconf 82' lang='lat' dir='ltr'><strong>illam</strong></span> <span class='ocrx_word' id='word_1_192' title='bbox 2364 1549 2703 1606; x_wconf 89' lang='lat' dir='ltr'><strong>occiderunt.</strong></span> <span class='ocrx_word' id='word_1_193' title='bbox 2757 1552 2972 1622; x_wconf 83' lang='lat' dir='ltr'><strong>Corpus</strong></span> <span class='ocrx_word' id='word_1_194' title='bbox 3029 1564 3210 1610; x_wconf 88' lang='lat' dir='ltr'><strong>autem</strong></span> <span class='ocrx_word' id='word_1_195' title='bbox 3251 1555 3398 1610; x_wconf 91' lang='lat' dir='ltr'><strong>illius</strong></span> <span class='ocrx_word' id='word_1_196' title='bbox 3460 1571 3584 1610; x_wconf 87' lang='lat' dir='ltr'>cum</span> 
     </span>
    </p>
   </div>
   <div class='ocr_carea' id='block_1_32' title="bbox 1996 1641 3596 1716">
    <p class='ocr_par' dir='ltr' id='par_1_32' title="bbox 1996 1641 3596 1716">
     <span class='ocr_line' id='line_1_32' title="bbox 1996 1641 3596 1716; baseline 0.008 -26"><span class='ocrx_word' id='word_1_197' title='bbox 1996 1655 2227 1704; x_wconf 80' lang='lat' dir='ltr'><strong>corpore</strong></span> <span class='ocrx_word' id='word_1_198' title='bbox 2258 1641 2500 1710; x_wconf 71' lang='lat' dir='ltr'><strong>pne-dicti</strong></span> <span class='ocrx_word' id='word_1_199' title='bbox 2533 1645 2759 1699; x_wconf 88' lang='lat' dir='ltr'><strong>rectoris</strong></span> <span class='ocrx_word' id='word_1_200' title='bbox 2790 1647 3110 1716; x_wconf 82' lang='lat' dir='ltr'><strong>colligantes</strong></span> <span class='ocrx_word' id='word_1_201' title='bbox 3138 1656 3193 1702; x_wconf 89' lang='lat' dir='ltr'>et</span> <span class='ocrx_word' id='word_1_202' title='bbox 3243 1649 3596 1704; x_wconf 78' lang='lat' dir='ltr'><strong>extrahentes</strong></span> 
     </span>
    </p>
   </div>
   <div class='ocr_carea' id='block_1_33' title="bbox 1999 1727 2808 1789">
    <p class='ocr_par' dir='ltr' id='par_1_33' title="bbox 1999 1727 2808 1789">
     <span class='ocr_line' id='line_1_33' title="bbox 1999 1727 2808 1789; baseline 0.011 -9"><span class='ocrx_word' id='word_1_203' title='bbox 1999 1727 2063 1780; x_wconf 81' lang='lat' dir='ltr'>ad</span> <span class='ocrx_word' id='word_1_204' title='bbox 2101 1727 2352 1784; x_wconf 41' lang='lat' dir='ltr'><strong>th‘iinm</strong></span> <span class='ocrx_word' id='word_1_205' title='bbox 2404 1744 2808 1789; x_wconf 86' lang='lat' dir='ltr'><strong>cremaverunt.</strong></span> 
     </span>
    </p>
   </div>
   <div class='ocr_carea' id='block_1_34' title="bbox 302 1810 3590 1902">
    <p class='ocr_par' dir='ltr' id='par_1_34' title="bbox 302 1810 3590 1902">
     <span class='ocr_line' id='line_1_34' title="bbox 302 1810 3590 1902; baseline 0.002 -36"><span class='ocrx_word' id='word_1_206' title='bbox 302 1816 380 1879; x_wconf 83' lang='grc' dir='ltr'>εἰς</span> <span class='ocrx_word' id='word_1_207' title='bbox 408 1816 532 1886; x_wconf 78' lang='grc' dir='ltr'>ἢνό</span> <span class='ocrx_word' id='word_1_208' title='bbox 562 1815 821 1884; x_wconf 83' lang='grc' dir='ltr'>βασιλεὺς</span> <span class='ocrx_word' id='word_1_209' title='bbox 871 1810 984 1884; x_wconf 72' lang='grc' dir='ltr'>εἶχε</span> <span class='ocrx_word' id='word_1_210' title='bbox 1035 1817 1221 1867; x_wconf 81' lang='grc' dir='ltr'>πίστιν</span> <span class='ocrx_word' id='word_1_211' title='bbox 1277 1816 1369 1868; x_wconf 71' lang='grc' dir='ltr'>καὶ</span> <span class='ocrx_word' id='word_1_212' title='bbox 1410 1815 1616 1884; x_wconf 80' lang='grc' dir='ltr'>ταύτην</span> <span class='ocrx_word' id='word_1_213' title='bbox 1663 1817 1896 1868; x_wconf 79' lang='grc' dir='ltr'>ἀνεῖλον.</span> <span class='ocrx_word' id='word_1_214' title='bbox 1937 1817 2008 1870; x_wconf 84' lang='grc' dir='ltr'>Τὸ</span> <span class='ocrx_word' id='word_1_215' title='bbox 2061 1820 2117 1872; x_wconf 77' lang='grc' dir='ltr'>δὲ</span> <span class='ocrx_word' id='word_1_216' title='bbox 2179 1822 2342 1892; x_wconf 84' lang='grc' dir='ltr'>σῶμα</span> <span class='ocrx_word' id='word_1_217' title='bbox 2393 1825 2566 1896; x_wconf 81' lang='grc' dir='ltr'>αὐτῆς</span> <span class='ocrx_word' id='word_1_218' title='bbox 2643 1829 3006 1900; x_wconf 78' lang='grc' dir='ltr'>συνδήσαντες</span> <span class='ocrx_word' id='word_1_219' title='bbox 3060 1833 3201 1900; x_wconf 71' lang='grc' dir='ltr'>μετὰ</span> <span class='ocrx_word' id='word_1_220' title='bbox 3231 1830 3326 1884; x_wconf 80' lang='grc' dir='ltr'>τοῦ</span> <span class='ocrx_word' id='word_1_221' title='bbox 3394 1831 3590 1902; x_wconf 80' lang='grc' dir='ltr'>προλε-</span> 
     </span>
    </p>
   </div>
   <div class='ocr_carea' id='block_1_35' title="bbox 303 1907 2210 1977">
    <p class='ocr_par' dir='ltr' id='par_1_35' title="bbox 303 1907 2210 1977">
     <span class='ocr_line' id='line_1_35' title="bbox 303 1907 2210 1977; baseline 0.007 -21"><span class='ocrx_word' id='word_1_222' title='bbox 303 1911 522 1977; x_wconf 71' lang='grc' dir='ltr'>χθέντος</span> <span class='ocrx_word' id='word_1_223' title='bbox 558 1909 866 1976; x_wconf 76' lang='grc' dir='ltr'>ἡγουμένου</span> <span class='ocrx_word' id='word_1_224' title='bbox 933 1909 1027 1959; x_wconf 79' lang='grc' dir='ltr'>καὶ</span> <span class='ocrx_word' id='word_1_225' title='bbox 1092 1907 1380 1977; x_wconf 81' lang='grc' dir='ltr'>σύραντες,</span> <span class='ocrx_word' id='word_1_226' title='bbox 1429 1910 1672 1961; x_wconf 71' lang='grc' dir='ltr'>ἔκαυσαν</span> <span class='ocrx_word' id='word_1_227' title='bbox 1712 1912 1792 1971; x_wconf 82' lang='grc' dir='ltr'>εἰς</span> <span class='ocrx_word' id='word_1_228' title='bbox 1825 1908 1895 1962; x_wconf 74' lang='grc' dir='ltr'>τὰ</span> <span class='ocrx_word' id='word_1_229' title='bbox 1935 1911 2210 1969; x_wconf 78' lang='grc' dir='ltr'>Στουδίου.</span> 
     </span>
    </p>
   </div>
   <div class='ocr_carea' id='block_1_36' title="bbox 375 1991 1889 2084">
    <p class='ocr_par' dir='ltr' id='par_1_36' title="bbox 375 1991 1882 2070">
     <span class='ocr_line' id='line_1_36' title="bbox 375 1991 1882 2070; baseline 0.001 -19"><span class='ocrx_word' id='word_1_230' title='bbox 375 1998 454 2070; x_wconf 73' lang='grc'>(³7)</span> <span class='ocrx_word' id='word_1_231' title='bbox 489 1999 609 2068; x_wconf 80' lang='grc' dir='ltr'>Ἐφ’</span> <span class='ocrx_word' id='word_1_232' title='bbox 637 1991 714 2053; x_wconf 82' lang='grc' dir='ltr'>ὧν</span> <span class='ocrx_word' id='word_1_233' title='bbox 738 2000 948 2068; x_wconf 78' lang='grc' dir='ltr'>χρόνων</span> <span class='ocrx_word' id='word_1_234' title='bbox 968 1999 1058 2051; x_wconf 78' lang='grc' dir='ltr'>καὶ</span> <span class='ocrx_word' id='word_1_235' title='bbox 1084 2001 1402 2070; x_wconf 70' lang='grc' dir='ltr'>Μο·ἱνδαρος</span> <span class='ocrx_word' id='word_1_236' title='bbox 1434 2002 1461 2052; x_wconf 90' lang='lat'>6</span> <span class='ocrx_word' id='word_1_237' title='bbox 1482 2001 1592 2052; x_wconf 83' lang='grc' dir='ltr'>τῶν</span> <span class='ocrx_word' id='word_1_238' title='bbox 1627 2001 1882 2070; x_wconf 82' lang='grc' dir='ltr'>Σαρακη-</span> 
     </span>
    </p>
   </div>
   <div class='ocr_carea' id='block_1_37' title="bbox 1995 1991 3588 2084">
    <p class='ocr_par' dir='ltr' id='par_1_37' title="bbox 2056 2006 3588 2084">
     <span class='ocr_line' id='line_1_37' title="bbox 2056 2006 3588 2084; baseline 0.008 -24"><span class='ocrx_word' id='word_1_239' title='bbox 2056 2006 2251 2064; x_wconf 88' lang='lat' dir='ltr'><strong>lisdem</strong></span> <span class='ocrx_word' id='word_1_240' title='bbox 2285 2013 2618 2081; x_wconf 88' lang='lat' dir='ltr'><strong>temporibus</strong></span> <span class='ocrx_word' id='word_1_241' title='bbox 2667 2023 2955 2084; x_wconf 87' lang='lat' dir='ltr'><strong>postquam</strong></span> <span class='ocrx_word' id='word_1_242' title='bbox 3007 2017 3329 2080; x_wconf 81' lang='lat' dir='ltr'><strong>Mundarus,</strong></span> <span class='ocrx_word' id='word_1_243' title='bbox 3357 2017 3588 2074; x_wconf 84' lang='lat' dir='ltr'><strong>Sarace-</strong></span> 
     </span>
    </p>
   </div>
   <div class='ocr_carea' id='block_1_38' title="bbox 304 2091 1888 2164">
    <p class='ocr_par' dir='ltr' id='par_1_38' title="bbox 304 2091 1888 2164">
     <span class='ocr_line' id='line_1_38' title="bbox 304 2091 1888 2164; baseline 0.001 -19"><span class='ocrx_word' id='word_1_244' title='bbox 304 2092 411 2146; x_wconf 81' lang='grc' dir='ltr'>νῶν</span> <span class='ocrx_word' id='word_1_245' title='bbox 436 2091 717 2162; x_wconf 82' lang='grc' dir='ltr'>φύλαρχος</span> <span class='ocrx_word' id='word_1_246' title='bbox 759 2091 1078 2161; x_wconf 72' lang='grc' dir='ltr'>βαπτισθεὶς</span> <span class='ocrx_word' id='word_1_247' title='bbox 1112 2093 1216 2145; x_wconf 70' lang='grc' dir='ltr'>ὑπὸ</span> <span class='ocrx_word' id='word_1_248' title='bbox 1247 2093 1355 2146; x_wconf 84' lang='grc' dir='ltr'>τῶν</span> <span class='ocrx_word' id='word_1_249' title='bbox 1383 2093 1682 2164; x_wconf 81' lang='grc' dir='ltr'>ὀρθοδόξων</span> <span class='ocrx_word' id='word_1_250' title='bbox 1702 2096 1761 2146; x_wconf 82' lang='grc' dir='ltr'>ἐν</span> <span class='ocrx_word' id='word_1_251' title='bbox 1785 2096 1888 2146; x_wconf 75' lang='grc' dir='ltr'>Συο</span> 
     </span>
    </p>
   </div>
   <div class='ocr_carea' id='block_1_39' title="bbox 310 2182 1888 2257">
    <p class='ocr_par' dir='ltr' id='par_1_39' title="bbox 310 2182 1888 2257">
     <span class='ocr_line' id='line_1_39' title="bbox 310 2182 1888 2257; baseline 0 -21"><span class='ocrx_word' id='word_1_252' title='bbox 310 2186 419 2257; x_wconf 74' lang='grc' dir='ltr'>ρία,</span> <span class='ocrx_word' id='word_1_253' title='bbox 449 2185 691 2256; x_wconf 83' lang='grc' dir='ltr'>Σευῆρος</span> <span class='ocrx_word' id='word_1_254' title='bbox 722 2183 1058 2246; x_wconf 76' lang='grc' dir='ltr'>ἐπισκόπους</span> <span class='ocrx_word' id='word_1_255' title='bbox 1092 2183 1386 2236; x_wconf 87' lang='grc' dir='ltr'>ἀπέστειλε</span> <span class='ocrx_word' id='word_1_256' title='bbox 1430 2184 1570 2252; x_wconf 80' lang='grc' dir='ltr'>πρὸς</span> <span class='ocrx_word' id='word_1_257' title='bbox 1606 2184 1699 2235; x_wconf 86' lang='grc' dir='ltr'>τὸν</span> <span class='ocrx_word' id='word_1_258' title='bbox 1735 2182 1888 2253; x_wconf 84' lang='grc' dir='ltr'>βασι-</span> 
     </span>
    </p>
   </div>
   <div class='ocr_carea' id='block_1_40' title="bbox 306 2274 1889 2346">
    <p class='ocr_par' dir='ltr' id='par_1_40' title="bbox 306 2274 1889 2346">
     <span class='ocr_line' id='line_1_40' title="bbox 306 2274 1889 2346; baseline -0.001 -16"><span class='ocrx_word' id='word_1_259' title='bbox 306 2279 404 2331; x_wconf 92' lang='grc' dir='ltr'>λέα</span> <span class='ocrx_word' id='word_1_260' title='bbox 440 2276 610 2330; x_wconf 83' lang='grc' dir='ltr'>θέλων</span> <span class='ocrx_word' id='word_1_261' title='bbox 635 2274 786 2345; x_wconf 90' lang='grc' dir='ltr'>αὑτῷ</span> <span class='ocrx_word' id='word_1_262' title='bbox 821 2274 1148 2345; x_wconf 79' lang='grc' dir='ltr'>μεταδοῦναι</span> <span class='ocrx_word' id='word_1_263' title='bbox 1183 2275 1284 2346; x_wconf 81' lang='grc' dir='ltr'>τῆς</span> <span class='ocrx_word' id='word_1_264' title='bbox 1323 2276 1534 2338; x_wconf 86' lang='grc' dir='ltr'>οἰκείας</span> <span class='ocrx_word' id='word_1_265' title='bbox 1593 2275 1889 2346; x_wconf 79' lang='grc' dir='ltr'>αἱρέσεως,</span> 
     </span>
    </p>
   </div>
   <div class='ocr_carea' id='block_1_41' title="bbox 312 2361 1888 2438">
    <p class='ocr_par' dir='ltr' id='par_1_41' title="bbox 312 2361 1888 2438">
     <span class='ocr_line' id='line_1_41' title="bbox 312 2361 1888 2438; baseline -0.003 -16"><span class='ocrx_word' id='word_1_266' title='bbox 312 2361 388 2422; x_wconf 80' lang='grc' dir='ltr'>ὧν</span> <span class='ocrx_word' id='word_1_267' title='bbox 417 2367 509 2430; x_wconf 77' lang='grc' dir='ltr'>τοῦ</span> <span class='ocrx_word' id='word_1_268' title='bbox 537 2367 808 2437; x_wconf 74' lang='grc' dir='ltr'>δόγματος</span> <span class='ocrx_word' id='word_1_269' title='bbox 838 2366 1186 2436; x_wconf 78' lang='grc' dir='ltr'>αἰσθόμενος,</span> <span class='ocrx_word' id='word_1_270' title='bbox 1213 2366 1320 2438; x_wconf 79' lang='grc' dir='ltr'>ἔφη</span> <span class='ocrx_word' id='word_1_271' title='bbox 1349 2366 1490 2436; x_wconf 85' lang='grc' dir='ltr'>μετὰ</span> <span class='ocrx_word' id='word_1_272' title='bbox 1517 2367 1854 2437; x_wconf 87' lang='grc' dir='ltr'>πανουργίας</span> <span class='ocrx_word' id='word_1_273' title='bbox 1874 2378 1888 2393; x_wconf 83' lang='grc'>⁶</span> 
     </span>
    </p>
   </div>
   <div class='ocr_carea' id='block_1_42' title="bbox 322 2459 1891 2537">
    <p class='ocr_par' dir='ltr' id='par_1_42' title="bbox 322 2459 1891 2537">
     <span class='ocr_line' id='line_1_42' title="bbox 322 2459 1891 2537; baseline 0.006 -32"><span class='ocrx_word' id='word_1_274' title='bbox 322 2482 352 2508; x_wconf 74' lang='grc' dir='ltr'>ι</span> <span class='ocrx_word' id='word_1_275' title='bbox 392 2459 681 2537; x_wconf 76' lang='grc' dir='ltr'>Ἐδεξάμην</span> <span class='ocrx_word' id='word_1_276' title='bbox 716 2459 1024 2529; x_wconf 84' lang='grc' dir='ltr'>γράμματα</span> <span class='ocrx_word' id='word_1_277' title='bbox 1049 2459 1315 2533; x_wconf 81' lang='grc' dir='ltr'>σήμερον,</span> <span class='ocrx_word' id='word_1_278' title='bbox 1341 2461 1423 2512; x_wconf 82' lang='grc' dir='ltr'>ὅτι</span> <span class='ocrx_word' id='word_1_279' title='bbox 1459 2459 1679 2530; x_wconf 81' lang='grc' dir='ltr'>Μιχαὴλ</span> <span class='ocrx_word' id='word_1_280' title='bbox 1706 2462 1735 2512; x_wconf 88' lang='lat'>6</span> <span class='ocrx_word' id='word_1_281' title='bbox 1752 2462 1891 2530; x_wconf 79' lang='grc' dir='ltr'>ἀρχ-</span> 
     </span>
    </p>
   </div>
   <div class='ocr_carea' id='block_1_43' title="bbox 319 2551 1892 2624">
    <p class='ocr_par' dir='ltr' id='par_1_43' title="bbox 319 2551 1892 2624">
     <span class='ocr_line' id='line_1_43' title="bbox 319 2551 1892 2624; baseline 0.001 -20"><span class='ocrx_word' id='word_1_282' title='bbox 319 2551 543 2620; x_wconf 81' lang='grc' dir='ltr'>άγγελος</span> <span class='ocrx_word' id='word_1_283' title='bbox 586 2551 926 2624; x_wconf 70' lang='grc' dir='ltr'>ἐτελεύτησε.</span> <span class='ocrx_word' id='word_1_284' title='bbox 971 2570 989 2606; x_wconf 76' lang='lat' dir='ltr'>t</span> <span class='ocrx_word' id='word_1_285' title='bbox 1031 2552 1152 2605; x_wconf 82' lang='grc' dir='ltr'>Τῶν</span> <span class='ocrx_word' id='word_1_286' title='bbox 1187 2553 1244 2606; x_wconf 79' lang='grc' dir='ltr'>δὲ</span> <span class='ocrx_word' id='word_1_287' title='bbox 1300 2554 1570 2606; x_wconf 81' lang='grc' dir='ltr'>εἰπόντων</span> <span class='ocrx_word' id='word_1_288' title='bbox 1629 2553 1892 2607; x_wconf 78' lang='grc' dir='ltr'>ἀδύνατον</span> 
     </span>
    </p>
   </div>
   <div class='ocr_carea' id='block_1_44' title="bbox 315 2629 1891 2716">
    <p class='ocr_par' dir='ltr' id='par_1_44' title="bbox 315 2629 1891 2716">
     <span class='ocr_line' id='line_1_44' title="bbox 315 2629 1891 2716; baseline 0.001 -20"><span class='ocrx_word' id='word_1_289' title='bbox 315 2639 452 2697; x_wconf 76' lang='grc' dir='ltr'>εἶναι</span> <span class='ocrx_word' id='word_1_290' title='bbox 483 2643 660 2707; x_wconf 83' lang='grc' dir='ltr'>τοῦτο,</span> <span class='ocrx_word' id='word_1_291' title='bbox 695 2629 1009 2716; x_wconf 76' lang='grc' dir='ltr'>ἀπεκρίθη·</span> <span class='ocrx_word' id='word_1_292' title='bbox 1055 2663 1074 2695; x_wconf 83' lang='grc' dir='ltr'>ι</span> <span class='ocrx_word' id='word_1_293' title='bbox 1110 2644 1222 2698; x_wconf 80' lang='grc' dir='ltr'>Καὶ</span> <span class='ocrx_word' id='word_1_294' title='bbox 1257 2644 1398 2709; x_wconf 80' lang='grc' dir='ltr'>πῶς,</span> <span class='ocrx_word' id='word_1_295' title='bbox 1422 2644 1616 2715; x_wconf 71' lang='grc' dir='ltr'>φησὶν,</span> <span class='ocrx_word' id='word_1_296' title='bbox 1638 2644 1771 2707; x_wconf 79' lang='grc' dir='ltr'>Θεὸς</span> <span class='ocrx_word' id='word_1_297' title='bbox 1797 2661 1891 2712; x_wconf 89' lang='grc' dir='ltr'>γυ-</span> 
     </span>
    </p>
   </div>
   <div class='ocr_carea' id='block_1_45' title="bbox 311 2737 1892 2810">
    <p class='ocr_par' dir='ltr' id='par_1_45' title="bbox 311 2737 1892 2810">
     <span class='ocr_line' id='line_1_45' title="bbox 311 2737 1892 2810; baseline -0.001 -20"><span class='ocrx_word' id='word_1_298' title='bbox 311 2738 444 2806; x_wconf 85' lang='grc' dir='ltr'>μνὸς</span> <span class='ocrx_word' id='word_1_299' title='bbox 502 2737 827 2810; x_wconf 77' lang='grc' dir='ltr'>ἐσταυρώθη</span> <span class='ocrx_word' id='word_1_300' title='bbox 870 2737 994 2791; x_wconf 82' lang='grc' dir='ltr'>καθ’</span> <span class='ocrx_word' id='word_1_301' title='bbox 1027 2737 1195 2808; x_wconf 84' lang='grc' dir='ltr'>ὑμᾶς,</span> <span class='ocrx_word' id='word_1_302' title='bbox 1230 2739 1279 2790; x_wconf 87' lang='grc' dir='ltr'>εἰ</span> <span class='ocrx_word' id='word_1_303' title='bbox 1330 2737 1407 2809; x_wconf 80' lang='grc' dir='ltr'>μὴ</span> <span class='ocrx_word' id='word_1_304' title='bbox 1446 2741 1513 2792; x_wconf 85' lang='grc' dir='ltr'>ἐκ</span> <span class='ocrx_word' id='word_1_305' title='bbox 1551 2737 1645 2790; x_wconf 90' lang='grc' dir='ltr'>δύο</span> <span class='ocrx_word' id='word_1_306' title='bbox 1672 2737 1892 2805; x_wconf 81' lang='grc' dir='ltr'>φύσεων</span> 
     </span>
    </p>
   </div>
   <div class='ocr_carea' id='block_1_46' title="bbox 309 2825 1891 2901">
    <p class='ocr_par' dir='ltr' id='par_1_46' title="bbox 309 2825 1891 2901">
     <span class='ocr_line' id='line_1_46' title="bbox 309 2825 1891 2901; baseline -0.001 -19"><span class='ocrx_word' id='word_1_307' title='bbox 309 2825 376 2900; x_wconf 81' lang='grc' dir='ltr'>ἦν</span> <span class='ocrx_word' id='word_1_308' title='bbox 400 2830 430 2882; x_wconf 90' lang='lat'>6</span> <span class='ocrx_word' id='word_1_309' title='bbox 449 2829 707 2901; x_wconf 80' lang='grc' dir='ltr'>Χριστὸς,</span> <span class='ocrx_word' id='word_1_310' title='bbox 731 2830 844 2898; x_wconf 82' lang='grc' dir='ltr'>εἴγε</span> <span class='ocrx_word' id='word_1_311' title='bbox 868 2829 1005 2900; x_wconf 81' lang='grc' dir='ltr'>μηδὲ</span> <span class='ocrx_word' id='word_1_312' title='bbox 1023 2829 1254 2898; x_wconf 80' lang='grc' dir='ltr'>ἄγγελος</span> <span class='ocrx_word' id='word_1_313' title='bbox 1272 2830 1610 2899; x_wconf 79' lang='grc' dir='ltr'>ἀποθνήσκει</span> <span class='ocrx_word' id='word_1_314' title='bbox 1637 2848 1683 2892; x_wconf 78' lang='grc' dir='ltr'>ς»</span> <span class='ocrx_word' id='word_1_315' title='bbox 1711 2830 1891 2899; x_wconf 88' lang='grc' dir='ltr'>Ὅπερ</span> 
     </span>
    </p>
   </div>
   <div class='ocr_carea' id='block_1_47' title="bbox 310 2923 1891 2995">
    <p class='ocr_par' dir='ltr' id='par_1_47' title="bbox 310 2923 1891 2995">
     <span class='ocr_line' id='line_1_47' title="bbox 310 2923 1891 2995; baseline -0.001 -19"><span class='ocrx_word' id='word_1_316' title='bbox 310 2923 652 2987; x_wconf 87' lang='grc' dir='ltr'>ἀκούσαντες</span> <span class='ocrx_word' id='word_1_317' title='bbox 683 2925 778 2978; x_wconf 68' lang='grc' dir='ltr'>καὶ</span> <span class='ocrx_word' id='word_1_318' title='bbox 806 2925 1012 2994; x_wconf 76' lang='grc' dir='ltr'>σφόδρα</span> <span class='ocrx_word' id='word_1_319' title='bbox 1047 2923 1496 2991; x_wconf 78' lang='grc' dir='ltr'>καταπλαγέντες</span> <span class='ocrx_word' id='word_1_320' title='bbox 1531 2923 1891 2995; x_wconf 80' lang='grc' dir='ltr'>ἀνεχώρησαν</span> 
     </span>
    </p>
   </div>
   <div class='ocr_carea' id='block_1_48' title="bbox 315 3015 753 3086">
    <p class='ocr_par' dir='ltr' id='par_1_48' title="bbox 315 3015 753 3086">
     <span class='ocr_line' id='line_1_48' title="bbox 315 3015 753 3086; baseline 0.005 -19"><span class='ocrx_word' id='word_1_321' title='bbox 315 3015 439 3084; x_wconf 83' lang='grc' dir='ltr'>μετ’</span> <span class='ocrx_word' id='word_1_322' title='bbox 465 3015 753 3086; x_wconf 78' lang='grc' dir='ltr'>αἰσχύνης.</span> 
     </span>
    </p>
   </div>
   <div class='ocr_carea' id='block_1_49' title="bbox 381 3105 1892 3181">
    <p class='ocr_par' dir='ltr' id='par_1_49' title="bbox 381 3105 1892 3181">
     <span class='ocr_line' id='line_1_49' title="bbox 381 3105 1892 3181; baseline 0.001 -18"><span class='ocrx_word' id='word_1_323' title='bbox 381 3109 428 3140; x_wconf 67' lang='grc'>⁸⁸</span> <span class='ocrx_word' id='word_1_324' title='bbox 453 3109 532 3180; x_wconf 85' lang='grc'>(8)</span> <span class='ocrx_word' id='word_1_325' title='bbox 569 3109 914 3174; x_wconf 85' lang='grc' dir='ltr'>Ἀναστάσιος</span> <span class='ocrx_word' id='word_1_326' title='bbox 963 3110 1022 3162; x_wconf 84' lang='grc' dir='ltr'>δὲ</span> <span class='ocrx_word' id='word_1_327' title='bbox 1077 3105 1184 3164; x_wconf 84' lang='grc' dir='ltr'>εἶδε</span> <span class='ocrx_word' id='word_1_328' title='bbox 1251 3110 1375 3165; x_wconf 80' lang='grc' dir='ltr'>καθ’</span> <span class='ocrx_word' id='word_1_329' title='bbox 1418 3111 1623 3176; x_wconf 75' lang='grc' dir='ltr'>ὕπνους</span> <span class='ocrx_word' id='word_1_330' title='bbox 1658 3109 1892 3181; x_wconf 71' lang='grc' dir='ltr'>φοβερόν</span> 
     </span>
    </p>
   </div>
   <div class='ocr_carea' id='block_1_50' title="bbox 309 3203 1892 3274">
    <p class='ocr_par' dir='ltr' id='par_1_50' title="bbox 309 3203 1892 3274">
     <span class='ocr_line' id='line_1_50' title="bbox 309 3203 1892 3274; baseline -0.001 -18"><span class='ocrx_word' id='word_1_331' title='bbox 309 3221 429 3256; x_wconf 84' lang='grc' dir='ltr'>τινα</span> <span class='ocrx_word' id='word_1_332' title='bbox 460 3205 526 3273; x_wconf 84' lang='grc' dir='ltr'>τῇ</span> <span class='ocrx_word' id='word_1_333' title='bbox 563 3205 705 3273; x_wconf 74' lang='grc' dir='ltr'>χειρὶ</span> <span class='ocrx_word' id='word_1_334' title='bbox 732 3203 1031 3274; x_wconf 83' lang='grc' dir='ltr'>κατέχοντα</span> <span class='ocrx_word' id='word_1_335' title='bbox 1090 3203 1297 3257; x_wconf 83' lang='grc' dir='ltr'>κώδικα</span> <span class='ocrx_word' id='word_1_336' title='bbox 1333 3203 1748 3274; x_wconf 81' lang='grc' dir='ltr'>(γεγραμμένον</span> <span class='ocrx_word' id='word_1_337' title='bbox 1797 3203 1892 3256; x_wconf 77' lang='grc' dir='ltr'>καὶ</span> 
     </span>
    </p>
   </div>
   <div class='ocr_carea' id='block_1_51' title="bbox 308 3294 1890 3369">
    <p class='ocr_par' dir='ltr' id='par_1_51' title="bbox 308 3294 1890 3369">
     <span class='ocr_line' id='line_1_51' title="bbox 308 3294 1890 3369; baseline 0 -21"><span class='ocrx_word' id='word_1_338' title='bbox 308 3295 803 3366; x_wconf 82' lang='grc' dir='ltr'>ἀναγινώσκοντα).</span> <span class='ocrx_word' id='word_1_339' title='bbox 870 3297 980 3350; x_wconf 75' lang='grc' dir='ltr'>Καὶ</span> <span class='ocrx_word' id='word_1_340' title='bbox 1034 3296 1350 3361; x_wconf 80' lang='grc' dir='ltr'>ἀναπτύξας</span> <span class='ocrx_word' id='word_1_341' title='bbox 1388 3299 1433 3330; x_wconf 77' lang='grc'>’⁸⁵</span> <span class='ocrx_word' id='word_1_342' title='bbox 1473 3298 1536 3369; x_wconf 84' lang='grc' dir='ltr'>(ε’</span> <span class='ocrx_word' id='word_1_343' title='bbox 1577 3296 1756 3366; x_wconf 72' lang='grc' dir='ltr'>φύλλα</span> <span class='ocrx_word' id='word_1_344' title='bbox 1796 3294 1890 3349; x_wconf 81' lang='grc' dir='ltr'>τοῦ</span> 
     </span>
    </p>
   </div>
   <div class='ocr_carea' id='block_1_52' title="bbox 1995 2101 3584 2177">
    <p class='ocr_par' dir='ltr' id='par_1_52' title="bbox 1995 2101 3584 2177">
     <span class='ocr_line' id='line_1_52' title="bbox 1995 2101 3584 2177; baseline 0.011 -25"><span class='ocrx_word' id='word_1_345' title='bbox 1995 2115 2191 2154; x_wconf 92' lang='lat' dir='ltr'><strong>norum</strong></span> <span class='ocrx_word' id='word_1_346' title='bbox 2218 2101 2351 2166; x_wconf 84' lang='lat' dir='ltr'><strong>dux,</strong></span> <span class='ocrx_word' id='word_1_347' title='bbox 2372 2101 2441 2157; x_wconf 88' lang='lat' dir='ltr'>ab</span> <span class='ocrx_word' id='word_1_348' title='bbox 2464 2104 2788 2160; x_wconf 81' lang='lat' dir='ltr'><strong>orthodoxis</strong></span> <span class='ocrx_word' id='word_1_349' title='bbox 2821 2106 2874 2159; x_wconf 89' lang='lat' dir='ltr'>in</span> <span class='ocrx_word' id='word_1_350' title='bbox 2901 2107 3058 2176; x_wconf 82' lang='lat' dir='ltr'><strong>Syria</strong></span> <span class='ocrx_word' id='word_1_351' title='bbox 3084 2109 3391 2177; x_wconf 80' lang='lat' dir='ltr'><strong>baptizatus</strong></span> <span class='ocrx_word' id='word_1_352' title='bbox 3418 2121 3584 2170; x_wconf 80' lang='lat' dir='ltr'><strong>esset.</strong></span> 
     </span>
    </p>
   </div>
   <div class='ocr_carea' id='block_1_53' title="bbox 1997 2191 3586 2270">
    <p class='ocr_par' dir='ltr' id='par_1_53' title="bbox 1997 2191 3586 2270">
     <span class='ocr_line' id='line_1_53' title="bbox 1997 2191 3586 2270; baseline 0.005 -22"><span class='ocrx_word' id='word_1_353' title='bbox 1997 2191 2234 2248; x_wconf 73' lang='lat' dir='ltr'><strong>Severus</strong></span> <span class='ocrx_word' id='word_1_354' title='bbox 2262 2195 2548 2266; x_wconf 82' lang='lat' dir='ltr'><strong>episcopos</strong></span> <span class='ocrx_word' id='word_1_355' title='bbox 2578 2197 2726 2251; x_wconf 88' lang='lat' dir='ltr'><strong>misit</strong></span> <span class='ocrx_word' id='word_1_356' title='bbox 2756 2198 2823 2251; x_wconf 84' lang='lat' dir='ltr'>ad</span> <span class='ocrx_word' id='word_1_357' title='bbox 2846 2214 3050 2268; x_wconf 81' lang='lat' dir='ltr'><strong>regem,</strong></span> <span class='ocrx_word' id='word_1_358' title='bbox 3077 2201 3267 2255; x_wconf 82' lang='lat' dir='ltr'><strong>volens</strong></span> <span class='ocrx_word' id='word_1_359' title='bbox 3300 2203 3402 2270; x_wconf 88' lang='lat' dir='ltr'><strong>ipsi</strong></span> <span class='ocrx_word' id='word_1_360' title='bbox 3433 2218 3586 2258; x_wconf 68' lang='lat' dir='ltr'><strong>com-</strong></span> 
     </span>
    </p>
   </div>
   <div class='ocr_carea' id='block_1_54' title="bbox 1994 2286 3582 2364">
    <p class='ocr_par' dir='ltr' id='par_1_54' title="bbox 1994 2286 3582 2364">
     <span class='ocr_line' id='line_1_54' title="bbox 1994 2286 3582 2364; baseline 0.006 -26"><span class='ocrx_word' id='word_1_361' title='bbox 1994 2286 2279 2342; x_wconf 89' lang='lat' dir='ltr'><strong>municare</strong></span> <span class='ocrx_word' id='word_1_362' title='bbox 2339 2303 2494 2342; x_wconf 88' lang='lat' dir='ltr'><strong>suam</strong></span> <span class='ocrx_word' id='word_1_363' title='bbox 2551 2291 2820 2344; x_wconf 70' lang='lat' dir='ltr'><strong>haeresim.</strong></span> <span class='ocrx_word' id='word_1_364' title='bbox 2899 2291 3144 2356; x_wconf 88' lang='lat' dir='ltr'><strong>Quorum</strong></span> <span class='ocrx_word' id='word_1_365' title='bbox 3201 2308 3326 2348; x_wconf 90' lang='lat' dir='ltr'>cum</span> <span class='ocrx_word' id='word_1_366' title='bbox 3385 2296 3582 2364; x_wconf 77' lang='lat' dir='ltr'><strong>dogma</strong></span> 
     </span>
    </p>
   </div>
   <div class='ocr_carea' id='block_1_55' title="bbox 1994 2381 3579 2452">
    <p class='ocr_par' dir='ltr' id='par_1_55' title="bbox 1994 2381 3579 2452">
     <span class='ocr_line' id='line_1_55' title="bbox 1994 2381 3579 2452; baseline 0.004 -20"><span class='ocrx_word' id='word_1_367' title='bbox 1994 2381 2377 2452; x_wconf 90' lang='lat' dir='ltr'><strong>persensisset,</strong></span> <span class='ocrx_word' id='word_1_368' title='bbox 2410 2382 2642 2438; x_wconf 89' lang='lat' dir='ltr'><strong>solerter</strong></span> <span class='ocrx_word' id='word_1_369' title='bbox 2673 2384 2750 2437; x_wconf 91' lang='lat' dir='ltr'>ait</span> <span class='ocrx_word' id='word_1_370' title='bbox 2777 2401 2791 2438; x_wconf 91' lang='lat'><strong>:</strong></span> <span class='ocrx_word' id='word_1_371' title='bbox 2833 2403 2852 2431; x_wconf 77' lang='grc' dir='ltr'>ι</span> <span class='ocrx_word' id='word_1_372' title='bbox 2885 2383 3057 2439; x_wconf 83' lang='lat' dir='ltr'><strong>llodie</strong></span> <span class='ocrx_word' id='word_1_373' title='bbox 3085 2401 3148 2439; x_wconf 78' lang='lat' dir='ltr'><strong>ex</strong></span> <span class='ocrx_word' id='word_1_374' title='bbox 3187 2384 3386 2442; x_wconf 87' lang='lat' dir='ltr'><strong>litteris</strong></span> <span class='ocrx_word' id='word_1_375' title='bbox 3416 2387 3579 2441; x_wconf 85' lang='lat' dir='ltr'><strong>didici</strong></span> 
     </span>
    </p>
   </div>
   <div class='ocr_carea' id='block_1_56' title="bbox 1995 2470 3582 2545">
    <p class='ocr_par' dir='ltr' id='par_1_56' title="bbox 1995 2470 3582 2545">
     <span class='ocr_line' id='line_1_56' title="bbox 1995 2470 3582 2545; baseline 0.002 -17"><span class='ocrx_word' id='word_1_376' title='bbox 1995 2470 2310 2528; x_wconf 84' lang='lat' dir='ltr'><strong>Michaelem</strong></span> <span class='ocrx_word' id='word_1_377' title='bbox 2389 2474 2776 2545; x_wconf 76' lang='lat' dir='ltr'><strong>archangelum</strong></span> <span class='ocrx_word' id='word_1_378' title='bbox 2854 2476 3150 2530; x_wconf 87' lang='lat' dir='ltr'><strong>interiisse.</strong></span> <span class='ocrx_word' id='word_1_379' title='bbox 3187 2496 3205 2528; x_wconf 73' lang='grc' dir='ltr'>ι</span> <span class='ocrx_word' id='word_1_380' title='bbox 3246 2477 3355 2532; x_wconf 90' lang='lat' dir='ltr'><strong>Illis</strong></span> <span class='ocrx_word' id='word_1_381' title='bbox 3399 2486 3582 2532; x_wconf 87' lang='lat' dir='ltr'><strong>autem</strong></span> 
     </span>
    </p>
   </div>
   <div class='ocr_carea' id='block_1_57' title="bbox 1995 2563 3584 2636">
    <p class='ocr_par' dir='ltr' id='par_1_57' title="bbox 1995 2563 3584 2636">
     <span class='ocr_line' id='line_1_57' title="bbox 1995 2563 3584 2636; baseline 0.003 -19"><span class='ocrx_word' id='word_1_382' title='bbox 1995 2563 2304 2622; x_wconf 85' lang='lat' dir='ltr'><strong>dicentibus</strong></span> <span class='ocrx_word' id='word_1_383' title='bbox 2337 2565 2439 2621; x_wconf 91' lang='lat' dir='ltr'>hoc</span> <span class='ocrx_word' id='word_1_384' title='bbox 2459 2581 2584 2621; x_wconf 90' lang='lat' dir='ltr'><strong>esse</strong></span> <span class='ocrx_word' id='word_1_385' title='bbox 2614 2567 2974 2636; x_wconf 81' lang='lat' dir='ltr'><strong>impossibile,</strong></span> <span class='ocrx_word' id='word_1_386' title='bbox 3009 2569 3289 2636; x_wconf 79' lang='lat' dir='ltr'><strong>respondit</strong></span> <span class='ocrx_word' id='word_1_387' title='bbox 3327 2587 3339 2627; x_wconf 90' lang='lat'><strong>;</strong></span> <span class='ocrx_word' id='word_1_388' title='bbox 3384 2589 3402 2619; x_wconf 74' lang='grc' dir='ltr'>ι</span> <span class='ocrx_word' id='word_1_389' title='bbox 3432 2568 3584 2634; x_wconf 64' lang='grc' dir='ltr'>ρίιο-</span> 
     </span>
    </p>
   </div>
   <div class='ocr_carea' id='block_1_58' title="bbox 1997 2656 3582 2728">
    <p class='ocr_par' dir='ltr' id='par_1_58' title="bbox 1997 2656 3582 2728">
     <span class='ocr_line' id='line_1_58' title="bbox 1997 2656 3582 2728; baseline 0.002 -17"><span class='ocrx_word' id='word_1_390' title='bbox 1997 2656 2188 2722; x_wconf 86' lang='lat' dir='ltr'><strong>modo,</strong></span> <span class='ocrx_word' id='word_1_391' title='bbox 2222 2658 2424 2727; x_wconf 88' lang='lat' dir='ltr'><strong>inquit,</strong></span> <span class='ocrx_word' id='word_1_392' title='bbox 2470 2673 2598 2713; x_wconf 89' lang='lat' dir='ltr'>cum</span> <span class='ocrx_word' id='word_1_393' title='bbox 2651 2674 2822 2728; x_wconf 89' lang='lat' dir='ltr'><strong>purus</strong></span> <span class='ocrx_word' id='word_1_394' title='bbox 2878 2659 3022 2714; x_wconf 86' lang='lat' dir='ltr'><strong>Deus</strong></span> <span class='ocrx_word' id='word_1_395' title='bbox 3071 2662 3229 2728; x_wconf 80' lang='lat' dir='ltr'><strong>iuxta</strong></span> <span class='ocrx_word' id='word_1_396' title='bbox 3265 2675 3362 2714; x_wconf 82' lang='lat' dir='ltr'><strong>vos</strong></span> <span class='ocrx_word' id='word_1_397' title='bbox 3399 2661 3582 2717; x_wconf 78' lang='lat' dir='ltr'><strong>eruci-</strong></span> 
     </span>
    </p>
   </div>
   <div class='ocr_carea' id='block_1_59' title="bbox 1994 2748 3581 2816">
    <p class='ocr_par' dir='ltr' id='par_1_59' title="bbox 1994 2748 3581 2816">
     <span class='ocr_line' id='line_1_59' title="bbox 1994 2748 3581 2816; baseline 0.002 -14"><span class='ocrx_word' id='word_1_398' title='bbox 1994 2748 2138 2810; x_wconf 74' lang='lat' dir='ltr'><strong>iixus</strong></span> <span class='ocrx_word' id='word_1_399' title='bbox 2167 2757 2272 2816; x_wconf 88' lang='lat' dir='ltr'><strong>est,</strong></span> <span class='ocrx_word' id='word_1_400' title='bbox 2310 2749 2413 2804; x_wconf 91' lang='lat' dir='ltr'><strong>nisi</strong></span> <span class='ocrx_word' id='word_1_401' title='bbox 2449 2767 2516 2805; x_wconf 87' lang='lat' dir='ltr'>ex</span> <span class='ocrx_word' id='word_1_402' title='bbox 2560 2750 2774 2808; x_wconf 82' lang='lat' dir='ltr'><strong>duabus</strong></span> <span class='ocrx_word' id='word_1_403' title='bbox 2811 2751 3024 2804; x_wconf 86' lang='lat' dir='ltr'><strong>naturis</strong></span> <span class='ocrx_word' id='word_1_404' title='bbox 3073 2760 3286 2806; x_wconf 89' lang='lat' dir='ltr'><strong>constet</strong></span> <span class='ocrx_word' id='word_1_405' title='bbox 3309 2751 3581 2813; x_wconf 86' lang='lat' dir='ltr'><strong>Christus,</strong></span> 
     </span>
    </p>
   </div>
   <div class='ocr_carea' id='block_1_60' title="bbox 1993 2839 3581 2909">
    <p class='ocr_par' dir='ltr' id='par_1_60' title="bbox 1993 2839 3581 2909">
     <span class='ocr_line' id='line_1_60' title="bbox 1993 2839 3581 2909; baseline 0.001 -17"><span class='ocrx_word' id='word_1_406' title='bbox 1993 2839 2220 2908; x_wconf 82' lang='lat' dir='ltr'><strong>angelus</strong></span> <span class='ocrx_word' id='word_1_407' title='bbox 2275 2855 2496 2909; x_wconf 86' lang='lat' dir='ltr'><strong>quoque</strong></span> <span class='ocrx_word' id='word_1_408' title='bbox 2543 2857 2651 2896; x_wconf 89' lang='lat' dir='ltr'>non</span> <span class='ocrx_word' id='word_1_409' title='bbox 2703 2841 3016 2896; x_wconf 87' lang='lat' dir='ltr'><strong>moriatur?</strong></span> <span class='ocrx_word' id='word_1_410' title='bbox 3053 2860 3070 2893; x_wconf 76' lang='grc' dir='ltr'>ι</span> <span class='ocrx_word' id='word_1_411' title='bbox 3137 2841 3295 2906; x_wconf 77' lang='lat' dir='ltr'><strong>Quod</strong></span> <span class='ocrx_word' id='word_1_412' title='bbox 3349 2841 3581 2896; x_wconf 77' lang='lat' dir='ltr'><strong>audien-</strong></span> 
     </span>
    </p>
   </div>
   <div class='ocr_carea' id='block_1_61' title="bbox 1995 2931 3586 3003">
    <p class='ocr_par' dir='ltr' id='par_1_61' title="bbox 1995 2931 3586 3003">
     <span class='ocr_line' id='line_1_61' title="bbox 1995 2931 3586 3003; baseline 0.003 -20"><span class='ocrx_word' id='word_1_413' title='bbox 1995 2939 2078 2986; x_wconf 88' lang='lat' dir='ltr'>tes</span> <span class='ocrx_word' id='word_1_414' title='bbox 2155 2931 2499 3000; x_wconf 83' lang='lat' dir='ltr'><strong>multnmque</strong></span> <span class='ocrx_word' id='word_1_415' title='bbox 2576 2943 2904 3002; x_wconf 83' lang='lat' dir='ltr'><strong>stupentes,</strong></span> <span class='ocrx_word' id='word_1_416' title='bbox 2981 2949 3104 2988; x_wconf 89' lang='lat' dir='ltr'>cum</span> <span class='ocrx_word' id='word_1_417' title='bbox 3193 2935 3404 3003; x_wconf 80' lang='lat' dir='ltr'><strong>pulore</strong></span> <span class='ocrx_word' id='word_1_418' title='bbox 3497 2949 3586 2988; x_wconf 81' lang='lat' dir='ltr'><strong>re-</strong></span> 
     </span>
    </p>
   </div>
   <div class='ocr_carea' id='block_1_62' title="bbox 1995 3031 2302 3078">
    <p class='ocr_par' dir='ltr' id='par_1_62' title="bbox 1995 3031 2302 3078">
     <span class='ocr_line' id='line_1_62' title="bbox 1995 3031 2302 3078; baseline -0.013 -1"><span class='ocrx_word' id='word_1_419' title='bbox 1995 3031 2276 3078; x_wconf 71' lang='grc' dir='ltr'>ορεεετυιιι</span> <span class='ocrx_word' id='word_1_420' title='bbox 2287 3061 2302 3074; x_wconf 92' lang='grc'>.</span> 
     </span>
    </p>
   </div>
   <div class='ocr_carea' id='block_1_63' title="bbox 2064 3118 3582 3188">
    <p class='ocr_par' dir='ltr' id='par_1_63' title="bbox 2064 3118 3582 3188">
     <span class='ocr_line' id='line_1_63' title="bbox 2064 3118 3582 3188; baseline 0.003 -20"><span class='ocrx_word' id='word_1_421' title='bbox 2064 3118 2390 3172; x_wconf 86' lang='lat' dir='ltr'><strong>Anastasius</strong></span> <span class='ocrx_word' id='word_1_422' title='bbox 2436 3127 2618 3173; x_wconf 90' lang='lat' dir='ltr'><strong>autem</strong></span> <span class='ocrx_word' id='word_1_423' title='bbox 2677 3119 2730 3173; x_wconf 92' lang='lat' dir='ltr'>in</span> <span class='ocrx_word' id='word_1_424' title='bbox 2797 3120 3009 3174; x_wconf 87' lang='lat' dir='ltr'><strong>somnis</strong></span> <span class='ocrx_word' id='word_1_425' title='bbox 3085 3120 3212 3173; x_wconf 79' lang='lat' dir='ltr'><strong>vidit</strong></span> <span class='ocrx_word' id='word_1_426' title='bbox 3293 3120 3582 3188; x_wconf 86' lang='lat' dir='ltr'><strong>quemdam</strong></span> 
     </span>
    </p>
   </div>
   <div class='ocr_carea' id='block_1_64' title="bbox 1995 3211 3585 3282">
    <p class='ocr_par' dir='ltr' id='par_1_64' title="bbox 1995 3211 3585 3282">
     <span class='ocr_line' id='line_1_64' title="bbox 1995 3211 3585 3282; baseline 0.001 -19"><span class='ocrx_word' id='word_1_427' title='bbox 1995 3217 2219 3278; x_wconf 85' lang='lat' dir='ltr'><strong>aspectu</strong></span> <span class='ocrx_word' id='word_1_428' title='bbox 2262 3212 2630 3270; x_wconf 89' lang='lat' dir='ltr'><strong>tremendum.</strong></span> <span class='ocrx_word' id='word_1_429' title='bbox 2681 3211 2924 3268; x_wconf 90' lang='lat' dir='ltr'><strong>codicem</strong></span> <span class='ocrx_word' id='word_1_430' title='bbox 2979 3212 3240 3282; x_wconf 85' lang='lat' dir='ltr'><strong>scriptum</strong></span> <span class='ocrx_word' id='word_1_431' title='bbox 3295 3227 3457 3267; x_wconf 87' lang='lat' dir='ltr'><strong>manu</strong></span> <span class='ocrx_word' id='word_1_432' title='bbox 3507 3220 3585 3270; x_wconf 60' lang='lat' dir='ltr'><strong>te»</strong></span> 
     </span>
    </p>
   </div>
   <div class='ocr_carea' id='block_1_65' title="bbox 1995 3303 3583 3374">
    <p class='ocr_par' dir='ltr' id='par_1_65' title="bbox 1995 3303 3583 3374">
     <span class='ocr_line' id='line_1_65' title="bbox 1995 3303 3583 3374; baseline 0.004 -18"><span class='ocrx_word' id='word_1_433' title='bbox 1995 3310 2215 3356; x_wconf 88' lang='lat' dir='ltr'><strong>nentem</strong></span> <span class='ocrx_word' id='word_1_434' title='bbox 2283 3310 2338 3358; x_wconf 86' lang='lat' dir='ltr'>et</span> <span class='ocrx_word' id='word_1_435' title='bbox 2407 3303 2700 3374; x_wconf 82' lang='lat' dir='ltr'><strong>legentem.</strong></span> <span class='ocrx_word' id='word_1_436' title='bbox 2785 3303 3082 3374; x_wconf 82' lang='lat' dir='ltr'><strong>Postquam</strong></span> <span class='ocrx_word' id='word_1_437' title='bbox 3147 3304 3391 3372; x_wconf 90' lang='lat' dir='ltr'><strong>quinque</strong></span> <span class='ocrx_word' id='word_1_438' title='bbox 3457 3303 3583 3364; x_wconf 54' lang='lat' dir='ltr'><strong>folia</strong></span> 
     </span>
    </p>
   </div>
   <div class='ocr_carea' id='block_1_66' title="bbox 310 3379 1889 3467">
    <p class='ocr_par' dir='ltr' id='par_1_66' title="bbox 310 3385 1877 3459">
     <span class='ocr_line' id='line_1_66' title="bbox 310 3385 1877 3459; baseline -0.001 -17"><span class='ocrx_word' id='word_1_439' title='bbox 310 3389 559 3458; x_wconf 81' lang='grc' dir='ltr'>κὼδικος)</span> <span class='ocrx_word' id='word_1_440' title='bbox 621 3390 885 3457; x_wconf 75' lang='grc' dir='ltr'>ἀναγνοὺς</span> <span class='ocrx_word' id='word_1_441' title='bbox 945 3389 1006 3443; x_wconf 83' lang='grc' dir='ltr'>τὸ</span> <span class='ocrx_word' id='word_1_442' title='bbox 1057 3389 1229 3459; x_wconf 80' lang='grc' dir='ltr'>ὄνομα</span> <span class='ocrx_word' id='word_1_443' title='bbox 1280 3390 1374 3443; x_wconf 81' lang='grc' dir='ltr'>τοῦ</span> <span class='ocrx_word' id='word_1_444' title='bbox 1431 3389 1696 3459; x_wconf 84' lang='grc' dir='ltr'>βασιλέως</span> <span class='ocrx_word' id='word_1_445' title='bbox 1723 3385 1877 3442; x_wconf 77' lang='grc' dir='ltr'>εἶπεν</span> 
     </span>
    </p>
   </div>
   <div class='ocr_carea' id='block_1_67' title="bbox 1995 3379 3580 3467">
    <p class='ocr_par' dir='ltr' id='par_1_67' title="bbox 1995 3395 3580 3467">
     <span class='ocr_line' id='line_1_67' title="bbox 1995 3395 3580 3467; baseline 0 -18"><span class='ocrx_word' id='word_1_446' title='bbox 1995 3395 2200 3450; x_wconf 86' lang='lat' dir='ltr'><strong>codicis</strong></span> <span class='ocrx_word' id='word_1_447' title='bbox 2249 3398 2610 3466; x_wconf 82' lang='lat' dir='ltr'><strong>explicasset,-</strong></span> <span class='ocrx_word' id='word_1_448' title='bbox 2666 3398 2851 3466; x_wconf 77' lang='lat' dir='ltr'><strong>legens</strong></span> <span class='ocrx_word' id='word_1_449' title='bbox 2907 3413 3102 3452; x_wconf 89' lang='lat' dir='ltr'><strong>nomen</strong></span> <span class='ocrx_word' id='word_1_450' title='bbox 3148 3398 3311 3467; x_wconf 82' lang='lat' dir='ltr'><strong>regis.</strong></span> <span class='ocrx_word' id='word_1_451' title='bbox 3363 3398 3438 3451; x_wconf 88' lang='lat' dir='ltr'>ait</span> <span class='ocrx_word' id='word_1_452' title='bbox 3485 3397 3580 3464; x_wconf 79' lang='lat' dir='ltr'><strong>ei:</strong></span> 
     </span>
    </p>
   </div>
   <div class='ocr_carea' id='block_1_68' title="bbox 310 3479 1888 3552">
    <p class='ocr_par' dir='ltr' id='par_1_68' title="bbox 310 3479 1888 3552">
     <span class='ocr_line' id='line_1_68' title="bbox 310 3479 1888 3552; baseline 0.001 -19"><span class='ocrx_word' id='word_1_453' title='bbox 310 3482 460 3552; x_wconf 71' lang='grc' dir='ltr'>αὐτῷ</span> <span class='ocrx_word' id='word_1_454' title='bbox 485 3498 499 3510; x_wconf 89' lang='grc'><strong>·</strong></span> <span class='ocrx_word' id='word_1_455' title='bbox 542 3500 560 3530; x_wconf 80' lang='grc' dir='ltr'>ι</span> <span class='ocrx_word' id='word_1_456' title='bbox 617 3481 776 3545; x_wconf 78' lang='grc' dir='ltr'>Ἰδοὺ,</span> <span class='ocrx_word' id='word_1_457' title='bbox 802 3482 888 3534; x_wconf 70' lang='grc' dir='ltr'>διὰ</span> <span class='ocrx_word' id='word_1_458' title='bbox 919 3481 1019 3550; x_wconf 83' lang='grc' dir='ltr'>τὴν</span> <span class='ocrx_word' id='word_1_459' title='bbox 1065 3483 1326 3535; x_wconf 83' lang='grc' dir='ltr'>ἀπιστίαν</span> <span class='ocrx_word' id='word_1_460' title='bbox 1377 3499 1471 3536; x_wconf 88' lang='grc' dir='ltr'>σου</span> <span class='ocrx_word' id='word_1_461' title='bbox 1507 3481 1798 3550; x_wconf 79' lang='grc' dir='ltr'>ἀπαλείφω</span> <span class='ocrx_word' id='word_1_462' title='bbox 1829 3479 1888 3534; x_wconf 83' lang='grc' dir='ltr'>ιδ’</span> 
     </span>
    </p>
   </div>
   <div class='ocr_carea' id='block_1_69' title="bbox 309 3572 1890 3646">
    <p class='ocr_par' dir='ltr' id='par_1_69' title="bbox 309 3572 1890 3646">
     <span class='ocr_line' id='line_1_69' title="bbox 309 3572 1890 3646; baseline -0.001 -21"><span class='ocrx_word' id='word_1_463' title='bbox 309 3574 406 3644; x_wconf 81' lang='grc' dir='ltr'>Ξτη</span> <span class='ocrx_word' id='word_1_464' title='bbox 437 3573 557 3646; x_wconf 76' lang='grc' dir='ltr'>(τῆς</span> <span class='ocrx_word' id='word_1_465' title='bbox 591 3572 738 3642; x_wconf 81' lang='grc' dir='ltr'>ζωῆς</span> <span class='ocrx_word' id='word_1_466' title='bbox 771 3574 912 3644; x_wconf 77' lang='grc' dir='ltr'>σου).</span> <span class='ocrx_word' id='word_1_467' title='bbox 954 3593 972 3626; x_wconf 73' lang='grc' dir='ltr'>ι</span> <span class='ocrx_word' id='word_1_468' title='bbox 1013 3575 1124 3626; x_wconf 80' lang='grc' dir='ltr'>Καὶ</span> <span class='ocrx_word' id='word_1_469' title='bbox 1169 3573 1269 3644; x_wconf 85' lang='grc' dir='ltr'>(τῷ</span> <span class='ocrx_word' id='word_1_470' title='bbox 1309 3574 1425 3643; x_wconf 83' lang='grc' dir='ltr'>ἰδίῳ</span> <span class='ocrx_word' id='word_1_471' title='bbox 1477 3572 1748 3644; x_wconf 85' lang='grc' dir='ltr'>δακτύλῳ)</span> <span class='ocrx_word' id='word_1_472' title='bbox 1782 3573 1890 3626; x_wconf 83' lang='grc' dir='ltr'>ἁπ-</span> 
     </span>
    </p>
   </div>
   <div class='ocr_carea' id='block_1_70' title="bbox 314 3664 596 3736">
    <p class='ocr_par' dir='ltr' id='par_1_70' title="bbox 314 3664 596 3736">
     <span class='ocr_line' id='line_1_70' title="bbox 314 3664 596 3736; baseline 0.014 -22"><span class='ocrx_word' id='word_1_473' title='bbox 314 3665 500 3736; x_wconf 66' lang='grc' dir='ltr'>ἠλειψε</span> <span class='ocrx_word' id='word_1_474' title='bbox 527 3664 596 3718; x_wconf 75' lang='grc'>⁸⁸.</span> 
     </span>
    </p>
   </div>
   <div class='ocr_carea' id='block_1_71' title="bbox 387 3757 1891 3832">
    <p class='ocr_par' dir='ltr' id='par_1_71' title="bbox 387 3757 1891 3832">
     <span class='ocr_line' id='line_1_71' title="bbox 387 3757 1891 3832; baseline 0.001 -24"><span class='ocrx_word' id='word_1_475' title='bbox 387 3758 460 3825; x_wconf 67' lang='lat' dir='ltr'>t9)</span> <span class='ocrx_word' id='word_1_476' title='bbox 495 3758 603 3810; x_wconf 67' lang='grc' dir='ltr'>Καὶ</span> <span class='ocrx_word' id='word_1_477' title='bbox 632 3758 774 3826; x_wconf 74' lang='grc' dir='ltr'>μετὰ</span> <span class='ocrx_word' id='word_1_478' title='bbox 809 3757 852 3789; x_wconf 64' lang='grc'>⁸⁷</span> <span class='ocrx_word' id='word_1_479' title='bbox 876 3757 970 3812; x_wconf 81' lang='grc' dir='ltr'>δύο</span> <span class='ocrx_word' id='word_1_480' title='bbox 1003 3760 1219 3832; x_wconf 81' lang='grc' dir='ltr'>ἡμέρας</span> <span class='ocrx_word' id='word_1_481' title='bbox 1260 3758 1501 3831; x_wconf 83' lang='grc' dir='ltr'>βροντῶν</span> <span class='ocrx_word' id='word_1_482' title='bbox 1544 3760 1639 3812; x_wconf 80' lang='grc' dir='ltr'>καὶ</span> <span class='ocrx_word' id='word_1_483' title='bbox 1685 3757 1891 3828; x_wconf 82' lang='grc' dir='ltr'>ἀστρα-</span> 
     </span>
    </p>
   </div>
   <div class='ocr_carea' id='block_1_72' title="bbox 323 3846 1890 3921">
    <p class='ocr_par' dir='ltr' id='par_1_72' title="bbox 323 3846 1890 3921">
     <span class='ocr_line' id='line_1_72' title="bbox 323 3846 1890 3921; baseline -0.001 -21"><span class='ocrx_word' id='word_1_484' title='bbox 323 3847 517 3900; x_wconf 77' lang='grc' dir='ltr'>πῶνὲν</span> <span class='ocrx_word' id='word_1_485' title='bbox 546 3847 619 3918; x_wconf 79' lang='grc' dir='ltr'>τῷ</span> <span class='ocrx_word' id='word_1_486' title='bbox 676 3848 925 3918; x_wconf 86' lang='grc' dir='ltr'>παλατίῳ</span> <span class='ocrx_word' id='word_1_487' title='bbox 980 3849 1292 3921; x_wconf 83' lang='grc' dir='ltr'>γενομένων</span> <span class='ocrx_word' id='word_1_488' title='bbox 1346 3851 1441 3902; x_wconf 72' lang='grc' dir='ltr'>καὶ</span> <span class='ocrx_word' id='word_1_489' title='bbox 1488 3846 1584 3901; x_wconf 84' lang='grc' dir='ltr'>τοῦ</span> <span class='ocrx_word' id='word_1_490' title='bbox 1628 3846 1890 3917; x_wconf 85' lang='grc' dir='ltr'>βασιλέως</span> 
     </span>
    </p>
   </div>
   <div class='ocr_carea' id='block_1_73' title="bbox 320 3940 1890 4012">
    <p class='ocr_par' dir='ltr' id='par_1_73' title="bbox 320 3940 1890 4012">
     <span class='ocr_line' id='line_1_73' title="bbox 320 3940 1890 4012; baseline -0.001 -19"><span class='ocrx_word' id='word_1_491' title='bbox 320 3940 624 4010; x_wconf 81' lang='grc' dir='ltr'>μονωτάτου</span> <span class='ocrx_word' id='word_1_492' title='bbox 654 3941 1121 4012; x_wconf 81' lang='grc' dir='ltr'>καταλειφθέντος</span> <span class='ocrx_word' id='word_1_493' title='bbox 1156 3944 1248 3996; x_wconf 74' lang='grc' dir='ltr'>καὶ</span> <span class='ocrx_word' id='word_1_494' title='bbox 1279 3944 1387 3996; x_wconf 80' lang='grc' dir='ltr'>ἀπὸ</span> <span class='ocrx_word' id='word_1_495' title='bbox 1413 3942 1581 3995; x_wconf 87' lang='grc' dir='ltr'>τόπου</span> <span class='ocrx_word' id='word_1_496' title='bbox 1612 3943 1692 4004; x_wconf 80' lang='grc' dir='ltr'>εἰς</span> <span class='ocrx_word' id='word_1_497' title='bbox 1726 3941 1890 3992; x_wconf 87' lang='grc' dir='ltr'>τόπον</span> 
     </span>
    </p>
   </div>
   <div class='ocr_carea' id='block_1_74' title="bbox 313 4032 1890 4105">
    <p class='ocr_par' dir='ltr' id='par_1_74' title="bbox 313 4032 1890 4105">
     <span class='ocr_line' id='line_1_74' title="bbox 313 4032 1890 4105; baseline -0.002 -19"><span class='ocrx_word' id='word_1_498' title='bbox 313 4032 682 4105; x_wconf 83' lang='grc' dir='ltr'>[φεύγοντος],</span> <span class='ocrx_word' id='word_1_499' title='bbox 707 4035 765 4088; x_wconf 86' lang='grc' dir='ltr'>ὲν</span> <span class='ocrx_word' id='word_1_500' title='bbox 795 4034 878 4086; x_wconf 76' lang='grc' dir='ltr'>ἑνὶ</span> <span class='ocrx_word' id='word_1_501' title='bbox 926 4035 1038 4089; x_wconf 81' lang='grc' dir='ltr'>τῶν</span> <span class='ocrx_word' id='word_1_502' title='bbox 1075 4035 1446 4090; x_wconf 87' lang='grc' dir='ltr'>κοιτωνίσκων</span> <span class='ocrx_word' id='word_1_503' title='bbox 1495 4034 1573 4104; x_wconf 82' lang='grc' dir='ltr'>τῷ</span> <span class='ocrx_word' id='word_1_504' title='bbox 1607 4032 1890 4102; x_wconf 85' lang='grc' dir='ltr'>λεγομένῳ</span> 
     </span>
    </p>
   </div>
   <div class='ocr_carea' id='block_1_75' title="bbox 325 4123 1892 4196">
    <p class='ocr_par' dir='ltr' id='par_1_75' title="bbox 325 4123 1892 4196">
     <span class='ocr_line' id='line_1_75' title="bbox 325 4123 1892 4196; baseline -0.002 -15"><span class='ocrx_word' id='word_1_505' title='bbox 325 4127 514 4182; x_wconf 80' lang='grc' dir='ltr'>Ὠᾶτον</span> <span class='ocrx_word' id='word_1_506' title='bbox 575 4123 882 4178; x_wconf 78' lang='grc' dir='ltr'>ἀπελάϐετο</span> <span class='ocrx_word' id='word_1_507' title='bbox 923 4123 1021 4196; x_wconf 82' lang='grc' dir='ltr'>τὴν</span> <span class='ocrx_word' id='word_1_508' title='bbox 1048 4125 1219 4196; x_wconf 81' lang='grc' dir='ltr'>ὀργὴν</span> <span class='ocrx_word' id='word_1_509' title='bbox 1247 4125 1339 4177; x_wconf 81' lang='grc' dir='ltr'>τοῦ</span> <span class='ocrx_word' id='word_1_510' title='bbox 1370 4125 1531 4188; x_wconf 83' lang='grc' dir='ltr'>Θεοῦ,</span> <span class='ocrx_word' id='word_1_511' title='bbox 1567 4125 1662 4178; x_wconf 74' lang='grc' dir='ltr'>καὶ</span> <span class='ocrx_word' id='word_1_512' title='bbox 1687 4125 1892 4195; x_wconf 67' lang='grc' dir='ltr'>ῥίψασα</span> 
     </span>
    </p>
   </div>
   <div class='ocr_carea' id='block_1_76' title="bbox 310 4217 1892 4290">
    <p class='ocr_par' dir='ltr' id='par_1_76' title="bbox 310 4217 1892 4290">
     <span class='ocr_line' id='line_1_76' title="bbox 310 4217 1892 4290; baseline -0.003 -17"><span class='ocrx_word' id='word_1_513' title='bbox 310 4221 474 4283; x_wconf 73' lang='grc' dir='ltr'>αὑτὸν</span> <span class='ocrx_word' id='word_1_514' title='bbox 533 4217 1059 4290; x_wconf 78' lang='grc' dir='ltr'>κατέρῤηξεν,ὣστε</span> <span class='ocrx_word' id='word_1_515' title='bbox 1128 4219 1395 4288; x_wconf 76' lang='grc' dir='ltr'>αἰφνίδιον</span> <span class='ocrx_word' id='word_1_516' title='bbox 1457 4217 1748 4289; x_wconf 77' lang='grc' dir='ltr'>εὑρεθῆναι</span> <span class='ocrx_word' id='word_1_517' title='bbox 1807 4235 1892 4270; x_wconf 90' lang='grc' dir='ltr'>νε-</span> 
     </span>
    </p>
   </div>
   <div class='ocr_carea' id='block_1_77' title="bbox 311 4313 467 4382">
    <p class='ocr_par' dir='ltr' id='par_1_77' title="bbox 311 4313 467 4382">
     <span class='ocr_line' id='line_1_77' title="bbox 311 4313 467 4382; baseline -0.019 -14"><span class='ocrx_word' id='word_1_518' title='bbox 311 4313 467 4382; x_wconf 80' lang='grc' dir='ltr'>κρόν.</span> 
     </span>
    </p>
   </div>
   <div class='ocr_carea' id='block_1_78' title="bbox 377 4404 1892 4476">
    <p class='ocr_par' dir='ltr' id='par_1_78' title="bbox 377 4404 1892 4476">
     <span class='ocr_line' id='line_1_78' title="bbox 377 4404 1892 4476; baseline -0.001 -18"><span class='ocrx_word' id='word_1_519' title='bbox 377 4405 422 4435; x_wconf 69' lang='grc'>⁵⁸</span> <span class='ocrx_word' id='word_1_520' title='bbox 457 4405 570 4475; x_wconf 69' lang='grc'>(10)</span> <span class='ocrx_word' id='word_1_521' title='bbox 597 4405 734 4462; x_wconf 76' lang='grc' dir='ltr'>Φασὶ</span> <span class='ocrx_word' id='word_1_522' title='bbox 764 4406 819 4462; x_wconf 77' lang='grc' dir='ltr'>δὲ</span> <span class='ocrx_word' id='word_1_523' title='bbox 848 4404 1010 4458; x_wconf 70' lang='grc' dir='ltr'>αὐτὸν</span> <span class='ocrx_word' id='word_1_524' title='bbox 1045 4405 1187 4476; x_wconf 72' lang='grc' dir='ltr'>μετὰ</span> <span class='ocrx_word' id='word_1_525' title='bbox 1212 4407 1272 4457; x_wconf 68' lang='grc' dir='ltr'>τὸ</span> <span class='ocrx_word' id='word_1_526' title='bbox 1310 4405 1575 4474; x_wconf 80' lang='grc' dir='ltr'>ταφῆναι,</span> <span class='ocrx_word' id='word_1_527' title='bbox 1605 4405 1725 4474; x_wconf 84' lang='grc' dir='ltr'>μεθ’</span> <span class='ocrx_word' id='word_1_528' title='bbox 1757 4405 1892 4474; x_wconf 84' lang='grc' dir='ltr'>ἡμέ-</span> 
     </span>
    </p>
   </div>
   <div class='ocr_carea' id='block_1_79' title="bbox 315 4496 1884 4568">
    <p class='ocr_par' dir='ltr' id='par_1_79' title="bbox 315 4496 1884 4568">
     <span class='ocr_line' id='line_1_79' title="bbox 315 4496 1884 4568; baseline -0.002 -20"><span class='ocrx_word' id='word_1_529' title='bbox 315 4514 411 4565; x_wconf 83' lang='grc' dir='ltr'>ρας</span> <span class='ocrx_word' id='word_1_530' title='bbox 451 4498 604 4560; x_wconf 75' lang='grc' dir='ltr'>τινὰς</span> <span class='ocrx_word' id='word_1_531' title='bbox 659 4496 822 4568; x_wconf 77' lang='grc' dir='ltr'>βοᾷν’</span> <span class='ocrx_word' id='word_1_532' title='bbox 863 4517 881 4547; x_wconf 79' lang='grc' dir='ltr'>ι</span> <span class='ocrx_word' id='word_1_533' title='bbox 930 4497 1217 4566; x_wconf 81' lang='grc' dir='ltr'>Ἑλεήσατέ</span> <span class='ocrx_word' id='word_1_534' title='bbox 1276 4516 1368 4566; x_wconf 88' lang='grc' dir='ltr'>με,</span> <span class='ocrx_word' id='word_1_535' title='bbox 1402 4499 1495 4550; x_wconf 66' lang='grc' dir='ltr'>καλ⁸</span> <span class='ocrx_word' id='word_1_536' title='bbox 1555 4497 1827 4560; x_wconf 80' lang='grc' dir='ltr'>ἀνοίξατε.</span> <span class='ocrx_word' id='word_1_537' title='bbox 1867 4515 1884 4545; x_wconf 72' lang='grc' dir='ltr'>ι</span> 
     </span>
    </p>
   </div>
   <div class='ocr_carea' id='block_1_80' title="bbox 310 4587 1882 4658">
    <p class='ocr_par' dir='ltr' id='par_1_80' title="bbox 310 4587 1882 4658">
     <span class='ocr_line' id='line_1_80' title="bbox 310 4587 1882 4658; baseline -0.001 -19"><span class='ocrx_word' id='word_1_538' title='bbox 310 4587 430 4641; x_wconf 81' lang='grc' dir='ltr'>Τῶν</span> <span class='ocrx_word' id='word_1_539' title='bbox 448 4588 881 4658; x_wconf 80' lang='grc' dir='ltr'>(μνημοραλίων)</span> <span class='ocrx_word' id='word_1_540' title='bbox 907 4589 962 4642; x_wconf 86' lang='grc' dir='ltr'>δὲ</span> <span class='ocrx_word' id='word_1_541' title='bbox 978 4591 1264 4652; x_wconf 84' lang='grc' dir='ltr'>εἰπόντων,</span> <span class='ocrx_word' id='word_1_542' title='bbox 1295 4589 1377 4640; x_wconf 85' lang='grc' dir='ltr'>ὅτι</span> <span class='ocrx_word' id='word_1_543' title='bbox 1397 4588 1556 4650; x_wconf 82' lang='grc' dir='ltr'>ἄλλος</span> <span class='ocrx_word' id='word_1_544' title='bbox 1583 4588 1882 4657; x_wconf 70' lang='grc' dir='ltr'>βασιλεύει,</span> 
     </span>
    </p>
   </div>
   <div class='ocr_carea' id='block_1_81' title="bbox 2001 3482 3587 3556">
    <p class='ocr_par' dir='ltr' id='par_1_81' title="bbox 2001 3482 3587 3556">
     <span class='ocr_line' id='line_1_81' title="bbox 2001 3482 3587 3556; baseline 0.004 -26"><span class='ocrx_word' id='word_1_545' title='bbox 2001 3498 2018 3530; x_wconf 76' lang='grc' dir='ltr'>ι</span> <span class='ocrx_word' id='word_1_546' title='bbox 2064 3482 2222 3546; x_wconf 83' lang='lat' dir='ltr'><strong>Ecce,</strong></span> <span class='ocrx_word' id='word_1_547' title='bbox 2278 3494 2498 3555; x_wconf 88' lang='lat' dir='ltr'><strong>propter</strong></span> <span class='ocrx_word' id='word_1_548' title='bbox 2552 3485 2989 3542; x_wconf 89' lang='lat' dir='ltr'><strong>incredulitatem</strong></span> <span class='ocrx_word' id='word_1_549' title='bbox 3054 3495 3244 3551; x_wconf 90' lang='lat' dir='ltr'><strong>tuam,</strong></span> <span class='ocrx_word' id='word_1_550' title='bbox 3304 3497 3587 3556; x_wconf 84' lang='lat' dir='ltr'><strong>quatuor-</strong></span> 
     </span>
    </p>
   </div>
   <div class='ocr_carea' id='block_1_82' title="bbox 1995 3577 3588 3652">
    <p class='ocr_par' dir='ltr' id='par_1_82' title="bbox 1995 3577 3588 3652">
     <span class='ocr_line' id='line_1_82' title="bbox 1995 3577 3588 3652; baseline 0.007 -25"><span class='ocrx_word' id='word_1_551' title='bbox 1995 3577 2170 3630; x_wconf 89' lang='lat' dir='ltr'><strong>decim</strong></span> <span class='ocrx_word' id='word_1_552' title='bbox 2229 3592 2404 3633; x_wconf 89' lang='lat' dir='ltr'><strong>annos</strong></span> <span class='ocrx_word' id='word_1_553' title='bbox 2462 3580 2585 3635; x_wconf 73' lang='lat' dir='ltr'><strong>vita:</strong></span> <span class='ocrx_word' id='word_1_554' title='bbox 2631 3589 2736 3634; x_wconf 72' lang='lat' dir='ltr'><strong>tua:</strong></span> <span class='ocrx_word' id='word_1_555' title='bbox 2805 3581 2983 3635; x_wconf 89' lang='lat' dir='ltr'><strong>deleo.</strong></span> <span class='ocrx_word' id='word_1_556' title='bbox 3026 3599 3045 3633; x_wconf 72' lang='grc' dir='ltr'>ι</span> <span class='ocrx_word' id='word_1_557' title='bbox 3111 3581 3178 3643; x_wconf 82' lang='lat' dir='ltr'><strong>Et</strong></span> <span class='ocrx_word' id='word_1_558' title='bbox 3228 3583 3450 3652; x_wconf 85' lang='lat' dir='ltr'><strong>preprio</strong></span> <span class='ocrx_word' id='word_1_559' title='bbox 3499 3580 3588 3638; x_wconf 80' lang='lat' dir='ltr'><strong>di-</strong></span> 
     </span>
    </p>
   </div>
   <div class='ocr_carea' id='block_1_83' title="bbox 1993 3665 2357 3733">
    <p class='ocr_par' dir='ltr' id='par_1_83' title="bbox 1993 3665 2357 3733">
     <span class='ocr_line' id='line_1_83' title="bbox 1993 3665 2357 3733; baseline 0.011 -17"><span class='ocrx_word' id='word_1_560' title='bbox 1993 3665 2106 3733; x_wconf 77' lang='lat' dir='ltr'><strong>gito</strong></span> <span class='ocrx_word' id='word_1_561' title='bbox 2137 3666 2357 3722; x_wconf 80' lang='lat' dir='ltr'><strong>delevit.</strong></span> 
     </span>
    </p>
   </div>
   <div class='ocr_carea' id='block_1_84' title="bbox 2064 3754 3588 3833">
    <p class='ocr_par' dir='ltr' id='par_1_84' title="bbox 2064 3754 3588 3833">
     <span class='ocr_line' id='line_1_84' title="bbox 2064 3754 3588 3833; baseline 0.007 -25"><span class='ocrx_word' id='word_1_562' title='bbox 2064 3754 2132 3810; x_wconf 86' lang='lat' dir='ltr'><strong>Et</strong></span> <span class='ocrx_word' id='word_1_563' title='bbox 2177 3767 2297 3826; x_wconf 89' lang='lat' dir='ltr'><strong>post</strong></span> <span class='ocrx_word' id='word_1_564' title='bbox 2352 3758 2494 3815; x_wconf 90' lang='lat' dir='ltr'><strong>duos</strong></span> <span class='ocrx_word' id='word_1_565' title='bbox 2536 3761 2653 3817; x_wconf 87' lang='lat' dir='ltr'><strong>dies</strong></span> <span class='ocrx_word' id='word_1_566' title='bbox 2718 3762 3015 3824; x_wconf 86' lang='lat' dir='ltr'><strong>tonitribus</strong></span> <span class='ocrx_word' id='word_1_567' title='bbox 3046 3773 3102 3818; x_wconf 90' lang='lat' dir='ltr'>et</span> <span class='ocrx_word' id='word_1_568' title='bbox 3161 3763 3473 3833; x_wconf 81' lang='lat' dir='ltr'><strong>fulguribus</strong></span> <span class='ocrx_word' id='word_1_569' title='bbox 3526 3766 3588 3828; x_wconf 73' lang='lat' dir='ltr'>in</span> 
     </span>
    </p>
   </div>
   <div class='ocr_carea' id='block_1_85' title="bbox 1993 3847 3584 3926">
    <p class='ocr_par' dir='ltr' id='par_1_85' title="bbox 1993 3847 3584 3926">
     <span class='ocr_line' id='line_1_85' title="bbox 1993 3847 3584 3926; baseline 0.006 -27"><span class='ocrx_word' id='word_1_570' title='bbox 1993 3847 2192 3915; x_wconf 85' lang='lat' dir='ltr'><strong>palatio</strong></span> <span class='ocrx_word' id='word_1_571' title='bbox 2228 3847 2407 3916; x_wconf 79' lang='lat' dir='ltr'><strong>lactis,</strong></span> <span class='ocrx_word' id='word_1_572' title='bbox 2450 3861 2504 3906; x_wconf 88' lang='lat' dir='ltr'>et</span> <span class='ocrx_word' id='word_1_573' title='bbox 2535 3867 2658 3922; x_wconf 83' lang='lat' dir='ltr'><strong>rege</strong></span> <span class='ocrx_word' id='word_1_574' title='bbox 2719 3868 2947 3923; x_wconf 87' lang='lat' dir='ltr'><strong>prorsus</strong></span> <span class='ocrx_word' id='word_1_575' title='bbox 3007 3855 3126 3909; x_wconf 90' lang='lat' dir='ltr'><strong>solo</strong></span> <span class='ocrx_word' id='word_1_576' title='bbox 3171 3855 3382 3926; x_wconf 85' lang='lat' dir='ltr'><strong>relicto,</strong></span> <span class='ocrx_word' id='word_1_577' title='bbox 3439 3855 3584 3914; x_wconf 78' lang='lat' dir='ltr'><strong>etde</strong></span> 
     </span>
    </p>
   </div>
   <div class='ocr_carea' id='block_1_86' title="bbox 1994 3937 3587 4015">
    <p class='ocr_par' dir='ltr' id='par_1_86' title="bbox 1994 3937 3587 4015">
     <span class='ocr_line' id='line_1_86' title="bbox 1994 3937 3587 4015; baseline 0.007 -26"><span class='ocrx_word' id='word_1_578' title='bbox 1994 3937 2114 3991; x_wconf 91' lang='lat' dir='ltr'><strong>loco</strong></span> <span class='ocrx_word' id='word_1_579' title='bbox 2145 3939 2210 3992; x_wconf 92' lang='lat' dir='ltr'>ad</span> <span class='ocrx_word' id='word_1_580' title='bbox 2261 3941 2440 3996; x_wconf 89' lang='lat' dir='ltr'><strong>locum</strong></span> <span class='ocrx_word' id='word_1_581' title='bbox 2501 3943 2760 4015; x_wconf 79' lang='lat' dir='ltr'><strong>fugiente,</strong></span> <span class='ocrx_word' id='word_1_582' title='bbox 2841 3947 2893 3998; x_wconf 91' lang='lat' dir='ltr'><strong>in</strong></span> <span class='ocrx_word' id='word_1_583' title='bbox 2947 3961 3056 4002; x_wconf 93' lang='lat' dir='ltr'>uno</span> <span class='ocrx_word' id='word_1_584' title='bbox 3111 3945 3366 4002; x_wconf 84' lang='lat' dir='ltr'><strong>cubiculo</strong></span> <span class='ocrx_word' id='word_1_585' title='bbox 3437 3946 3587 4012; x_wconf 79' lang='lat' dir='ltr'><strong>dictq</strong></span> 
     </span>
    </p>
   </div>
   <div class='ocr_carea' id='block_1_87' title="bbox 1994 4029 3586 4106">
    <p class='ocr_par' dir='ltr' id='par_1_87' title="bbox 1994 4029 3586 4106">
     <span class='ocr_line' id='line_1_87' title="bbox 1994 4029 3586 4106; baseline 0.006 -23"><span class='ocrx_word' id='word_1_586' title='bbox 1994 4029 2192 4095; x_wconf 81' lang='lat' dir='ltr'><strong>lloalo,</strong></span> <span class='ocrx_word' id='word_1_587' title='bbox 2242 4034 2377 4087; x_wconf 87' lang='lat' dir='ltr'><strong>iram</strong></span> <span class='ocrx_word' id='word_1_588' title='bbox 2429 4034 2522 4090; x_wconf 85' lang='lat' dir='ltr'><strong>Dei</strong></span> <span class='ocrx_word' id='word_1_589' title='bbox 2556 4039 2748 4102; x_wconf 90' lang='lat' dir='ltr'><strong>sensit,</strong></span> <span class='ocrx_word' id='word_1_590' title='bbox 2823 4054 2945 4106; x_wconf 63' lang='lat' dir='ltr'><strong>quae</strong></span> <span class='ocrx_word' id='word_1_591' title='bbox 2994 4039 3198 4094; x_wconf 87' lang='lat' dir='ltr'><strong>cadens</strong></span> <span class='ocrx_word' id='word_1_592' title='bbox 3228 4039 3380 4094; x_wconf 91' lang='lat' dir='ltr'><strong>illum</strong></span> <span class='ocrx_word' id='word_1_593' title='bbox 3402 4038 3586 4092; x_wconf 65' lang='grc' dir='ltr'>ἀίει-ωε</span> 
     </span>
    </p>
   </div>
   <div class='ocr_carea' id='block_1_88' title="bbox 1995 4125 3438 4194">
    <p class='ocr_par' dir='ltr' id='par_1_88' title="bbox 1995 4125 3438 4194">
     <span class='ocr_line' id='line_1_88' title="bbox 1995 4125 3438 4194; baseline 0.003 -16"><span class='ocrx_word' id='word_1_594' title='bbox 1995 4129 2091 4194; x_wconf 88' lang='lat' dir='ltr'><strong>pit,</strong></span> <span class='ocrx_word' id='word_1_595' title='bbox 2147 4125 2219 4181; x_wconf 90' lang='lat' dir='ltr'>ita</span> <span class='ocrx_word' id='word_1_596' title='bbox 2271 4138 2330 4180; x_wconf 91' lang='lat' dir='ltr'>ut</span> <span class='ocrx_word' id='word_1_597' title='bbox 2388 4129 2569 4183; x_wconf 88' lang='lat' dir='ltr'><strong>statim</strong></span> <span class='ocrx_word' id='word_1_598' title='bbox 2644 4140 2896 4186; x_wconf 88' lang='lat' dir='ltr'><strong>mortuus</strong></span> <span class='ocrx_word' id='word_1_599' title='bbox 2936 4132 3190 4192; x_wconf 82' lang='lat' dir='ltr'><strong>inventus</strong></span> <span class='ocrx_word' id='word_1_600' title='bbox 3247 4131 3438 4193; x_wconf 69' lang='lat' dir='ltr'><strong>luerit.</strong></span> 
     </span>
    </p>
   </div>
   <div class='ocr_carea' id='block_1_89' title="bbox 2062 4409 3576 4482">
    <p class='ocr_par' dir='ltr' id='par_1_89' title="bbox 2062 4409 3576 4482">
     <span class='ocr_line' id='line_1_89' title="bbox 2062 4409 3576 4482; baseline 0.001 -19"><span class='ocrx_word' id='word_1_601' title='bbox 2062 4409 2472 4474; x_wconf 86' lang='lat' dir='ltr'><strong>Feruntillum,</strong></span> <span class='ocrx_word' id='word_1_602' title='bbox 2533 4419 2823 4480; x_wconf 85' lang='lat' dir='ltr'><strong>postquam</strong></span> <span class='ocrx_word' id='word_1_603' title='bbox 2887 4411 3135 4480; x_wconf 88' lang='lat' dir='ltr'><strong>sepultus</strong></span> <span class='ocrx_word' id='word_1_604' title='bbox 3192 4422 3297 4476; x_wconf 83' lang='lat' dir='ltr'><strong>est,</strong></span> <span class='ocrx_word' id='word_1_605' title='bbox 3368 4411 3576 4482; x_wconf 78' lang='lat' dir='ltr'><strong>aliquot</strong></span> 
     </span>
    </p>
   </div>
   <div class='ocr_carea' id='block_1_90' title="bbox 1993 4502 3578 4573">
    <p class='ocr_par' dir='ltr' id='par_1_90' title="bbox 1993 4502 3578 4573">
     <span class='ocr_line' id='line_1_90' title="bbox 1993 4502 3578 4573; baseline 0.003 -18"><span class='ocrx_word' id='word_1_606' title='bbox 1993 4502 2184 4557; x_wconf 88' lang='lat' dir='ltr'><strong>diebus</strong></span> <span class='ocrx_word' id='word_1_607' title='bbox 2258 4504 2478 4573; x_wconf 87' lang='lat' dir='ltr'><strong>elapsis,</strong></span> <span class='ocrx_word' id='word_1_608' title='bbox 2519 4504 2828 4558; x_wconf 82' lang='lat' dir='ltr'><strong>clamasse:</strong></span> <span class='ocrx_word' id='word_1_609' title='bbox 2871 4523 2888 4554; x_wconf 83' lang='grc' dir='ltr'>ι</span> <span class='ocrx_word' id='word_1_610' title='bbox 2928 4503 3256 4558; x_wconf 84' lang='lat' dir='ltr'><strong>Miseremini</strong></span> <span class='ocrx_word' id='word_1_611' title='bbox 3329 4503 3462 4570; x_wconf 86' lang='lat' dir='ltr'><strong>mei.</strong></span> <span class='ocrx_word' id='word_1_612' title='bbox 3523 4514 3578 4568; x_wconf 73' lang='lat' dir='ltr'>et</span> 
     </span>
    </p>
   </div>
   <div class='ocr_carea' id='block_1_91' title="bbox 1992 4595 3581 4668">
    <p class='ocr_par' dir='ltr' id='par_1_91' title="bbox 1992 4595 3581 4668">
     <span class='ocr_line' id='line_1_91' title="bbox 1992 4595 3581 4668; baseline 0.002 -20"><span class='ocrx_word' id='word_1_613' title='bbox 1992 4595 2215 4662; x_wconf 85' lang='lat' dir='ltr'><strong>aperite.</strong></span> <span class='ocrx_word' id='word_1_614' title='bbox 2289 4615 2308 4647; x_wconf 70' lang='grc' dir='ltr'>ι</span> <span class='ocrx_word' id='word_1_615' title='bbox 2362 4596 2772 4650; x_wconf 83' lang='lat' dir='ltr'><strong>Memorialibus</strong></span> <span class='ocrx_word' id='word_1_616' title='bbox 2849 4607 3030 4651; x_wconf 85' lang='lat' dir='ltr'><strong>autem</strong></span> <span class='ocrx_word' id='word_1_617' title='bbox 3106 4598 3273 4652; x_wconf 90' lang='lat' dir='ltr'><strong>alium</strong></span> <span class='ocrx_word' id='word_1_618' title='bbox 3351 4614 3581 4668; x_wconf 78' lang='lat' dir='ltr'><strong>regnare</strong></span> 
     </span>
    </p>
   </div>
   <div class='ocr_carea' id='block_1_92' title="bbox 309 4680 1889 4779">
    <p class='ocr_par' dir='ltr' id='par_1_92' title="bbox 309 4680 1888 4752">
     <span class='ocr_line' id='line_1_92' title="bbox 309 4680 1888 4752; baseline 0.002 -18"><span class='ocrx_word' id='word_1_619' title='bbox 309 4680 412 4750; x_wconf 75' lang='grc' dir='ltr'>ἔφη</span> <span class='ocrx_word' id='word_1_620' title='bbox 439 4683 693 4752; x_wconf 76' lang='grc' dir='ltr'>(ἐκεῖνος)</span> <span class='ocrx_word' id='word_1_621' title='bbox 717 4698 730 4710; x_wconf 88' lang='grc'><strong>·</strong></span> <span class='ocrx_word' id='word_1_622' title='bbox 770 4700 788 4731; x_wconf 87' lang='grc'><em>‹</em></span> <span class='ocrx_word' id='word_1_623' title='bbox 821 4683 989 4734; x_wconf 68' lang='grc' dir='ltr'>Οὐδέν</span> <span class='ocrx_word' id='word_1_624' title='bbox 1026 4699 1121 4751; x_wconf 83' lang='grc' dir='ltr'>μοι</span> <span class='ocrx_word' id='word_1_625' title='bbox 1167 4680 1319 4749; x_wconf 85' lang='grc' dir='ltr'>μέλει</span> <span class='ocrx_word' id='word_1_626' title='bbox 1347 4681 1392 4712; x_wconf 70' lang='grc'>⁸³</span> <span class='ocrx_word' id='word_1_627' title='bbox 1420 4699 1434 4712; x_wconf 92' lang='grc'><strong>·</strong></span> <span class='ocrx_word' id='word_1_628' title='bbox 1472 4681 1638 4751; x_wconf 76' lang='lat'>519</span> <span class='ocrx_word' id='word_1_629' title='bbox 1663 4683 1741 4742; x_wconf 89' lang='grc' dir='ltr'>εἰς</span> <span class='ocrx_word' id='word_1_630' title='bbox 1791 4697 1888 4751; x_wconf 76' lang='grc' dir='ltr'>μο-</span> 
     </span>
    </p>
   </div>
   <div class='ocr_carea' id='block_1_93' title="bbox 1995 4680 3581 4779">
    <p class='ocr_par' dir='ltr' id='par_1_93' title="bbox 1995 4686 3581 4759">
     <span class='ocr_line' id='line_1_93' title="bbox 1995 4686 3581 4759; baseline 0.003 -19"><span class='ocrx_word' id='word_1_631' title='bbox 1995 4686 2323 4750; x_wconf 87' lang='lat' dir='ltr'><strong>dicentihus,</strong></span> <span class='ocrx_word' id='word_1_632' title='bbox 2361 4688 2452 4741; x_wconf 87' lang='lat' dir='ltr'><strong>ille</strong></span> <span class='ocrx_word' id='word_1_633' title='bbox 2489 4688 2566 4741; x_wconf 87' lang='lat' dir='ltr'>ait</span> <span class='ocrx_word' id='word_1_634' title='bbox 2600 4706 2614 4741; x_wconf 88' lang='lat'><strong>:</strong></span> <span class='ocrx_word' id='word_1_635' title='bbox 2670 4687 2856 4741; x_wconf 68' lang='lat' dir='ltr'><strong>«Nihil</strong></span> <span class='ocrx_word' id='word_1_636' title='bbox 2914 4690 2979 4742; x_wconf 87' lang='lat' dir='ltr'>ad</span> <span class='ocrx_word' id='word_1_637' title='bbox 3061 4704 3148 4744; x_wconf 78' lang='lat' dir='ltr'>me</span> <span class='ocrx_word' id='word_1_638' title='bbox 3222 4690 3454 4759; x_wconf 86' lang='lat' dir='ltr'><strong>pertinet</strong></span> <span class='ocrx_word' id='word_1_639' title='bbox 3485 4730 3500 4754; x_wconf 93' lang='lat'>,</span> <span class='ocrx_word' id='word_1_640' title='bbox 3526 4692 3581 4756; x_wconf 83' lang='lat' dir='ltr'><strong>in</strong></span> 
     </span>
    </p>
   </div>
   <div class='ocr_carea' id='block_1_94' title="bbox 307 4771 1881 4844">
    <p class='ocr_par' dir='ltr' id='par_1_94' title="bbox 307 4771 1881 4844">
     <span class='ocr_line' id='line_1_94' title="bbox 307 4771 1881 4844; baseline -0.001 -20"><span class='ocrx_word' id='word_1_641' title='bbox 307 4775 602 4844; x_wconf 74' lang='grc' dir='ltr'>ναστήριον</span> <span class='ocrx_word' id='word_1_642' title='bbox 636 4773 956 4842; x_wconf 71' lang='grc' dir='ltr'>ἅπαγὰγετέ</span> <span class='ocrx_word' id='word_1_643' title='bbox 997 4791 1064 4842; x_wconf 78' lang='grc' dir='ltr'>με</span> <span class='ocrx_word' id='word_1_644' title='bbox 1087 4789 1098 4802; x_wconf 73' lang='grc'><strong><em>⁸</em></strong></span> <span class='ocrx_word' id='word_1_645' title='bbox 1143 4792 1160 4822; x_wconf 76' lang='grc' dir='ltr'>ι</span> <span class='ocrx_word' id='word_1_646' title='bbox 1195 4774 1257 4825; x_wconf 88' lang='grc' dir='ltr'>Οἱ</span> <span class='ocrx_word' id='word_1_647' title='bbox 1287 4772 1334 4804; x_wconf 73' lang='grc' dir='ltr'>⁵ο</span> <span class='ocrx_word' id='word_1_648' title='bbox 1365 4771 1422 4824; x_wconf 84' lang='grc' dir='ltr'>δὲ</span> <span class='ocrx_word' id='word_1_649' title='bbox 1466 4773 1659 4824; x_wconf 77' lang='grc' dir='ltr'>εἴασαν</span> <span class='ocrx_word' id='word_1_650' title='bbox 1699 4772 1881 4824; x_wconf 78' lang='grc' dir='ltr'>αὐτόν.</span> 
     </span>
    </p>
   </div>
   <div class='ocr_carea' id='block_1_95' title="bbox 307 4864 1890 4936">
    <p class='ocr_par' dir='ltr' id='par_1_95' title="bbox 307 4864 1890 4936">
     <span class='ocr_line' id='line_1_95' title="bbox 307 4864 1890 4936; baseline -0.001 -18"><span class='ocrx_word' id='word_1_651' title='bbox 307 4865 540 4932; x_wconf 78' lang='grc' dir='ltr'>Λέγεται</span> <span class='ocrx_word' id='word_1_652' title='bbox 593 4867 650 4919; x_wconf 87' lang='grc' dir='ltr'>δὲ</span> <span class='ocrx_word' id='word_1_653' title='bbox 709 4867 827 4936; x_wconf 81' lang='grc' dir='ltr'>μετ’</span> <span class='ocrx_word' id='word_1_654' title='bbox 855 4866 916 4918; x_wconf 88' lang='grc' dir='ltr'>οὐ</span> <span class='ocrx_word' id='word_1_655' title='bbox 961 4865 1098 4918; x_wconf 75' lang='grc' dir='ltr'>πολὺ</span> <span class='ocrx_word' id='word_1_656' title='bbox 1150 4866 1211 4918; x_wconf 80' lang='grc' dir='ltr'>τὸ</span> <span class='ocrx_word' id='word_1_657' title='bbox 1252 4866 1450 4936; x_wconf 83' lang='grc' dir='ltr'>μνῆμα</span> <span class='ocrx_word' id='word_1_658' title='bbox 1478 4864 1766 4934; x_wconf 81' lang='grc' dir='ltr'>ἀνοιγῆναι</span> <span class='ocrx_word' id='word_1_659' title='bbox 1793 4864 1890 4916; x_wconf 65' lang='grc' dir='ltr'>καὶ</span> 
     </span>
    </p>
   </div>
   <div class='ocr_carea' id='block_1_96' title="bbox 307 4955 1886 5028">
    <p class='ocr_par' dir='ltr' id='par_1_96' title="bbox 307 4955 1886 5028">
     <span class='ocr_line' id='line_1_96' title="bbox 307 4955 1886 5028; baseline 0 -21"><span class='ocrx_word' id='word_1_660' title='bbox 307 4957 599 5028; x_wconf 82' lang='grc' dir='ltr'>εὑρεθῆναι</span> <span class='ocrx_word' id='word_1_661' title='bbox 627 4957 790 5011; x_wconf 78' lang='grc' dir='ltr'>αὑτὸν</span> <span class='ocrx_word' id='word_1_662' title='bbox 817 4957 948 5028; x_wconf 78' lang='grc' dir='ltr'>[ὑπὸ</span> <span class='ocrx_word' id='word_1_663' title='bbox 979 4957 1198 5027; x_wconf 84' lang='grc' dir='ltr'>πείνης]</span> <span class='ocrx_word' id='word_1_664' title='bbox 1227 4957 1475 5026; x_wconf 75' lang='grc' dir='ltr'>φαγόντα</span> <span class='ocrx_word' id='word_1_665' title='bbox 1523 4955 1623 5018; x_wconf 78' lang='grc' dir='ltr'>τὰς</span> <span class='ocrx_word' id='word_1_666' title='bbox 1676 4956 1886 5027; x_wconf 82' lang='grc' dir='ltr'>σάρκας</span> 
     </span>
    </p>
   </div>
   <div class='ocr_carea' id='block_1_97' title="bbox 307 5048 1778 5121">
    <p class='ocr_par' dir='ltr' id='par_1_97' title="bbox 307 5048 1778 5121">
     <span class='ocr_line' id='line_1_97' title="bbox 307 5048 1778 5121; baseline -0.001 -19"><span class='ocrx_word' id='word_1_667' title='bbox 307 5051 415 5102; x_wconf 75' lang='grc' dir='ltr'>τῶν</span> <span class='ocrx_word' id='word_1_668' title='bbox 451 5050 754 5121; x_wconf 71' lang='grc' dir='ltr'>βραχιόνων</span> <span class='ocrx_word' id='word_1_669' title='bbox 777 5051 819 5083; x_wconf 78' lang='grc'>³¹</span> <span class='ocrx_word' id='word_1_670' title='bbox 849 5052 1017 5104; x_wconf 75' lang='grc' dir='ltr'>αὑτοῦ</span> <span class='ocrx_word' id='word_1_671' title='bbox 1050 5053 1144 5104; x_wconf 77' lang='grc' dir='ltr'>καὶ</span> <span class='ocrx_word' id='word_1_672' title='bbox 1170 5051 1236 5103; x_wconf 71' lang='grc' dir='ltr'>τὰ</span> <span class='ocrx_word' id='word_1_673' title='bbox 1263 5050 1487 5117; x_wconf 54' lang='lat' dir='ltr'><strong>nam;</strong></span> <span class='ocrx_word' id='word_1_674' title='bbox 1511 5048 1547 5103; x_wconf 80' lang='grc' dir='ltr'>ἃ.</span> <span class='ocrx_word' id='word_1_675' title='bbox 1569 5048 1778 5118; x_wconf 76' lang='grc' dir='ltr'>ἐφόρει.</span> 
     </span>
    </p>
   </div>
   <div class='ocr_carea' id='block_1_98' title="bbox 1995 4777 3584 4834">
    <p class='ocr_par' dir='ltr' id='par_1_98' title="bbox 1995 4777 3584 4834">
     <span class='ocr_line' id='line_1_98' title="bbox 1995 4777 3584 4834; baseline 0.003 -5"><span class='ocrx_word' id='word_1_676' title='bbox 1995 4777 2383 4830; x_wconf 85' lang='lat' dir='ltr'><strong>monasterium</strong></span> <span class='ocrx_word' id='word_1_677' title='bbox 2453 4779 2708 4833; x_wconf 87' lang='lat' dir='ltr'><strong>abducite</strong></span> <span class='ocrx_word' id='word_1_678' title='bbox 2763 4796 2868 4832; x_wconf 86' lang='lat' dir='ltr'><strong>Ine.</strong></span> <span class='ocrx_word' id='word_1_679' title='bbox 2911 4799 2926 4829; x_wconf 77' lang='grc' dir='ltr'>ι</span> <span class='ocrx_word' id='word_1_680' title='bbox 2989 4777 3067 4832; x_wconf 86' lang='lat' dir='ltr'><strong>Illi</strong></span> <span class='ocrx_word' id='word_1_681' title='bbox 3121 4796 3250 4834; x_wconf 78' lang='lat' dir='ltr'><strong>vero</strong></span> <span class='ocrx_word' id='word_1_682' title='bbox 3279 4796 3405 4834; x_wconf 91' lang='lat' dir='ltr'>cum</span> <span class='ocrx_word' id='word_1_683' title='bbox 3459 4781 3584 4834; x_wconf 81' lang='lat' dir='ltr'><strong>reli-</strong></span> 
     </span>
    </p>
   </div>
   <div class='ocr_carea' id='block_1_99' title="bbox 1987 4868 3580 4940">
    <p class='ocr_par' dir='ltr' id='par_1_99' title="bbox 1987 4868 3580 4940">
     <span class='ocr_line' id='line_1_99' title="bbox 1987 4868 3580 4940; baseline 0.004 -20"><span class='ocrx_word' id='word_1_684' title='bbox 1987 4876 2243 4937; x_wconf 80' lang='lat' dir='ltr'><strong>querunt.</strong></span> <span class='ocrx_word' id='word_1_685' title='bbox 2308 4868 2517 4924; x_wconf 89' lang='lat' dir='ltr'><strong>Dicitur</strong></span> <span class='ocrx_word' id='word_1_686' title='bbox 2587 4883 2764 4925; x_wconf 89' lang='lat' dir='ltr'><strong>autem</strong></span> <span class='ocrx_word' id='word_1_687' title='bbox 2814 4889 2923 4926; x_wconf 83' lang='lat' dir='ltr'>non</span> <span class='ocrx_word' id='word_1_688' title='bbox 2994 4871 3164 4926; x_wconf 89' lang='lat' dir='ltr'><strong>multo</strong></span> <span class='ocrx_word' id='word_1_689' title='bbox 3223 4879 3346 4940; x_wconf 82' lang='lat' dir='ltr'><strong>post</strong></span> <span class='ocrx_word' id='word_1_690' title='bbox 3385 4888 3580 4936; x_wconf 81' lang='lat' dir='ltr'><strong>monu-</strong></span> 
     </span>
    </p>
   </div>
   <div class='ocr_carea' id='block_1_100' title="bbox 1991 4963 3579 5032">
    <p class='ocr_par' dir='ltr' id='par_1_100' title="bbox 1991 4963 3579 5032">
     <span class='ocr_line' id='line_1_100' title="bbox 1991 4963 3579 5032; baseline 0 -16"><span class='ocrx_word' id='word_1_691' title='bbox 1991 4970 2232 5016; x_wconf 86' lang='lat' dir='ltr'><strong>mentum</strong></span> <span class='ocrx_word' id='word_1_692' title='bbox 2289 4973 2537 5028; x_wconf 89' lang='lat' dir='ltr'><strong>apertum</strong></span> <span class='ocrx_word' id='word_1_693' title='bbox 2591 4977 2715 5018; x_wconf 86' lang='lat' dir='ltr'><strong>esse</strong></span> <span class='ocrx_word' id='word_1_694' title='bbox 2779 4965 3067 5032; x_wconf 86' lang='lat' dir='ltr'><strong>ipsumque</strong></span> <span class='ocrx_word' id='word_1_695' title='bbox 3118 4963 3397 5018; x_wconf 79' lang='lat' dir='ltr'><strong>inventum</strong></span> <span class='ocrx_word' id='word_1_696' title='bbox 3467 4979 3579 5032; x_wconf 68' lang='lat' dir='ltr'><strong>pra:</strong></span> 
     </span>
    </p>
   </div>
   <div class='ocr_carea' id='block_1_101' title="bbox 1991 5054 3581 5123">
    <p class='ocr_par' dir='ltr' id='par_1_101' title="bbox 1991 5054 3581 5123">
     <span class='ocr_line' id='line_1_101' title="bbox 1991 5054 3581 5123; baseline 0.004 -17"><span class='ocrx_word' id='word_1_697' title='bbox 1991 5055 2134 5108; x_wconf 79' lang='lat' dir='ltr'><strong>fame</strong></span> <span class='ocrx_word' id='word_1_698' title='bbox 2177 5054 2598 5108; x_wconf 83' lang='lat' dir='ltr'><strong>manducantem</strong></span> <span class='ocrx_word' id='word_1_699' title='bbox 2641 5056 2990 5114; x_wconf 86' lang='lat' dir='ltr'><strong>brachiorum</strong></span> <span class='ocrx_word' id='word_1_700' title='bbox 3021 5070 3246 5115; x_wconf 91' lang='lat' dir='ltr'><strong>suorum</strong></span> <span class='ocrx_word' id='word_1_701' title='bbox 3277 5071 3495 5123; x_wconf 88' lang='lat' dir='ltr'><strong>carnes,</strong></span> <span class='ocrx_word' id='word_1_702' title='bbox 3525 5066 3581 5120; x_wconf 79' lang='lat' dir='ltr'>et</span> 
     </span>
    </p>
   </div>
   <div class='ocr_carea' id='block_1_102' title="bbox 1990 5146 2663 5217">
    <p class='ocr_par' dir='ltr' id='par_1_102' title="bbox 1990 5146 2663 5217">
     <span class='ocr_line' id='line_1_102' title="bbox 1990 5146 2663 5217; baseline -0.007 -12"><span class='ocrx_word' id='word_1_703' title='bbox 1990 5146 2192 5215; x_wconf 73' lang='lat' dir='ltr'><strong>caligas</strong></span> <span class='ocrx_word' id='word_1_704' title='bbox 2221 5161 2360 5217; x_wconf 84' lang='lat' dir='ltr'><strong>quas</strong></span> <span class='ocrx_word' id='word_1_705' title='bbox 2395 5147 2663 5213; x_wconf 80' lang='lat' dir='ltr'><strong>portabat.</strong></span> 
     </span>
    </p>
   </div>
   <div class='ocr_carea' id='block_1_103' title="bbox 1511 5293 2365 5363">
    <p class='ocr_par' dir='ltr' id='par_1_103' title="bbox 1511 5293 2365 5363">
     <span class='ocr_line' id='line_1_103' title="bbox 1511 5293 2365 5363; baseline 0.006 -11"><span class='ocrx_word' id='word_1_706' title='bbox 1511 5293 1703 5355; x_wconf 71' lang='lat' dir='ltr'><strong>Variae</strong></span> <span class='ocrx_word' id='word_1_707' title='bbox 1734 5293 2042 5359; x_wconf 79' lang='lat' dir='ltr'><strong>lectiones</strong></span> <span class='ocrx_word' id='word_1_708' title='bbox 2075 5304 2136 5362; x_wconf 86' lang='lat' dir='ltr'>ct</span> <span class='ocrx_word' id='word_1_709' title='bbox 2177 5303 2365 5363; x_wconf 68' lang='lat' dir='ltr'><strong>notae.</strong></span> 
     </span>
    </p>
   </div>
   <div class='ocr_carea' id='block_1_104' title="bbox 377 5424 971 5496">
    <p class='ocr_par' dir='ltr' id='par_1_104' title="bbox 377 5424 971 5496">
     <span class='ocr_line' id='line_1_104' title="bbox 377 5424 971 5496; baseline 0 -18"><span class='ocrx_word' id='word_1_710' title='bbox 377 5428 421 5459; x_wconf 75' lang='grc'>³³</span> <span class='ocrx_word' id='word_1_711' title='bbox 454 5424 797 5496; x_wconf 80' lang='grc' dir='ltr'>ὲνεπύρησαν</span> <span class='ocrx_word' id='word_1_712' title='bbox 851 5425 971 5496; x_wconf 88' lang='lat' dir='ltr'><strong>cod.</strong></span> 
     </span>
    </p>
   </div>
   <div class='ocr_carea' id='block_1_105' title="bbox 303 5493 1294 5565">
    <p class='ocr_par' dir='ltr' id='par_1_105' title="bbox 303 5493 1294 5565">
     <span class='ocr_line' id='line_1_105' title="bbox 303 5493 1294 5565; baseline -0.004 -15"><span class='ocrx_word' id='word_1_713' title='bbox 303 5498 390 5550; x_wconf 80' lang='grc' dir='ltr'>ἀν.</span> <span class='ocrx_word' id='word_1_714' title='bbox 426 5499 520 5550; x_wconf 73' lang='grc' dir='ltr'>καὶ</span> <span class='ocrx_word' id='word_1_715' title='bbox 547 5493 724 5565; x_wconf 78' lang='grc' dir='ltr'>εὑρὼν</span> <span class='ocrx_word' id='word_1_716' title='bbox 758 5496 816 5546; x_wconf 86' lang='grc' dir='ltr'>τὸ</span> <span class='ocrx_word' id='word_1_717' title='bbox 845 5495 892 5548; x_wconf 88' lang='lat'>6.</span> <span class='ocrx_word' id='word_1_718' title='bbox 929 5495 1095 5546; x_wconf 75' lang='grc' dir='ltr'>αὐτοῦ</span> <span class='ocrx_word' id='word_1_719' title='bbox 1115 5493 1208 5565; x_wconf 74' lang='grc' dir='ltr'>τοῦ</span> <span class='ocrx_word' id='word_1_720' title='bbox 1245 5493 1294 5562; x_wconf 85' lang='grc' dir='ltr'>β.</span> 
     </span>
    </p>
   </div>
   <div class='ocr_carea' id='block_1_106' title="bbox 303 5564 1362 5636">
    <p class='ocr_par' dir='ltr' id='par_1_106' title="bbox 303 5564 1362 5636">
     <span class='ocr_line' id='line_1_106' title="bbox 303 5564 1362 5636; baseline 0 -20"><span class='ocrx_word' id='word_1_721' title='bbox 303 5564 672 5636; x_wconf 73' lang='grc' dir='ltr'>ἐμϐρόντητος</span> <span class='ocrx_word' id='word_1_722' title='bbox 728 5564 919 5636; x_wconf 85' lang='grc' dir='ltr'>γέγονε</span> <span class='ocrx_word' id='word_1_723' title='bbox 947 5565 1078 5620; x_wconf 85' lang='lat' dir='ltr'><strong>Ced.</strong></span> <span class='ocrx_word' id='word_1_724' title='bbox 1142 5564 1362 5629; x_wconf 71' lang='lat'>636,12.</span> 
     </span>
    </p>
   </div>
   <div class='ocr_carea' id='block_1_107' title="bbox 1396 5492 1834 5547">
    <p class='ocr_par' dir='ltr' id='par_1_107' title="bbox 1396 5492 1834 5547">
     <span class='ocr_line' id='line_1_107' title="bbox 1396 5492 1834 5547; baseline -0.007 0"><span class='ocrx_word' id='word_1_725' title='bbox 1396 5494 1442 5522; x_wconf 85' lang='grc'>’⁵³</span> <span class='ocrx_word' id='word_1_726' title='bbox 1469 5510 1671 5547; x_wconf 84' lang='grc' dir='ltr'>κακοπ.</span> <span class='ocrx_word' id='word_1_727' title='bbox 1702 5492 1834 5546; x_wconf 67' lang='lat' dir='ltr'><strong>(Sed.</strong></span> 
     </span>
    </p>
   </div>
   <div class='ocr_carea' id='block_1_108' title="bbox 1082 5421 1889 5548">
    <p class='ocr_par' dir='ltr' id='par_1_108' title="bbox 1082 5421 1885 5548">
     <span class='ocr_line' id='line_1_108' title="bbox 1082 5421 1885 5491; baseline -0.006 -13"><span class='ocrx_word' id='word_1_728' title='bbox 1082 5425 1127 5454; x_wconf 74' lang='lat'>“</span> <span class='ocrx_word' id='word_1_729' title='bbox 1157 5425 1288 5477; x_wconf 66' lang='lat' dir='ltr'><strong>(Sed.</strong></span> <span class='ocrx_word' id='word_1_730' title='bbox 1326 5421 1714 5480; x_wconf 59' lang='lat' dir='ltr'>655.?I-656J</span> <span class='ocrx_word' id='word_1_731' title='bbox 1753 5439 1765 5474; x_wconf 88' lang='lat'><strong>:</strong></span> <span class='ocrx_word' id='word_1_732' title='bbox 1795 5422 1885 5491; x_wconf 82' lang='grc' dir='ltr'>Τῷ</span> 
     </span>
     <span class='ocr_line' id='line_1_109' title="bbox 1082 5492 1834 5548; baseline -0.001 -3"><span class='ocrx_word' id='word_1_733' title='bbox 1082 5493 1208 5546; x_wconf 73' lang='grc' dir='ltr'>ἱτοῦ</span> <span class='ocrx_word' id='word_1_734' title='bbox 1246 5493 1294 5548; x_wconf 81' lang='grc' dir='ltr'>Β.</span> <span class='ocrx_word' id='word_1_735' title='bbox 1396 5494 1442 5522; x_wconf 85' lang='grc'>’⁵³</span> <span class='ocrx_word' id='word_1_736' title='bbox 1469 5510 1671 5547; x_wconf 85' lang='grc' dir='ltr'>κακοπ.</span> <span class='ocrx_word' id='word_1_737' title='bbox 1702 5492 1834 5546; x_wconf 76' lang='lat' dir='ltr'><strong>Ced.</strong></span> 
     </span>
    </p>
   </div>
   <div class='ocr_carea' id='block_1_109' title="bbox 1995 5421 3576 5548">
    <p class='ocr_par' dir='ltr' id='par_1_109' title="bbox 1995 5423 3576 5548">
     <span class='ocr_line' id='line_1_110' title="bbox 1995 5423 3576 5500; baseline 0.006 -26"><span class='ocrx_word' id='word_1_738' title='bbox 1995 5431 2002 5449; x_wconf 92' lang='lat'><strong><em>&#39;</em></strong></span> <span class='ocrx_word' id='word_1_739' title='bbox 2034 5423 2143 5477; x_wconf 78' lang='grc' dir='ltr'>ἔτει</span> <span class='ocrx_word' id='word_1_740' title='bbox 2172 5425 2245 5476; x_wconf 85' lang='lat' dir='ltr'>‘A.</span> <span class='ocrx_word' id='word_1_741' title='bbox 2314 5427 2361 5476; x_wconf 81' lang='grc' dir='ltr'>ὲ.</span> <span class='ocrx_word' id='word_1_742' title='bbox 2397 5428 2453 5476; x_wconf 81' lang='grc' dir='ltr'>ἐν</span> <span class='ocrx_word' id='word_1_743' title='bbox 2486 5425 2720 5496; x_wconf 69' lang='grc' dir='ltr'>ὁράματι</span> <span class='ocrx_word' id='word_1_744' title='bbox 2748 5429 2918 5499; x_wconf 77' lang='grc' dir='ltr'>ἄνδρα</span> <span class='ocrx_word' id='word_1_745' title='bbox 2941 5449 2998 5499; x_wconf 70' lang='grc' dir='ltr'>φ.</span> <span class='ocrx_word' id='word_1_746' title='bbox 3025 5430 3372 5500; x_wconf 71' lang='grc' dir='ltr'>βαστάζοντα</span> <span class='ocrx_word' id='word_1_747' title='bbox 3423 5451 3475 5486; x_wconf 89' lang='grc' dir='ltr'>κ.</span> <span class='ocrx_word' id='word_1_748' title='bbox 3517 5434 3576 5490; x_wconf 77' lang='grc' dir='ltr'>ὃν</span> 
     </span>
     <span class='ocr_line' id='line_1_111' title="bbox 2006 5493 3572 5548; baseline 0.002 -3"><span class='ocrx_word' id='word_1_749' title='bbox 2006 5495 2146 5546; x_wconf 73' lang='grc' dir='ltr'>αὐτά</span> <span class='ocrx_word' id='word_1_750' title='bbox 2216 5493 2342 5548; x_wconf 88' lang='lat' dir='ltr'><strong>add.</strong></span> <span class='ocrx_word' id='word_1_751' title='bbox 2400 5496 2532 5548; x_wconf 79' lang='lat' dir='ltr'><strong>Ced.</strong></span> <span class='ocrx_word' id='word_1_752' title='bbox 2646 5498 2691 5529; x_wconf 68' lang='grc'><strong>⁸⁷</strong></span> <span class='ocrx_word' id='word_1_753' title='bbox 2711 5499 2856 5548; x_wconf 83' lang='grc' dir='ltr'>Θείω</span> <span class='ocrx_word' id='word_1_754' title='bbox 2919 5502 3150 5548; x_wconf 60' lang='lat' dir='ltr'><strong>summa?)</strong></span> <span class='ocrx_word' id='word_1_755' title='bbox 3201 5503 3572 5548; x_wconf 69' lang='grc' dir='ltr'>κεραυνωθεὶς</span> 
     </span>
    </p>
   </div>
   <div class='ocr_carea' id='block_1_110' title="bbox 1465 5497 3574 5640">
    <p class='ocr_par' dir='ltr' id='par_1_110' title="bbox 1465 5497 3574 5640">
     <span class='ocr_line' id='line_1_112' title="bbox 1469 5497 3572 5572; baseline 0.005 -26"><span class='ocrx_word' id='word_1_756' title='bbox 1469 5510 1671 5547; x_wconf 85' lang='grc' dir='ltr'>κακοπ.</span> <span class='ocrx_word' id='word_1_757' title='bbox 1702 5497 1834 5546; x_wconf 71' lang='lat' dir='ltr'><strong>(led.</strong></span> <span class='ocrx_word' id='word_1_758' title='bbox 1931 5497 1975 5530; x_wconf 56' lang='grc' dir='ltr'>δι’</span> <span class='ocrx_word' id='word_1_759' title='bbox 2006 5497 2146 5546; x_wconf 74' lang='grc' dir='ltr'>αὑτά</span> <span class='ocrx_word' id='word_1_760' title='bbox 2216 5497 2342 5550; x_wconf 87' lang='lat' dir='ltr'><strong>add.</strong></span> <span class='ocrx_word' id='word_1_761' title='bbox 2400 5497 2532 5550; x_wconf 79' lang='lat' dir='ltr'><strong>Ced.</strong></span> <span class='ocrx_word' id='word_1_762' title='bbox 2646 5498 2691 5529; x_wconf 70' lang='grc'><strong>⁸⁷</strong></span> <span class='ocrx_word' id='word_1_763' title='bbox 2711 5497 2859 5569; x_wconf 75' lang='grc' dir='ltr'>Θείῳ</span> <span class='ocrx_word' id='word_1_764' title='bbox 2919 5497 3150 5572; x_wconf 76' lang='grc' dir='ltr'>σκηπτῷ</span> <span class='ocrx_word' id='word_1_765' title='bbox 3201 5503 3572 5571; x_wconf 69' lang='grc' dir='ltr'>κεραυνωθεὶς</span> 
     </span>
     <span class='ocr_line' id='line_1_113' title="bbox 1465 5563 3574 5640; baseline 0.003 -22"><span class='ocrx_word' id='word_1_766' title='bbox 1465 5564 1514 5595; x_wconf 70' lang='grc'>⁸⁸</span> <span class='ocrx_word' id='word_1_767' title='bbox 1549 5563 1680 5618; x_wconf 85' lang='lat' dir='ltr'><strong>Ced.</strong></span> <span class='ocrx_word' id='word_1_768' title='bbox 1720 5563 2016 5640; x_wconf 68' lang='lat' dir='ltr'>l322,l9.-‘20</span> <span class='ocrx_word' id='word_1_769' title='bbox 2051 5567 2112 5640; x_wconf 77' lang='lat' dir='ltr'>de</span> <span class='ocrx_word' id='word_1_770' title='bbox 2145 5564 2363 5640; x_wconf 76' lang='lat' dir='ltr'><strong>Zenone</strong></span> <span class='ocrx_word' id='word_1_771' title='bbox 2403 5583 2427 5640; x_wconf 84' lang='lat'>:_</span> <span class='ocrx_word' id='word_1_772' title='bbox 2559 5566 2615 5620; x_wconf 77' lang='grc' dir='ltr'>δὲ</span> <span class='ocrx_word' id='word_1_773' title='bbox 2647 5569 2707 5640; x_wconf 75' lang='grc' dir='ltr'>τὸ</span> <span class='ocrx_word' id='word_1_774' title='bbox 2742 5571 3107 5637; x_wconf 83' lang='grc' dir='ltr'>κατατεθῆναι</span> <span class='ocrx_word' id='word_1_775' title='bbox 3128 5574 3182 5624; x_wconf 82' lang='grc' dir='ltr'>ὰ.</span> <span class='ocrx_word' id='word_1_776' title='bbox 3219 5576 3278 5628; x_wconf 82' lang='grc' dir='ltr'>ὲν</span> <span class='ocrx_word' id='word_1_777' title='bbox 3307 5572 3387 5639; x_wconf 89' lang='grc' dir='ltr'>τῷ</span> <span class='ocrx_word' id='word_1_778' title='bbox 3417 5573 3574 5640; x_wconf 79' lang='grc' dir='ltr'>τάφῳ</span> 
     </span>
    </p>
   </div>
   <div class='ocr_carea' id='block_1_111' title="bbox 2646 5498 3572 5572">
    <p class='ocr_par' dir='ltr' id='par_1_111' title="bbox 2646 5498 3572 5572">
     <span class='ocr_line' id='line_1_114' title="bbox 2646 5498 3572 5572; baseline 0.006 -22"><span class='ocrx_word' id='word_1_779' title='bbox 2646 5498 2693 5572; x_wconf 80' lang='lat'>&quot;_</span> <span class='ocrx_word' id='word_1_780' title='bbox 2711 5498 2858 5569; x_wconf 81' lang='grc' dir='ltr'>Θείῳ</span> <span class='ocrx_word' id='word_1_781' title='bbox 2919 5498 3150 5572; x_wconf 73' lang='grc' dir='ltr'>σκηπτῷ</span> <span class='ocrx_word' id='word_1_782' title='bbox 3201 5503 3572 5571; x_wconf 69' lang='grc' dir='ltr'>κεραυνωθεὶς</span> 
     </span>
    </p>
   </div>
   <div class='ocr_carea' id='block_1_112' title="bbox 303 5632 3570 5710">
    <p class='ocr_par' dir='ltr' id='par_1_112' title="bbox 303 5632 3570 5710">
     <span class='ocr_line' id='line_1_115' title="bbox 303 5632 3570 5710; baseline 0.001 -22"><span class='ocrx_word' id='word_1_783' title='bbox 303 5632 513 5703; x_wconf 49' lang='grc' dir='ltr'>ἔβασαν</span> <span class='ocrx_word' id='word_1_784' title='bbox 545 5632 596 5688; x_wconf 63' lang='lat' dir='ltr'><strong>ot</strong></span> <span class='ocrx_word' id='word_1_785' title='bbox 631 5635 1095 5703; x_wconf 75' lang='grc' dir='ltr'>σωματοφύλακες</span> <span class='ocrx_word' id='word_1_786' title='bbox 1121 5636 1168 5686; x_wconf 78' lang='lat' dir='ltr'>oi</span> <span class='ocrx_word' id='word_1_787' title='bbox 1283 5632 1544 5710; x_wconf 42' lang='lat' dir='ltr'><strong>egregiam</strong></span> <span class='ocrx_word' id='word_1_788' title='bbox 1577 5635 2119 5710; x_wconf 47' lang='lat' dir='ltr'><strong>tera‘ﬂtevgtjospﬁv</strong></span> <span class='ocrx_word' id='word_1_789' title='bbox 2140 5635 2322 5710; x_wconf 65' lang='grc' dir='ltr'>φωνὴν</span> <span class='ocrx_word' id='word_1_790' title='bbox 2349 5637 2439 5710; x_wconf 52' lang='lat' dir='ltr'><strong>ea!</strong></span> <span class='ocrx_word' id='word_1_791' title='bbox 2482 5636 2574 5690; x_wconf 80' lang='grc' dir='ltr'>δύο</span> <span class='ocrx_word' id='word_1_792' title='bbox 2614 5637 2814 5710; x_wconf 76' lang='grc' dir='ltr'>νύκτας</span> <span class='ocrx_word' id='word_1_793' title='bbox 2859 5632 3204 5696; x_wconf 68' lang='grc' dir='ltr'>ἀποδίδοσθαι</span> <span class='ocrx_word' id='word_1_794' title='bbox 3227 5632 3404 5694; x_wconf 77' lang='grc' dir='ltr'>ἐκτόῦ</span> <span class='ocrx_word' id='word_1_795' title='bbox 3427 5632 3570 5710; x_wconf 59' lang='grc' dir='ltr'>μνῆζ</span> 
     </span>
    </p>
   </div>
   <div class='ocr_carea' id='block_1_113' title="bbox 307 5704 1670 5774">
    <p class='ocr_par' dir='ltr' id='par_1_113' title="bbox 307 5704 1670 5774">
     <span class='ocr_line' id='line_1_116' title="bbox 307 5704 1670 5774; baseline -0.001 -16"><span class='ocrx_word' id='word_1_796' title='bbox 307 5725 497 5774; x_wconf 75' lang='grc' dir='ltr'>ματος.</span> <span class='ocrx_word' id='word_1_797' title='bbox 536 5707 647 5758; x_wconf 83' lang='grc' dir='ltr'>Ἑλ.</span> <span class='ocrx_word' id='word_1_798' title='bbox 693 5707 772 5758; x_wconf 73' lang='grc' dir='ltr'>ελ.</span> <span class='ocrx_word' id='word_1_799' title='bbox 809 5707 903 5758; x_wconf 74' lang='grc' dir='ltr'>καὶ</span> <span class='ocrx_word' id='word_1_800' title='bbox 928 5709 1012 5758; x_wconf 77' lang='grc' dir='ltr'>ἀν.</span> <span class='ocrx_word' id='word_1_801' title='bbox 1050 5723 1158 5774; x_wconf 76' lang='grc' dir='ltr'>μοι.</span> <span class='ocrx_word' id='word_1_802' title='bbox 1240 5704 1284 5734; x_wconf 72' lang='grc'>’⁵³</span> <span class='ocrx_word' id='word_1_803' title='bbox 1323 5705 1509 5770; x_wconf 84' lang='grc' dir='ltr'>μέλλει</span> <span class='ocrx_word' id='word_1_804' title='bbox 1551 5705 1670 5758; x_wconf 83' lang='lat' dir='ltr'><strong>cod.</strong></span> 
     </span>
    </p>
   </div>
   <div class='ocr_carea' id='block_1_114' title="bbox 305 5774 1570 5848">
    <p class='ocr_par' dir='ltr' id='par_1_114' title="bbox 305 5774 1570 5848">
     <span class='ocr_line' id='line_1_117' title="bbox 305 5774 1570 5848; baseline -0.006 -15"><span class='ocrx_word' id='word_1_805' title='bbox 305 5779 390 5848; x_wconf 69' lang='grc' dir='ltr'>ἀν.</span> <span class='ocrx_word' id='word_1_806' title='bbox 425 5779 557 5834; x_wconf 77' lang='lat' dir='ltr'><strong>Ced.</strong></span> <span class='ocrx_word' id='word_1_807' title='bbox 633 5778 674 5808; x_wconf 79' lang='lat'>“</span> <span class='ocrx_word' id='word_1_808' title='bbox 712 5778 833 5838; x_wconf 63' lang='grc' dir='ltr'>τοὺς</span> <span class='ocrx_word' id='word_1_809' title='bbox 865 5777 1155 5847; x_wconf 74' lang='grc' dir='ltr'>βραχίονας</span> <span class='ocrx_word' id='word_1_810' title='bbox 1190 5777 1240 5828; x_wconf 83' lang='grc' dir='ltr'>ἁ.</span> <span class='ocrx_word' id='word_1_811' title='bbox 1281 5777 1411 5831; x_wconf 61' lang='lat' dir='ltr'><strong>(led.</strong></span> <span class='ocrx_word' id='word_1_812' title='bbox 1446 5774 1570 5844; x_wconf 44' lang='lat' dir='ltr'><strong>lico.</strong></span> 
     </span>
    </p>
   </div>
   <div class='ocr_carea' id='block_1_115' title="bbox 1782 5705 3572 5782">
    <p class='ocr_par' dir='ltr' id='par_1_115' title="bbox 1782 5705 3572 5782">
     <span class='ocr_line' id='line_1_118' title="bbox 1782 5705 3572 5782; baseline 0.004 -26"><span class='ocrx_word' id='word_1_813' title='bbox 1782 5705 1825 5734; x_wconf 77' lang='lat'>&#39;“‘</span> <span class='ocrx_word' id='word_1_814' title='bbox 1857 5705 1974 5757; x_wconf 69' lang='grc' dir='ltr'>Τιίεν</span> <span class='ocrx_word' id='word_1_815' title='bbox 2015 5705 2067 5754; x_wconf 74' lang='grc' dir='ltr'>ῑὲ</span> <span class='ocrx_word' id='word_1_816' title='bbox 2115 5707 2188 5778; x_wconf 73' lang='grc' dir='ltr'>μὴ</span> <span class='ocrx_word' id='word_1_817' title='bbox 2229 5705 2579 5775; x_wconf 66' lang='grc' dir='ltr'>ἀνοιξάντων,</span> <span class='ocrx_word' id='word_1_818' title='bbox 2643 5707 2691 5761; x_wconf 85' lang='grc' dir='ltr'>λ.</span> <span class='ocrx_word' id='word_1_819' title='bbox 2731 5727 2789 5779; x_wconf 84' lang='grc' dir='ltr'>μ.</span> <span class='ocrx_word' id='word_1_820' title='bbox 2821 5711 2938 5765; x_wconf 69' lang='grc' dir='ltr'>τινὰ</span> <span class='ocrx_word' id='word_1_821' title='bbox 2967 5713 3156 5782; x_wconf 76' lang='grc' dir='ltr'>χρόνον</span> <span class='ocrx_word' id='word_1_822' title='bbox 3196 5712 3254 5765; x_wconf 73' lang='grc' dir='ltr'>τὸ</span> <span class='ocrx_word' id='word_1_823' title='bbox 3307 5705 3572 5782; x_wconf 72' lang='grc' dir='ltr'>μνημεῖον</span> 
     </span>
    </p>
   </div>
  </div>
