4090 6436
325 458 426 524 781

1499 447 1970 510 CHBONICON.
2010 473 2077 484 -·
2119 447 2248 506 LIB
2315 447 2414 509 IV.

3484 445 3589 510 782

322 578 562 648 λογικῶν
595 577 664 648 τῇ
699 572 992 641 ταυτότητι
1034 572 1133 641 τῆς
1163 567 1348 630 οὐσίας
1380 565 1475 618 καὶ
1507 563 1788 635 ἐνεργείας
1820 564 1914 616 καὶ⁵

2018 561 2341 616 substantia:
2386 568 2439 614 et
2474 561 2728 630 euergize.
2755 560 3127 632 potentiaque,
3155 563 3221 618 ad
3259 565 3424 622 Deum
3460 566 3594 622 Ver—

321 677 390 746 τῇ
416 671 646 742 δυνάμει
681 671 747 738 τῇ
779 665 919 737 πρὸς
951 664 1086 718 Θεὸν
1122 663 1295 730 Λόγον
1325 657 1518 712 ἐνώσει
1549 673 1610 709 τε
1649 655 1744 710 καὶ
1772 652 1913 724 γνώ-

323 785 445 821 σει·
500 763 598 818 καὶ
643 762 721 824 ὡς
770 761 932 830 κόρον
981 757 1160 810 αὐτῶν
1207 752 1546 807 λαϐόντωντί
1599 750 1701 818 τῆς
1760 748 1914 811 θείας

320 857 549 926 ἀγάπης
597 854 694 908 καὶ
724 851 981 922 θεωρίας,
1014 847 1176 919 530
1203 847 1322 899 κατ’
1365 843 1660 911 ἀναλογίαν
1689 841 1788 912 τῆς
1821 839 1914 892 ἐπὶ

320 948 386 1001 τὸ
415 947 602 1016 χεῖρον
631 943 676 973 τ’
709 939 946 994 ἑκάστου
977 928 1187 1006 τροπῆς
1217 931 1534 1004 λεπτομερῆ
1567 929 1616 961 ⁷³
1643 946 1703 983 τε
1735 927 1769 998 ἦ
1801 943 1910 980 πα-

323 1039 530 1109 χύτερα
553 1032 788 1103 σώματα
825 1025 1209 1101 ἀμφιάσασθαι
1234 1025 1327 1077 καὶ
1348 1024 1592 1092 ὀνόματα
1626 1019 1915 1090 κληρώσα-

327 1131 477 1194 σθαι,
537 1123 840 1180 κάντεῦθεν
897 1121 996 1185 τὰς
1059 1119 1344 1191 οὐρανίους
1383 1119 1478 1171 καὶ
1531 1115 1914 1186 λειτουργικάς

329 1220 630 1289 ὑποστῆναι
660 1216 926 1282 δυνάμεις
949 1233 965 1248 ·
1002 1213 1142 1267 ἁλλὰ
1175 1210 1284 1282 μὴν
1324 1213 1418 1264 καὶ
1438 1210 1591 1280 ἥλιον
1622 1210 1718 1262 καὶ
1757 1207 1918 1277 σελή-

333 1336 432 1388 νην
459 1317 548 1368 καὶ
570 1314 698 1376 τοὺς
729 1311 968 1377 ἀστέρας
999 1307 1098 1362 καὶ
1116 1307 1257 1360 αὐτὰ
1281 1307 1379 1376 τῆς
1401 1306 1572 1372 αὐτῆς
1599 1303 1709 1356 τῶν
1733 1299 1914 1372 (1³58⁸)

333 1409 562 1479 λογικῶν
596 1405 786 1468 ἐνάδος
818 1404 970 1466 ὄντα,
1004 1400 1091 1474 [ἐκ
1123 1399 1246 1473 τῆς]
1280 1402 1372 1453 ἐπὶ
1403 1398 1464 1451 τδ
1504 1399 1686 1468 χεῖρον
1714 1398 1762 1432 ⁷⁸
1787 1413 1917 1467 τρο-

329 1505 438 1575 πῆς
471 1502 632 1555 τοῦτο
654 1497 942 1569 γεγονέναι
963 1496 1102 1565 ὅπερ
1131 1493 1235 1546 είσί
1256 1507 1275 1523 ο
1299 1493 1368 1545 τά
1394 1491 1454 1544 δὲ
1485 1491 1580 1542 ἐπὶ
1609 1488 1794 1542 πλεῖον
1817 1490 1918 1559 τῆς

328 1597 478 1658 θείας
539 1590 804 1665 (ἀγάπης)
838 1587 1196 1658 ἀποῲυγέντα
1250 1583 1446 1653 λογικά
1497 1582 1674 1653 ψυχὰς
1719 1583 1918 1650 ὀνομα-

326 1689 522 1759 σθῆναι
555 1687 601 1717 ’⁸
647 1684 742 1739 καὶ
785 1682 1003 1753 σώμασι
1055 1677 1388 1750 παχυτέροις
1423 1681 1535 1738 τοῖς
1590 1673 1714 1728 καθ’
1765 1672 1914 1742 ἡμᾶς

327 1777 674 1851 ἐμϐληθῆναι
699 1791 714 1806 ⁶
745 1774 814 1828 τά
851 1774 906 1827 δέ
933 1772 1027 1825 ἐπὶ
1056 1771 1117 1826 τὸ
1143 1772 1312 1841 ἀκρον
1355 1769 1458 1839 τῆς
1489 1766 1690 1829 κακίας
1719 1764 1916 1834 ἐληλα-

323 1871 459 1925 κότα
487 1868 718 1940 ψυχροῖς
764 1866 860 1918 καὶ
915 1863 1170 1933 ζοφεροῖς
1206 1859 1485 1931 ἐνδοθῆναι
1533 1857 1774 1927 σώμασι,
1816 1855 1914 1910 καὶ

2019 653 2146 704 hum
2183 653 2386 705 unione
2417 660 2470 705 et
2507 654 2814 722 cognitione
2840 672 2856 723 ;
2887 666 2942 710 et
2973 658 3221 713 satietate
3242 659 3415 716 divini
3446 677 3598 718 auro-

2017 743 2093 796 ris
2118 751 2171 796 et
2199 744 2678 814 contemplationis
2702 755 2985 816 concepta,
3019 749 3084 803 ad
3117 751 3337 806 modum
3369 767 3600 810 conver-

2014 835 2186 891 sionis
2240 836 2672 907 uniuscujusque
2722 838 2775 892 in
2831 841 3008 910 pejus,
3045 845 3228 899 tenuia
3280 847 3364 902 vel
3412 863 3597 904 crassa

2016 942 2246 997 corpora
2298 929 2566 993 induisse,
2619 939 2673 984 et
2725 932 2944 986 nomina
2997 935 3322 1005 obtinuisse,
3378 941 3603 997 exinde-

2015 1035 2124 1089 que
2155 1023 2425 1088 potentias
2453 1023 2706 1079 cmlestes
2733 1035 2782 1078 et
2820 1027 3194 1086 ministrantes
3225 1042 3414 1090 enatas
3439 1051 3597 1100 esse;

2015 1111 2273 1166 similiter
2318 1113 2490 1168 solem
2552 1125 2605 1168 et
2635 1117 2820 1171 lunam
2861 1127 2915 1172 et
2959 1122 3166 1187 stellas,
3223 1124 3338 1195 ipsa
3381 1142 3602 1199 quoque

2016 1201 2085 1256 ad
2113 1205 2525 1259 rationabilium
2560 1207 2819 1262 unitatem
2851 1211 3196 1280 pertinentia,
3251 1231 3317 1271 ex
3372 1234 3603 1276 conver-

2021 1294 2178 1348 sione
2204 1295 2257 1348 iu
2283 1297 2440 1364 pejus
2477 1311 2598 1352 esse
2625 1299 2764 1353 facta
2788 1303 2932 1370 quod
2966 1314 3117 1370 sunt;
3146 1307 3489 1366 rationabilia
3514 1328 3604 1368 au-

2020 1392 2131 1441 tem
2169 1401 2199 1441 a
2254 1389 2438 1443 divina
2467 1389 2736 1447 charitate
2765 1396 2940 1465 magis
2995 1398 3230 1454 alienata
3273 1406 3459 1459 vocari
3491 1407 3604 1461 ani-

2017 1493 2140 1534 mas
2167 1489 2222 1534 et
2249 1483 2573 1551 corporibus
2602 1485 2804 1541 nostris
2839 1491 3203 1548 crassioribus
3231 1493 3558 1552 circumdari
3587 1517 3604 1565 ;

2015 1585 2139 1639 quae
2171 1585 2304 1626 vero
2358 1573 2425 1626 ad
2483 1585 2787 1630 extremum
2844 1579 3066 1636 malitiae
3119 1585 3478 1653 devenerunt,
3507 1591 3604 1644 l‘ri-

2016 1661 2162 1733 gidis
2229 1665 2648 1737 tenebrosisque
2708 1669 3109 1727 circumvcstiri
3166 1679 3516 1746 corporibus,
3552 1691 3606 1734 et

2015 1754 2294 1811 dmmnnes
2340 1755 2458 1811 ﬁeri
2491 1767 2544 1812 et
2571 1760 2780 1826 vocari,
2822 1770 2966 1817 etex
3017 1768 3265 1836 angelico
3294 1781 3440 1826 statu
3489 1775 3604 1828 ﬁeri

2014 1853 2218 1900 statum
2267 1847 2620 1915 animarum;
2676 1861 2731 1906 et
2760 1867 2826 1906 ex
2880 1855 3189 1912 animarum
3225 1866 3608 1919 statudaemo-

324 1931 676 2032 δαίμονας-ᾖ
703 1931 1003 2027 γεγονέναι.
1025 1970 1084 2007 τε
1132 1953 1230 2008 καὶ
1261 1951 1628 2022 ὀνομασθῆναι
1650 1966 1666 1981 ο
1702 1950 1799 2002 καὶ
1830 1947 1914 2002 ὅτι

2018 1937 2239 1991 niacutn
2292 1947 2348 1992 et
2381 1941 2729 2010 humanum;
2781 1958 2946 1999 uuam
3017 1957 3200 2004 autem
3249 1964 3484 2010 mentem
3537 1975 3605 2012 ex

325 2056 384 2120 ἐξ
415 2049 720 2122 ἀγγελικῆς
767 2047 869 2120 μὲν
899 2043 1292 2104 καταστάσεως
1320 2039 1526 2111 ψυχικὴ
1558 2040 1772 2108 γίνεται
1812 2055 1915 2092 κα-

324 2146 614 2207 τάστασις,
649 2143 715 2194 ἐκ
751 2140 796 2171 ’⁷
846 2140 949 2210 τῆς
997 2135 1244 2206 ψυχικῆς
1288 2132 1656 2204 δαιμονιώδης
1697 2147 1760 2185 τε
1819 2132 1916 2185 καὶ

328 2236 646 2310 ἀνθρωπίνη
674 2251 690 2265 ·
717 2233 816 2286 ἕνα
842 2231 899 2285 δὲ
921 2231 968 2263 ⁷⁸
1003 2229 1128 2284 νοῦν
1157 2230 1222 2281 ἐκ
1257 2228 1438 2297 πάσης
1468 2227 1569 2297 τῆς
1596 2225 1784 2288 ἐνὲδος
1807 2225 1917 2279 τῶν

329 2331 562 2401 λογικῶν
598 2328 902 2398 ἀκλόνητον
941 2327 1126 2396 μεῖναι
1174 2323 1268 2376 καὶ
1314 2321 1575 2389 ἀκίνητον
1621 2320 1722 2390 τῆς
1764 2319 1916 2382 Θείας

336 2426 553 2494 ἀγάπης
594 2422 692 2477 καὶ
721 2417 981 2491 θεωρίας,
1017 2417 1092 2479 ώς
1123 2416 1219 2469 καὶ
1269 2415 1339 2486 (ό)
1370 2413 1610 2486 Χριστὸς
1660 2412 1918 2483 βασιλεὺς

341 2518 436 2571 καὶ
475 2515 775 2586 ⁸ἄνθρωπος
807 2509 1094 2581 γεγονέναι
1115 2525 1131 2540 ο
1163 2509 1259 2562 καὶ
1281 2507 1363 2561 ὅτι
1387 2504 1662 2576 παντελὴς
1686 2504 1846 2558 ἔσται
1869 2504 1916 2535 ⁷⁸

340 2607 444 2661 τῶν
473 2605 748 2676 σωμάτων
773 2603 1084 2672 ἀναίρεσις,
1118 2597 1284 2654 αὐτοῦ
1311 2597 1406 2650 τοῦ
1438 2596 1650 2668 Κυρίου
1691 2593 1915 2666 πρώτου

333 2697 730 2768 ἀποτιθεμένου
766 2695 827 2748 τὸ
855 2693 988 2747 ἴδιον
1024 2690 1186 2761 σῶμα
1216 2689 1312 2743 καὶ
1347 2687 1458 2741 τῶν
1486 2687 1694 2740 λοιπῶν
1733 2687 1916 2741 ἀπάν-

329 2809 458 2857 των,
497 2792 598 2845 καὶ
635 2791 720 2843 ὅτι
744 2783 1180 2857 ἀνακομίζονται
1209 2781 1375 2836 πάλιν
1409 2779 1656 2843 ἅπαντες
1693 2781 1776 2843 είς
1814 2779 1918 2852 τὴν

329 2884 546 2940 ἐαυτῶν
571 2884 619 2916 ⁸⁸
653 2881 818 2936 ἐνάδα
855 2881 954 2934 καὶ
1003 2878 1252 2947 γίνονται
1310 2875 1454 2941 νόες,
1515 2873 1661 2928 καθά
1705 2873 1801 2926 καὶ
1861 2874 1919 2925 ἐν

333 2979 403 3048 τῇ
426 2976 476 3008 ⁸⁸
519 2972 860 3044 προῦπάρξει
888 2969 1211 3040 ἐτύγχανον,
1254 2965 1790 3035 ἀποκαθισταμένων
1819 2965 1918 3035 δη-

336 3070 517 3124 λονότι
543 3069 639 3122 καὶ
678 3065 844 3120 αὐτοῦ
880 3063 975 3118 τοῦ
1014 3062 1266 3116 διαϐόλου
1298 3059 1396 3114 καὶ
1431 3057 1541 3111 τῶν
1571 3057 1779 3111 λοιπῶν
1803 3057 1922 3111 δαι-

335 3163 517 3233 μόνων
539 3162 621 3223 ei;
656 3159 756 3230 τὴν
807 3159 978 3228 αὐτὴν
1039 3156 1205 3210 ἐνάδα
1263 3155 1361 3209 καὶ
1411 3155 1523 3208 τῶν
1570 3155 1788 3209 ἀσεϐῶν
1822 3150 1922 3205 καὶ

332 3255 512 3308 ἀθέων
541 3252 852 3323 ἀνθρώπων
915 3248 1058 3320 μετά
1095 3249 1209 3302 τῶν
1267 3247 1429 3302 θείων
1493 3250 1582 3302 καὶ
1642 3247 1921 3320 θεοφόρων

333 3345 548 3416 ἀνδρῶν
589 3344 684 3399 καὶ
718 3344 828 3396 τῶν
864 3341 1137 3412 οὐρανίων
1177 3341 1466 3412 δυνάμεων
1495 3341 1594 3394 καὶ
1618 3339 1716 3412 τὴν
1749 3341 1922 3413 αὐτὴν

332 3439 568 3506 δεόντων
630 3437 830 3490 ’ἕνωσιν
877 3437 1015 3508 πρὸς
1046 3436 1140 3489 τὸν
1169 3434 1307 3489 Θεὸν
1343 3436 1540 3490 ὁποίαν
1578 3435 1695 3505 ἔχει
1748 3435 1846 3489 καὶ
1892 3437 1922 3488 ό

339 3533 599 3602 Χριστὶς,
636 3529 824 3594 καθὼς
857 3530 950 3583 καὶ
985 3529 1370 3600 προϋπῆρχον,
1418 3529 1495 3591 ὡς
1525 3529 1800 3598 μηδεμίαν
1841 3524 1922 3582 εῖ-

334 3641 422 3678 ναι
452 3624 723 3693 διαιροράν
747 3621 828 3692 τῷ
853 3621 1078 3694 Χριστῷ
1107 3621 1246 3693 πρὸς
1275 3622 1346 3676 τὰ
1373 3621 1537 3674 λοιπά
1557 3621 1752 3688 λογικά
1781 3637 1923 3676 παν-

335 3717 528 3780 τελῶς,
569 3715 697 3769 οὐτε
732 3717 799 3786 τῇ
835 3715 1016 3786 οὐσίᾳ,
1049 3712 1176 3768 οὔτε
1211 3716 1277 3785 τῇ
1307 3712 1532 3784 γνώσει,
1574 3711 1700 3765 οὔτε
1732 3715 1798 3784 τῇ
1828 3713 1922 3766 δυο

339 3811 520 3878 νάμιι.
547 3805 676 3862 οὕτε
721 3809 790 3876 τῇ
853 3805 1122 3878 ἐνεργείᾳ.
1167 3807 1227 3859 ’0
1247 3807 1358 3876 γάρ
1383 3805 1428 3836 ⁸²
1462 3804 1787 3874 Πυθαγόρας
1822 3805 1924 3874 ἀρ-

345 3900 444 3969 χὴν
470 3898 516 3930 ⁸⁸
546 3898 656 3952 τῶν
717 3899 939 3952 πάντων
977 3897 1182 3967 ἔφησεν
1237 3893 1512 3968 εἶναιτὴν
1550 3895 1778 3966 μονάδα,
1827 3896 1923 3949 καὶ

343 3991 504 4045 πάλιν
560 3990 887 4062 Πυθαγόρας
935 3990 1032 4044 καὶ
1080 3991 1309 4044 Πλάτων
1338 3989 1510 4059 δῆμόν
1558 4004 1680 4040 τινα
1731 3987 1923 4059 ψυχῶν

335 4085 645 4154 ἀσωμάτων
679 4084 930 4148 εἰπόντες
969 4084 1064 4136 καὶ
1083 4082 1184 4146 τὰς
1214 4081 1489 4152 ἁμαρτάδι
1524 4079 1572 4111 ⁸⁸
1599 4079 1710 4134 τινὶ
1757 4097 1922 4150 περιρ

336 4176 613 4239 πεσούσας
634 4177 907 4247 τιμωρίας
935 4175 1101 4246 χάριν
1147 4174 1230 4236 είς
1279 4173 1513 4244 σώματα
1557 4172 1922 4242 καταπέμπεκ

335 4269 462 4323 σθαι
501 4268 776 4336 λέγουσιν,
806 4268 930 4322 ὅθεν
956 4269 985 4321 δ
1021 4266 1248 4320 Πλάτων
1277 4267 1326 4300 ⁸⁵
1353 4265 1528 4335 δέμας
1547 4265 1610 4318 τὸ
1642 4263 1804 4335 σῶμα
1826 4266 1923 4318 καὶ

334 4361 492 4432 σῆμα
509 4361 559 4393 ⁸⁸
583 4362 869 4426 ἐκάλεσεν,
903 4359 980 4424 ὡς
1009 4361 1069 4413 ἐν
1099 4359 1276 4430 τούτῳ
1296 4360 1397 4430 τῆς
1420 4357 1604 4430 ψυχῆς
1627 4357 1922 4430 δεδεμένης

335 4459 432 4508 καὶ
489 4453 885 4524 τεθαμμένηςο
944 4452 1138 4524 (σῆμα
1199 4451 1310 4523 γὰρ
1366 4451 1433 4505 τὸ
1491 4451 1730 4523 μνῆμα).
1790 4447 1924 4505 Εἶτα

527 4547 658 4617 περὶ
683 4547 782 4613 τῆς
815 4546 1084 4615 ἐσομένης
1113 4544 1352 4616 κρίσεως
1377 4545 1476 4598 καὶ
1505 4546 1922 4604 ἀνταποδόσεως

2018 2038 2130 2085 tota
2153 2031 2564 2088 rationabilium
2594 2037 2800 2091 unitate
2831 2040 3104 2097 mansisse
3125 2043 3521 2105 immutabilem
3544 2069 3608 2107 ac:

2017 2123 2302 2179 immotam
2323 2125 2376 2180 in
2396 2127 2580 2182 divina
2598 2128 2864 2185 charitate
2884 2141 2937 2187 et
2952 2138 3432 2208 contemplatione,
3453 2153 3511 2198 et
3533 2146 3606 2198 ita

2017 2217 2295 2274 Christum
2313 2235 2494 2290 regem
2512 2231 2567 2276 et
2585 2224 2859 2280 hominem
2880 2225 3079 2282 factum
3096 2246 3254 2296 esse;
3287 2245 3336 2288 et
3358 2238 3604 2292 omnium

2023 2310 2288 2383 integram
2314 2329 2436 2369 esse
2459 2314 2696 2372 futuram
2715 2333 3009 2388 corporum
3030 2323 3457 2384 destructionem
3478 2345 3604 2384 cum

2020 2407 2285 2463 Dominus
2313 2408 2426 2479 ipse
2451 2409 2663 2480 primus
2685 2413 2962 2482 proprium
2995 2428 3196 2486 corpus
3220 2419 3531 2488 deposuerit
3556 2439 3606 2479 et

2022 2509 2344 2557 cmterorum
2368 2513 2714 2570 cunctorum;
2748 2514 2804 2561 et
2831 2521 3024 2563 omnes
3055 2510 3326 2567 Γθιίίιιιτοδ
3354 2513 3421 2568 ad
3451 2532 3606 2571 suam

2021 2596 2284 2650 unitatem
2335 2611 2668 2668 rursumque
2719 2609 2930 2655 mentes
2962 2600 3104 2669 fore,
3150 2605 3304 2673 juxta
3359 2611 3504 2678 quod
3552 2612 3608 2667 in

2021 2689 2197 2758 prima
2231 2691 2551 2746 exsistentia
2583 2702 2762 2762 erant,
2782 2696 3141 2754 redeuntibus
3163 2715 3384 2771 quoque
3417 2707 3609 2772 procul

2022 2779 2192 2835 dubio
2228 2782 2348 2852 ipso
2397 2783 2620 2838 diabolo
2667 2793 2719 2839 et
2750 2786 2965 2841 (ueteris
2999 2786 3343 2846 daemonibus
3373 2792 3429 2846 in
3456 2809 3610 2847 eaut-

2022 2871 2145 2927 dem
2181 2874 2469 2940 unitatem,
2528 2891 2743 2931 necnon
2792 2878 2977 2948 impiis
3006 2891 3062 2934 et
3091 2883 3266 2937 atheis
3298 2883 3614 2942 hominibus

2022 2979 2152 3019 cum
2176 2965 2316 3020 diris
2347 2974 2398 3021 et
2428 2965 2648 3022 deifcris
2681 2969 2808 3022 viris
2836 2970 3262 3043 caelestibusque
3292 2977 3611 3044 virtutibus,

2021 3058 2384 3128 eamdemque
2404 3060 2676 3116 habituris
2703 3062 2962 3116 unionem
2989 3065 3054 3118 ad
3086 3065 3250 3120 Deum
3275 3071 3494 3137 qualem
3520 3074 3616 3127 ha-

2025 3149 2405 3218 betChristus,
2435 3162 2494 3208 ut
2525 3155 2984 3223 prmt-rstiteront.
3018 3157 3090 3211 ita
3118 3169 3176 3214 ut
3202 3162 3352 3216 nulla
3385 3178 3615 3232 prorsus

2027 3244 2243 3301 intersit
2265 3246 2571 3300 dill‘erentia
2604 3249 2743 3302 inter
2765 3247 3043 3305 Christum
3068 3261 3122 3306 et
3151 3265 3346 3309 caetera
3382 3258 3617 3313 rationa-

2026 3341 2178 3408 bilia,
2205 3355 2384 3411 neque
2413 3341 2741 3406 substantia,
2766 3356 2941 3412 neque
2967 3344 3215 3410 scientia,
3237 3362 3412 3418 neque
3433 3361 3618 3419 poten-

2029 3434 2124 3500 tia,
2140 3448 2317 3504 neque
2334 3434 2555 3489 virtute.
2571 3433 2818 3504 Namque
2841 3434 3176 3506 Pythagoras
3195 3439 3262 3493 ait
3287 3443 3614 3512 principium

2025 3522 2278 3577 omnium
2337 3536 2459 3578 esse
2506 3525 2795 3578 monadem
2829 3565 2844 3589 ,
2897 3543 3230 3598 rursumque
3286 3529 3620 3604 Pythagoras

2026 3621 2081 3668 et
2136 3612 2294 3669 Plato
2345 3629 2519 3683 genus
2554 3615 2830 3684 quoddam
2862 3619 3173 3675 animarum
3232 3623 3440 3694 absque
3491 3641 3616 3681 cor~

2027 3709 2251 3778 poribus
2289 3709 2646 3770 aﬂlrmautcs.
2674 3722 2768 3765 eas
2799 3712 3035 3777 quadam
3065 3715 3223 3783 culpa
3251 3718 3429 3788 lapsas
3459 3722 3618 3788 puni-

2027 3801 2190 3856 tionis
2218 3815 2388 3857 causa
2417 3801 2609 3856 dicunt
2649 3802 2704 3856 in
2741 3819 2973 3872 corpora
3001 3805 3212 3860 demitti
3240 3825 3255 3872 ;
3289 3810 3432 3863 unde
3469 3811 3505 3862 Ρ
3528 3823 3620 3866 ato

2027 3912 2230 3965 corpus
2259 3896 2535 3950 vinculqu
2562 3897 2992 3966 sepulcrumque
3015 3902 3249 3961 vocavit,
3268 3913 3527 3972 tauquam
3562 3905 3616 3958 in

2027 3993 2122 4047 illo
2174 3991 2546 4046 deviuciretur
2566 4001 2623 4045 et
2652 3989 3020 4044 tumularetur
3047 3991 3225 4047 anima
3255 3993 3614 4064 (Sepulcrum

2025 4082 2172 4140 enim
2206 4090 2620 4137 monumentum
2642 4084 2770 4152 est).
2799 4079 3002 4135 Deinde
3025 4082 3172 4137 circa
3201 4084 3442 4139 futurum
3469 4085 3610 4156 ιιιάί-

2025 4177 2174 4233 cium
2230 4186 2286 4231 et
2328 4176 2823 4231 remunerationem
2877 4174 3188 4230 animarum
3240 4192 3434 4232 rursus
3482 4180 3558 4232 ait
3598 4200 3610 4233 :

2032 4289 2051 4323 ι
2082 4273 2276 4326 Anima
2332 4269 2451 4338 ejus
2503 4266 2594 4338 qui
2651 4267 2948 4337 pmdernsta
2996 4267 3130 4322 vixit
3186 4277 3242 4323 et
3293 4270 3434 4326 male
3489 4287 3615 4326 cum

2025 4362 2372 4435 philosophia
2421 4375 2480 4416 se
2506 4361 2675 4431 gessit
2703 4379 2722 4412 ι
2766 4389 2832 4399 -
2870 4379 2887 4410 ε
2930 4360 3092 4414 tertio
3143 4360 3292 4416 mille
3343 4376 3614 4417 annorum

2026 4456 2235 4512 circulo
2266 4473 2286 4507 ι
2323 4454 2654 4524 relinquitur
2677 4454 2969 4524 punienda,
2995 4461 3049 4506 et
3089 4471 3108 4504 ι
3149 4455 3219 4508 ita
3247 4454 3353 4510 aiis
3387 4456 3615 4526 praedita

2028 4547 2320 4602 millesimo
2337 4559 2482 4600 anno
2498 4545 2790 4599 dimittitur
2815 4551 2863 4598 et
2885 4545 3318 4614 egreditrrr.Alim
3335 4560 3465 4601 vero
3491 4562 3616 4603 cum

333 4641 446 4694 τῶν
471 4639 664 4709 ψυχῶν
695 4635 856 4703 αὖθίς
901 4655 1070 4710 φησιν
1091 4655 1105 4669 ·
1150 4655 1172 4691 t
1220 4639 1284 4691 Ἡ
1318 4638 1418 4710 μὲν
1446 4639 1493 4670 ⁸⁷
1543 4638 1919 4710 παιδεραστή-

2028 4641 2170 4696 hanc
2221 4642 2387 4694 vitam
2446 4641 2708 4705 ﬁnierint,
2765 4639 2884 4695 istae
2943 4641 3164 4712 quidem
3217 4642 3285 4696 ad
3325 4640 3618 4697 tribunalia

332 4750 532 4798 σαντος
609 4735 706 4787 καὶ
755 4734 946 4797 κακῶς
999 4733 1301 4804 βιώσαντος
1377 4732 1518 4802 μετά
1592 4732 1916 4801 ιριλοσοςρίας

331 4823 480 4895 ψυχὴ
516 4843 643 4876 ι-ι
669 4825 829 4896 τρίτῃ
855 4825 1094 4896 περιόδῳ
1124 4826 1190 4896 τῇ
1226 4824 1454 4894 χιλιετεί
1498 4841 1518 4874 ι
1552 4823 1712 4877 ἐᾶται
1760 4821 1925 4876 κολα-

332 4916 526 4970 σθείσα
541 4919 590 4952 ⁸⁸
622 4920 714 4972 καὶ
750 4938 768 4970 t
797 4918 943 4972 οὕτω
971 4918 1313 4989 πτερωθεῖσα
1341 4916 1421 4987 τῷ
1449 4916 1704 4987 χιλιοστῷ
1734 4915 1782 4951 ⁸³
1809 4917 1922 4970 ἔτει

333 5008 687 5079 (ἐκϐάλλεται
733 5009 850 5080 καὶ)
891 5009 1195 5078 ἀπέρχεται
1225 5021 1238 5036 ·
1281 5008 1340 5061 αἱ
1366 5007 1425 5060 δὲ
1453 5007 1614 5062 ἄλλαι
1639 5008 1848 5063 ὁπόταν
1873 5010 1920 5041 ⁹⁰

328 5100 483 5153 τόνδε
525 5101 617 5155 τὸν
657 5101 774 5169 βίον
806 5102 1123 5165 τελέσωσιν,
1165 5120 1185 5153 ι
1219 5134 1290 5143 --
1328 5119 1347 5153 t
1385 5101 1442 5155 αἱ
1484 5103 1585 5170 μὲν
1615 5101 1785 5164 εἰςτά
1815 5101 1922 5155 ὑπὸ

331 5195 430 5264 τῆς
461 5194 563 5264 γῆς
583 5196 624 5227 ⁹¹
650 5195 1017 5260 δικαιωτήοια
1038 5195 1293 5250 ἐλθοῦσαι
1313 5194 1472 5264 δίκην
1493 5193 1610 5262 ἅμα
1644 5196 1738 5248 καὶ
1761 5194 1920 5264 λόγον

2027 4733 2385 4786 subterranea
2431 4734 2712 4788 venientes
2763 4748 2981 4801 pwnam
3017 4733 3180 4788 simul
3232 4742 3290 4788 et
3343 4733 3616 4788 rationem

2034 4826 2312 4881 reddent:
2369 4826 2475 4881 illa:
2541 4835 2723 4881 autem
2792 4827 2860 4881 ad
2937 4826 3137 4880 ctelum
3194 4827 3382 4895 aliquo
3452 4825 3618 4880 modo

2031 4919 2326 4972 evolabuut
2378 4927 2432 4972 et
2475 4918 2580 4972 sub
2606 4918 2818 4988 jusdtla
2874 4927 3035 4985 agent
3096 4917 3240 4972 sicut
3281 4918 3554 4972 vixerunt.
3592 4935 3612 4969 ι

2030 5008 2201 5079 Cujus
2249 5007 2606 5064 temeritatem
2663 5009 2934 5064 sermonis
2971 5007 3128 5062 facile
3158 5009 3453 5078 concipies.
3485 5008 3620 5076 Quis

2029 5107 2175 5158 enim
2230 5117 2351 5156 eum
2415 5101 2602 5156 docuit
2677 5115 2949 5154 annorum
3026 5098 3280 5170 periodos
3333 5100 3620 5156 etchilia-

2030 5192 2176 5247 des?
2210 5198 2264 5246 et
2315 5191 2461 5259 quod
2513 5191 2662 5245 tuille
2713 5191 2871 5244 annis
2934 5190 3134 5260 elapsis
3198 5192 3380 5247 omnis
3437 5194 3620 5249 anima

1547 5401 1749 5463 Variae
1783 5400 2092 5462 lectiones
2124 5405 2188 5462 et
2229 5406 2420 5461 notae.

403 5560 451 5591 "
472 5558 860 5629 λαμϐανόντων
883 5558 1016 5614 Ced.
1090 5563 1136 5594 ⁷³
1169 5560 1262 5613 ἐπὶ
1298 5559 1358 5612 τὸ
1381 5578 1434 5629 χ.
1463 5558 1576 5629 τῆς
1595 5557 1718 5613 cod.
1788 5556 1835 5588 ⁴¹³
1859 5554 2398 5629 λε-πτομερέστεραᾎῇ

1557 5628 1601 5660 το
1639 5629 1690 5684 δ.
1719 5628 1770 5683 ό.
1799 5627 1926 5695 γενό

2018 5622 2069 5679 ia
2092 5622 2223 5681 (Sed.
2264 5622 2307 5658 ⁷⁷
2333 5622 2542 5695 δέθάὰ.
2575 5625 2706 5695 (Sed.
2786 5625 2831 5656 "
2870 5622 3185 5693 μόνον’δάά.
3209 5623 3343 5678 Ced.
3417 5622 3619 5695 "_id"tt

332 5635 392 5688 δὲ
421 5634 513 5684 ἐπὶ
546 5633 606 5684 τὸ
632 5633 806 5700 ἀκρον
837 5632 1057 5700 χύτροις
1090 5632 1212 5700 god.
1238 5646 1304 5683 ex
1323 5645 1478 5700 seqq.

2434 5554 2528 5627 καὶ
2557 5573 2616 5627 π,
2653 5553 2786 5627 (led.
2819 5625 2824 5627 _
2868 5553 3002 5627 "frit
3019 5554 3188 5627 χείρω
3221 5553 3355 5627 Qad.
3417 5551 3527 5627 _’_'6_.
3551 5551 3620 5604 τά

333 5705 466 5760 Ced.
520 5702 568 5735 “
591 5691 767 5776 αὐτῄν
786 5691 922 5776 βόιι.
943 5691 1047 5776 ’ξί
1147 5691 1504 5776 φθόρε-βω,
1579 5699 1742 5776 ἰ’-τοι
1771 5691 1926 5776 adtle

2018 5697 2064 5776 J;
2209 5691 2893 5776 [ἐιρκὴνῖ-Πγθειτάροξξιὲι
2927 5695 3052 5776 co}!-
3086 5711 3153 5776 εξ
3196 5691 3619 5776 "memisse

333 5775 622 5828 omissum.
699 5762 744 5803 ⁸³⁸
773 5772 1030 5842 ἁμαρτίδι
1058 5762 1181 5827 cod.
1258 5772 1303 5802 ⁸⁵
1341 5771 1596 5826 Pliteduu.
1619 5769 1763 5842 εξρ.

334 5846 430 5898 τοῦ
458 5844 924 5965 φιλοτοοᾷθὲσαντος
945 5844 1148 5905 ἀδόλως
1179 5842 1208 5912 ἣ
1247 5860 1306 5894 π.

339 5919 431 5965 τὸν
457 5918 677 5965 ποιῖιτον
750 5957 761 5965 .
825 5914 1194 5965 τελευτήσωσι
1253 5912 1306 5965 l'l

339 5919 431 5969 τὸν
457 5918 677 5989 πρῶτον

1806 5785 1858 5837 p.
1883 5767 1953 5820 8‘2
1985 5767 2066 5820 IS?
2091 5767 2164 5830 ώς
2196 5761 2374 5818 ο’ίο’νει’
2389 5767 2490 5837 τῆς
2604 5761 2667 5818 ἐν
2691 5761 2744 5819 τ’.
2769 5761 2902 5820 ceu.
2928 5834 2940 5837 _
2980 5766 3029 5798 ⁸⁸
3055 5763 3390 5837 σχῆμαςοά.

3465 5761 3511 5794 I1
3549 5762 3617 5815 Ἠ

1345 5843 1484 5910 μετά
1543 5859 1600 5908 φ.
1654 5832 1835 5910 Phaed.-
1855 5853 1920 5893 us

2018 5839 2070 5892 ιι)
2110 5840 2172 5890 Α.
2194 5908 2215 5910 ῃ
2251 5837 2298 5910 ’ξ
2333 5832 2667 5905 κολασθῆναι
2713 5837 2844 5892 (ἱρά.
2923 5834 2968 5870 ⁸⁹
2990 5832 3120 5904 τρὶς
3255 5833 3335 5887 Pl.
3413 5832 3459 5864 '°
3487 5833 3619 5887 ὅταν

750 5957 761 5967 .
825 5908 1208 5983 τελευτήσωσι
1253 5908 1353 5966 ΙἸ(
1403 5913 1446 5942 ³⁸
1485 5913 1588 5965 ὑπὸ
1621 5911 1723 5980 γῆς
1764 5909 1840 5963 Pl.
1888 5911 1993 5961 ὑπὸ
2032 5911 2135 5979 γῆν
2180 5908 2314 5962 Ced.

3643 533 3650 574 l
