  <div class='ocr_page' id='page_1' title='image "/cluster/home/n/w/nwhite01/storage/ocr_20150623/110/coo.31924054870146/401.png"; bbox 0 0 4090 6404; ppageno 0'>
   <div class='ocr_carea' id='block_1_1' title="bbox 477 351 579 410">
    <p class='ocr_par' dir='ltr' id='par_1_1' title="bbox 477 351 579 410">
     <span class='ocr_line' id='line_1_1' title="bbox 477 351 579 410; baseline 0 -2"><span class='ocrx_word' id='word_1_1' title='bbox 477 351 579 410; x_wconf 69' lang='grc' dir='ltr'>’ῖίιΊ</span> 
     </span>
    </p>
   </div>
   <div class='ocr_carea' id='block_1_2' title="bbox 1681 347 2503 411">
    <p class='ocr_par' dir='ltr' id='par_1_2' title="bbox 1681 347 2503 411">
     <span class='ocr_line' id='line_1_2' title="bbox 1681 347 2503 411; baseline 0.001 -3"><span class='ocrx_word' id='word_1_2' title='bbox 1681 349 2004 408; x_wconf 73' lang='lat' dir='ltr'><strong>GEORGlI</strong></span> <span class='ocrx_word' id='word_1_3' title='bbox 2049 347 2503 411; x_wconf 75' lang='lat' dir='ltr'><strong>HAMARTOLI</strong></span> 
     </span>
    </p>
   </div>
   <div class='ocr_carea' id='block_1_3' title="bbox 3641 349 3748 410">
    <p class='ocr_par' dir='ltr' id='par_1_3' title="bbox 3641 349 3748 410">
     <span class='ocr_line' id='line_1_3' title="bbox 3641 349 3748 410; baseline 0 0"><span class='ocrx_word' id='word_1_4' title='bbox 3641 349 3748 410; x_wconf 75' lang='lat'><strong>788</strong></span> 
     </span>
    </p>
   </div>
   <div class='ocr_carea' id='block_1_4' title="bbox 473 465 2048 540">
    <p class='ocr_par' dir='ltr' id='par_1_4' title="bbox 473 465 2048 540">
     <span class='ocr_line' id='line_1_4' title="bbox 473 465 2048 540; baseline -0.002 -15"><span class='ocrx_word' id='word_1_5' title='bbox 473 487 503 525; x_wconf 68' lang='grc' dir='ltr'><strong>ο</strong></span> <span class='ocrx_word' id='word_1_6' title='bbox 530 468 772 540; x_wconf 77' lang='lat' dir='ltr'><strong>peccatis</strong></span> <span class='ocrx_word' id='word_1_7' title='bbox 795 483 1004 523; x_wconf 87' lang='lat' dir='ltr'><strong>eorum.</strong></span> <span class='ocrx_word' id='word_1_8' title='bbox 1024 487 1041 518; x_wconf 79' lang='grc' dir='ltr'><strong>ι</strong></span> <span class='ocrx_word' id='word_1_9' title='bbox 1064 465 1200 522; x_wconf 89' lang='lat' dir='ltr'><strong>Cum</strong></span> <span class='ocrx_word' id='word_1_10' title='bbox 1235 467 1399 537; x_wconf 71' lang='lat' dir='ltr'><strong>igitur</strong></span> <span class='ocrx_word' id='word_1_11' title='bbox 1422 467 1660 522; x_wconf 83' lang='lat' dir='ltr'><strong>dicimus</strong></span> <span class='ocrx_word' id='word_1_12' title='bbox 1682 482 1712 522; x_wconf 86' lang='lat' dir='ltr'><strong>e</strong></span> <span class='ocrx_word' id='word_1_13' title='bbox 1737 465 2048 532; x_wconf 68' lang='lat' dir='ltr'><strong>ceelofdesu-</strong></span> 
     </span>
    </p>
   </div>
   <div class='ocr_carea' id='block_1_5' title="bbox 2152 465 3750 540">
    <p class='ocr_par' dir='ltr' id='par_1_5' title="bbox 2159 465 3750 540">
     <span class='ocr_line' id='line_1_5' title="bbox 2159 465 3750 540; baseline -0.001 -18"><span class='ocrx_word' id='word_1_14' title='bbox 2159 470 2330 540; x_wconf 75' lang='grc' dir='ltr'>ὄνομα</span> <span class='ocrx_word' id='word_1_15' title='bbox 2389 469 2556 524; x_wconf 81' lang='grc' dir='ltr'>αὑτοῦ</span> <span class='ocrx_word' id='word_1_16' title='bbox 2608 467 2994 540; x_wconf 73' lang='grc' dir='ltr'>[Ἐμμανουήλ</span> <span class='ocrx_word' id='word_1_17' title='bbox 3072 467 3102 520; x_wconf 84' lang='lat'><strong>6</strong></span> <span class='ocrx_word' id='word_1_18' title='bbox 3159 469 3276 520; x_wconf 70' lang='grc' dir='ltr'>ἐστι</span> <span class='ocrx_word' id='word_1_19' title='bbox 3352 465 3474 536; x_wconf 83' lang='grc' dir='ltr'><strong>μεθ’</strong></span> <span class='ocrx_word' id='word_1_20' title='bbox 3525 465 3750 537; x_wconf 79' lang='grc' dir='ltr'>ἠμῶνὸ</span> 
     </span>
    </p>
   </div>
   <div class='ocr_carea' id='block_1_6' title="bbox 477 557 2054 629">
    <p class='ocr_par' dir='ltr' id='par_1_6' title="bbox 477 557 2054 629">
     <span class='ocr_line' id='line_1_6' title="bbox 477 557 2054 629; baseline -0.001 -16"><span class='ocrx_word' id='word_1_21' title='bbox 477 579 571 629; x_wconf 84' lang='lat' dir='ltr'><strong>per</strong></span> <span class='ocrx_word' id='word_1_22' title='bbox 591 559 942 616; x_wconf 88' lang='lat' dir='ltr'><strong>descendisse</strong></span> <span class='ocrx_word' id='word_1_23' title='bbox 963 558 1254 613; x_wconf 88' lang='lat' dir='ltr'><strong>Dominum</strong></span> <span class='ocrx_word' id='word_1_24' title='bbox 1281 569 1527 614; x_wconf 87' lang='lat' dir='ltr'><strong>nostrum</strong></span> <span class='ocrx_word' id='word_1_25' title='bbox 1549 557 1734 614; x_wconf 82' lang='lat' dir='ltr'><strong>Jesum</strong></span> <span class='ocrx_word' id='word_1_26' title='bbox 1751 558 2054 623; x_wconf 78' lang='lat' dir='ltr'><strong>Christum,</strong></span> 
     </span>
    </p>
   </div>
   <div class='ocr_carea' id='block_1_7' title="bbox 476 647 2057 719">
    <p class='ocr_par' dir='ltr' id='par_1_7' title="bbox 476 647 2057 719">
     <span class='ocr_line' id='line_1_7' title="bbox 476 647 2057 719; baseline -0.001 -15"><span class='ocrx_word' id='word_1_27' title='bbox 476 666 606 715; x_wconf 89' lang='lat' dir='ltr'><strong>non,</strong></span> <span class='ocrx_word' id='word_1_28' title='bbox 647 649 801 719; x_wconf 89' lang='lat' dir='ltr'><strong>quasi</strong></span> <span class='ocrx_word' id='word_1_29' title='bbox 859 649 1094 718; x_wconf 77' lang='lat' dir='ltr'><strong>desuper</strong></span> <span class='ocrx_word' id='word_1_30' title='bbox 1125 665 1155 703; x_wconf 91' lang='lat' dir='ltr'><strong>e</strong></span> <span class='ocrx_word' id='word_1_31' title='bbox 1189 648 1328 703; x_wconf 71' lang='lat' dir='ltr'><strong>coelo</strong></span> <span class='ocrx_word' id='word_1_32' title='bbox 1358 648 1534 702; x_wconf 86' lang='lat' dir='ltr'><strong>delata</strong></span> <span class='ocrx_word' id='word_1_33' title='bbox 1563 647 1633 702; x_wconf 90' lang='lat' dir='ltr'><strong>sit</strong></span> <span class='ocrx_word' id='word_1_34' title='bbox 1660 655 1849 703; x_wconf 86' lang='lat' dir='ltr'><strong>sancta</strong></span> <span class='ocrx_word' id='word_1_35' title='bbox 1884 648 2057 716; x_wconf 90' lang='lat' dir='ltr'><strong>ipsius</strong></span> 
     </span>
    </p>
   </div>
   <div class='ocr_carea' id='block_1_8' title="bbox 472 741 2057 811">
    <p class='ocr_par' dir='ltr' id='par_1_8' title="bbox 472 741 2057 811">
     <span class='ocr_line' id='line_1_8' title="bbox 472 741 2057 811; baseline 0.001 -16"><span class='ocrx_word' id='word_1_36' title='bbox 472 756 623 806; x_wconf 83' lang='lat' dir='ltr'><strong>caro,</strong></span> <span class='ocrx_word' id='word_1_37' title='bbox 643 742 753 795; x_wconf 66' lang='lat' dir='ltr'><strong>haec</strong></span> <span class='ocrx_word' id='word_1_38' title='bbox 771 741 1026 805; x_wconf 82' lang='lat' dir='ltr'><strong>dicimus,</strong></span> <span class='ocrx_word' id='word_1_39' title='bbox 1049 741 1141 796; x_wconf 90' lang='lat' dir='ltr'><strong>sed</strong></span> <span class='ocrx_word' id='word_1_40' title='bbox 1162 741 1316 811; x_wconf 83' lang='lat' dir='ltr'><strong>quasi</strong></span> <span class='ocrx_word' id='word_1_41' title='bbox 1336 752 1626 811; x_wconf 87' lang='lat' dir='ltr'><strong>sequentes</strong></span> <span class='ocrx_word' id='word_1_42' title='bbox 1643 749 1891 797; x_wconf 86' lang='lat' dir='ltr'><strong>sanctum</strong></span> <span class='ocrx_word' id='word_1_43' title='bbox 1911 742 2057 797; x_wconf 84' lang='lat' dir='ltr'><strong>Pau-</strong></span> 
     </span>
    </p>
   </div>
   <div class='ocr_carea' id='block_1_9' title="bbox 472 833 2054 900">
    <p class='ocr_par' dir='ltr' id='par_1_9' title="bbox 472 833 2054 900">
     <span class='ocr_line' id='line_1_9' title="bbox 472 833 2054 900; baseline 0.001 -13"><span class='ocrx_word' id='word_1_44' title='bbox 472 836 582 888; x_wconf 88' lang='lat' dir='ltr'><strong>tum</strong></span> <span class='ocrx_word' id='word_1_45' title='bbox 615 833 888 888; x_wconf 86' lang='lat' dir='ltr'><strong>dicentem</strong></span> <span class='ocrx_word' id='word_1_46' title='bbox 927 853 940 888; x_wconf 84' lang='lat'><strong>:</strong></span> <span class='ocrx_word' id='word_1_47' title='bbox 985 853 1001 884; x_wconf 83' lang='grc' dir='ltr'><strong>ι</strong></span> <span class='ocrx_word' id='word_1_48' title='bbox 1027 834 1243 889; x_wconf 68' lang='lat' dir='ltr'><strong>Primus</strong></span> <span class='ocrx_word' id='word_1_49' title='bbox 1275 835 1437 888; x_wconf 90' lang='lat' dir='ltr'><strong>homo</strong></span> <span class='ocrx_word' id='word_1_50' title='bbox 1471 834 1539 889; x_wconf 92' lang='lat' dir='ltr'><strong>de</strong></span> <span class='ocrx_word' id='word_1_51' title='bbox 1570 844 1714 888; x_wconf 84' lang='lat' dir='ltr'><strong>terra</strong></span> <span class='ocrx_word' id='word_1_52' title='bbox 1766 844 2054 900; x_wconf 87' lang='lat' dir='ltr'><strong>terrenus;</strong></span> 
     </span>
    </p>
   </div>
   <div class='ocr_carea' id='block_1_10' title="bbox 471 925 2053 982">
    <p class='ocr_par' dir='ltr' id='par_1_10' title="bbox 471 925 2053 982">
     <span class='ocr_line' id='line_1_10' title="bbox 471 925 2053 982; baseline 0.001 -2"><span class='ocrx_word' id='word_1_53' title='bbox 471 926 748 980; x_wconf 81' lang='lat' dir='ltr'><strong>secundus</strong></span> <span class='ocrx_word' id='word_1_54' title='bbox 768 927 932 980; x_wconf 85' lang='lat' dir='ltr'><strong>homo</strong></span> <span class='ocrx_word' id='word_1_55' title='bbox 953 925 1214 981; x_wconf 82' lang='lat' dir='ltr'><strong>Dominus</strong></span> <span class='ocrx_word' id='word_1_56' title='bbox 1231 942 1260 980; x_wconf 89' lang='lat' dir='ltr'><strong>e</strong></span> <span class='ocrx_word' id='word_1_57' title='bbox 1277 929 1434 981; x_wconf 59' lang='lat' dir='ltr'><strong>caelo.</strong></span> <span class='ocrx_word' id='word_1_58' title='bbox 1451 945 1471 978; x_wconf 72' lang='grc' dir='ltr'><strong>ι</strong></span> <span class='ocrx_word' id='word_1_59' title='bbox 1497 926 1871 982; x_wconf 82' lang='lat' dir='ltr'><strong>Reeordamur</strong></span> <span class='ocrx_word' id='word_1_60' title='bbox 1887 927 2053 982; x_wconf 88' lang='lat' dir='ltr'><strong>etiam</strong></span> 
     </span>
    </p>
   </div>
   <div class='ocr_carea' id='block_1_11' title="bbox 475 1018 2054 1086">
    <p class='ocr_par' dir='ltr' id='par_1_11' title="bbox 475 1018 2054 1086">
     <span class='ocr_line' id='line_1_11' title="bbox 475 1018 2054 1086; baseline 0.003 -14"><span class='ocrx_word' id='word_1_61' title='bbox 475 1019 688 1072; x_wconf 80' lang='lat' dir='ltr'><strong>Domini</strong></span> <span class='ocrx_word' id='word_1_62' title='bbox 733 1019 955 1074; x_wconf 90' lang='lat' dir='ltr'><strong>verbum</strong></span> <span class='ocrx_word' id='word_1_63' title='bbox 993 1037 1050 1073; x_wconf 71' lang='grc' dir='ltr'>τι</span> <span class='ocrx_word' id='word_1_64' title='bbox 1088 1018 1262 1076; x_wconf 84' lang='lat' dir='ltr'><strong>Nemo</strong></span> <span class='ocrx_word' id='word_1_65' title='bbox 1301 1021 1548 1076; x_wconf 76' lang='lat' dir='ltr'><strong>ascendit</strong></span> <span class='ocrx_word' id='word_1_66' title='bbox 1591 1019 1658 1075; x_wconf 87' lang='lat' dir='ltr'><strong>ad</strong></span> <span class='ocrx_word' id='word_1_67' title='bbox 1686 1021 1910 1086; x_wconf 71' lang='lat' dir='ltr'><strong>coelum,</strong></span> <span class='ocrx_word' id='word_1_68' title='bbox 1949 1021 2054 1076; x_wconf 85' lang='lat' dir='ltr'><strong>nisi</strong></span> 
     </span>
    </p>
   </div>
   <div class='ocr_carea' id='block_1_12' title="bbox 467 1106 2054 1178">
    <p class='ocr_par' dir='ltr' id='par_1_12' title="bbox 467 1106 2054 1178">
     <span class='ocr_line' id='line_1_12' title="bbox 467 1106 2054 1178; baseline 0.005 -18"><span class='ocrx_word' id='word_1_69' title='bbox 467 1107 562 1177; x_wconf 88' lang='lat' dir='ltr'><strong>qui</strong></span> <span class='ocrx_word' id='word_1_70' title='bbox 593 1106 659 1162; x_wconf 90' lang='lat' dir='ltr'><strong>de</strong></span> <span class='ocrx_word' id='word_1_71' title='bbox 682 1108 823 1163; x_wconf 59' lang='lat' dir='ltr'><strong>caelo</strong></span> <span class='ocrx_word' id='word_1_72' title='bbox 851 1109 1153 1177; x_wconf 85' lang='lat' dir='ltr'><strong>descendit,</strong></span> <span class='ocrx_word' id='word_1_73' title='bbox 1182 1109 1354 1165; x_wconf 88' lang='lat' dir='ltr'><strong>Filius</strong></span> <span class='ocrx_word' id='word_1_74' title='bbox 1387 1110 1655 1166; x_wconf 64' lang='lat' dir='ltr'><strong>hominis»</strong></span> <span class='ocrx_word' id='word_1_75' title='bbox 1676 1110 1822 1178; x_wconf 90' lang='lat' dir='ltr'><strong>licet,</strong></span> <span class='ocrx_word' id='word_1_76' title='bbox 1846 1118 1908 1166; x_wconf 83' lang='lat' dir='ltr'><strong>ut.</strong></span> <span class='ocrx_word' id='word_1_77' title='bbox 1937 1111 2054 1168; x_wconf 91' lang='lat' dir='ltr'><strong>dic-</strong></span> 
     </span>
    </p>
   </div>
   <div class='ocr_carea' id='block_1_13' title="bbox 467 1203 2056 1275">
    <p class='ocr_par' dir='ltr' id='par_1_13' title="bbox 467 1203 2056 1275">
     <span class='ocr_line' id='line_1_13' title="bbox 467 1203 2056 1275; baseline 0.004 -21"><span class='ocrx_word' id='word_1_78' title='bbox 467 1211 582 1254; x_wconf 89' lang='lat' dir='ltr'><strong>tum</strong></span> <span class='ocrx_word' id='word_1_79' title='bbox 631 1212 736 1266; x_wconf 83' lang='lat' dir='ltr'><strong>est,</strong></span> <span class='ocrx_word' id='word_1_80' title='bbox 789 1216 958 1256; x_wconf 81' lang='lat' dir='ltr'><strong>carne</strong></span> <span class='ocrx_word' id='word_1_81' title='bbox 1006 1218 1069 1257; x_wconf 82' lang='lat' dir='ltr'><strong>ex</strong></span> <span class='ocrx_word' id='word_1_82' title='bbox 1107 1218 1262 1259; x_wconf 86' lang='lat' dir='ltr'><strong>sacra</strong></span> <span class='ocrx_word' id='word_1_83' title='bbox 1309 1203 1529 1275; x_wconf 74' lang='lat' dir='ltr'><strong>Virgine</strong></span> <span class='ocrx_word' id='word_1_84' title='bbox 1573 1215 1831 1275; x_wconf 85' lang='lat' dir='ltr'><strong>sumpta,</strong></span> <span class='ocrx_word' id='word_1_85' title='bbox 1893 1215 2056 1262; x_wconf 86' lang='lat' dir='ltr'><strong>natus</strong></span> 
     </span>
    </p>
   </div>
   <div class='ocr_carea' id='block_1_14' title="bbox 468 1295 2057 1367">
    <p class='ocr_par' dir='ltr' id='par_1_14' title="bbox 468 1295 2057 1367">
     <span class='ocr_line' id='line_1_14' title="bbox 468 1295 2057 1367; baseline 0.005 -19"><span class='ocrx_word' id='word_1_86' title='bbox 468 1296 562 1348; x_wconf 63' lang='lat' dir='ltr'><strong>sit.</strong></span> <span class='ocrx_word' id='word_1_87' title='bbox 601 1295 738 1348; x_wconf 89' lang='lat' dir='ltr'><strong>Cum</strong></span> <span class='ocrx_word' id='word_1_88' title='bbox 774 1307 956 1351; x_wconf 88' lang='lat' dir='ltr'><strong>autem</strong></span> <span class='ocrx_word' id='word_1_89' title='bbox 984 1297 1078 1365; x_wconf 94' lang='lat' dir='ltr'><strong>qui</strong></span> <span class='ocrx_word' id='word_1_90' title='bbox 1111 1298 1347 1367; x_wconf 86' lang='lat' dir='ltr'><strong>desuper</strong></span> <span class='ocrx_word' id='word_1_91' title='bbox 1374 1313 1405 1352; x_wconf 95' lang='lat' dir='ltr'><strong>e</strong></span> <span class='ocrx_word' id='word_1_92' title='bbox 1433 1298 1572 1354; x_wconf 76' lang='lat' dir='ltr'><strong>coelo</strong></span> <span class='ocrx_word' id='word_1_93' title='bbox 1603 1298 1884 1354; x_wconf 85' lang='lat' dir='ltr'><strong>descendit</strong></span> <span class='ocrx_word' id='word_1_94' title='bbox 1913 1299 2057 1356; x_wconf 86' lang='lat' dir='ltr'><strong>Deus</strong></span> 
     </span>
    </p>
   </div>
   <div class='ocr_carea' id='block_1_15' title="bbox 470 1386 2059 1459">
    <p class='ocr_par' dir='ltr' id='par_1_15' title="bbox 470 1386 2059 1459">
     <span class='ocr_line' id='line_1_15' title="bbox 470 1386 2059 1459; baseline 0.005 -21"><span class='ocrx_word' id='word_1_95' title='bbox 470 1386 707 1441; x_wconf 78' lang='lat' dir='ltr'><strong>Verbum</strong></span> <span class='ocrx_word' id='word_1_96' title='bbox 745 1388 1080 1442; x_wconf 66' lang='lat' dir='ltr'><strong>«exinanivit</strong></span> <span class='ocrx_word' id='word_1_97' title='bbox 1109 1389 1468 1459; x_wconf 88' lang='lat' dir='ltr'><strong>semetipsum</strong></span> <span class='ocrx_word' id='word_1_98' title='bbox 1505 1389 1738 1445; x_wconf 78' lang='lat' dir='ltr'><strong>formam</strong></span> <span class='ocrx_word' id='word_1_99' title='bbox 1769 1390 1910 1446; x_wconf 87' lang='lat' dir='ltr'><strong>servi</strong></span> <span class='ocrx_word' id='word_1_100' title='bbox 1967 1405 2059 1446; x_wconf 86' lang='lat' dir='ltr'><strong>ae-</strong></span> 
     </span>
    </p>
   </div>
   <div class='ocr_carea' id='block_1_16' title="bbox 467 1480 2057 1555">
    <p class='ocr_par' dir='ltr' id='par_1_16' title="bbox 467 1480 2057 1555">
     <span class='ocr_line' id='line_1_16' title="bbox 467 1480 2057 1555; baseline 0.004 -23"><span class='ocrx_word' id='word_1_101' title='bbox 467 1480 733 1550; x_wconf 69' lang='lat' dir='ltr'><strong>cipiens,i</strong></span> <span class='ocrx_word' id='word_1_102' title='bbox 783 1489 840 1535; x_wconf 86' lang='lat' dir='ltr'><strong>et</strong></span> <span class='ocrx_word' id='word_1_103' title='bbox 878 1481 1135 1551; x_wconf 85' lang='lat' dir='ltr'><strong>appellari</strong></span> <span class='ocrx_word' id='word_1_104' title='bbox 1187 1483 1362 1536; x_wconf 87' lang='lat' dir='ltr'><strong>voluit</strong></span> <span class='ocrx_word' id='word_1_105' title='bbox 1406 1481 1576 1538; x_wconf 90' lang='lat' dir='ltr'><strong>Filius</strong></span> <span class='ocrx_word' id='word_1_106' title='bbox 1622 1484 1883 1550; x_wconf 85' lang='lat' dir='ltr'><strong>hominis,</strong></span> <span class='ocrx_word' id='word_1_107' title='bbox 1923 1485 2057 1555; x_wconf 87' lang='lat' dir='ltr'><strong>quin</strong></span> 
     </span>
    </p>
   </div>
   <div class='ocr_carea' id='block_1_17' title="bbox 466 1574 2056 1644">
    <p class='ocr_par' dir='ltr' id='par_1_17' title="bbox 466 1574 2056 1644">
     <span class='ocr_line' id='line_1_17' title="bbox 466 1574 2056 1644; baseline 0.004 -20"><span class='ocrx_word' id='word_1_108' title='bbox 466 1583 710 1628; x_wconf 85' lang='lat' dir='ltr'><strong>cessaret</strong></span> <span class='ocrx_word' id='word_1_109' title='bbox 736 1589 861 1628; x_wconf 89' lang='lat' dir='ltr'><strong>esse</strong></span> <span class='ocrx_word' id='word_1_110' title='bbox 893 1574 1038 1644; x_wconf 84' lang='lat' dir='ltr'><strong>quod</strong></span> <span class='ocrx_word' id='word_1_111' title='bbox 1067 1584 1208 1640; x_wconf 90' lang='lat' dir='ltr'><strong>erat,</strong></span> <span class='ocrx_word' id='word_1_112' title='bbox 1248 1574 1509 1629; x_wconf 80' lang='lat' dir='ltr'><strong>videlicet</strong></span> <span class='ocrx_word' id='word_1_113' title='bbox 1538 1574 1704 1639; x_wconf 83' lang='lat' dir='ltr'><strong>Deus,</strong></span> <span class='ocrx_word' id='word_1_114' title='bbox 1753 1606 1826 1616; x_wconf 98' lang='lat'><strong>—</strong></span> <span class='ocrx_word' id='word_1_115' title='bbox 1849 1576 2056 1632; x_wconf 86' lang='lat' dir='ltr'><strong>immu-</strong></span> 
     </span>
    </p>
   </div>
   <div class='ocr_carea' id='block_1_18' title="bbox 467 1678 2058 1750">
    <p class='ocr_par' dir='ltr' id='par_1_18' title="bbox 467 1678 2058 1750">
     <span class='ocr_line' id='line_1_18' title="bbox 467 1678 2058 1750; baseline 0.003 -20"><span class='ocrx_word' id='word_1_116' title='bbox 467 1678 652 1732; x_wconf 82' lang='lat' dir='ltr'><strong>labilis</strong></span> <span class='ocrx_word' id='word_1_117' title='bbox 681 1678 826 1732; x_wconf 89' lang='lat' dir='ltr'><strong>enim</strong></span> <span class='ocrx_word' id='word_1_118' title='bbox 854 1689 908 1734; x_wconf 86' lang='lat' dir='ltr'><strong>et</strong></span> <span class='ocrx_word' id='word_1_119' title='bbox 935 1679 1374 1734; x_wconf 75' lang='lat' dir='ltr'><strong>inconvertibilis</strong></span> <span class='ocrx_word' id='word_1_120' title='bbox 1404 1689 1488 1734; x_wconf 88' lang='lat' dir='ltr'><strong>est</strong></span> <span class='ocrx_word' id='word_1_121' title='bbox 1524 1694 1620 1750; x_wconf 89' lang='lat' dir='ltr'><strong>per</strong></span> <span class='ocrx_word' id='word_1_122' title='bbox 1655 1692 1933 1745; x_wconf 87' lang='lat' dir='ltr'><strong>naturam,</strong></span> <span class='ocrx_word' id='word_1_123' title='bbox 1989 1711 2058 1721; x_wconf 97' lang='lat'><em>—</em></span> 
     </span>
    </p>
   </div>
   <div class='ocr_carea' id='block_1_19' title="bbox 464 1769 2055 1842">
    <p class='ocr_par' dir='ltr' id='par_1_19' title="bbox 464 1769 2055 1842">
     <span class='ocr_line' id='line_1_19' title="bbox 464 1769 2055 1842; baseline 0.003 -20"><span class='ocrx_word' id='word_1_124' title='bbox 464 1769 621 1836; x_wconf 86' lang='lat' dir='ltr'><strong>quasi</strong></span> <span class='ocrx_word' id='word_1_125' title='bbox 652 1784 792 1824; x_wconf 88' lang='lat' dir='ltr'><strong>unus</strong></span> <span class='ocrx_word' id='word_1_126' title='bbox 821 1770 934 1839; x_wconf 88' lang='lat' dir='ltr'><strong>jam</strong></span> <span class='ocrx_word' id='word_1_127' title='bbox 968 1779 1249 1840; x_wconf 83' lang='lat' dir='ltr'><strong>reputatus</strong></span> <span class='ocrx_word' id='word_1_128' title='bbox 1273 1787 1395 1826; x_wconf 80' lang='lat' dir='ltr'><strong>euut</strong></span> <span class='ocrx_word' id='word_1_129' title='bbox 1419 1771 1637 1842; x_wconf 71' lang='lat' dir='ltr'><strong>promia</strong></span> <span class='ocrx_word' id='word_1_130' title='bbox 1663 1787 1830 1828; x_wconf 86' lang='lat' dir='ltr'><strong>carne</strong></span> <span class='ocrx_word' id='word_1_131' title='bbox 1858 1786 1888 1827; x_wconf 89' lang='lat' dir='ltr'><strong>e</strong></span> <span class='ocrx_word' id='word_1_132' title='bbox 1915 1772 2055 1828; x_wconf 75' lang='lat' dir='ltr'><strong>coelo</strong></span> 
     </span>
    </p>
   </div>
   <div class='ocr_carea' id='block_1_20' title="bbox 464 1861 2052 1930">
    <p class='ocr_par' dir='ltr' id='par_1_20' title="bbox 464 1861 2052 1930">
     <span class='ocr_line' id='line_1_20' title="bbox 464 1861 2052 1930; baseline 0.001 -15"><span class='ocrx_word' id='word_1_133' title='bbox 464 1861 816 1917; x_wconf 83' lang='lat' dir='ltr'><strong>descendisse</strong></span> <span class='ocrx_word' id='word_1_134' title='bbox 837 1863 1056 1917; x_wconf 89' lang='lat' dir='ltr'><strong>dicitur.</strong></span> <span class='ocrx_word' id='word_1_135' title='bbox 1092 1861 1416 1918; x_wconf 84' lang='lat' dir='ltr'><strong>Nominatur</strong></span> <span class='ocrx_word' id='word_1_136' title='bbox 1445 1865 1610 1918; x_wconf 87' lang='lat' dir='ltr'><strong>homo</strong></span> <span class='ocrx_word' id='word_1_137' title='bbox 1643 1865 1711 1918; x_wconf 88' lang='lat' dir='ltr'><strong>de</strong></span> <span class='ocrx_word' id='word_1_138' title='bbox 1741 1865 1902 1930; x_wconf 69' lang='lat' dir='ltr'><strong>ctrlo,</strong></span> <span class='ocrx_word' id='word_1_139' title='bbox 1927 1879 2052 1918; x_wconf 89' lang='lat' dir='ltr'><strong>cum</strong></span> 
     </span>
    </p>
   </div>
   <div class='ocr_carea' id='block_1_21' title="bbox 466 1953 2053 2026">
    <p class='ocr_par' dir='ltr' id='par_1_21' title="bbox 466 1953 2053 2026">
     <span class='ocr_line' id='line_1_21' title="bbox 466 1953 2053 2026; baseline 0 -18"><span class='ocrx_word' id='word_1_140' title='bbox 466 1956 538 2009; x_wconf 76' lang='lat' dir='ltr'><strong>sit</strong></span> <span class='ocrx_word' id='word_1_141' title='bbox 597 1956 652 2009; x_wconf 90' lang='lat' dir='ltr'><strong>in</strong></span> <span class='ocrx_word' id='word_1_142' title='bbox 703 1954 992 2011; x_wconf 85' lang='lat' dir='ltr'><strong>divinitate</strong></span> <span class='ocrx_word' id='word_1_143' title='bbox 1039 1956 1341 2026; x_wconf 80' lang='lat' dir='ltr'><strong>perfectus,</strong></span> <span class='ocrx_word' id='word_1_144' title='bbox 1391 1966 1446 2011; x_wconf 90' lang='lat' dir='ltr'><strong>et</strong></span> <span class='ocrx_word' id='word_1_145' title='bbox 1498 1956 1640 2010; x_wconf 90' lang='lat' dir='ltr'><strong>idem</strong></span> <span class='ocrx_word' id='word_1_146' title='bbox 1692 1955 1968 2026; x_wconf 79' lang='lat' dir='ltr'><strong>perfectus</strong></span> <span class='ocrx_word' id='word_1_147' title='bbox 1999 1953 2053 2009; x_wconf 92' lang='lat' dir='ltr'><strong>in</strong></span> 
     </span>
    </p>
   </div>
   <div class='ocr_carea' id='block_1_22' title="bbox 467 2047 2052 2120">
    <p class='ocr_par' dir='ltr' id='par_1_22' title="bbox 467 2047 2052 2120">
     <span class='ocr_line' id='line_1_22' title="bbox 467 2047 2052 2120; baseline 0.003 -20"><span class='ocrx_word' id='word_1_148' title='bbox 467 2047 827 2113; x_wconf 87' lang='lat' dir='ltr'><strong>humanitate,</strong></span> <span class='ocrx_word' id='word_1_149' title='bbox 865 2057 920 2102; x_wconf 86' lang='lat' dir='ltr'><strong>et</strong></span> <span class='ocrx_word' id='word_1_150' title='bbox 951 2057 1210 2120; x_wconf 89' lang='lat' dir='ltr'><strong>tanquam</strong></span> <span class='ocrx_word' id='word_1_151' title='bbox 1245 2050 1298 2104; x_wconf 91' lang='lat' dir='ltr'><strong>in</strong></span> <span class='ocrx_word' id='word_1_152' title='bbox 1333 2064 1443 2105; x_wconf 90' lang='lat' dir='ltr'><strong>una</strong></span> <span class='ocrx_word' id='word_1_153' title='bbox 1478 2064 1713 2120; x_wconf 86' lang='lat' dir='ltr'><strong>persona</strong></span> <span class='ocrx_word' id='word_1_154' title='bbox 1742 2056 2052 2119; x_wconf 84' lang='lat' dir='ltr'><strong>reputatus,</strong></span> 
     </span>
    </p>
   </div>
   <div class='ocr_carea' id='block_1_23' title="bbox 467 2137 2054 2210">
    <p class='ocr_par' dir='ltr' id='par_1_23' title="bbox 467 2137 2054 2210">
     <span class='ocr_line' id='line_1_23' title="bbox 467 2137 2054 2210; baseline -0.001 -17"><span class='ocrx_word' id='word_1_155' title='bbox 467 2145 637 2206; x_wconf 78' lang='lat' dir='ltr'><strong>(unus</strong></span> <span class='ocrx_word' id='word_1_156' title='bbox 666 2140 812 2194; x_wconf 89' lang='lat' dir='ltr'><strong>enim</strong></span> <span class='ocrx_word' id='word_1_157' title='bbox 847 2140 1101 2196; x_wconf 86' lang='lat' dir='ltr'><strong>Christus</strong></span> <span class='ocrx_word' id='word_1_158' title='bbox 1142 2139 1432 2210; x_wconf 87' lang='lat' dir='ltr'><strong>Dominus)</strong></span> <span class='ocrx_word' id='word_1_159' title='bbox 1463 2141 1565 2197; x_wconf 84' lang='lat' dir='ltr'><strong>etsi</strong></span> <span class='ocrx_word' id='word_1_160' title='bbox 1599 2149 1918 2195; x_wconf 88' lang='lat' dir='ltr'><strong>naturarum</strong></span> <span class='ocrx_word' id='word_1_161' title='bbox 1942 2137 2054 2193; x_wconf 82' lang='lat' dir='ltr'><strong>dif-</strong></span> 
     </span>
    </p>
   </div>
   <div class='ocr_carea' id='block_1_24' title="bbox 471 2232 2054 2305">
    <p class='ocr_par' dir='ltr' id='par_1_24' title="bbox 471 2232 2054 2305">
     <span class='ocr_line' id='line_1_24' title="bbox 471 2232 2054 2305; baseline 0.003 -21"><span class='ocrx_word' id='word_1_162' title='bbox 471 2233 697 2286; x_wconf 75' lang='lat' dir='ltr'><strong>ferentia</strong></span> <span class='ocrx_word' id='word_1_163' title='bbox 729 2247 838 2286; x_wconf 90' lang='lat' dir='ltr'><strong>non</strong></span> <span class='ocrx_word' id='word_1_164' title='bbox 867 2232 1172 2304; x_wconf 74' lang='lat' dir='ltr'><strong>ignoretur,</strong></span> <span class='ocrx_word' id='word_1_165' title='bbox 1200 2249 1267 2289; x_wconf 77' lang='lat' dir='ltr'><strong>ex</strong></span> <span class='ocrx_word' id='word_1_166' title='bbox 1295 2235 1498 2305; x_wconf 90' lang='lat' dir='ltr'><strong>quibus</strong></span> <span class='ocrx_word' id='word_1_167' title='bbox 1529 2233 1863 2290; x_wconf 75' lang='lat' dir='ltr'><strong>inetfabilem</strong></span> <span class='ocrx_word' id='word_1_168' title='bbox 1895 2232 2054 2290; x_wconf 83' lang='lat' dir='ltr'><strong>unio-</strong></span> 
     </span>
    </p>
   </div>
   <div class='ocr_carea' id='block_1_25' title="bbox 467 2323 2052 2396">
    <p class='ocr_par' dir='ltr' id='par_1_25' title="bbox 467 2323 2052 2396">
     <span class='ocr_line' id='line_1_25' title="bbox 467 2323 2052 2396; baseline 0.004 -22"><span class='ocrx_word' id='word_1_169' title='bbox 467 2337 591 2376; x_wconf 87' lang='lat' dir='ltr'><strong>nem</strong></span> <span class='ocrx_word' id='word_1_170' title='bbox 637 2323 874 2378; x_wconf 85' lang='lat' dir='ltr'><strong>dicimus</strong></span> <span class='ocrx_word' id='word_1_171' title='bbox 915 2324 1218 2379; x_wconf 78' lang='lat' dir='ltr'><strong>ellormari.</strong></span> <span class='ocrx_word' id='word_1_172' title='bbox 1264 2326 1452 2395; x_wconf 87' lang='lat' dir='ltr'><strong>Itaque</strong></span> <span class='ocrx_word' id='word_1_173' title='bbox 1491 2324 1821 2380; x_wconf 82' lang='lat' dir='ltr'><strong>conﬁtemur</strong></span> <span class='ocrx_word' id='word_1_174' title='bbox 1857 2325 2052 2396; x_wconf 77' lang='lat' dir='ltr'><strong>unige-</strong></span> 
     </span>
    </p>
   </div>
   <div class='ocr_carea' id='block_1_26' title="bbox 467 2411 2054 2486">
    <p class='ocr_par' dir='ltr' id='par_1_26' title="bbox 467 2411 2054 2486">
     <span class='ocr_line' id='line_1_26' title="bbox 467 2411 2054 2486; baseline 0.002 -18"><span class='ocrx_word' id='word_1_175' title='bbox 467 2417 636 2468; x_wconf 88' lang='lat' dir='ltr'><strong>nitum</strong></span> <span class='ocrx_word' id='word_1_176' title='bbox 665 2411 758 2470; x_wconf 88' lang='lat' dir='ltr'><strong>Dei</strong></span> <span class='ocrx_word' id='word_1_177' title='bbox 801 2415 998 2470; x_wconf 85' lang='lat' dir='ltr'><strong>Filium</strong></span> <span class='ocrx_word' id='word_1_178' title='bbox 1042 2426 1097 2471; x_wconf 85' lang='lat' dir='ltr'><strong>et</strong></span> <span class='ocrx_word' id='word_1_179' title='bbox 1145 2414 1411 2484; x_wconf 83' lang='lat' dir='ltr'><strong>Verbum,</strong></span> <span class='ocrx_word' id='word_1_180' title='bbox 1459 2417 1628 2473; x_wconf 88' lang='lat' dir='ltr'><strong>Deum</strong></span> <span class='ocrx_word' id='word_1_181' title='bbox 1662 2416 1963 2486; x_wconf 79' lang='lat' dir='ltr'><strong>perfectum</strong></span> <span class='ocrx_word' id='word_1_182' title='bbox 1998 2425 2054 2471; x_wconf 85' lang='lat' dir='ltr'><strong>et</strong></span> 
     </span>
    </p>
   </div>
   <div class='ocr_carea' id='block_1_27' title="bbox 467 2508 2052 2579">
    <p class='ocr_par' dir='ltr' id='par_1_27' title="bbox 467 2508 2052 2579">
     <span class='ocr_line' id='line_1_27' title="bbox 467 2508 2052 2579; baseline 0.002 -19"><span class='ocrx_word' id='word_1_183' title='bbox 467 2508 741 2563; x_wconf 89' lang='lat' dir='ltr'><strong>hominem</strong></span> <span class='ocrx_word' id='word_1_184' title='bbox 771 2508 1102 2579; x_wconf 71' lang='lat' dir='ltr'><strong>periei-tum,</strong></span> <span class='ocrx_word' id='word_1_185' title='bbox 1149 2525 1215 2564; x_wconf 81' lang='lat' dir='ltr'><strong>ex</strong></span> <span class='ocrx_word' id='word_1_186' title='bbox 1251 2509 1436 2564; x_wconf 85' lang='lat' dir='ltr'><strong>anima</strong></span> <span class='ocrx_word' id='word_1_187' title='bbox 1489 2510 1806 2566; x_wconf 86' lang='lat' dir='ltr'><strong>rationabili</strong></span> <span class='ocrx_word' id='word_1_188' title='bbox 1836 2521 1893 2564; x_wconf 90' lang='lat' dir='ltr'><strong>et</strong></span> <span class='ocrx_word' id='word_1_189' title='bbox 1925 2524 2052 2564; x_wconf 86' lang='lat' dir='ltr'><strong>cor-</strong></span> 
     </span>
    </p>
   </div>
   <div class='ocr_carea' id='block_1_28' title="bbox 467 2600 2053 2672">
    <p class='ocr_par' dir='ltr' id='par_1_28' title="bbox 467 2600 2053 2672">
     <span class='ocr_line' id='line_1_28' title="bbox 467 2600 2053 2672; baseline 0.005 -22"><span class='ocrx_word' id='word_1_190' title='bbox 467 2616 617 2668; x_wconf 83' lang='lat' dir='ltr'><strong>pore,</strong></span> <span class='ocrx_word' id='word_1_191' title='bbox 651 2611 780 2655; x_wconf 84' lang='lat' dir='ltr'><strong>ante</strong></span> <span class='ocrx_word' id='word_1_192' title='bbox 819 2601 1019 2655; x_wconf 73' lang='lat' dir='ltr'><strong>secula</strong></span> <span class='ocrx_word' id='word_1_193' title='bbox 1057 2601 1276 2671; x_wconf 87' lang='lat' dir='ltr'><strong>quidem</strong></span> <span class='ocrx_word' id='word_1_194' title='bbox 1303 2617 1370 2656; x_wconf 77' lang='lat' dir='ltr'><strong>ex</strong></span> <span class='ocrx_word' id='word_1_195' title='bbox 1395 2600 1558 2657; x_wconf 86' lang='lat' dir='ltr'><strong>Patre</strong></span> <span class='ocrx_word' id='word_1_196' title='bbox 1581 2602 1823 2672; x_wconf 79' lang='lat' dir='ltr'><strong>genitum</strong></span> <span class='ocrx_word' id='word_1_197' title='bbox 1854 2618 2053 2658; x_wconf 86' lang='lat' dir='ltr'><strong>secun-</strong></span> 
     </span>
    </p>
   </div>
   <div class='ocr_carea' id='block_1_29' title="bbox 462 2693 2049 2761">
    <p class='ocr_par' dir='ltr' id='par_1_29' title="bbox 462 2693 2049 2761">
     <span class='ocr_line' id='line_1_29' title="bbox 462 2693 2049 2761; baseline 0.003 -16"><span class='ocrx_word' id='word_1_198' title='bbox 462 2693 592 2747; x_wconf 89' lang='lat' dir='ltr'><strong>dum</strong></span> <span class='ocrx_word' id='word_1_199' title='bbox 625 2693 986 2761; x_wconf 62' lang='lat' dir='ltr'><strong>dixinitatem,</strong></span> <span class='ocrx_word' id='word_1_200' title='bbox 1015 2693 1331 2750; x_wconf 83' lang='lat' dir='ltr'><strong>nevissitnis</strong></span> <span class='ocrx_word' id='word_1_201' title='bbox 1364 2703 1546 2750; x_wconf 85' lang='lat' dir='ltr'><strong>autem</strong></span> <span class='ocrx_word' id='word_1_202' title='bbox 1576 2695 1769 2750; x_wconf 83' lang='lat' dir='ltr'><strong>diebus</strong></span> <span class='ocrx_word' id='word_1_203' title='bbox 1795 2695 2049 2751; x_wconf 86' lang='lat' dir='ltr'><strong>eumdem</strong></span> 
     </span>
    </p>
   </div>
   <div class='ocr_carea' id='block_1_30' title="bbox 466 2785 2049 2855">
    <p class='ocr_par' dir='ltr' id='par_1_30' title="bbox 466 2785 2049 2855">
     <span class='ocr_line' id='line_1_30' title="bbox 466 2785 2049 2855; baseline 0.003 -17"><span class='ocrx_word' id='word_1_204' title='bbox 466 2794 690 2854; x_wconf 85' lang='lat' dir='ltr'><strong>propter</strong></span> <span class='ocrx_word' id='word_1_205' title='bbox 723 2801 824 2840; x_wconf 90' lang='lat' dir='ltr'><strong>nos</strong></span> <span class='ocrx_word' id='word_1_206' title='bbox 856 2793 910 2839; x_wconf 89' lang='lat' dir='ltr'><strong>et</strong></span> <span class='ocrx_word' id='word_1_207' title='bbox 941 2794 1165 2855; x_wconf 90' lang='lat' dir='ltr'><strong>propter</strong></span> <span class='ocrx_word' id='word_1_208' title='bbox 1195 2799 1440 2841; x_wconf 89' lang='lat' dir='ltr'><strong>nostram</strong></span> <span class='ocrx_word' id='word_1_209' title='bbox 1490 2787 1724 2842; x_wconf 88' lang='lat' dir='ltr'><strong>salutem</strong></span> <span class='ocrx_word' id='word_1_210' title='bbox 1774 2802 1843 2842; x_wconf 82' lang='lat' dir='ltr'><strong>ex</strong></span> <span class='ocrx_word' id='word_1_211' title='bbox 1879 2785 2049 2842; x_wconf 84' lang='lat' dir='ltr'><strong>Maria</strong></span> 
     </span>
    </p>
   </div>
   <div class='ocr_carea' id='block_1_31' title="bbox 468 2875 2050 2945">
    <p class='ocr_par' dir='ltr' id='par_1_31' title="bbox 468 2875 2050 2945">
     <span class='ocr_line' id='line_1_31' title="bbox 468 2875 2050 2945; baseline 0.006 -19"><span class='ocrx_word' id='word_1_212' title='bbox 468 2875 685 2944; x_wconf 77' lang='lat' dir='ltr'><strong>Virgine</strong></span> <span class='ocrx_word' id='word_1_213' title='bbox 743 2886 930 2929; x_wconf 79' lang='lat' dir='ltr'><strong>uatum</strong></span> <span class='ocrx_word' id='word_1_214' title='bbox 977 2877 1276 2933; x_wconf 89' lang='lat' dir='ltr'><strong>secundum</strong></span> <span class='ocrx_word' id='word_1_215' title='bbox 1331 2877 1752 2945; x_wconf 89' lang='lat' dir='ltr'><strong>humanitatem,</strong></span> <span class='ocrx_word' id='word_1_216' title='bbox 1811 2880 2050 2935; x_wconf 83' lang='lat' dir='ltr'><strong>consub-</strong></span> 
     </span>
    </p>
   </div>
   <div class='ocr_carea' id='block_1_32' title="bbox 464 2969 2047 3036">
    <p class='ocr_par' dir='ltr' id='par_1_32' title="bbox 464 2969 2047 3036">
     <span class='ocr_line' id='line_1_32' title="bbox 464 2969 2047 3036; baseline 0 -12"><span class='ocrx_word' id='word_1_217' title='bbox 464 2969 775 3024; x_wconf 79' lang='lat' dir='ltr'><strong>stantialem</strong></span> <span class='ocrx_word' id='word_1_218' title='bbox 837 2970 981 3024; x_wconf 82' lang='lat' dir='ltr'><strong>Patri</strong></span> <span class='ocrx_word' id='word_1_219' title='bbox 1043 2969 1344 3026; x_wconf 91' lang='lat' dir='ltr'><strong>secundum</strong></span> <span class='ocrx_word' id='word_1_220' title='bbox 1395 2971 1763 3036; x_wconf 87' lang='lat' dir='ltr'><strong>divinitatem,</strong></span> <span class='ocrx_word' id='word_1_221' title='bbox 1815 2981 1868 3027; x_wconf 89' lang='lat' dir='ltr'><strong>et</strong></span> <span class='ocrx_word' id='word_1_222' title='bbox 1914 2987 2047 3027; x_wconf 87' lang='lat' dir='ltr'><strong>con-</strong></span> 
     </span>
    </p>
   </div>
   <div class='ocr_carea' id='block_1_33' title="bbox 463 3061 2046 3118">
    <p class='ocr_par' dir='ltr' id='par_1_33' title="bbox 463 3061 2046 3118">
     <span class='ocr_line' id='line_1_33' title="bbox 463 3061 2046 3118; baseline 0.003 -4"><span class='ocrx_word' id='word_1_223' title='bbox 463 3061 878 3115; x_wconf 79' lang='lat' dir='ltr'><strong>substantialeut</strong></span> <span class='ocrx_word' id='word_1_224' title='bbox 912 3061 1070 3117; x_wconf 87' lang='lat' dir='ltr'><strong>nobis</strong></span> <span class='ocrx_word' id='word_1_225' title='bbox 1101 3063 1403 3118; x_wconf 87' lang='lat' dir='ltr'><strong>secundum</strong></span> <span class='ocrx_word' id='word_1_226' title='bbox 1437 3063 1858 3118; x_wconf 88' lang='lat' dir='ltr'><strong>humanitatem.</strong></span> <span class='ocrx_word' id='word_1_227' title='bbox 1895 3063 2046 3118; x_wconf 85' lang='lat' dir='ltr'><strong>Dua-</strong></span> 
     </span>
    </p>
   </div>
   <div class='ocr_carea' id='block_1_34' title="bbox 2160 558 3724 633">
    <p class='ocr_par' dir='ltr' id='par_1_34' title="bbox 2160 558 3724 633">
     <span class='ocr_line' id='line_1_34' title="bbox 2160 558 3724 633; baseline -0.001 -17"><span class='ocrx_word' id='word_1_228' title='bbox 2160 562 2314 627; x_wconf 78' lang='grc' dir='ltr'><strong>Θεός.</strong></span> <span class='ocrx_word' id='word_1_229' title='bbox 2354 582 2374 616; x_wconf 74' lang='grc' dir='ltr'><strong>ι</strong></span> <span class='ocrx_word' id='word_1_230' title='bbox 2425 562 2710 633; x_wconf 84' lang='grc' dir='ltr'><strong>Ἀληθεύει</strong></span> <span class='ocrx_word' id='word_1_231' title='bbox 2742 560 2800 615; x_wconf 70' lang='grc' dir='ltr'><strong>δὲ</strong></span> <span class='ocrx_word' id='word_1_232' title='bbox 2830 561 3052 624; x_wconf 75' lang='grc' dir='ltr'>πάντως</span> <span class='ocrx_word' id='word_1_233' title='bbox 3079 560 3174 614; x_wconf 83' lang='grc' dir='ltr'><strong>καὶ</strong></span> <span class='ocrx_word' id='word_1_234' title='bbox 3208 561 3238 612; x_wconf 92' lang='lat'><strong>6</strong></span> <span class='ocrx_word' id='word_1_235' title='bbox 3269 558 3614 631; x_wconf 80' lang='grc' dir='ltr'>ἀρχάγγελος</span> <span class='ocrx_word' id='word_1_236' title='bbox 3643 560 3724 615; x_wconf 83' lang='grc' dir='ltr'><strong>Γα</strong></span> 
     </span>
    </p>
   </div>
   <div class='ocr_carea' id='block_1_35' title="bbox 2161 651 3748 726">
    <p class='ocr_par' dir='ltr' id='par_1_35' title="bbox 2161 651 3748 726">
     <span class='ocr_line' id='line_1_35' title="bbox 2161 651 3748 726; baseline -0.002 -18"><span class='ocrx_word' id='word_1_237' title='bbox 2161 655 2324 724; x_wconf 81' lang='grc' dir='ltr'>σριὴλ</span> <span class='ocrx_word' id='word_1_238' title='bbox 2355 655 2494 726; x_wconf 77' lang='grc' dir='ltr'><strong>πρὸς</strong></span> <span class='ocrx_word' id='word_1_239' title='bbox 2521 655 2622 726; x_wconf 77' lang='grc' dir='ltr'><strong>τὴν</strong></span> <span class='ocrx_word' id='word_1_240' title='bbox 2676 654 2956 725; x_wconf 78' lang='grc' dir='ltr'><strong>Παρθένον</strong></span> <span class='ocrx_word' id='word_1_241' title='bbox 3013 651 3185 705; x_wconf 78' lang='grc' dir='ltr'>εἰπών</span> <span class='ocrx_word' id='word_1_242' title='bbox 3216 653 3298 684; x_wconf 75' lang='grc' dir='ltr'><strong>’⁸ο</strong></span> <span class='ocrx_word' id='word_1_243' title='bbox 3336 671 3356 704; x_wconf 82' lang='grc' dir='ltr'><strong>ι</strong></span> <span class='ocrx_word' id='word_1_244' title='bbox 3411 652 3506 723; x_wconf 80' lang='grc' dir='ltr'><strong>Μὴ</strong></span> <span class='ocrx_word' id='word_1_245' title='bbox 3552 651 3748 721; x_wconf 77' lang='grc' dir='ltr'><strong>φοϐοῦ,</strong></span> 
     </span>
    </p>
   </div>
   <div class='ocr_carea' id='block_1_36' title="bbox 2158 739 3747 819">
    <p class='ocr_par' dir='ltr' id='par_1_36' title="bbox 2158 739 3747 819">
     <span class='ocr_line' id='line_1_36' title="bbox 2158 739 3747 819; baseline -0.002 -17"><span class='ocrx_word' id='word_1_246' title='bbox 2158 747 2395 819; x_wconf 82' lang='grc' dir='ltr'>Μαριάμ</span> <span class='ocrx_word' id='word_1_247' title='bbox 2420 764 2435 778; x_wconf 78' lang='grc' dir='ltr'><strong>ο</strong></span> <span class='ocrx_word' id='word_1_248' title='bbox 2469 739 2629 819; x_wconf 76' lang='grc' dir='ltr'><strong>εὗρες</strong></span> <span class='ocrx_word' id='word_1_249' title='bbox 2659 747 2769 817; x_wconf 80' lang='grc' dir='ltr'><strong>γὰρ</strong></span> <span class='ocrx_word' id='word_1_250' title='bbox 2796 747 2956 818; x_wconf 84' lang='grc' dir='ltr'><strong>χάριν</strong></span> <span class='ocrx_word' id='word_1_251' title='bbox 3001 745 3155 815; x_wconf 81' lang='grc' dir='ltr'><strong>παρὰ</strong></span> <span class='ocrx_word' id='word_1_252' title='bbox 3206 743 3286 814; x_wconf 83' lang='grc' dir='ltr'>τῷ</span> <span class='ocrx_word' id='word_1_253' title='bbox 3314 744 3459 815; x_wconf 80' lang='grc' dir='ltr'><strong>Θεῷ,</strong></span> <span class='ocrx_word' id='word_1_254' title='bbox 3494 743 3590 797; x_wconf 80' lang='grc' dir='ltr'><strong>καὶ</strong></span> <span class='ocrx_word' id='word_1_255' title='bbox 3633 744 3747 799; x_wconf 76' lang='grc' dir='ltr'><strong>ἰδοὺ</strong></span> 
     </span>
    </p>
   </div>
   <div class='ocr_carea' id='block_1_37' title="bbox 2161 835 3751 912">
    <p class='ocr_par' dir='ltr' id='par_1_37' title="bbox 2161 835 3751 912">
     <span class='ocr_line' id='line_1_37' title="bbox 2161 835 3751 912; baseline -0.003 -17"><span class='ocrx_word' id='word_1_256' title='bbox 2161 840 2410 912; x_wconf 72' lang='grc' dir='ltr'>συλλήψῃ</span> <span class='ocrx_word' id='word_1_257' title='bbox 2434 841 2495 895; x_wconf 84' lang='grc' dir='ltr'><strong>έν</strong></span> <span class='ocrx_word' id='word_1_258' title='bbox 2520 842 2722 910; x_wconf 77' lang='grc' dir='ltr'>γαστρὶ</span> <span class='ocrx_word' id='word_1_259' title='bbox 2745 840 2838 894; x_wconf 86' lang='grc' dir='ltr'><strong>καὶ</strong></span> <span class='ocrx_word' id='word_1_260' title='bbox 2868 837 3000 908; x_wconf 79' lang='grc' dir='ltr'><strong>τέξῃ</strong></span> <span class='ocrx_word' id='word_1_261' title='bbox 3039 837 3177 901; x_wconf 87' lang='grc' dir='ltr'><strong>υἱὸν,</strong></span> <span class='ocrx_word' id='word_1_262' title='bbox 3231 838 3328 890; x_wconf 79' lang='grc' dir='ltr'><strong>καὶ</strong></span> <span class='ocrx_word' id='word_1_263' title='bbox 3388 835 3650 901; x_wconf 82' lang='grc' dir='ltr'><strong>καλέσεις</strong></span> <span class='ocrx_word' id='word_1_264' title='bbox 3687 837 3751 890; x_wconf 86' lang='grc' dir='ltr'><strong>τὸ</strong></span> 
     </span>
    </p>
   </div>
   <div class='ocr_carea' id='block_1_38' title="bbox 2157 929 3748 1005">
    <p class='ocr_par' dir='ltr' id='par_1_38' title="bbox 2157 929 3748 1005">
     <span class='ocr_line' id='line_1_38' title="bbox 2157 929 3748 1005; baseline -0.004 -17"><span class='ocrx_word' id='word_1_265' title='bbox 2157 934 2331 1004; x_wconf 75' lang='grc' dir='ltr'>ὄνομα</span> <span class='ocrx_word' id='word_1_266' title='bbox 2377 932 2568 1005; x_wconf 74' lang='grc' dir='ltr'><strong>αὐτοῦ]</strong></span> <span class='ocrx_word' id='word_1_267' title='bbox 2628 931 2845 1002; x_wconf 82' lang='grc' dir='ltr'><strong>Ἰησοῦν</strong></span> <span class='ocrx_word' id='word_1_268' title='bbox 2894 947 2910 963; x_wconf 72' lang='grc'><strong>⁸</strong></span> <span class='ocrx_word' id='word_1_269' title='bbox 2964 932 3010 964; x_wconf 80' lang='grc'>³⁸</span> <span class='ocrx_word' id='word_1_270' title='bbox 3059 929 3226 994; x_wconf 83' lang='grc' dir='ltr'><strong>αὐτὸς</strong></span> <span class='ocrx_word' id='word_1_271' title='bbox 3289 929 3403 1002; x_wconf 74' lang='grc' dir='ltr'>γὰρ</span> <span class='ocrx_word' id='word_1_272' title='bbox 3451 929 3620 983; x_wconf 79' lang='grc' dir='ltr'>σώσει</span> <span class='ocrx_word' id='word_1_273' title='bbox 3651 929 3748 984; x_wconf 87' lang='grc' dir='ltr'><strong>τὸν</strong></span> 
     </span>
    </p>
   </div>
   <div class='ocr_carea' id='block_1_39' title="bbox 2159 1021 3748 1095">
    <p class='ocr_par' dir='ltr' id='par_1_39' title="bbox 2159 1021 3748 1095">
     <span class='ocr_line' id='line_1_39' title="bbox 2159 1021 3748 1095; baseline -0.003 -17"><span class='ocrx_word' id='word_1_274' title='bbox 2159 1024 2289 1080; x_wconf 93' lang='grc' dir='ltr'>λαὸν</span> <span class='ocrx_word' id='word_1_275' title='bbox 2324 1025 2496 1079; x_wconf 79' lang='grc' dir='ltr'>αὐτοῦ</span> <span class='ocrx_word' id='word_1_276' title='bbox 2525 1024 2636 1079; x_wconf 77' lang='grc' dir='ltr'><strong>ἀπὸ</strong></span> <span class='ocrx_word' id='word_1_277' title='bbox 2662 1023 2773 1077; x_wconf 87' lang='grc' dir='ltr'>τῶν</span> <span class='ocrx_word' id='word_1_278' title='bbox 2808 1021 3100 1095; x_wconf 77' lang='grc' dir='ltr'>αμαρτιῶν</span> <span class='ocrx_word' id='word_1_279' title='bbox 3140 1021 3345 1076; x_wconf 80' lang='grc' dir='ltr'><strong>αὐτῶν.</strong></span> <span class='ocrx_word' id='word_1_280' title='bbox 3396 1041 3416 1074; x_wconf 72' lang='grc' dir='ltr'><strong>ι</strong></span> <span class='ocrx_word' id='word_1_281' title='bbox 3458 1021 3634 1076; x_wconf 85' lang='grc' dir='ltr'><strong>Ὅταν</strong></span> <span class='ocrx_word' id='word_1_282' title='bbox 3687 1021 3748 1076; x_wconf 76' lang='grc' dir='ltr'><strong>δὲ</strong></span> 
     </span>
    </p>
   </div>
   <div class='ocr_carea' id='block_1_40' title="bbox 2158 1111 3750 1187">
    <p class='ocr_par' dir='ltr' id='par_1_40' title="bbox 2158 1111 3750 1187">
     <span class='ocr_line' id='line_1_40' title="bbox 2158 1111 3750 1187; baseline -0.004 -15"><span class='ocrx_word' id='word_1_283' title='bbox 2158 1117 2409 1187; x_wconf 76' lang='grc' dir='ltr'>λέγωμεν</span> <span class='ocrx_word' id='word_1_284' title='bbox 2425 1115 2634 1170; x_wconf 75' lang='grc' dir='ltr'>ἄνωθεν</span> <span class='ocrx_word' id='word_1_285' title='bbox 2653 1115 2714 1180; x_wconf 72' lang='grc' dir='ltr'><strong>ἐξ</strong></span> <span class='ocrx_word' id='word_1_286' title='bbox 2733 1114 2966 1186; x_wconf 78' lang='grc' dir='ltr'>ούρανοῦ</span> <span class='ocrx_word' id='word_1_287' title='bbox 2994 1113 3086 1168; x_wconf 85' lang='grc' dir='ltr'><strong>τὸν</strong></span> <span class='ocrx_word' id='word_1_288' title='bbox 3112 1113 3323 1184; x_wconf 81' lang='grc' dir='ltr'><strong>Κύριον</strong></span> <span class='ocrx_word' id='word_1_289' title='bbox 3341 1112 3502 1184; x_wconf 76' lang='grc' dir='ltr'>ἡμῶν</span> <span class='ocrx_word' id='word_1_290' title='bbox 3541 1111 3750 1184; x_wconf 82' lang='grc' dir='ltr'><strong>Ἰησοῦν</strong></span> 
     </span>
    </p>
   </div>
   <div class='ocr_carea' id='block_1_41' title="bbox 2158 1203 3748 1280">
    <p class='ocr_par' dir='ltr' id='par_1_41' title="bbox 2158 1203 3748 1280">
     <span class='ocr_line' id='line_1_41' title="bbox 2158 1203 3748 1280; baseline -0.004 -17"><span class='ocrx_word' id='word_1_291' title='bbox 2158 1209 2399 1280; x_wconf 88' lang='grc' dir='ltr'>Χριστὸν</span> <span class='ocrx_word' id='word_1_292' title='bbox 2432 1209 2476 1240; x_wconf 80' lang='grc'><strong>⁸⁸</strong></span> <span class='ocrx_word' id='word_1_293' title='bbox 2499 1208 2624 1278; x_wconf 83' lang='grc' dir='ltr'><strong>οὐχ,</strong></span> <span class='ocrx_word' id='word_1_294' title='bbox 2660 1208 2735 1270; x_wconf 77' lang='grc' dir='ltr'><strong>ὡς</strong></span> <span class='ocrx_word' id='word_1_295' title='bbox 2767 1207 2979 1261; x_wconf 76' lang='grc' dir='ltr'>ἄνωθεν</span> <span class='ocrx_word' id='word_1_296' title='bbox 3010 1205 3070 1271; x_wconf 80' lang='grc' dir='ltr'>ἐξ</span> <span class='ocrx_word' id='word_1_297' title='bbox 3119 1203 3353 1274; x_wconf 79' lang='grc' dir='ltr'>ούρανοῦ</span> <span class='ocrx_word' id='word_1_298' title='bbox 3395 1203 3748 1274; x_wconf 83' lang='grc' dir='ltr'><strong>κατενεχθεί-</strong></span> 
     </span>
    </p>
   </div>
   <div class='ocr_carea' id='block_1_42' title="bbox 2161 1293 3775 1372">
    <p class='ocr_par' dir='ltr' id='par_1_42' title="bbox 2161 1293 3775 1372">
     <span class='ocr_line' id='line_1_42' title="bbox 2161 1293 3775 1372; baseline -0.003 -18"><span class='ocrx_word' id='word_1_299' title='bbox 2161 1318 2264 1372; x_wconf 88' lang='grc' dir='ltr'><strong>σης</strong></span> <span class='ocrx_word' id='word_1_300' title='bbox 2295 1301 2400 1371; x_wconf 80' lang='grc' dir='ltr'><strong>τῆς</strong></span> <span class='ocrx_word' id='word_1_301' title='bbox 2434 1300 2598 1368; x_wconf 84' lang='grc' dir='ltr'>ἁγίας</span> <span class='ocrx_word' id='word_1_302' title='bbox 2630 1297 2798 1352; x_wconf 77' lang='grc' dir='ltr'><strong>αὐτοῦ</strong></span> <span class='ocrx_word' id='word_1_303' title='bbox 2833 1298 3062 1367; x_wconf 83' lang='grc' dir='ltr'><strong>σαρκὸς,</strong></span> <span class='ocrx_word' id='word_1_304' title='bbox 3089 1296 3268 1351; x_wconf 76' lang='grc' dir='ltr'>ταῦτα</span> <span class='ocrx_word' id='word_1_305' title='bbox 3294 1313 3502 1369; x_wconf 76' lang='grc' dir='ltr'>φαμεν,</span> <span class='ocrx_word' id='word_1_306' title='bbox 3532 1297 3649 1351; x_wconf 84' lang='grc' dir='ltr'>ἀλλ’</span> <span class='ocrx_word' id='word_1_307' title='bbox 3672 1293 3775 1360; x_wconf 80' lang='grc' dir='ltr'><strong>ὡς’</strong></span> 
     </span>
    </p>
   </div>
   <div class='ocr_carea' id='block_1_43' title="bbox 2159 1388 3750 1462">
    <p class='ocr_par' dir='ltr' id='par_1_43' title="bbox 2159 1388 3750 1462">
     <span class='ocr_line' id='line_1_43' title="bbox 2159 1388 3750 1462; baseline -0.002 -18"><span class='ocrx_word' id='word_1_308' title='bbox 2159 1389 2512 1462; x_wconf 74' lang='grc' dir='ltr'><strong>ἑπόμενοιτῷ</strong></span> <span class='ocrx_word' id='word_1_309' title='bbox 2529 1390 2672 1461; x_wconf 81' lang='grc' dir='ltr'>ἁγίῳ</span> <span class='ocrx_word' id='word_1_310' title='bbox 2693 1389 2738 1422; x_wconf 84' lang='grc'><strong><em>³⁸</em></strong></span> <span class='ocrx_word' id='word_1_311' title='bbox 2769 1389 2970 1461; x_wconf 83' lang='grc' dir='ltr'><strong>Παύλῳ</strong></span> <span class='ocrx_word' id='word_1_312' title='bbox 2994 1389 3262 1460; x_wconf 81' lang='grc' dir='ltr'><strong>φάσκοντι</strong></span> <span class='ocrx_word' id='word_1_313' title='bbox 3279 1390 3351 1421; x_wconf 89' lang='grc'><strong>³³·</strong></span> <span class='ocrx_word' id='word_1_314' title='bbox 3389 1407 3408 1441; x_wconf 82' lang='grc' dir='ltr'><strong>ι</strong></span> <span class='ocrx_word' id='word_1_315' title='bbox 3451 1389 3510 1443; x_wconf 91' lang='grc'><strong>’0</strong></span> <span class='ocrx_word' id='word_1_316' title='bbox 3532 1388 3750 1460; x_wconf 84' lang='grc' dir='ltr'>πρῶτος</span> 
     </span>
    </p>
   </div>
   <div class='ocr_carea' id='block_1_44' title="bbox 2159 1479 3750 1554">
    <p class='ocr_par' dir='ltr' id='par_1_44' title="bbox 2159 1479 3750 1554">
     <span class='ocr_line' id='line_1_44' title="bbox 2159 1479 3750 1554; baseline -0.003 -16"><span class='ocrx_word' id='word_1_317' title='bbox 2159 1483 2449 1554; x_wconf 76' lang='grc' dir='ltr'><strong>ἄνθρωπος</strong></span> <span class='ocrx_word' id='word_1_318' title='bbox 2477 1485 2544 1538; x_wconf 83' lang='grc' dir='ltr'><strong>ὲκ</strong></span> <span class='ocrx_word' id='word_1_319' title='bbox 2587 1483 2692 1554; x_wconf 84' lang='grc' dir='ltr'>γῆς</span> <span class='ocrx_word' id='word_1_320' title='bbox 2721 1482 2927 1552; x_wconf 84' lang='grc' dir='ltr'><strong>χοῖκὸς,</strong></span> <span class='ocrx_word' id='word_1_321' title='bbox 2979 1483 3008 1534; x_wconf 94' lang='lat'><strong>6</strong></span> <span class='ocrx_word' id='word_1_322' title='bbox 3039 1480 3295 1552; x_wconf 78' lang='grc' dir='ltr'><strong>δεύτερος</strong></span> <span class='ocrx_word' id='word_1_323' title='bbox 3329 1479 3661 1552; x_wconf 77' lang='grc' dir='ltr'>(ἅνθρωπος)</span> <span class='ocrx_word' id='word_1_324' title='bbox 3719 1482 3750 1533; x_wconf 98' lang='lat'><strong>6</strong></span> 
     </span>
    </p>
   </div>
   <div class='ocr_carea' id='block_1_45' title="bbox 2159 1571 3749 1646">
    <p class='ocr_par' dir='ltr' id='par_1_45' title="bbox 2159 1571 3749 1646">
     <span class='ocr_line' id='line_1_45' title="bbox 2159 1571 3749 1646; baseline -0.004 -17"><span class='ocrx_word' id='word_1_325' title='bbox 2159 1576 2365 1646; x_wconf 82' lang='grc' dir='ltr'>Κύριος</span> <span class='ocrx_word' id='word_1_326' title='bbox 2398 1575 2461 1640; x_wconf 79' lang='grc' dir='ltr'>ἐξ</span> <span class='ocrx_word' id='word_1_327' title='bbox 2487 1573 2746 1645; x_wconf 73' lang='grc' dir='ltr'><strong>ούρανοῦ.</strong></span> <span class='ocrx_word' id='word_1_328' title='bbox 2779 1593 2798 1626; x_wconf 85' lang='grc'>›</span> <span class='ocrx_word' id='word_1_329' title='bbox 2833 1572 3188 1643; x_wconf 82' lang='grc' dir='ltr'><strong>Μεμνήμεθα</strong></span> <span class='ocrx_word' id='word_1_330' title='bbox 3210 1572 3257 1605; x_wconf 72' lang='grc'><strong><em>⁸⁵</em></strong></span> <span class='ocrx_word' id='word_1_331' title='bbox 3284 1571 3378 1624; x_wconf 78' lang='grc' dir='ltr'><strong>καὶ</strong></span> <span class='ocrx_word' id='word_1_332' title='bbox 3413 1572 3458 1604; x_wconf 84' lang='grc'><strong><em>³⁸</em></strong></span> <span class='ocrx_word' id='word_1_333' title='bbox 3502 1571 3599 1624; x_wconf 79' lang='grc' dir='ltr'>τοῦ</span> <span class='ocrx_word' id='word_1_334' title='bbox 3642 1571 3749 1624; x_wconf 81' lang='lat' dir='ltr'><strong>Ku-</strong></span> 
     </span>
    </p>
   </div>
   <div class='ocr_carea' id='block_1_46' title="bbox 2163 1662 3752 1741">
    <p class='ocr_par' dir='ltr' id='par_1_46' title="bbox 2163 1662 3752 1741">
     <span class='ocr_line' id='line_1_46' title="bbox 2163 1662 3752 1741; baseline -0.003 -20"><span class='ocrx_word' id='word_1_335' title='bbox 2163 1669 2282 1741; x_wconf 89' lang='grc' dir='ltr'>ρίου</span> <span class='ocrx_word' id='word_1_336' title='bbox 2303 1668 2558 1737; x_wconf 78' lang='grc' dir='ltr'>λέγοντος</span> <span class='ocrx_word' id='word_1_337' title='bbox 2580 1667 2626 1699; x_wconf 81' lang='grc'><strong><em>³⁸</em></strong></span> <span class='ocrx_word' id='word_1_338' title='bbox 2645 1682 2660 1698; x_wconf 78' lang='grc' dir='ltr'><strong>ο</strong></span> <span class='ocrx_word' id='word_1_339' title='bbox 2697 1685 2715 1718; x_wconf 84' lang='grc' dir='ltr'><strong>ι</strong></span> <span class='ocrx_word' id='word_1_340' title='bbox 2747 1665 2940 1730; x_wconf 79' lang='grc' dir='ltr'><strong>Οὐδεὶς</strong></span> <span class='ocrx_word' id='word_1_341' title='bbox 2969 1664 3316 1735; x_wconf 71' lang='grc' dir='ltr'><strong>ἀναϐέϐηκεν</strong></span> <span class='ocrx_word' id='word_1_342' title='bbox 3344 1664 3425 1726; x_wconf 84' lang='grc' dir='ltr'><strong>εἰς</strong></span> <span class='ocrx_word' id='word_1_343' title='bbox 3452 1662 3544 1716; x_wconf 85' lang='grc' dir='ltr'><strong>τὸν</strong></span> <span class='ocrx_word' id='word_1_344' title='bbox 3581 1663 3752 1732; x_wconf 83' lang='grc' dir='ltr'>ούρα-</span> 
     </span>
    </p>
   </div>
   <div class='ocr_carea' id='block_1_47' title="bbox 2160 1753 3746 1832">
    <p class='ocr_par' dir='ltr' id='par_1_47' title="bbox 2160 1753 3746 1832">
     <span class='ocr_line' id='line_1_47' title="bbox 2160 1753 3746 1832; baseline -0.007 -15"><span class='ocrx_word' id='word_1_345' title='bbox 2160 1762 2251 1817; x_wconf 84' lang='grc' dir='ltr'><strong>νὸν</strong></span> <span class='ocrx_word' id='word_1_346' title='bbox 2281 1763 2331 1814; x_wconf 83' lang='grc' dir='ltr'><strong>εἰ</strong></span> <span class='ocrx_word' id='word_1_347' title='bbox 2364 1761 2440 1832; x_wconf 73' lang='grc' dir='ltr'>μὴ</span> <span class='ocrx_word' id='word_1_348' title='bbox 2470 1761 2499 1813; x_wconf 93' lang='lat'><strong>6</strong></span> <span class='ocrx_word' id='word_1_349' title='bbox 2531 1761 2597 1814; x_wconf 80' lang='grc' dir='ltr'><strong>ἐκ</strong></span> <span class='ocrx_word' id='word_1_350' title='bbox 2623 1758 2718 1813; x_wconf 80' lang='grc' dir='ltr'><strong>τοῦ</strong></span> <span class='ocrx_word' id='word_1_351' title='bbox 2746 1757 2984 1830; x_wconf 80' lang='grc' dir='ltr'>ούρανοῦ</span> <span class='ocrx_word' id='word_1_352' title='bbox 3008 1756 3280 1822; x_wconf 68' lang='grc' dir='ltr'><strong>καταϐὰς,</strong></span> <span class='ocrx_word' id='word_1_353' title='bbox 3305 1755 3335 1807; x_wconf 92' lang='lat'><strong>6</strong></span> <span class='ocrx_word' id='word_1_354' title='bbox 3366 1754 3496 1818; x_wconf 88' lang='grc' dir='ltr'>Υίὸς</span> <span class='ocrx_word' id='word_1_355' title='bbox 3524 1753 3622 1807; x_wconf 81' lang='grc' dir='ltr'>τοῦ</span> <span class='ocrx_word' id='word_1_356' title='bbox 3651 1754 3746 1807; x_wconf 80' lang='grc' dir='ltr'><strong>ἀν-</strong></span> 
     </span>
    </p>
   </div>
   <div class='ocr_carea' id='block_1_48' title="bbox 2158 1847 3748 1928">
    <p class='ocr_par' dir='ltr' id='par_1_48' title="bbox 2158 1847 3748 1928">
     <span class='ocr_line' id='line_1_48' title="bbox 2158 1847 3748 1928; baseline -0.007 -16"><span class='ocrx_word' id='word_1_357' title='bbox 2158 1856 2410 1928; x_wconf 81' lang='grc' dir='ltr'><strong>θρώπου,</strong></span> <span class='ocrx_word' id='word_1_358' title='bbox 2443 1873 2463 1907; x_wconf 73' lang='grc' dir='ltr'><strong>ι</strong></span> <span class='ocrx_word' id='word_1_359' title='bbox 2495 1855 2684 1908; x_wconf 71' lang='grc' dir='ltr'>καίτοι</span> <span class='ocrx_word' id='word_1_360' title='bbox 2715 1853 3046 1924; x_wconf 80' lang='grc' dir='ltr'>γεγέννηται</span> <span class='ocrx_word' id='word_1_361' title='bbox 3071 1850 3170 1923; x_wconf 87' lang='grc' dir='ltr'><strong>(ὡς</strong></span> <span class='ocrx_word' id='word_1_362' title='bbox 3217 1847 3462 1921; x_wconf 72' lang='grc' dir='ltr'><strong>εἴρηται)</strong></span> <span class='ocrx_word' id='word_1_363' title='bbox 3493 1849 3680 1919; x_wconf 77' lang='grc' dir='ltr'><strong>σάρκα</strong></span> <span class='ocrx_word' id='word_1_364' title='bbox 3703 1847 3748 1879; x_wconf 72' lang='grc' dir='ltr'><strong>’τ</strong></span> 
     </span>
    </p>
   </div>
   <div class='ocr_carea' id='block_1_49' title="bbox 2157 1939 3751 2020">
    <p class='ocr_par' dir='ltr' id='par_1_49' title="bbox 2157 1939 3751 2020">
     <span class='ocr_line' id='line_1_49' title="bbox 2157 1939 3751 2020; baseline -0.008 -15"><span class='ocrx_word' id='word_1_365' title='bbox 2157 1953 2224 2005; x_wconf 65' lang='grc' dir='ltr'><strong>ὲκ</strong></span> <span class='ocrx_word' id='word_1_366' title='bbox 2259 1950 2360 2020; x_wconf 83' lang='grc' dir='ltr'><strong>τῆς</strong></span> <span class='ocrx_word' id='word_1_367' title='bbox 2399 1948 2564 2017; x_wconf 81' lang='grc' dir='ltr'><strong>ἁγίας</strong></span> <span class='ocrx_word' id='word_1_368' title='bbox 2595 1945 2878 2018; x_wconf 83' lang='grc' dir='ltr'><strong>Παρθένου</strong></span> <span class='ocrx_word' id='word_1_369' title='bbox 2901 1943 3108 1998; x_wconf 77' lang='grc' dir='ltr'>λαϐὼν.</span> <span class='ocrx_word' id='word_1_370' title='bbox 3156 1940 3382 2013; x_wconf 75' lang='grc' dir='ltr'>Ἐπειδὴ</span> <span class='ocrx_word' id='word_1_371' title='bbox 3402 1942 3459 1995; x_wconf 83' lang='grc' dir='ltr'><strong>δὲ</strong></span> <span class='ocrx_word' id='word_1_372' title='bbox 3484 1943 3512 1995; x_wconf 92' lang='lat'><strong>6</strong></span> <span class='ocrx_word' id='word_1_373' title='bbox 3538 1939 3751 1996; x_wconf 77' lang='grc' dir='ltr'><strong>ἄνωθεν</strong></span> 
     </span>
    </p>
   </div>
   <div class='ocr_carea' id='block_1_50' title="bbox 2156 2033 3751 2114">
    <p class='ocr_par' dir='ltr' id='par_1_50' title="bbox 2156 2033 3751 2114">
     <span class='ocr_line' id='line_1_50' title="bbox 2156 2033 3751 2114; baseline -0.009 -15"><span class='ocrx_word' id='word_1_374' title='bbox 2156 2045 2216 2110; x_wconf 77' lang='grc' dir='ltr'>ἐξ</span> <span class='ocrx_word' id='word_1_375' title='bbox 2237 2042 2475 2114; x_wconf 77' lang='grc' dir='ltr'>ούρανοῦ</span> <span class='ocrx_word' id='word_1_376' title='bbox 2501 2042 2915 2111; x_wconf 83' lang='grc' dir='ltr'><strong>καταφοιτήσας</strong></span> <span class='ocrx_word' id='word_1_377' title='bbox 2933 2038 3068 2100; x_wconf 76' lang='grc' dir='ltr'><strong>Θεὸς</strong></span> <span class='ocrx_word' id='word_1_378' title='bbox 3093 2037 3268 2105; x_wconf 77' lang='grc' dir='ltr'><strong>Λόγος</strong></span> <span class='ocrx_word' id='word_1_379' title='bbox 3305 2054 3324 2088; x_wconf 84' lang='grc' dir='ltr'><strong>ι</strong></span> <span class='ocrx_word' id='word_1_380' title='bbox 3363 2035 3675 2089; x_wconf 79' lang='grc' dir='ltr'>κεκένωκεν</span> <span class='ocrx_word' id='word_1_381' title='bbox 3704 2033 3751 2064; x_wconf 82' lang='grc'><strong>³⁸</strong></span> 
     </span>
    </p>
   </div>
   <div class='ocr_carea' id='block_1_51' title="bbox 2156 2128 3752 2208">
    <p class='ocr_par' dir='ltr' id='par_1_51' title="bbox 2156 2128 3752 2208">
     <span class='ocr_line' id='line_1_51' title="bbox 2156 2128 3752 2208; baseline -0.008 -17"><span class='ocrx_word' id='word_1_382' title='bbox 2156 2136 2353 2191; x_wconf 74' lang='grc' dir='ltr'><strong>ἑαυτὸν</strong></span> <span class='ocrx_word' id='word_1_383' title='bbox 2386 2135 2604 2208; x_wconf 84' lang='grc' dir='ltr'>μορφὴν</span> <span class='ocrx_word' id='word_1_384' title='bbox 2652 2133 2844 2188; x_wconf 88' lang='grc' dir='ltr'>δούλου</span> <span class='ocrx_word' id='word_1_385' title='bbox 2876 2130 3062 2185; x_wconf 75' lang='grc' dir='ltr'>λαϐὼν</span> <span class='ocrx_word' id='word_1_386' title='bbox 3110 2150 3128 2183; x_wconf 75' lang='grc' dir='ltr'><strong>ι</strong></span> <span class='ocrx_word' id='word_1_387' title='bbox 3171 2132 3269 2184; x_wconf 78' lang='grc' dir='ltr'><strong>καὶ</strong></span> <span class='ocrx_word' id='word_1_388' title='bbox 3335 2128 3752 2199; x_wconf 80' lang='grc' dir='ltr'>κεχρημάτικεν</span> 
     </span>
    </p>
   </div>
   <div class='ocr_carea' id='block_1_52' title="bbox 2155 2213 3750 2299">
    <p class='ocr_par' dir='ltr' id='par_1_52' title="bbox 2155 2213 3750 2299">
     <span class='ocr_line' id='line_1_52' title="bbox 2155 2213 3750 2299; baseline -0.009 -16"><span class='ocrx_word' id='word_1_389' title='bbox 2155 2226 2449 2299; x_wconf 83' lang='grc' dir='ltr'><strong>ἀνθρώπου</strong></span> <span class='ocrx_word' id='word_1_390' title='bbox 2519 2224 2650 2288; x_wconf 80' lang='grc' dir='ltr'><strong>Υἱὸς</strong></span> <span class='ocrx_word' id='word_1_391' title='bbox 2709 2223 2851 2295; x_wconf 83' lang='grc' dir='ltr'>μετὰ</span> <span class='ocrx_word' id='word_1_392' title='bbox 2908 2221 3006 2276; x_wconf 82' lang='grc' dir='ltr'><strong>τοῦ</strong></span> <span class='ocrx_word' id='word_1_393' title='bbox 3053 2222 3236 2290; x_wconf 79' lang='grc' dir='ltr'>μεῖναι</span> <span class='ocrx_word' id='word_1_394' title='bbox 3276 2218 3306 2272; x_wconf 85' lang='lat'><strong>6</strong></span> <span class='ocrx_word' id='word_1_395' title='bbox 3346 2213 3438 2290; x_wconf 79' lang='grc' dir='ltr'><strong>ἦν,</strong></span> <span class='ocrx_word' id='word_1_396' title='bbox 3495 2217 3750 2270; x_wconf 77' lang='grc' dir='ltr'><strong>τουτέστι</strong></span> 
     </span>
    </p>
   </div>
   <div class='ocr_carea' id='block_1_53' title="bbox 2155 2306 3747 2388">
    <p class='ocr_par' dir='ltr' id='par_1_53' title="bbox 2155 2306 3747 2388">
     <span class='ocr_line' id='line_1_53' title="bbox 2155 2306 3747 2388; baseline -0.011 -14"><span class='ocrx_word' id='word_1_397' title='bbox 2155 2320 2310 2385; x_wconf 84' lang='grc' dir='ltr'><strong>Θεὸς,</strong></span> <span class='ocrx_word' id='word_1_398' title='bbox 2341 2349 2411 2361; x_wconf 90' lang='lat'><strong>—-</strong></span> <span class='ocrx_word' id='word_1_399' title='bbox 2437 2318 2710 2388; x_wconf 77' lang='grc' dir='ltr'><strong>ἄτρεπτος</strong></span> <span class='ocrx_word' id='word_1_400' title='bbox 2739 2314 2851 2386; x_wconf 78' lang='grc' dir='ltr'>γὰρ</span> <span class='ocrx_word' id='word_1_401' title='bbox 2891 2313 2986 2368; x_wconf 79' lang='grc' dir='ltr'><strong>καὶ</strong></span> <span class='ocrx_word' id='word_1_402' title='bbox 3015 2309 3378 2372; x_wconf 80' lang='grc' dir='ltr'><strong>ἀναλλοίωτος</strong></span> <span class='ocrx_word' id='word_1_403' title='bbox 3407 2308 3551 2361; x_wconf 69' lang='grc' dir='ltr'><strong>κατὰ</strong></span> <span class='ocrx_word' id='word_1_404' title='bbox 3581 2306 3747 2376; x_wconf 84' lang='grc' dir='ltr'>φύσιν</span> 
     </span>
    </p>
   </div>
   <div class='ocr_carea' id='block_1_54' title="bbox 2155 2396 3746 2481">
    <p class='ocr_par' dir='ltr' id='par_1_54' title="bbox 2155 2396 3746 2481">
     <span class='ocr_line' id='line_1_54' title="bbox 2155 2396 3746 2481; baseline -0.011 -15"><span class='ocrx_word' id='word_1_405' title='bbox 2155 2413 2401 2478; x_wconf 75' lang='grc' dir='ltr'><strong>ὲστὶν,--</strong></span> <span class='ocrx_word' id='word_1_406' title='bbox 2424 2411 2500 2474; x_wconf 82' lang='grc' dir='ltr'><strong>ὼς</strong></span> <span class='ocrx_word' id='word_1_407' title='bbox 2521 2405 2602 2474; x_wconf 80' lang='grc' dir='ltr'><strong>εἷς</strong></span> <span class='ocrx_word' id='word_1_408' title='bbox 2623 2408 2729 2481; x_wconf 74' lang='grc' dir='ltr'><strong>ήδη</strong></span> <span class='ocrx_word' id='word_1_409' title='bbox 2759 2405 3053 2478; x_wconf 89' lang='grc' dir='ltr'>νοούμενος</span> <span class='ocrx_word' id='word_1_410' title='bbox 3079 2403 3217 2475; x_wconf 74' lang='grc' dir='ltr'>μετὰ</span> <span class='ocrx_word' id='word_1_411' title='bbox 3248 2403 3349 2471; x_wconf 78' lang='grc' dir='ltr'><strong>τῆς</strong></span> <span class='ocrx_word' id='word_1_412' title='bbox 3376 2401 3512 2464; x_wconf 78' lang='grc' dir='ltr'><strong>ιδίας</strong></span> <span class='ocrx_word' id='word_1_413' title='bbox 3543 2396 3746 2464; x_wconf 79' lang='grc' dir='ltr'><strong>σαρκὸς</strong></span> 
     </span>
    </p>
   </div>
   <div class='ocr_carea' id='block_1_55' title="bbox 2154 2489 3749 2577">
    <p class='ocr_par' dir='ltr' id='par_1_55' title="bbox 2154 2489 3749 2577">
     <span class='ocr_line' id='line_1_55' title="bbox 2154 2489 3749 2577; baseline -0.011 -17"><span class='ocrx_word' id='word_1_414' title='bbox 2154 2508 2217 2572; x_wconf 76' lang='grc' dir='ltr'><strong>ἐξ</strong></span> <span class='ocrx_word' id='word_1_415' title='bbox 2243 2508 2296 2560; x_wconf 74' lang='grc' dir='ltr'><strong>ο⁵</strong></span> <span class='ocrx_word' id='word_1_416' title='bbox 2316 2505 2480 2577; x_wconf 79' lang='grc' dir='ltr'><strong>ρανοῦ</strong></span> <span class='ocrx_word' id='word_1_417' title='bbox 2507 2504 2730 2572; x_wconf 87' lang='grc' dir='ltr'>λέγεται</span> <span class='ocrx_word' id='word_1_418' title='bbox 2759 2501 3067 2556; x_wconf 78' lang='grc' dir='ltr'><strong>κατελθεῖν.</strong></span> <span class='ocrx_word' id='word_1_419' title='bbox 3085 2499 3418 2568; x_wconf 82' lang='grc' dir='ltr'>Ὠνόμασται</span> <span class='ocrx_word' id='word_1_420' title='bbox 3443 2493 3500 2547; x_wconf 75' lang='grc' dir='ltr'><strong>δὲ</strong></span> <span class='ocrx_word' id='word_1_421' title='bbox 3530 2493 3624 2546; x_wconf 76' lang='grc' dir='ltr'><strong>καὶ</strong></span> <span class='ocrx_word' id='word_1_422' title='bbox 3660 2489 3749 2543; x_wconf 73' lang='grc' dir='ltr'><strong>ἄν·</strong></span> 
     </span>
    </p>
   </div>
   <div class='ocr_carea' id='block_1_56' title="bbox 2155 2584 3745 2672">
    <p class='ocr_par' dir='ltr' id='par_1_56' title="bbox 2155 2584 3745 2672">
     <span class='ocr_line' id='line_1_56' title="bbox 2155 2584 3745 2672; baseline -0.012 -18"><span class='ocrx_word' id='word_1_423' title='bbox 2155 2602 2374 2672; x_wconf 87' lang='grc' dir='ltr'><strong>θρωπος</strong></span> <span class='ocrx_word' id='word_1_424' title='bbox 2419 2599 2479 2665; x_wconf 75' lang='grc' dir='ltr'><strong>ἐξ</strong></span> <span class='ocrx_word' id='word_1_425' title='bbox 2529 2595 2786 2668; x_wconf 82' lang='grc' dir='ltr'><strong>ούρανοῦ,</strong></span> <span class='ocrx_word' id='word_1_426' title='bbox 2835 2595 3039 2658; x_wconf 87' lang='grc' dir='ltr'>τέλειος</span> <span class='ocrx_word' id='word_1_427' title='bbox 3065 2591 3140 2646; x_wconf 79' lang='grc' dir='ltr'><strong>ὢν</strong></span> <span class='ocrx_word' id='word_1_428' title='bbox 3175 2593 3232 2643; x_wconf 73' lang='grc' dir='ltr'><strong>ἐν</strong></span> <span class='ocrx_word' id='word_1_429' title='bbox 3253 2590 3487 2656; x_wconf 84' lang='grc' dir='ltr'><strong>θεότητι,</strong></span> <span class='ocrx_word' id='word_1_430' title='bbox 3520 2585 3615 2638; x_wconf 76' lang='grc' dir='ltr'><strong>καὶ</strong></span> <span class='ocrx_word' id='word_1_431' title='bbox 3653 2584 3745 2636; x_wconf 74' lang='grc' dir='ltr'><strong>τι-</strong></span> 
     </span>
    </p>
   </div>
   <div class='ocr_carea' id='block_1_57' title="bbox 2152 2675 3741 2760">
    <p class='ocr_par' dir='ltr' id='par_1_57' title="bbox 2152 2675 3741 2760">
     <span class='ocr_line' id='line_1_57' title="bbox 2152 2675 3741 2760; baseline -0.014 -12"><span class='ocrx_word' id='word_1_432' title='bbox 2152 2695 2295 2758; x_wconf 86' lang='grc' dir='ltr'>λειος</span> <span class='ocrx_word' id='word_1_433' title='bbox 2318 2696 2345 2747; x_wconf 94' lang='lat'><strong>6</strong></span> <span class='ocrx_word' id='word_1_434' title='bbox 2361 2691 2522 2756; x_wconf 81' lang='grc' dir='ltr'><strong>αὐτὸς</strong></span> <span class='ocrx_word' id='word_1_435' title='bbox 2540 2692 2599 2743; x_wconf 80' lang='grc' dir='ltr'>έν</span> <span class='ocrx_word' id='word_1_436' title='bbox 2615 2690 2713 2744; x_wconf 83' lang='grc' dir='ltr'><strong>ἀνθ</strong></span> <span class='ocrx_word' id='word_1_437' title='bbox 2724 2688 3018 2760; x_wconf 65' lang='grc' dir='ltr'>ρωπότιγτι,</span> <span class='ocrx_word' id='word_1_438' title='bbox 3047 2685 3142 2740; x_wconf 68' lang='grc' dir='ltr'><strong>καὶ</strong></span> <span class='ocrx_word' id='word_1_439' title='bbox 3168 2683 3243 2746; x_wconf 84' lang='grc' dir='ltr'><strong>ὡς</strong></span> <span class='ocrx_word' id='word_1_440' title='bbox 3260 2685 3316 2736; x_wconf 81' lang='grc' dir='ltr'><strong>έν</strong></span> <span class='ocrx_word' id='word_1_441' title='bbox 3334 2683 3417 2734; x_wconf 76' lang='grc' dir='ltr'><strong>ἑνὶ</strong></span> <span class='ocrx_word' id='word_1_442' title='bbox 3445 2675 3741 2746; x_wconf 79' lang='grc' dir='ltr'>πρωσώπῳ</span> 
     </span>
    </p>
   </div>
   <div class='ocr_carea' id='block_1_58' title="bbox 2153 2764 3739 2855">
    <p class='ocr_par' dir='ltr' id='par_1_58' title="bbox 2153 2764 3739 2855">
     <span class='ocr_line' id='line_1_58' title="bbox 2153 2764 3739 2855; baseline -0.015 -14"><span class='ocrx_word' id='word_1_443' title='bbox 2153 2785 2470 2855; x_wconf 86' lang='grc' dir='ltr'><strong>νοούμενος,</strong></span> <span class='ocrx_word' id='word_1_444' title='bbox 2505 2811 2578 2823; x_wconf 94' lang='grc'><strong><em>-</em></strong></span> <span class='ocrx_word' id='word_1_445' title='bbox 2601 2775 2683 2845; x_wconf 78' lang='grc' dir='ltr'>εἷς</span> <span class='ocrx_word' id='word_1_446' title='bbox 2707 2781 2817 2851; x_wconf 76' lang='grc' dir='ltr'>γὰρ</span> <span class='ocrx_word' id='word_1_447' title='bbox 2842 2778 3049 2851; x_wconf 79' lang='grc' dir='ltr'>Κύριος</span> <span class='ocrx_word' id='word_1_448' title='bbox 3100 2774 3359 2846; x_wconf 74' lang='grc' dir='ltr'><strong>Χριστὸς,</strong></span> <span class='ocrx_word' id='word_1_449' title='bbox 3397 2797 3467 2811; x_wconf 89' lang='lat'><strong>--</strong></span> <span class='ocrx_word' id='word_1_450' title='bbox 3497 2766 3600 2823; x_wconf 76' lang='grc' dir='ltr'><strong>κᾶν</strong></span> <span class='ocrx_word' id='word_1_451' title='bbox 3626 2764 3739 2819; x_wconf 79' lang='grc' dir='ltr'>τῶν</span> 
     </span>
    </p>
   </div>
   <div class='ocr_carea' id='block_1_59' title="bbox 2153 2858 3741 2949">
    <p class='ocr_par' dir='ltr' id='par_1_59' title="bbox 2153 2858 3741 2949">
     <span class='ocr_line' id='line_1_59' title="bbox 2153 2858 3741 2949; baseline -0.023 -3"><span class='ocrx_word' id='word_1_452' title='bbox 2153 2879 2376 2949; x_wconf 76' lang='grc' dir='ltr'>φύσεων</span> <span class='ocrx_word' id='word_1_453' title='bbox 2403 2879 2438 2949; x_wconf 80' lang='grc' dir='ltr'>ἠ</span> <span class='ocrx_word' id='word_1_454' title='bbox 2467 2873 2703 2946; x_wconf 76' lang='grc' dir='ltr'>διαφορὰ</span> <span class='ocrx_word' id='word_1_455' title='bbox 2731 2872 2807 2944; x_wconf 83' lang='grc' dir='ltr'>μὴ</span> <span class='ocrx_word' id='word_1_456' title='bbox 2835 2872 3125 2942; x_wconf 73' lang='grc' dir='ltr'><strong>ἀγνοῆται,</strong></span> <span class='ocrx_word' id='word_1_457' title='bbox 3152 2871 3226 2932; x_wconf 84' lang='grc' dir='ltr'><strong>ὡς</strong></span> <span class='ocrx_word' id='word_1_458' title='bbox 3244 2866 3305 2933; x_wconf 69' lang='grc' dir='ltr'><strong>ἐξ</strong></span> <span class='ocrx_word' id='word_1_459' title='bbox 3330 2859 3405 2918; x_wconf 81' lang='grc' dir='ltr'><strong>ὧν</strong></span> <span class='ocrx_word' id='word_1_460' title='bbox 3434 2862 3534 2932; x_wconf 79' lang='grc' dir='ltr'><strong>τὴν</strong></span> <span class='ocrx_word' id='word_1_461' title='bbox 3561 2858 3741 2929; x_wconf 77' lang='grc' dir='ltr'><strong>ἀπόρ-</strong></span> 
     </span>
    </p>
   </div>
   <div class='ocr_carea' id='block_1_60' title="bbox 2155 2951 3740 3044">
    <p class='ocr_par' dir='ltr' id='par_1_60' title="bbox 2155 2951 3740 3044">
     <span class='ocr_line' id='line_1_60' title="bbox 2155 2951 3740 3044; baseline -0.015 -19"><span class='ocrx_word' id='word_1_462' title='bbox 2155 2975 2322 3044; x_wconf 81' lang='grc' dir='ltr'>ρητον</span> <span class='ocrx_word' id='word_1_463' title='bbox 2355 2968 2554 3023; x_wconf 66' lang='grc' dir='ltr'>ἕνωσίν</span> <span class='ocrx_word' id='word_1_464' title='bbox 2588 2983 2771 3038; x_wconf 82' lang='grc' dir='ltr'>φαμεν</span> <span class='ocrx_word' id='word_1_465' title='bbox 2795 2963 3116 3036; x_wconf 77' lang='grc' dir='ltr'><strong>πεπρᾶχθαι</strong></span> <span class='ocrx_word' id='word_1_466' title='bbox 3141 2977 3156 2993; x_wconf 77' lang='grc' dir='ltr'><strong>ο</strong></span> <span class='ocrx_word' id='word_1_467' title='bbox 3204 2952 3500 3026; x_wconf 79' lang='grc' dir='ltr'>τοιγαροῦν</span> <span class='ocrx_word' id='word_1_468' title='bbox 3542 2951 3740 3022; x_wconf 69' lang='grc' dir='ltr'>ὁμολοο</span> 
     </span>
    </p>
   </div>
   <div class='ocr_carea' id='block_1_61' title="bbox 2151 3044 3742 3135">
    <p class='ocr_par' dir='ltr' id='par_1_61' title="bbox 2151 3044 3742 3135">
     <span class='ocr_line' id='line_1_61' title="bbox 2151 3044 3742 3135; baseline -0.016 -16"><span class='ocrx_word' id='word_1_469' title='bbox 2151 3063 2362 3135; x_wconf 81' lang='grc' dir='ltr'><strong>γοῦμεν</strong></span> <span class='ocrx_word' id='word_1_470' title='bbox 2405 3063 2500 3117; x_wconf 87' lang='grc' dir='ltr'><strong>τὸν</strong></span> <span class='ocrx_word' id='word_1_471' title='bbox 2555 3059 2826 3133; x_wconf 81' lang='grc' dir='ltr'><strong>μονογενῆ</strong></span> <span class='ocrx_word' id='word_1_472' title='bbox 2875 3057 3006 3113; x_wconf 79' lang='grc' dir='ltr'>Υίὸν</span> <span class='ocrx_word' id='word_1_473' title='bbox 3050 3053 3145 3110; x_wconf 80' lang='grc' dir='ltr'><strong>τοῦ</strong></span> <span class='ocrx_word' id='word_1_474' title='bbox 3189 3050 3329 3106; x_wconf 84' lang='grc' dir='ltr'><strong>Θεοῦ</strong></span> <span class='ocrx_word' id='word_1_475' title='bbox 3391 3045 3532 3122; x_wconf 68' lang='grc' dir='ltr'><strong>(καὶ)</strong></span> <span class='ocrx_word' id='word_1_476' title='bbox 3566 3044 3742 3112; x_wconf 83' lang='grc' dir='ltr'>Λόγον</span> 
     </span>
    </p>
   </div>
   <div class='ocr_carea' id='block_1_62' title="bbox 465 3135 2048 3224">
    <p class='ocr_par' dir='ltr' id='par_1_62' title="bbox 465 3151 2042 3217">
     <span class='ocr_line' id='line_1_62' title="bbox 465 3151 2042 3217; baseline 0.004 -14"><span class='ocrx_word' id='word_1_477' title='bbox 465 3167 584 3204; x_wconf 83' lang='grc' dir='ltr'>ι·υιιι</span> <span class='ocrx_word' id='word_1_478' title='bbox 620 3151 766 3206; x_wconf 88' lang='lat' dir='ltr'><strong>enim</strong></span> <span class='ocrx_word' id='word_1_479' title='bbox 793 3159 1117 3206; x_wconf 85' lang='lat' dir='ltr'><strong>naturarum</strong></span> <span class='ocrx_word' id='word_1_480' title='bbox 1147 3153 1278 3208; x_wconf 90' lang='lat' dir='ltr'><strong>unio</strong></span> <span class='ocrx_word' id='word_1_481' title='bbox 1326 3151 1468 3207; x_wconf 80' lang='lat' dir='ltr'><strong>facta</strong></span> <span class='ocrx_word' id='word_1_482' title='bbox 1511 3161 1618 3217; x_wconf 89' lang='lat' dir='ltr'><strong>est,</strong></span> <span class='ocrx_word' id='word_1_483' title='bbox 1674 3154 1820 3209; x_wconf 94' lang='lat' dir='ltr'><strong>unde</strong></span> <span class='ocrx_word' id='word_1_484' title='bbox 1872 3170 2042 3210; x_wconf 91' lang='lat' dir='ltr'><strong>unum</strong></span> 
     </span>
    </p>
   </div>
   <div class='ocr_carea' id='block_1_63' title="bbox 2152 3135 3742 3224">
    <p class='ocr_par' dir='ltr' id='par_1_63' title="bbox 2152 3135 3742 3224">
     <span class='ocr_line' id='line_1_63' title="bbox 2152 3135 3742 3224; baseline -0.014 -13"><span class='ocrx_word' id='word_1_485' title='bbox 2152 3157 2284 3211; x_wconf 83' lang='grc' dir='ltr'><strong>Θεὸν</strong></span> <span class='ocrx_word' id='word_1_486' title='bbox 2311 3155 2522 3210; x_wconf 79' lang='grc' dir='ltr'>τέλειον</span> <span class='ocrx_word' id='word_1_487' title='bbox 2544 3153 2640 3207; x_wconf 77' lang='grc' dir='ltr'><strong>καὶ</strong></span> <span class='ocrx_word' id='word_1_488' title='bbox 2662 3151 2952 3224; x_wconf 79' lang='grc' dir='ltr'><strong>ἄνθρωπον</strong></span> <span class='ocrx_word' id='word_1_489' title='bbox 2975 3147 3203 3214; x_wconf 81' lang='grc' dir='ltr'>τέλειον,</span> <span class='ocrx_word' id='word_1_490' title='bbox 3231 3147 3294 3199; x_wconf 81' lang='grc' dir='ltr'><strong>ὲκ</strong></span> <span class='ocrx_word' id='word_1_491' title='bbox 3312 3141 3492 3214; x_wconf 81' lang='grc' dir='ltr'><strong>ψυχῆς</strong></span> <span class='ocrx_word' id='word_1_492' title='bbox 3515 3135 3742 3207; x_wconf 79' lang='grc' dir='ltr'><strong>λογικῆς</strong></span> 
     </span>
    </p>
   </div>
   <div class='ocr_carea' id='block_1_64' title="bbox 462 3243 2051 3306">
    <p class='ocr_par' dir='ltr' id='par_1_64' title="bbox 462 3243 2051 3306">
     <span class='ocr_line' id='line_1_64' title="bbox 462 3243 2051 3306; baseline 0.001 -8"><span class='ocrx_word' id='word_1_493' title='bbox 462 3243 764 3306; x_wconf 83' lang='lat' dir='ltr'><strong>Christum.</strong></span> <span class='ocrx_word' id='word_1_494' title='bbox 810 3260 976 3298; x_wconf 89' lang='lat' dir='ltr'><strong>unum</strong></span> <span class='ocrx_word' id='word_1_495' title='bbox 1036 3243 1258 3306; x_wconf 87' lang='lat' dir='ltr'><strong>Filium,</strong></span> <span class='ocrx_word' id='word_1_496' title='bbox 1306 3260 1479 3298; x_wconf 91' lang='lat' dir='ltr'><strong>unum</strong></span> <span class='ocrx_word' id='word_1_497' title='bbox 1532 3243 1824 3300; x_wconf 90' lang='lat' dir='ltr'><strong>Dominum</strong></span> <span class='ocrx_word' id='word_1_498' title='bbox 1879 3246 2051 3300; x_wconf 81' lang='lat' dir='ltr'><strong>conli-</strong></span> 
     </span>
    </p>
   </div>
   <div class='ocr_carea' id='block_1_65' title="bbox 467 3334 2051 3405">
    <p class='ocr_par' dir='ltr' id='par_1_65' title="bbox 467 3334 2051 3405">
     <span class='ocr_line' id='line_1_65' title="bbox 467 3334 2051 3405; baseline 0.003 -18"><span class='ocrx_word' id='word_1_499' title='bbox 467 3347 663 3390; x_wconf 90' lang='lat' dir='ltr'><strong>temnr.</strong></span> <span class='ocrx_word' id='word_1_500' title='bbox 705 3334 1016 3390; x_wconf 89' lang='lat' dir='ltr'><strong>Secundum</strong></span> <span class='ocrx_word' id='word_1_501' title='bbox 1069 3335 1234 3405; x_wconf 80' lang='lat' dir='ltr'><strong>igitur</strong></span> <span class='ocrx_word' id='word_1_502' title='bbox 1273 3336 1432 3391; x_wconf 88' lang='lat' dir='ltr'><strong>istam</strong></span> <span class='ocrx_word' id='word_1_503' title='bbox 1484 3335 1788 3392; x_wconf 67' lang='lat' dir='ltr'><strong>inconfusze</strong></span> <span class='ocrx_word' id='word_1_504' title='bbox 1827 3337 2051 3392; x_wconf 80' lang='lat' dir='ltr'><strong>uniouis</strong></span> 
     </span>
    </p>
   </div>
   <div class='ocr_carea' id='block_1_66' title="bbox 463 3427 2050 3499">
    <p class='ocr_par' dir='ltr' id='par_1_66' title="bbox 463 3427 2050 3499">
     <span class='ocr_line' id='line_1_66' title="bbox 463 3427 2050 3499; baseline 0.001 -17"><span class='ocrx_word' id='word_1_505' title='bbox 463 3427 640 3482; x_wconf 79' lang='lat' dir='ltr'><strong>ideam</strong></span> <span class='ocrx_word' id='word_1_506' title='bbox 690 3440 937 3482; x_wconf 82' lang='lat' dir='ltr'><strong>sanctam</strong></span> <span class='ocrx_word' id='word_1_507' title='bbox 989 3427 1266 3497; x_wconf 79' lang='lat' dir='ltr'><strong>Virginem</strong></span> <span class='ocrx_word' id='word_1_508' title='bbox 1305 3444 1432 3484; x_wconf 87' lang='lat' dir='ltr'><strong>vere</strong></span> <span class='ocrx_word' id='word_1_509' title='bbox 1481 3427 1769 3499; x_wconf 87' lang='lat' dir='ltr'><strong>Deiparam</strong></span> <span class='ocrx_word' id='word_1_510' title='bbox 1818 3429 2050 3484; x_wconf 81' lang='lat' dir='ltr'><strong>conﬁte-</strong></span> 
     </span>
    </p>
   </div>
   <div class='ocr_carea' id='block_1_67' title="bbox 466 3518 2049 3589">
    <p class='ocr_par' dir='ltr' id='par_1_67' title="bbox 466 3518 2049 3589">
     <span class='ocr_line' id='line_1_67' title="bbox 466 3518 2049 3589; baseline 0.002 -18"><span class='ocrx_word' id='word_1_511' title='bbox 466 3535 610 3580; x_wconf 88' lang='lat' dir='ltr'><strong>mur,</strong></span> <span class='ocrx_word' id='word_1_512' title='bbox 663 3519 937 3589; x_wconf 88' lang='lat' dir='ltr'><strong>siquidem</strong></span> <span class='ocrx_word' id='word_1_513' title='bbox 981 3519 1130 3574; x_wconf 90' lang='lat' dir='ltr'><strong>Deus</strong></span> <span class='ocrx_word' id='word_1_514' title='bbox 1165 3518 1398 3574; x_wconf 88' lang='lat' dir='ltr'><strong>Verbum</strong></span> <span class='ocrx_word' id='word_1_515' title='bbox 1440 3520 1760 3574; x_wconf 84' lang='lat' dir='ltr'><strong>incarnatus</strong></span> <span class='ocrx_word' id='word_1_516' title='bbox 1792 3529 1846 3574; x_wconf 90' lang='lat' dir='ltr'><strong>et</strong></span> <span class='ocrx_word' id='word_1_517' title='bbox 1883 3521 2049 3574; x_wconf 89' lang='lat' dir='ltr'><strong>homo</strong></span> 
     </span>
    </p>
   </div>
   <div class='ocr_carea' id='block_1_68' title="bbox 464 3610 2046 3683">
    <p class='ocr_par' dir='ltr' id='par_1_68' title="bbox 464 3610 2046 3683">
     <span class='ocr_line' id='line_1_68' title="bbox 464 3610 2046 3683; baseline 0.003 -20"><span class='ocrx_word' id='word_1_518' title='bbox 464 3610 645 3666; x_wconf 79' lang='lat' dir='ltr'><strong>factus</strong></span> <span class='ocrx_word' id='word_1_519' title='bbox 693 3621 797 3675; x_wconf 89' lang='lat' dir='ltr'><strong>est,</strong></span> <span class='ocrx_word' id='word_1_520' title='bbox 845 3621 1007 3683; x_wconf 90' lang='lat' dir='ltr'><strong>atque</strong></span> <span class='ocrx_word' id='word_1_521' title='bbox 1043 3629 1108 3666; x_wconf 83' lang='lat' dir='ltr'><strong>ex</strong></span> <span class='ocrx_word' id='word_1_522' title='bbox 1149 3612 1264 3682; x_wconf 87' lang='lat' dir='ltr'><strong>ipsa</strong></span> <span class='ocrx_word' id='word_1_523' title='bbox 1297 3613 1653 3682; x_wconf 82' lang='lat' dir='ltr'><strong>conceptione</strong></span> <span class='ocrx_word' id='word_1_524' title='bbox 1691 3613 1951 3682; x_wconf 79' lang='lat' dir='ltr'><strong>templum</strong></span> <span class='ocrx_word' id='word_1_525' title='bbox 1981 3627 2046 3667; x_wconf 79' lang='lat' dir='ltr'><strong>ex</strong></span> 
     </span>
    </p>
   </div>
   <div class='ocr_carea' id='block_1_69' title="bbox 463 3704 2048 3776">
    <p class='ocr_par' dir='ltr' id='par_1_69' title="bbox 463 3704 2048 3776">
     <span class='ocr_line' id='line_1_69' title="bbox 463 3704 2048 3776; baseline 0.002 -18"><span class='ocrx_word' id='word_1_526' title='bbox 463 3705 555 3758; x_wconf 82' lang='lat' dir='ltr'><strong>illa</strong></span> <span class='ocrx_word' id='word_1_527' title='bbox 606 3712 884 3774; x_wconf 84' lang='lat' dir='ltr'><strong>sumptum</strong></span> <span class='ocrx_word' id='word_1_528' title='bbox 946 3705 1050 3760; x_wconf 74' lang='lat' dir='ltr'><strong>sibi</strong></span> <span class='ocrx_word' id='word_1_529' title='bbox 1106 3705 1302 3760; x_wconf 86' lang='lat' dir='ltr'><strong>univit.</strong></span> <span class='ocrx_word' id='word_1_530' title='bbox 1376 3704 1441 3761; x_wconf 79' lang='lat' dir='ltr'><strong>Et</strong></span> <span class='ocrx_word' id='word_1_531' title='bbox 1495 3707 1542 3762; x_wconf 84' lang='lat' dir='ltr'><strong>si</strong></span> <span class='ocrx_word' id='word_1_532' title='bbox 1601 3706 1796 3776; x_wconf 83' lang='lat' dir='ltr'><strong>placet,</strong></span> <span class='ocrx_word' id='word_1_533' title='bbox 1859 3722 2048 3760; x_wconf 86' lang='lat' dir='ltr'><strong>smne-</strong></span> 
     </span>
    </p>
   </div>
   <div class='ocr_carea' id='block_1_70' title="bbox 463 3797 2044 3869">
    <p class='ocr_par' dir='ltr' id='par_1_70' title="bbox 463 3797 2044 3869">
     <span class='ocr_line' id='line_1_70' title="bbox 463 3797 2044 3869; baseline 0.002 -19"><span class='ocrx_word' id='word_1_534' title='bbox 463 3811 588 3852; x_wconf 88' lang='lat' dir='ltr'><strong>mus</strong></span> <span class='ocrx_word' id='word_1_535' title='bbox 623 3797 676 3851; x_wconf 89' lang='lat' dir='ltr'><strong>in</strong></span> <span class='ocrx_word' id='word_1_536' title='bbox 707 3798 1014 3868; x_wconf 81' lang='lat' dir='ltr'><strong>exemplum</strong></span> <span class='ocrx_word' id='word_1_537' title='bbox 1071 3809 1316 3853; x_wconf 82' lang='lat' dir='ltr'><strong>nostrain</strong></span> <span class='ocrx_word' id='word_1_538' title='bbox 1367 3799 1538 3868; x_wconf 90' lang='lat' dir='ltr'><strong>ipsam</strong></span> <span class='ocrx_word' id='word_1_539' title='bbox 1591 3799 2044 3869; x_wconf 82' lang='lat' dir='ltr'><strong>compositionem</strong></span> 
     </span>
    </p>
   </div>
   <div class='ocr_carea' id='block_1_71' title="bbox 456 3889 2044 3960">
    <p class='ocr_par' dir='ltr' id='par_1_71' title="bbox 456 3889 2044 3960">
     <span class='ocr_line' id='line_1_71' title="bbox 456 3889 2044 3960; baseline 0.002 -19"><span class='ocrx_word' id='word_1_540' title='bbox 456 3889 610 3958; x_wconf 75' lang='lat' dir='ltr'><strong>juxta</strong></span> <span class='ocrx_word' id='word_1_541' title='bbox 638 3905 801 3958; x_wconf 88' lang='lat' dir='ltr'><strong>quam</strong></span> <span class='ocrx_word' id='word_1_542' title='bbox 834 3889 1087 3946; x_wconf 82' lang='lat' dir='ltr'><strong>homines</strong></span> <span class='ocrx_word' id='word_1_543' title='bbox 1111 3906 1328 3946; x_wconf 89' lang='lat' dir='ltr'><strong>sumus.</strong></span> <span class='ocrx_word' id='word_1_544' title='bbox 1368 3890 1770 3960; x_wconf 88' lang='lat' dir='ltr'><strong>Componimur</strong></span> <span class='ocrx_word' id='word_1_545' title='bbox 1797 3891 1944 3945; x_wconf 87' lang='lat' dir='ltr'><strong>enim</strong></span> <span class='ocrx_word' id='word_1_546' title='bbox 1979 3906 2044 3946; x_wconf 78' lang='lat' dir='ltr'><strong>ex</strong></span> 
     </span>
    </p>
   </div>
   <div class='ocr_carea' id='block_1_72' title="bbox 461 3982 2044 4052">
    <p class='ocr_par' dir='ltr' id='par_1_72' title="bbox 461 3982 2044 4052">
     <span class='ocr_line' id='line_1_72' title="bbox 461 3982 2044 4052; baseline 0.001 -17"><span class='ocrx_word' id='word_1_547' title='bbox 461 3983 641 4035; x_wconf 87' lang='lat' dir='ltr'><strong>anima</strong></span> <span class='ocrx_word' id='word_1_548' title='bbox 674 3995 728 4035; x_wconf 89' lang='lat' dir='ltr'><strong>et</strong></span> <span class='ocrx_word' id='word_1_549' title='bbox 755 3997 1010 4051; x_wconf 85' lang='lat' dir='ltr'><strong>corpore,</strong></span> <span class='ocrx_word' id='word_1_550' title='bbox 1042 3982 1291 4052; x_wconf 79' lang='lat' dir='ltr'><strong>duaSque</strong></span> <span class='ocrx_word' id='word_1_551' title='bbox 1321 3983 1570 4037; x_wconf 77' lang='lat' dir='ltr'><strong>videmus</strong></span> <span class='ocrx_word' id='word_1_552' title='bbox 1594 3993 1844 4049; x_wconf 87' lang='lat' dir='ltr'><strong>naturas,</strong></span> <span class='ocrx_word' id='word_1_553' title='bbox 1879 3998 2044 4037; x_wconf 89' lang='lat' dir='ltr'><strong>unam</strong></span> 
     </span>
    </p>
   </div>
   <div class='ocr_carea' id='block_1_73' title="bbox 459 4072 2048 4141">
    <p class='ocr_par' dir='ltr' id='par_1_73' title="bbox 459 4072 2048 4141">
     <span class='ocr_line' id='line_1_73' title="bbox 459 4072 2048 4141; baseline -0.001 -14"><span class='ocrx_word' id='word_1_554' title='bbox 459 4074 732 4140; x_wconf 82' lang='lat' dir='ltr'><strong>corporis,</strong></span> <span class='ocrx_word' id='word_1_555' title='bbox 762 4083 816 4126; x_wconf 89' lang='lat' dir='ltr'><strong>et</strong></span> <span class='ocrx_word' id='word_1_556' title='bbox 845 4075 1006 4126; x_wconf 85' lang='lat' dir='ltr'><strong>aliam</strong></span> <span class='ocrx_word' id='word_1_557' title='bbox 1043 4073 1276 4138; x_wconf 71' lang='lat' dir='ltr'><strong>animae;</strong></span> <span class='ocrx_word' id='word_1_558' title='bbox 1308 4072 1405 4127; x_wconf 85' lang='lat' dir='ltr'><strong>sed</strong></span> <span class='ocrx_word' id='word_1_559' title='bbox 1436 4089 1578 4127; x_wconf 80' lang='lat' dir='ltr'><strong>unus</strong></span> <span class='ocrx_word' id='word_1_560' title='bbox 1603 4087 1668 4126; x_wconf 84' lang='lat' dir='ltr'><strong>ex</strong></span> <span class='ocrx_word' id='word_1_561' title='bbox 1701 4073 1917 4126; x_wconf 88' lang='lat' dir='ltr'><strong>duabus</strong></span> <span class='ocrx_word' id='word_1_562' title='bbox 1951 4087 2048 4141; x_wconf 84' lang='lat' dir='ltr'><strong>per</strong></span> 
     </span>
    </p>
   </div>
   <div class='ocr_carea' id='block_1_74' title="bbox 463 4163 2045 4235">
    <p class='ocr_par' dir='ltr' id='par_1_74' title="bbox 463 4163 2045 4235">
     <span class='ocr_line' id='line_1_74' title="bbox 463 4163 2045 4235; baseline 0 -17"><span class='ocrx_word' id='word_1_563' title='bbox 463 4166 714 4220; x_wconf 90' lang='lat' dir='ltr'><strong>unionem</strong></span> <span class='ocrx_word' id='word_1_564' title='bbox 749 4167 910 4218; x_wconf 90' lang='lat' dir='ltr'><strong>homo</strong></span> <span class='ocrx_word' id='word_1_565' title='bbox 931 4167 1007 4229; x_wconf 87' lang='lat' dir='ltr'><strong>lit,</strong></span> <span class='ocrx_word' id='word_1_566' title='bbox 1030 4178 1205 4234; x_wconf 87' lang='lat' dir='ltr'><strong>neque</strong></span> <span class='ocrx_word' id='word_1_567' title='bbox 1231 4180 1298 4218; x_wconf 87' lang='lat' dir='ltr'><strong>eo</strong></span> <span class='ocrx_word' id='word_1_568' title='bbox 1330 4167 1474 4235; x_wconf 87' lang='lat' dir='ltr'><strong>quod</strong></span> <span class='ocrx_word' id='word_1_569' title='bbox 1499 4181 1565 4218; x_wconf 80' lang='lat' dir='ltr'><strong>ex</strong></span> <span class='ocrx_word' id='word_1_570' title='bbox 1587 4165 1800 4220; x_wconf 88' lang='lat' dir='ltr'><strong>duabus</strong></span> <span class='ocrx_word' id='word_1_571' title='bbox 1833 4163 2045 4218; x_wconf 87' lang='lat' dir='ltr'><strong>naturis</strong></span> 
     </span>
    </p>
   </div>
   <div class='ocr_carea' id='block_1_75' title="bbox 457 4256 2045 4328">
    <p class='ocr_par' dir='ltr' id='par_1_75' title="bbox 457 4256 2045 4328">
     <span class='ocr_line' id='line_1_75' title="bbox 457 4256 2045 4328; baseline -0.003 -15"><span class='ocrx_word' id='word_1_572' title='bbox 457 4261 828 4328; x_wconf 69' lang='lat' dir='ltr'><strong>componitur,</strong></span> <span class='ocrx_word' id='word_1_573' title='bbox 863 4259 1000 4312; x_wconf 86' lang='lat' dir='ltr'><strong>duos</strong></span> <span class='ocrx_word' id='word_1_574' title='bbox 1029 4257 1280 4313; x_wconf 77' lang='lat' dir='ltr'><strong>homines</strong></span> <span class='ocrx_word' id='word_1_575' title='bbox 1330 4272 1456 4311; x_wconf 88' lang='lat' dir='ltr'><strong>eum</strong></span> <span class='ocrx_word' id='word_1_576' title='bbox 1509 4256 1603 4326; x_wconf 84' lang='lat' dir='ltr'><strong>qui</strong></span> <span class='ocrx_word' id='word_1_577' title='bbox 1653 4271 1795 4311; x_wconf 92' lang='lat' dir='ltr'><strong>unus</strong></span> <span class='ocrx_word' id='word_1_578' title='bbox 1838 4263 1922 4311; x_wconf 86' lang='lat' dir='ltr'><strong>est</strong></span> <span class='ocrx_word' id='word_1_579' title='bbox 1961 4269 2045 4309; x_wconf 88' lang='lat' dir='ltr'><strong>ac-</strong></span> 
     </span>
    </p>
   </div>
   <div class='ocr_carea' id='block_1_76' title="bbox 459 4349 2040 4420">
    <p class='ocr_par' dir='ltr' id='par_1_76' title="bbox 459 4349 2040 4420">
     <span class='ocr_line' id='line_1_76' title="bbox 459 4349 2040 4420; baseline 0.001 -19"><span class='ocrx_word' id='word_1_580' title='bbox 459 4351 642 4420; x_wconf 84' lang='lat' dir='ltr'><strong>cipere</strong></span> <span class='ocrx_word' id='word_1_581' title='bbox 680 4349 828 4414; x_wconf 87' lang='lat' dir='ltr'><strong>l.cet,</strong></span> <span class='ocrx_word' id='word_1_582' title='bbox 877 4349 971 4404; x_wconf 88' lang='lat' dir='ltr'><strong>sed</strong></span> <span class='ocrx_word' id='word_1_583' title='bbox 1010 4365 1179 4404; x_wconf 89' lang='lat' dir='ltr'><strong>unum</strong></span> <span class='ocrx_word' id='word_1_584' title='bbox 1213 4349 1514 4415; x_wconf 88' lang='lat' dir='ltr'><strong>hominem,</strong></span> <span class='ocrx_word' id='word_1_585' title='bbox 1551 4349 1851 4404; x_wconf 91' lang='lat' dir='ltr'><strong>secundum</strong></span> <span class='ocrx_word' id='word_1_586' title='bbox 1887 4362 2040 4402; x_wconf 87' lang='lat' dir='ltr'><strong>com-</strong></span> 
     </span>
    </p>
   </div>
   <div class='ocr_carea' id='block_1_77' title="bbox 461 4439 2042 4512">
    <p class='ocr_par' dir='ltr' id='par_1_77' title="bbox 461 4439 2042 4512">
     <span class='ocr_line' id='line_1_77' title="bbox 461 4439 2042 4512; baseline -0.002 -15"><span class='ocrx_word' id='word_1_587' title='bbox 461 4444 810 4512; x_wconf 57' lang='lat' dir='ltr'><strong>positionem,</strong></span> <span class='ocrx_word' id='word_1_588' title='bbox 843 4453 900 4495; x_wconf 93' lang='lat' dir='ltr'><strong>ut</strong></span> <span class='ocrx_word' id='word_1_589' title='bbox 927 4440 1069 4506; x_wconf 81' lang='lat' dir='ltr'><strong>dixi,</strong></span> <span class='ocrx_word' id='word_1_590' title='bbox 1099 4456 1163 4494; x_wconf 79' lang='lat' dir='ltr'><strong>ex</strong></span> <span class='ocrx_word' id='word_1_591' title='bbox 1209 4440 1392 4494; x_wconf 87' lang='lat' dir='ltr'><strong>anima</strong></span> <span class='ocrx_word' id='word_1_592' title='bbox 1425 4449 1478 4494; x_wconf 84' lang='lat' dir='ltr'><strong>ct</strong></span> <span class='ocrx_word' id='word_1_593' title='bbox 1502 4455 1758 4510; x_wconf 79' lang='lat' dir='ltr'><strong>cerpore.</strong></span> <span class='ocrx_word' id='word_1_594' title='bbox 1808 4439 1866 4494; x_wconf 89' lang='lat' dir='ltr'><strong>Si</strong></span> <span class='ocrx_word' id='word_1_595' title='bbox 1895 4439 2042 4495; x_wconf 88' lang='lat' dir='ltr'><strong>enim</strong></span> 
     </span>
    </p>
   </div>
   <div class='ocr_carea' id='block_1_78' title="bbox 459 4532 2043 4601">
    <p class='ocr_par' dir='ltr' id='par_1_78' title="bbox 459 4532 2043 4601">
     <span class='ocr_line' id='line_1_78' title="bbox 459 4532 2043 4601; baseline 0.001 -11"><span class='ocrx_word' id='word_1_596' title='bbox 459 4537 776 4590; x_wconf 75' lang='lat' dir='ltr'><strong>auferamus</strong></span> <span class='ocrx_word' id='word_1_597' title='bbox 801 4534 930 4587; x_wconf 86' lang='lat' dir='ltr'><strong>illud</strong></span> <span class='ocrx_word' id='word_1_598' title='bbox 963 4532 1109 4601; x_wconf 88' lang='lat' dir='ltr'><strong>quod</strong></span> <span class='ocrx_word' id='word_1_599' title='bbox 1135 4547 1201 4587; x_wconf 81' lang='lat' dir='ltr'><strong>ex</strong></span> <span class='ocrx_word' id='word_1_600' title='bbox 1236 4532 1451 4587; x_wconf 87' lang='lat' dir='ltr'><strong>duabus</strong></span> <span class='ocrx_word' id='word_1_601' title='bbox 1481 4543 1534 4587; x_wconf 88' lang='lat' dir='ltr'><strong>et</strong></span> <span class='ocrx_word' id='word_1_602' title='bbox 1560 4533 1795 4588; x_wconf 80' lang='lat' dir='ltr'><strong>diversis</strong></span> <span class='ocrx_word' id='word_1_603' title='bbox 1830 4535 2043 4591; x_wconf 86' lang='lat' dir='ltr'><strong>naturis</strong></span> 
     </span>
    </p>
   </div>
   <div class='ocr_carea' id='block_1_79' title="bbox 461 4624 2038 4690">
    <p class='ocr_par' dir='ltr' id='par_1_79' title="bbox 461 4624 2038 4690">
     <span class='ocr_line' id='line_1_79' title="bbox 461 4624 2038 4690; baseline 0.001 -10"><span class='ocrx_word' id='word_1_604' title='bbox 461 4642 606 4682; x_wconf 90' lang='lat' dir='ltr'><strong>unus</strong></span> <span class='ocrx_word' id='word_1_605' title='bbox 627 4635 682 4679; x_wconf 88' lang='lat' dir='ltr'><strong>et</strong></span> <span class='ocrx_word' id='word_1_606' title='bbox 705 4625 857 4680; x_wconf 90' lang='lat' dir='ltr'><strong>solus</strong></span> <span class='ocrx_word' id='word_1_607' title='bbox 878 4624 1254 4690; x_wconf 74' lang='lat' dir='ltr'><strong>esthristus,</strong></span> <span class='ocrx_word' id='word_1_608' title='bbox 1279 4633 1402 4690; x_wconf 86' lang='lat' dir='ltr'><strong>post</strong></span> <span class='ocrx_word' id='word_1_609' title='bbox 1442 4626 1700 4680; x_wconf 88' lang='lat' dir='ltr'><strong>unionem</strong></span> <span class='ocrx_word' id='word_1_610' title='bbox 1725 4626 2038 4683; x_wconf 81' lang='lat' dir='ltr'><strong>indivisibi-</strong></span> 
     </span>
    </p>
   </div>
   <div class='ocr_carea' id='block_1_80' title="bbox 459 4718 2036 4791">
    <p class='ocr_par' dir='ltr' id='par_1_80' title="bbox 459 4718 2036 4791">
     <span class='ocr_line' id='line_1_80' title="bbox 459 4718 2036 4791; baseline -0.001 -15"><span class='ocrx_word' id='word_1_611' title='bbox 459 4726 547 4785; x_wconf 84' lang='lat' dir='ltr'><strong>lis,</strong></span> <span class='ocrx_word' id='word_1_612' title='bbox 593 4720 685 4791; x_wconf 88' lang='lat' dir='ltr'><strong>qui</strong></span> <span class='ocrx_word' id='word_1_613' title='bbox 723 4735 786 4774; x_wconf 77' lang='lat' dir='ltr'><strong>ex</strong></span> <span class='ocrx_word' id='word_1_614' title='bbox 821 4718 1052 4773; x_wconf 87' lang='lat' dir='ltr'><strong>adverso</strong></span> <span class='ocrx_word' id='word_1_615' title='bbox 1071 4728 1220 4785; x_wconf 91' lang='lat' dir='ltr'><strong>sunt,</strong></span> <span class='ocrx_word' id='word_1_616' title='bbox 1253 4719 1434 4774; x_wconf 90' lang='lat' dir='ltr'><strong>dicent</strong></span> <span class='ocrx_word' id='word_1_617' title='bbox 1465 4735 1478 4773; x_wconf 92' lang='lat'><strong>:</strong></span> <span class='ocrx_word' id='word_1_618' title='bbox 1517 4737 1536 4772; x_wconf 85' lang='grc' dir='ltr'><strong>ι</strong></span> <span class='ocrx_word' id='word_1_619' title='bbox 1571 4719 1626 4774; x_wconf 91' lang='lat' dir='ltr'><strong>Si</strong></span> <span class='ocrx_word' id='word_1_620' title='bbox 1671 4720 1897 4774; x_wconf 89' lang='lat' dir='ltr'><strong>omnino</strong></span> <span class='ocrx_word' id='word_1_621' title='bbox 1928 4735 2036 4775; x_wconf 87' lang='lat' dir='ltr'><strong>una</strong></span> 
     </span>
    </p>
   </div>
   <div class='ocr_carea' id='block_1_81' title="bbox 459 4803 2034 4883">
    <p class='ocr_par' dir='ltr' id='par_1_81' title="bbox 459 4803 2034 4883">
     <span class='ocr_line' id='line_1_81' title="bbox 459 4803 2034 4883; baseline -0.001 -14"><span class='ocrx_word' id='word_1_622' title='bbox 459 4827 674 4876; x_wconf 85' lang='lat' dir='ltr'><strong>natura.</strong></span> <span class='ocrx_word' id='word_1_623' title='bbox 731 4815 1009 4883; x_wconf 87' lang='lat' dir='ltr'><strong>quomodo</strong></span> <span class='ocrx_word' id='word_1_624' title='bbox 1050 4813 1212 4868; x_wconf 91' lang='lat' dir='ltr'><strong>homo</strong></span> <span class='ocrx_word' id='word_1_625' title='bbox 1261 4811 1440 4870; x_wconf 80' lang='lat' dir='ltr'><strong>lactus</strong></span> <span class='ocrx_word' id='word_1_626' title='bbox 1474 4803 1592 4878; x_wconf 87' lang='lat' dir='ltr'><strong>est,</strong></span> <span class='ocrx_word' id='word_1_627' title='bbox 1641 4824 1697 4868; x_wconf 90' lang='lat' dir='ltr'><strong>et</strong></span> <span class='ocrx_word' id='word_1_628' title='bbox 1739 4829 2034 4883; x_wconf 86' lang='lat' dir='ltr'><strong>quamnam</strong></span> 
     </span>
    </p>
   </div>
   <div class='ocr_carea' id='block_1_82' title="bbox 456 4903 2032 4975">
    <p class='ocr_par' dir='ltr' id='par_1_82' title="bbox 456 4903 2032 4975">
     <span class='ocr_line' id='line_1_82' title="bbox 456 4903 2032 4975; baseline -0.003 -13"><span class='ocrx_word' id='word_1_629' title='bbox 456 4923 678 4962; x_wconf 85' lang='lat' dir='ltr'><strong>carnem</strong></span> <span class='ocrx_word' id='word_1_630' title='bbox 716 4921 870 4960; x_wconf 69' lang='lat' dir='ltr'><strong>suam</strong></span> <span class='ocrx_word' id='word_1_631' title='bbox 903 4903 1072 4960; x_wconf 79' lang='lat' dir='ltr'><strong>fecit?</strong></span> <span class='ocrx_word' id='word_1_632' title='bbox 1119 4904 1243 4960; x_wconf 90' lang='lat' dir='ltr'><strong>lllos</strong></span> <span class='ocrx_word' id='word_1_633' title='bbox 1269 4913 1448 4959; x_wconf 89' lang='lat' dir='ltr'><strong>autem</strong></span> <span class='ocrx_word' id='word_1_634' title='bbox 1484 4904 1578 4975; x_wconf 87' lang='lat' dir='ltr'><strong>qui</strong></span> <span class='ocrx_word' id='word_1_635' title='bbox 1609 4903 1804 4958; x_wconf 83' lang='lat' dir='ltr'><strong>dicunt</strong></span> <span class='ocrx_word' id='word_1_636' title='bbox 1833 4904 2032 4960; x_wconf 81' lang='lat' dir='ltr'><strong>factam</strong></span> 
     </span>
    </p>
   </div>
   <div class='ocr_carea' id='block_1_83' title="bbox 458 4996 2044 5056">
    <p class='ocr_par' dir='ltr' id='par_1_83' title="bbox 458 4996 2044 5056">
     <span class='ocr_line' id='line_1_83' title="bbox 458 4996 2044 5056; baseline -0.001 -4"><span class='ocrx_word' id='word_1_637' title='bbox 458 5001 738 5056; x_wconf 70' lang='lat' dir='ltr'><strong>fuissentsi</strong></span> <span class='ocrx_word' id='word_1_638' title='bbox 763 4998 927 5055; x_wconf 81' lang='lat' dir='ltr'><strong>Verbi</strong></span> <span class='ocrx_word' id='word_1_639' title='bbox 962 4997 1026 5050; x_wconf 88' lang='lat' dir='ltr'><strong>ad</strong></span> <span class='ocrx_word' id='word_1_640' title='bbox 1054 5013 1274 5052; x_wconf 88' lang='lat' dir='ltr'><strong>carnem</strong></span> <span class='ocrx_word' id='word_1_641' title='bbox 1301 4997 1609 5051; x_wconf 83' lang='lat' dir='ltr'><strong>mistionctn</strong></span> <span class='ocrx_word' id='word_1_642' title='bbox 1635 5005 1726 5051; x_wconf 87' lang='lat' dir='ltr'><strong>aut</strong></span> <span class='ocrx_word' id='word_1_643' title='bbox 1759 4996 2044 5052; x_wconf 81' lang='lat' dir='ltr'><strong>confusio-</strong></span> 
     </span>
    </p>
   </div>
   <div class='ocr_carea' id='block_1_84' title="bbox 457 5091 2040 5163">
    <p class='ocr_par' dir='ltr' id='par_1_84' title="bbox 457 5091 2040 5163">
     <span class='ocr_line' id='line_1_84' title="bbox 457 5091 2040 5163; baseline 0.002 -19"><span class='ocrx_word' id='word_1_644' title='bbox 457 5111 576 5147; x_wconf 87' lang='lat' dir='ltr'><strong>nem</strong></span> <span class='ocrx_word' id='word_1_645' title='bbox 614 5103 708 5147; x_wconf 87' lang='lat' dir='ltr'><strong>aut</strong></span> <span class='ocrx_word' id='word_1_646' title='bbox 740 5091 1259 5163; x_wconf 62' lang='grc' dir='ltr'>οοιιδιυείιιιιιίι-ιιιηιι</span> <span class='ocrx_word' id='word_1_647' title='bbox 1283 5130 1300 5157; x_wconf 89' lang='grc'><strong>,</strong></span> <span class='ocrx_word' id='word_1_648' title='bbox 1327 5091 1579 5160; x_wconf 68' lang='lat' dir='ltr'><strong>dignetur</strong></span> <span class='ocrx_word' id='word_1_649' title='bbox 1609 5091 1786 5160; x_wconf 85' lang='lat' dir='ltr'><strong>pietas</strong></span> <span class='ocrx_word' id='word_1_650' title='bbox 1817 5099 1909 5146; x_wconf 89' lang='lat' dir='ltr'><strong>tua</strong></span> <span class='ocrx_word' id='word_1_651' title='bbox 1941 5106 2040 5160; x_wconf 84' lang='lat' dir='ltr'><strong>pa-</strong></span> 
     </span>
    </p>
   </div>
   <div class='ocr_carea' id='block_1_85' title="bbox 457 5182 2040 5255">
    <p class='ocr_par' dir='ltr' id='par_1_85' title="bbox 457 5182 2040 5255">
     <span class='ocr_line' id='line_1_85' title="bbox 457 5182 2040 5255; baseline -0.001 -16"><span class='ocrx_word' id='word_1_652' title='bbox 457 5188 560 5240; x_wconf 85' lang='lat' dir='ltr'><strong>lam</strong></span> <span class='ocrx_word' id='word_1_653' title='bbox 588 5187 654 5240; x_wconf 87' lang='lat' dir='ltr'><strong>ad</strong></span> <span class='ocrx_word' id='word_1_654' title='bbox 691 5185 968 5238; x_wconf 81' lang='lat' dir='ltr'><strong>silentium</strong></span> <span class='ocrx_word' id='word_1_655' title='bbox 1004 5184 1267 5254; x_wconf 82' lang='lat' dir='ltr'><strong>redigere.</strong></span> <span class='ocrx_word' id='word_1_656' title='bbox 1307 5201 1324 5233; x_wconf 75' lang='grc' dir='ltr'><strong>ι</strong></span> <span class='ocrx_word' id='word_1_657' title='bbox 1361 5182 1576 5248; x_wconf 87' lang='lat' dir='ltr'><strong>Postea,</strong></span> <span class='ocrx_word' id='word_1_658' title='bbox 1621 5182 1883 5238; x_wconf 82' lang='lat' dir='ltr'><strong>defuncto</strong></span> <span class='ocrx_word' id='word_1_659' title='bbox 1932 5183 2040 5255; x_wconf 86' lang='lat' dir='ltr'><strong>Cy-</strong></span> 
     </span>
    </p>
   </div>
   <div class='ocr_carea' id='block_1_86' title="bbox 455 5275 2040 5351">
    <p class='ocr_par' dir='ltr' id='par_1_86' title="bbox 455 5275 2040 5351">
     <span class='ocr_line' id='line_1_86' title="bbox 455 5275 2040 5351; baseline 0.001 -19"><span class='ocrx_word' id='word_1_660' title='bbox 455 5280 598 5343; x_wconf 81' lang='lat' dir='ltr'><strong>riho,</strong></span> <span class='ocrx_word' id='word_1_661' title='bbox 635 5278 809 5330; x_wconf 82' lang='lat' dir='ltr'><strong>uritur</strong></span> <span class='ocrx_word' id='word_1_662' title='bbox 830 5276 1050 5345; x_wconf 88' lang='lat' dir='ltr'><strong>quidam</strong></span> <span class='ocrx_word' id='word_1_663' title='bbox 1084 5277 1389 5330; x_wconf 85' lang='lat' dir='ltr'><strong>monachus</strong></span> <span class='ocrx_word' id='word_1_664' title='bbox 1413 5275 1842 5331; x_wconf 82' lang='lat' dir='ltr'><strong>archimandrita</strong></span> <span class='ocrx_word' id='word_1_665' title='bbox 1871 5279 2040 5351; x_wconf 77' lang='lat' dir='ltr'><strong>Euty-</strong></span> 
     </span>
    </p>
   </div>
   <div class='ocr_carea' id='block_1_87' title="bbox 2153 3233 3741 3317">
    <p class='ocr_par' dir='ltr' id='par_1_87' title="bbox 2153 3233 3741 3317">
     <span class='ocr_line' id='line_1_87' title="bbox 2153 3233 3741 3317; baseline -0.013 -16"><span class='ocrx_word' id='word_1_666' title='bbox 2153 3250 2252 3303; x_wconf 67' lang='grc' dir='ltr'><strong>κα)⁸</strong></span> <span class='ocrx_word' id='word_1_667' title='bbox 2279 3247 2554 3317; x_wconf 77' lang='grc' dir='ltr'>σώματος,</span> <span class='ocrx_word' id='word_1_668' title='bbox 2592 3245 2700 3316; x_wconf 90' lang='grc' dir='ltr'><strong>πρὸ</strong></span> <span class='ocrx_word' id='word_1_669' title='bbox 2731 3244 2950 3298; x_wconf 86' lang='grc' dir='ltr'>αίώνων</span> <span class='ocrx_word' id='word_1_670' title='bbox 2982 3242 3084 3314; x_wconf 80' lang='grc' dir='ltr'><strong>μὲν</strong></span> <span class='ocrx_word' id='word_1_671' title='bbox 3121 3242 3186 3294; x_wconf 83' lang='grc' dir='ltr'><strong>ὲκ</strong></span> <span class='ocrx_word' id='word_1_672' title='bbox 3211 3237 3309 3292; x_wconf 80' lang='grc' dir='ltr'>τοῦ</span> <span class='ocrx_word' id='word_1_673' title='bbox 3341 3233 3554 3306; x_wconf 87' lang='grc' dir='ltr'><strong>Πατρὸς</strong></span> <span class='ocrx_word' id='word_1_674' title='bbox 3610 3245 3741 3300; x_wconf 76' lang='grc' dir='ltr'><strong>γεν-</strong></span> 
     </span>
    </p>
   </div>
   <div class='ocr_carea' id='block_1_88' title="bbox 2152 3320 3741 3413">
    <p class='ocr_par' dir='ltr' id='par_1_88' title="bbox 2152 3320 3741 3413">
     <span class='ocr_line' id='line_1_88' title="bbox 2152 3320 3741 3413; baseline -0.014 -18"><span class='ocrx_word' id='word_1_675' title='bbox 2152 3341 2390 3413; x_wconf 84' lang='grc' dir='ltr'>νηθέντα</span> <span class='ocrx_word' id='word_1_676' title='bbox 2446 3339 2592 3395; x_wconf 83' lang='grc' dir='ltr'><strong>κατὰ</strong></span> <span class='ocrx_word' id='word_1_677' title='bbox 2633 3339 2736 3410; x_wconf 81' lang='grc' dir='ltr'><strong>τὴν</strong></span> <span class='ocrx_word' id='word_1_678' title='bbox 2789 3336 3042 3406; x_wconf 84' lang='grc' dir='ltr'><strong>θεότητα,</strong></span> <span class='ocrx_word' id='word_1_679' title='bbox 3101 3332 3190 3387; x_wconf 78' lang='grc' dir='ltr'><strong>ἐπ’</strong></span> <span class='ocrx_word' id='word_1_680' title='bbox 3235 3330 3482 3401; x_wconf 75' lang='grc' dir='ltr'><strong>ἐσχάτων</strong></span> <span class='ocrx_word' id='word_1_681' title='bbox 3519 3323 3578 3378; x_wconf 78' lang='grc' dir='ltr'><strong>δὲ</strong></span> <span class='ocrx_word' id='word_1_682' title='bbox 3628 3320 3741 3374; x_wconf 83' lang='grc' dir='ltr'>τῶν</span> 
     </span>
    </p>
   </div>
   <div class='ocr_carea' id='block_1_89' title="bbox 2150 3417 3740 3506">
    <p class='ocr_par' dir='ltr' id='par_1_89' title="bbox 2150 3417 3740 3506">
     <span class='ocr_line' id='line_1_89' title="bbox 2150 3417 3740 3506; baseline -0.016 -14"><span class='ocrx_word' id='word_1_683' title='bbox 2150 3435 2380 3506; x_wconf 79' lang='grc' dir='ltr'>ἡμερῶν</span> <span class='ocrx_word' id='word_1_684' title='bbox 2426 3433 2520 3488; x_wconf 89' lang='grc' dir='ltr'><strong>τὸν</strong></span> <span class='ocrx_word' id='word_1_685' title='bbox 2554 3431 2720 3486; x_wconf 74' lang='grc' dir='ltr'>αὑτὸν</span> <span class='ocrx_word' id='word_1_686' title='bbox 2748 3431 2818 3486; x_wconf 85' lang='grc' dir='ltr'><strong>δι’</strong></span> <span class='ocrx_word' id='word_1_687' title='bbox 2868 3431 3016 3500; x_wconf 72' lang='grc' dir='ltr'><strong>ἡμᾶς</strong></span> <span class='ocrx_word' id='word_1_688' title='bbox 3055 3427 3152 3481; x_wconf 68' lang='grc' dir='ltr'><strong>καὶ</strong></span> <span class='ocrx_word' id='word_1_689' title='bbox 3175 3425 3263 3477; x_wconf 80' lang='grc' dir='ltr'>διὰ</span> <span class='ocrx_word' id='word_1_690' title='bbox 3310 3421 3409 3492; x_wconf 78' lang='grc' dir='ltr'><strong>τὴν</strong></span> <span class='ocrx_word' id='word_1_691' title='bbox 3459 3417 3740 3489; x_wconf 76' lang='grc' dir='ltr'><strong>ἡμετέραν</strong></span> 
     </span>
    </p>
   </div>
   <div class='ocr_carea' id='block_1_90' title="bbox 2153 3507 3743 3597">
    <p class='ocr_par' dir='ltr' id='par_1_90' title="bbox 2153 3507 3743 3597">
     <span class='ocr_line' id='line_1_90' title="bbox 2153 3507 3743 3597; baseline -0.013 -15"><span class='ocrx_word' id='word_1_692' title='bbox 2153 3527 2432 3597; x_wconf 79' lang='grc' dir='ltr'>σωτηρίαν</span> <span class='ocrx_word' id='word_1_693' title='bbox 2461 3527 2527 3578; x_wconf 76' lang='grc' dir='ltr'><strong>ἐκ</strong></span> <span class='ocrx_word' id='word_1_694' title='bbox 2549 3522 2771 3594; x_wconf 74' lang='grc' dir='ltr'><strong>Μαρίας</strong></span> <span class='ocrx_word' id='word_1_695' title='bbox 2793 3523 2890 3592; x_wconf 77' lang='grc' dir='ltr'><strong>τῆς</strong></span> <span class='ocrx_word' id='word_1_696' title='bbox 2916 3517 3195 3589; x_wconf 66' lang='grc' dir='ltr'><strong>Παρθένου</strong></span> <span class='ocrx_word' id='word_1_697' title='bbox 3223 3512 3366 3567; x_wconf 74' lang='grc' dir='ltr'><strong>κατὰ</strong></span> <span class='ocrx_word' id='word_1_698' title='bbox 3397 3510 3496 3580; x_wconf 71' lang='grc' dir='ltr'><strong>τὴν</strong></span> <span class='ocrx_word' id='word_1_699' title='bbox 3527 3507 3743 3597; x_wconf 76' lang='grc' dir='ltr'>ἀνθρω-</span> 
     </span>
    </p>
   </div>
   <div class='ocr_carea' id='block_1_91' title="bbox 2152 3593 3740 3688">
    <p class='ocr_par' dir='ltr' id='par_1_91' title="bbox 2152 3593 3740 3688">
     <span class='ocr_line' id='line_1_91' title="bbox 2152 3593 3740 3688; baseline -0.018 -16"><span class='ocrx_word' id='word_1_700' title='bbox 2152 3593 2390 3688; x_wconf 31' lang='grc' dir='ltr'><strong>πότηντα,</strong></span> <span class='ocrx_word' id='word_1_701' title='bbox 2431 3593 2749 3687; x_wconf 85' lang='grc' dir='ltr'>[ὁμοούσιον</span> <span class='ocrx_word' id='word_1_702' title='bbox 2771 3610 2853 3680; x_wconf 86' lang='grc' dir='ltr'><strong>τῷ</strong></span> <span class='ocrx_word' id='word_1_703' title='bbox 2884 3608 3064 3678; x_wconf 79' lang='grc' dir='ltr'><strong>Πατρὶ</strong></span> <span class='ocrx_word' id='word_1_704' title='bbox 3108 3605 3203 3658; x_wconf 86' lang='grc' dir='ltr'><strong>τὸν</strong></span> <span class='ocrx_word' id='word_1_705' title='bbox 3248 3600 3420 3656; x_wconf 82' lang='grc' dir='ltr'><strong>αὑτὸν</strong></span> <span class='ocrx_word' id='word_1_706' title='bbox 3461 3595 3606 3688; x_wconf 82' lang='grc' dir='ltr'><strong>κατὰ</strong></span> <span class='ocrx_word' id='word_1_707' title='bbox 3637 3593 3740 3688; x_wconf 58' lang='grc' dir='ltr'><strong>τὴν</strong></span> 
     </span>
    </p>
   </div>
   <div class='ocr_carea' id='block_1_92' title="bbox 2153 3685 3735 3778">
    <p class='ocr_par' dir='ltr' id='par_1_92' title="bbox 2153 3685 3735 3778">
     <span class='ocr_line' id='line_1_92' title="bbox 2153 3685 3735 3778; baseline -0.015 -16"><span class='ocrx_word' id='word_1_708' title='bbox 2153 3685 2386 3778; x_wconf 62' lang='grc' dir='ltr'><strong>οεότιιτα</strong></span> <span class='ocrx_word' id='word_1_709' title='bbox 2414 3685 2511 3761; x_wconf 61' lang='grc' dir='ltr'>διαὶ</span> <span class='ocrx_word' id='word_1_710' title='bbox 2535 3703 2826 3771; x_wconf 82' lang='grc' dir='ltr'>ὁμοούσιον</span> <span class='ocrx_word' id='word_1_711' title='bbox 2843 3702 2978 3772; x_wconf 78' lang='grc' dir='ltr'>ἡμῖν</span> <span class='ocrx_word' id='word_1_712' title='bbox 2997 3696 3141 3752; x_wconf 84' lang='grc' dir='ltr'><strong>κατά</strong></span> <span class='ocrx_word' id='word_1_713' title='bbox 3164 3695 3264 3765; x_wconf 84' lang='grc' dir='ltr'><strong>τὴν</strong></span> <span class='ocrx_word' id='word_1_714' title='bbox 3287 3691 3384 3747; x_wconf 87' lang='grc' dir='ltr'><strong>ἀνθ</strong></span> <span class='ocrx_word' id='word_1_715' title='bbox 3396 3685 3735 3762; x_wconf 58' lang='grc' dir='ltr'>ρωπότηταί·</span> 
     </span>
    </p>
   </div>
   <div class='ocr_carea' id='block_1_93' title="bbox 2151 3778 3742 3872">
    <p class='ocr_par' dir='ltr' id='par_1_93' title="bbox 2151 3778 3742 3872">
     <span class='ocr_line' id='line_1_93' title="bbox 2151 3778 3742 3872; baseline -0.02 -12"><span class='ocrx_word' id='word_1_716' title='bbox 2151 3800 2314 3872; x_wconf 82' lang='lat'><strong>535</strong></span> <span class='ocrx_word' id='word_1_717' title='bbox 2335 3800 2429 3854; x_wconf 66' lang='grc' dir='ltr'><strong>δύο</strong></span> <span class='ocrx_word' id='word_1_718' title='bbox 2459 3799 2569 3870; x_wconf 78' lang='grc' dir='ltr'>γὰρ</span> <span class='ocrx_word' id='word_1_719' title='bbox 2597 3799 2820 3866; x_wconf 81' lang='grc' dir='ltr'>φύσεων</span> <span class='ocrx_word' id='word_1_720' title='bbox 2853 3795 2934 3866; x_wconf 71' lang='grc' dir='ltr'><strong>(ἡ)</strong></span> <span class='ocrx_word' id='word_1_721' title='bbox 2973 3793 3168 3854; x_wconf 76' lang='grc' dir='ltr'>ἓνωσις</span> <span class='ocrx_word' id='word_1_722' title='bbox 3203 3787 3450 3856; x_wconf 82' lang='grc' dir='ltr'>γέγονεν,</span> <span class='ocrx_word' id='word_1_723' title='bbox 3475 3781 3597 3835; x_wconf 77' lang='grc' dir='ltr'><strong>ὅθεν</strong></span> <span class='ocrx_word' id='word_1_724' title='bbox 3641 3778 3742 3872; x_wconf 73' lang='grc' dir='ltr'><strong>ἶνα</strong></span> 
     </span>
    </p>
   </div>
   <div class='ocr_carea' id='block_1_94' title="bbox 2150 3868 3740 3964">
    <p class='ocr_par' dir='ltr' id='par_1_94' title="bbox 2150 3868 3740 3964">
     <span class='ocr_line' id='line_1_94' title="bbox 2150 3868 3740 3964; baseline -0.018 -16"><span class='ocrx_word' id='word_1_725' title='bbox 2150 3868 2412 3964; x_wconf 43' lang='grc' dir='ltr'>ἐριστὸν,</span> <span class='ocrx_word' id='word_1_726' title='bbox 2444 3868 2546 3946; x_wconf 70' lang='grc' dir='ltr'><strong>ἕνα</strong></span> <span class='ocrx_word' id='word_1_727' title='bbox 2583 3891 2732 3957; x_wconf 87' lang='grc' dir='ltr'><strong>Υίὸν,</strong></span> <span class='ocrx_word' id='word_1_728' title='bbox 2771 3888 2869 3942; x_wconf 71' lang='grc' dir='ltr'>ἕνα</span> <span class='ocrx_word' id='word_1_729' title='bbox 2920 3885 3126 3956; x_wconf 81' lang='grc' dir='ltr'><strong>Κύριον</strong></span> <span class='ocrx_word' id='word_1_730' title='bbox 3153 3876 3548 3953; x_wconf 80' lang='grc' dir='ltr'>ὁμολογοῦμεν.</span> <span class='ocrx_word' id='word_1_731' title='bbox 3580 3868 3740 3925; x_wconf 74' lang='grc' dir='ltr'>Κατὰ</span> 
     </span>
    </p>
   </div>
   <div class='ocr_carea' id='block_1_95' title="bbox 2150 3964 3736 4056">
    <p class='ocr_par' dir='ltr' id='par_1_95' title="bbox 2150 3964 3736 4056">
     <span class='ocr_line' id='line_1_95' title="bbox 2150 3964 3736 4056; baseline -0.018 -14"><span class='ocrx_word' id='word_1_732' title='bbox 2150 3987 2280 4056; x_wconf 79' lang='grc' dir='ltr'>γοῦν</span> <span class='ocrx_word' id='word_1_733' title='bbox 2303 3987 2349 4020; x_wconf 76' lang='grc'>³³</span> <span class='ocrx_word' id='word_1_734' title='bbox 2379 3984 2480 4056; x_wconf 80' lang='grc' dir='ltr'><strong>τὴν</strong></span> <span class='ocrx_word' id='word_1_735' title='bbox 2512 3985 2613 4055; x_wconf 82' lang='grc' dir='ltr'><strong>τῆς</strong></span> <span class='ocrx_word' id='word_1_736' title='bbox 2651 3975 2962 4050; x_wconf 85' lang='grc' dir='ltr'>ἀσυγχύτου</span> <span class='ocrx_word' id='word_1_737' title='bbox 2996 3978 3245 4036; x_wconf 86' lang='grc' dir='ltr'>ένώσεως</span> <span class='ocrx_word' id='word_1_738' title='bbox 3289 3972 3501 4025; x_wconf 72' lang='grc' dir='ltr'>ἔννοιαν</span> <span class='ocrx_word' id='word_1_739' title='bbox 3539 3964 3736 4036; x_wconf 78' lang='grc' dir='ltr'>ὁμολοο</span> 
     </span>
    </p>
   </div>
   <div class='ocr_carea' id='block_1_96' title="bbox 2149 4057 3736 4151">
    <p class='ocr_par' dir='ltr' id='par_1_96' title="bbox 2149 4057 3736 4151">
     <span class='ocr_line' id='line_1_96' title="bbox 2149 4057 3736 4151; baseline -0.018 -15"><span class='ocrx_word' id='word_1_740' title='bbox 2149 4081 2249 4150; x_wconf 82' lang='grc' dir='ltr'>γοῧ</span> <span class='ocrx_word' id='word_1_741' title='bbox 2259 4098 2360 4151; x_wconf 85' lang='grc' dir='ltr'>μεν</span> <span class='ocrx_word' id='word_1_742' title='bbox 2387 4079 2434 4112; x_wconf 74' lang='grc'><strong>⁸⁸</strong></span> <span class='ocrx_word' id='word_1_743' title='bbox 2464 4079 2566 4148; x_wconf 74' lang='grc' dir='ltr'><strong>τὴν</strong></span> <span class='ocrx_word' id='word_1_744' title='bbox 2587 4075 2753 4145; x_wconf 77' lang='grc' dir='ltr'>ἁγίαν</span> <span class='ocrx_word' id='word_1_745' title='bbox 2781 4071 3059 4144; x_wconf 83' lang='grc' dir='ltr'><strong>Παρθένον</strong></span> <span class='ocrx_word' id='word_1_746' title='bbox 3086 4067 3303 4138; x_wconf 76' lang='grc' dir='ltr'><strong>ἀληθῶς</strong></span> <span class='ocrx_word' id='word_1_747' title='bbox 3325 4063 3612 4122; x_wconf 77' lang='grc' dir='ltr'><strong>Θεοτόκον,</strong></span> <span class='ocrx_word' id='word_1_748' title='bbox 3644 4057 3736 4111; x_wconf 74' lang='grc' dir='ltr'><strong>διὰ</strong></span> 
     </span>
    </p>
   </div>
   <div class='ocr_carea' id='block_1_97' title="bbox 2146 4153 3739 4237">
    <p class='ocr_par' dir='ltr' id='par_1_97' title="bbox 2146 4153 3739 4237">
     <span class='ocr_line' id='line_1_97' title="bbox 2146 4153 3739 4237; baseline -0.014 -11"><span class='ocrx_word' id='word_1_749' title='bbox 2146 4173 2209 4226; x_wconf 87' lang='grc' dir='ltr'><strong>τὸ</strong></span> <span class='ocrx_word' id='word_1_750' title='bbox 2235 4172 2327 4225; x_wconf 86' lang='grc' dir='ltr'><strong>τὸν</strong></span> <span class='ocrx_word' id='word_1_751' title='bbox 2357 4169 2491 4224; x_wconf 83' lang='grc' dir='ltr'><strong>Θεὸν</strong></span> <span class='ocrx_word' id='word_1_752' title='bbox 2549 4168 2724 4235; x_wconf 82' lang='grc' dir='ltr'>Λόγον</span> <span class='ocrx_word' id='word_1_753' title='bbox 2769 4163 3126 4237; x_wconf 84' lang='grc' dir='ltr'>σαρκωθῆναι</span> <span class='ocrx_word' id='word_1_754' title='bbox 3168 4161 3266 4214; x_wconf 75' lang='grc' dir='ltr'><strong>καὶ</strong></span> <span class='ocrx_word' id='word_1_755' title='bbox 3314 4153 3739 4227; x_wconf 67' lang='grc' dir='ltr'>ἐνανθρωπῆσαι</span> 
     </span>
    </p>
   </div>
   <div class='ocr_carea' id='block_1_98' title="bbox 2152 4247 3738 4332">
    <p class='ocr_par' dir='ltr' id='par_1_98' title="bbox 2152 4247 3738 4332">
     <span class='ocr_line' id='line_1_98' title="bbox 2152 4247 3738 4332; baseline -0.013 -12"><span class='ocrx_word' id='word_1_756' title='bbox 2152 4267 2249 4320; x_wconf 71' lang='grc' dir='ltr'><strong>καὶ</strong></span> <span class='ocrx_word' id='word_1_757' title='bbox 2268 4264 2329 4330; x_wconf 78' lang='grc' dir='ltr'>ἐξ</span> <span class='ocrx_word' id='word_1_758' title='bbox 2356 4262 2528 4332; x_wconf 77' lang='grc' dir='ltr'><strong>αὐτῆς</strong></span> <span class='ocrx_word' id='word_1_759' title='bbox 2560 4259 2884 4330; x_wconf 65' lang='grc' dir='ltr'>συλλήψεως</span> <span class='ocrx_word' id='word_1_760' title='bbox 2913 4256 3116 4310; x_wconf 84' lang='grc' dir='ltr'>ένῶσαι</span> <span class='ocrx_word' id='word_1_761' title='bbox 3148 4252 3300 4320; x_wconf 73' lang='grc' dir='ltr'><strong>αὐτῷ</strong></span> <span class='ocrx_word' id='word_1_762' title='bbox 3333 4251 3425 4305; x_wconf 86' lang='grc' dir='ltr'><strong>τὸν</strong></span> <span class='ocrx_word' id='word_1_763' title='bbox 3471 4250 3530 4316; x_wconf 79' lang='grc' dir='ltr'><strong>ἐξ</strong></span> <span class='ocrx_word' id='word_1_764' title='bbox 3566 4247 3738 4315; x_wconf 75' lang='grc' dir='ltr'><strong>αὐτῆς</strong></span> 
     </span>
    </p>
   </div>
   <div class='ocr_carea' id='block_1_99' title="bbox 2148 4341 3740 4431">
    <p class='ocr_par' dir='ltr' id='par_1_99' title="bbox 2148 4341 3740 4431">
     <span class='ocr_line' id='line_1_99' title="bbox 2148 4341 3740 4431; baseline -0.013 -17"><span class='ocrx_word' id='word_1_765' title='bbox 2148 4358 2427 4431; x_wconf 77' lang='grc' dir='ltr'><strong>ληφθέντα</strong></span> <span class='ocrx_word' id='word_1_766' title='bbox 2453 4355 2582 4410; x_wconf 88' lang='grc' dir='ltr'>ναόν</span> <span class='ocrx_word' id='word_1_767' title='bbox 2605 4372 2619 4384; x_wconf 88' lang='grc'><strong>·</strong></span> <span class='ocrx_word' id='word_1_768' title='bbox 2667 4355 2765 4408; x_wconf 75' lang='grc' dir='ltr'><strong>καὶ</strong></span> <span class='ocrx_word' id='word_1_769' title='bbox 2815 4352 2867 4406; x_wconf 85' lang='grc' dir='ltr'>εί</span> <span class='ocrx_word' id='word_1_770' title='bbox 2903 4351 3073 4414; x_wconf 82' lang='grc' dir='ltr'><strong>δοκεῖ,</strong></span> <span class='ocrx_word' id='word_1_771' title='bbox 3112 4346 3399 4418; x_wconf 81' lang='grc' dir='ltr'><strong>δεξώμεθα</strong></span> <span class='ocrx_word' id='word_1_772' title='bbox 3435 4343 3516 4406; x_wconf 77' lang='grc' dir='ltr'><strong>εἰς</strong></span> <span class='ocrx_word' id='word_1_773' title='bbox 3553 4341 3740 4411; x_wconf 80' lang='grc' dir='ltr'>παρά-</span> 
     </span>
    </p>
   </div>
   <div class='ocr_carea' id='block_1_100' title="bbox 2150 4437 3739 4524">
    <p class='ocr_par' dir='ltr' id='par_1_100' title="bbox 2150 4437 3739 4524">
     <span class='ocr_line' id='line_1_100' title="bbox 2150 4437 3739 4524; baseline -0.014 -16"><span class='ocrx_word' id='word_1_774' title='bbox 2150 4454 2356 4524; x_wconf 85' lang='grc' dir='ltr'>δειγμα</span> <span class='ocrx_word' id='word_1_775' title='bbox 2379 4453 2479 4520; x_wconf 71' lang='grc' dir='ltr'><strong>τὴν</strong></span> <span class='ocrx_word' id='word_1_776' title='bbox 2507 4447 2630 4504; x_wconf 82' lang='grc' dir='ltr'><strong>καθ’</strong></span> <span class='ocrx_word' id='word_1_777' title='bbox 2661 4449 2811 4518; x_wconf 79' lang='grc' dir='ltr'>ἡμᾶς</span> <span class='ocrx_word' id='word_1_778' title='bbox 2843 4443 3010 4501; x_wconf 77' lang='grc' dir='ltr'>αὑτοῦ</span> <span class='ocrx_word' id='word_1_779' title='bbox 3042 4441 3294 4496; x_wconf 71' lang='grc' dir='ltr'>σύνθεσιν</span> <span class='ocrx_word' id='word_1_780' title='bbox 3321 4438 3443 4494; x_wconf 85' lang='grc' dir='ltr'><strong>καθ’</strong></span> <span class='ocrx_word' id='word_1_781' title='bbox 3473 4437 3541 4508; x_wconf 71' lang='grc' dir='ltr'>ἦν</span> <span class='ocrx_word' id='word_1_782' title='bbox 3569 4437 3739 4507; x_wconf 74' lang='grc' dir='ltr'>ἔσμεν</span> 
     </span>
    </p>
   </div>
   <div class='ocr_carea' id='block_1_101' title="bbox 2150 4530 3736 4617">
    <p class='ocr_par' dir='ltr' id='par_1_101' title="bbox 2150 4530 3736 4617">
     <span class='ocr_line' id='line_1_101' title="bbox 2150 4530 3736 4617; baseline -0.013 -17"><span class='ocrx_word' id='word_1_783' title='bbox 2150 4545 2461 4617; x_wconf 79' lang='grc' dir='ltr'>ἄνθρωποι·</span> <span class='ocrx_word' id='word_1_784' title='bbox 2497 4539 2898 4610; x_wconf 82' lang='grc' dir='ltr'><strong>συντεθείμεθα</strong></span> <span class='ocrx_word' id='word_1_785' title='bbox 2919 4537 3028 4608; x_wconf 76' lang='grc' dir='ltr'>γὰρ</span> <span class='ocrx_word' id='word_1_786' title='bbox 3046 4537 3111 4590; x_wconf 77' lang='grc' dir='ltr'><strong>ὲκ</strong></span> <span class='ocrx_word' id='word_1_787' title='bbox 3138 4533 3320 4605; x_wconf 69' lang='grc' dir='ltr'><strong>ψυχῆς</strong></span> <span class='ocrx_word' id='word_1_788' title='bbox 3350 4531 3444 4585; x_wconf 71' lang='grc' dir='ltr'><strong>καὶ</strong></span> <span class='ocrx_word' id='word_1_789' title='bbox 3479 4530 3736 4600; x_wconf 68' lang='grc' dir='ltr'>σώματος</span> 
     </span>
    </p>
   </div>
   <div class='ocr_carea' id='block_1_102' title="bbox 2147 4623 3736 4708">
    <p class='ocr_par' dir='ltr' id='par_1_102' title="bbox 2147 4623 3736 4708">
     <span class='ocr_line' id='line_1_102' title="bbox 2147 4623 3736 4708; baseline -0.012 -17"><span class='ocrx_word' id='word_1_790' title='bbox 2147 4637 2244 4692; x_wconf 78' lang='grc' dir='ltr'><strong>καὶ</strong></span> <span class='ocrx_word' id='word_1_791' title='bbox 2273 4635 2490 4708; x_wconf 85' lang='grc' dir='ltr'><strong>ὁρῶμεν</strong></span> <span class='ocrx_word' id='word_1_792' title='bbox 2525 4633 2719 4703; x_wconf 81' lang='grc' dir='ltr'>φύσεις</span> <span class='ocrx_word' id='word_1_793' title='bbox 2754 4631 2871 4696; x_wconf 75' lang='grc' dir='ltr'>δύο,</span> <span class='ocrx_word' id='word_1_794' title='bbox 2925 4629 3121 4700; x_wconf 70' lang='grc' dir='ltr'><strong>ἑτέραν</strong></span> <span class='ocrx_word' id='word_1_795' title='bbox 3156 4625 3257 4696; x_wconf 76' lang='grc' dir='ltr'><strong>μὲν</strong></span> <span class='ocrx_word' id='word_1_796' title='bbox 3311 4623 3409 4677; x_wconf 79' lang='grc' dir='ltr'><strong>τοῦ</strong></span> <span class='ocrx_word' id='word_1_797' title='bbox 3453 4624 3736 4692; x_wconf 86' lang='grc' dir='ltr'>σώματος,</span> 
     </span>
    </p>
   </div>
   <div class='ocr_carea' id='block_1_103' title="bbox 2149 4714 3738 4800">
    <p class='ocr_par' dir='ltr' id='par_1_103' title="bbox 2149 4714 3738 4800">
     <span class='ocr_line' id='line_1_103' title="bbox 2149 4714 3738 4800; baseline -0.009 -18"><span class='ocrx_word' id='word_1_798' title='bbox 2149 4729 2347 4800; x_wconf 77' lang='grc' dir='ltr'>ἑτέραν</span> <span class='ocrx_word' id='word_1_799' title='bbox 2382 4728 2438 4780; x_wconf 81' lang='grc' dir='ltr'><strong>δὲ</strong></span> <span class='ocrx_word' id='word_1_800' title='bbox 2469 4727 2569 4797; x_wconf 81' lang='grc' dir='ltr'><strong>τῆς</strong></span> <span class='ocrx_word' id='word_1_801' title='bbox 2589 4725 2771 4796; x_wconf 75' lang='grc' dir='ltr'><strong>ψυχῆς</strong></span> <span class='ocrx_word' id='word_1_802' title='bbox 2789 4741 2804 4756; x_wconf 77' lang='grc'><strong><em>⁸</em></strong></span> <span class='ocrx_word' id='word_1_803' title='bbox 2834 4723 2950 4777; x_wconf 77' lang='grc' dir='ltr'>ἀλλ’</span> <span class='ocrx_word' id='word_1_804' title='bbox 2991 4715 3073 4784; x_wconf 77' lang='grc' dir='ltr'><strong>εἷς</strong></span> <span class='ocrx_word' id='word_1_805' title='bbox 3094 4718 3155 4784; x_wconf 68' lang='grc' dir='ltr'><strong>ἐξ</strong></span> <span class='ocrx_word' id='word_1_806' title='bbox 3175 4719 3382 4790; x_wconf 76' lang='grc' dir='ltr'>ἀμφοῖν</span> <span class='ocrx_word' id='word_1_807' title='bbox 3405 4714 3590 4787; x_wconf 64' lang='grc'><strong>(159⁵)</strong></span> <span class='ocrx_word' id='word_1_808' title='bbox 3611 4714 3738 4769; x_wconf 81' lang='grc' dir='ltr'><strong>καθ’</strong></span> 
     </span>
    </p>
   </div>
   <div class='ocr_carea' id='block_1_104' title="bbox 2148 4813 3733 4892">
    <p class='ocr_par' dir='ltr' id='par_1_104' title="bbox 2148 4813 3733 4892">
     <span class='ocr_line' id='line_1_104' title="bbox 2148 4813 3733 4892; baseline -0.009 -16"><span class='ocrx_word' id='word_1_809' title='bbox 2148 4823 2345 4876; x_wconf 75' lang='grc' dir='ltr'>ἕνωσιν</span> <span class='ocrx_word' id='word_1_810' title='bbox 2377 4821 2691 4892; x_wconf 82' lang='grc' dir='ltr'><strong>ἄνθρωπος,</strong></span> <span class='ocrx_word' id='word_1_811' title='bbox 2722 4819 2818 4872; x_wconf 72' lang='grc' dir='ltr'><strong>καὶ</strong></span> <span class='ocrx_word' id='word_1_812' title='bbox 2851 4817 2975 4888; x_wconf 81' lang='grc' dir='ltr'><strong>οὐχὶ</strong></span> <span class='ocrx_word' id='word_1_813' title='bbox 3003 4815 3082 4888; x_wconf 81' lang='grc' dir='ltr'>τῷ</span> <span class='ocrx_word' id='word_1_814' title='bbox 3113 4819 3177 4870; x_wconf 75' lang='grc' dir='ltr'>ἐκ</span> <span class='ocrx_word' id='word_1_815' title='bbox 3210 4814 3304 4868; x_wconf 82' lang='grc' dir='ltr'>δύο</span> <span class='ocrx_word' id='word_1_816' title='bbox 3345 4813 3567 4884; x_wconf 84' lang='grc' dir='ltr'>φύσεων</span> <span class='ocrx_word' id='word_1_817' title='bbox 3604 4825 3733 4863; x_wconf 84' lang='grc' dir='ltr'>συν-</span> 
     </span>
    </p>
   </div>
   <div class='ocr_carea' id='block_1_105' title="bbox 2148 4904 3736 4983">
    <p class='ocr_par' dir='ltr' id='par_1_105' title="bbox 2148 4904 3736 4983">
     <span class='ocr_line' id='line_1_105' title="bbox 2148 4904 3736 4983; baseline -0.007 -16"><span class='ocrx_word' id='word_1_818' title='bbox 2148 4913 2422 4968; x_wconf 70' lang='grc' dir='ltr'><strong>τέθεῖσθαι</strong></span> <span class='ocrx_word' id='word_1_819' title='bbox 2475 4914 2572 4966; x_wconf 74' lang='grc' dir='ltr'><strong>δύο</strong></span> <span class='ocrx_word' id='word_1_820' title='bbox 2615 4910 2965 4983; x_wconf 82' lang='grc' dir='ltr'><strong>ἀνθρώπους,</strong></span> <span class='ocrx_word' id='word_1_821' title='bbox 2994 4911 3090 4963; x_wconf 84' lang='grc' dir='ltr'><strong>τὸν</strong></span> <span class='ocrx_word' id='word_1_822' title='bbox 3120 4909 3220 4964; x_wconf 73' lang='grc' dir='ltr'><strong>ἕνα</strong></span> <span class='ocrx_word' id='word_1_823' title='bbox 3257 4904 3501 4960; x_wconf 81' lang='grc' dir='ltr'>νοεῖσθαι</span> <span class='ocrx_word' id='word_1_824' title='bbox 3551 4921 3736 4974; x_wconf 83' lang='grc' dir='ltr'><strong>παρα-</strong></span> 
     </span>
    </p>
   </div>
   <div class='ocr_carea' id='block_1_106' title="bbox 2149 4997 3734 5074">
    <p class='ocr_par' dir='ltr' id='par_1_106' title="bbox 2149 4997 3734 5074">
     <span class='ocr_line' id='line_1_106' title="bbox 2149 4997 3734 5074; baseline -0.007 -15"><span class='ocrx_word' id='word_1_825' title='bbox 2149 5009 2431 5073; x_wconf 70' lang='grc' dir='ltr'><strong>σκευὲζει,</strong></span> <span class='ocrx_word' id='word_1_826' title='bbox 2472 5006 2588 5061; x_wconf 79' lang='grc' dir='ltr'>ἀλλ’</span> <span class='ocrx_word' id='word_1_827' title='bbox 2620 5007 2717 5060; x_wconf 75' lang='grc' dir='ltr'><strong>ξένα</strong></span> <span class='ocrx_word' id='word_1_828' title='bbox 2750 5005 2841 5059; x_wconf 81' lang='grc' dir='ltr'>τὸν</span> <span class='ocrx_word' id='word_1_829' title='bbox 2864 5004 3153 5074; x_wconf 82' lang='grc' dir='ltr'><strong>ἄνθρωπον</strong></span> <span class='ocrx_word' id='word_1_830' title='bbox 3185 5000 3325 5055; x_wconf 80' lang='grc' dir='ltr'><strong>κατᾶ</strong></span> <span class='ocrx_word' id='word_1_831' title='bbox 3361 4998 3503 5071; x_wconf 75' lang='grc' dir='ltr'>(τὴν)</span> <span class='ocrx_word' id='word_1_832' title='bbox 3538 4997 3734 5050; x_wconf 80' lang='grc' dir='ltr'>σύνθε-</span> 
     </span>
    </p>
   </div>
   <div class='ocr_carea' id='block_1_107' title="bbox 2147 5091 3733 5170">
    <p class='ocr_par' dir='ltr' id='par_1_107' title="bbox 2147 5091 3733 5170">
     <span class='ocr_line' id='line_1_107' title="bbox 2147 5091 3733 5170; baseline -0.008 -17"><span class='ocrx_word' id='word_1_833' title='bbox 2147 5117 2252 5168; x_wconf 83' lang='grc' dir='ltr'>σιν,</span> <span class='ocrx_word' id='word_1_834' title='bbox 2294 5101 2366 5162; x_wconf 76' lang='grc' dir='ltr'>ὡς</span> <span class='ocrx_word' id='word_1_835' title='bbox 2401 5100 2561 5170; x_wconf 81' lang='grc' dir='ltr'><strong>ἔφην,</strong></span> <span class='ocrx_word' id='word_1_836' title='bbox 2590 5100 2693 5170; x_wconf 77' lang='grc' dir='ltr'><strong>τὴν</strong></span> <span class='ocrx_word' id='word_1_837' title='bbox 2730 5100 2794 5152; x_wconf 78' lang='grc' dir='ltr'>ἐκ</span> <span class='ocrx_word' id='word_1_838' title='bbox 2828 5098 3012 5168; x_wconf 70' lang='grc' dir='ltr'>ψυχῆς</span> <span class='ocrx_word' id='word_1_839' title='bbox 3039 5097 3134 5148; x_wconf 71' lang='grc' dir='ltr'><strong>καὶ</strong></span> <span class='ocrx_word' id='word_1_840' title='bbox 3173 5093 3465 5162; x_wconf 71' lang='grc' dir='ltr'>σώματος’</span> <span class='ocrx_word' id='word_1_841' title='bbox 3497 5091 3595 5143; x_wconf 80' lang='grc' dir='ltr'><strong>ἐὰν</strong></span> <span class='ocrx_word' id='word_1_842' title='bbox 3624 5091 3733 5158; x_wconf 85' lang='grc' dir='ltr'>γὰρ</span> 
     </span>
    </p>
   </div>
   <div class='ocr_carea' id='block_1_108' title="bbox 2142 5175 3734 5261">
    <p class='ocr_par' dir='ltr' id='par_1_108' title="bbox 2142 5175 3734 5261">
     <span class='ocr_line' id='line_1_108' title="bbox 2142 5175 3734 5261; baseline -0.01 -16"><span class='ocrx_word' id='word_1_843' title='bbox 2142 5192 2424 5261; x_wconf 80' lang='grc' dir='ltr'>ἀνέλωμεν</span> <span class='ocrx_word' id='word_1_844' title='bbox 2452 5193 2514 5246; x_wconf 89' lang='grc' dir='ltr'><strong>τὸ</strong></span> <span class='ocrx_word' id='word_1_845' title='bbox 2542 5193 2626 5246; x_wconf 83' lang='grc' dir='ltr'><strong>ὅτι</strong></span> <span class='ocrx_word' id='word_1_846' title='bbox 2651 5193 2716 5244; x_wconf 84' lang='grc' dir='ltr'>ὲκ</span> <span class='ocrx_word' id='word_1_847' title='bbox 2741 5191 2836 5244; x_wconf 85' lang='grc' dir='ltr'>δύο</span> <span class='ocrx_word' id='word_1_848' title='bbox 2876 5190 2968 5241; x_wconf 65' lang='grc' dir='ltr'><strong>καὶ</strong></span> <span class='ocrx_word' id='word_1_849' title='bbox 3024 5187 3303 5256; x_wconf 72' lang='grc' dir='ltr'>διαφόρων</span> <span class='ocrx_word' id='word_1_850' title='bbox 3338 5182 3555 5252; x_wconf 82' lang='grc' dir='ltr'>φύσεων</span> <span class='ocrx_word' id='word_1_851' title='bbox 3582 5183 3610 5234; x_wconf 93' lang='lat'><strong>6</strong></span> <span class='ocrx_word' id='word_1_852' title='bbox 3649 5175 3734 5243; x_wconf 74' lang='grc' dir='ltr'><strong>εἷς</strong></span> 
     </span>
    </p>
   </div>
   <div class='ocr_carea' id='block_1_109' title="bbox 2143 5270 3732 5354">
    <p class='ocr_par' dir='ltr' id='par_1_109' title="bbox 2143 5270 3732 5354">
     <span class='ocr_line' id='line_1_109' title="bbox 2143 5270 3732 5354; baseline -0.009 -20"><span class='ocrx_word' id='word_1_853' title='bbox 2143 5283 2238 5336; x_wconf 76' lang='grc' dir='ltr'><strong>καὶ</strong></span> <span class='ocrx_word' id='word_1_854' title='bbox 2274 5284 2435 5354; x_wconf 79' lang='grc' dir='ltr'>μόνος</span> <span class='ocrx_word' id='word_1_855' title='bbox 2462 5283 2582 5336; x_wconf 59' lang='grc' dir='ltr'><strong>ἐστὶ⁵</strong></span> <span class='ocrx_word' id='word_1_856' title='bbox 2618 5281 2876 5352; x_wconf 86' lang='grc' dir='ltr'>Χριστὸς,</span> <span class='ocrx_word' id='word_1_857' title='bbox 2934 5277 3304 5338; x_wconf 76' lang='grc' dir='ltr'>ἀδιάσπαστος</span> <span class='ocrx_word' id='word_1_858' title='bbox 3343 5273 3420 5328; x_wconf 79' lang='grc' dir='ltr'><strong>ὢν</strong></span> <span class='ocrx_word' id='word_1_859' title='bbox 3454 5272 3597 5344; x_wconf 83' lang='grc' dir='ltr'>μετὰ</span> <span class='ocrx_word' id='word_1_860' title='bbox 3631 5270 3732 5340; x_wconf 79' lang='grc' dir='ltr'>τὴν</span> 
     </span>
    </p>
   </div>
   <div class='ocr_carea' id='block_1_110' title="bbox 455 5362 2048 5446">
    <p class='ocr_par' dir='ltr' id='par_1_110' title="bbox 455 5368 2037 5440">
     <span class='ocr_line' id='line_1_110' title="bbox 455 5368 2037 5440; baseline 0.001 -15"><span class='ocrx_word' id='word_1_861' title='bbox 455 5373 587 5425; x_wconf 82' lang='lat' dir='ltr'><strong>elies</strong></span> <span class='ocrx_word' id='word_1_862' title='bbox 616 5384 856 5430; x_wconf 86' lang='lat' dir='ltr'><strong>nonuue,</strong></span> <span class='ocrx_word' id='word_1_863' title='bbox 889 5368 982 5436; x_wconf 92' lang='lat' dir='ltr'><strong>qui</strong></span> <span class='ocrx_word' id='word_1_864' title='bbox 1019 5385 1081 5422; x_wconf 77' lang='lat' dir='ltr'><strong>ex</strong></span> <span class='ocrx_word' id='word_1_865' title='bbox 1112 5369 1311 5438; x_wconf 85' lang='lat' dir='ltr'><strong>populo</strong></span> <span class='ocrx_word' id='word_1_866' title='bbox 1339 5383 1446 5424; x_wconf 90' lang='lat' dir='ltr'><strong>non</strong></span> <span class='ocrx_word' id='word_1_867' title='bbox 1509 5383 1714 5440; x_wconf 87' lang='lat' dir='ltr'><strong>paucos</strong></span> <span class='ocrx_word' id='word_1_868' title='bbox 1750 5370 1817 5425; x_wconf 86' lang='lat' dir='ltr'><strong>ad</strong></span> <span class='ocrx_word' id='word_1_869' title='bbox 1850 5380 2037 5440; x_wconf 86' lang='lat' dir='ltr'><strong>partes</strong></span> 
     </span>
    </p>
   </div>
   <div class='ocr_carea' id='block_1_111' title="bbox 2152 5362 3732 5446">
    <p class='ocr_par' dir='ltr' id='par_1_111' title="bbox 2152 5362 3732 5446">
     <span class='ocr_line' id='line_1_111' title="bbox 2152 5362 3732 5446; baseline -0.009 -18"><span class='ocrx_word' id='word_1_870' title='bbox 2152 5375 2359 5441; x_wconf 63' lang='grc' dir='ltr'>ἕνωσιν,</span> <span class='ocrx_word' id='word_1_871' title='bbox 2396 5374 2618 5446; x_wconf 76' lang='grc' dir='ltr'>ἐροῦσιν</span> <span class='ocrx_word' id='word_1_872' title='bbox 2647 5373 2697 5424; x_wconf 78' lang='lat' dir='ltr'><strong>oi</strong></span> <span class='ocrx_word' id='word_1_873' title='bbox 2727 5370 2796 5424; x_wconf 80' lang='grc' dir='ltr'>δι’</span> <span class='ocrx_word' id='word_1_874' title='bbox 2826 5368 3107 5432; x_wconf 74' lang='grc' dir='ltr'><strong>ἐναντίας·</strong></span> <span class='ocrx_word' id='word_1_875' title='bbox 3148 5387 3165 5420; x_wconf 81' lang='grc' dir='ltr'><strong>ι</strong></span> <span class='ocrx_word' id='word_1_876' title='bbox 3205 5368 3268 5422; x_wconf 86' lang='grc' dir='ltr'>Εἰ</span> <span class='ocrx_word' id='word_1_877' title='bbox 3313 5366 3411 5438; x_wconf 86' lang='grc' dir='ltr'>μία</span> <span class='ocrx_word' id='word_1_878' title='bbox 3461 5364 3624 5436; x_wconf 83' lang='grc' dir='ltr'>φύσις</span> <span class='ocrx_word' id='word_1_879' title='bbox 3669 5362 3732 5414; x_wconf 84' lang='grc' dir='ltr'><strong>τὸ</strong></span> 
     </span>
    </p>
   </div>
   <div class='ocr_carea' id='block_1_112' title="bbox 1657 5533 2512 5602">
    <p class='ocr_par' dir='ltr' id='par_1_112' title="bbox 1657 5533 2512 5602">
     <span class='ocr_line' id='line_1_112' title="bbox 1657 5533 2512 5602; baseline 0.007 -10"><span class='ocrx_word' id='word_1_880' title='bbox 1657 5533 1858 5597; x_wconf 67' lang='grc' dir='ltr'>νοτία)</span> <span class='ocrx_word' id='word_1_881' title='bbox 1886 5535 2200 5602; x_wconf 88' lang='lat' dir='ltr'><strong>lectiones</strong></span> <span class='ocrx_word' id='word_1_882' title='bbox 2229 5547 2292 5602; x_wconf 85' lang='lat' dir='ltr'><strong>et</strong></span> <span class='ocrx_word' id='word_1_883' title='bbox 2322 5547 2512 5600; x_wconf 73' lang='lat' dir='ltr'><strong>notte.</strong></span> 
     </span>
    </p>
   </div>
   <div class='ocr_carea' id='block_1_113' title="bbox 527 5676 2048 5768">
    <p class='ocr_par' dir='ltr' id='par_1_113' title="bbox 527 5676 2048 5768">
     <span class='ocr_line' id='line_1_113' title="bbox 527 5676 2048 5768; baseline 0.002 -37"><span class='ocrx_word' id='word_1_884' title='bbox 527 5677 736 5763; x_wconf 44' lang='lat' dir='ltr'><strong>&quot;‘l.u_c.</strong></span> <span class='ocrx_word' id='word_1_885' title='bbox 775 5676 1027 5768; x_wconf 37' lang='grc' dir='ltr'>ιριὸᾝόξ.</span> <span class='ocrx_word' id='word_1_886' title='bbox 1106 5678 1153 5768; x_wconf 60' lang='grc' dir='ltr'><strong>ξο</strong></span> <span class='ocrx_word' id='word_1_887' title='bbox 1180 5679 1366 5768; x_wconf 54' lang='grc' dir='ltr'>[πίοιμι.</span> <span class='ocrx_word' id='word_1_888' title='bbox 1402 5680 1610 5768; x_wconf 32' lang='grc' dir='ltr'>ιρι..-</span> <span class='ocrx_word' id='word_1_889' title='bbox 1643 5681 1682 5710; x_wconf 85' lang='grc'><strong>³¹</strong></span> <span class='ocrx_word' id='word_1_890' title='bbox 1723 5683 1813 5734; x_wconf 67' lang='grc' dir='ltr'>καί</span> <span class='ocrx_word' id='word_1_891' title='bbox 1856 5683 1981 5740; x_wconf 88' lang='lat' dir='ltr'><strong>add.</strong></span> <span class='ocrx_word' id='word_1_892' title='bbox 2022 5686 2048 5739; x_wconf 75' lang='grc' dir='ltr'><strong>ι</strong></span> 
     </span>
    </p>
   </div>
   <div class='ocr_carea' id='block_1_114' title="bbox 2152 5676 3720 5768">
    <p class='ocr_par' dir='ltr' id='par_1_114' title="bbox 2231 5679 3720 5768">
     <span class='ocr_line' id='line_1_114' title="bbox 2231 5679 3720 5768; baseline 0 -32"><span class='ocrx_word' id='word_1_893' title='bbox 2231 5685 2435 5768; x_wconf 9' lang='grc' dir='ltr'><strong>³’-γξερτξι</strong></span> <span class='ocrx_word' id='word_1_894' title='bbox 2467 5683 2596 5766; x_wconf 63' lang='lat' dir='ltr'><strong>Ccd.</strong></span> <span class='ocrx_word' id='word_1_895' title='bbox 2676 5685 2719 5768; x_wconf 51' lang='lat'><strong>3&#39;3</strong></span> <span class='ocrx_word' id='word_1_896' title='bbox 2749 5682 3066 5768; x_wconf 45' lang='grc' dir='ltr'><strong>ιβωῃςν,</strong></span> <span class='ocrx_word' id='word_1_897' title='bbox 3109 5683 3196 5767; x_wconf 58' lang='grc' dir='ltr'><strong>ΙιἹ.</strong></span> <span class='ocrx_word' id='word_1_898' title='bbox 3277 5683 3322 5714; x_wconf 72' lang='grc'><strong><em>³⁵</em></strong></span> <span class='ocrx_word' id='word_1_899' title='bbox 3347 5682 3400 5734; x_wconf 79' lang='grc' dir='ltr'>δέ</span> <span class='ocrx_word' id='word_1_900' title='bbox 3417 5681 3552 5768; x_wconf 58' lang='lat' dir='ltr'><strong>fulti.</strong></span> <span class='ocrx_word' id='word_1_901' title='bbox 3573 5679 3720 5768; x_wconf 47' lang='lat' dir='ltr'><strong>Sed.</strong></span> 
     </span>
    </p>
   </div>
   <div class='ocr_carea' id='block_1_115' title="bbox 1104 5751 1486 5815">
    <p class='ocr_par' dir='ltr' id='par_1_115' title="bbox 1104 5751 1486 5815">
     <span class='ocr_line' id='line_1_115' title="bbox 1104 5751 1486 5815; baseline 0.005 -15"><span class='ocrx_word' id='word_1_902' title='bbox 1169 5751 1254 5802; x_wconf 83' lang='lat' dir='ltr'><strong>.lo.</strong></span> <span class='ocrx_word' id='word_1_903' title='bbox 1285 5751 1372 5815; x_wconf 81' lang='lat'><strong>1.1,</strong></span> <span class='ocrx_word' id='word_1_904' title='bbox 1407 5753 1486 5804; x_wconf 61' lang='grc' dir='ltr'><strong>ιδ.</strong></span> 
     </span>
    </p>
   </div>
   <div class='ocr_carea' id='block_1_116' title="bbox 689 5819 1938 5886">
    <p class='ocr_par' dir='ltr' id='par_1_116' title="bbox 689 5819 1938 5886">
     <span class='ocr_line' id='line_1_116' title="bbox 689 5819 1938 5886; baseline 0.006 -16"><span class='ocrx_word' id='word_1_905' title='bbox 689 5819 731 5848; x_wconf 79' lang='grc'><strong>⁹⁹</strong></span> <span class='ocrx_word' id='word_1_906' title='bbox 770 5836 820 5870; x_wconf 83' lang='grc' dir='ltr'><strong>κ.</strong></span> <span class='ocrx_word' id='word_1_907' title='bbox 856 5823 1058 5886; x_wconf 56' lang='grc' dir='ltr'><strong>ταύτην</strong></span> <span class='ocrx_word' id='word_1_908' title='bbox 1083 5820 1171 5872; x_wconf 66' lang='grc' dir='ltr'><strong>οὖν</strong></span> <span class='ocrx_word' id='word_1_909' title='bbox 1197 5823 1326 5876; x_wconf 70' lang='lat' dir='ltr'><strong>(led.</strong></span> <span class='ocrx_word' id='word_1_910' title='bbox 1410 5822 1452 5852; x_wconf 51' lang='grc' dir='ltr'><strong>δί’</strong></span> <span class='ocrx_word' id='word_1_911' title='bbox 1510 5821 1595 5872; x_wconf 58' lang='grc' dir='ltr'><strong>καί</strong></span> <span class='ocrx_word' id='word_1_912' title='bbox 1652 5823 1772 5875; x_wconf 74' lang='lat' dir='ltr'><strong>add.</strong></span> <span class='ocrx_word' id='word_1_913' title='bbox 1813 5826 1938 5878; x_wconf 71' lang='grc' dir='ltr'><strong>ίῖιῖίί.</strong></span> 
     </span>
    </p>
   </div>
   <div class='ocr_carea' id='block_1_117' title="bbox 459 5749 1022 5800">
    <p class='ocr_par' dir='ltr' id='par_1_117' title="bbox 459 5749 1022 5800">
     <span class='ocr_line' id='line_1_117' title="bbox 459 5749 1022 5800; baseline 0 0"><span class='ocrx_word' id='word_1_914' title='bbox 459 5751 501 5778; x_wconf 74' lang='grc'><strong>³⁵</strong></span> <span class='ocrx_word' id='word_1_915' title='bbox 538 5749 699 5800; x_wconf 65' lang='grc' dir='ltr'><strong>αὑτοῦ</strong></span> <span class='ocrx_word' id='word_1_916' title='bbox 734 5749 858 5800; x_wconf 74' lang='lat' dir='ltr'><strong>atlil.</strong></span> <span class='ocrx_word' id='word_1_917' title='bbox 893 5751 1022 5800; x_wconf 54' lang='grc' dir='ltr'><strong>(έναι.</strong></span> 
     </span>
    </p>
   </div>
   <div class='ocr_carea' id='block_1_118' title="bbox 460 5819 611 5870">
    <p class='ocr_par' dir='ltr' id='par_1_118' title="bbox 460 5819 611 5870">
     <span class='ocr_line' id='line_1_118' title="bbox 460 5819 611 5870; baseline -0.013 0"><span class='ocrx_word' id='word_1_918' title='bbox 460 5819 523 5870; x_wconf 88' lang='lat' dir='ltr'><strong>ll.</strong></span> <span class='ocrx_word' id='word_1_919' title='bbox 561 5819 611 5869; x_wconf 87' lang='lat'><strong>7.</strong></span> 
     </span>
    </p>
   </div>
   <div class='ocr_carea' id='block_1_119' title="bbox 1568 5752 2071 5817">
    <p class='ocr_par' dir='ltr' id='par_1_119' title="bbox 1568 5752 2071 5817">
     <span class='ocr_line' id='line_1_119' title="bbox 1568 5752 2071 5817; baseline 0.004 -15"><span class='ocrx_word' id='word_1_920' title='bbox 1568 5752 1610 5782; x_wconf 72' lang='grc' dir='ltr'><strong>³τ</strong></span> <span class='ocrx_word' id='word_1_921' title='bbox 1657 5755 1798 5802; x_wconf 72' lang='grc' dir='ltr'><strong>κατὰ</strong></span> <span class='ocrx_word' id='word_1_922' title='bbox 1830 5772 1875 5804; x_wconf 70' lang='lat'><strong>3.</strong></span> <span class='ocrx_word' id='word_1_923' title='bbox 1927 5757 2000 5817; x_wconf 74' lang='grc' dir='ltr'><strong>ὡς</strong></span> <span class='ocrx_word' id='word_1_924' title='bbox 2031 5760 2071 5811; x_wconf 72' lang='grc' dir='ltr'><strong>ὲ,</strong></span> 
     </span>
    </p>
   </div>
   <div class='ocr_carea' id='block_1_120' title="bbox 2108 5749 3718 5823">
    <p class='ocr_par' dir='ltr' id='par_1_120' title="bbox 2108 5749 3718 5823">
     <span class='ocr_line' id='line_1_120' title="bbox 2108 5749 3718 5823; baseline -0.001 -16"><span class='ocrx_word' id='word_1_925' title='bbox 2108 5761 2170 5808; x_wconf 77' lang='grc' dir='ltr'>ἐκ</span> <span class='ocrx_word' id='word_1_926' title='bbox 2247 5749 2367 5823; x_wconf 66' lang='grc' dir='ltr'><strong>τῆς</strong></span> <span class='ocrx_word' id='word_1_927' title='bbox 2400 5757 2433 5806; x_wconf 74' lang='grc' dir='ltr'>ἁ</span> <span class='ocrx_word' id='word_1_928' title='bbox 2489 5771 2544 5806; x_wconf 85' lang='grc' dir='ltr'><strong>π.</strong></span> <span class='ocrx_word' id='word_1_929' title='bbox 2583 5755 2810 5811; x_wconf 63' lang='lat' dir='ltr'><strong>smtjcd.</strong></span> <span class='ocrx_word' id='word_1_930' title='bbox 2891 5757 2934 5786; x_wconf 77' lang='grc'><strong>³⁵</strong></span> <span class='ocrx_word' id='word_1_931' title='bbox 2971 5757 3016 5808; x_wconf 78' lang='grc' dir='ltr'>έ.</span> <span class='ocrx_word' id='word_1_932' title='bbox 3050 5757 3284 5808; x_wconf 61' lang='lat' dir='ltr'><strong>zzz-&quot;nus:</strong></span> <span class='ocrx_word' id='word_1_933' title='bbox 3317 5772 3374 5821; x_wconf 87' lang='grc' dir='ltr'>μ.</span> <span class='ocrx_word' id='word_1_934' title='bbox 3412 5753 3459 5806; x_wconf 83' lang='grc' dir='ltr'><strong>ὁ.</strong></span> <span class='ocrx_word' id='word_1_935' title='bbox 3487 5751 3538 5804; x_wconf 85' lang='grc' dir='ltr'>λ.</span> <span class='ocrx_word' id='word_1_936' title='bbox 3573 5749 3718 5807; x_wconf 82' lang='lat' dir='ltr'><strong>Phil.</strong></span> 
     </span>
    </p>
   </div>
  </div>
