4090 6406
318 389 427 453 ’189

1499 392 1966 455 CHRONICON.
2006 418 2071 427 -
2118 396 2270 458 LIB.
2311 398 2412 459 ιν.

3497 399 3604 461 790

314 505 460 571 ὅλον,
489 503 613 569 πῶς
650 502 1082 576 ἐνηνθρὼπησεν
1138 505 1170 575 ἢ
1210 504 1371 561 ποίαν
1429 506 1569 561 ίδίαν
1613 508 1905 578 ἐποιήσατο

2019 525 2148 568 suas
2199 512 2393 577 trahit,
2443 514 2781 569 conﬁrmans
2852 522 3044 570 contra
3083 513 3401 570 Nestorium
3446 532 3606 571 suum

316 597 499 672 σάρκα
533 614 548 661 ς
588 617 608 651 ι
640 598 782 660 Τοὺς
807 598 865 652 δὲ
895 597 1178 666 λέγοντας,
1215 598 1299 652 ὄτι
1326 600 1528 669 κρᾶσις
1557 600 1597 670 ἢ
1642 600 1908 670 σύγχυσις

312 693 348 761 ἢ
380 690 598 763 φυρμδς
621 691 847 760 ἐγένετο
877 691 972 747 τοῦ
1005 691 1144 746 Θεοῦ
1161 693 1339 762 Λόγου
1370 694 1507 765 πρὸς
1575 695 1675 762 τὴν
1704 695 1905 767 σάρκα,

316 784 718 851 καταξιωσόπω
734 786 875 855 σουή
901 784 1185 839 θεοσέϐεια
1214 786 1442 850 τούτους
1469 787 1756 858 προδήλως
1788 788 1910 841 ἐπι-

316 877 616 947 στομίζειν.
668 894 687 929 ι
718 908 788 918 -
821 878 979 932 Μετὰ
1010 879 1054 909 ⁴¹
1097 876 1292 943 ταῦτα,
1348 880 1621 950 Κυρίλλου
1647 880 1906 952 τελευτή-

315 987 533 1036 σαντος,
590 970 890 1042 ἐπιφύεται
965 972 1202 1043 μοναχός
1251 990 1336 1038 τις
1369 972 1416 1006 ⁸³
1469 972 1906 1046 ἀρχιμανδρίτης

314 1061 564 1133 Εὐτυχὴς
594 1061 1006 1133 ὀνομαζόμενος
1038 1066 1133 1119 καὶ
1158 1064 1385 1136 ἀποσπᾷ
1417 1065 1539 1119 κατ’
1575 1066 1703 1121 δπιν
1728 1066 1775 1099 ⁸³
1810 1068 1906 1137 μι-

316 1172 410 1227 ρος
438 1157 540 1209 οὐκ
570 1155 757 1224 ὀλίγον
782 1155 881 1210 τοῦ
906 1156 1041 1212 λαοῦ
1094 1158 1281 1229 κυρῶν
1318 1158 1363 1190 ⁸³
1400 1160 1542 1213 κατὰ
1595 1159 1902 1233 Νεστορίου

318 1251 414 1304 καὶ
448 1249 506 1305 τὸ
538 1249 738 1304 ἑαυτοῦ
791 1250 1035 1321 πονηρὸν
1064 1251 1268 1321 δόγμα,
1300 1252 1529 1321 φάσκων
1566 1253 1641 1323 μὴ
1674 1250 1814 1307 εἶναι
1844 1252 1905 1308 τὺ

325 1342 482 1414 σῶμα
507 1343 550 1375 ⁵⁸
582 1343 679 1396 τοῦ
714 1343 922 1414 Κυρίου
947 1344 1082 1415 ἡμῖν
1115 1344 1406 1415 όμοούσιον
1438 1347 1502 1400 ⁸⁸.
1549 1348 1660 1400 Καὶ
1703 1347 1767 1419 δὴ
1798 1348 1905 1401 πά-

319 1436 400 1488 λιν
435 1434 553 1505 μετ’
590 1436 773 1505 ὀλίγον
802 1435 848 1466 "
873 1436 965 1489 διὰ
1039 1436 1331 1508 βασιλικῆς
1362 1440 1544 1512 χειρὸς
1576 1440 1741 1512 ἑτέρα
1774 1441 1904 1496 σύν-

314 1526 434 1589 οδος
463 1526 735 1598 λῃστρικὴ
766 1526 812 1559 ⁴⁸
853 1529 911 1580 ἐν
960 1527 1173 1598 Ἐφέσῳ
1223 1529 1319 1582 καὶ
1356 1531 1454 1600 οὐχ
1506 1530 1629 1585 ὁσία
1668 1532 1898 1601 γίνεται,

311 1621 821 1693 παραπεμφθέντος
866 1623 1050 1677 ἐκεῖσε
1092 1623 1401 1678 Φλαόιανοῦ
1443 1626 1899 1681 Κωνσταντινου-

310 1712 543 1780 πόλεως,
562 1712 661 1784 τὴν
684 1714 868 1768 πᾶσαν
890 1713 1145 1781 ἐξουσίαν
1169 1717 1463 1786 Διοσκόρου
1488 1716 1900 1788 Ἀλεξανδρείας

306 1804 563 1875 ἔχοντος·
643 1807 742 1860 καὶ
809 1806 1101 1875 φονεύεται
1141 1807 1241 1877 μὲν
1294 1808 1596 1875 Φλαϐιανὺς
1653 1810 1681 1862 ὁ
1731 1810 1896 1874 θεῖος,

305 1895 651 1967 ὑπερμαχῶν
680 1897 782 1968 τῆς
812 1898 1101 1970 ὀρθοδόξου
1132 1902 1395 1967 πίστεως,
1429 1901 1807 1973 ἀνατρέπεται
1840 1903 1898 1957 δὲ
1935 1883 1973 1938 θ

305 1990 337 2080 ii
374 1991 434 2043 ἐν
469 1990 685 2062 Ἐφέσῳ
708 1991 902 2064 πρώτη
953 1993 1198 2059 σύνοδος,
1230 1994 1669 2080 ίηιογραψάντων
1700 1999 1898 2068 φονικῇ

307 2079 398 2152 βίᾳ
430 2082 601 2137 τινῶν
637 2083 982 2151 ἐπισκόπων,
1052 2085 1114 2151 ἐξ
1164 2079 1502 2157 ὦνίὺπῆρχε
1557 2088 1839 2152 Βασίλειος
1876 2090 1901 2141 ὃ

306 2174 653 2239 Σελευκείας.
708 2177 1028 2233 Κάντεῦθεν
1106 2180 1218 2234 τῶν
1267 2181 1366 2234 τοῦ
1427 2181 1732 2254 Νεστορίου
1801 2183 1900 2237 καὶ

306 2270 607 2341 Διοσκόρου
640 2270 737 2326 καὶ
770 2272 1053 2344 Εὑτυχοῦς
1109 2277 1600 2347 δημοσιευομὲνων
1646 2277 1901 2349 πονηρῶν

309 2360 472 2432 536
502 2362 798 2433 δογμάτων
834 2365 931 2419 καὶ
965 2366 1173 2437 πολλῆς
1207 2369 1458 2440 ταραχῆς
1501 2369 1815 2441 γενομένης
1854 2369 1900 2401 ιι

314 2456 409 2507 καὶ
438 2454 604 2526 ζάλης
634 2456 904 2529 μεγίστης
933 2459 994 2512 ἐν
1022 2462 1089 2529 τῇ
1116 2460 1403 2531 Ἀνατολῇ,
1436 2462 1728 2532 φονεύεται
1759 2462 1903 2533 Προ-

316 2543 491 2614 τέριος
519 2548 546 2598 ό
576 2548 753 2617 μέγας
790 2551 979 2621 ἱερεὺς
1013 2553 1111 2606 καὶ
1147 2551 1330 2625 ἕτεροι
1364 2553 1635 2608 πλεῖστοι.
1671 2553 1899 2609 Τούτων

314 2631 402 2689 οῦν
430 2637 606 2703 οὕτως
636 2641 900 2712 ἐχόντων,
932 2643 1223 2698 ἀνίσταται
1269 2645 1458 2700 θεόθεν
1504 2646 1831 2719 Μαρκιανὸς
1873 2648 1900 2701 ό

311 2730 570 2801 βασιλεὺς
594 2733 641 2766 ⁸⁰
674 2737 1006 2805 συναγαγὼν
1041 2740 1101 2792 ἐν
1133 2739 1442 2807 Χαλκηδόνι
1469 2741 1513 2774 ⁸⁸
1543 2741 1644 2811 τὴν
1677 2740 1787 2794 τῶν
1824 2741 1901 2812 χλ¹

311 2826 574 2897 Πατὲρων
598 2826 840 2893 σύνοδον,
875 2830 1144 2902 παρόντος
1181 2833 1227 2865 ⁸⁸
1258 2834 1558 2904 Διοσκόρου
1600 2835 1693 2889 καὶ
1728 2835 1902 2889 essu.

306 2917 463 2987 χοῦς,
504 2918 626 2988 μεθ’
650 2910 726 2973 ῶν
754 2923 847 2976 καὶ
875 2923 1044 2986 αὐτὸς
1079 2926 1397 2996 πορευθεὶς,
1438 2927 1903 2993 καταδικάζονται

315 3010 417 3078 μέν
452 3011 767 3082 Διόσκορος,
809 3016 901 3069 καὶ
941 3016 1220 3089 Εὑτυχὴς,
1276 3020 1374 3073 καὶ
1422 3018 1741 3090 Νεστόριος,
1807 3023 1901 3076 καὶ

312 3103 481 3157 πάλιν
541 3105 1062 3178 ἀναθεματίζονται,
1111 3110 1468 3185 Θεοδὼρητον
1530 3113 1588 3167 δὲ
1630 3114 1727 3169 καὶ
1752 3115 1903 3170 Ἴδαν

310 3195 406 3248 καὶ
433 3195 718 3251 Βασίλειον
757 3198 1083 3265 Σελευκείας
1136 3202 1390 3268 ἐδέξαντο
1431 3205 1905 3277 καθυπογράψαν-

311 3303 409 3350 τις
429 3304 443 3319 ο
478 3289 575 3343 καὶ
603 3289 703 3360 τῆς
728 3290 1032 3364 λῃστρικῆς
1073 3295 1294 3352 συνόδου
1354 3298 1773 3370 ἀνατραπείσης
1806 3300 1904 3353 καὶ

311 3379 869 3456 ἀναθεματισθείσης,
903 3388 985 3452 εἰς
1022 3387 1155 3459 μίαν
1184 3391 1509 3460 συμφωνίαν
1536 3393 1747 3463 ἤγαγον
1770 3391 1906 3447 πάν-

312 3486 411 3534 τας
437 3471 487 3524 οί
522 3472 661 3527 θεῖοι
691 3476 962 3549 Πατέρες.
994 3508 1061 3521 σ-
1102 3479 1325 3538 Τούτων
1353 3481 1411 3537 δὲ
1453 3484 1564 3537 τῶν
1593 3484 1634 3535 δ’
1666 3484 1903 3539 συνόδων

311 3564 451 3619 οὕτω
479 3568 800 3640 γενομένων
860 3572 959 3627 καὶ
995 3574 1510 3630 ἐπιϐεϐαιωθεισῶν
1553 3578 1599 3610 ⁸³
1632 3579 1727 3632 καὶ
1760 3596 1902 3651 κρα-

312 3658 519 3713 τουσῶν
539 3661 600 3714 ἐν
630 3663 697 3733 τῇ
737 3662 833 3717 τοῦ
874 3663 1011 3718 Θεοῦ
1039 3664 1366 3738 Ἐκκλησία,
1400 3668 1451 3720 οί
1482 3668 1550 3722 τὰ
1604 3668 1903 3742 Νεστορίου

316 3750 642 3820 φρονοῦντες
706 3756 1053 3813 ἐσπούδασαν
1096 3755 1258 3823 αὖθις
1294 3760 1398 3832 τὴν
1446 3761 1664 3833 αἵρεσιν
1722 3761 1904 3815 αὐτῶν

323 3843 582 3910 κρατῦναι
630 3845 765 3918 (διὰ)
807 3848 907 3920 τῆς
968 3850 1251 3921 Θεοδώρου
1289 3851 1385 3906 τοῦ
1432 3850 1672 3923 Μόμψου
1713 3851 1904 3914 ἑστίας

323 3932 590 4008 ἀφορμῆς,
629 3940 811 4013 πολλῷ
835 3941 1059 4016 χείρονα
1084 3944 1180 3998 τοῦ
1231 3943 1404 4000 αὐτοῦ
1426 3944 1679 4015 μαθητοῦ
1712 3945 1760 3980 ⁸⁵
1794 3946 1903 3998 Νε-

318 4029 534 4100 στορίου
583 4032 1103 4108 βλασφημήσαντος.
1142 4038 1309 4093 Ὅθεν
1374 4037 1559 4093 τοίνυν
1599 4038 1695 4091 καὶ
1740 4041 1905 4110 ἡμεῖς

314 4124 746 4192 ἀκολουθοῦντες
783 4132 901 4194 τοῖς
935 4131 1235 4203 ἡμετέροις
1282 4133 1531 4204 Πατράσι
1565 4133 1665 4187 καὶ
1718 4132 1906 4204 βουλό-

319 4234 473 4285 μενοι
505 4218 608 4289 τὴν
641 4220 813 4294 ὀρθὴν
853 4223 1041 4277 πίστιν
1082 4224 1365 4297 ἀλώϐητον
1418 4226 1901 4296 διαφυλάττεσθαι,

318 4307 709 4381 προτρέπομεν
745 4314 840 4367 καὶ
878 4313 1076 4368 τούτου
1115 4316 1216 4380 τὰς
1257 4316 1613 4389 βλασφημίας
1663 4317 1908 4385 διεξετά-

316 4417 513 4467 σαντες
556 4406 622 4469 ”,
684 4409 804 4460 κατ’
850 4406 1020 4461 αὑτοῦ
1062 4409 1158 4463 καὶ
1206 4409 1317 4463 τῶν
1370 4410 1695 4481 ὀμοφρόνων
1741 4412 1905 4464 αὑτοῦ

318 4496 703 4569 ἀποφήνασθαι
732 4517 745 4531 ·
804 4503 942 4574 πρὸς
976 4502 1086 4575 γὰρ
1111 4505 1233 4567 ταῖς
1275 4503 1468 4569 ἄλλαις
1504 4504 1906 4576 ἀναριθμήτοις

1926 3242 1975 3307 C

2015 604 2211 674 dogma
2243 621 2586 675 perversum,
2632 606 2823 663 dicens
2861 606 3080 663 Domini
3107 621 3311 677 corpus
3339 624 3448 665 non
3484 624 3605 665 esse

2013 693 2171 749 nobis
2204 695 2690 752 consubstantiale.
2722 696 2786 751 Et
2803 711 3021 752 rursum
3047 696 3208 767 paulo
3230 708 3354 768 post
3376 709 3603 756 auctore

2012 801 2139 858 rege
2166 786 2269 841 alia
2301 788 2543 859 synodus
2574 788 2773 860 Ephesi
2813 788 3156 846 latrocinalis
3185 799 3240 846 et
3267 805 3375 847 non
3408 801 3599 848 sancta

2011 882 2089 942 tit,
2125 877 2232 934 huc
2278 879 2450 935 misso
2485 878 2747 935 Flaviano
2778 878 3305 951 Constantinopolis,
3346 894 3600 937 omnem-

2010 969 2272 1028 Dioscoro
2308 972 2655 1029 Alexandriae
2687 982 3013 1044 potestatem
3042 974 3300 1031 habente.
3339 974 3406 1031 Et
3427 975 3598 1032 inter-

2009 1061 2190 1117 (icitur
2225 1063 2447 1119 divinus
2468 1063 2782 1131 Flavianus,
2812 1080 2913 1136 pro
2938 1066 3044 1122 lide
3073 1067 3378 1124 orthodoxa
3412 1068 3604 1124 decer-

2009 1162 2152 1220 tans,
2175 1167 2231 1213 et
2268 1157 2531 1212 evertitur
2586 1159 2761 1227 prima
2820 1158 3092 1230 Ephesina
3157 1163 3425 1233 synodus,
3461 1162 3599 1217 sub-

2007 1247 2381 1304 scribentibus
2446 1252 2640 1307 mortis
2696 1258 2842 1306 metu
2906 1252 3238 1323 quibusdam
3305 1254 3601 1326 episcopis,

2007 1341 2146 1396 inter
2174 1356 2315 1411 quos
2376 1342 2480 1397 fuit
2530 1341 2764 1400 Basilius
2826 1343 3111 1400 Seleuciae.
3147 1344 3355 1402 Exinde
3405 1345 3602 1404 Nesto-

2004 1434 2103 1492 rii.
2150 1432 2398 1490 Dioscori
2447 1443 2501 1490 ct
2566 1436 2883 1506 Eutychetis
2931 1438 3207 1508 perversis
3256 1438 3603 1509 dogmatibus

2003 1528 2335 1599 divulgatis.
2396 1531 2679 1601 multaque
2735 1532 2894 1587 turba
2975 1531 3328 1602 maximaque
3387 1541 3601 1603 tempe-

2003 1630 2144 1678 state
2176 1624 2231 1677 in
2276 1621 2499 1679 Oriente
2558 1623 2722 1689 facta,
2773 1624 3046 1679 occiditur
3102 1622 3385 1680 Protcrius
3444 1639 3597 1694 mag-

2003 1731 2108 1771 nus
2132 1716 2388 1773 sacerdos
2417 1725 2471 1772 et
2496 1716 2586 1771 alii
2625 1717 2802 1772 multi.
2856 1717 2962 1773 Res
3032 1718 3196 1787 igitur
3242 1732 3368 1772 cum
3416 1719 3486 1771 ita
3538 1732 3599 1772 se

2004 1810 2287 1875 haberent.
2320 1810 2498 1883 surgit
2527 1810 2795 1866 divinitus
2819 1808 3131 1866 Marcianus
3164 1826 3255 1866 rex
3297 1811 3392 1880 qui
3431 1809 3597 1864 Chal-

2002 1903 2210 1960 cedone
2283 1911 2581 1974 congregat
2624 1909 3011 1958 sexcentorum
3077 1901 3301 1972 triginta
3374 1901 3597 1957 Patrum

2004 1998 2298 2069 synodum,
2346 1996 2708 2069 praesentibus
2741 1995 3007 2051 Dioscoro
3036 2003 3090 2048 et
3134 1992 3456 2065 Eutychete,
3480 1994 3597 2065 qui-

2003 2092 2232 2147 buscum
2283 2099 2338 2146 et
2400 2091 2519 2161 ipse
2568 2099 2810 2145 venerat.
2862 2088 2943 2143 lbi
2990 2087 3312 2158 iudicantur
3367 2085 3589 2158 quidem

2004 2183 2321 2251 Dioscorus,
2362 2183 2639 2255 Eutychos
2662 2192 2718 2237 et
2753 2181 3058 2246 Nestorius,
3095 2194 3427 2249 rursumque
3459 2194 3594 2234 ana-

2004 2277 2463 2343 thematizanlur;
2500 2275 2910 2331 Theodoretum
2940 2280 3125 2329 autem
3154 2283 3207 2328 et
3231 2271 3382 2328 Ibam
3409 2280 3465 2329 et
3489 2270 3591 2326 Ba-

2005 2368 2188 2423 silium
2221 2368 2484 2425 Seleuciae
2505 2367 2598 2439 qui
2632 2367 3097 2436 subscripserunt,
3133 2373 3494 2435 receperunt;
3545 2372 3600 2419 et

2003 2475 2192 2518 eversa
2226 2461 2767 2516 etanathematizata
2799 2458 3108 2515 latrocinali
3169 2457 3403 2529 synodo,
3460 2472 3601 2513 cun-

2005 2562 2124 2610 ctos
2158 2554 2224 2607 ad
2256 2568 2419 2609 unam
2472 2552 2823 2612 concordiam
2860 2551 2967 2605 divi
3013 2550 3204 2607 Patres
3244 2550 3597 2606 reduxerunt.

2006 2643 2103 2701 llis
2136 2655 2316 2700 autem
2362 2654 2599 2716 quatuor
2629 2644 2879 2700 conciliis
2927 2646 2996 2698 ita
3034 2643 3190 2699 factis
3218 2651 3275 2699 et
3300 2643 3597 2698 conﬁrma-

2008 2735 2097 2801 tis,
2126 2734 2261 2791 etin
2285 2735 2525 2791 Ecclesia
2560 2734 2652 2789 Dei
2688 2736 2796 2789 vim
2837 2733 3187 2797 habentibus,
3228 2732 3323 2803 qui
3361 2731 3601 2788 Nestorii

2005 2827 2320 2899 opinionem
2349 2828 2631 2894 tenebant,
2658 2843 2815 2883 suam
2850 2826 3099 2883 haeresim
3120 2841 3218 2897 per
3250 2824 3597 2881 Theodorum

2004 2917 2474 2988 Mopsuestenum,
2510 2918 2606 2989 qui
2640 2918 2999 2989 blasphemiis
3033 2917 3207 2988 ipsius
3262 2916 3597 2987 discipulum

2005 3010 2318 3067 Nestorium
2400 3010 2720 3081 longissime
2788 3019 2910 3080 post
2964 3024 3023 3065 se
3075 3009 3347 3079 reliquit,
3404 3010 3599 3065 iterum

2007 3105 2189 3159 conati
2233 3113 2361 3159 sunt
2400 3104 2669 3160 stabilire.
2723 3101 2881 3158 Unde
2927 3117 3027 3158 nos
3074 3103 3241 3157 etiam
3274 3110 3592 3157 nostrorum

2007 3205 2224 3269 patrum
2262 3197 2492 3268 vestigia
2518 3205 2811 3267 sequentes
2837 3196 3190 3266 volentesque
3211 3203 3415 3252 rectam
3441 3196 3599 3252 ﬁdem

2006 3291 2273 3347 illibatam
2344 3290 2653 3356 custodiri,
2730 3288 2882 3346 illius
2939 3303 3162 3359 quoque
3229 3289 3601 3361 blasphemiae

2007 3382 2405 3449 examinari,ct
2421 3382 2689 3438 adversus
2723 3382 2876 3437 illum
2903 3389 2957 3437 et
2979 3395 3073 3437 eos
3102 3382 3198 3451 qui
3232 3382 3336 3452 ipsi
3362 3395 3601 3438 consen-

2011 3476 2151 3533 tiunt
2176 3478 2504 3533 sententiam
2532 3476 2659 3533 ferri
2687 3476 2966 3545 iubemus.
3012 3473 3218 3531 Practer
3275 3475 3423 3532 enim
3460 3477 3597 3533 alias

2010 3572 2326 3629 innumeras
2369 3573 2546 3640 ipsius
2580 3573 2635 3628 in
2665 3570 2949 3628 Christum
2977 3571 3110 3627 etin
3144 3571 3313 3628 Deum
3345 3572 3603 3645 blasphe-

2009 3663 2173 3729 mias,
2206 3664 2283 3718 ait
2316 3664 2485 3719 alium
2517 3679 2643 3721 esse
2675 3663 2846 3720 Deum
2874 3663 3116 3720 Verbum
3146 3674 3200 3720 et
3229 3666 3399 3721 alium
3416 3666 3605 3723 Chris-

2010 3764 2146 3821 tum,
2190 3757 2389 3811 animas
2440 3756 2794 3827 passionibus
2843 3765 2899 3811 et
2928 3757 3115 3813 carnis
3144 3758 3437 3815 desideriis
3462 3774 3601 3816 con-

2009 3847 2306 3914 turbatum,
2336 3860 2365 3901 a
2384 3846 2661 3917 pejoribus
2681 3846 2943 3917 paulatim
2963 3862 3236 3915 aversum,
3263 3847 3331 3903 ad
3356 3848 3589 3903 meliora

2008 3930 2233 4010 operum
2273 3952 2568 4010 progressu
2624 3939 2929 4003 elcvatum,
2974 3938 3183 4009 optima
3242 3939 3354 3994 vita
3394 3938 3598 3993 factum

2009 4032 2562 4102 irrcprehensibilem,
2592 4042 2645 4088 et
2672 4042 2732 4088 ut
2767 4048 2964 4104 purum
2990 4033 3266 4088 hominem
3306 4032 3359 4087 in
3381 4032 3602 4088 nomine

2009 4126 2187 4183 Patris
2231 4135 2287 4183 et
2334 4126 2457 4182 Filii
2512 4138 2567 4182 et
2605 4125 2845 4197 Spiritus
2875 4127 3054 4183 sancti
3098 4127 3462 4197 baptizatum,
3507 4141 3603 4196 per

2011 4218 2281 4289 baptisma
2333 4217 2574 4290 Spiritus
2622 4219 2798 4273 sancti
2837 4219 3070 4289 gratiam
3132 4217 3411 4288 accepisse
3458 4217 3598 4273 illia-

2013 4315 2267 4386 tioneque
2321 4313 2491 4370 fuisse
2539 4314 2848 4386 dignatum,
2924 4322 2978 4369 et
3045 4329 3141 4383 per
3180 4313 3597 4371 similitudinem

2010 4406 2172 4479 regiae
2207 4406 2459 4478 imaginis
2518 4407 2582 4462 ad
2634 4414 2987 4479 prototypum
3013 4406 3106 4463 Dei
3144 4404 3301 4463 Verbi
3354 4406 3598 4471 adorari,

2012 4505 2067 4555 et
2085 4508 2208 4569 post
2236 4498 2694 4555 resurrectionem
2720 4499 2928 4555 factum
2953 4515 3076 4558 esse
3100 4502 3153 4556 in
3176 4499 3600 4572 cogitationibus

318 4589 481 4643 αὑτοῦ
516 4588 895 4664 βλασφημίαις
927 4595 975 4627 ⁸⁸
1002 4596 1171 4666 (ταῖς)
1235 4597 1316 4660 είς
1364 4596 1458 4649 τὸν
1516 4596 1754 4668 Χριστὸν
1810 4596 1905 4650 καὶ

2013 4589 2409 4646 immutabilem
2458 4600 2624 4661 atque
2672 4590 3107 4663 impcccabilcm.
3151 4591 3298 4650 Dixit
3341 4600 3600 4664 praeterea

316 4681 450 4736 Θεὸν
484 4685 821 4757 γινομέναις,
851 4686 1012 4741 ἄλλον
1039 4682 1184 4741 εἶναι
1225 4688 1320 4741 τὸν
1359 4687 1494 4742 Θεὸν
1526 4690 1700 4758 Λόγον
1746 4688 1898 4760 (ἔφη)

319 4773 415 4829 καὶ
441 4774 601 4830 ἄλλον
630 4777 725 4831 τὸν
753 4779 1015 4851 Χριστὸν,
1054 4780 1163 4833 ὑπὸ
1196 4779 1306 4833 τῶν
1340 4780 1441 4850 τῆς
1489 4779 1675 4851 ψυχῆς
1712 4779 1904 4834 παθῶν

320 4869 415 4921 καὶ
440 4870 550 4923 τῶν
580 4871 681 4941 τῆς
705 4872 911 4945 σαρκὸς
929 4872 1234 4945 ἐπιθυμιῶν
1258 4871 1650 4943 ἐνοχλούμενον
1681 4872 1777 4926 καὶ
1800 4872 1907 4926 τῶν

319 4956 582 5027 χειρόνων
616 4961 762 5014 κατὰ
802 4962 1004 5032 μικρὸν
1027 4962 1425 5033 ἀφιστάμενον,
1458 4963 1596 5033 πρὸς
1631 4963 1698 5017 τὰ
1724 4965 1912 5033 κρείτ-

318 5062 450 5101 τονα
510 5052 575 5121 τῇ
643 5056 898 5127 προκοπῇ
966 5054 1076 5109 τῶν
1132 5055 1310 5125 ἔργων
1352 5055 1675 5126 ἐληλυθέναι
1725 5056 1791 5119 υτ.
1842 5058 1909 5127 τῇ

319 5139 524 5211 ἀρίστῃ
567 5143 816 5215 πολιτείᾳ
847 5145 1145 5215 γενόμενον
1177 5146 1434 5217 ἄμωμον,
1501 5147 1594 5201 καὶ
1625 5148 1701 5211 ὡς
1753 5147 1911 5216 ψιλὸν

2017 4683 2177 4739 talem
2216 4681 2385 4739 fuisse
2412 4682 2508 4738 Dei
2532 4682 2698 4742 Verbi
2731 4700 2857 4742 cum
2887 4685 3110 4743 Christo
3145 4686 3430 4753 unionem,
3461 4700 3601 4757 qua-

2019 4777 2124 4831 lem
2173 4775 2467 4845 Apostolus
2527 4776 2659 4833 dicit
2708 4778 2853 4834 inter
2910 4779 3088 4835 virum
3144 4788 3199 4835 et
3262 4778 3598 4836 mulierem:

2026 4870 2229 4924 «Erunt
2255 4872 2363 4926 duo
2395 4872 2450 4923 in
2478 4884 2644 4925 carne
2677 4885 2839 4925 una.»
2880 4869 2989 4927 Vos
3014 4880 3197 4926 autem
3227 4870 3409 4927 adhuc
3476 4873 3601 4926 bor-

2021 4971 2104 5014 tor
2137 4969 2194 5014 ut
2223 4960 2550 5016 examinetis
2584 4960 2671 5015 illa
2709 4976 2831 5030 qum
2863 4976 3119 5031 perverse
3158 4962 3363 5032 scripta
3408 4972 3539 5017 sunt
3571 4977 3601 5017 a

2018 5053 2364 5108 Theodoreto
2387 5060 2442 5108 et
2473 5052 2561 5107 lba
2593 5063 2784 5108 contra
2815 5053 3051 5123 primam
3082 5053 3280 5126 Ephesi
3312 5055 3604 5126 synodum,

2015 5156 2069 5202 ct
2098 5145 2350 5201 similiter
2379 5154 2568 5201 contra
2595 5160 2689 5201 cos
2722 5145 3045 5201 sententiam
3078 5145 3288 5202 feratis.

320 5232 610 5303 ἄνθρωπον
641 5240 698 5288 ὲν
748 5238 975 5306 ὀνόματι
1028 5238 1243 5309 Πατρὶς
1305 5241 1396 5292 καὶ
1460 5239 1588 5293 Υίοῦ
1640 5242 1733 5294 καὶ
1784 5241 1941 5307 ἁγίου
1985 5238 2306 5309 Πνεύματος
2349 5238 2744 5309 βαπτισθῆναι,
2814 5239 2905 5292 καὶ
2943 5238 3030 5292 διὰ
3066 5240 3163 5293 τοῦ
3221 5239 3607 5312 βαπτίσματος

1572 5386 1766 5448 Variae
1798 5384 2107 5448 lectiones
2152 5394 2213 5446 et
2261 5392 2447 5445 notae.

396 5510 438 5582 ξ)
475 5506 532 5582 δᾴ
560 5506 688 5582 add.
730 5508 866 5582 Ced.
947 5510 991 5582 δέ
1019 5509 1110 5563 καί
1141 5508 1266 5582 add.
1299 5511 1431 5582 Cerd.
1510 5511 1556 5543 "
1582 5510 1769 5566 αὐτοῦ.
1847 5510 1894 5543 ⁸³

2008 5527 2044 5564 9.
2080 5510 2144 5563 τὰ
2169 5511 2236 5565 Ν.
2289 5510 2410 5564 cod.
2456 5508 2585 5563 Ced.

2665 5509 2708 5539 ⁸³
2738 5510 2835 5580 τήν
2876 5512 3058 5576 σάρκα
3106 5510 3198 5564 τοῦ
3244 5512 3451 5580 Κυρίου
3474 5512 3605 5567 Ced.

325 5575 368 5606 “
394 5576 527 5645 Περὶ
575 5580 674 5644 τῆς
726 5581 1026 5650 λῃστρικῆς
1063 5581 1281 5633 συνόδου
1312 5581 1420 5634 τῶν
1456 5584 1777 5650 Ἀρμενίων,
1829 5575 2059 5650 ἐχούσης
2090 5582 2380 5652 Διόσκοροι)
2414 5598 2519 5631 πατ
2566 5578 2762 5649 ιάρχην
2792 5575 3225 5653 ’Ἀλεξανδρείας
3270 5575 3365 5635 καὶ
3389 5583 3602 5651 Εὐτυχῆ

327 5648 757 5705 ἀργιμανδοίτην
782 5650 1093 5705 αἱοετικούς
1126 5651 1453 5705 (Scholion).
1528 5654 1637 5705 "6.
1664 5653 1976 5705 διαϐολικῆξ
2006 5652 2305 5705 Inusitch
2345 5670 2395 5705 γ.
2428 5597 2561 5705 (Σοί
2640 5651 2686 5681 ι’
2718 5668 2765 5703 σ.
2793 5654 2873 5705 ἐν.
2913 5651 2987 5704 ‘E.
3018 5651 3065 5703 λ.
3091 5652 3224 5705 Ced.
3301 5651 3346 5683 δ’
3373 5652 3602 5705 μάλιστα

327 5648 1093 5722 ἀρχιμανδρίτηνίαίρετικούς
1126 5651 1453 5722 (Scholion).

324 5721 675 5794 {‘IGCILLTW.
704 5723 825 5794 cod.
904 5724 948 5753 '°
982 5724 1073 5775 καί
1116 5721 1239 5775 add.
1268 5721 1404 5794 λϐοιί.
1485 5725 1526 5754 ⁶¹
1567 5724 1868 5794 Καλχιδόνῃ
1901 5721 2019 5777 Col.
2082 5731 2140 5776 ut

326 5790 456 5844 ίῖιιιί.
534 5791 583 5823 ⁸³
628 5791 1139 5844 ἐπιϐεϐαιωθέντων
1195 5791 1291 5844 καὶ
1347 5790 1718 5859 κρατούντωῖ
1750 5790 1872 5849 cod.

1528 5654 1637 5706 "6.
1664 5653 1976 5723 διαϐολικῆς
2006 5650 2305 5721 ίσχυσάσης
2345 5670 2395 5723 χ.
2428 5650 2561 5723 (Sed.

2640 5651 2686 5681 ιδ
2718 5668 2765 5703 σ.
2793 5654 2873 5705 ἐν.
2913 5651 2987 5704 Ἑ.
3018 5651 3224 5707 λζΟριί.
3301 5651 3346 5683 δ’
3372 5652 3608 5720 μάλιστα

2172 5739 2224 5793 ι).
2259 5720 2385 5793 557
2430 5729 2485 5776 ct
2550 5720 2675 5785 565,
2728 5722 2996 5793 Καλχίδος
3028 5722 3162 5793 77505.
3240 5722 3286 5753 "
3322 5721 3609 5793 παρόντων

1981 5794 1998 5825 ’δ
2056 5811 2111 5863 μ.
2146 5791 2198 5847 ἀ.
2253 5792 2382 5849 Ced.
2464 5791 2952 5862 ⁸⁸διεξετᾶισαντας
3015 5792 3143 5847 Ced.
3227 5794 3271 5823 ⁵⁸
3320 5791 3481 5862 δυσφ,
3527 5795 3607 5857 εἰς

330 5863 565 5932 Χριστὸν
588 5861 679 5917 τὸν
724 5862 856 5916 Θεὸν
906 5863 1064 5934 ἡμῶν
1120 5880 1232 5932 γεν.
1286 5860 1414 5920 Ced.
1492 5866 1536 5897 ⁵⁷
1569 5865 1662 5919 καί
1699 5866 1819 5921 add.
1850 5865 1987 5923 (Sed,
