4064 6418
278 390 383 452 797

1467 377 1932 439 CHRONICON.
1973 403 2042 417 --
2084 380 2229 439 LIB.
2280 381 2379 441 IV.

3452 387 3557 450 798

276 497 341 549 οὐ
372 491 481 563 γὰρ
505 490 697 561 ἤσθιον
718 504 731 517 ο
763 488 826 541 τὸ
855 487 913 539 δὲ
946 486 1141 557 Πάσχα
1184 488 1410 555 γέγονεν
1447 486 1524 550 ὡς
1553 489 1581 541 ὀ
1612 486 1863 557 βασιλεὺς

1974 490 2185 546 edebat.
2228 491 2439 547 Pascha
2472 500 2653 548 autem
2689 494 2890 550 factum
2926 505 3009 550 est
3051 495 3192 550 sicut
3228 513 3317 551 rex
3354 514 3561 568 prere-

275 586 571 642 ἐκέλευσεν
603 585 668 651 ³⁵,
695 584 793 639 καὶ
822 580 1038 653 ηὑρέθη
1069 580 1352 651 νηστεύων
1384 584 1411 633 ὁ
1436 579 1565 643 λαὸς
1599 579 1870 650 ἑϐδομάδα

278 679 710 751 περισσοτέραν.

352 775 395 805 η
433 773 512 845 (5)
542 771 701 833 Τινὲς
730 770 789 823 δέ
824 770 868 801 ¹⁸
906 768 1298 839 διαϐληθέντες
1337 769 1414 832 ὡς
1446 767 1868 840 άρῤενοφθόροι.

277 863 527 930 διάταξιν
580 861 897 932 ἐξεφώνησε
942 862 984 893 ¹⁷
1030 862 1159 925 τοὺς
1204 860 1635 930 εὑρισκομένους
1692 856 1865 912 οὕτω·

278 960 408 1023 τοὺς
445 957 548 1029 μὲν
594 956 1080 1027 καυλοτομεῖσθαι,
1110 956 1242 1019 τοὺς
1287 954 1347 1008 δὲ
1402 955 1445 987 ⁸⁸
1496 954 1782 1024 καλάμους
1808 954 1868 1006 ό-

279 1051 394 1122 ξεῖς
424 1054 507 1116 είς
531 1051 663 1115 τοὺς
694 1050 895 1120 πόρους
931 1049 1302 1119 ἐμϐάλλεσθαι
1340 1049 1452 1102 τῶν
1502 1048 1721 1103 αἰδοίων
1764 1050 1866 1102 αὐ-

278 1143 423 1197 τῶνθ
485 1142 569 1197 διὸ
630 1141 827 1195 πολλοὶ
887 1140 984 1192 καὶ¹
1034 1139 1146 1193 τῶν
1195 1140 1501 1212 ἀρχιερέων
1573 1139 1670 1193 καὶ
1722 1137 1867 1191 οὕτω

281 1233 696 1305 τιμωρηθέντες
745 1230 1147 1300 περιαγόμενοι
1208 1230 1399 1293 δεινῶς
1460 1229 1863 1302 ἐτελεύτησαν

288 1327 385 1380 καὶ
430 1325 723 1394 γενόμενος
778 1325 822 1354 ³⁸
873 1323 1039 1392 φόϐος
1099 1324 1275 1392 μέγας
1333 1322 1690 1394 ἐσωφρόνησε
1740 1324 1866 1386 τοὺς

287 1418 503 1482 λοιποὺς
534 1417 632 1471 καὶ
663 1416 812 1486 μάλα
851 1415 1102 1478 εἰκότως.

353 1507 426 1579 (6)
467 1526 485 1561 ι
536 1507 877 1573 Ὀλολυζέτω
917 1506 963 1539 ’θ
995 1505 1130 1576 γὰρ,
1162 1505 1318 1576 φησὶ,
1357 1505 1538 1569 πίτυς,
1567 1505 1651 1558 ὅτι
1687 1505 1730 1535 ¹¹
1764 1504 1863 1557 πέ-

281 1618 469 1655 πτωκε
494 1600 706 1673 κέδρος,
742 1619 761 1653 ι
798 1599 1049 1653 τουτέστι
1080 1597 1189 1652 τῶν
1222 1597 1461 1668 ἰσχυρῶν
1485 1596 1578 1651 καὶ
1606 1596 1865 1667 μεγάλων

279 1694 593 1747 πιπτόντων
640 1692 710 1747 τὰ
756 1691 1134 1760 ἀσθενέστερα
1172 1689 1668 1743 παιδευέσθωσανο
1719 1688 1863 1742 οὕτω

280 1800 341 1853 γε
366 1786 476 1855 μὴν
505 1786 603 1838 καὶ
627 1787 655 1838 ὁ
680 1785 845 1854 σοφὸς
870 1786 1023 1854 λέγει
1044 1786 1089 1815 ⁸³
1108 1801 1121 1815 ·
1160 1802 1179 1835 ι
1226 1784 1349 1838 Τῶν
1382 1783 1599 1838 ἀσεϐῶν
1626 1783 1859 1836 πιπτόν-

277 1895 388 1933 των
419 1878 629 1931 δίκαιοι
657 1878 961 1946 κατάφοϐοι
1007 1877 1251 1947 γίνονται
1295 1897 1313 1929 ι
1350 1877 1444 1931 καί
1478 1878 1558 1909 ⁸³·
1599 1896 1617 1928 ι
1653 1877 1861 1946 Λοιμοῦ

280 1969 753 2041 μαστιγουμένου,
804 1971 997 2041 ἄφρων
1059 1970 1502 2041 πανουργότερος
1558 1970 1793 2038 γίνεται·
1837 1987 1855 2020 ι

279 2096 345 2105 -
372 2064 418 2095 ⁸⁸
457 2082 477 2115 ι
531 2064 845 2134 πανοῦργος
893 2063 950 2116 δὲ
996 2061 1123 2115 ἰδὼν
1160 2062 1403 2133 πονηρὸν
1444 2061 1863 2132 τιμωρούμενον

279 2154 561 2224 κραταιῶς
602 2155 771 2218 αὐτὸς
813 2153 1155 2207 παιδεύεται.
1198 2172 1219 2206 ι
1262 2154 1329 2207 Ἥ
1374 2154 1556 2206 τοίνυν
1601 2170 1863 2224 μυσαρω-

277 2249 413 2320 τάτη
448 2248 541 2302 καὶ
578 2246 859 2318 λυσσώδης
902 2247 1042 2318 αὕτη
1083 2249 1181 2300 καὶ
1230 2246 1383 2316 παρά
1410 2247 1579 2317 φύσιν
1613 2248 1864 2319 ἁμαρτία

285 2338 479 2411 πρώην
512 2338 618 2395 ὑπὸ
653 2338 765 2392 τῶν
794 2339 1050 2410 Σοδόμων
1081 2337 1241 2411 542
1271 2340 1723 2411 διαπραττομένη
1766 2342 1863 2393 καὶ

285 2434 473 2502 ῶσπερ
499 2448 581 2495 τις
623 2430 779 2502 φωνὴ
808 2431 1153 2501 ἀνερχομένη
1193 2432 1288 2485 καὶ
1320 2430 1500 2498 βοῶσα
1528 2431 1589 2485 τὸ
1631 2430 1863 2501 μέγεθος

286 2522 385 2594 τῆς
414 2524 663 2583 ἀσεϐείας
691 2525 775 2587 εἰς
814 2523 884 2575 τὰ
920 2517 1035 2575 ὦτα
1072 2523 1283 2594 Κυρίου
1319 2522 1577 2588 Σαϐαὼθ,
1618 2524 1863 2594 ἔφασκεν

282 2616 309 2669 ὁ
344 2615 511 2669 πολλά
542 2618 761 2686 πρῶτον
808 2617 1255 2688 μακροθυμήσας
1294 2620 1392 2672 καὶ
1424 2617 1658 2689 ὕστερον
1682 2620 1772 2673 διὰ
1800 2621 1863 2674 τὸ

280 2708 656 2779 ἀμετανόητον
703 2707 888 2761 αὐτῶν
933 2709 1028 2762 καὶ
1077 2709 1482 2780 ἀνεπίστροφον
1521 2711 1621 2782 τῆς
1647 2711 1862 2783 ἀδικρί-

277 2817 370 2854 του
422 2802 519 2856 καὶ
566 2801 876 2855 ἀκολάστου
925 2800 1154 2872 γνώμης
1205 2802 1416 2867 ἐπάξας
1451 2804 1596 2874 μάλα
1639 2805 1865 2870 δικαίως

278 2888 378 2962 τὴν
411 2890 721 2962 τιμωρίαν·
767 2892 816 2922 ²¹
854 2910 873 2943 ι
912 2890 1145 2962 Κραυγὴ
1174 2891 1427 2962 Σοδόμων
1455 2894 1551 2946 καὶ
1578 2894 1864 2966 Γομόρρας

282 2982 669 3052 πεπλήθυνται
702 2986 835 3053 πρός
861 3002 952 3055 με,
982 2985 1076 3037 καὶ
1111 2986 1155 3016 ³⁸
1181 2986 1452 3057 ἁμαρτίαι
1480 2987 1664 3041 αὐτῶν
1695 2988 1864 3059 μεγά-

282 3075 373 3129 λαι
409 3075 620 3145 σφόδρα
662 3093 681 3126 ι
730 3077 825 3128 καὶ
854 3078 1055 3145 ἐπάγει
1090 3077 1329 3145 λέγουσα
1363 3080 1397 3149 η
1426 3079 1620 3150 Γραφή
1642 3096 1655 3110 ·
1697 3098 1716 3132 ι
1752 3082 1864 3133 Καὶ

278 3166 472 3237 ἔϐρεξε
508 3166 551 3198 ⁸⁷
586 3164 793 3241 Κύριος
844 3166 957 3238 πῦρ
990 3170 1084 3220 καὶ
1118 3168 1262 3222 θεῖον
1308 3171 1463 3242 παρὰ
1511 3171 1720 3243 Κυρίου
1764 3174 1862 3225 ἐπὶ

277 3261 489 3331 Σόδομα
519 3262 615 3315 καὶ
651 3262 689 3313 Γ
692 3262 909 3333 όμορῤα
937 3290 1009 3300 -
1043 3263 1138 3314 καὶ
1179 3263 1524 3334 κατέστρεψε
1551 3266 1651 3328 τὰς
1678 3266 1866 3331 πόλεις

276 3352 486 3418 ταύτας
516 3355 610 3407 καὶ
640 3355 824 3407 πᾶσαν
855 3354 955 3423 τὴν
979 3354 1262 3424 περίοικον
1295 3355 1339 3386 ’⁸
1363 3357 1459 3410 καὶ
1489 3357 1703 3421 πάντας
1736 3358 1865 3422 τοὺς

276 3446 676 3512 κατοικοῦντας
727 3450 787 3501 ἐν
820 3452 942 3513 ταῖς
988 3450 1235 3506 πόλεσιν.
1271 3470 1290 3503 ι
1335 3452 1520 3520 Ἀξιον
1563 3448 1661 3507 οὖν
1694 3453 1864 3521 ὅντως

278 3541 565 3613 θαυμάσαι
604 3541 811 3614 (287⁸),
842 3543 938 3594 καὶ
969 3542 1090 3597 λίαν
1139 3545 1509 3617 ἐκπλαγῆναι,
1542 3548 1639 3600 καὶ
1673 3549 1864 3618 φρίξαι

276 3635 374 3707 τὴν
402 3634 692 3706 φοϐερὰν,
746 3637 842 3689 καὶ
894 3636 1072 3702 θείαν,
1116 3640 1213 3691 καὶ
1268 3641 1553 3710 πυρφόρον
1608 3640 1863 3712 ἀπειλὴν,

280 3729 428 3791 ὅπως
466 3726 778 3782 ἐπελθοῦσα
831 3730 1227 3799 προσηκόντως
1281 3731 1343 3783 οὐ
1399 3730 1564 3800 μόνον
1618 3732 1765 3784 ἅπαν
1804 3734 1866 3786 τὸ

286 3820 438 3887 γένος
478 3820 590 3873 τῶν
651 3820 908 3874 ἐλεεινῶν
960 3821 1271 3892 ἀνθρώπων
1305 3822 1533 3876 ἐκείνων
1578 3823 1863 3878 ἀναλίσκει

287 3913 381 3965 καὶ
410 3912 553 3967 ἅπαν
602 3912 705 3983 τῆς
754 3914 855 3984 γῆς
899 3913 961 3967 τὸ
994 3915 1310 3985 ἀνάστημα,
1342 3915 1482 3969 ἀλλά
1522 3931 1587 3983 γε
1634 3918 1729 3970 καὶ
1762 3919 1865 3987 τῆς

279 4006 654 4078 προκειμένης
688 4006 970 4077 θαλάσσης
1020 4007 1345 4079 νεκροῦνται
1375 4008 1447 4062 τὰ
1478 4007 1648 4061 ὕδατα
1677 4008 1865 4078 φλογι-

276 4099 477 4154 σθέντα
526 4100 622 4152 καὶ
675 4100 1099 4171 ὐπερκαυθὲντα
1141 4101 1231 4154 διὰ
1264 4100 1364 4172 τὴν
1413 4100 1864 4171 ὑπερϐάλλουσαν

275 4193 542 4246 ἔκκαυσιν
572 4193 667 4245 καλ⁸
698 4192 947 4263 πύρωσίν
991 4210 1051 4247 τε
1095 4196 1192 4247 καὶ
1223 4193 1500 4264 ἀκρασίαν
1524 4193 1626 4263 τῆς
1660 4195 1864 4265 μιαρᾶς

277 4284 487 4353 σαρκὸς
512 4283 626 4337 τῶν
656 4285 856 4339 ἀθλίων
889 4286 1119 4339 ἐκείνων
1154 4288 1249 4339 καὶ
1290 4288 1369 4351 είς
1396 4286 1489 4339 τὸν
1529 4286 1704 4341 αἰῶε.α
1734 4306 1865 4359 στη-

276 4379 674 4448 λιτευομένων·
704 4380 827 4434 ὅθεν
857 4380 1088 4442 εἰκότως
1119 4382 1263 4459 πυρὶ.
1288 4385 1386 4446 τὰς
1405 4384 1562 4448 δίκας
1596 4386 1863 4456 είσπράτυ

278 4490 459 4526 τονται
490 4474 535 4551 ’_’
569 4474 663 4526 καὶ
689 4473 854 4545 μέχρι
893 4472 991 4527 νῦν
1020 4474 1207 4538 πόλεις
1242 4475 1498 4548 Σοδόμων
1523 4479 1620 4533 καὶ
1650 4480 1863 4551 Γομόρ-

1832 1840 1938 1893 -Β

1976 592 2150 651 perat,
2190 592 2244 638 et
2274 586 2508 655 populus
2571 586 2963 642 hebdomadam
3010 594 3556 657 superuumerariam

1967 675 2261 745 jejunavit.

2046 770 2277 834 Quidam
2311 780 2491 825 autem
2541 781 2601 826 ut
2644 772 3015 827 masculorum
3045 773 3435 831 concubitores
3466 792 3559 832 ac-

1974 863 2146 916 cus:tti
2168 877 2291 916 cum
2324 863 2777 928 fuisseul,contra
2802 864 2883 921 sic
2914 864 3164 920 inventos
3192 882 3285 921 rex
3317 868 3560 923 edictum

1973 954 2197 1024 protulit
2242 974 2255 1010 :
2314 956 2482 1011 «alios
2530 957 2752 1027 quidem
2805 957 2975 1028 virgis
3006 962 3391 1029 amputandos,
3439 962 3563 1017 aliis

1971 1058 2152 1102 autem
2195 1048 2249 1102 iu
2314 1050 2692 1119 pudendorum
2731 1060 2944 1105 meatus
3001 1050 3383 1108 immittendos
3438 1067 3562 1108 esse

1968 1138 2210 1193 calamos
2236 1149 2448 1194 acutos.
2488 1158 2506 1191 ι
2550 1137 2675 1195 ideo
2706 1139 2862 1195 multi
2913 1140 3078 1194 etiam
3107 1156 3173 1196 ex
3203 1142 3552 1212 pontiﬁcibus

1971 1246 2097 1284 cum
2156 1230 2249 1286 tali
2316 1232 2602 1300 punitione
2641 1232 3004 1287 circumducti
3061 1233 3263 1290 misere
3330 1235 3555 1291 interie-

1970 1332 2135 1388 runt;
2193 1334 2248 1379 et
2295 1322 2475 1379 factus
2523 1324 2684 1379 timor
2724 1340 2959 1395 magnus
3004 1334 3231 1381 caeteros
3277 1328 3554 1397 sapientes

1971 1415 2206 1470 reddidit
2234 1424 2289 1471 et
2326 1416 2547 1484 quidem
2581 1415 2705 1485 jure
2744 1417 3073 1487 meritoque.

2048 1506 2260 1563 «Ululet
2287 1508 2459 1574 enim,
2495 1508 2570 1564 ait
2596 1507 2904 1577 Scriptura,
2955 1508 3136 1579 pinus.
3174 1509 3433 1578 quoniam
3468 1526 3550 1566 ce-

1968 1601 2371 1665 ciditcedrus,»
2406 1601 2458 1657 id
2490 1609 2595 1667 est,
2630 1602 2954 1657 cadentibus
2982 1601 3218 1659 fortibus
3243 1612 3298 1658 et
3323 1605 3560 1675 magnis.

1967 1712 2091 1766 quae
2117 1695 2425 1751 inﬁrmiora
2444 1706 2573 1752 sunt
2600 1696 2945 1751 erudiantur.
2976 1692 3067 1749 Sic
3091 1710 3311 1763 quoque
3339 1696 3558 1764 sapienv

1968 1788 2044 1842 ait
2079 1804 2093 1841 :
2129 1786 2498 1841 «Labentibus
2534 1785 2739 1854 impiis,
2770 1786 2905 1855 justi
2939 1786 3180 1839 timorati
3218 1785 3422 1851 ﬁuntp
3458 1796 3513 1841 et
3544 1804 3556 1839 :

1979 1878 2122 1934 «Lue
2169 1880 2492 1948 castigante,
2520 1878 2841 1947 imprudens
2864 1888 3121 1933 sensatus
3161 1878 3391 1934 ellicitur
3413 1896 3459 1945 ς»
3494 1910 3563 1921 -

1978 1979 2266 2027 «sensatus
2310 1980 2495 2026 autem
2535 1970 2740 2025 malum
2776 1970 2969 2026 videns
3020 1979 3269 2040 potenter
3318 1973 3562 2044 castiga-

1976 2074 2113 2130 tum,
2143 2064 2259 2134 ipse
2288 2064 2593 2119 eruditur.»
2628 2062 2755 2120 Ilaec
2781 2078 2947 2134 porro
2977 2063 3283 2119 fmlissima
3313 2065 3561 2119 rabiosa-

1973 2172 2081 2226 que
2113 2171 2178 2211 ac
2223 2166 2417 2211 contra
2448 2165 2703 2211 naturam
2756 2157 2939 2227 culpa,
2990 2158 3142 2226 prius
3188 2172 3219 2210 a
3265 2156 3563 2213 Sodomitis

1973 2250 2287 2316 commissa,
2333 2259 2590 2319 tauquam
2630 2264 2734 2304 vox
2767 2250 3016 2320 quaedam
3059 2265 3184 2305 cum
3222 2251 3561 2305 ascendisset

1971 2352 2025 2399 et
2056 2342 2345 2398 clamasset
2399 2342 2467 2397 ad
2508 2357 2671 2397 aures
2710 2341 2923 2397 Domini
2973 2341 3210 2397 Sabaoth
3267 2342 3562 2411 impietatis

1973 2433 2433 2506 magnitudinem,
2454 2434 2543 2503 qui
2570 2434 2804 2503 primttm
2831 2434 3161 2503 longanimis
3180 2434 3335 2489 valde
3361 2435 3560 2497 fuerat,

1973 2534 2163 2595 postea
2194 2532 2417 2595 propter
2448 2524 2693 2594 ipsorum
2730 2525 3182 2593 impoeuiteutiam
3217 2534 3271 2579 et
3303 2525 3559 2580 duritiem

1972 2616 2239 2671 inscnsati
2295 2614 2686 2682 libidinosique
2740 2612 2949 2677 cordis,
3003 2612 3311 2683 justissime
3370 2626 3561 2681 poenas

1973 2708 2296 2771 immittens,
2348 2705 2472 2761 ait:
2516 2705 2766 2760 tClamor
2801 2703 3167 2759 Sodomoruut
3224 2712 3279 2758 et
3328 2702 3559 2758 GOIIIOI"

1973 2803 2088 2856 rita:
2123 2801 2383 2871 impletus
2412 2808 2496 2855 est
2520 2814 2706 2853 coram
2740 2814 2826 2853 me
2854 2809 2907 2853 et
2939 2806 3160 2866 peccata
3193 2812 3384 2852 eorum
3411 2812 3562 2866 mag-

1973 2911 2043 2949 na
2074 2895 2279 2949 valde.»
2315 2893 2380 2947 Et
2416 2893 2569 2949 addit
2602 2892 2887 2961 Scriptura
2931 2910 2946 2947 :
2986 2892 3088 2945 «Et
3122 2890 3260 2960 pluit
3294 2887 3562 2943 Dominus

1974 2988 2152 3058 ignem
2195 2997 2251 3041 et
2282 2987 2515 3055 sulphur
2564 3001 2594 3039 α
2650 2984 2883 3039 Domino
2943 2998 3109 3054 super
3166 2983 3460 3038 Sodomam
3507 2990 3562 3036 et

1973 3080 2371 3147 Gomorrham;
2404 3089 2458 3135 et
2481 3079 2676 3134 evertit
2725 3079 2890 3133 urbes
2918 3079 3055 3133 istas
3097 3086 3149 3131 et
3178 3091 3395 3131 omnem
3421 3073 3559 3129 vici-

1974 3191 2104 3229 nam
2135 3175 2415 3244 regionem
2434 3183 2489 3229 et
2518 3172 2809 3228 cunctosiu
2841 3170 3066 3226 urbibus
3100 3168 3491 3225 inhabitantes.
3532 3185 3551 3219 ι

1968 3267 2104 3323 Illud
2150 3276 2332 3322 autem
2377 3282 2506 3321 vere
2575 3265 2887 3322 tnirandum
2921 3263 3186 3333 valdeque
3228 3260 3557 3331 smpendum

1969 3380 2036 3420 ac
2085 3362 2436 3418 tremendum
2487 3370 2569 3417 est
2624 3362 2679 3416 in
2731 3361 2833 3415 hac
2878 3358 3130 3421 terribili,
3173 3356 3462 3421 divinaque
3495 3368 3559 3408 ac

1970 3454 2206 3527 ignifera
2243 3454 2503 3519 vindicta,
2550 3452 2831 3522 quomodo
2869 3452 3112 3522 legitime
3164 3448 3560 3518 superveniens

1969 3564 2077 3602 non
2115 3548 2463 3603 solummodo
2514 3556 2687 3602 totum
2737 3546 3063 3600 miserorum
3104 3543 3324 3596 illorum
3379 3540 3559 3595 homi-

1968 3655 2101 3693 num
2129 3654 2305 3708 genus
2352 3648 2406 3692 et
2454 3653 2673 3691 omnem
2708 3646 2865 3691 terra:
2910 3644 3219 3690 creaturam
3257 3635 3548 3688 destruxe-

1970 3732 2059 3794 rit,
2084 3734 2178 3786 sed
2208 3730 2372 3784 etiam
2401 3728 2737 3797 subjacentis
2757 3727 2927 3783 maris
2952 3724 3364 3781 mortilicaverit
3386 3737 3560 3791 aquas

1968 3837 2265 3878 succensas
2291 3830 2347 3876 et
2390 3821 2707 3876 combustus
2748 3833 2844 3889 per
2874 3817 3184 3871 immissum
3236 3814 3555 3867 incendium

1967 3925 2022 3972 et
2055 3914 2519 3978 combustiouem,
2571 3923 2625 3967 et
2658 3912 3113 3967 incontinentiam
3164 3908 3324 3965 [tedae
3372 3908 3561 3963 carnis

1969 4010 2294 4064 miserorum
2324 4007 2540 4060 illorum
2573 4005 2629 4059 in
2659 4006 2821 4059 linem
2856 4018 3034 4074 usque
3062 4002 3303 4057 infamiae
3329 4000 3557 4056 devoto-

1969 4119 2142 4159 rum:
2180 4101 2325 4157 unde
2366 4100 2671 4169 iustissime
2724 4099 2867 4169 ignis
2916 4112 3108 4168 poenas
3163 4112 3339 4164 uSque
3409 4110 3558 4148 nunc

1968 4195 2204 4250 subeunt
2237 4193 2399 4248 urbes
2428 4192 2796 4247 Sodomorum
2827 4199 2882 4246 et
2915 4189 3236 4245 Gomorth
3267 4189 3319 4241 in
3342 4188 3563 4242 cineres

1967 4303 2266 4345 conversae.
2305 4288 2443 4341 Olim
2472 4300 2713 4354 namque
2733 4300 2829 4356 per
2855 4284 3113 4340 infamem
3141 4294 3194 4339 et
3216 4282 3553 4339 contrariam

1969 4393 2179 4438 natura:
2208 4383 2449 4453 culpam,
2496 4383 2675 4452 ipsum
2721 4395 2849 4435 aera
2928 4386 3248 4445 terramque
3316 4373 3558 4429 {tndave-

1969 4486 2132 4542 rant;
2172 4490 2320 4531 nunc
2362 4485 2544 4530 autem
2594 4474 2745 4528 illius
2796 4471 3126 4527 calamitatis
3158 4478 3213 4525 et
3245 4467 3471 4524 sceleris
3501 4476 3556 4522 et

278 4568 379 4635 ρας
411 4548 783 4638 τεφρωθεῖσαι
804 4584 817 4597 ’
856 4565 1026 4621 πάλαι
1074 4568 1174 4638 μὲν
1212 4571 1322 4640 γὰρ
1352 4569 1442 4624 διὰ
1468 4570 1569 4639 τῆς
1600 4548 1862 4641 λαγνείας

1970 4566 2103 4637 justi
2134 4566 2231 4620 Dei
2282 4565 2477 4635 judicii
2514 4566 2671 4621 testis
2722 4574 2867 4619 terra
2919 4573 2976 4620 et
3024 4580 3119 4620 aer
3171 4579 3350 4634 usque
3396 4560 3559 4617 hodie

278 4661 373 4712 xui
397 4662 549 4729 παρὰ
574 4662 739 4729 φύσιν
769 4660 1071 4725 ἀκολασίας
1106 4664 1201 4715 καὶ
1236 4664 1400 4717 αὐτὸν
1428 4665 1743 4734 μιαίνοντες
1770 4668 1861 4720 τὸν

1970 4660 2207 4715 crassior
2241 4659 2419 4714 factus
2468 4658 2750 4729 redarguit
2808 4668 2860 4714 et
2912 4668 3145 4714 Istorum
3178 4656 3385 4713 infame
3432 4669 3558 4710 sce-

276 4753 418 4825 ἁέρα
449 4757 543 4807 καὶ
571 4754 671 4824 τὴν
700 4754 807 4825 γῆν
831 4772 846 4787 ο
880 4756 976 4809 νῦν
1008 4755 1066 4809 δὲ
1093 4756 1193 4826 τῆς
1222 4757 1571 4827 δυσπραγίας
1617 4758 1857 4828 ἐκείνης,

278 4848 372 4900 καὶ
405 4849 781 4920 παρανομίας,
823 4850 920 4903 καὶ
951 4850 1051 4919 τῆς
1078 4851 1297 4914 δικαίας
1329 4850 1423 4904 τοῦ
1456 4851 1593 4905 Θεοῦ
1623 4851 1861 4924 κρίσεως

278 4941 492 5011 μάρτυς
522 4942 557 5012 ἠ
584 4941 659 5011 γῆ
699 4944 795 4996 καὶ
819 4943 849 4995 ὁ
879 4942 990 5014 ἀὴρ
1013 4942 1118 5007 ἕως
1149 4943 1275 5014 ἄρτι
1306 4943 1687 5014 παχυνόμενος
1715 4946 1858 4997 ἐκεί-

276 5032 369 5086 θεν
396 5036 611 5107 ἐλέγχει
644 5039 740 5091 καὶ
783 5039 886 5107 τὴν
932 5038 1163 5091 ἐκείνων
1202 5038 1606 5107 αἰσχρουργίαν
1636 5037 1732 5091 καὶ
1761 5040 1863 5109 τὴν

1965 4754 2051 4808 lus
2096 4762 2151 4807 ct
2205 4768 2397 4808 eorum
2447 4752 2542 4823 qui
2601 4752 2829 4822 vestigia
2875 4752 3093 4808 illorum
3152 4756 3408 4821 premunt
3462 4763 3560 4802 ne-

1964 4843 2183 4898 fandam
2228 4843 2499 4898 actionem
2552 4861 2567 4897 :
2619 4853 2878 4911 praeterea
2921 4857 3110 4896 corum
3166 4841 3259 4909 qui
3310 4838 3558 4892 futurum

1967 4937 2232 5007 judicium
2290 4944 2491 5006 negant
2548 4934 2880 4990 dementiam
2944 4948 3009 4986 at:
3064 4933 3342 4995 duritiem,
3374 4941 3432 4984 ut
3464 4945 3558 5000 per

1967 5046 2063 5085 eos
2114 5029 2207 5098 qui
2268 5026 2396 5081 olim
2476 5040 2667 5094 pmuas
2743 5024 3015 5078 dederunt
3100 5037 3203 5075 nos
3272 5031 3559 5089 aspectum

1478 5174 1678 5235 Variae
1712 5174 2023 5236 lectiones
2051 5176 2111 5231 ct
2154 5174 2344 5231 notae.

348 5294 392 5324 “
414 5292 554 5345 κατὰ
598 5293 659 5346 τὸ
692 5291 974 5362 βασιλικὸν
1009 5292 1340 5363 πρόσταγμα
1369 5293 1466 5345 καὶ
1498 5294 1543 5346 ὲ.
1583 5295 1612 5347 ὁ
1639 5294 1690 5347 λ.
1726 5293 2029 5363 νηστεύσας
2064 5294 2108 5344 ἐ.
2138 5291 2409 5363 περισσὴν
2432 5288 2560 5343 Ced.
2634 5287 2834 5363 "_E’_)2_8.

2917 5284 2958 5315 ¹⁶
2983 5283 3061 5354 τῷ
3092 5283 3136 5351 β’
3168 5283 3278 5337 ἔτει
3329 5283 3561 5349 ῚΙσαῖας

270 5366 300 5415 ὁ
336 5363 522 5442 ςΡόδου
554 5355 851 5442 ἐπίσκοπος
908 5364 1001 5416 καὶ
1053 5355 1791 5442 Ἄλέξᾳανδρος-Διοσπόλεωξ
1822 5364 1922 5442 τῆς
1977 5355 2563 5442 ᾂρᾴκης’.καλ;’ἓτεροι
2619 5357 2806 5442 πολλοὶ
2847 5355 3277 5442 κατεσχέθησαν⁸
3310 5356 3403 5442 ἀρ.
3465 5358 3564 5411 καὶ

270 5435 397 5495 τοὺς
432 5434 530 5501 μὲν
566 5434 1002 5504 ἐκαυλοκόπησε,
1036 5437 1148 5498 τοῖς
1195 5428 1251 5487 δὲ
1304 5428 1360 5489 κ.
1400 5435 1450 5487 ὁ.
1477 5435 1523 5488 ὲ.
1552 5437 1633 5498 είς
1659 5452 1710 5488 τ.
1745 5454 1805 5488 π.
1836 5428 1947 5487 τῶν
1984 5428 2037 5487 ἀί
2068 5428 2383 5504 ’προσέταξε
2417 5428 2512 5504 καὶ
2542 5428 3084 5504 γυμνοῂςικατᾶξτην
3114 5428 3322 5504 ἀγορᾷν
3358 5428 3564 5504 θριαμτ

273 5497 576 5576 ϐευθῆναι·
617 5506 876 5576 ὑπῆρχεν
903 5497 1098 5559 ’δὲκαὶ
1131 5497 1251 5558 τῶν
1299 5506 1535 5558 πολιτῶν
1576 5497 1670 5559 καὶ
1709 5497 2251 5576 συγκλητικῶνξκαὶ
2292 5503 2401 5576 τῶν
2460 5502 2517 5555 ἁ.
2558 5497 2674 5576 οὐκ
2716 5499 2886 5576 όλίγρι
2925 5497 3000 5576 οἳ.
3040 5497 3411 5576 ἐκτμηθέντες
3466 5499 3560 5549 καὶ

268 5566 632 5644 δημεύί;έντες
657 5566 802 5631 καίτᾶ
832 5575 929 5646 τὴν
961 5578 1167 5647 ἀγορὰν
1194 5578 1393 5645 γυμνοὶ
1429 5577 1661 5648 οἰκτρῶς
1684 5577 1763 5631 ετ.
1788 5566 2208 5699 ’καὶ’γενο⁴ρ.ένου
2242 5571 2408 5640 φόϐου
2448 5570 2708 5641 μεγάλου,
2746 5571 2795 5622 οί
2835 5570 3012 5621 λοιποὶ
3042 5566 3555 5651 ἐσωφρονίσθησαν,

275 5650 476 5699 νόμους
516 5664 575 5699 τε
614 5648 881 5699 σφοδροὺς
929 5649 1071 5699 κατὰ
1126 5648 1234 5699 τῶν
1255 5647 1690 5699 ἀσελγαινόντων
1714 5648 1926 5699 ἐξέθετο
1951 5645 2025 5699 Cc
2068 5685 2082 5699 .
2122 5642 2537 5699 (Min-646.2.
2609 5641 2648 5672 ¹⁷
2691 5640 2816 5699 εἱςίῗ
2889 5640 2932 5670 ¹⁸
2958 5638 3143 5699 τοῖςδὲ
3177 5636 3301 5690 Ιιθοο
3384 5636 3427 5666 ⁸⁸
3459 5651 3555 5699 γε-

275 5650 476 5713 nouae;
516 5664 575 5699 τε
614 5645 894 5716 σφοδροὺς
929 5645 1076 5702 κατᾶ
1126 5648 1234 5700 τῶν
1255 5645 1690 5714 ἀσελγαινόντων
1714 5648 1926 5710 ἐξέθετο
1951 5645 2025 5701 Cc

272 5716 499 5784 νομένου
532 5718 699 5785 φόϐου
733 5718 971 5786 μεγάλου
996 5718 1125 5775 Leu.

278 5876 433 5913 τοντε
469 5861 591 5918 cod.

1240 5719 1283 5749 ²⁰
1329 5718 1665 5783 Ὀλολυξάτω
1698 5717 1864 5773 Zach.
1911 5732 1988 5782 XI,
2028 5717 2080 5770 2.

275 5781 481 5851 “uti.
506 5781 562 5845 5'.
639 5791 681 5819 ’³
712 5781 845 5844 Ceu.
884 5806 1035 5858 xvm,
1068 5789 1156 5845 20.
1237 5790 1356 5841 ³σαὶ
1387 5781 1545 5844 (ἰυιιξ
1602 5791 1773 5843 “Kal.
1803 5791 1863 5842 K2

1970 5781 2003 5851 νς
2111 5788 2243 5842 Gen.
2282 5802 2390 5852 ΧΗ,
2423 5786 2513 5837 24.
2594 5784 2639 5816 ²⁸
2668 5783 2975 5853 περίχωρον
3001 5781 3135 5833 Gen.

2122 5636 2541 5706 645,17-6463I
2609 5641 2648 5672 ¹⁷
2691 5640 2816 5703 eiei?
2889 5640 2932 5670 ¹⁸
2958 5638 3143 5701 τοῖςδέ
3177 5636 3301 5690 Leo.
3384 5636 3427 5666 υ
3459 5651 3558 5702 γεο

2193 5716 2235 5746 "
2266 5714 2400 5767 διότι
2443 5713 2610 5769 Zacb.
2638 5716 2649 5767 ἓ
2683 5710 3077 5772 “Pramum,
3114 5708 3201 5762 l6.
3278 5706 3324 5737 "
3348 5721 3461 5759 nx.
3484 5706 3556 5759 25

2193 5802 2243 5839 n.
2282 5802 2390 5847 ιη,
2423 5786 2513 5837 2L
2594 5784 2639 5816 ²⁸
2668 5783 2975 5847 περίχωρον
3001 5781 3135 5833 Gen.
3216 5779 3259 5807 "
3293 5778 3559 5847 εἰσπράτ-
