4064 6464
474 410 580 472 799

1695 404 2015 466 GEORGII
2059 403 2272 463 HAMA
2286 402 2545 464 RTULIl

3659 406 3766 473 800

474 528 1024 598 expet-intentumque
1069 527 1378 583 divinarum
1413 526 1684 581 ultiunum
1715 521 2062 592 el‘fugianms.

2178 518 2284 572 τῶν
2318 520 2548 573 ἐκείνων
2591 519 3032 591 ἰχνηλατούντων
3068 523 3164 576 xui
3215 522 3610 595 ἐργαζομένων
3644 540 3765 579 tm.-

478 622 536 675 Si
606 622 730 690 quis
779 630 961 675 autem
1041 636 1106 675 ex
1178 622 1245 676 iis
1315 620 1409 691 qui
1474 629 1674 673 tetram
1734 617 1893 671 istam
1956 629 2064 668 non

477 714 735 768 \iderunt
793 729 881 769 res
942 713 1015 767 ita
1070 730 1130 769 se
1175 714 1378 769 habere
1448 728 1557 766 non
1616 710 1824 773 credat,
1881 709 2070 762 audiat

476 803 718 856 divinam
791 802 1135 873 Seripturam
1189 805 1259 858 de
1312 802 1581 872 sapientia
1637 801 1950 869 loquentem
2012 807 2067 853 et

475 898 746 947 dierntem
806 914 818 948 :
879 915 898 946 α
949 894 1076 949 Haec
1129 896 1384 966 justum,
1436 894 1793 963 pereuntibus
1859 893 2065 963 impiis,

477 989 733 1042 liberant
802 989 1102 1058 fugientem
1174 991 1354 1059 ignem
1417 988 1508 1058 qui
1575 987 1958 1041 'descenderat
2014 987 2066 1039 iu

475 1078 815 1150 Pentapolim
877 1099 888 1132 :
942 1080 1106 1150 cujus
1157 1082 1339 1136 adhuc
1421 1080 1473 1133 in
1527 1081 1904 1134 testimonium
1972 1095 2067 1132 ne-

473 1171 661 1239 qu-tiae
712 1171 1102 1240 iumigabunda
1157 1173 1377 1228 exsistit
1417 1174 1635 1228 deserta
1679 1182 1824 1227 terra
1869 1180 1925 1225 et
1987 1171 2069 1224 in-

473 1274 628 1320 certo
656 1275 900 1334 tempore
931 1264 1145 1321 fructus
1172 1267 1539 1337 producentes
1574 1266 1856 1320 arbores.»
1900 1262 2069 1318 Simi-

476 1359 599 1413 liter
630 1357 1017 1420 auteInJudas,
1044 1358 1211 1413 frater
1238 1358 1450 1425 Jacobi,
1475 1359 1587 1413 ait:
1614 1358 1804 1414 «Sicut
1832 1357 2069 1412 Sodoma

477 1457 531 1501 et
581 1446 889 1502 Gomorrba
954 1454 1008 1501 et
1067 1446 1310 1502 ﬁnitimae
1358 1446 1633 1508 civitates,
1688 1443 1854 1497 simili
1908 1443 2071 1497 modo

478 1542 854 1603 exl'orniratre,
915 1550 970 1593 ct
1026 1542 1291 1593 abeuntes
1356 1524 1481 1609 post
1542 1552 1764 1591 carnem
1817 1535 2066 1600 alteram,

481 1632 639 1687 {neue
679 1640 807 1687 sunt
842 1631 1178 1700 exetuplum,
1229 1631 1370 1701 ignis
1401 1630 1592 1684 aeterni
1626 1644 1844 1698 poenam
1883 1629 2066 1682 susti-

478 1734 726 1778 nentes.»
768 1724 832 1777 Et
868 1741 882 1777 :
929 1743 945 1774 I
984 1724 1197 1790 Quibus
1225 1721 1540 1781 obscuritas
1576 1722 1922 1778 tenebrarum
1953 1736 2071 1775 ser-

477 1829 601 1869 ναῖε
633 1824 715 1870 est
744 1815 796 1869 iu
831 1825 1116 1870 retentum.
1158 1834 1177 1867 ι

472 1912 685 1975 τοᾷτοις
707 1912 911 1982 τρόπον
928 1911 1368 1982 ἐκπορνεύσασαι
1396 1912 1488 1965 xui
1541 1910 1880 1965 ἀπελθοῦσαι
1942 1912 2120 1967 ὀπίσω
2160 1916 2368 1980 σαρκὸς

2173 613 2349 682 στυγῆ
2379 612 2584 684 πρᾶξιν
2608 629 2620 643 ·
2657 614 2752 667 xui
2806 613 2996 684 μέντοι
3044 617 3141 670 xui
3180 616 3290 668 τῶν
3322 616 3424 686 τὴν
3462 615 3770 685 μέλλουσαν

2171 704 2555 758 ἀπιστούντων
2589 706 2776 776 κρίσιν
2801 706 3088 777 προδήλως
3114 708 3214 779 τὴν
3247 709 3557 780 παράνοιάν
3585 727 3643 763 τε
3671 712 3769 764 καὶ

2173 799 2421 867 πόρωσιν
2461 799 2530 863 ³⁰,
2579 798 2668 852 ἵνα
2710 799 2798 852 διὰ
2825 799 2935 853 τῶν
2977 801 3149 854 πάλαι
3179 803 3279 864 τὰς
3308 802 3466 865 δίκας
3496 805 3767 874 εἰσπρατ-

2172 891 2419 960 τομένων
2453 891 2618 960 ἡμεῖς
2643 892 2743 961 τὴν
2774 891 2899 961 ὄψιν
2946 894 3039 946 xui
3075 895 3175 964 τὴν
3206 896 3408 966 πεῖραν
3455 895 3565 949 τῶν
3601 896 3771 950 θείων

2170 982 2553 1054 κολαστηρίων
2584 983 2944 1053 ὲκφύγωμεν.
2984 985 3046 1037 Εἰ
3077 986 3134 1039 δέ
3163 1004 3247 1050 τις
3276 986 3385 1041 τῶν
3417 988 3493 1058 μὴ
3519 988 3620 1059 τὴν
3657 988 3767 1059 γῆν

2171 1074 2391 1143 ἐκείνην
2458 1076 2795 1145 ἑωρακότων
2867 1078 3129 1148 ἀπιστοίη
3197 1078 3274 1149 μὴ
3348 1078 3526 1143 οὕτως
3596 1080 3746 1150 ἔχειν

2171 1168 2420 1221 ἀκουέτω
2452 1167 2553 1235 τῆς
2602 1166 2757 1230 θείας
2810 1169 3041 1240 Γραφῆς
3075 1170 3448 1241 διηγουμένης
3496 1171 3626 1243 περὶ
3667 1174 3774 1243 τῆς

2185 1262 2380 1331 σοφίας
2407 1264 2516 1317 xui
2542 1262 2846 1333 λεγούσης·
2884 1282 2901 1314 ι
2936 1263 3089 1332 Αὕτη
3126 1264 3355 1330 δίκαιον,
3391 1264 3799 1336 ἔξαπολλυμέ-,

2172 1371 2278 1406 νων
2333 1354 2589 1419 ἀσεϐῶν,
2641 1356 2921 1428 ἐρρύσατο
2980 1357 3231 1427 φυγόντα
3291 1357 3776 1428 καταϐάσιονπῦρ

2174 1447 2603 1511 Πενταπόλεως·
2646 1444 2715 1520 ἧς
2762 1448 2847 1502 ἔτι
2901 1450 2941 1481 ⁸⁸
2983 1450 3292 1522 μαρτύριον
3343 1451 3445 1521 τῆς
3496 1450 3778 1522 πονηρίας

2172 1540 2552 1612 καπνιζομένη
2604 1542 2916 1615 καθέστηκε
3158 1543 3357 1615 χέρσος
3391 1546 3485 1597 καὶ
3519 1543 3781 1600 ἀτελέσιν

2171 1631 2348 1701 ὥραις
2407 1635 2876 1706 καρποφοροῦντα
2927 1642 3107 1705 φυτά·
3166 1656 3184 1688 ι
3237 1636 3508 1701 ὡσαύτως
3567 1636 3627 1690 δὲ
3675 1639 3784 1691 xui

2184 1725 2358 1778 Ἰούδα
2418 1727 2683 1781 Ἰακώϐου
2738 1729 2783 1759 ³⁸
2817 1729 3163 1799 φάσκοντος·
3218 1748 3238 1783 ι
3287 1731 3382 1794 Ὠς
3417 1730 3634 1802 Σόδομα
3680 1730 3790 1784 καὶ

2172 1818 2432 1890 Γόμορρα
2487 1822 2580 1873 xui
2627 1818 2734 1893 [ui]
2789 1824 2921 1894 περὶ
2971 1822 3142 1886 αὐτὰς
3194 1823 3384 1887 πόλεις
3435 1823 3530 1878 τὸν
3578 1824 3777 1894 ὅμοιον

2446 1917 2645 1988 ἐτέρας
2696 1918 3022 1989 πρόκεινται
3077 1920 3281 1992 δεῖγμα
3325 1922 3499 1990 πυρὸς
3550 1922 3785 1977 αἰωνίου

472 2008 632 2077 δίκην
662 2007 993 2077 ὑπέχουσαι·
1040 2030 1058 2059 ι
1090 2009 1185 2060 καί
1212 2024 1224 2037 ο
1274 2027 1293 2060 ι
1324 2002 1422 2071 Οἷς
1449 2009 1478 2062 ό
1504 2007 1668 2077 ζόφος
1697 2007 1792 2061 τοῦ
1828 2009 2056 2072 σκότους
2096 2011 2179 2074 είς
2207 2012 2411 2075 αἰῶνας
2442 2015 2765 2084 τετήρηται.
2811 2034 2829 2066 ι

526 2102 688 2165 ,υἱείι
737 2115 919 2156 au'em
974 2104 1138 2155 etiam
1178 2103 1341 2158 divus
1388 2104 1820 2174 Chrysostomus
1872 2123 1886 2156 :

476 2194 601 2264 quis
648 2197 715 2248 de
764 2194 1016 2263 gcheuna
1062 2193 1302 2260 dubitat,
1357 2193 1656 2248 Sodomam
1691 2203 1927 2264 reputet,
1965 2192 2075 2249 Go-

477 2288 756 2342 morrham
833 2286 1074 2356 cogitet,
1138 2286 1401 2342 inllietam
1463 2301 1680 2356 pinnam
1764 2295 1820 2342 et
1891 2287 2074 2342 adhuc

477 2387 820 2441 manentem,
870 2388 926 2433 et
959 2379 1012 2433 in
1045 2389 1310 2434 mteruum
1348 2379 1611 2435 duranda:
1636 2380 1944 2450 punitiouis
1975 2394 2067 2434 va-

480 2472 648 2525 lidum
698 2470 1033 2541 praebentem
1083 2480 1488 2542 argumentum.
1550 2470 1667 2526 Non
1723 2473 1869 2526 enim
1925 2480 2069 2527 terra

478 2575 715 2626 tantum,
738 2563 832 2619 sed
863 2574 917 2617 et
952 2564 1065 2634 ipse
1103 2580 1198 2619 aer
1230 2574 1285 2620 et
1314 2581 1470 2635 aqua:
1499 2566 1866 2621 calamitatem
1902 2566 2073 2634 parti-

476 2659 837 2728 cipaverunt,
874 2666 928 2711 et
958 2656 1446 2727 quemadmodum,
1493 2673 1723 2728 corpore
1773 2672 2066 2719 succenso,

477 2752 655 2805 t'orma
681 2751 900 2819 quidem
931 2758 985 2805 et
1019 2760 1177 2821 typus
1199 2759 1252 2805 et
1284 2762 1465 2804 tumor
1488 2759 1543 2803 et
1569 2749 1819 2817 analogia
1844 2749 1898 2802 in
1927 2748 2070 2817 ignis

478 2855 728 2914 aspectu,
760 2843 854 2899 sed
900 2860 1007 2897 non
1049 2844 1130 2898 ris
1165 2854 1353 2899 manet
1386 2860 1400 2894 :
1433 2844 1516 2897 sic
1545 2851 1599 2894 et
1630 2842 1743 2896 illic
1773 2842 1958 2896 videre
1983 2850 2069 2897 est

482 2947 704 3002 terram,
754 2953 875 3007 qua:
923 2937 1061 2991 nihil
1110 2937 1274 2991 habet
1324 2944 1502 2998 terrae,
1563 2934 1657 2989 sed
1708 2934 1893 2990 omnia
1940 2942 2070 2990 sunt

481 3030 654 3095 cinis;
702 3030 930 3085 arbores
962 3039 1015 3084 et
1062 3030 1300 3093 fructus,
1334 3027 1429 3082 sed
1458 3028 1590 3081 nihil
1624 3031 1884 3083 arborum
1924 3028 2072 3083 fruco

480 3134 745 3192 tumuque
769 3124 1071 3187 habentes;
1098 3138 1279 3177 aerem
1314 3132 1366 3176 ct
1394 3121 1725 3191 aquam.sed
1756 3121 1891 3176 nihil
1914 3137 2070 3191 aquae

480 3231 579 3270 nee
600 3218 781 3282 aeris;
807 3215 1074 3283 siquidem
1094 3216 1277 3270 omnia
1300 3228 1561 3268 conversa
1592 3214 1791 3268 suntin
1828 3215 2067 3268 cineres.

478 3307 622 3361 Nihil
655 3310 801 3360 enim
846 3307 994 3360 aliud
1027 3315 1111 3360 est
1152 3322 1315 3375 quam
1352 3306 1604 3361 caminus
1656 3320 1769 3374 aer,
1814 3304 2070 3361 caminus

480 3415 646 3468 aqua,
698 3406 894 3452 cuncta
942 3398 1170 3463 sterilia,
1224 3408 1419 3452 cuncta
1457 3398 1820 3460 infructuosa,
1873 3404 2069 3453 cuncta

1952 2103 2141 2166 iSiB

2244 2108 2322 2179 ('7)
2346 2108 2511 2177 Λέγει
2546 2109 2602 2163 δὲ
2634 2111 2731 2163 xui
2754 2112 2781 2164 6
2809 2109 2953 2173 θεῖος
2986 2108 3384 2182 Χρυσόστομος
3405 2129 3417 2141 ·
3457 2131 3476 2164 ι
3525 2113 3789 2169 ’Δπιστεῖ

2175 2215 2261 2263 τις
2293 2199 2340 2233 ³³
2374 2202 2437 2273 τῇ
2476 2203 2694 2274 γεέννῃ,
2741 2203 2811 2257 τὰ
2848 2203 3065 2272 Σόδομα
3112 2203 3536 2272 διαλογιζέσθω,
3568 2208 3637 2262 τὰ
3672 2211 3780 2264 ["6-

2177 2293 2359 2364 μορρα
2392 2292 2667 2358 ἐννοείτω,
2700 2294 2799 2366 τὴν
2839 2295 3225 2367 γεγενημένην
3271 2295 3317 2328 ³⁵
3364 2298 3644 2369 τιμωρίαν
3677 2302 3781 2354 καὶ

2175 2384 2256 2438 ἔτι
2314 2387 2590 2455 μένουσαν
2631 2407 2648 2439 ι
2689 2389 2786 2441 xui
2840 2389 2937 2442 τοῦ
3001 2389 3338 2455 διαιωνίζειν
3391 2390 3492 2462 τὴν
3551 2392 3781 2450 κόλασιν

2173 2478 2406 2549 ἐναργὲς
2450 2482 2757 2550 τεκμήριον
2795 2483 3190 2552 παριστῶσαν·
3230 2484 3328 2537 xui
3357 2484 3467 2557 γὰρ
3504 2485 3686 2554 (2871³)
3712 2489 3778 2541 οὐ

2178 2572 2343 2641 μόνον
2383 2574 2416 2641 ἡ
2451 2572 2547 2641 γῆ,
2583 2574 2721 2626 ἀλλὰ
2774 2576 2868 2627 xui
2914 2576 3081 2637 αὐτὸς
3108 2579 3134 2627 6
3177 2576 3286 2644 ἀὴρ
3337 2577 3432 2629 xui
3486 2579 3555 2630 τὰ
3597 2579 3777 2634 ὕδατα.

2177 2664 2410 2733 μετέσχε
2439 2667 2537 2734 τῆς
2578 2667 2893 2733 συμφορᾶς,
2929 2666 3025 2717 xui
3072 2665 3327 2737 καθάπερ
3375 2669 3627 2738 σώματος
3673 2675 3779 2741 ἐμ-

2174 2753 2511 2823 πρησθέντος
2545 2755 2605 2807 τὸ
2648 2756 2748 2823 μὲν
2787 2756 2977 2825 σχῆμα
3016 2757 3172 2825 μένει
3220 2760 3315 2812 καὶ
3361 2761 3388 2812 ὁ
3413 2760 3582 2823 τύπος
3610 2762 3669 2813 ἐν
3703 2768 3773 2833 τῇ

2173 2845 2269 2898 τοῦ
2312 2846 2486 2916 πυρὸς
2522 2846 2643 2915 ὄψει
2693 2848 2786 2899 καὶ
2831 2849 2858 2900 ὁ
2892 2847 3059 2915 δγκος
3091 2847 3184 2899 καὶ
3228 2850 3261 2917 ἡ
3306 2847 3592 2918 ἀναλογία,
3647 2852 3679 2918 ἡ
3712 2850 3774 2904 δὲ

2173 2934 2405 3004 δύναμις
2450 2935 2674 2988 οὐκέτι·
2722 2934 2869 2988 οὕτω
2914 2935 2980 3004 δὴ
3012 2937 3238 2987 κάκεῖσε
3278 2934 3385 3002 γῆν
3433 2935 3582 2987 ἔστιν
3618 2937 3774 2997 ἰδεῖν,

2174 3028 2290 3082 ἀλλ’
2326 3030 2481 3083 οὐδὲν
2520 3029 2754 3100 ἔχουσαν
2787 3029 2914 3100 γῆς,
2943 3030 3081 3082 ἀλλὰ
3110 3028 3289 3083 πάντα
3327 3030 3542 3100 τέφρα·
3575 3028 3778 3102 δένδρκ

2172 3124 2269 3176 καὶ
2321 3124 2614 3192 καρποὺς,
2658 3123 2776 3176 ἀλλ’
2823 3122 2977 3176 οὐδὲν
3044 3122 3281 3194 δένδρων
3333 3122 3455 3176 οὐδὲ
3506 3123 3772 3193 καρπῶν·

2174 3212 2314 3282 ἀέρα
2342 3214 2439 3265 xui
2461 3212 2631 3282 ὕδωρ,
2661 3212 2779 3267 ἀλλ’
2799 3212 2955 3265 οὐδὲν
2980 3211 3174 3274 ὓδατος
3197 3212 3318 3265 οὐδὲ
3347 3212 3508 3282 ἀέρος
3536 3229 3549 3243 ·
3577 3213 3778 3286 ἐπειδὴ

2173 3306 2283 3375 γὰρ
2320 3306 2413 3358 καὶ
2444 3306 2618 3359 ταῦτα
2656 3307 3029 3376 τετέφρωνται
3057 3322 3069 3333 ⁸
3104 3304 3399 3377 τοιγαροῦν
3462 3306 3618 3359 οὐδὲν
3651 3305 3779 3360 ἓτε-

2178 3414 2271 3468 ρον
2305 3398 2337 3469 ἢ
2372 3398 2602 3467 κάμινός
2634 3401 2785 3453 ἐστιν
2811 3398 2839 3449 ό
2864 3397 2993 3469 ἀὴρ,
3026 3398 3258 3467 κάμινος
3291 3397 3352 3451 τὸ
3384 3396 3554 3469 ὕδωρ,
3589 3400 3778 3453 πάντα

483 3490 771 3557 praeterita:
801 3490 894 3542 irae
923 3489 1184 3544 ultionem
1222 3490 1570 3545 ostendentia
1597 3499 1651 3545 et
1685 3489 1884 3544 futurae
1918 3490 2070 3559 puni-

2178 3491 2430 3562 ἄκαρπα,
2485 3493 2662 3545 πάντα
2711 3492 2907 3560 ἄγονα,
2950 3493 3131 3544 πάντα
3180 3489 3320 3560 πρὸς
3368 3490 3642 3560 τιμωρίαν
3670 3491 3779 3561 τῆς

480 3581 649 3635 tionis
682 3582 970 3650 imagines.
993 3581 1202 3652 Beputa
1236 3599 1369 3653 ergo
1398 3594 1664 3653 quantum
1688 3583 1759 3638 sit
1783 3592 2068 3653 peccatum

483 3682 542 3726 ut
593 3682 720 3727 ante
774 3684 989 3744 tempus
1040 3676 1345 3745 gehennam
1393 3690 1658 3747 apparere
1712 3675 1837 3746 quis
1888 3687 2068 3745 cogat.

483 3767 932 3823 lixtraordiuaria
978 3786 1216 3839 namque
1263 3769 1368 3825 fuit
1401 3772 1516 3826 hec
1558 3770 1760 3840 pluvia,
1799 3769 2068 3840 siquidem

481 3867 537 3911 ct
572 3871 760 3914 contra
792 3871 1042 3916 naturam
1074 3870 1129 3916 et
1153 3861 1326 3932 legem
1363 3870 1483 3916 erat
1518 3861 1618 3916 ista
1640 3862 1984 3929 eommistio;
2018 3870 2074 3917 et

483 3953 785 4008 submersit
847 3964 1088 4020 terram,
1152 3956 1424 4026 siquidem
1474 3964 1530 4010 et
1584 3958 1800 4010 animas
1851 3969 2070 4016 eorum,

480 4044 696 4100 funesta
745 4056 799 4101 et
839 4049 1200 4104 exsecrabilis
1231 4049 1503 4117 Voluptas.
1529 4049 1647 4113 Ast,
1681 4061 1716 4102 ο
1743 4047 2070 4102 dementiam

480 4153 668 4192 eorum
702 4141 795 4209 qui
825 4141 927 4195 hoc
955 4141 1157 4212 agunt!
1188 4154 1222 4196 ο
1269 4141 1549 4197 miseriam
1607 4150 1660 4195 et
1713 4141 2071 4196 stoliditatem

480 4230 781 4288 infelicium
825 4235 943 4304 qui,
975 4235 1109 4304 proh
1147 4235 1338 4290 dolori
1374 4243 1569 4305 sponte
1606 4235 1722 4294 htrc
1764 4235 2073 4305 patiuntur,

480 4326 762 4397 corrumpi
829 4328 1246 4384 consentientes
1298 4345 1328 4383 a
1374 4328 1653 4398 corruptis
1684 4337 1741 4382 et
1770 4328 1988 4397 pollutis
2021 4337 2077 4383 et

480 4418 714 4488 impuris
742 4435 927 4475 annna
975 4429 1032 4475 et
1085 4435 1340 4491 corpore,
1370 4422 1667 4491 porcisque
1703 4420 1919 4490 pejores
1951 4434 2073 4476 sese

484 4522 879 4577 monstrantes,
909 4518 1025 4570 sive
1048 4525 1403 4583 corruptores
1435 4515 1552 4570 sive
1590 4515 1837 4584 corrupti
1868 4514 2078 4585 absque

486 4615 633 4659 metu
665 4621 730 4660 ac
761 4608 1007 4676 pudore!
1065 4606 1129 4662 lli
1161 4617 1309 4663 certe
1356 4608 1534 4663 brutis
1581 4608 2076 4665 irrationabiliores

482 4705 539 4750 et
587 4696 820 4751 canibus
874 4696 1309 4769 impudentiores
1368 4702 1524 4754 sunt!
1582 4697 1873 4770 Nunquam
1925 4702 2075 4754 enim

481 4791 626 4859 apud
654 4789 791 4846 istos
821 4791 946 4846 talis
966 4791 1026 4846 ﬁt
1053 4793 1388 4860 commistio,
1410 4792 1505 4848 sed
1533 4793 1783 4863 proprios
1812 4793 2078 4848 terminos

484 4893 680 4936 natura
714 4870 1016 4954 cognoscit.
1058 4884 1170 4941 Hos
1225 4901 1327 4957 ego
1368 4886 1583 4957 pejores
1616 4886 1905 4941 homicidis
1952 4901 2076 4941 esse

483 4975 639 5040 dico;
691 4993 1022 5048 quocunque
1054 4979 1278 5033 nomine
1314 4987 1600 5048 peccaturo
1633 4977 1897 5049 appelles,
1953 4976 2073 5030 nul-

483 5069 596 5123 lum
652 5073 779 5128 huic
813 5072 1070 5142 Pravitati
1117 5088 1215 5144 par
1264 5073 1531 5128 invenies.
1596 5070 1881 5126 llomicida
1926 5071 2072 5124 enim

485 5167 725 5217 animam
769 5181 799 5218 a
856 5182 1086 5235 corpore
1120 5176 1408 5238 segregat;
1467 5166 1555 5221 hic
1594 5173 1778 5220 autem
1832 5163 2072 5218 animam

485 5271 609 5309 cum
667 5270 897 5326 corpore
947 5258 1234 5328 disperdit.
1302 5258 1459 5314 Unde
1500 5257 1669 5327 igitur
1713 5263 1936 5311 enatum
1992 5265 2078 5310 est

489 5347 594 5403 tale
621 5349 866 5402 malum?
916 5350 961 5402 A
1001 5350 1236 5416 deliciis,
1274 5367 1303 5405 a
1342 5350 1589 5415 mollitie,
1639 5364 1669 5403 a
1717 5349 2076 5403 derelictione

492 5441 607 5510 Dei,
661 5442 730 5497 ab
758 5460 824 5499 cu
867 5445 1014 5514 quod
1065 5443 1181 5513 ipse
1232 5460 1342 5499 non
1392 5444 1646 5498 timeatur
1688 5459 1790 5498 nec
1827 5442 2073 5496 futurum

2178 3583 2565 3655 προλαῦούσης
2596 3583 2769 3654 ὀργῆς
2801 3585 2896 3636 xui
2938 3583 3150 3645 εἰκόνες
3198 3582 3300 3652 τῆς
3345 3584 3652 3654 μελὶούσης
3679 3602 3780 3636 κο-

2175 3676 2389 3740 λάσεως
2412 3692 2425 3706 ·
2460 3676 2719 3747 ἐννόησον
2765 3676 2950 3728 τοίνυν
2981 3676 3174 3746 ἡλίκον
3212 3677 3330 3728 ἐστὶ
3372 3676 3430 3727 τὸ
3466 3678 3785 3746 ἁμάρτημα

2176 3767 2253 3831 ὡς
2303 3767 2598 3838 βιάσασθαι
2659 3767 2767 3839 πρὸ
2811 3768 3009 3838 καιροῦ
3053 3767 3154 3837 τὴν
3219 3767 3448 3835 γέενναν
3502 3769 3781 3835 φανῆναι’

2178 3863 2409 3930 καὶγὰρ
2455 3857 2767 3931 παράδοξος
2805 3855 2874 3932 ἦν
2900 3862 2927 3912 6
2955 3859 3114 3923 ὑετὸς
3154 3861 3362 3924 ἐκεῖνος
3388 3876 3401 3889 ο
3447 3861 3638 3930 ἐπειδὴ
3681 3864 3791 3914 xui

2177 3958 2333 4028 παρά
2365 3955 2530 4025 φύσιν
2566 3956 2660 4008 xui
2699 3955 3023 4025 παράνομος
3053 3955 3085 4025 ἡ
3117 3953 3292 4024 μίξις·
3332 3954 3426 4007 καὶ
3465 3954 3788 4008 κατέκλυσε

2178 4050 2281 4121 τὴν
2312 4050 2440 4119 γῆν,
2476 4047 2672 4118 ἐπειδὴ
2722 4049 2820 4101 xui
2868 4048 2965 4110 τὰς
3019 4046 3248 4100 ἐκείνων
3278 4047 3459 4118 ψυχὰς
3492 4050 3525 4118 ἡ
3558 4049 3793 4121 χαλεπὴ

2178 4145 2276 4198 xui
2310 4144 2592 4213 ἐπάρατος
2643 4142 2914 4210 ἐπιθυμία
2942 4156 2956 4171 ·
2996 4140 3138 4206 ἀλλ’,
3167 4134 3212 4194 ὧ
3252 4142 3353 4211 τῆς
3382 4141 3792 4212 παραπληξίοις

2178 4237 2287 4291 τῶν
2340 4236 2504 4291 τοῦτο
2559 4236 3068 4306 κατεργαζομένων
3116 4236 3211 4286 xui
3248 4236 3345 4303 τῆς
3392 4233 3787 4306 ταλαιπωρίας

2178 4330 2274 4384 xui
2330 4328 2624 4392 κακονοίας
2674 4329 2784 4381 τῶν
2834 4326 3090 4382 ἐλεεινῶν
3141 4328 3233 4379 καὶ
3289 4327 3492 4391 ἀθλίως
3524 4329 3569 4359 ³⁵
3616 4328 3788 4382 τοῦτο

2180 4427 2501 4495 πασχόντων
2530 4422 2797 4485 ἑκουσίως
2842 4423 3081 4492 μάλιστα
3114 4420 3211 4474 καὶ
3257 4421 3638 4492 φθειρομένων
3670 4423 3786 4476 ὑπὸ

2179 4516 2292 4571 τῶν
2325 4516 2753 4587 διεφθαρμένων
2787 4516 2883 4568 xui
2920 4512 3170 4584 βεϐήλων
3206 4531 3266 4565 τε
3300 4516 3396 4566 xui
3442 4513 3787 4583 ἀκαθάρτων

2178 4611 2325 4682 ψυχῇ
2354 4612 2449 4664 xui
2475 4612 2695 4680 σώματι
2737 4609 2832 4662 καὶ
2877 4608 3095 4680 χοίρων
3119 4608 3344 4678 χείρους
3377 4609 3603 4672 ἑαυτοὺς,
3637 4610 3785 4664 ἀπο-

2181 4705 2471 4766 φαίνοντες
2522 4703 2594 4767 ⁸⁸,
2651 4702 2766 4754 οἵτε
2821 4702 3141 4772 φθείροντες
3183 4703 3278 4753 καὶ
3330 4702 3380 4753 oi
3423 4701 3785 4773 φθειρόμενοι

2182 4797 2406 4864 ἀφόϐως
2449 4796 2544 4849 καὶ
2577 4795 2955 4865 ἀναισχύντως
2978 4811 2993 4825 ·
3034 4796 3090 4848 οἴ
3118 4813 3182 4865 γε
3221 4796 3319 4849 xui
3359 4797 3576 4863 ἀλόγων
3612 4798 3786 4868 ἀνοη-

2183 4890 2400 4955 τότεροι
2471 4889 2568 4941 xui
2639 4888 2820 4941 κυνῶν
2875 4888 3289 4956 ἀναιδέστεροι·
3348 4887 3591 4957 οὐδαμοῦ
3665 4892 3780 4961 γὰρ

2183 4979 2412 5049 τοιαύτη
2471 4980 2617 5050 μίξις
2675 4981 2806 5051 παρ’
2838 4980 3072 5043 ἐκείνοις
3119 4979 3233 5033 ἀλλ’
3262 4982 3621 5049 ἐπιγινώσκει
3650 4985 3784 5047 τοὺς

2184 5073 2351 5136 ἰδίους
2388 5074 2552 5143 ὅρους
2589 5074 2621 5142 ή
2660 5073 2844 5142 φύσις.
2883 5070 3121 5132 Τούτους
3157 5071 3269 5140 ἐγὼ
3298 5073 3392 5125 καὶ
3434 5073 3783 5143 ἀνδροφόνων

2186 5166 2405 5236 χείρους
2438 5160 2579 5218 εἶναι
2622 5164 2765 5232 λέγω
2796 5165 2891 5216 καὶ
2930 5164 3071 5233 ὅπερ
3104 5165 3168 5216 ἂν
3226 5165 3386 5236 εἴπῃς
3435 5165 3781 5238 ἁμάρτημα·

2186 5260 2339 5313 οὐδὲν
2368 5259 2481 5312 ἴσον
2531 5260 2677 5329 ἐρεῖς
2922 5257 3023 5324 τῆς
3072 5258 3425 5328 παρανομίας
3475 5258 3681 5330 ταύτης
3710 5277 3723 5290 ·
3752 5261 3781 5311 ὁ

2193 5353 2292 5421 μὲν
2339 5351 2447 5422 γὰρ
2507 5349 2837 5418 ἀνδροφόνος
2886 5345 2984 5415 τὴν
3017 5347 3203 5418 ψυχὴν
3236 5350 3346 5401 ἀπὶ,
3386 5351 3483 5403 τοῦ
3521 5350 3777 5420 σώματος

2190 5444 2507 5517 ἐχώρησεν·
2541 5438 2695 5503 οὗτος
2739 5440 2796 5492 δὲ
2845 5439 2945 5509 τὴν
2994 5439 3175 5510 ψυχὴν
3210 5443 3351 5511 μετὰ
3396 5445 3490 5497 τοῦ
3523 5445 3778 5512 σώματος

1700 5584 1897 5647 Varia:
1939 5584 2249 5649 lectiones
2281 5591 2341 5643 et
2371 5592 2561 5644 noue.

564 5734 609 5765 “
642 5734 897 5802 ἐποίησεν
915 5735 936 5785 ?
961 5734 1088 5802 Sap.
1131 5751 1180 5795 χ,
1205 5731 1260 5786 6.
1315 5735 1426 5802 πῦρ
1477 5752 1598 5787 κατ.
1680 5736 1718 5765 ³¹
1747 5728 1824 5794 οἷς
1860 5735 1949 5783 ἐπ”.

497 5806 586 5860 ubi
613 5806 712 5860 cod
766 5805 1100 5864 67,103,106
1132 5805 1329 5865 αἰῶνας
1361 5806 1580 5859 habent.
1658 5806 1700 5837 ³³
1729 5805 1779 5857 εἴ

493 5874 539 5904 ⁸⁵
564 5875 806 5929 ἀθλίωνῖ
880 5878 923 5909 ³⁵
956 5876 1406 5939 ἀποραινόντιυν,ἳ

1990 5752 2026 5802 μ
2080 5734 2208 5802 δην.
2243 5734 2297 5790 7.
2360 5734 2453 5786 sed
2500 5732 2743 5801 plerique
2777 5734 2991 5788 codices
3048 5744 3105 5788 ut
3145 5735 3317 5789 Coisl.

1810 5822 1891 5864 τις
1927 5805 2022 5857 ἀπ.
2066 5806 2196 5860 Chr.
2237 5803 2301 5857 Vl
2332 5804 2435 5859 22')?
2458 5806 2520 5859 (ἒ.

3398 5735 3442 5764 ³¹
3470 5731 3594 5787 Jud.
3623 5733 3707 5794 7,l
3730 5731 3785 5790 ’5,

2603 5804 2644 5835 3"
2677 5822 2725 5858 τ,
2756 5804 2853 5875 τὴν
2885 5806 2986 5875 ἢδη
3018 5822 3068 5872 γ.
3104 5808 3195 5858 καὶ
3228 5806 3388 5876 μέχρι
3418 5804 3513 5857 νῦν
3549 5822 3606 5875 μ.
3641 5804 3781 5859 Chr.
