4064 6408
254 371 360 437 801

1447 373 1915 434 CHRONICON.
1963 400 2024 408 -τ
2071 375 2222 433 LIB.
2263 374 2360 433 ιν.

3450 369 3558 430 802

255 484 567 542 ἀπώλεσεν.
601 483 777 537 Πόθεν
811 478 906 537 οὖν
945 483 1143 554 ἐτέχθη
1175 484 1237 537 τὸ
1269 484 1414 554 μέγα
1460 483 1622 536 τοῦτο
1655 485 1854 545 κακόνς

1992 483 2256 538 udicium.
2301 480 2406 537 Ubi
2453 481 2598 535 enim
2647 482 2813 551 aliqui
2852 483 3014 536 taletn
3061 488 3265 536 metum
3317 497 3346 534 a
3392 483 3560 536 corde

269 579 406 632 ’Δπὺ
435 578 650 648 τρυφῆς
683 577 781 630 καὶ
809 577 1096 646 σπατάλης
1131 577 1226 630 καὶ
1249 576 1696 646 ἐγκαταλείψεως
1721 576 1858 629 Θεοῦ

260 674 359 724 καὶ
397 669 507 725 ἀπὸ
533 668 630 722 τοῦ
670 671 746 739 μὴ
774 670 1063 739 φοϐεῖσθαι
1100 671 1266 722 αὑτὸν
1297 671 1394 722 καὶ
1418 670 1517 740 τὴν
1553 669 1860 740 μέλλουσαν

260 763 484 834 κρίσιν’
521 763 653 814 ὃταν
694 763 804 834 γὰρ
843 762 1120 815 ἐκϐάλωσί
1169 780 1317 826 τινες
1354 763 1443 815 τὸν
1481 760 1730 814 τοιοῦτον
1764 761 1860 830 φό-

262 857 357 909 ϐον
417 857 484 908 ὲκ
528 855 631 924 τῆς
695 854 929 926 καρδίας
985 855 1193 919 αὐτῶν,
1235 855 1633 924 ὲγκαταλιμπά
1685 855 1860 925 ((288⁸)

263 966 452 1003 νονται
481 950 564 1010 εἰς
599 947 755 1009 τέλος
799 948 894 1000 καὶ
940 945 1114 1012 οὕτως
1153 947 1404 1017 ἔρχονται
1439 949 1520 1010 εἰς
1564 947 1861 1018 ἐπιθυμίας

262 1043 530 1112 ἀνοήτους
559 1040 655 1094 καὶ
689 1039 964 1111 βλαϐερὰς
999 1041 1092 1093 καὶ
1124 1041 1166 1071 ³⁷
1210 1059 1226 1090 ι
1263 1042 1345 1102 εἰς
1376 1040 1528 1107 πάθη
1556 1041 1806 1110 ἀτιμίας·
1836 1059 1854 1091 ι

267 1134 464 1202 ὥσπερ
505 1131 616 1204 γὰρ
661 1132 852 1184 πολλοὶ⁵
887 1132 1155 1194 πολλάκις
1186 1133 1285 1200 τὴν
1309 1131 1418 1183 τῶν
1451 1133 1638 1185 σιτίων
1670 1133 1863 1186 ἐπιθυ-

275 1227 405 1298 μίαν
457 1227 694 1295 ἀφέντες
750 1226 856 1295 γῆν
909 1225 1192 1279 σιτοῦνται
1246 1228 1342 1281 καὶ
1388 1227 1572 1290 λίθους
1621 1228 1859 1298 μικράς·

276 1318 370 1372 καὶ
395 1318 570 1389 ἕτεροι
602 1317 661 1369 δὲ
709 1317 816 1370 ὑπὸ
848 1316 1034 1386 δίψους
1080 1319 1444 1388 κατεχόμενοι
1495 1319 1731 1390 σφοδροῦ
1765 1319 1864 1373 καὶ

277 1408 541 1480 βορϐόρου
603 1408 869 1471 πολλάκις
934 1409 1306 1477 ἐπιθυμοῦσιν
1339 1426 1351 1436 ·
1407 1409 1552 1462 οὕτω
1617 1413 1864 1464 κάκεῖνοι

273 1501 743 1570 καταλειφθέντες
792 1501 882 1553 διὰ
920 1502 1016 1566 τὰς
1072 1503 1486 1575 προειρημένας
1516 1503 1693 1566 αἰτίας
1727 1503 1866 1574 πρὸς

271 1595 363 1648 τδν
395 1595 638 1666 ἄθεσμον
693 1593 900 1646 τούτων
954 1595 1334 1667 ἐξεκαύθησαν
1375 1598 1555 1667 ἔρωτα
1591 1599 1685 1650 καὶ
1727 1599 1868 1668 πρὸς

269 1688 369 1758 τὴν
403 1691 614 1758 μιαρὰν
643 1688 826 1760 ὄρεξιν
863 1698 1066 1762 μανίαν
1099 1709 1155 1744 τε
1190 1693 1284 1743 καὶ
1325 1691 1532 1744 λύσσαν
1556 1709 1567 1720 ο
1601 1694 1648 1744 εἰ
1679 1691 1736 1744 δὲ
1767 1693 1865 1743 οὐκ

273 1779 652 1847 αἰσθάνονται,
689 1782 808 1834 ἀλλ’
851 1783 1093 1854 ἥδονται,
1130 1782 1206 1852 μὴ
1254 1781 1543 1852 θαυμάσῃς
1566 1799 1580 1812 ⁸
1613 1787 1706 1834 καὶ
1758 1783 1868 1853 γὰρ

271 1873 320 1924 oi
356 1875 684 1944 μαινόμενοι
717 1877 813 1930 καὶ
836 1877 1106 1946 φρενίτιδι
1143 1877 1502 1946 κατεχόμενοι
1527 1877 1669 1946 νόσῳ
1696 1877 1869 1929 πολλά

275 1968 507 2027 ἑαυτοὺς
543 1968 862 2032 ἀδικοῦντες
913 1970 1009 2022 καὶ
1049 1970 1264 2021 ἐλεεινά
1293 1968 1632 2038 πράσσοντες
1666 1969 1750 2035 ἐφ’
1787 1965 1869 2032 οἷς

273 2059 472 2121 αὑεοῦς
505 2059 690 2131 ἕτεροι
721 2060 1048 2131 δακρύουσι,
1092 2061 1295 2128 γελῶσι
1353 2062 1449 2114 καὶ
1483 2064 1597 2125 τοῖς
1636 2062 1870 2132 λεγομέο

275 2169 386 2214 νοις
423 2152 612 2214 αὐτοῖς
659 2152 996 2223 ἐντρυφῶσι.
1047 2154 1217 2205 Πόσαι
1254 2154 1443 2206 λοιπὸν
1492 2154 1711 2223 γέενναι
1742 2156 1871 2217 τοὺς

275 2247 554 2308 τοιούτους
591 2246 873 2315 άρκέσωσι
926 2248 1022 2298 καὶ
1075 2246 1223 2300 πόσα
1277 2247 1654 2318 κολαστήρια;
1704 2248 1767 2300 Εἰ
1816 2248 1871 2300 δὲ

279 2339 591 2408 καταγελᾷς
625 2337 857 2409 γεέννης
898 2338 1116 2392 ἀκούων
1156 2344 1251 2392 καὶ
1282 2341 1533 2404 ἀπιστεῖς
1566 2341 1760 2412 ἐκείνῳ
1791 2341 1870 2412 τῷ

287 2432 441 2500 πυρὶ,
474 2431 862 2502 ἀναμνήσθητι
898 2432 1062 2487 πάλιν
1093 2433 1185 2486 τὸν
1219 2434 1276 2487 ἐν
1313 2433 1569 2504 Σοδόμοις
1599 2435 1744 2488 θεῖον
1775 2436 1873 2505 ἐμ-

290 2525 562 2594 πυρισμὸν
611 2526 706 2578 καὶ
759 2526 860 2596 τὴν
897 2525 1141 2597 φοϐερὰν
1199 2527 1421 2596 ἐκείνην
1473 2527 1766 2596 φλόγωσιν.
1809 2528 1872 2582 Εἰ

287 2613 378 2668 οὖν
416 2617 644 2671 τοιαῦτα
698 2618 954 2688 πράττων
1008 2620 1102 2671 καὶ
1145 2621 1208 2671 σὺ
1245 2619 1404 2689 δίκην
1446 2620 1510 2672 οὐ
1562 2619 1743 2685 δίδως,
1798 2621 1872 2692 μὴ

283 2707 615 2778 θαυμάσῃς·
675 2711 877 2761 ἐκεῖνοι
935 2709 1033 2778 μὲν
1081 2709 1189 2781 γὰρ
1242 2711 1318 2774 ὡς
1369 2712 1444 2782 μὴ
1483 2710 1584 2781 τὴν
1639 2713 1872 2778 γέενναν

281 2801 488 2862 εἰδότες
540 2800 924 2869 ἐκολάσθησαν
981 2803 1135 2872 παρά
1189 2803 1391 2866 πόδας’
1451 2805 1516 2856 σὺ
1558 2804 1614 2856 δὲ
1674 2805 1774 2856 ὅσα
1809 2804 1875 2858 ἂν

283 2895 568 2966 ἁμάρτῃς,
622 2893 728 2947 κᾶν
775 2893 1049 2964 μηδεμίαν
1084 2894 1243 2965 δίκην
1291 2893 1397 2966 δῷς
1449 2895 1706 2962 ἐνταῦθα,
1761 2900 1879 2950 ἐκεῖ

287 2989 475 3039 πάντα
535 2985 936 3057 χαλεπωτέρως
1022 2988 1260 3058 ἀποτίσῃ
1333 2989 1429 3041 καὶ
1504 2989 1875 3060 κολασθήσειο

286 3078 460 3144 διατί;
491 3078 617 3131 Ὅτι
642 3077 885 3142 πλείονος
918 3079 1142 3151 άπηλαύ
1156 3096 1326 3149 ταμεν
1357 3079 1612 3150 χάριτος·
1639 3080 1770 3134 ὅταν
1822 3083 1876 3135 δὲ

1964 591 2066 629 suo
2094 576 2400 644 ejecerunt,
2439 577 2490 627 in
2527 574 2688 628 ﬁnem
2719 575 3182 643 dcreltnquuntur
3211 584 3266 628 ct
3295 575 3365 629 ita
3392 574 3560 629 deve-

1965 670 2121 722 niunt
2163 669 2230 722 ad
2282 669 2612 738 cupiditates
2669 669 3072 723 irrationabiles
3106 679 3158 723 et
3187 669 3477 724 obscaenas
3508 681 3561 724 ct

1974 780 1991 811 ι
2023 762 2074 813 in
2109 763 2396 831 passiones
2436 763 2808 830 ignominiae.)
2839 761 2993 816 Sicut
3027 763 3174 815 enim
3207 764 3386 826 multi,
3415 779 3560 832 saepe

1969 853 2358 906 alimentorum
2386 854 2662 908 desiderio
2691 855 2968 924 elongato,
3004 867 3205 909 terram
3232 856 3560 925 lapidesque

1969 947 2298 1011 comedunt;
2351 948 2443 1000 alii
2502 959 2708 1014 autem,
2737 948 2826 1004 siti
2873 949 3182 1004 vehementi
3221 951 3436 1020 agitati,
3476 949 3556 1001 vel

1970 1034 2243 1086 sentinam
2314 1033 2626 1090 desiderant
2684 1053 2698 1089 :
2765 1037 2846 1090 sic
2887 1038 3061 1092 etilli
3117 1047 3337 1108 propter
3386 1039 3563 1091 dictas

1969 1140 2171 1180 causas
2198 1125 2472 1189 derelicti,
2513 1129 2564 1180 in
2601 1128 2851 1182 illicitum
2883 1144 3070 1183 emum
3105 1148 3351 1184 amorem
3406 1143 3458 1184 et
3505 1133 3560 1184 in

1968 1217 2273 1285 appetitum
2313 1218 2519 1272 [cedunt
2556 1220 3000 1289 dementiamque
3043 1237 3106 1275 ac
3165 1224 3366 1275 rabiem
3402 1239 3562 1275 exar-

1969 1309 2226 1363 descuut.
2260 1309 2317 1362 Si
2346 1320 2529 1364 autem
2559 1327 2666 1363 non
2699 1316 3047 1376 erubescant,
3079 1319 3171 1368 sed
3194 1317 3562 1380 oblectentur,

1969 1416 2079 1455 non
2115 1402 2331 1456 mireris
2377 1421 2391 1454 :
2457 1413 2708 1456 amentes
2742 1406 2887 1457 enim
2924 1413 2979 1458 et
3026 1407 3341 1474 phrenetico
3375 1408 3567 1460 morbo

1971 1493 2305 1557 laborantes,
2355 1495 2523 1548 nmlta
2571 1496 2711 1547 mala
2765 1497 2870 1551 sibi
2920 1498 3165 1551 inferunt
3219 1509 3271 1553 et
3321 1500 3567 1554 deﬂenda

1972 1584 2204 1649 faciunt,
2236 1587 2306 1639 ita
2340 1596 2398 1640 ut
2465 1587 2556 1639 alii
2611 1603 2776 1656 super
2805 1589 2930 1644 illos
2988 1592 3258 1662 lacrymas
3295 1592 3522 1645 fundant
3553 1611 3568 1660 ;

1972 1679 2076 1748 ipsi
2129 1689 2311 1732 tamen
2367 1679 2548 1732 rident
2579 1687 2633 1733 et
2665 1681 2890 1737 delicias
2925 1682 2978 1735 in
3015 1685 3176 1737 dii-tis
3207 1685 3370 1738 rebus
3416 1685 3570 1738 iuve-

1975 1773 2156 1824 ninnt.
2204 1770 2406 1835 Quales
2441 1769 2658 1824 tandem
2719 1773 2984 1842 gehennae
3061 1775 3197 1828 tales
3267 1775 3570 1830 arcebant?

1899 1853 1944 1909 Β
1981 1867 2124 1929 Quot
2156 1864 2469 1934 supplicia?
2509 1863 2566 1918 Si
2623 1881 2753 1918 vero
2795 1869 3099 1936 gehennam
3156 1871 3386 1922 audiens
3443 1869 3571 1922 irrio

1974 1963 2105 2014 deas
2143 1970 2199 2013 et
2250 1961 2338 2014 is:i
2394 1975 2500 2013 nott
2545 1961 2740 2014 credas
2789 1961 2920 2030 igni,
2961 1962 3254 2016 recordare
3323 1964 3569 2018 divinum

1975 2053 2029 2106 iu
2069 2051 2326 2106 Sodomis
2381 2052 2721 2115 incendium,
2760 2055 3016 2123 illamque
3074 2056 3368 2110 terribilem
3433 2075 3570 2110 con-

1977 2146 2367 2212 sutnptionetu.
2425 2145 2482 2198 Si
2519 2162 2648 2214 ergo
2700 2146 2824 2198 talia
2860 2161 3100 2214 aper-aus
3146 2158 3199 2201 et
3246 2160 3300 2200 tu
3352 2165 3571 2218 pinnam

1977 2255 2084 2291 non
2150 2237 2342 2302 solvis,
2388 2255 2454 2292 ne
2516 2240 2749 2292 mireris.
2819 2239 2894 2292 Illi
2956 2243 3102 2294 enim
3155 2244 3571 2312 tauquam,qui

1978 2332 2282 2398 gehennam
2336 2345 2442 2383 non
2503 2342 2831 2396 noscerent,
2864 2335 3128 2386 continuo
3179 2334 3352 2402 punii
3403 2346 3571 2400 sunt;

1981 2432 2034 2475 tu
2097 2439 2250 2490 vero,
2301 2440 2640 2494 quaecunque
2707 2425 3023 2495 deliqueris,
3083 2427 3299 2482 etiamsi
3365 2427 3570 2480 nullam

1981 2531 2196 2585 poenam
2254 2517 2342 2572 hic
2405 2519 2667 2586 dederisl,
2699 2519 2810 2575 illic
2861 2521 3108 2577 severius
3165 2521 3286 2576 lues
3354 2534 3406 2576 et
3469 2539 3573 2591 pu-

1981 2611 2172 2664 nieiis.
2215 2613 2440 2677 Quare?
2489 2612 2626 2678 Quia
2675 2615 2885 2682 majore
2928 2616 3100 2684 gratia
3157 2614 3308 2669 fruiti
3357 2634 3572 2674 sumus.

1985 2704 2124 2757 Cum
2177 2716 2356 2759 autem
2401 2706 2557 2776 plura
2597 2708 2920 2778 maioraque
2969 2725 3134 2778 quam
3179 2711 3253 2765 illi
3303 2713 3576 2781 delinqui-

1986 2819 2128 2865 mus,
2156 2803 2372 2872 qualem
2406 2804 2620 2856 veniam
2646 2805 3038 2872 obtinebituus,
3067 2822 3167 2860 nos
3193 2809 3286 2876 qui
3318 2825 3381 2861 ex
3413 2808 3579 2862 Patri-

1984 2895 2086 2948 bus
2177 2899 2458 2950 salutifera
2540 2899 2852 2965 recepimus
2935 2911 3245 2968 praecepta,
3309 2916 3430 2969 qua:
3503 2903 3578 2953 illi

1984 2989 2145 3058 plane
2182 3004 2290 3042 non
2343 2990 2673 3044 audiverant
2728 3004 2828 3042 nec
2881 2989 3208 3045 didicerant.
3245 2992 3538 3061 Pr0pterca
3565 3033 3577 3053 ,

1985 3084 2098 3136 sive
2135 3097 2360 3150 parvam
2422 3097 2638 3151 pcenam
2690 3081 2779 3134 hic
2813 3083 3148 3148 dederimus,
3181 3085 3293 3137 sive
3349 3087 3579 3147 nullam,

283 3175 380 3226 καὶ
400 3172 624 3226 πλείονα
638 3173 732 3226 καὶ
753 3174 979 3240 μείζονα
998 3174 1545 3244 πταίωμενὲκείνων,
1561 3175 1723 3240 ποίας
1746 3193 1874 3247 συγ-

1987 3177 2159 3244 magis
2195 3177 2505 3246 puniemur.
2549 3175 2740 3229 Nullus
2783 3175 2949 3244 igitur
3000 3177 3172 3230 malos
3201 3179 3393 3232 videns
3451 3195 3579 3248 pro-

285 3265 511 3334 γνὼμης
539 3263 797 3334 τύχωμεν
835 3267 898 3318 ὲκ
928 3266 1213 3337 προγόνων
1235 3267 1304 3320 τὰ
1341 3265 1666 3338 σωτηριώδη
1691 3284 1874 3337 παρα-

284 3355 544 3420 λαϐόντες
591 3356 927 3427 διδάγματα,
967 3359 1116 3428 άπερ
1161 3361 1363 3412 ἐκεῖνοι
1414 3358 1698 3421 παντελῶς
1751 3358 1877 3412 οὕτε

284 3452 529 3520 ἥκουσαν
557 3447 685 3502 οὔτε
712 3449 941 3518 ἔμαθον,
983 3449 1127 3503 ὥστε
1158 3451 1252 3504 διά
1294 3451 1455 3504 τοῦτο
1491 3451 1759 3520 μειζόνως
1793 3469 1880 3504 κο-

285 3545 702 3616 λασθησόμεθα,
735 3550 838 3603 κάν
868 3564 925 3600 τε
979 3547 1184 3616 μικρὰν
1223 3547 1380 3616 δίκην
1432 3547 1668 3600 ἐνταῦθα
1695 3548 1878 3617 δῶμεν

287 3638 388 3690 κᾶν
425 3655 486 3690 τε
539 3639 617 3709 μὴ
645 3640 853 3710 δῶμεν.
897 3638 1111 3691 Οὐκοῦν
1163 3639 1358 3708 μηδείς
1413 3639 1556 3708 ὁρῶν
1604 3641 1880 3708 πονηροὺς

289 3729 709 3800 εύπραγοῦντας
742 3732 1084 3801 θορυὸείσθω
1108 3748 1119 3759 ·
1163 3733 1222 3784 ού
1257 3731 1365 3800 γάρ
1399 3733 1548 3783 ἐστιν
1576 3733 1813 3786 ἐνταῦθα
1842 3734 1875 3802 ἠ

292 3823 655 3887 ἀνταπόδοσις
691 3824 818 3878 οὔτε
874 3826 972 3896 τῆς
1027 3825 1231 3896 ἀρετῆς
1265 3823 1391 3876 οὔτε
1429 3823 1530 3893 τῆς
1569 3827 1837 3896 πονηρίας
1863 3845 1879 3858 ο

297 3915 347 3967 εί
375 3914 428 3968 δὲ
457 3915 552 3970 σοῦ
587 3919 682 3970 καὶ
724 3919 937 3984 γίνεται
973 3915 1072 3984 τῆς
1105 3917 1306 3987 ἀρετῆς
1337 3917 1556 3984 καὶτῆς
1590 3917 1878 3988 πονηρίας,

292 4008 408 4060 ἀλλ’
437 4009 562 4080 οὐχὶ
607 4012 727 4062 κατ’
757 4010 917 4073 ἀξίαν
951 4010 1067 4062 ἀλλ’
1097 4009 1288 4073 ἁπλῶς
1333 4009 1536 4062 ὡσανεὶ
1567 4008 1752 4076 γεῦμα
1783 4011 1881 4078 τῆς

289 4101 552 4170 κρίσεως,
776 4103 864 4156 ἵνα
895 4103 943 4155 οἱ
990 4105 1054 4172 τῇ
1097 4102 1395 4155 ἀναστάσει
1443 4101 1878 4170 διαπιστοῦντες,

289 4193 401 4255 τοῖς
451 4192 587 4260 γοῦν
641 4194 879 4250 ἐνταῦθα
939 4194 1423 4263 σωφρονίζωνται·
1465 4195 1596 4248 ὅταν
1647 4195 1739 4248 οὖν
1790 4199 1882 4249 323'-

291 4287 534 4356 πραγῇὁ
576 4288 837 4357 πονηρὸς,
889 4290 982 4340 ἐπὶ
1033 4288 1190 4354 κακῷ
1237 4292 1337 4358 τῆς
1367 4288 1564 4341 ἑαυτοῦ
1601 4290 1880 4360 κεφαλῆς·

291 4377 478 4448 (288δ)
513 4379 600 4430 ἵνα
653 4382 762 4449 γάρ
810 4373 888 4432 ὧν
941 4380 1181 4449 ἔπραξεν
1236 4379 1388 4452 ἴσως]
1445 4382 1624 4452 (ιιια)
1665 4384 1886 4451 ἀγαθῶν

292 4472 392 4540 τὴν
429 4473 710 4526 ἀντίδοσιν
738 4474 782 4504 ³⁸
835 4473 1074 4528 ἐνταῦθα
1127 4473 1307 4526 λαϐὼν
1345 4477 1478 4538 ἴσως
1524 4480 1642 4529 ἐκεῖ
1695 4476 1881 4530 πλεῖον

1988 3284 2147 3338 Spere
2199 3279 2424 3339 agentes
2499 3270 2860 3323 conturbetur
2911 3287 2924 3321 :
2987 3286 3092 3324 non
3160 3272 3304 3325 enim
3358 3283 3437 3326 est
3493 3273 3580 3325 hic

1989 3363 2363 3414 remuneratio
2398 3375 2496 3414 nec
2546 3359 2764 3414 virtutis
2797 3376 2894 3413 nec
2923 3362 3212 3430 nequitiw;
3248 3365 3392 3432 quod
3446 3364 3488 3415 si
3523 3374 3580 3416 tu

1989 3454 2212 3508 virtutis
2248 3464 2305 3506 et
2356 3453 2610 3522 nequitiae
2674 3454 2985 3508 mercedem
3026 3456 3270 3518 obtines,
3337 3471 3445 3510 noa
3499 3468 3583 3510 est

1983 3545 2139 3614 juxta
2177 3547 2529 3616 dignitatem;
2568 3549 2662 3599 sed
2720 3557 2982 3616 tanquam
3033 3547 3340 3619 degustatio
3365 3551 3579 3618 judicii,

1991 3646 2050 3689 ut
2079 3636 2172 3704 qui
2203 3637 2662 3691 resurrectionem
2699 3652 2806 3690 non
2841 3637 3094 3700 credunt,
3130 3639 3198 3691 ab
3226 3639 3294 3693 iis
3325 3657 3446 3709 qua:
3496 3643 3584 3694 hic

1990 3731 2146 3792 liunt,
2181 3729 2476 3797 prudentes
2503 3729 2826 3782 eiliriantur.
2893 3729 3030 3784 Cttm
3088 3731 3254 3800 igitur
3290 3749 3583 3801 prospera-

1992 3831 2080 3874 tur
2110 3821 2415 3890 improbus,
2449 3822 2515 3874 ad
2541 3821 2839 3890 perniciem
2872 3831 2956 3875 est
2991 3825 3185 3890 rapitis
3211 3824 3382 3892 ipsius
3413 3842 3425 3877 :
3455 3830 3582 3894 qu'a

1991 3917 2138 3968 enim
2191 3930 2382 3968 eorum
2419 3929 2541 3984 quae
2581 3915 2669 3970 hic
2706 3916 2844 3970 bene
2878 3919 3044 3986 gessit
3081 3920 3581 3975 remunerationem

1993 4009 2226 4078 accepit,
2269 4009 2378 4062 illic
2427 4009 2598 4078 magis
2646 4011 2924 4078 punietur.
2953 4012 3088 4064 Cum
3147 4023 3331 4067 autem
3381 4017 3586 4083 patitur

1993 4102 2195 4163 bonus,
2248 4117 2374 4156 vere
2408 4102 2602 4156 beatus
2635 4112 2746 4167 est;
2807 4120 2956 4170 nam,
3007 4105 3272 4172 depositis
3324 4111 3583 4166 omnibus

1993 4196 2234 4264 peccatis
2287 4196 2497 4263 magnis
2546 4205 2599 4248 et
2637 4197 2841 4265 parvis,
2905 4198 3170 4266 probatus
3216 4215 3269 4254 et
3318 4217 3488 4270 purus
3532 4216 3586 4259 et

1994 4290 2498 4358 irreprehcnsibilis
2549 4291 2744 4344 abibit.
2789 4290 2900 4346 Illic
2952 4293 3096 4346 enim
3147 4305 3276 4350 sunt
3331 4298 3584 4365 perfectae

1995 4380 2266 4434 bonorum
2343 4396 2600 4443 coruum;
2662 4381 2772 4436 illic
2833 4383 2997 4436 etiam
3045 4401 3200 4438 acres
3227 4385 3300 4455 {et
3365 4387 3587 4443 inﬁnita-

1997 4473 2272 4526 malorum
2313 4488 2511 4543 parum.
2546 4473 2699 4527 Sicut
2729 4473 2874 4527 enim
2900 4476 2990 4544 qui
3028 4478 3211 4530 tabum
3251 4478 3432 4544 habet,
3482 4483 3584 4534 etsi

293 4563 707 4635 κολασθήσηται
739 4567 782 4598 ³³
807 4568 938 4620 ὅταν
961 4568 1021 4619 δὲ
1061 4569 1248 4639 πάσχῃ
1297 4571 1326 4620 ὁ
1355 4571 1578 4636 ἀγαθὸς,
1615 4571 1874 4641 μακάριος

1999 4580 2106 4618 non
2155 4578 2493 4634 amputetur,
2530 4578 2758 4637 :rgrotat
2791 4578 2844 4621 et
2896 4577 3024 4622 tunc
3074 4573 3248 4640 magis
3281 4575 3585 4641 cruciatur,

290 4655 458 4720 ὅντως
513 4659 689 4722 ἐστὶν,
742 4661 829 4712 ἶνα
871 4661 980 4731 γάρ
1033 4661 1374 4730 ἀποθέμενος
1441 4664 1620 4716 πάντα
1683 4664 1777 4716 καὶ
1815 4663 1882 4714 τὰ

296 4751 473 4820 μικρὰ
511 4753 920 4824 ἁμαρτήματα,
945 4753 1240 4824 εὐδόκιμος
1267 4758 1364 4807 καὶ
1401 4754 1648 4826 καθαρὸς
1679 4755 1816 4826 ἀπίῃ
1841 4757 1885 4786 ⁸⁸

292 4845 387 4896 καὶ
415 4844 736 4909 ἀνεύθυνος.
813 4847 962 4900 Ἐκεῖ
993 4847 1101 4916 γάρ
1150 4849 1292 4900 είσιν
1326 4849 1376 4900 οἱ
1401 4848 1598 4901 τέλειοι
1627 4849 1886 4918 στέφανοι

289 4935 402 4986 τῶν
435 4937 684 5004 ἀγαθῶν,
717 4942 813 4992 καὶ
837 4941 953 4991 ἐκεῖ
973 4939 1032 4992 αἱ
1063 4939 1424 5011 σφοδρότεραι
1458 4941 1554 4993 καὶ
1587 4939 1888 5010 ἀπέραντοι

291 5027 550 5092 κολάσεις
608 5030 720 5083 τῶν
773 5030 1072 5100 πυιιηρῶν·
1123 5030 1316 5101 ὥσπερ
1371 5033 1464 5084 καὶ
1521 5032 1550 5084 ὁ
1612 5033 1885 5104 σηπεδόνα

294 5120 459 5190 ἔχων,
501 5123 602 5174 κᾶν
635 5124 734 5198 ¹μὴ
765 5123 1062 5194 τέμνηται,
1093 5126 1377 5196 ἀρρωστεῖ
1407 5124 1502 5177 καὶ
1530 5125 1653 5176 τότε
1686 5125 1891 5194 μᾶλλον

293 5216 351 5266 ὲν
385 5219 605 5280 κακοῖς,
633 5218 766 5292 ὃταν
797 5217 875 5287 μὴ
910 5218 1213 5287 τέμνηταιο
1245 5216 1421 5281 οὕτως
1451 5219 1548 5271 καὶ
1576 5220 1604 5271 ό
1639 5219 1895 5290 ἁμαρτά-

297 5326 429 5375 νων,
457 5311 559 5362 κᾶν
603 5311 680 5381 μὴ
713 5313 1038 5382 κολάζηται,
1081 5313 1304 5365 πάντων
1350 5313 1499 5365 ἐστὶν
1533 5312 1889 5382 ἀθλιώτερος.

299 5400 409 5453 Καὶ
461 5403 720 5474 καθάπερ
763 5405 816 5456 οί
868 5405 1089 5474 σπλῆνα
1135 5406 1232 5457 καὶ
1271 5403 1462 5476 ὑδερὸν
1493 5404 1734 5474 ἔχοντες,
1761 5406 1894 5457 ὅταν

308 5494 673 5550 ἀπολαύσωσι
704 5497 990 5569 τραπέζης
1021 5498 1250 5568 δαψιλῆς
1273 5499 1367 5550 καὶ
1392 5497 1768 5568 ψυχροποσίας
1799 5498 1896 5550 καὶ

1989 4674 2115 4712 cum
2191 4676 2297 4712 non
2364 4670 2684 4730 amputatur
2735 4677 2750 4714 :
2799 4659 2880 4716 sic
2959 4673 3250 4731 peccator,
3305 4667 3405 4719 Chi
3477 4685 3586 4720 non

1991 4754 2277 4824 puniatur,
2331 4756 2591 4807 munibus
2641 4754 2897 4808 miserior
2944 4765 3045 4810 cst.
3105 4757 3584 4820 Quemadmodum

1997 4858 2164 4912 porro
2201 4844 2275 4896 illi
2329 4843 2421 4912 qui
2480 4843 2668 4912 Splene
2720 4854 2770 4896 ct
2832 4843 3075 4914 llytirope
3133 4847 3405 4910 labOraul,
3459 4861 3584 4898 eum

1995 4951 2185 4989 mensa
2211 4934 2522 5004 splendida,
2551 4932 2861 5002 lrigidoquc
2887 4943 3039 5000 potu,
3067 4942 3120 4985 et
3147 4933 3310 4985 lautis
3331 4932 3586 5000 dapibus,

1996 5036 2049 5081 ct
2074 5027 2270 5096 opimis
2305 5026 2602 5080 esculentis
2627 5025 2904 5086 fruuntur,
2955 5036 3065 5078 tum
3112 5025 3414 5088 prarsertim
3445 5040 3584 5077 cun-

1994 5121 2096 5176 ctis
2159 5120 2588 5173 miserabiliores
2648 5127 2817 5180 sunt,
2869 5117 3000 5188 quia
3058 5116 3270 5171 deliciis
3331 5118 3584 5172 morbum

1993 5213 2288 5282 adaugent,
2338 5210 2468 5264 dum
2511 5227 2540 5265 c
2570 5218 2762 5265 contra
2803 5209 2852 5266 si
2898 5209 3054 5277 juxta
3109 5209 3396 5264 medicinae
3441 5210 3588 5280 leges

1994 5307 2137 5361 fame
2167 5305 2368 5375 sitique
2407 5315 2779 5370 coarctantur,
2831 5305 3128 5373 quamdam
3177 5320 3328 5375 Spem
3381 5307 3575 5361 saluus

1997 5402 2199 5454 habent
2235 5415 2248 5451 :
2284 5399 2364 5452 sic
2399 5397 2494 5467 qui
2548 5398 2601 5451 in
2655 5399 2862 5452 malitia
2900 5399 3113 5465 vivunt,
3162 5401 3206 5453 si
3259 5402 3582 5469 puniuntur,

1994 5509 2148 5564 spem
2174 5491 2438 5562 Optimam
2469 5491 2706 5558 habent;
2737 5493 2784 5546 si
2808 5508 2939 5547 vero
2957 5508 3081 5547 cum
3113 5493 3343 5556 malitia,
3377 5490 3586 5545 deliciis

1499 5641 1702 5703 Varia:
1728 5641 2038 5703 lectiones
2078 5658 2136 5701 et
2166 5645 2334 5700 notae

370 5797 410 5828 ³⁷
447 5796 604 5851 lium.
662 5812 712 5858 ι,
747 5795 836 5847 ‘26.
897 5795 939 5826 ³⁸
972 5793 1319 5864 ἀντιμισθίαν
1345 5794 1466 5848 cod.
1526 5793 1874 5848 ἀνταπόδοσιι

1981 5812 2007 5844 ι.
2040 5823 2103 5832 ——
2130 5811 2218 5861 γρ.
2258 5791 2527 5845 ἀντίδοσιν
2561 5791 2680 5845 cod.
2751 5791 2802 5844 in
2841 5792 3085 5859 margine
3147 5788 3427 5854 hucusque
3459 5786 3584 5842 cod.

301 5869 465 5924 Coisl.
545 5867 589 5897 ³⁰
621 5866 913 5936 llueusque
935 5868 1304 5938 apograplunn
1341 5865 1543 5919 codicis
1574 5865 1894 5919 Coisliniatti
1924 5864 2050 5918 503.
2133 5867 2175 5895 "°
2204 5865 2353 5917 ἀπίει
2391 5865 2514 5916 t'ud.
