4064 6450
467 405 573 468 803

1676 397 2000 457 GEORGII
2041 397 2497 458 HAMARTOLI

3646 392 3754 456 8οι

464 525 522 572 et
564 512 917 584 impudentia!
947 525 1069 568 sese
1094 509 1326 572 dedunt,
1375 509 1443 563 iis
1495 523 1733 578 quorum
1771 506 2053 578 bydrOpisi

2174 507 2484 560 πολυτελῶν
2513 508 2834 578 ἐδεσμάτων
2865 507 2960 560 καὶ
2989 505 3451 577 καρυκευμάτων,
3477 503 3542 558 τὺ
3566 503 3759 558 λοιπον

468 616 648 664 tumet
680 615 891 671 venter,
921 604 1085 673 longe
1111 602 1539 656 miserabiliores
1573 609 1755 666 erunt,
1783 609 1836 652 et
1856 613 1923 653 eo
1945 613 2063 652 ma-

473 700 577 771 gis,
615 714 730 768 quo
759 698 943 751 anima
975 711 1206 765 corpore
1243 701 1483 764 prmstat.
1527 693 1702 748 Porro
1742 693 1788 747 si
1823 692 1923 756 illi,
1967 691 2062 760 qui

473 807 572 845 nec
621 792 792 856 legem
828 788 897 843 ab
926 788 1117 858 iniquo
1149 801 1318 855 Opere
1349 785 1730 856 prohibentem
1768 785 1937 854 ipsos,
1964 784 2064 838 lia-

467 883 690 946 bebant,
726 897 832 937 nec
876 881 1173 950 preplietas
1223 879 1650 949 cognoscebam,
1688 877 1891 931 nullam
1917 876 2062 930 obti-

469 985 710 1029 nuerunt
767 975 1000 1040 reniam,
1030 987 1131 1028 nos
1163 971 1256 1040 qui
1307 972 1478 1040 legem
1518 981 1573 1024 et
1624 971 1957 1040 prophetas,
2007 975 2063 1023 et

465 1067 839 1137 ct'angelistas
921 1075 976 1119 et
1027 1064 1287 1118 doctores
1337 1063 1728 1132 cognoscimus
1781 1069 1835 1113 ct
1872 1059 2060 1130 pejora

467 1158 743 1223 facimus,
810 1165 1018 1226 quanto
1080 1156 1259 1226 magis
1316 1169 1478 1224 pteua
1545 1154 1695 1222 digni
1754 1168 1948 1207 sumus
2007 1159 2064 1206 et

471 1251 740 1306 severiori
773 1248 1029 1304 vindicta:
1059 1247 1318 1302 obnoxii?
1365 1246 1547 1312 Quare
1571 1262 1702 1300 vero
1738 1248 1898 1300 nobis
1928 1245 2057 1300 talia

470 1341 802 1396 facientibus
834 1354 942 1393 non
977 1339 1212 1408 imponit
1262 1339 1405 1391 Deus
1441 1337 1678 1392 similem
1723 1339 2064 1392 extermina-

469 1432 723 1488 tionem?
763 1431 1037 1496 Quoniam
1066 1430 1175 1484 alia
1209 1445 1371 1500 poena
1401 1430 1620 1498 gravior
1645 1439 1700 1483 et
1732 1430 2061 1485 intermina-

469 1525 634 1590 bilis,
699 1525 964 1579 nimirum
1026 1523 1493 1590 inexstinguibilis
1537 1522 1712 1591 ignis,
1780 1525 1961 1578 acrior
2009 1533 2064 1579 ct

470 1617 770 1672 terribilior
797 1631 898 1671 nos
931 1624 1138 1670 manet.
1175 1631 1192 1664 ι
1222 1611 1436 1668 Vermis
1458 1613 1605 1668 enim
1639 1628 1850 1680 eorum,
1885 1615 2063 1686 inquit

471 1707 774 1778 Scriptura,
808 1724 916 1762 non
942 1707 1226 1768 morietur,
1246 1715 1300 1760 ct
1321 1705 1465 1776 ignis
1486 1720 1594 1760 non
1619 1708 2054 1777 exstinguctur.»

467 1801 769 1871 Propterea
799 1815 1023 1871 quoque
1046 1810 1203 1854 vetus
1227 1806 1281 1853 et
1303 1799 1489 1852 divina
1519 1798 1604 1852 lex
1630 1798 2056 1856 abominandam

2173 600 2416 671 μάλιστά
2464 601 2572 653 είσι
2630 601 2852 654 πάντων
2909 601 3298 670 ἐλεεινότεροι,
3344 600 3414 671 τῇ
3461 599 3647 670 τρυφῇ
3695 597 3760 651 τδ

2168 693 2388 764 νόσημα
2443 692 2887 763 προσαύξοντες·
2934 691 3002 745 ἂν
3035 691 3096 744 δὲ
3149 691 3435 762 ἄγχωνται
3468 688 3616 762 λιμῷ
3659 689 3760 744 καὶ

2165 784 2312 855 δίψει
2344 785 2488 840 κατὰ
2518 787 2647 848 τοὺς
2684 784 2967 855 ἱατρικοὺς
3013 783 3237 853 νόμους,
3267 781 3462 836 ἐλπίδα
3490 783 3620 837 τινὰ
3652 800 3760 837 σω-

2166 878 2366 948 τηρίας
2397 878 2617 948 ἔχουσιν
2638 894 2653 909 ο
2686 878 2832 930 οὓτω
2860 878 2956 930 καὶ
2987 878 3038 930 oi
3069 876 3275 941 ζῶντες
3311 874 3672 948 ὲν-πονηρίᾳ,
3706 875 3758 928 εί

2171 972 2271 1043 μὲν
2303 971 2652 1035 κολάζονται,
2679 969 2928 1040 χρηστὰς
2971 968 3155 1040 ἔχουσι
3184 970 3284 1033 τὰς
3318 967 3543 1032 ἐλπίδας
3566 983 3581 996 ·
3621 971 3669 1020 εἰ
3699 966 3758 1021 δι

2171 1063 2311 1134 μετὰ
2333 1065 2434 1134 τῆς
2457 1062 2732 1133 πονηρίας
2755 1061 3095 1116 ἀπολαύουσι
3117 1063 3330 1132 τροφῆς
3357 1059 3399 1091 “
3428 1059 3526 1114 καὶ
3549 1057 3759 1124 ἀδείας,

2165 1159 2276 1214 τῶν
2307 1160 2366 1212 ὲν
2416 1159 2594 1230 ὑδέρῳ
2630 1158 3090 1229 γαστριζομένων
3143 1158 3503 1226 ἐλεεινότεροι
3553 1155 3761 1226 σφόδρα

2169 1253 2238 1307 ἂν
2289 1249 2424 1321 εἶεν,
2477 1254 2572 1306 καὶ
2605 1252 2850 1320 τοσούτῳ
2883 1252 3094 1317 πλεῖον,
3131 1251 3257 1305 ὅσον
3307 1250 3456 1322 ψυχὴ
3503 1249 3761 1318 σώματος

2170 1344 2420 1414 βελτίων.
2456 1342 2520 1398 Εἰ
2554 1344 2740 1398 τοίνυν
2787 1344 2990 1396 ἐκεῖνοι
3039 1342 3182 1414 μήτε
3213 1341 3378 1412 νόμον
3415 1341 3636 1411 ἔχοντες
3663 1338 3759 1393 τὸν

2168 1436 2457 1490 κωλύοντα
2496 1435 2699 1498 αὐτοὺς
2727 1436 2824 1506 τῆς
2853 1434 3122 1505 ἀθεμίτου
3157 1433 3422 1510 πράξεως
3450 1432 3590 1503 μήτε
3615 1447 3759 1502 προ-

2169 1530 2351 1599 φήτας
2389 1528 2620 1593 ειδότες,
2669 1527 2930 1596 οὐδεμιᾶς
2985 1526 3180 1596 ἔτυχον
3221 1522 3589 1595 συγγνώμης,
3622 1521 3760 1576 ἀλλὰ

2168 1622 2345 1694 πυρὸς
2392 1623 2489 1676 καὶ
2537 1621 2687 1674 θείου
2741 1619 3204 1689 παραναλὼματα
3249 1618 3564 1688 γεγόνασιν,
3604 1615 3762 1685 πόσῳ

2171 1716 2374 1785 μᾶλλον
2408 1716 2571 1786 ἡμεῖς
2607 1714 2751 1781 ἄξιοί
2784 1715 2955 1784 ἐσμεν
2988 1713 3265 1783 τιμωρίας
3294 1712 3390 1765 καὶ
3434 1708 3756 1781 χαλεπωτέ-

2172 1823 2272 1877 ρας
2303 1805 2600 1860 ὑπεύθυνοι
2645 1805 2971 1874 καταδίκης,
3001 1805 3052 1858 oi.
3091 1805 3278 1874 νόμον,
3308 1803 3404 1856 καὶ
3441 1801 3756 1872 προφήτας,

470 1891 612 1947 hanc
666 1889 1124 1959 mortiferamque
1185 1887 1470 1943 infamiam
1543 1889 1853 1958 reprimens
1924 1892 2053 1947 ait:

2174 1901 2264 1954 καὶ
2296 1898 2719 1968 εὐαγγελιστάς,
2750 1900 2848 1952 καὶ
2876 1897 3235 1959 διδασκάλους
3260 1893 3756 1963 ἀναγινώσκοντες,

474 1984 624 2038 «Non
673 1983 919 2038 dormies
972 1996 1097 2036 cum
1147 1980 1397 2035 masculo
1440 1982 1738 2036 concubitu
1793 1981 2052 2048 femineo,

2174 1994 2263 2046 καὶ
2293 1994 2517 2063 χείρονα
2543 1991 2828 2055 ποιοῦντες
2848 2008 2863 2057 ;
2881 1991 3042 2053 Τίνος
3071 1989 3128 2042 δὲ
3145 1990 3311 2041 ἕνεκα
3333 1985 3561 2042 τοιαῦτα
3585 1984 3759 2058 δρών-

469 2077 598 2146 quia
655 2075 999 2130 abominatio
1052 2085 1190 2128 cst.»
1250 2070 1318 2126 Et
1365 2089 1379 2126 :
1437 2071 1528 2126 «Si
1584 2072 1710 2142 quis
1759 2077 2059 2132 concubitu

2174 2104 2270 2140 των
2312 2085 2495 2156 ἡμῶν,
2525 2086 2628 2138 οὐκ
2675 2085 2876 2153 ἐπάγει
2926 2083 3023 2136 καὶ
3053 2085 3188 2153 ἡμῖν
3228 2083 3256 2135 ὁ
3307 2081 3443 2144 Θεὸς
3492 2079 3760 2149 τοιαύτην

475 2167 716 2222 femineo
747 2167 1034 2222 dormicrit
1063 2181 1185 2220 cum
1216 2165 1485 2229 masculo,
1525 2177 1699 2220 morte
1735 2169 1898 2222 ambo
1940 2185 2061 2224 mo-

2174 2178 2563 2250 τανωλεθρίαν,
2595 2177 2787 2248 ἐπειδὴ
2817 2177 2953 2247 άλλη
2983 2177 3205 2239 κόλασις
3237 2173 3632 2246 ἀργαλεωτέρα
3660 2171 3759 2225 καὶ

475 2260 709 2314 riantur.
765 2259 916 2315 Talis
964 2259 1112 2314 enim
1151 2257 1540 2313 abominabilis
1565 2268 1649 2313 est
1711 2275 1724 2312 :
1788 2261 2061 2331 lapidibus

2174 2269 2654 2341 ὶτελεύτητοςμαὶ.
2673 2269 2864 2338 ἕτερον
2893 2268 3005 2341 πῦρ
3025 2267 3294 2322 ἄσϐεστον
3313 2269 3460 2338 ἡμᾶς
3476 2263 3760 2334 ἐκδέχεται

473 2353 689 2408 obruite
719 2368 870 2409 eos.»
2160 2366 2468 2434 δεινᾶτερον
2499 2363 2594 2416 καὶ
2617 2362 3015 2433 σφοδρότερον;
3043 2361 3090 2394 δ’
3125 2379 3144 2412 t
3177 2359 3240 2413 Ὀ
3265 2356 3483 2428 σκώληξ
3505 2355 3760 2427 γὰρνφη-

479 2449 586 2515 σὶνν
637 2449 821 2503 αὐτῶν
857 2447 920 2500 οὐ
956 2445 1279 2516 τελευτήσει
1323 2443 1419 2499 καὶ
1462 2442 1526 2498 τδ
1571 2443 1687 2516 πῦρ
1743 2449 1804 2500 οὗ
1859 2452 2248 2532 σϐεσθήσεται.
2280 2479 2299 2512 ι
2337 2460 2437 2512 Διὰ
2467 2459 2531 2528 δὴ
2560 2457 2720 2510 τοῦτο
2749 2459 2842 2510 καὶ
2883 2457 2912 2509 ὁ
2955 2455 3190 2518 παλαιὺς
3250 2455 3349 2507 καὶ
3407 2452 3553 2512 θεῖος
3591 2448 3758 2518 νόμος

471 2542 818 2600 ἀναστέλλων
880 2541 980 2611 τὴν
1033 2538 1322 2606 ἐξάγιστον
1369 2539 1770 2608 αἰσχρουργίαν
1811 2546 2022 2622 ταύτην
2091 2557 2189 2610 καὶ
2251 2553 2505 2623 ὀλεθρίαν
2563 2551 2805 2619 ἔφασκεν
2873 2551 2920 2583 ⁸³
2962 2566 2976 2580 ·
3025 2569 3046 2601 ι
3099 2551 3173 2602 Οὐ
3201 2547 3544 2618 Ικοιμηθήσῃ
3615 2540 3756 2613 μετὰ

471 2634 634 2708 5w
686 2631 921 2703 ἄρρενος
989 2628 1179 2698 κοίτην
1224 2627 1581 2696 γυναικείαν·
1650 2629 1934 2704 βδέλυγμα
1996 2642 2106 2711 γάρ
2170 2647 2341 2698 ἐστιν.
2380 2661 2400 2693 ι
2437 2640 2484 2672 ’⁸⁵
2521 2660 2538 2692 ι
2589 2643 2698 2693 Καὶ
2725 2640 2786 2702 ὃς
2838 2639 2952 2711 [ἂν]
3013 2639 3254 2709 κοιμηθῇ
3317 2639 3458 2708 μετὰ
3523 2637 3757 2706 ἄρρενος

471 2728 663 2797 κοίτην
723 2720 1008 2794 γυναικὸς,
1051 2719 1270 2790 θανάτῳ
1320 2720 1778 2778 θανατούσθωσαν
1855 2730 2200 2807 ἀμφότεροι·
2234 2732 2648 2802 ὲπικατάρατος
2672 2733 2782 2800 γὰρ
2807 2733 2836 2783 ὁ
2861 2731 3103 2795 τοιοῦτος
3125 2746 3140 2760 ·
3163 2731 3336 2794 λίθοις
3362 2729 3755 2798 λιθοϐολῆσατε

479 2834 708 2880 αυτους.

542 2910 696 2965 Hanc
731 2910 899 2980 igitur
939 2909 1138 2965 [tedam
1180 2919 1234 2966 et
1282 2911 1554 2981 impuram
1619 2912 1950 2969 sententiam
2006 2924 2066 2970 et

2245 2914 2321 2986 (8)
2355 2913 2578 2983 Ταύτην
2607 2928 2791 2965 τοινυν
2830 2911 2929 2982 τὴν
2965 2911 3266 2965 ἀκόλαστον
3315 2908 3413 2964 καὶ
3442 2909 3756 2982 ἀκάθαρτον

474 3004 713 3074 iniquam
747 3004 1019 3058 actionem
1052 3018 1242 3058 eorum
1281 3003 1375 3072 qui
1403 3005 1715 3061 voluntarie
1748 3005 2067 3074 praebebant

2174 3008 2396 3078 γνώμην
2451 3007 2548 3058 καὶ
2595 3003 2918 3075 παράνομον
2971 3004 3172 3074 πρᾶξιν
3224 3002 3336 3055 τῶν
3405 3002 3757 3074 αὐθαιρέτως

481 3094 826 3148 occasionem
854 3092 984 3146 illud
1019 3093 1172 3147 valde
1213 3093 1557 3163 impudenter
1587 3094 1728 3158 ﬁeri,
1756 3096 1955 3149 acriter
1986 3111 2067 3151 νος

2174 3101 2500 3171 πασχόντων,
2531 3097 2892 3168 θριαμϐεύειν
2933 3096 2993 3150 εὖ
3044 3096 3194 3168 μάλα
3225 3098 3317 3150 καὶ
3351 3095 3694 3166 στηλιτεύων
3725 3098 3755 3150 ὸ

472 3187 709 3257 probans
754 3200 988 3256 magnus
1021 3184 1260 3258 Cyrillus
1289 3186 1366 3242 sic
1389 3188 1467 3241 ait
1499 3203 1514 3240 :
1557 3205 1576 3238 ι
1611 3185 1879 3242 Libidinis
1904 3203 2070 3243 causa

474 3278 813 3334 miserabiles
897 3279 1000 3334 hoc
1085 3287 1293 3350 agunt,
1361 3278 1649 3334 muliebria
1730 3279 1886 3348 pati,
1942 3295 2068 3335 cum

474 3369 586 3423 sint
633 3369 760 3435 viri,
796 3369 1203 3425 consentientes
1250 3387 1264 3423 :
1325 3369 1534 3424 nullius
1579 3368 1728 3422 enim
1787 3370 2066 3424 commodi

488 3463 684 3530 gratia,
736 3471 988 3516 naturam
1033 3468 1468 3525 comnrutantes,
1516 3468 1742 3529 propter
1795 3460 2069 3516 luxuriam

491 3556 725 3611 fortnam
763 3570 794 3608 a
847 3554 957 3610 Deo
989 3562 1230 3608 creatam
1260 3561 1315 3607 et
1341 3552 1462 3607 viro
1511 3554 1930 3607 convenientem
1973 3567 2069 3606 νου

481 3648 719 3702 luutarie
771 3662 916 3717 saepe
971 3652 1331 3716 corrumpunt
1383 3652 1480 3699 aut
1510 3643 1588 3698 ab
1614 3641 1736 3699 aliis
1783 3642 1838 3698 id
1889 3642 2074 3700 subire

475 3751 790 3811 coguntur;
827 3749 1090 3808 tanquam
1119 3747 1330 3792 natur-.e
1358 3737 1502 3800 lues,
1530 3744 1586 3791 et
1616 3736 1832 3806 generis
1863 3736 2071 3791 inimici

477 3835 865 3904 societatisque
921 3833 1158 3887 maculae
1211 3846 1276 3884 ac
1331 3832 1457 3884 vitae
1489 3833 1704 3898 piacula
1742 3830 1898 3884 liuut.
1940 3829 2071 3883 Mte-

479 3925 680 3978 uadnm
713 3939 865 3977 more
898 3923 1322 3992 prostitutarum
1355 3920 1632 3990 prostituti
1662 3920 1716 3973 in
1746 3918 2067 3975 foedissimis

476 4013 834 4082 passionibus
872 4012 1076 4066 choros
1105 4020 1298 4078 agunt,
1333 4009 1491 4065 raeda:
1522 4018 1907 4080 corruptaeque
1934 4024 2070 4064 con-

481 4109 776 4164 versationi
812 4105 1066 4160 miseram
1102 4106 1268 4159 vitam
1304 4103 1749 4170 commiscentes;
1777 4103 2070 4172 ambiguos

473 4198 939 4266 detestabilesque
976 4197 1159 4252 vultus
1193 4212 1258 4251 ac
1295 4196 1513 4267 signum
1543 4196 1792 4266 spurium
1831 4197 2075 4250 circum-

475 4304 735 4364 gestant:
778 4291 968 4362 procul
1011 4305 1043 4344 a
1076 4290 1253 4344 sacris
1293 4292 1503 4344 aedibus
1552 4289 1914 4360 repellantur,
1943 4295 1999 4342 et
2043 4303 2072 4342 a
2114 4325 2116 4327 ›

476 4385 687 4440 sanctis
754 4385 992 4439 ccetibus
1047 4383 1198 4437 velut
1255 4381 1482 4434 infamia
1533 4395 1596 4434 ac
1667 4380 1904 4436 nefanda
1955 4382 2073 4450 pia-

2177 3191 2352 3260 μέγας
2385 3186 2656 3257 Κύριλλος
2695 3186 2870 3248 οὕτως
2900 3186 3105 3254 φάσκει
3129 3200 3144 3216 ο
3186 3201 3207 3236 ι
3267 3183 3596 3246 Ἀκολασίας
3643 3185 3754 3255 γὰρ

2174 3282 2366 3336 ἕνεκεν
2399 3281 2451 3334 ot
2493 3279 2724 3340 τάλανες
2759 3277 2919 3330 τοῦτο
2967 3277 3161 3346 δρῶσι,
3207 3274 3280 3328 τὰ
3327 3275 3438 3328 τῶν
3473 3274 3756 3344 γυναικῶν

2173 3372 2454 3441 πάσχειν,
2503 3369 2697 3440 ἄνδρες
2747 3369 2902 3430 ὄντες
2973 3365 3329 3437 βουλόμενοι·
3384 3367 3598 3430 οὐδενὸς
3643 3367 3755 3434 γὰρ

2173 3465 2455 3534 χρησίμου
2509 3463 2672 3533 χάριν
2716 3461 2814 3532 τὴν
2856 3461 3022 3530 φύσιν
3065 3460 3450 3532 μετατιθέντες
3483 3459 3552 3526 ⁸⁸,
3592 3458 3756 3512 ἀσελ-

2173 3557 2329 3624 γείας
2375 3556 2541 3608 ἕνεκα
2573 3557 2675 3625 τὴν
2733 3553 3068 3607 θεόπλαστον
3119 3553 3474 3624 ἀνδροπρεπῆ
3537 3553 3757 3622 μορφήν

2171 3650 2583 3723 διαφθείρουσιν
2612 3649 2879 3712 ἑκουσίως
2903 3647 3168 3711 πολλάκις
3199 3647 3232 3717 ἢ
3271 3646 3379 3700 ὑπὸ
3405 3645 3590 3699 ἄλλων
3625 3645 3756 3697 ὑπο·

2177 3749 2364 3817 μένειν
2397 3739 2804 3814 ἀναγκάζονται
2856 3742 3038 3808 τοῦτο,
3069 3741 3146 3802 ὡς
3185 3739 3366 3810 λοιμοὶ
3395 3741 3495 3808 τῆς
3536 3737 3758 3808 φύσεως
3834 3763 3837 3765 >

2175 3838 2273 3892 καὶ
2323 3837 2418 3889 τοῦ
2465 3836 2661 3905 γένους
2692 3835 2950 3904 πολέμιοι
2981 3835 3076 3887 καὶ
3127 3831 3309 3886 σπίλοι
3350 3828 3628 3891 πολιτείας
3663 3826 3759 3880 καὶ

2177 3928 2326 3997 ζωῆς
2344 3927 2668 4001 ἐφύϐριστοι
2697 3927 2976 3995 γίνονται·
3000 3924 3160 3996 δίκην
3185 3922 3479 3978 Μαινάδων
3500 3936 3761 3992 πορνευοο

2178 4019 2364 4088 μένων
2418 4016 2816 4088 πορνευθέντες
2863 4016 3123 4086 ἀμέτρως
3183 4015 3243 4066 ὲν
3292 4013 3408 4076 τοῖς
3459 4010 3760 4081 αἰσχίστοις

2184 4107 2484 4178 ὀρχοῦνται
2513 4106 2738 4174 πάθεσι,
2779 4106 2954 4177 μιαρᾷ
2984 4103 3232 4174 πολιτείᾳ
3263 4102 3364 4170 καὶ
3394 4100 3760 4173 πεφθαρμένῃ

2175 4203 2276 4274 τὴν
2309 4201 2505 4256 ἀθλίαν
2531 4199 2680 4271 ζωὴν
2713 4200 3161 4270 συγκεράσαντες
3181 4215 3196 4229 ο
3226 4196 3508 4268 ἀμφίοολα
3535 4196 3631 4249 καὶ
3662 4209 3762 4263 με-

2181 4293 2467 4364 μισημένοι
2501 4293 2778 4362 πρόσωπα
2809 4291 3173 4362 περιφέρουσι
3215 4289 3310 4342 καὶ
3342 4287 3578 4359 γράμμα
3608 4301 3764 4338 νενο-

2177 4386 2447 4454 θευμένον
2469 4401 2483 4415 ·
2514 4383 2680 4452 ἱερῶν
2716 4381 3028 4453 περιϐόλων
3073 4380 3297 4451 μακρὰν
3337 4378 3764 4450 ἀποιχέσθωσαν

482 4479 609 4533 cula
665 4488 976 4531 arceantur.
1039 4473 1175 4528 Cum
1217 4474 1364 4527 enim
1422 4472 1738 4535 turpissima
1799 4489 2067 4543 prataque

2178 4479 2274 4533 καὶ
2299 4477 2478 4545 ἁγίων
2527 4476 2766 4530 συνόδων
2789 4475 2864 4538 ὡς
2915 4473 3283 4544 βδελυγμένον
3317 4474 3451 4542 ἄγος
3501 4475 3595 4527 καὶ
3645 4473 3765 4527 θεο-

484 4568 745 4636 Opinione
784 4566 1078 4634 pulchrum
1124 4565 1485 4632 divinumque
1538 4578 1676 4632 Opus
1735 4564 1789 4618 iu
1839 4580 2066 4633 pravum

2181 4570 2380 4639 στυγὲς
2411 4568 2829 4642 ὲλαυνέσθωσαν
2852 4582 2867 4597 ·
2893 4566 3087 4637 ἐπειδὴ
3111 4568 3222 4637 γὰρ
3252 4566 3509 4639 αἰσχίστῃ
3538 4567 3633 4620 καὶ
3660 4584 3764 4619 κα-

483 4672 916 4730 perversumque
957 4659 1156 4726 dogma
1206 4664 1614 4724 transvcrtaut,
1643 4667 1692 4711 et
1726 4657 2067 4726 spiritualem

2174 4663 2336 4734 κίστῃ
2362 4679 2558 4732 γνωμῃ
2595 4661 2657 4714 τὸ
2691 4660 2859 4714 καλὸν
2883 4661 2978 4714 καὶ
3014 4659 3162 4714 θεῖον
3181 4659 3346 4730 ἔργον
3380 4660 3463 4723 είς
3496 4659 3560 4712 τὸ
3589 4658 3764 4713 κακὸν

478 4752 907 4806 eunuchismum
970 4749 1208 4803 infandae
1263 4750 1462 4803 actioni
1500 4748 1767 4805 insertire
1797 4761 2071 4823 cogentes,

484 4860 591 4897 non
655 4841 1007 4897 solummodo
1047 4843 1272 4910 dignum
1307 4851 1392 4896 est
1424 4833 1520 4896 eos
1572 4842 1760 4913 legalis
1821 4845 2073 4914 sulIragii

478 4952 696 5007 poenam
746 4938 1018 5004 accipere,
1069 4936 1166 4990 sed
1204 4949 1271 4990 ex
1324 4935 1637 5005 evangelica
1683 4946 1736 4990 et
1767 4938 2074 5006 apostolica

478 5029 849 5084 declaratione
882 5029 938 5083 in
968 5028 1439 5084 dictaSttenebras
1464 5029 1766 5083 exteriores
1797 5029 2053 5099 projici.»

483 5129 555 5179 de
591 5124 791 5178 talibus
821 5123 967 5177 enim
997 5122 1212 5194 Moyses
1244 5123 1321 5177 ait
1358 5138 1371 5175 :
1411 5140 1431 5174 ι
1472 5120 1777 5177 Eunuchus
1812 5131 1867 5176 et
1895 5122 2067 5191 spado

480 5235 587 5270 non
616 5219 839 5272 intrabit
871 5218 927 5271 in
953 5218 1178 5273 domum
1210 5215 1450 5272 Domini.
1490 5236 1508 5268 ι
1543 5216 1670 5271 Istis
1695 5216 1879 5270 adhuc
1905 5231 2068 5270 mon-

481 5313 716 5366 struosis
747 5312 1001 5380 personis
1029 5323 1348 5382 magnarum
1381 5309 1576 5364 domos
1616 5306 2069 5376 adimplentibus,

2173 4761 2272 4814 καὶ
2300 4758 2733 4830 διαῦεόλημένον
2761 4759 2942 4828 δόγμα
2973 4757 3431 4828 παραλλάξαντες
3458 4757 3552 4812 καὶ
3588 4773 3764 4829 μετα-

2174 4854 2510 4923 ποιήσαντες
2553 4852 2652 4922 τὴν
2699 4850 3085 4923 πνευματικὴν
3127 4852 3418 4923 εὐνουχίαν
3444 4853 3764 4922 ἀπηγορευο

2182 4945 2323 5016 μένῃ
2355 4938 2559 5015 πράξει
2589 4944 2938 5016 λειτουργεῖν
2988 4944 3172 5016 (1415)
3217 4944 3656 5012 ἀναγκάσαντες,
3699 4943 3764 4995 οὐ

2179 5037 2345 5106 μόνον
2385 5037 2539 5104 ἄξιον
2560 5037 2609 5068 ⁸⁸
2636 5039 2868 5109 νομικῆς
2911 5036 3094 5107 ψήφου
3127 5036 3404 5107 τιμωρίαν
3437 5034 3761 5106 λαμϐάνειν,
3819 5094 3839 5107 1

2177 5127 2317 5181 ἀλλὰ
2356 5132 2451 5182 καὶ
2474 5129 2534 5195 ἐξ
2563 5127 2938 5197 εὐαγγελικῆς
2975 5127 3072 5180 καὶ
3121 5126 3490 5196 ἀποστολικῆς
3540 5127 3763 5195 ἀποφά-

2179 5237 2319 5282 σεως
2343 5223 2426 5285 εἰς
2447 5221 2508 5274 τὸ
2529 5221 2855 5292 λεγόμενον(
2870 5219 3063 5283 σκότος
3084 5219 3146 5272 τὸ
3169 5217 3436 5290 ἐξώτερον
3459 5219 3762 5273 ἀπελαύνει

2180 5310 2330 5366 σθαι.
2375 5332 2394 5365 ν
2428 5313 2567 5383 Περὶ
2620 5310 2732 5380 γὰρ
2786 5309 2898 5363 τῶν
2947 5309 3209 5364 τοιούτων
3259 5310 3367 5381 εφη
3407 5311 3685 5380 Μωῦσῆς·
3718 5311 3762 5343 δ’

2184 5425 2202 5458 ι
2250 5405 2486 5468 Θλαδίας
2532 5404 2630 5460 καὶ
2675 5404 2961 5466 ἀπόκοπος
2994 5403 3098 5457 οὐκ
3131 5404 3511 5459 εἰσελεύσεται
3557 5407 3638 5468 είς
3670 5404 3764 5458 τὸν

2181 5495 2331 5553 οἷκον
2379 5498 2611 5567 Κυρίου.
2671 5514 2688 5547 ι
2745 5497 2868 5549 Ἔτι
2917 5495 3048 5564 γοῦν
3085 5497 3542 5569 πεπληρωμένων
3591 5497 3760 5551 οἴκων

481 5419 607 5461 eum
631 5420 794 5460 aurea
817 5405 883 5461 ad
903 5405 1101 5461 collum
1123 5419 1353 5470 corona,
1375 5415 1629 5458 naturam
1654 5406 1828 5460 maris
1846 5403 2068 5472 quidem

483 5504 685 5554 habent
711 5502 821 5565 isti,
840 5500 936 5555 sed
967 5499 1183 5554 feminae
1206 5499 1405 5562 visum,
1437 5497 1750 5554 ell‘eminate
1773 5497 2068 5553 ambulan-

1700 5638 1896 5703 Variaa
1918 5639 2228 5703 lectiones
2249 5645 2312 5700 et
2349 5652 2539 5699 nocte.

554 5773 869 5840 δίτρυφῆςῖ
947 5772 992 5801 δ’
1028 5768 1130 5823 lsa.
1183 5787 1327 5836 um,
1378 5771 1467 5826 24.
1543 5772 1588 5803 ’⁵³
1609 5771 1737 5827 Let'.
1799 5773 2067 5838 “111,22.

2174 5773 2208 5804 ιδ
2240 5770 2368 5824 ch.
2399 5785 2486 5836 xx,
2546 5767 2724 5835 19,27.
2805 5767 2849 5800 ’⁵⁵
2881 5769 3258 5838 μετατίθενται
3299 5769 3421 5824 cozl.
3501 5770 3544 5800 “
3581 5769 3757 5834 ἇξτοιῗ

487 5843 528 5872 ⁸⁷
550 5841 711 5897 Deut,
739 5859 891 5905 χχιιι,
935 5845 984 5896 l.
