4064 6436
265 376 372 438 805

1448 361 1912 424 CHRONICON.
1948 386 2018 397 -
2055 359 2204 422 LIB.
2247 359 2349 421 ιν.

3439 351 3546 416 806

267 484 382 535 τῶν
405 480 755 551 μεγιστάνων
772 477 1036 532 τοιούτων
1059 475 1494 548 τερατομόρφων
1517 476 1852 546 προσώπων,

1970 485 2040 526 les
2073 469 2420 539 molliterque
2451 467 2739 537 loquentes
2761 463 2909 521 velut
2934 463 3251 520 indecentes
3276 471 3550 534 caputque

264 571 507 645 χρυσοῦς
551 572 854 642 μηνίσκους
886 571 982 624 ἐπὶ
1010 569 1325 642 τραχήλων,
1356 570 1522 639 φύσιν
1556 569 1654 638 μὲν
1687 568 1855 640 ἀρρε-

267 683 380 730 νος,
411 663 638 734 θηλείας
668 663 724 718 δὲ
753 663 879 734 ὄψιν
908 663 1130 733 ἔχοντες
1154 661 1249 716 καὶ
1277 661 1670 731 κεκλασμένως
1703 660 1852 730 βαδί-

267 758 459 821 ζοντες
499 757 598 812 καὶ
645 755 1048 827 τεθρυμμένως
1084 755 1453 826 φθεγγόμενοι
1487 753 1680 824 ὥσπερ
1707 755 1856 806 ἐται-

270 851 418 923 ρίδες
446 849 722 919 ἀπρεπεῖς
752 841 853 900 ὧδε
887 847 1116 900 κάκεῖσε
1144 845 1243 917 τὴν
1275 845 1521 917 κεφαλὴν
1556 845 1858 916 περισείου-

270 955 401 994 σαι·
465 937 564 992 καὶ
642 935 884 1006 γελῶσιν
955 936 1214 1009 ἀκρατῶς
1289 952 1350 988 τε
1418 937 1512 988 καὶ
1583 933 1854 1002 ἀναιδῶς,

266 1026 666 1100 οίστρηλασίαν
719 1026 992 1098 πρόδηλον
1046 1026 1510 1097 ύπεμφαίνοντες,
1566 1026 1690 1080 ὅθεν
1739 1027 1856 1095 μετ’

267 1119 482 1191 ἀνδρῶν
536 1119 639 1188 μὲν
682 1117 760 1181 ὡς
788 1119 1049 1185 γυναῖκες
1105 1115 1367 1186 μαλακῶς
1413 1117 1774 1186 εὐναζόμενοι
1809 1115 1854 1148 ⁸⁸

271 1214 366 1266 καὶ
429 1210 867 1284 μαλακιζόμενοι
936 1209 1286 1281 φθείρονταιο
1353 1212 1496 1281 μετά
1547 1210 1707 1281 54⁷
1761 1227 1858 1278 γυ-

274 1304 481 1359 ναικῶν
537 1305 614 1366 ῶς
667 1303 914 1373 φύλακες
962 1302 1080 1374 ἅμα
1143 1303 1241 1356 καὶ
1288 1303 1645 1374 σωφροσύνης
1695 1303 1860 1373 δῆθεν

284 1397 592 1468 ἰνδάλματα
667 1395 1023 1459 καθεύδοντες
1096 1395 1470 1468 ἀναισχύντως
1545 1395 1592 1429 ⁸⁸
1644 1398 1860 1466 ἀπηρυο

277 1489 625 1559 θριασμένως
658 1487 1188 1559 αίσχροπραγούσιν.
1233 1487 1343 1542 Καὶ
1382 1482 1531 1540 οὗτοι
1570 1487 1670 1558 μὲν
1687 1488 1861 1551 οὕτως

274 1578 381 1632 ὑπ’
407 1578 620 1650 ἀνδρῶν
643 1579 875 1633 ἀνοσίων
901 1581 999 1633 καὶ⁹
1034 1579 1282 1651 βεϐήλων
1309 1580 1661 1652 φθειρόμενοι
1685 1579 1861 1651 μαλα-

273 1670 520 1735 κίζονται
569 1671 664 1723 καὶ
715 1670 1172 1739 καταμιαίνονται
1220 1671 1310 1725 διὰ
1355 1671 1459 1742 τῆς
1509 1672 1662 1742 παρά
1697 1672 1862 1740 φύσιν

271 1761 662 1831 ἀνοσιουργίας
702 1761 799 1814 καὶ
831 1761 1117 1832 βδελυρίας
1153 1778 1171 1795 ⁶
1205 1762 1363 1816 αὐτοὶ
1415 1763 1473 1816 δὲ
1525 1765 1862 1834 γυναικάρια

1958 563 2065 618 huc
2097 563 2228 617 illuc
2274 561 2548 632 agitantes
2597 558 2984 614 meretriculae.
3036 556 3401 612 Immoderate
3441 556 3545 611 int-

1955 655 2339 726 pudenterque
2377 653 2581 717 rident,
2624 650 2974 707 manifestam
3017 650 3434 706 subiudicantes
3482 649 3550 704 Ii-

1956 747 2236 813 bidinem;
2268 745 2469 802 exinde
2500 761 2626 800 cum
2667 745 2801 799 viris
2833 744 2979 798 velut
3021 745 3280 798 mulieres
3310 742 3550 798 molliter

1957 839 2222 895 cubantes
2273 848 2329 892 et
2377 837 2572 892 molliti
2628 837 2983 907 polluuntur;
3038 851 3165 891 cum
3222 835 3549 892 mulieribus

1958 942 2218 1001 tanquam
2249 931 2510 986 custodes
2539 939 2586 984 et
2625 929 2908 998 sapientiae
2938 943 3072 983 sane
3109 927 3401 998 imagines,
3454 928 3548 982 im—

1959 1034 2230 1094 puuenter
2255 1025 2612 1088 dormientes,
2653 1022 3023 1076 inverecunde
3053 1022 3234 1092 turpia
3266 1028 3455 1093 agunt.
3485 1019 3551 1075 Et

1959 1117 2041 1171 sic
2098 1117 2187 1172 isti
2221 1133 2251 1171 a
2289 1118 2421 1172 viris
2463 1117 2712 1172 scelestis
2766 1124 2823 1171 et
2865 1116 3079 1186 spurcis
3123 1118 3365 1186 corrupti
3408 1117 3549 1172 mol-

1960 1208 2172 1264 liuntur
2202 1218 2256 1264 et
2299 1225 2393 1280 per
2423 1209 2707 1264 infamiam
2738 1211 3178 1280 spurcitiamque
3209 1219 3401 1266 contra
3452 1226 3552 1264 na-

1960 1309 2140 1353 turam
2175 1300 2530 1369 polluuntur;
2566 1301 2668 1370 ipsi
2715 1316 2847 1355 vero
2881 1302 3116 1356 miseras
3145 1311 3201 1356 et
3239 1320 3258 1353 ι
3287 1302 3551 1373 peccatis,

1959 1389 2117 1459 juxta
2143 1389 2376 1457 dictum,
2406 1399 2660 1457 onustas,
2695 1409 2716 1443 ι
2752 1390 3025 1446 seducunt
3067 1392 3446 1452 mulierculas.
3499 1403 3553 1448 et

1963 1482 2106 1537 sicut
2157 1479 2443 1537 furibundi
2504 1498 2671 1539 canes
2728 1482 2960 1539 fmdant.
2989 1481 3056 1537 Et
3082 1483 3229 1553 quod
3255 1484 3452 1541 durius
3501 1494 3556 1539 et

1963 1571 2331 1629 miserabilius
2361 1582 2466 1640 est,
2495 1573 2621 1629 inde
2680 1576 2759 1629 rei
2819 1587 2874 1630 et
2931 1578 3072 1633 socii
3144 1590 3210 1632 ac
3263 1575 3556 1647 participes

1965 1664 2102 1718 fiunt
2132 1664 2506 1721 damnationis
2537 1675 2774 1731 aeterne,
2802 1679 2853 1722 et
2880 1678 3233 1740 corruptores
3264 1677 3319 1723 et
3358 1684 3522 1725 corru

1963 1757 2063 1826 pti.
2118 1759 2240 1820 Ast,
2286 1773 2320 1812 ο
2375 1757 2687 1812 demential
2723 1773 2756 1812 ο
2795 1774 2954 1814 error
3011 1771 3064 1816 et
3114 1761 3402 1817 vecordia!
3453 1760 3555 1817 hos

275 1851 596 1922 ταλαίπωρα
653 1852 746 1904 καὶ
777 1852 824 1886 ⁸ο
885 1871 905 1905 ι
943 1853 1356 1925 σεσωρευμένα,
1398 1854 1539 1908 κατά
1588 1855 1651 1909 τὸ
1709 1858 1864 1929 εἰρη-

1970 1850 2270 1919 praesertim
2325 1859 2386 1904 ut
2440 1851 2716 1921 sapientes
2795 1868 2922 1908 cum
2983 1855 3219 1911 habeant
3277 1855 3553 1918 homines.

277 1944 460 2013 μένον,
505 1941 638 2012 (ἐφ’)
673 1941 976 2014 ἁμαρτίαις
1003 1961 1020 1993 ι
1077 1942 1518 2013 καταμολύνουςι
1561 1945 1658 1997 καὶ
1685 1961 1862 1999 κατα-

273 2035 610 2090 δλάπτουσιν
642 2029 731 2087 οἷα
760 2034 1056 2098 λυσσώδεις
1084 2037 1266 2099 κύνες.
1295 2036 1405 2089 Καὶ
1437 2037 1496 2090 τὸ
1516 2035 1579 2107 δὴ
1612 2036 1862 2107 χαλεπώ-

273 2142 431 2196 τερον
462 2127 557 2178 καὶ
587 2124 976 2196 ἐλεεινότερον,
1010 2125 1174 2179 αἴτιοι
1203 2125 1456 2180 ὲντεῦοεν
1491 2127 1735 2196 γίνονται
1766 2125 1862 2181 καὶ

276 2217 527 2290 πρόξενοί
559 2235 618 2270 τε
657 2220 752 2272 καὶ
779 2220 995 2290 μέτοχοι
1033 2219 1135 2288 τῆς
1197 2219 1506 2290 ἀπεράντου
1558 2220 1859 2288 κολάσεως,

275 2311 330 2364 οἵ
355 2328 414 2364 τε
449 2309 766 2382 φθείροντες
814 2312 908 2364 καὶ
955 2313 1004 2364 oi
1037 2309 1412 2382 φθειρόμενοι.
1452 2313 1621 2377 Ἀλλ’,
1661 2310 1706 2369 ῶ
1762 2316 1863 2385 τῆς

276 2404 613 2475 ἀφροσύνης,
647 2397 693 2457 ὦ
741 2405 841 2475 τῆς
877 2405 1097 2474 ἀπάτης
1133 2405 1229 2457 καὶ
1278 2407 1696 2478 παραπληξίαςῑ
1733 2411 1859 2462 τού-

277 2513 404 2561 τους
483 2496 591 2568 γὰρ
682 2495 966 2565 ἄνθρωποι
1059 2497 1297 2568 μάλιστα
1390 2499 1748 2571 προῦχοντες,
1816 2504 1860 2536 ει

281 2587 359 2651 ὡς
447 2586 733 2658 σώφρονας
823 2587 1261 2660 παραδεχόμενοι
1338 2592 1689 2646 πιστεύουσιν
1770 2593 1866 2648 καὶ

278 2679 702 2745 εἰσοικίζουσιν,
769 2681 827 2733 οἵ
879 2696 942 2748 γε
1017 2681 1440 2751 εἰσοικιζόμενοι
1497 2685 1590 2736 καὶ
1648 2685 1869 2756 παρρη-

281 2769 401 2836 σίας
430 2773 796 2841 τυγχάνοντες
817 2773 944 2835 τοὺς
975 2769 1145 2834 ὅντως
1175 2771 1404 2838 δικαίως
1434 2774 1643 2844 ἀρετῆς
1669 2777 1870 2846 ἐπιμε-

281 2862 372 2916 λου
381 2863 578 2932 μένους
607 2861 890 2934 σώφρονας
912 2862 1113 2934 ἀνδρας
1137 2864 1278 2916 κατὰ
1297 2865 1496 2936 μικρὸν
1511 2865 1865 2932 δελεάσαντες

278 2957 362 3021 είς
380 2958 445 3009 τὸ
465 2956 576 3010 τῶν
600 2956 848 3030 Σοδόμων
871 2957 1142 3029 βάραθρον
1165 2957 1566 3027 κατηκόντισαν
1594 2958 1865 3022 ἐλεεινῶς·

284 3047 368 3099 διδ
389 3046 455 3118 δὴ
487 3046 675 3103 λοιπὸν
699 3048 790 3102 καὶ
806 3049 1161 3121 ἀραρώτερον
1210 3049 1278 3117 ³⁸,
1315 3049 1457 3103 πάνυ
1490 3068 1552 3120 γε
1579 3052 1672 3104 καὶ
1702 3053 1867 3122 νόμος

282 3140 650 3208 εὐαγγελικδς
678 3142 770 3195 καὶ
795 3143 1017 3214 ἀριστος
1065 3143 1181 3212 βίος
1214 3143 1309 3197 καὶ
1349 3143 1581 3215 εὐσεϐὴς
1619 3144 1869 3200 πολιτεία

283 3231 632 3302 βδελύττεται
658 3211 884 3298 τούτους
916 3234 992 3297 ὡς
1021 3211 1300 3305 θεομισείς
1330 3235 1425 3289 καὶ
1486 3211 1863 3308 ἀκαθάρτους.
1895 3211 1938 3270 c

284 3319 449 3379 Οὗτοι
476 3326 585 3398 γὰρ
615 3327 874 3397 τοιαύτην
902 3327 1190 3397 ἐξάγιστον
1226 3328 1374 3400 ζωὴν
1422 3331 1867 3402 προτιμήσαντες

285 3417 383 3470 καὶ
408 3417 750 3489 ποθήσαντες
797 3421 924 3474 ὅσον
948 3415 1084 3493 ἧκεν
1138 3422 1226 3475 ἐπ’
1257 3422 1474 3490 αὐτοὺς,
1531 3422 1714 3486 πόλεις
1767 3424 1870 3495 μὲν

282 3510 573 3580 ἠφάνισαν,
631 3512 760 3575 τοὺς
806 3513 1224 3583 σπερματικοὺς
1275 3512 1378 3584 τῆς
1416 3515 1633 3584 φύσεως
1679 3515 1869 3584 λόγους

283 3600 756 3674 παραφθείροντες
784 3606 882 3658 καὶ
908 3603 1257 3676 φθειρόμενοι
1289 3622 1303 3637 ο
1335 3607 1702 3678 εὐανδροῦσαν
1729 3609 1776 3640 ⁵³
1813 3609 1871 3661 δὲ

300 3692 523 3764 Ῥώμην
551 3697 760 3769 ἀνδρῶν
783 3697 849 3760 ⁸δ,
881 3697 973 3750 καὶ
1001 3697 1218 3768 ἡλικίαν
1249 3699 1342 3752 καὶ
1361 3699 1459 3772 τὴν
1479 3701 1870 3772 ἀρῤενοπρεπῆ

283 3785 551 3851 γενναίως
602 3787 758 3858 ἰσχὺν
791 3787 980 3852 δεινῶς
1017 3789 1366 3860 ἐξανήλωσαν
1410 3791 1507 3843 καὶ
1552 3791 1739 3854 ἁπλῶς
1769 3791 1872 3862 τὴν

292 3875 539 3932 σύντονον
561 3879 661 3931 καὶ
695 3880 1018 3949 σφριγῶσαν
1064 3881 1251 3953 ἀκμὴν
1282 3881 1381 3953 τῆς
1411 3883 1664 3954 νεότητος
1687 3883 1835 3954 λυμη
1853 3914 1869 3924 -

293 3967 513 4039 νάμενοι
553 3971 813 4041 φανερῶς
842 3972 1060 4035 ἀθλίους
1091 3974 1186 4025 καὶ
1209 3974 1652 4041 καταγελάστους
1685 3977 1872 4046 ἐποίη-

289 4077 389 4117 σαν
439 4063 570 4124 coit;
594 4063 845 4130 ἁλόντας,
881 4063 974 4127 οὓς
1017 4065 1282 4133 φευκτέον
1339 4066 1724 4138 προτροπάδην
1776 4069 1872 4120 καὶ

288 4151 608 4222 βδελυκτέον
632 4154 862 4217 ἐνδίκως
896 4155 1024 4219 τοὺς
1071 4155 1436 4226 ψυχοκτόνους
1483 4157 1580 4211 καὶ
1623 4175 1872 4226 σωματο-

286 4245 522 4317 φθόρους
559 4249 656 4300 καὶ
678 4249 889 4316 ἐναγεῖς
921 4250 1083 4311 ὄντας
1111 4250 1205 4300 καὶ
1236 4248 1334 4317 τῆς
1356 4248 1572 4318 φύσεως
1616 4251 1870 4321 παραχα-

288 4339 521 4407 ράκτας’
547 4338 701 4392 οὐδὲν
738 4341 848 4410 γὰρ
875 4339 1092 4409 ἀληθῶς
1135 4340 1526 4411 μυσαρώτερον
1563 4340 1595 4410 ἦ
1626 4340 1874 4412 ἀκαθαρ-

285 4429 419 4483 τὼτε
427 4447 524 4501 ρον
548 4431 658 4484 τῶν
675 4429 816 4484 οὕτω
841 4433 1256 4501 πορνευομένων
1276 4448 1335 4483 τε
1359 4433 1454 4484 καὶ
1473 4449 1639 4501 πορνε
1649 4433 1869 4486 υόντωνο

1963 1939 2106 2007 apud
2160 1955 2222 1994 se
2272 1940 2618 2010 recipientes,
2673 1943 2927 1998 fiduciam
2974 1945 3223 2000 tribuunt
3255 1945 3336 2001 eis
3389 1955 3445 2001 et
3498 1945 3554 2000 in

1963 2030 2217 2085 domibus
2248 2031 2362 2086 suis
2386 2032 2658 2087 collocant
2685 2050 2804 2102 eos,
2831 2035 2927 2106 qui
2957 2053 3081 2091 cum
3129 2035 3186 2091 in
3235 2037 3434 2094 domos
3472 2038 3558 2092 in-

1964 2122 2202 2177 troducti
2236 2133 2367 2178 sunt
2409 2133 2464 2178 et
2513 2125 2822 2180 libertatem
2868 2127 3254 2194 obtinuerunt,
3314 2145 3410 2186 eos
3461 2130 3556 2200 qui

1963 2212 2143 2279 reipsa
2183 2211 2331 2282 juste
2364 2214 2619 2270 virtutem
2661 2217 2916 2272 colebant
2959 2219 3212 2274 homines
3261 2220 3560 2290 prudentes

1964 2305 2229 2374 paulatim
2280 2306 2656 2363 lenocinantes
2692 2308 2748 2362 in
2803 2309 3175 2366 Sodomorum
3230 2310 3556 2368 barathrum

1965 2399 2309 2470 demergunt.
2349 2399 2475 2454 Ideo
2502 2410 2763 2456 cancrum
2796 2413 2848 2456 et
2891 2401 3202 2472 justissinte
3253 2404 3342 2460 lex
3390 2419 3558 2460 cvan~

1966 2491 2159 2562 gelica,
2189 2492 2566 2562 optimumque
2602 2495 2817 2549 vivendi
2856 2510 3029 2565 genus
3055 2505 3108 2551 et
3132 2497 3222 2568 pia
3265 2512 3560 2554 conversa-

1967 2587 2046 2638 tio
2085 2584 2222 2639 tales
2259 2595 2315 2638 ut
2349 2584 2440 2640 Dei
2473 2586 2727 2641 inimicos
2752 2596 2806 2642 et
2837 2589 3086 2657 impuros
3108 2589 3437 2646 detestatur.
3465 2589 3556 2648 Ista

1968 2676 2114 2730 enim
2175 2675 2488 2746 hujusmodi
2543 2678 2966 2734 abominandam
3026 2680 3192 2734 vitam
3259 2681 3560 2750 praeferen-

1971 2778 2052 2826 tes
2132 2779 2187 2826 et
2241 2787 2340 2843 pro
2402 2773 2611 2829 viribus
2671 2774 3028 2840 adamantes,
3082 2776 3246 2832 urbes
3303 2777 3562 2834 aboleve-

1971 2871 2139 2930 runt,
2202 2865 2494 2920 seminales
2558 2874 2769 2922 natura:
2837 2871 3078 2924 rat'ones
3148 2883 3565 2942 corrumpentes

1971 2965 2020 3010 et
2099 2954 2200 3025 ipsi
2271 2957 2555 3026 corrupti;
2620 2957 2850 3012 Romam
2923 2968 3107 3014 autem
3183 2960 3316 3016 viris
3385 2964 3562 3017 abun-

1969 3047 2223 3112 dantem,
2276 3046 2562 3118 ipsiusque
2605 3049 2988 3118 iuventutem,
3047 3059 3104 3106 et
3164 3052 3334 3108 robur
3407 3055 3562 3110 virile

1974 3143 2172 3196 misere
2254 3153 2764 3211 COllSllmpSBI‘unl;
2846 3158 3061 3211 unoque
3121 3143 3288 3198 verbo
3362 3143 3560 3200 fortem

1974 3248 2410 3304 prosperumque
2439 3233 2750 3304 juventutis
2801 3231 2992 3288 ﬂorem
3039 3235 3347 3306 polluentes
3388 3237 3565 3292 mani-

1975 3323 2113 3378 feste
2166 3324 2401 3379 miseros
2461 3332 2516 3377 et
2576 3322 3019 3392 contemptibiles
3092 3320 3394 3378 eﬂecerunt
3422 3338 3565 3393 quos

1974 3427 2260 3487 ceperunt,
2308 3416 2508 3488 quibus
2565 3417 2886 3472 vertendum
2958 3415 3011 3470 in
3095 3415 3278 3486 fugam
3340 3417 3570 3473 merito-

1975 3526 2084 3579 que
2125 3512 2508 3566 detestandum
2540 3518 2661 3565 erat
2689 3510 3003 3564 animarum
3041 3525 3320 3568 ocetsores
3350 3529 3416 3567 ae
3461 3511 3569 3567 [ω-

1973 3603 2194 3657 datores
2219 3617 2537 3672 corporum,
2564 3602 2711 3656 velut
2741 3601 3064 3658 maledictos
3093 3612 3148 3658 et
3175 3611 3387 3659 natura:
3416 3602 3569 3660 adul-

1975 3694 2420 3750 teratores.Nihil
2456 3694 2602 3748 enim
2631 3692 2893 3748 infamius
2931 3695 3312 3766 impuriusque
3333 3712 3459 3752 vere
3483 3708 3568 3754 est

1975 3803 2139 3859 quam
2170 3789 2251 3842 sic
2278 3787 2560 3857 prostituti
2594 3800 2658 3840 ac
2693 3787 3126 3854 prostituentes;
3169 3788 3350 3843 solent
3394 3789 3565 3857 enim,

1975 3893 2038 3936 ut
2063 3896 2192 3935 vere
2224 3890 2521 3949 cxacteque
2551 3877 2868 3943 didicimus,
2903 3892 3012 3932 non
3065 3879 3243 3933 solum
3292 3879 3566 3949 spadones

1975 3985 2030 4030 et
2061 3971 2413 4041 turpitudinis
2445 3969 2741 4040 particulas
2765 3980 3046 4040 utcunque
3079 3968 3362 4029 habentes.
3389 3969 3524 4026 lasei

1976 4066 2091 4121 vire
2120 4065 2238 4120 sine
2271 4063 2434 4118 modo
2466 4077 2531 4118 ac
2559 4061 2835 4118 libidinari
2869 4063 3077 4133 absque
3131 4077 3415 4130 mensura,
3466 4067 3564 4118 seu‘

1977 4167 2031 4214 et
2065 4157 2157 4228 qui
2198 4158 2423 4210 omnino
2454 4155 2679 4210 castrati
2704 4165 2758 4209 et
2783 4156 2952 4210 excisi
2998 4163 3151 4210 sunt.
3194 4155 3568 4223 Quemadmo-

1977 4250 2106 4305 dum
2139 4248 2305 4319 igitur
2331 4258 2385 4303 et
2415 4249 2507 4318 qui
2540 4268 2568 4302 ιι
2601 4248 2884 4302 nativitate
2932 4248 3054 4302 istis
3083 4249 3371 4312 orhantur,
3424 4249 3563 4303 eheu

1976 4341 2230 4397 delirium
2293 4350 2347 4396 et
2403 4341 2593 4395 ultima
2650 4339 2961 4394 dementia!
3033 4355 3194 4395 manu
3273 4340 3570 4410 digitisque

1979 4435 2221 4505 polluere
2257 4432 2486 4488 miseras
2514 4432 2867 4486 mulierculas
2896 4433 3207 4488 secundum
3247 4434 3570 4504 improbitas

289 4523 511 4577 εἰώθασι
542 4523 676 4594 γὰρ,
709 4523 786 4588 ὡς
816 4524 1033 4595 άληθῶς
1055 4525 1145 4577 καὶ
1172 4525 1413 4595 ἀκριϐῶς
1442 4525 1866 4596 μεμαθήκαμεν,

1983 4535 2092 4580 tem
2124 4539 2318 4589 suam,
2355 4525 2436 4579 sic
2487 4524 2542 4578 hi
2597 4524 2814 4579 scelesti
2850 4522 3060 4580 furiose
3113 4524 3292 4580 facere
3334 4541 3569 4581 consue-

285 4616 350 4669 οὐ
377 4617 541 4688 μόνον
569 4619 619 4671 οί
659 4617 923 4681 σπάδονες
954 4618 1050 4670 καὶ
1101 4617 1169 4672 τὰ
1205 4622 1372 4689 μόρια
1428 4617 1526 4687 τῆς
1575 4621 1875 4690 αἰσχρουρ-

286 4708 410 4777 γίας
445 4708 630 4772 ποσῶς
664 4708 880 4780 ἔχοντες
906 4710 1256 4778 ἀσελγαίνειν
1296 4710 1552 4780 ἀμέτρως
1601 4711 1697 4764 καὶ
1738 4713 1873 4765 ἁκο-

288 4799 600 4853 λασταίνειν
630 4800 967 4870 ἀκορέστως,
1006 4798 1142 4853 ἀλλὰ
1170 4800 1265 4852 καὶ
1293 4799 1343 4852 οξ
1373 4798 1576 4851 τέλειιν
1598 4798 1871 4852 ἀπόκοποι

287 4893 384 4946 καὶ
433 4895 859 4964 ἐκτετμημένον
913 4894 1168 4964 καθάπερ
1197 4887 1292 4946 οὖν
1339 4892 1436 4946 καὶ
1458 4893 1508 4945 οἱ
1552 4893 1616 4946 ἐκ
1646 4891 1871 4960 γενετῆς

284 4987 644 5058 ἐστερημένοι
672 4987 870 5053 ταῦτα,
920 4985 1022 5058 φεύ
1069 4991 1172 5057 τῆς
1230 4986 1468 5058 ἐσχάτης
1515 4984 1749 5048 ἀτοπίας
1781 4985 1876 5039 καὶ

287 5077 718 5149 φρενοϐλαβείας
744 5079 759 5134 ί
790 5078 880 5132 διά
932 5078 1114 5149 χειρὸς
1163 5077 1258 5131 καὶ
1310 5077 1596 5130 δακτύλων
1631 5077 1874 5146 φθείρειν

285 5169 454 5243 548
478 5171 581 5235 τὰς
619 5171 812 5236 ἀθλίας
843 5174 1113 5243 γυναῖκας
1160 5171 1302 5225 κατά
1338 5170 1441 5242 τὴν
1486 5169 1875 5241 ἀνοσιουργίαν

285 5264 488 5331 αὐτῶν,
517 5263 692 5329 οὕτως
719 5263 986 5336 ἐμμανῶς
1011 5265 1061 5318 οἱ
1086 5263 1289 5318 ἀνόσιοι
1321 5260 1764 5333 κατεργάζεσθαι
1803 5260 1868 5313 ⁵⁵.

285 5353 470 5426 (“25)
524 5356 638 5409 Καὶ
699 5355 860 5410 τοῦτο
889 5355 1068 5425 δηλῶν
1095 5357 1123 5408 ό
1161 5356 1324 5425 σοφὸς
1352 5353 1625 5427 ἀριδήλως
1671 5353 1775 5425 ἔφη
1801 5355 1866 5406 ⁵⁵.

1984 4624 2203 4672 verunt.
2242 4615 2307 4671 Et
2343 4615 2452 4671 hoc
2479 4616 2800 4687 significans
2829 4617 3050 4686 sapiens
3101 4615 3410 4682 manifeste,
3439 4619 3516 4673 ait
3551 4637 3566 4673 :

1989 4728 2006 4761 ι
2050 4710 2248 4764 Beatus
2277 4716 2567 4764 eunuchus
2597 4709 2688 4779 qui
2727 4724 2835 4764 non
2868 4725 3036 4764 manu
3071 4709 3200 4764 fecit
3249 4710 3457 4774 illicita,
3514 4720 3570 4765 et

1985 4803 2135 4856 beata
2167 4800 2318 4870 virgo
2347 4817 2468 4871 qua:
2492 4800 2723 4855 nescivit
2754 4808 2936 4855 torum
2970 4803 3024 4854 in
3057 4801 3280 4856 delicto.
3315 4820 3335 4853 ο
3373 4800 3570 4856 Merito

1985 4896 2148 4963 ig'tur
2181 4892 2499 4957 eﬂ‘etniuati,
2541 4891 2758 4958 evirati,
2799 4893 3130 4962 andr03yni,
3187 4893 3330 4947 ferro
3362 4894 3566 4958 devoti,

1988 4985 2268 5041 mttlierosi
2298 4986 2661 5055 appellantur.
2693 4985 2936 5038 Audiant
2966 4999 3102 5053 ergo
3133 4984 3281 5054 puri,
3331 4994 3388 5039 et
3438 5001 3569 5055 pru-

1983 5083 2173 5135 dentes
2214 5080 2337 5133 illos
2382 5086 2737 5148 suspecto-nt,
2791 5093 2891 5132 nec
2943 5078 3175 5132 credant
3243 5077 3568 5142 mendacio,

1984 5175 2074 5229 sed
2133 5183 2300 5226 casta:
2354 5170 2579 5241 puritati
2622 5186 2686 5224 ac
2747 5171 3048 5238 prudentiae
3079 5189 3092 5223 :
3121 5172 3254 5240 quid
3307 5175 3456 5226 enim
3500 5173 3572 5227 ab

1986 5265 2199 5333 impuro
2234 5263 2632 5334 puriltcabitur,
2655 5271 2704 5316 et
2734 5276 2765 5316 a
2793 5262 3080 5317 mendacio
3111 5264 3242 5333 quid
3267 5279 3456 5320 verum
3484 5264 3574 5319 de-

1984 5358 2377 5410 tnonstrahitttr
2409 5357 2432 5408 ?

293 5471 312 5504 ι
347 5452 640 5524 Μακάριος
668 5471 689 5506 ι
734 5452 994 5524 εὐνοῦχος
1018 5455 1048 5506 ό
1095 5452 1170 5523 μὴ
1205 5452 1586 5525 ἐργασάμενος
1635 5453 1696 5504 ἐν
1730 5451 1876 5523 χειρὶ
1909 5453 2192 5522 ἁνόμημα,
2235 5471 2253 5505 ι
2312 5453 2404 5506 καὶ
2442 5452 2710 5525 παρθένος
2776 5452 2899 5523 ἥτις
2931 5452 3032 5506 οὐκ
3099 5449 3242 5520 ἔγνω
3287 5451 3474 5521 κοίτην
3507 5451 3567 5502 ἐν

1456 5589 1654 5650 Variae
1699 5588 2009 5651 lectiones
2053 5597 2116 5650 et
2159 5595 2348 5651 nolte.

357 5744 402 5776 "
431 5743 814 5814 κοιταζόμενοι
855 5746 952 5798 καὶ

290 5812 336 5846 ⁸³
361 5812 680 5888 εύανδροῦσι
720 5816 842 5872 cod.
879 5812 1134 5887 ἐξαιὶδμῖ
1205 5813 1251 5846 ⁸⁵
1281 5812 1477 5883 ἀνδρός
1507 5816 1626 5867 cod.

985 5762 1048 5816 μ.
1081 5743 1299 5816 Glossa.
1355 5742 1586 5816 ,δ’καίῖ
1663 5741 1781 5816 °°_ll
1811 5739 1958 5816 Tim.
1992 5756 2069 5802 ιιι,
2099 5738 2171 5816 6.Δ
2221 5739 2262 5770 ⁵¹
2294 5737 2633 5816 προῦχοντας
2661 5738 2784 5816 τούΣ

1707 5813 1752 5842 ⁸⁵
1797 5813 2053 5864 εἰώθασιν
2092 5811 2173 5865 vel
2207 5813 2662 5881 κατεργάζονται.

2871 5736 2918 5768 ⁸³
2954 5734 3310 5808 ἁρμοζόντως
3339 5729 3556 5786 Glossa.

2740 5809 2784 5842 ⁵⁸
2813 5807 2939 5877 Sap.
2981 5804 3062 5870 t'tt,
3098 5804 3281 5864 “,ifi.
