  <div class='ocr_page' id='page_1' title='image "/cluster/home/n/w/nwhite01/storage/ocr_20150623/110/coo.31924054870146/429.png"; bbox 0 0 2032 3235; ppageno 0'>
   <div class='ocr_carea' id='block_1_1' title="bbox 188 206 242 237">
    <p class='ocr_par' dir='ltr' id='par_1_1' title="bbox 188 206 242 237">
     <span class='ocr_line' id='line_1_1' title="bbox 188 206 242 237; baseline -0.037 0"><span class='ocrx_word' id='word_1_1' title='bbox 188 206 242 237; x_wconf 58' lang='grc'><strong>’343</strong></span> 
     </span>
    </p>
   </div>
   <div class='ocr_carea' id='block_1_2' title="bbox 795 197 1205 229">
    <p class='ocr_par' dir='ltr' id='par_1_2' title="bbox 795 197 1205 229">
     <span class='ocr_line' id='line_1_2' title="bbox 795 197 1205 229; baseline -0.005 0"><span class='ocrx_word' id='word_1_2' title='bbox 795 198 957 229; x_wconf 81' lang='lat' dir='ltr'><strong>GEORGII</strong></span> <span class='ocrx_word' id='word_1_3' title='bbox 977 197 1205 228; x_wconf 80' lang='lat' dir='ltr'><strong>HAMARTOLI</strong></span> 
     </span>
    </p>
   </div>
   <div class='ocr_carea' id='block_1_3' title="bbox 1776 191 1829 224">
    <p class='ocr_par' dir='ltr' id='par_1_3' title="bbox 1776 191 1829 224">
     <span class='ocr_line' id='line_1_3' title="bbox 1776 191 1829 224; baseline -0.038 -1"><span class='ocrx_word' id='word_1_4' title='bbox 1776 191 1829 224; x_wconf 65' lang='lat' dir='ltr'><strong>8H</strong></span> 
     </span>
    </p>
   </div>
   <div class='ocr_carea' id='block_1_4' title="bbox 189 250 992 295">
    <p class='ocr_par' dir='ltr' id='par_1_4' title="bbox 189 252 984 295">
     <span class='ocr_line' id='line_1_4' title="bbox 189 252 984 295; baseline -0.013 -6"><span class='ocrx_word' id='word_1_5' title='bbox 189 259 364 295; x_wconf 62' lang='lat' dir='ltr'><strong>[Etliiopibus</strong></span> <span class='ocrx_word' id='word_1_6' title='bbox 379 257 497 285; x_wconf 89' lang='lat' dir='ltr'><strong>retineor</strong></span> <span class='ocrx_word' id='word_1_7' title='bbox 512 258 539 283; x_wconf 87' lang='lat' dir='ltr'><strong>et</strong></span> <span class='ocrx_word' id='word_1_8' title='bbox 554 254 591 282; x_wconf 86' lang='lat' dir='ltr'><strong>illi</strong></span> <span class='ocrx_word' id='word_1_9' title='bbox 608 257 735 282; x_wconf 89' lang='lat' dir='ltr'><strong>cunctam</strong></span> <span class='ocrx_word' id='word_1_10' title='bbox 753 253 870 280; x_wconf 82' lang='lat' dir='ltr'><strong>all‘erunt</strong></span> <span class='ocrx_word' id='word_1_11' title='bbox 897 252 984 280; x_wconf 91' lang='lat' dir='ltr'><strong>l‘orni-</strong></span> 
     </span>
    </p>
   </div>
   <div class='ocr_carea' id='block_1_5' title="bbox 1042 250 1828 295">
    <p class='ocr_par' dir='ltr' id='par_1_5' title="bbox 1042 250 1828 286">
     <span class='ocr_line' id='line_1_5' title="bbox 1042 250 1828 286; baseline -0.001 -8"><span class='ocrx_word' id='word_1_12' title='bbox 1042 252 1078 278; x_wconf 69' lang='lat' dir='ltr'><strong>aol.</strong></span> <span class='ocrx_word' id='word_1_13' title='bbox 1092 250 1258 286; x_wconf 79' lang='grc' dir='ltr'>ζυγοστάται</span> <span class='ocrx_word' id='word_1_14' title='bbox 1281 251 1328 278; x_wconf 78' lang='grc' dir='ltr'>καὶ</span> <span class='ocrx_word' id='word_1_15' title='bbox 1340 251 1390 286; x_wconf 81' lang='grc' dir='ltr'><strong>τῆς</strong></span> <span class='ocrx_word' id='word_1_16' title='bbox 1407 251 1573 286; x_wconf 80' lang='grc' dir='ltr'>ἁεροπορίας</span> <span class='ocrx_word' id='word_1_17' title='bbox 1585 250 1739 282; x_wconf 77' lang='grc' dir='ltr'>όδοστάται,</span> <span class='ocrx_word' id='word_1_18' title='bbox 1752 250 1828 285; x_wconf 80' lang='grc' dir='ltr'>μόλις</span> 
     </span>
    </p>
   </div>
   <div class='ocr_carea' id='block_1_6' title="bbox 190 299 984 335">
    <p class='ocr_par' dir='ltr' id='par_1_6' title="bbox 190 299 984 335">
     <span class='ocr_line' id='line_1_6' title="bbox 190 299 984 335; baseline -0.015 0"><span class='ocrx_word' id='word_1_19' title='bbox 190 307 326 335; x_wconf 83' lang='lat' dir='ltr'><strong>cationent</strong></span> <span class='ocrx_word' id='word_1_20' title='bbox 343 311 442 335; x_wconf 85' lang='lat' dir='ltr'><strong>meam,</strong></span> <span class='ocrx_word' id='word_1_21' title='bbox 453 307 479 330; x_wconf 91' lang='lat' dir='ltr'><strong>et</strong></span> <span class='ocrx_word' id='word_1_22' title='bbox 492 308 601 329; x_wconf 90' lang='lat' dir='ltr'><strong>omnem</strong></span> <span class='ocrx_word' id='word_1_23' title='bbox 622 299 759 327; x_wconf 80' lang='lat' dir='ltr'><strong>carnalem</strong></span> <span class='ocrx_word' id='word_1_24' title='bbox 772 299 984 333; x_wconf 85' lang='lat' dir='ltr'><strong>culpam,quam</strong></span> 
     </span>
    </p>
   </div>
   <div class='ocr_carea' id='block_1_7' title="bbox 191 345 983 381">
    <p class='ocr_par' dir='ltr' id='par_1_7' title="bbox 191 345 983 381">
     <span class='ocr_line' id='line_1_7' title="bbox 191 345 983 381; baseline -0.016 0"><span class='ocrx_word' id='word_1_25' title='bbox 191 362 206 381; x_wconf 85' lang='lat' dir='ltr'><strong>a</strong></span> <span class='ocrx_word' id='word_1_26' title='bbox 223 352 330 381; x_wconf 81' lang='lat' dir='ltr'><strong>decimo</strong></span> <span class='ocrx_word' id='word_1_27' title='bbox 346 349 435 377; x_wconf 74' lang='lat' dir='ltr'><strong>aetatis</strong></span> <span class='ocrx_word' id='word_1_28' title='bbox 448 354 514 374; x_wconf 73' lang='lat' dir='ltr'><strong>meae</strong></span> <span class='ocrx_word' id='word_1_29' title='bbox 540 353 614 373; x_wconf 89' lang='lat' dir='ltr'><strong>anno</strong></span> <span class='ocrx_word' id='word_1_30' title='bbox 635 345 719 372; x_wconf 82' lang='lat' dir='ltr'><strong>miser</strong></span> <span class='ocrx_word' id='word_1_31' title='bbox 752 348 882 378; x_wconf 82' lang='lat' dir='ltr'><strong>operatus</strong></span> <span class='ocrx_word' id='word_1_32' title='bbox 911 349 983 369; x_wconf 88' lang='lat' dir='ltr'><strong>sum.</strong></span> 
     </span>
    </p>
   </div>
   <div class='ocr_carea' id='block_1_8' title="bbox 194 387 986 427">
    <p class='ocr_par' dir='ltr' id='par_1_8' title="bbox 194 387 986 427">
     <span class='ocr_line' id='line_1_8' title="bbox 194 387 986 427; baseline -0.015 -1"><span class='ocrx_word' id='word_1_33' title='bbox 194 397 402 426; x_wconf 83' lang='lat' dir='ltr'><strong>Excusationem</strong></span> <span class='ocrx_word' id='word_1_34' title='bbox 421 401 485 421; x_wconf 89' lang='lat' dir='ltr'><strong>vero</strong></span> <span class='ocrx_word' id='word_1_35' title='bbox 501 400 551 427; x_wconf 85' lang='lat' dir='ltr'><strong>pro</strong></span> <span class='ocrx_word' id='word_1_36' title='bbox 562 399 605 419; x_wconf 88' lang='lat' dir='ltr'><strong>me</strong></span> <span class='ocrx_word' id='word_1_37' title='bbox 618 390 765 426; x_wconf 83' lang='lat' dir='ltr'><strong>juvenibus</strong></span> <span class='ocrx_word' id='word_1_38' title='bbox 777 389 831 416; x_wconf 87' lang='lat' dir='ltr'><strong>illis</strong></span> <span class='ocrx_word' id='word_1_39' title='bbox 845 387 986 423; x_wconf 71' lang='lat' dir='ltr'><strong>alleganti—</strong></span> 
     </span>
    </p>
   </div>
   <div class='ocr_carea' id='block_1_9' title="bbox 194 435 985 471">
    <p class='ocr_par' dir='ltr' id='par_1_9' title="bbox 194 435 985 471">
     <span class='ocr_line' id='line_1_9' title="bbox 194 435 985 471; baseline -0.015 -1"><span class='ocrx_word' id='word_1_40' title='bbox 194 445 243 470; x_wconf 75' lang='lat' dir='ltr'><strong>lius</strong></span> <span class='ocrx_word' id='word_1_41' title='bbox 257 447 284 469; x_wconf 90' lang='lat' dir='ltr'><strong>et</strong></span> <span class='ocrx_word' id='word_1_42' title='bbox 299 439 454 468; x_wconf 77' lang='lat' dir='ltr'><strong>dicentibus</strong></span> <span class='ocrx_word' id='word_1_43' title='bbox 464 445 507 464; x_wconf 89' lang='lat' dir='ltr'><strong>me</strong></span> <span class='ocrx_word' id='word_1_44' title='bbox 515 435 674 471; x_wconf 85' lang='lat' dir='ltr'><strong>poenitentia</strong></span> <span class='ocrx_word' id='word_1_45' title='bbox 686 438 846 462; x_wconf 86' lang='lat' dir='ltr'><strong>cunctorum</strong></span> <span class='ocrx_word' id='word_1_46' title='bbox 857 438 985 468; x_wconf 89' lang='lat' dir='ltr'><strong>peccato-</strong></span> 
     </span>
    </p>
   </div>
   <div class='ocr_carea' id='block_1_10' title="bbox 194 477 986 515">
    <p class='ocr_par' dir='ltr' id='par_1_10' title="bbox 194 477 986 515">
     <span class='ocr_line' id='line_1_10' title="bbox 194 477 986 515; baseline -0.013 0"><span class='ocrx_word' id='word_1_47' title='bbox 194 496 252 515; x_wconf 87' lang='lat' dir='ltr'><strong>rum</strong></span> <span class='ocrx_word' id='word_1_48' title='bbox 269 489 296 513; x_wconf 86' lang='lat' dir='ltr'><strong>in</strong></span> <span class='ocrx_word' id='word_1_49' title='bbox 309 486 376 513; x_wconf 83' lang='lat' dir='ltr'><strong>urbe</strong></span> <span class='ocrx_word' id='word_1_50' title='bbox 390 483 602 512; x_wconf 88' lang='lat' dir='ltr'><strong>commissorum</strong></span> <span class='ocrx_word' id='word_1_51' title='bbox 620 481 728 508; x_wconf 79' lang='lat' dir='ltr'><strong>veniam</strong></span> <span class='ocrx_word' id='word_1_52' title='bbox 737 478 899 512; x_wconf 86' lang='lat' dir='ltr'><strong>obtinuisse,</strong></span> <span class='ocrx_word' id='word_1_53' title='bbox 919 477 986 505; x_wconf 68' lang='lat' dir='ltr'><strong>«Ve-</strong></span> 
     </span>
    </p>
   </div>
   <div class='ocr_carea' id='block_1_11' title="bbox 194 523 986 568">
    <p class='ocr_par' dir='ltr' id='par_1_11' title="bbox 194 523 986 568">
     <span class='ocr_line' id='line_1_11' title="bbox 194 523 986 568; baseline -0.015 -6"><span class='ocrx_word' id='word_1_54' title='bbox 194 542 265 566; x_wconf 89' lang='lat' dir='ltr'><strong>rum,</strong></span> <span class='ocrx_word' id='word_1_55' title='bbox 275 533 402 568; x_wconf 92' lang='lat' dir='ltr'><strong>inquiunt</strong></span> <span class='ocrx_word' id='word_1_56' title='bbox 410 529 509 557; x_wconf 80' lang='lat' dir='ltr'><strong>funesti</strong></span> <span class='ocrx_word' id='word_1_57' title='bbox 518 527 717 557; x_wconf 83' lang='lat' dir='ltr'><strong>criminatores,</strong></span> <span class='ocrx_word' id='word_1_58' title='bbox 727 531 785 560; x_wconf 89' lang='lat' dir='ltr'><strong>post</strong></span> <span class='ocrx_word' id='word_1_59' title='bbox 797 523 986 559; x_wconf 64' lang='lat' dir='ltr'><strong>paenitentiam</strong></span> 
     </span>
    </p>
   </div>
   <div class='ocr_carea' id='block_1_12' title="bbox 195 569 985 608">
    <p class='ocr_par' dir='ltr' id='par_1_12' title="bbox 195 569 985 608">
     <span class='ocr_line' id='line_1_12' title="bbox 195 569 985 608; baseline -0.014 0"><span class='ocrx_word' id='word_1_60' title='bbox 195 572 334 608; x_wconf 83' lang='lat' dir='ltr'><strong>rursusin</strong></span> <span class='ocrx_word' id='word_1_61' title='bbox 357 576 522 605; x_wconf 82' lang='lat' dir='ltr'><strong>adulterium</strong></span> <span class='ocrx_word' id='word_1_62' title='bbox 536 579 613 602; x_wconf 82' lang='lat' dir='ltr'><strong>extra</strong></span> <span class='ocrx_word' id='word_1_63' title='bbox 632 573 727 600; x_wconf 87' lang='lat' dir='ltr'><strong>urbem</strong></span> <span class='ocrx_word' id='word_1_64' title='bbox 738 571 831 606; x_wconf 86' lang='lat' dir='ltr'><strong>lapsus</strong></span> <span class='ocrx_word' id='word_1_65' title='bbox 844 575 897 603; x_wconf 88' lang='lat' dir='ltr'><strong>est,</strong></span> <span class='ocrx_word' id='word_1_66' title='bbox 909 575 936 598; x_wconf 95' lang='lat' dir='ltr'><strong>et</strong></span> <span class='ocrx_word' id='word_1_67' title='bbox 950 569 985 597; x_wconf 87' lang='lat' dir='ltr'><strong>ita</strong></span> 
     </span>
    </p>
   </div>
   <div class='ocr_carea' id='block_1_13' title="bbox 193 617 986 658">
    <p class='ocr_par' dir='ltr' id='par_1_13' title="bbox 193 617 986 658">
     <span class='ocr_line' id='line_1_13' title="bbox 193 617 986 658; baseline -0.016 -3"><span class='ocrx_word' id='word_1_68' title='bbox 193 626 305 655; x_wconf 87' lang='lat' dir='ltr'><strong>interiit.</strong></span> <span class='ocrx_word' id='word_1_69' title='bbox 322 635 331 651; x_wconf 75' lang='grc' dir='ltr'><strong>ι</strong></span> <span class='ocrx_word' id='word_1_70' title='bbox 344 623 422 658; x_wconf 87' lang='lat' dir='ltr'><strong>Quod</strong></span> <span class='ocrx_word' id='word_1_71' title='bbox 432 629 495 650; x_wconf 85' lang='lat' dir='ltr'><strong>cum</strong></span> <span class='ocrx_word' id='word_1_72' title='bbox 506 620 658 649; x_wconf 87' lang='lat' dir='ltr'><strong>audiissent</strong></span> <span class='ocrx_word' id='word_1_73' title='bbox 671 617 770 653; x_wconf 79' lang='lat' dir='ltr'><strong>angeli,</strong></span> <span class='ocrx_word' id='word_1_74' title='bbox 788 617 986 649; x_wconf 86' lang='lat' dir='ltr'><strong>discesserunt,</strong></span> 
     </span>
    </p>
   </div>
   <div class='ocr_carea' id='block_1_14' title="bbox 196 662 987 701">
    <p class='ocr_par' dir='ltr' id='par_1_14' title="bbox 196 662 987 701">
     <span class='ocr_line' id='line_1_14' title="bbox 196 662 987 701; baseline -0.015 0"><span class='ocrx_word' id='word_1_75' title='bbox 196 671 412 701; x_wconf 71' lang='lat' dir='ltr'><strong>incxcusabiletn</strong></span> <span class='ocrx_word' id='word_1_76' title='bbox 438 675 483 696; x_wconf 89' lang='lat' dir='ltr'><strong>me</strong></span> <span class='ocrx_word' id='word_1_77' title='bbox 505 667 703 701; x_wconf 79' lang='lat' dir='ltr'><strong>relinquentes,</strong></span> <span class='ocrx_word' id='word_1_78' title='bbox 721 662 799 699; x_wconf 91' lang='lat' dir='ltr'><strong>quasi</strong></span> <span class='ocrx_word' id='word_1_79' title='bbox 811 662 867 698; x_wconf 79' lang='lat' dir='ltr'><strong>jam</strong></span> <span class='ocrx_word' id='word_1_80' title='bbox 882 662 987 689; x_wconf 86' lang='lat' dir='ltr'><strong>nullum</strong></span> 
     </span>
    </p>
   </div>
   <div class='ocr_carea' id='block_1_15' title="bbox 194 707 990 755">
    <p class='ocr_par' dir='ltr' id='par_1_15' title="bbox 194 707 990 755">
     <span class='ocr_line' id='line_1_15' title="bbox 194 707 990 755; baseline -0.016 -8"><span class='ocrx_word' id='word_1_81' title='bbox 194 727 264 755; x_wconf 88' lang='lat' dir='ltr'><strong>opus</strong></span> <span class='ocrx_word' id='word_1_82' title='bbox 280 718 383 745; x_wconf 90' lang='lat' dir='ltr'><strong>bonum</strong></span> <span class='ocrx_word' id='word_1_83' title='bbox 414 714 570 743; x_wconf 82' lang='lat' dir='ltr'><strong>habentem.</strong></span> <span class='ocrx_word' id='word_1_84' title='bbox 601 710 634 738; x_wconf 88' lang='lat' dir='ltr'><strong>Et</strong></span> <span class='ocrx_word' id='word_1_85' title='bbox 661 710 797 745; x_wconf 80' lang='lat' dir='ltr'><strong>rapientes</strong></span> <span class='ocrx_word' id='word_1_86' title='bbox 822 717 866 736; x_wconf 91' lang='lat' dir='ltr'><strong>me</strong></span> <span class='ocrx_word' id='word_1_87' title='bbox 883 707 990 735; x_wconf 61' lang='lat' dir='ltr'><strong>[Ethio-</strong></span> 
     </span>
    </p>
   </div>
   <div class='ocr_carea' id='block_1_16' title="bbox 197 754 989 801">
    <p class='ocr_par' dir='ltr' id='par_1_16' title="bbox 197 754 989 801">
     <span class='ocr_line' id='line_1_16' title="bbox 197 754 989 801; baseline -0.016 -8"><span class='ocrx_word' id='word_1_88' title='bbox 197 754 242 801; x_wconf 85' lang='lat' dir='ltr'><strong>pes</strong></span> <span class='ocrx_word' id='word_1_89' title='bbox 257 764 307 796; x_wconf 86' lang='lat' dir='ltr'><strong>illi,</strong></span> <span class='ocrx_word' id='word_1_90' title='bbox 340 771 403 791; x_wconf 90' lang='lat' dir='ltr'><strong>cum</strong></span> <span class='ocrx_word' id='word_1_91' title='bbox 431 760 592 788; x_wconf 83' lang='lat' dir='ltr'><strong>verberibus</strong></span> <span class='ocrx_word' id='word_1_92' title='bbox 617 765 661 784; x_wconf 87' lang='lat' dir='ltr'><strong>me</strong></span> <span class='ocrx_word' id='word_1_93' title='bbox 690 757 717 784; x_wconf 92' lang='lat' dir='ltr'><strong>in</strong></span> <span class='ocrx_word' id='word_1_94' title='bbox 746 761 845 783; x_wconf 89' lang='lat' dir='ltr'><strong>terram</strong></span> <span class='ocrx_word' id='word_1_95' title='bbox 873 754 989 782; x_wconf 81' lang='lat' dir='ltr'><strong>reduxe-</strong></span> 
     </span>
    </p>
   </div>
   <div class='ocr_carea' id='block_1_17' title="bbox 197 801 989 841">
    <p class='ocr_par' dir='ltr' id='par_1_17' title="bbox 197 801 989 841">
     <span class='ocr_line' id='line_1_17' title="bbox 197 801 989 841; baseline -0.015 -3"><span class='ocrx_word' id='word_1_96' title='bbox 197 816 272 839; x_wconf 87' lang='lat' dir='ltr'><strong>runt.</strong></span> <span class='ocrx_word' id='word_1_97' title='bbox 297 810 330 837; x_wconf 88' lang='lat' dir='ltr'><strong>Et</strong></span> <span class='ocrx_word' id='word_1_98' title='bbox 349 807 478 837; x_wconf 88' lang='lat' dir='ltr'><strong>descendi</strong></span> <span class='ocrx_word' id='word_1_99' title='bbox 510 813 558 841; x_wconf 91' lang='lat' dir='ltr'><strong>per</strong></span> <span class='ocrx_word' id='word_1_100' title='bbox 583 805 641 831; x_wconf 88' lang='lat' dir='ltr'><strong>vias</strong></span> <span class='ocrx_word' id='word_1_101' title='bbox 666 808 757 830; x_wconf 90' lang='lat' dir='ltr'><strong>arctas</strong></span> <span class='ocrx_word' id='word_1_102' title='bbox 772 809 804 829; x_wconf 88' lang='lat' dir='ltr'><strong>ac</strong></span> <span class='ocrx_word' id='word_1_103' title='bbox 821 801 989 832; x_wconf 83' lang='lat' dir='ltr'><strong>tenebrosas,</strong></span> 
     </span>
    </p>
   </div>
   <div class='ocr_carea' id='block_1_18' title="bbox 196 847 992 889">
    <p class='ocr_par' dir='ltr' id='par_1_18' title="bbox 196 847 992 889">
     <span class='ocr_line' id='line_1_18' title="bbox 196 847 992 889; baseline -0.015 -3"><span class='ocrx_word' id='word_1_104' title='bbox 196 857 382 885; x_wconf 74' lang='lat' dir='ltr'><strong>lmtidissimas</strong></span> <span class='ocrx_word' id='word_1_105' title='bbox 411 858 494 889; x_wconf 87' lang='lat' dir='ltr'><strong>atque</strong></span> <span class='ocrx_word' id='word_1_106' title='bbox 521 849 750 880; x_wconf 88' lang='lat' dir='ltr'><strong>horrendissimas</strong></span> <span class='ocrx_word' id='word_1_107' title='bbox 772 855 860 883; x_wconf 86' lang='lat' dir='ltr'><strong>usque</strong></span> <span class='ocrx_word' id='word_1_108' title='bbox 879 847 913 875; x_wconf 88' lang='lat' dir='ltr'><strong>ad</strong></span> <span class='ocrx_word' id='word_1_109' title='bbox 934 854 992 882; x_wconf 87' lang='lat' dir='ltr'><strong>spe-</strong></span> 
     </span>
    </p>
   </div>
   <div class='ocr_carea' id='block_1_19' title="bbox 196 894 992 933">
    <p class='ocr_par' dir='ltr' id='par_1_19' title="bbox 196 894 992 933">
     <span class='ocr_line' id='line_1_19' title="bbox 196 894 992 933; baseline -0.014 -1"><span class='ocrx_word' id='word_1_110' title='bbox 196 906 291 933; x_wconf 83' lang='lat' dir='ltr'><strong>luncas</strong></span> <span class='ocrx_word' id='word_1_111' title='bbox 330 901 523 930; x_wconf 87' lang='lat' dir='ltr'><strong>subterraneas</strong></span> <span class='ocrx_word' id='word_1_112' title='bbox 537 902 564 926; x_wconf 90' lang='lat' dir='ltr'><strong>et</strong></span> <span class='ocrx_word' id='word_1_113' title='bbox 583 904 709 925; x_wconf 85' lang='lat' dir='ltr'><strong>carceres</strong></span> <span class='ocrx_word' id='word_1_114' title='bbox 729 895 839 928; x_wconf 77' lang='lat' dir='ltr'><strong>inferni,</strong></span> <span class='ocrx_word' id='word_1_115' title='bbox 866 894 912 922; x_wconf 91' lang='lat' dir='ltr'><strong>ubi</strong></span> <span class='ocrx_word' id='word_1_116' title='bbox 928 901 992 929; x_wconf 88' lang='lat' dir='ltr'><strong>pec-</strong></span> 
     </span>
    </p>
   </div>
   <div class='ocr_carea' id='block_1_20' title="bbox 195 941 989 978">
    <p class='ocr_par' dir='ltr' id='par_1_20' title="bbox 195 941 989 978">
     <span class='ocr_line' id='line_1_20' title="bbox 195 941 989 978; baseline -0.014 0"><span class='ocrx_word' id='word_1_117' title='bbox 195 955 319 978; x_wconf 83' lang='lat' dir='ltr'><strong>catorum</strong></span> <span class='ocrx_word' id='word_1_118' title='bbox 331 947 429 975; x_wconf 62' lang='lat' dir='ltr'><strong>animae</strong></span> <span class='ocrx_word' id='word_1_119' title='bbox 442 945 642 973; x_wconf 86' lang='lat' dir='ltr'><strong>concluduntur</strong></span> <span class='ocrx_word' id='word_1_120' title='bbox 657 943 683 970; x_wconf 91' lang='lat' dir='ltr'><strong>in</strong></span> <span class='ocrx_word' id='word_1_121' title='bbox 701 946 798 969; x_wconf 85' lang='lat' dir='ltr'><strong>terram</strong></span> <span class='ocrx_word' id='word_1_122' title='bbox 814 941 989 968; x_wconf 84' lang='lat' dir='ltr'><strong>tenebrosam</strong></span> 
     </span>
    </p>
   </div>
   <div class='ocr_carea' id='block_1_21' title="bbox 195 987 991 1026">
    <p class='ocr_par' dir='ltr' id='par_1_21' title="bbox 195 987 991 1026">
     <span class='ocr_line' id='line_1_21' title="bbox 195 987 991 1026; baseline -0.014 -1"><span class='ocrx_word' id='word_1_123' title='bbox 195 1002 223 1025; x_wconf 88' lang='lat' dir='ltr'><strong>et</strong></span> <span class='ocrx_word' id='word_1_124' title='bbox 235 995 405 1026; x_wconf 82' lang='lat' dir='ltr'><strong>horribilem,</strong></span> <span class='ocrx_word' id='word_1_125' title='bbox 421 993 448 1020; x_wconf 90' lang='lat' dir='ltr'><strong>in</strong></span> <span class='ocrx_word' id='word_1_126' title='bbox 475 996 576 1019; x_wconf 88' lang='lat' dir='ltr'><strong>terram</strong></span> <span class='ocrx_word' id='word_1_127' title='bbox 600 989 726 1024; x_wconf 80' lang='lat' dir='ltr'><strong>ealiginis</strong></span> <span class='ocrx_word' id='word_1_128' title='bbox 740 994 860 1020; x_wconf 67' lang='lat' dir='ltr'><strong>aeternae,</strong></span> <span class='ocrx_word' id='word_1_129' title='bbox 876 987 920 1015; x_wconf 85' lang='lat' dir='ltr'><strong>ubi</strong></span> <span class='ocrx_word' id='word_1_130' title='bbox 933 987 991 1023; x_wconf 81' lang='lat' dir='ltr'><strong>jam</strong></span> 
     </span>
    </p>
   </div>
   <div class='ocr_carea' id='block_1_22' title="bbox 198 1034 993 1069">
    <p class='ocr_par' dir='ltr' id='par_1_22' title="bbox 198 1034 993 1069">
     <span class='ocr_line' id='line_1_22' title="bbox 198 1034 993 1069; baseline -0.011 0"><span class='ocrx_word' id='word_1_131' title='bbox 198 1050 251 1069; x_wconf 91' lang='lat' dir='ltr'><strong>non</strong></span> <span class='ocrx_word' id='word_1_132' title='bbox 273 1041 366 1068; x_wconf 93' lang='lat' dir='ltr'><strong>lumen</strong></span> <span class='ocrx_word' id='word_1_133' title='bbox 382 1046 432 1066; x_wconf 85' lang='lat' dir='ltr'><strong>nec</strong></span> <span class='ocrx_word' id='word_1_134' title='bbox 458 1038 541 1065; x_wconf 87' lang='lat' dir='ltr'><strong>vitam</strong></span> <span class='ocrx_word' id='word_1_135' title='bbox 563 1035 719 1064; x_wconf 83' lang='lat' dir='ltr'><strong>mortalium</strong></span> <span class='ocrx_word' id='word_1_136' title='bbox 745 1035 837 1063; x_wconf 80' lang='lat' dir='ltr'><strong>videre</strong></span> <span class='ocrx_word' id='word_1_137' title='bbox 852 1038 903 1065; x_wconf 83' lang='lat' dir='ltr'><strong>est.</strong></span> <span class='ocrx_word' id='word_1_138' title='bbox 921 1034 993 1061; x_wconf 81' lang='lat' dir='ltr'><strong>sicut</strong></span> 
     </span>
    </p>
   </div>
   <div class='ocr_carea' id='block_1_23' title="bbox 198 1079 992 1123">
    <p class='ocr_par' dir='ltr' id='par_1_23' title="bbox 198 1079 992 1123">
     <span class='ocr_line' id='line_1_23' title="bbox 198 1079 992 1123; baseline -0.013 -7"><span class='ocrx_word' id='word_1_139' title='bbox 198 1088 331 1123; x_wconf 88' lang='lat' dir='ltr'><strong>scriptum</strong></span> <span class='ocrx_word' id='word_1_140' title='bbox 358 1091 410 1118; x_wconf 86' lang='lat' dir='ltr'><strong>est,</strong></span> <span class='ocrx_word' id='word_1_141' title='bbox 434 1084 480 1112; x_wconf 88' lang='lat' dir='ltr'><strong>scd</strong></span> <span class='ocrx_word' id='word_1_142' title='bbox 522 1083 598 1110; x_wconf 85' lang='lat' dir='ltr'><strong>adest</strong></span> <span class='ocrx_word' id='word_1_143' title='bbox 627 1081 786 1109; x_wconf 86' lang='lat' dir='ltr'><strong>lamentatio</strong></span> <span class='ocrx_word' id='word_1_144' title='bbox 820 1085 846 1108; x_wconf 92' lang='lat' dir='ltr'><strong>et</strong></span> <span class='ocrx_word' id='word_1_145' title='bbox 880 1079 992 1107; x_wconf 81' lang='lat' dir='ltr'><strong>aﬂlictio</strong></span> 
     </span>
    </p>
   </div>
   <div class='ocr_carea' id='block_1_24' title="bbox 197 1125 992 1161">
    <p class='ocr_par' dir='ltr' id='par_1_24' title="bbox 197 1125 992 1161">
     <span class='ocr_line' id='line_1_24' title="bbox 197 1125 992 1161; baseline -0.011 -1"><span class='ocrx_word' id='word_1_146' title='bbox 197 1137 300 1160; x_wconf 72' lang='lat' dir='ltr'><strong>aeterna</strong></span> <span class='ocrx_word' id='word_1_147' title='bbox 327 1135 353 1158; x_wconf 91' lang='lat' dir='ltr'><strong>et</strong></span> <span class='ocrx_word' id='word_1_148' title='bbox 365 1128 572 1157; x_wconf 87' lang='lat' dir='ltr'><strong>inconsolabilis</strong></span> <span class='ocrx_word' id='word_1_149' title='bbox 597 1132 625 1155; x_wconf 88' lang='lat' dir='ltr'><strong>et</strong></span> <span class='ocrx_word' id='word_1_150' title='bbox 653 1128 771 1161; x_wconf 76' lang='lat' dir='ltr'><strong>gemitus</strong></span> <span class='ocrx_word' id='word_1_151' title='bbox 782 1125 992 1160; x_wconf 75' lang='lat' dir='ltr'><strong>inexstinguibi-</strong></span> 
     </span>
    </p>
   </div>
   <div class='ocr_carea' id='block_1_25' title="bbox 198 1171 992 1211">
    <p class='ocr_par' dir='ltr' id='par_1_25' title="bbox 198 1171 992 1211">
     <span class='ocr_line' id='line_1_25' title="bbox 198 1171 992 1211; baseline -0.011 -5"><span class='ocrx_word' id='word_1_152' title='bbox 198 1179 242 1206; x_wconf 90' lang='lat' dir='ltr'><strong>lis.</strong></span> <span class='ocrx_word' id='word_1_153' title='bbox 261 1176 456 1211; x_wconf 85' lang='lat' dir='ltr'><strong>Unusquisque</strong></span> <span class='ocrx_word' id='word_1_154' title='bbox 484 1174 558 1201; x_wconf 88' lang='lat' dir='ltr'><strong>enim</strong></span> <span class='ocrx_word' id='word_1_155' title='bbox 588 1180 684 1201; x_wconf 91' lang='lat' dir='ltr'><strong>eorum</strong></span> <span class='ocrx_word' id='word_1_156' title='bbox 712 1172 759 1207; x_wconf 89' lang='lat' dir='ltr'><strong>qui</strong></span> <span class='ocrx_word' id='word_1_157' title='bbox 779 1171 835 1198; x_wconf 91' lang='lat' dir='ltr'><strong>illic</strong></span> <span class='ocrx_word' id='word_1_158' title='bbox 852 1175 916 1198; x_wconf 87' lang='lat' dir='ltr'><strong>sunt</strong></span> <span class='ocrx_word' id='word_1_159' title='bbox 926 1177 992 1197; x_wconf 90' lang='lat' dir='ltr'><strong>suos</strong></span> 
     </span>
    </p>
   </div>
   <div class='ocr_carea' id='block_1_26' title="bbox 199 1215 993 1259">
    <p class='ocr_par' dir='ltr' id='par_1_26' title="bbox 199 1215 993 1259">
     <span class='ocr_line' id='line_1_26' title="bbox 199 1215 993 1259; baseline -0.011 -8"><span class='ocrx_word' id='word_1_160' title='bbox 199 1231 298 1259; x_wconf 84' lang='lat' dir='ltr'><strong>pravos</strong></span> <span class='ocrx_word' id='word_1_161' title='bbox 312 1226 390 1249; x_wconf 86' lang='lat' dir='ltr'><strong>actus</strong></span> <span class='ocrx_word' id='word_1_162' title='bbox 407 1219 556 1248; x_wconf 85' lang='lat' dir='ltr'><strong>recordans</strong></span> <span class='ocrx_word' id='word_1_163' title='bbox 575 1224 602 1246; x_wconf 79' lang='lat' dir='ltr'><strong>Cl</strong></span> <span class='ocrx_word' id='word_1_164' title='bbox 619 1222 748 1253; x_wconf 85' lang='lat' dir='ltr'><strong>reputans</strong></span> <span class='ocrx_word' id='word_1_165' title='bbox 776 1224 924 1252; x_wconf 83' lang='lat' dir='ltr'><strong>quamnam</strong></span> <span class='ocrx_word' id='word_1_166' title='bbox 945 1215 993 1251; x_wconf 89' lang='lat' dir='ltr'><strong>ju-</strong></span> 
     </span>
    </p>
   </div>
   <div class='ocr_carea' id='block_1_27' title="bbox 198 1263 992 1301">
    <p class='ocr_par' dir='ltr' id='par_1_27' title="bbox 198 1263 992 1301">
     <span class='ocr_line' id='line_1_27' title="bbox 198 1263 992 1301; baseline -0.008 -5"><span class='ocrx_word' id='word_1_167' title='bbox 198 1268 391 1297; x_wconf 83' lang='lat' dir='ltr'><strong>stiticationem</strong></span> <span class='ocrx_word' id='word_1_168' title='bbox 424 1265 500 1301; x_wconf 87' lang='lat' dir='ltr'><strong>justo</strong></span> <span class='ocrx_word' id='word_1_169' title='bbox 534 1265 618 1300; x_wconf 88' lang='lat' dir='ltr'><strong>judici</strong></span> <span class='ocrx_word' id='word_1_170' title='bbox 659 1264 771 1296; x_wconf 82' lang='lat' dir='ltr'><strong>aﬂ‘erat,</strong></span> <span class='ocrx_word' id='word_1_171' title='bbox 799 1268 826 1290; x_wconf 90' lang='lat' dir='ltr'><strong>et</strong></span> <span class='ocrx_word' id='word_1_172' title='bbox 855 1263 992 1298; x_wconf 88' lang='lat' dir='ltr'><strong>quomodo</strong></span> 
     </span>
    </p>
   </div>
   <div class='ocr_carea' id='block_1_28' title="bbox 198 1309 993 1352">
    <p class='ocr_par' dir='ltr' id='par_1_28' title="bbox 198 1309 993 1352">
     <span class='ocr_line' id='line_1_28' title="bbox 198 1309 993 1352; baseline -0.008 -10"><span class='ocrx_word' id='word_1_173' title='bbox 198 1322 306 1349; x_wconf 81' lang='lat' dir='ltr'><strong>pcenam</strong></span> <span class='ocrx_word' id='word_1_174' title='bbox 329 1313 524 1347; x_wconf 82' lang='lat' dir='ltr'><strong>sempiternam</strong></span> <span class='ocrx_word' id='word_1_175' title='bbox 546 1311 683 1339; x_wconf 84' lang='lat' dir='ltr'><strong>sustinere</strong></span> <span class='ocrx_word' id='word_1_176' title='bbox 709 1310 807 1345; x_wconf 86' lang='lat' dir='ltr'><strong>possit,</strong></span> <span class='ocrx_word' id='word_1_177' title='bbox 835 1309 993 1352; x_wconf 72' lang='lat' dir='ltr'><strong>terribiliter</strong></span> 
     </span>
    </p>
   </div>
   <div class='ocr_carea' id='block_1_29' title="bbox 200 1356 993 1394">
    <p class='ocr_par' dir='ltr' id='par_1_29' title="bbox 200 1356 993 1394">
     <span class='ocr_line' id='line_1_29' title="bbox 200 1356 993 1394; baseline -0.005 -6"><span class='ocrx_word' id='word_1_178' title='bbox 200 1360 369 1389; x_wconf 85' lang='lat' dir='ltr'><strong>conscientia</strong></span> <span class='ocrx_word' id='word_1_179' title='bbox 387 1363 597 1394; x_wconf 59' lang='lat' dir='ltr'><strong>pratorquetur,</strong></span> <span class='ocrx_word' id='word_1_180' title='bbox 625 1362 652 1385; x_wconf 84' lang='lat' dir='ltr'><strong>et</strong></span> <span class='ocrx_word' id='word_1_181' title='bbox 668 1358 790 1392; x_wconf 84' lang='lat' dir='ltr'><strong>insuper,</strong></span> <span class='ocrx_word' id='word_1_182' title='bbox 814 1356 993 1384; x_wconf 88' lang='lat' dir='ltr'><strong>considerans</strong></span> 
     </span>
    </p>
   </div>
   <div class='ocr_carea' id='block_1_30' title="bbox 200 1401 992 1441">
    <p class='ocr_par' dir='ltr' id='par_1_30' title="bbox 200 1401 992 1441">
     <span class='ocr_line' id='line_1_30' title="bbox 200 1401 992 1441; baseline -0.009 -6"><span class='ocrx_word' id='word_1_183' title='bbox 200 1416 214 1435; x_wconf 89' lang='lat' dir='ltr'><strong>a</strong></span> <span class='ocrx_word' id='word_1_184' title='bbox 233 1407 288 1435; x_wconf 88' lang='lat' dir='ltr'><strong>Deo</strong></span> <span class='ocrx_word' id='word_1_185' title='bbox 316 1406 519 1441; x_wconf 84' lang='lat' dir='ltr'><strong>separationem</strong></span> <span class='ocrx_word' id='word_1_186' title='bbox 549 1412 654 1433; x_wconf 86' lang='lat' dir='ltr'><strong>necnon</strong></span> <span class='ocrx_word' id='word_1_187' title='bbox 677 1411 692 1430; x_wconf 92' lang='lat' dir='ltr'><strong>a</strong></span> <span class='ocrx_word' id='word_1_188' title='bbox 720 1401 806 1438; x_wconf 75' lang='lat' dir='ltr'><strong>gloria</strong></span> <span class='ocrx_word' id='word_1_189' title='bbox 834 1407 992 1429; x_wconf 90' lang='lat' dir='ltr'><strong>sanctorum</strong></span> 
     </span>
    </p>
   </div>
   <div class='ocr_carea' id='block_1_31' title="bbox 200 1448 993 1488">
    <p class='ocr_par' dir='ltr' id='par_1_31' title="bbox 200 1448 993 1488">
     <span class='ocr_line' id='line_1_31' title="bbox 200 1448 993 1488; baseline -0.009 -7"><span class='ocrx_word' id='word_1_190' title='bbox 200 1454 272 1488; x_wconf 72' lang='lat' dir='ltr'><strong>eius,</strong></span> <span class='ocrx_word' id='word_1_191' title='bbox 290 1457 318 1480; x_wconf 89' lang='lat' dir='ltr'><strong>et</strong></span> <span class='ocrx_word' id='word_1_192' title='bbox 339 1460 402 1481; x_wconf 92' lang='lat' dir='ltr'><strong>cum</strong></span> <span class='ocrx_word' id='word_1_193' title='bbox 418 1452 529 1480; x_wconf 83' lang='lat' dir='ltr'><strong>diabolo</strong></span> <span class='ocrx_word' id='word_1_194' title='bbox 550 1451 719 1486; x_wconf 89' lang='lat' dir='ltr'><strong>punitionem</strong></span> <span class='ocrx_word' id='word_1_195' title='bbox 739 1449 893 1476; x_wconf 72' lang='lat' dir='ltr'><strong>dazmonum</strong></span> <span class='ocrx_word' id='word_1_196' title='bbox 909 1448 993 1475; x_wconf 85' lang='lat' dir='ltr'><strong>inter-</strong></span> 
     </span>
    </p>
   </div>
   <div class='ocr_carea' id='block_1_32' title="bbox 201 1493 993 1529">
    <p class='ocr_par' dir='ltr' id='par_1_32' title="bbox 201 1493 993 1529">
     <span class='ocr_line' id='line_1_32' title="bbox 201 1493 993 1529; baseline -0.009 -2"><span class='ocrx_word' id='word_1_197' title='bbox 201 1499 358 1527; x_wconf 90' lang='lat' dir='ltr'><strong>minabilem</strong></span> <span class='ocrx_word' id='word_1_198' title='bbox 389 1504 418 1526; x_wconf 88' lang='lat' dir='ltr'><strong>et</strong></span> <span class='ocrx_word' id='word_1_199' title='bbox 446 1497 630 1529; x_wconf 89' lang='lat' dir='ltr'><strong>insolabilem,</strong></span> <span class='ocrx_word' id='word_1_200' title='bbox 656 1495 783 1523; x_wconf 85' lang='lat' dir='ltr'><strong>tristatur</strong></span> <span class='ocrx_word' id='word_1_201' title='bbox 814 1498 842 1522; x_wconf 87' lang='lat' dir='ltr'><strong>et</strong></span> <span class='ocrx_word' id='word_1_202' title='bbox 857 1493 993 1529; x_wconf 79' lang='lat' dir='ltr'><strong>gemiscit.</strong></span> 
     </span>
    </p>
   </div>
   <div class='ocr_carea' id='block_1_33' title="bbox 200 1539 993 1580">
    <p class='ocr_par' dir='ltr' id='par_1_33' title="bbox 200 1539 993 1580">
     <span class='ocr_line' id='line_1_33' title="bbox 200 1539 993 1580; baseline -0.009 -7"><span class='ocrx_word' id='word_1_203' title='bbox 200 1546 269 1574; x_wconf 79' lang='lat' dir='ltr'><strong>Cum</strong></span> <span class='ocrx_word' id='word_1_204' title='bbox 304 1545 404 1580; x_wconf 89' lang='lat' dir='ltr'><strong>quibus</strong></span> <span class='ocrx_word' id='word_1_205' title='bbox 443 1552 493 1579; x_wconf 75' lang='lat' dir='ltr'><strong>ego</strong></span> <span class='ocrx_word' id='word_1_206' title='bbox 520 1542 667 1570; x_wconf 85' lang='lat' dir='ltr'><strong>conclusus</strong></span> <span class='ocrx_word' id='word_1_207' title='bbox 701 1546 728 1568; x_wconf 89' lang='lat' dir='ltr'><strong>et</strong></span> <span class='ocrx_word' id='word_1_208' title='bbox 762 1539 993 1575; x_wconf 81' lang='lat' dir='ltr'><strong>laerymabundus</strong></span> 
     </span>
    </p>
   </div>
   <div class='ocr_carea' id='block_1_34' title="bbox 202 1587 1029 1632">
    <p class='ocr_par' dir='ltr' id='par_1_34' title="bbox 202 1587 1029 1632">
     <span class='ocr_line' id='line_1_34' title="bbox 202 1587 1029 1632; baseline -0.008 -13"><span class='ocrx_word' id='word_1_209' title='bbox 202 1591 283 1619; x_wconf 87' lang='lat' dir='ltr'><strong>video</strong></span> <span class='ocrx_word' id='word_1_210' title='bbox 299 1592 368 1618; x_wconf 81' lang='lat' dir='ltr'><strong>duos</strong></span> <span class='ocrx_word' id='word_1_211' title='bbox 380 1591 495 1625; x_wconf 82' lang='lat' dir='ltr'><strong>juvenes</strong></span> <span class='ocrx_word' id='word_1_212' title='bbox 525 1589 587 1616; x_wconf 80' lang='lat' dir='ltr'><strong>illos</strong></span> <span class='ocrx_word' id='word_1_213' title='bbox 613 1588 756 1615; x_wconf 77' lang='lat' dir='ltr'><strong>venientes</strong></span> <span class='ocrx_word' id='word_1_214' title='bbox 791 1587 827 1613; x_wconf 90' lang='lat' dir='ltr'><strong>ibi</strong></span> <span class='ocrx_word' id='word_1_215' title='bbox 843 1594 952 1614; x_wconf 86' lang='lat' dir='ltr'><strong>rursum</strong></span> <span class='ocrx_word' id='word_1_216' title='bbox 967 1590 995 1613; x_wconf 82' lang='lat' dir='ltr'><strong>et</strong></span> <span class='ocrx_word' id='word_1_217' title='bbox 1007 1602 1029 1632; x_wconf 63' lang='grc' dir='ltr'><strong><em>ε</em></strong></span> 
     </span>
    </p>
   </div>
   <div class='ocr_carea' id='block_1_35' title="bbox 202 1631 995 1673">
    <p class='ocr_par' dir='ltr' id='par_1_35' title="bbox 202 1631 995 1673">
     <span class='ocr_line' id='line_1_35' title="bbox 202 1631 995 1673; baseline -0.01 -7"><span class='ocrx_word' id='word_1_218' title='bbox 202 1639 263 1666; x_wconf 88' lang='lat' dir='ltr'><strong>illos</strong></span> <span class='ocrx_word' id='word_1_219' title='bbox 280 1645 348 1673; x_wconf 70' lang='lat' dir='ltr'><strong>rogo</strong></span> <span class='ocrx_word' id='word_1_220' title='bbox 366 1641 394 1664; x_wconf 87' lang='lat' dir='ltr'><strong>ut</strong></span> <span class='ocrx_word' id='word_1_221' title='bbox 418 1644 449 1663; x_wconf 84' lang='lat' dir='ltr'><strong>ex</strong></span> <span class='ocrx_word' id='word_1_222' title='bbox 467 1635 511 1662; x_wconf 84' lang='lat' dir='ltr'><strong>illa</strong></span> <span class='ocrx_word' id='word_1_223' title='bbox 533 1634 672 1661; x_wconf 88' lang='lat' dir='ltr'><strong>tremenda</strong></span> <span class='ocrx_word' id='word_1_224' title='bbox 703 1632 828 1659; x_wconf 89' lang='lat' dir='ltr'><strong>custodia</strong></span> <span class='ocrx_word' id='word_1_225' title='bbox 847 1631 995 1667; x_wconf 86' lang='lat' dir='ltr'><strong>supplicio-</strong></span> 
     </span>
    </p>
   </div>
   <div class='ocr_carea' id='block_1_36' title="bbox 201 1678 995 1718">
    <p class='ocr_par' dir='ltr' id='par_1_36' title="bbox 201 1678 995 1718">
     <span class='ocr_line' id='line_1_36' title="bbox 201 1678 995 1718; baseline -0.006 -9"><span class='ocrx_word' id='word_1_226' title='bbox 201 1692 255 1718; x_wconf 81' lang='lat' dir='ltr'><strong>quc</strong></span> <span class='ocrx_word' id='word_1_227' title='bbox 281 1685 401 1711; x_wconf 86' lang='lat' dir='ltr'><strong>educant</strong></span> <span class='ocrx_word' id='word_1_228' title='bbox 425 1689 480 1713; x_wconf 85' lang='lat' dir='ltr'><strong>me,</strong></span> <span class='ocrx_word' id='word_1_229' title='bbox 512 1686 541 1708; x_wconf 92' lang='lat' dir='ltr'><strong>ut</strong></span> <span class='ocrx_word' id='word_1_230' title='bbox 558 1680 746 1716; x_wconf 80' lang='lat' dir='ltr'><strong>paenitentiam</strong></span> <span class='ocrx_word' id='word_1_231' title='bbox 773 1686 850 1712; x_wconf 77' lang='lat' dir='ltr'><strong>agam</strong></span> <span class='ocrx_word' id='word_1_232' title='bbox 867 1687 873 1705; x_wconf 94' lang='lat'><strong>:</strong></span> <span class='ocrx_word' id='word_1_233' title='bbox 891 1678 938 1713; x_wconf 92' lang='lat' dir='ltr'><strong>qui</strong></span> <span class='ocrx_word' id='word_1_234' title='bbox 953 1679 995 1705; x_wconf 90' lang='lat' dir='ltr'><strong>di-</strong></span> 
     </span>
    </p>
   </div>
   <div class='ocr_carea' id='block_1_37' title="bbox 201 1724 994 1760">
    <p class='ocr_par' dir='ltr' id='par_1_37' title="bbox 201 1724 994 1760">
     <span class='ocr_line' id='line_1_37' title="bbox 201 1724 994 1760; baseline -0.006 -3"><span class='ocrx_word' id='word_1_235' title='bbox 201 1735 267 1757; x_wconf 68' lang='lat' dir='ltr'><strong>cunt</strong></span> <span class='ocrx_word' id='word_1_236' title='bbox 281 1731 313 1757; x_wconf 78' lang='lat' dir='ltr'><strong>ad</strong></span> <span class='ocrx_word' id='word_1_237' title='bbox 330 1737 373 1756; x_wconf 87' lang='lat' dir='ltr'><strong>me</strong></span> <span class='ocrx_word' id='word_1_238' title='bbox 389 1738 397 1758; x_wconf 70' lang='grc' dir='ltr'><strong>ς</strong></span> <span class='ocrx_word' id='word_1_239' title='bbox 416 1737 424 1753; x_wconf 78' lang='grc' dir='ltr'><strong>ι</strong></span> <span class='ocrx_word' id='word_1_240' title='bbox 441 1727 555 1754; x_wconf 82' lang='lat' dir='ltr'><strong>Frustra</strong></span> <span class='ocrx_word' id='word_1_241' title='bbox 580 1733 660 1760; x_wconf 78' lang='lat' dir='ltr'><strong>rogas</strong></span> <span class='ocrx_word' id='word_1_242' title='bbox 679 1734 686 1751; x_wconf 90' lang='lat'><strong>:</strong></span> <span class='ocrx_word' id='word_1_243' title='bbox 704 1732 785 1751; x_wconf 87' lang='lat' dir='ltr'><strong>nemo</strong></span> <span class='ocrx_word' id='word_1_244' title='bbox 811 1724 948 1759; x_wconf 79' lang='lat' dir='ltr'><strong>egreditur</strong></span> <span class='ocrx_word' id='word_1_245' title='bbox 961 1725 994 1752; x_wconf 88' lang='lat' dir='ltr'><strong>il-</strong></span> 
     </span>
    </p>
   </div>
   <div class='ocr_carea' id='block_1_38' title="bbox 201 1769 994 1810">
    <p class='ocr_par' dir='ltr' id='par_1_38' title="bbox 201 1769 994 1810">
     <span class='ocr_line' id='line_1_38' title="bbox 201 1769 994 1810; baseline -0.006 -7"><span class='ocrx_word' id='word_1_246' title='bbox 201 1777 254 1804; x_wconf 88' lang='lat' dir='ltr'><strong>linc</strong></span> <span class='ocrx_word' id='word_1_247' title='bbox 271 1782 357 1810; x_wconf 86' lang='lat' dir='ltr'><strong>usque</strong></span> <span class='ocrx_word' id='word_1_248' title='bbox 368 1774 400 1800; x_wconf 87' lang='lat' dir='ltr'><strong>ad</strong></span> <span class='ocrx_word' id='word_1_249' title='bbox 414 1779 586 1799; x_wconf 84' lang='lat' dir='ltr'><strong>communem</strong></span> <span class='ocrx_word' id='word_1_250' title='bbox 597 1770 836 1797; x_wconf 83' lang='lat' dir='ltr'><strong>resurrectionem.</strong></span> <span class='ocrx_word' id='word_1_251' title='bbox 849 1779 858 1795; x_wconf 79' lang='grc' dir='ltr'><strong>ι</strong></span> <span class='ocrx_word' id='word_1_252' title='bbox 871 1769 994 1798; x_wconf 89' lang='lat' dir='ltr'><strong>Orationi</strong></span> 
     </span>
    </p>
   </div>
   <div class='ocr_carea' id='block_1_39' title="bbox 202 1815 993 1851">
    <p class='ocr_par' dir='ltr' id='par_1_39' title="bbox 202 1815 993 1851">
     <span class='ocr_line' id='line_1_39' title="bbox 202 1815 993 1851; baseline -0.005 -3"><span class='ocrx_word' id='word_1_253' title='bbox 202 1828 292 1851; x_wconf 83' lang='lat' dir='ltr'><strong>tamen</strong></span> <span class='ocrx_word' id='word_1_254' title='bbox 310 1821 382 1847; x_wconf 89' lang='lat' dir='ltr'><strong>insto</strong></span> <span class='ocrx_word' id='word_1_255' title='bbox 398 1819 520 1846; x_wconf 77' lang='lat' dir='ltr'><strong>clamans</strong></span> <span class='ocrx_word' id='word_1_256' title='bbox 534 1827 541 1844; x_wconf 91' lang='lat'><strong>:</strong></span> <span class='ocrx_word' id='word_1_257' title='bbox 560 1827 569 1843; x_wconf 86' lang='grc' dir='ltr'><strong>ι</strong></span> <span class='ocrx_word' id='word_1_258' title='bbox 580 1815 748 1844; x_wconf 84' lang='lat' dir='ltr'><strong>Miseremini</strong></span> <span class='ocrx_word' id='word_1_259' title='bbox 762 1816 840 1850; x_wconf 85' lang='lat' dir='ltr'><strong>mihi;</strong></span> <span class='ocrx_word' id='word_1_260' title='bbox 852 1824 907 1844; x_wconf 87' lang='lat' dir='ltr'><strong>non</strong></span> <span class='ocrx_word' id='word_1_261' title='bbox 920 1817 993 1844; x_wconf 85' lang='lat' dir='ltr'><strong>enim</strong></span> 
     </span>
    </p>
   </div>
   <div class='ocr_carea' id='block_1_40' title="bbox 201 1863 994 1898">
    <p class='ocr_par' dir='ltr' id='par_1_40' title="bbox 201 1863 994 1898">
     <span class='ocr_line' id='line_1_40' title="bbox 201 1863 994 1898; baseline -0.006 -3"><span class='ocrx_word' id='word_1_262' title='bbox 201 1867 321 1896; x_wconf 80' lang='lat' dir='ltr'><strong>sciebam</strong></span> <span class='ocrx_word' id='word_1_263' title='bbox 338 1866 389 1891; x_wconf 86' lang='lat' dir='ltr'><strong>ista</strong></span> <span class='ocrx_word' id='word_1_264' title='bbox 408 1864 475 1891; x_wconf 86' lang='lat' dir='ltr'><strong>mihi</strong></span> <span class='ocrx_word' id='word_1_265' title='bbox 500 1863 557 1890; x_wconf 85' lang='lat' dir='ltr'><strong>fore</strong></span> <span class='ocrx_word' id='word_1_266' title='bbox 586 1868 699 1890; x_wconf 86' lang='lat' dir='ltr'><strong>ventura</strong></span> <span class='ocrx_word' id='word_1_267' title='bbox 713 1863 839 1898; x_wconf 82' lang='lat' dir='ltr'><strong>&#39;,idcoque</strong></span> <span class='ocrx_word' id='word_1_268' title='bbox 852 1870 915 1891; x_wconf 88' lang='lat' dir='ltr'><strong>vere</strong></span> <span class='ocrx_word' id='word_1_269' title='bbox 937 1863 994 1898; x_wconf 83' lang='lat' dir='ltr'><strong>jam</strong></span> 
     </span>
    </p>
   </div>
   <div class='ocr_carea' id='block_1_41' title="bbox 192 1910 996 1948">
    <p class='ocr_par' dir='ltr' id='par_1_41' title="bbox 192 1910 996 1948">
     <span class='ocr_line' id='line_1_41' title="bbox 192 1910 996 1948; baseline -0.002 -8"><span class='ocrx_word' id='word_1_270' title='bbox 192 1922 233 1948; x_wconf 74' lang='lat' dir='ltr'><strong>ex</strong></span> <span class='ocrx_word' id='word_1_271' title='bbox 252 1917 317 1939; x_wconf 90' lang='lat' dir='ltr'><strong>tunc</strong></span> <span class='ocrx_word' id='word_1_272' title='bbox 332 1918 375 1938; x_wconf 93' lang='lat' dir='ltr'><strong>me</strong></span> <span class='ocrx_word' id='word_1_273' title='bbox 396 1910 521 1946; x_wconf 80' lang='lat' dir='ltr'><strong>poenitet,</strong></span> <span class='ocrx_word' id='word_1_274' title='bbox 535 1910 595 1938; x_wconf 87' lang='lat' dir='ltr'><strong>etsi</strong></span> <span class='ocrx_word' id='word_1_275' title='bbox 608 1911 641 1937; x_wconf 91' lang='lat' dir='ltr'><strong>ad</strong></span> <span class='ocrx_word' id='word_1_276' title='bbox 654 1910 736 1937; x_wconf 90' lang='lat' dir='ltr'><strong>vitam</strong></span> <span class='ocrx_word' id='word_1_277' title='bbox 748 1910 774 1937; x_wconf 92' lang='lat' dir='ltr'><strong>in</strong></span> <span class='ocrx_word' id='word_1_278' title='bbox 788 1914 886 1937; x_wconf 86' lang='lat' dir='ltr'><strong>terram</strong></span> <span class='ocrx_word' id='word_1_279' title='bbox 898 1917 996 1938; x_wconf 86' lang='lat' dir='ltr'><strong>rursus</strong></span> 
     </span>
    </p>
   </div>
   <div class='ocr_carea' id='block_1_42' title="bbox 181 1949 995 1990">
    <p class='ocr_par' dir='ltr' id='par_1_42' title="bbox 181 1949 995 1990">
     <span class='ocr_line' id='line_1_42' title="bbox 181 1949 995 1990; baseline -0.004 -4"><span class='ocrx_word' id='word_1_280' title='bbox 181 1949 193 1963; x_wconf 44' lang='grc' dir='ltr'><strong>λ’</strong></span> <span class='ocrx_word' id='word_1_281' title='bbox 201 1959 320 1990; x_wconf 85' lang='lat' dir='ltr'><strong>redeam,</strong></span> <span class='ocrx_word' id='word_1_282' title='bbox 333 1957 442 1985; x_wconf 85' lang='lat' dir='ltr'><strong>utilitati</strong></span> <span class='ocrx_word' id='word_1_283' title='bbox 453 1956 602 1985; x_wconf 90' lang='lat' dir='ltr'><strong>multorum</strong></span> <span class='ocrx_word' id='word_1_284' title='bbox 616 1963 675 1983; x_wconf 89' lang='lat' dir='ltr'><strong>ero.</strong></span> <span class='ocrx_word' id='word_1_285' title='bbox 689 1966 699 1983; x_wconf 72' lang='grc' dir='ltr'><strong>ι</strong></span> <span class='ocrx_word' id='word_1_286' title='bbox 711 1955 784 1983; x_wconf 86' lang='lat' dir='ltr'><strong>Etad</strong></span> <span class='ocrx_word' id='word_1_287' title='bbox 795 1956 995 1983; x_wconf 87' lang='lat' dir='ltr'><strong>miserationem</strong></span> 
     </span>
    </p>
   </div>
   <div class='ocr_carea' id='block_1_43' title="bbox 202 2001 997 2039">
    <p class='ocr_par' dir='ltr' id='par_1_43' title="bbox 202 2001 997 2039">
     <span class='ocr_line' id='line_1_43' title="bbox 202 2001 997 2039; baseline -0.001 -8"><span class='ocrx_word' id='word_1_288' title='bbox 202 2003 311 2031; x_wconf 79' lang='lat' dir='ltr'><strong>adducti</strong></span> <span class='ocrx_word' id='word_1_289' title='bbox 328 2003 418 2039; x_wconf 81' lang='lat' dir='ltr'><strong>angeli</strong></span> <span class='ocrx_word' id='word_1_290' title='bbox 433 2010 476 2030; x_wconf 90' lang='lat' dir='ltr'><strong>me</strong></span> <span class='ocrx_word' id='word_1_291' title='bbox 493 2003 628 2030; x_wconf 87' lang='lat' dir='ltr'><strong>reducunt</strong></span> <span class='ocrx_word' id='word_1_292' title='bbox 663 2001 697 2029; x_wconf 82' lang='lat' dir='ltr'><strong>ad</strong></span> <span class='ocrx_word' id='word_1_293' title='bbox 723 2009 823 2036; x_wconf 80' lang='lat' dir='ltr'><strong>corpus</strong></span> <span class='ocrx_word' id='word_1_294' title='bbox 839 2010 846 2028; x_wconf 86' lang='lat'>:</span> <span class='ocrx_word' id='word_1_295' title='bbox 864 2002 997 2037; x_wconf 84' lang='lat' dir='ltr'><strong>videoque</strong></span> 
     </span>
    </p>
   </div>
   <div class='ocr_carea' id='block_1_44' title="bbox 204 2048 996 2084">
    <p class='ocr_par' dir='ltr' id='par_1_44' title="bbox 204 2048 996 2084">
     <span class='ocr_line' id='line_1_44' title="bbox 204 2048 996 2084; baseline -0.001 -7"><span class='ocrx_word' id='word_1_296' title='bbox 204 2056 329 2077; x_wconf 86' lang='lat' dir='ltr'><strong>naturam</strong></span> <span class='ocrx_word' id='word_1_297' title='bbox 347 2050 446 2077; x_wconf 81' lang='lat' dir='ltr'><strong>animae</strong></span> <span class='ocrx_word' id='word_1_298' title='bbox 465 2056 532 2077; x_wconf 61' lang='lat' dir='ltr'><strong>mea:</strong></span> <span class='ocrx_word' id='word_1_299' title='bbox 560 2048 699 2084; x_wconf 90' lang='lat' dir='ltr'><strong>propriam</strong></span> <span class='ocrx_word' id='word_1_300' title='bbox 719 2053 849 2084; x_wconf 86' lang='lat' dir='ltr'><strong>tanquam</strong></span> <span class='ocrx_word' id='word_1_301' title='bbox 863 2048 996 2084; x_wconf 82' lang='lat' dir='ltr'><strong>margari-</strong></span> 
     </span>
    </p>
   </div>
   <div class='ocr_carea' id='block_1_45' title="bbox 204 2095 995 2130">
    <p class='ocr_par' dir='ltr' id='par_1_45' title="bbox 204 2095 995 2130">
     <span class='ocr_line' id='line_1_45' title="bbox 204 2095 995 2130; baseline 0.001 -8"><span class='ocrx_word' id='word_1_302' title='bbox 204 2101 257 2123; x_wconf 87' lang='lat' dir='ltr'><strong>tam</strong></span> <span class='ocrx_word' id='word_1_303' title='bbox 287 2095 447 2129; x_wconf 74' lang='lat' dir='ltr'><strong>fulgentem,</strong></span> <span class='ocrx_word' id='word_1_304' title='bbox 477 2102 578 2130; x_wconf 87' lang='lat' dir='ltr'><strong>corpus</strong></span> <span class='ocrx_word' id='word_1_305' title='bbox 605 2100 697 2122; x_wconf 84' lang='lat' dir='ltr'><strong>autem</strong></span> <span class='ocrx_word' id='word_1_306' title='bbox 726 2098 806 2130; x_wconf 88' lang='lat' dir='ltr'><strong>turpe</strong></span> <span class='ocrx_word' id='word_1_307' title='bbox 829 2099 995 2130; x_wconf 87' lang='lat' dir='ltr'><strong>tetrumque,</strong></span> 
     </span>
    </p>
   </div>
   <div class='ocr_carea' id='block_1_46' title="bbox 203 2138 997 2176">
    <p class='ocr_par' dir='ltr' id='par_1_46' title="bbox 203 2138 997 2176">
     <span class='ocr_line' id='line_1_46' title="bbox 203 2138 997 2176; baseline 0.001 -9"><span class='ocrx_word' id='word_1_308' title='bbox 203 2140 273 2167; x_wconf 84' lang='lat' dir='ltr'><strong>unde</strong></span> <span class='ocrx_word' id='word_1_309' title='bbox 292 2147 356 2167; x_wconf 88' lang='lat' dir='ltr'><strong>cum</strong></span> <span class='ocrx_word' id='word_1_310' title='bbox 374 2148 445 2176; x_wconf 62' lang='lat' dir='ltr'><strong>aegre</strong></span> <span class='ocrx_word' id='word_1_311' title='bbox 465 2138 564 2167; x_wconf 78' lang='lat' dir='ltr'><strong>ferrem</strong></span> <span class='ocrx_word' id='word_1_312' title='bbox 584 2146 616 2168; x_wconf 83' lang='lat' dir='ltr'><strong>ac</strong></span> <span class='ocrx_word' id='word_1_313' title='bbox 645 2139 765 2166; x_wconf 87' lang='lat' dir='ltr'><strong>dicerem</strong></span> <span class='ocrx_word' id='word_1_314' title='bbox 785 2147 828 2167; x_wconf 88' lang='lat' dir='ltr'><strong>me</strong></span> <span class='ocrx_word' id='word_1_315' title='bbox 846 2147 900 2167; x_wconf 94' lang='lat' dir='ltr'><strong>non</strong></span> <span class='ocrx_word' id='word_1_316' title='bbox 917 2148 997 2175; x_wconf 87' lang='lat' dir='ltr'><strong>posse</strong></span> 
     </span>
    </p>
   </div>
   <div class='ocr_carea' id='block_1_47' title="bbox 203 2185 998 2223">
    <p class='ocr_par' dir='ltr' id='par_1_47' title="bbox 203 2185 998 2223">
     <span class='ocr_line' id='line_1_47' title="bbox 203 2185 998 2223; baseline 0.001 -10"><span class='ocrx_word' id='word_1_317' title='bbox 203 2187 304 2213; x_wconf 87' lang='lat' dir='ltr'><strong>intrare</strong></span> <span class='ocrx_word' id='word_1_318' title='bbox 325 2186 351 2213; x_wconf 94' lang='lat' dir='ltr'><strong>in</strong></span> <span class='ocrx_word' id='word_1_319' title='bbox 371 2186 437 2213; x_wconf 89' lang='lat' dir='ltr'><strong>illud</strong></span> <span class='ocrx_word' id='word_1_320' title='bbox 462 2189 574 2221; x_wconf 87' lang='lat' dir='ltr'><strong>propter</strong></span> <span class='ocrx_word' id='word_1_321' title='bbox 596 2185 744 2213; x_wconf 72' lang='lat' dir='ltr'><strong>lmditatem</strong></span> <span class='ocrx_word' id='word_1_322' title='bbox 768 2186 828 2221; x_wconf 86' lang='lat' dir='ltr'><strong>ejus</strong></span> <span class='ocrx_word' id='word_1_323' title='bbox 847 2191 874 2214; x_wconf 90' lang='lat' dir='ltr'><strong>et</strong></span> <span class='ocrx_word' id='word_1_324' title='bbox 902 2187 998 2223; x_wconf 74' lang='lat' dir='ltr'><strong>caligi-</strong></span> 
     </span>
    </p>
   </div>
   <div class='ocr_carea' id='block_1_48' title="bbox 204 2232 997 2268">
    <p class='ocr_par' dir='ltr' id='par_1_48' title="bbox 204 2232 997 2268">
     <span class='ocr_line' id='line_1_48' title="bbox 204 2232 997 2268; baseline 0.005 -10"><span class='ocrx_word' id='word_1_325' title='bbox 204 2240 276 2265; x_wconf 83' lang='lat' dir='ltr'><strong>nem,</strong></span> <span class='ocrx_word' id='word_1_326' title='bbox 293 2233 388 2260; x_wconf 86' lang='lat' dir='ltr'><strong>minati</strong></span> <span class='ocrx_word' id='word_1_327' title='bbox 418 2237 482 2261; x_wconf 89' lang='lat' dir='ltr'><strong>sunt</strong></span> <span class='ocrx_word' id='word_1_328' title='bbox 501 2233 568 2260; x_wconf 84' lang='lat' dir='ltr'><strong>milii</strong></span> <span class='ocrx_word' id='word_1_329' title='bbox 587 2233 726 2261; x_wconf 86' lang='lat' dir='ltr'><strong>dicentes:</strong></span> <span class='ocrx_word' id='word_1_330' title='bbox 742 2242 752 2259; x_wconf 72' lang='grc' dir='ltr'><strong>ι</strong></span> <span class='ocrx_word' id='word_1_331' title='bbox 764 2232 820 2261; x_wconf 86' lang='lat' dir='ltr'><strong>Nisi</strong></span> <span class='ocrx_word' id='word_1_332' title='bbox 840 2233 997 2268; x_wconf 84' lang='lat' dir='ltr'><strong>intraveris,</strong></span> 
     </span>
    </p>
   </div>
   <div class='ocr_carea' id='block_1_49' title="bbox 204 2278 995 2316">
    <p class='ocr_par' dir='ltr' id='par_1_49' title="bbox 204 2278 995 2316">
     <span class='ocr_line' id='line_1_49' title="bbox 204 2278 995 2316; baseline 0.005 -12"><span class='ocrx_word' id='word_1_333' title='bbox 204 2279 366 2306; x_wconf 85' lang='lat' dir='ltr'><strong>reducemns</strong></span> <span class='ocrx_word' id='word_1_334' title='bbox 394 2283 420 2305; x_wconf 87' lang='lat' dir='ltr'><strong>te</strong></span> <span class='ocrx_word' id='word_1_335' title='bbox 443 2278 470 2305; x_wconf 91' lang='lat' dir='ltr'><strong>in</strong></span> <span class='ocrx_word' id='word_1_336' title='bbox 498 2279 571 2306; x_wconf 89' lang='lat' dir='ltr'><strong>illam</strong></span> <span class='ocrx_word' id='word_1_337' title='bbox 591 2280 760 2314; x_wconf 86' lang='lat' dir='ltr'><strong>punitionem</strong></span> <span class='ocrx_word' id='word_1_338' title='bbox 777 2289 783 2307; x_wconf 89' lang='lat'><strong>:</strong></span> <span class='ocrx_word' id='word_1_339' title='bbox 803 2281 874 2307; x_wconf 90' lang='lat' dir='ltr'><strong>intra</strong></span> <span class='ocrx_word' id='word_1_340' title='bbox 901 2280 995 2316; x_wconf 80' lang='lat' dir='ltr'><strong>igitur,</strong></span> 
     </span>
    </p>
   </div>
   <div class='ocr_carea' id='block_1_50' title="bbox 203 2325 995 2359">
    <p class='ocr_par' dir='ltr' id='par_1_50' title="bbox 203 2325 995 2359">
     <span class='ocr_line' id='line_1_50' title="bbox 203 2325 995 2359; baseline 0.004 -8"><span class='ocrx_word' id='word_1_341' title='bbox 203 2329 274 2351; x_wconf 85' lang='lat' dir='ltr'><strong>utet</strong></span> <span class='ocrx_word' id='word_1_342' title='bbox 295 2325 353 2359; x_wconf 86' lang='lat' dir='ltr'><strong>ipse</strong></span> <span class='ocrx_word' id='word_1_343' title='bbox 372 2325 465 2353; x_wconf 87' lang='lat' dir='ltr'><strong>salvus</strong></span> <span class='ocrx_word' id='word_1_344' title='bbox 497 2325 547 2353; x_wconf 86' lang='lat' dir='ltr'><strong>ﬁas</strong></span> <span class='ocrx_word' id='word_1_345' title='bbox 567 2330 590 2353; x_wconf 92' lang='lat' dir='ltr'><strong>et</strong></span> <span class='ocrx_word' id='word_1_346' title='bbox 624 2327 741 2354; x_wconf 87' lang='lat' dir='ltr'><strong>aliorum</strong></span> <span class='ocrx_word' id='word_1_347' title='bbox 768 2327 877 2354; x_wconf 86' lang='lat' dir='ltr'><strong>utilitati</strong></span> <span class='ocrx_word' id='word_1_348' title='bbox 906 2327 995 2354; x_wconf 88' lang='lat' dir='ltr'><strong>inser-</strong></span> 
     </span>
    </p>
   </div>
   <div class='ocr_carea' id='block_1_51' title="bbox 203 2370 994 2407">
    <p class='ocr_par' dir='ltr' id='par_1_51' title="bbox 203 2370 994 2407">
     <span class='ocr_line' id='line_1_51' title="bbox 203 2370 994 2407; baseline 0.005 -10"><span class='ocrx_word' id='word_1_349' title='bbox 203 2372 272 2403; x_wconf 76' lang='lat' dir='ltr'><strong>vias,</strong></span> <span class='ocrx_word' id='word_1_350' title='bbox 288 2371 359 2399; x_wconf 87' lang='lat' dir='ltr'><strong>sicut</strong></span> <span class='ocrx_word' id='word_1_351' title='bbox 377 2370 494 2399; x_wconf 83' lang='lat' dir='ltr'><strong>Domino</strong></span> <span class='ocrx_word' id='word_1_352' title='bbox 514 2373 624 2407; x_wconf 87' lang='lat' dir='ltr'><strong>placuit.</strong></span> <span class='ocrx_word' id='word_1_353' title='bbox 642 2382 651 2399; x_wconf 67' lang='grc' dir='ltr'><strong>ι</strong></span> <span class='ocrx_word' id='word_1_354' title='bbox 664 2374 740 2401; x_wconf 92' lang='lat' dir='ltr'><strong>Tunc</strong></span> <span class='ocrx_word' id='word_1_355' title='bbox 756 2374 832 2401; x_wconf 85' lang='lat' dir='ltr'><strong>visus</strong></span> <span class='ocrx_word' id='word_1_356' title='bbox 852 2382 912 2401; x_wconf 87' lang='lat' dir='ltr'><strong>sum</strong></span> <span class='ocrx_word' id='word_1_357' title='bbox 933 2378 994 2401; x_wconf 90' lang='lat' dir='ltr'><strong>tan-</strong></span> 
     </span>
    </p>
   </div>
   <div class='ocr_carea' id='block_1_52' title="bbox 202 2420 994 2456">
    <p class='ocr_par' dir='ltr' id='par_1_52' title="bbox 202 2420 994 2456">
     <span class='ocr_line' id='line_1_52' title="bbox 202 2420 994 2456; baseline 0.003 -10"><span class='ocrx_word' id='word_1_358' title='bbox 202 2426 285 2454; x_wconf 83' lang='lat' dir='ltr'><strong>quam</strong></span> <span class='ocrx_word' id='word_1_359' title='bbox 305 2426 354 2454; x_wconf 89' lang='lat' dir='ltr'><strong>per</strong></span> <span class='ocrx_word' id='word_1_360' title='bbox 369 2427 401 2447; x_wconf 89' lang='lat' dir='ltr'><strong>os</strong></span> <span class='ocrx_word' id='word_1_361' title='bbox 412 2420 566 2455; x_wconf 79' lang='lat' dir='ltr'><strong>ingrediens</strong></span> <span class='ocrx_word' id='word_1_362' title='bbox 579 2425 606 2447; x_wconf 91' lang='lat' dir='ltr'><strong>et</strong></span> <span class='ocrx_word' id='word_1_363' title='bbox 616 2422 864 2456; x_wconf 82' lang='lat' dir='ltr'><strong>corpus_suscitans</strong></span> <span class='ocrx_word' id='word_1_364' title='bbox 874 2422 994 2449; x_wconf 87' lang='lat' dir='ltr'><strong>clamare</strong></span> 
     </span>
    </p>
   </div>
   <div class='ocr_carea' id='block_1_53' title="bbox 202 2466 993 2503">
    <p class='ocr_par' dir='ltr' id='par_1_53' title="bbox 202 2466 993 2503">
     <span class='ocr_line' id='line_1_53' title="bbox 202 2466 993 2503; baseline 0.004 -11"><span class='ocrx_word' id='word_1_365' title='bbox 202 2466 289 2501; x_wconf 62' lang='lat' dir='ltr'><strong>coepi:</strong></span> <span class='ocrx_word' id='word_1_366' title='bbox 303 2475 312 2491; x_wconf 81' lang='grc' dir='ltr'><strong>ι</strong></span> <span class='ocrx_word' id='word_1_367' title='bbox 324 2466 489 2494; x_wconf 80' lang='lat' dir='ltr'><strong>Miseremini</strong></span> <span class='ocrx_word' id='word_1_368' title='bbox 500 2467 579 2494; x_wconf 77' lang='lat' dir='ltr'><strong>milii.</strong></span> <span class='ocrx_word' id='word_1_369' title='bbox 593 2476 602 2493; x_wconf 74' lang='grc' dir='ltr'><strong><em>ι</em></strong></span> <span class='ocrx_word' id='word_1_370' title='bbox 616 2466 749 2494; x_wconf 89' lang='lat' dir='ltr'><strong>Omnibus</strong></span> <span class='ocrx_word' id='word_1_371' title='bbox 762 2472 853 2494; x_wconf 90' lang='lat' dir='ltr'><strong>autem</strong></span> <span class='ocrx_word' id='word_1_372' title='bbox 867 2476 993 2503; x_wconf 78' lang='lat' dir='ltr'><strong>magnam</strong></span> 
     </span>
    </p>
   </div>
   <div class='ocr_carea' id='block_1_54' title="bbox 203 2511 994 2547">
    <p class='ocr_par' dir='ltr' id='par_1_54' title="bbox 203 2511 994 2547">
     <span class='ocr_line' id='line_1_54' title="bbox 203 2511 994 2547; baseline 0.003 -10"><span class='ocrx_word' id='word_1_373' title='bbox 203 2511 413 2546; x_wconf 79' lang='lat' dir='ltr'><strong>percipientibus</strong></span> <span class='ocrx_word' id='word_1_374' title='bbox 436 2512 593 2545; x_wconf 80' lang='lat' dir='ltr'><strong>utilitatem,</strong></span> <span class='ocrx_word' id='word_1_375' title='bbox 608 2513 747 2547; x_wconf 75' lang='lat' dir='ltr'><strong>magisque</strong></span> <span class='ocrx_word' id='word_1_376' title='bbox 767 2512 800 2540; x_wconf 85' lang='lat' dir='ltr'><strong>de</strong></span> <span class='ocrx_word' id='word_1_377' title='bbox 820 2512 870 2540; x_wconf 85' lang='lat' dir='ltr'><strong>hac</strong></span> <span class='ocrx_word' id='word_1_378' title='bbox 881 2512 994 2540; x_wconf 81' lang='lat' dir='ltr'><strong>terribili</strong></span> 
     </span>
    </p>
   </div>
   <div class='ocr_carea' id='block_1_55' title="bbox 204 2557 995 2593">
    <p class='ocr_par' dir='ltr' id='par_1_55' title="bbox 204 2557 995 2593">
     <span class='ocr_line' id='line_1_55' title="bbox 204 2557 995 2593; baseline 0.001 -9"><span class='ocrx_word' id='word_1_379' title='bbox 204 2557 359 2586; x_wconf 85' lang='lat' dir='ltr'><strong>narratione</strong></span> <span class='ocrx_word' id='word_1_380' title='bbox 385 2558 546 2593; x_wconf 85' lang='lat' dir='ltr'><strong>perterritis,</strong></span> <span class='ocrx_word' id='word_1_381' title='bbox 585 2559 773 2593; x_wconf 80' lang='lat' dir='ltr'><strong>unusquisque</strong></span> <span class='ocrx_word' id='word_1_382' title='bbox 809 2565 858 2585; x_wconf 86' lang='lat' dir='ltr'><strong>sua</strong></span> <span class='ocrx_word' id='word_1_383' title='bbox 878 2558 995 2593; x_wconf 74' lang='lat' dir='ltr'><strong>.lugebat</strong></span> 
     </span>
    </p>
   </div>
   <div class='ocr_carea' id='block_1_56' title="bbox 1035 296 1831 334">
    <p class='ocr_par' dir='ltr' id='par_1_56' title="bbox 1035 296 1831 334">
     <span class='ocr_line' id='line_1_56' title="bbox 1035 296 1831 334; baseline -0.003 -9"><span class='ocrx_word' id='word_1_384' title='bbox 1035 298 1213 334; x_wconf 82' lang='grc' dir='ltr'>ἀπελυόμεθα</span> <span class='ocrx_word' id='word_1_385' title='bbox 1223 306 1230 313; x_wconf 91' lang='grc'><strong>·</strong></span> <span class='ocrx_word' id='word_1_386' title='bbox 1246 297 1493 333; x_wconf 84' lang='grc' dir='ltr'>ἐκδαπανηθέντων</span> <span class='ocrx_word' id='word_1_387' title='bbox 1505 298 1533 324; x_wconf 78' lang='grc' dir='ltr'>δὲ</span> <span class='ocrx_word' id='word_1_388' title='bbox 1542 298 1565 314; x_wconf 73' lang='grc'><strong><em>⁵³</em></strong></span> <span class='ocrx_word' id='word_1_389' title='bbox 1578 298 1687 325; x_wconf 79' lang='grc' dir='ltr'>πάντων</span> <span class='ocrx_word' id='word_1_390' title='bbox 1698 296 1753 323; x_wconf 81' lang='grc' dir='ltr'><strong>τῶν</strong></span> <span class='ocrx_word' id='word_1_391' title='bbox 1762 298 1831 331; x_wconf 80' lang='grc' dir='ltr'>ἀγα-</span> 
     </span>
    </p>
   </div>
   <div class='ocr_carea' id='block_1_57' title="bbox 1036 342 1829 378">
    <p class='ocr_par' dir='ltr' id='par_1_57' title="bbox 1036 342 1829 378">
     <span class='ocr_line' id='line_1_57' title="bbox 1036 342 1829 378; baseline 0 -9"><span class='ocrx_word' id='word_1_392' title='bbox 1036 343 1091 369; x_wconf 81' lang='grc' dir='ltr'><strong>θῶν</strong></span> <span class='ocrx_word' id='word_1_393' title='bbox 1117 352 1169 378; x_wconf 88' lang='grc' dir='ltr'><strong>μου</strong></span> <span class='ocrx_word' id='word_1_394' title='bbox 1194 343 1284 378; x_wconf 79' lang='grc' dir='ltr'>ἔργων</span> <span class='ocrx_word' id='word_1_395' title='bbox 1298 343 1346 370; x_wconf 79' lang='grc' dir='ltr'>καὶ</span> <span class='ocrx_word' id='word_1_396' title='bbox 1369 343 1439 378; x_wconf 81' lang='grc' dir='ltr'>πρὸς</span> <span class='ocrx_word' id='word_1_397' title='bbox 1467 343 1519 378; x_wconf 84' lang='grc' dir='ltr'>τὴν</span> <span class='ocrx_word' id='word_1_398' title='bbox 1543 343 1633 378; x_wconf 67' lang='grc' dir='ltr'>πόλην</span> <span class='ocrx_word' id='word_1_399' title='bbox 1648 342 1696 369; x_wconf 81' lang='grc' dir='ltr'>τοῦ</span> <span class='ocrx_word' id='word_1_400' title='bbox 1712 342 1829 377; x_wconf 83' lang='grc' dir='ltr'>οὐρανοῦ</span> 
     </span>
    </p>
   </div>
   <div class='ocr_carea' id='block_1_58' title="bbox 1037 385 1831 424">
    <p class='ocr_par' dir='ltr' id='par_1_58' title="bbox 1037 385 1831 424">
     <span class='ocr_line' id='line_1_58' title="bbox 1037 385 1831 424; baseline -0.001 -9"><span class='ocrx_word' id='word_1_401' title='bbox 1037 388 1191 423; x_wconf 80' lang='grc' dir='ltr'><strong>φθάσαντες</strong></span> <span class='ocrx_word' id='word_1_402' title='bbox 1224 389 1253 415; x_wconf 89' lang='grc' dir='ltr'><strong>ἐν</strong></span> <span class='ocrx_word' id='word_1_403' title='bbox 1272 385 1289 424; x_wconf 79' lang='grc' dir='ltr'>ᾖ</span> <span class='ocrx_word' id='word_1_404' title='bbox 1305 388 1336 414; x_wconf 78' lang='grc' dir='ltr'>τὸ</span> <span class='ocrx_word' id='word_1_405' title='bbox 1354 387 1481 414; x_wconf 82' lang='grc' dir='ltr'>τελώνιον</span> <span class='ocrx_word' id='word_1_406' title='bbox 1497 389 1547 424; x_wconf 80' lang='grc' dir='ltr'>τῆς</span> <span class='ocrx_word' id='word_1_407' title='bbox 1575 397 1628 424; x_wconf 83' lang='grc' dir='ltr'><strong>πορ</strong></span> <span class='ocrx_word' id='word_1_408' title='bbox 1645 388 1703 420; x_wconf 89' lang='grc' dir='ltr'>είας</span> <span class='ocrx_word' id='word_1_409' title='bbox 1721 385 1767 423; x_wconf 80' lang='grc' dir='ltr'><strong>ἦν,</strong></span> <span class='ocrx_word' id='word_1_410' title='bbox 1783 397 1831 415; x_wconf 91' lang='grc' dir='ltr'>συ-</span> 
     </span>
    </p>
   </div>
   <div class='ocr_carea' id='block_1_59' title="bbox 1040 434 1833 470">
    <p class='ocr_par' dir='ltr' id='par_1_59' title="bbox 1040 434 1833 470">
     <span class='ocr_line' id='line_1_59' title="bbox 1040 434 1833 470; baseline -0.001 -9"><span class='ocrx_word' id='word_1_411' title='bbox 1040 435 1146 470; x_wconf 69' lang='grc' dir='ltr'>σχεθεὶς</span> <span class='ocrx_word' id='word_1_412' title='bbox 1157 434 1210 461; x_wconf 82' lang='grc' dir='ltr'><strong>ὑπὸ</strong></span> <span class='ocrx_word' id='word_1_413' title='bbox 1217 439 1271 461; x_wconf 84' lang='grc' dir='ltr'><strong>των</strong></span> <span class='ocrx_word' id='word_1_414' title='bbox 1282 434 1405 469; x_wconf 84' lang='grc' dir='ltr'>ζοφερῶν</span> <span class='ocrx_word' id='word_1_415' title='bbox 1419 434 1532 461; x_wconf 86' lang='grc' dir='ltr'>ἐκείνων</span> <span class='ocrx_word' id='word_1_416' title='bbox 1541 434 1688 467; x_wconf 79' lang='grc' dir='ltr'>Αἰθιόπων,</span> <span class='ocrx_word' id='word_1_417' title='bbox 1696 434 1833 469; x_wconf 79' lang='grc' dir='ltr'>προσέφε-</span> 
     </span>
    </p>
   </div>
   <div class='ocr_carea' id='block_1_60' title="bbox 1040 479 1833 516">
    <p class='ocr_par' dir='ltr' id='par_1_60' title="bbox 1040 479 1833 516">
     <span class='ocr_line' id='line_1_60' title="bbox 1040 479 1833 516; baseline 0 -10"><span class='ocrx_word' id='word_1_418' title='bbox 1040 489 1085 516; x_wconf 88' lang='grc' dir='ltr'>ρον</span> <span class='ocrx_word' id='word_1_419' title='bbox 1100 481 1191 507; x_wconf 72' lang='grc' dir='ltr'>πᾶσάν</span> <span class='ocrx_word' id='word_1_420' title='bbox 1203 488 1254 516; x_wconf 85' lang='grc' dir='ltr'><strong>μου</strong></span> <span class='ocrx_word' id='word_1_421' title='bbox 1265 479 1394 516; x_wconf 76' lang='grc' dir='ltr'><strong>πορνείαν</strong></span> <span class='ocrx_word' id='word_1_422' title='bbox 1406 479 1469 514; x_wconf 71' lang='lat' dir='ltr'><strong>(M8</strong></span> <span class='ocrx_word' id='word_1_423' title='bbox 1479 479 1505 514; x_wconf 68' lang='grc'><strong>1³)</strong></span> <span class='ocrx_word' id='word_1_424' title='bbox 1517 479 1563 507; x_wconf 75' lang='grc' dir='ltr'>καὶ</span> <span class='ocrx_word' id='word_1_425' title='bbox 1574 479 1734 515; x_wconf 81' lang='grc' dir='ltr'>σωματικὴν</span> <span class='ocrx_word' id='word_1_426' title='bbox 1746 480 1833 515; x_wconf 86' lang='grc' dir='ltr'>ἀμαρ-</span> 
     </span>
    </p>
   </div>
   <div class='ocr_carea' id='block_1_61' title="bbox 1038 525 1834 562">
    <p class='ocr_par' dir='ltr' id='par_1_61' title="bbox 1038 525 1834 562">
     <span class='ocr_line' id='line_1_61' title="bbox 1038 525 1834 562; baseline 0 -10"><span class='ocrx_word' id='word_1_427' title='bbox 1038 526 1109 560; x_wconf 84' lang='grc' dir='ltr'>τίαν,</span> <span class='ocrx_word' id='word_1_428' title='bbox 1124 527 1158 562; x_wconf 77' lang='grc' dir='ltr'>ἢν</span> <span class='ocrx_word' id='word_1_429' title='bbox 1175 526 1228 554; x_wconf 82' lang='grc' dir='ltr'>ἀπὸ</span> <span class='ocrx_word' id='word_1_430' title='bbox 1250 525 1395 558; x_wconf 82' lang='grc' dir='ltr'><strong>δεκαετοῦς</strong></span> <span class='ocrx_word' id='word_1_431' title='bbox 1425 526 1522 562; x_wconf 78' lang='grc' dir='ltr'>χρόνου</span> <span class='ocrx_word' id='word_1_432' title='bbox 1544 526 1594 561; x_wconf 81' lang='grc' dir='ltr'>τῆς</span> <span class='ocrx_word' id='word_1_433' title='bbox 1618 526 1727 562; x_wconf 81' lang='grc' dir='ltr'>ἡλικίας</span> <span class='ocrx_word' id='word_1_434' title='bbox 1745 535 1797 562; x_wconf 88' lang='grc' dir='ltr'><strong>μου</strong></span> <span class='ocrx_word' id='word_1_435' title='bbox 1810 527 1834 542; x_wconf 80' lang='grc'><strong>⁵⁹</strong></span> 
     </span>
    </p>
   </div>
   <div class='ocr_carea' id='block_1_62' title="bbox 1039 571 1835 609">
    <p class='ocr_par' dir='ltr' id='par_1_62' title="bbox 1039 571 1835 609">
     <span class='ocr_line' id='line_1_62' title="bbox 1039 571 1835 609; baseline -0.003 -9"><span class='ocrx_word' id='word_1_436' title='bbox 1039 572 1232 609; x_wconf 76' lang='grc' dir='ltr'><strong>διεπραξάμην</strong></span> <span class='ocrx_word' id='word_1_437' title='bbox 1246 573 1260 600; x_wconf 86' lang='grc' dir='ltr'><strong>ὁ</strong></span> <span class='ocrx_word' id='word_1_438' title='bbox 1272 572 1376 604; x_wconf 81' lang='grc' dir='ltr'>ἄθλιος.</span> <span class='ocrx_word' id='word_1_439' title='bbox 1397 571 1639 606; x_wconf 77' lang='grc' dir='ltr'>’Δπολογουμένων</span> <span class='ocrx_word' id='word_1_440' title='bbox 1656 572 1685 599; x_wconf 86' lang='grc' dir='ltr'>δὲ</span> <span class='ocrx_word' id='word_1_441' title='bbox 1699 572 1754 599; x_wconf 83' lang='grc' dir='ltr'><strong>τῶν</strong></span> <span class='ocrx_word' id='word_1_442' title='bbox 1771 580 1835 599; x_wconf 70' lang='grc' dir='ltr'>νεα-</span> 
     </span>
    </p>
   </div>
   <div class='ocr_carea' id='block_1_63' title="bbox 1039 617 1836 653">
    <p class='ocr_par' dir='ltr' id='par_1_63' title="bbox 1039 617 1836 653">
     <span class='ocr_line' id='line_1_63' title="bbox 1039 617 1836 653; baseline -0.001 -8"><span class='ocrx_word' id='word_1_443' title='bbox 1039 618 1141 645; x_wconf 86' lang='grc' dir='ltr'>νίσκων</span> <span class='ocrx_word' id='word_1_444' title='bbox 1155 618 1269 645; x_wconf 80' lang='grc' dir='ltr'>ἐκείνων</span> <span class='ocrx_word' id='word_1_445' title='bbox 1287 618 1358 653; x_wconf 78' lang='grc' dir='ltr'>ὑπὲρ</span> <span class='ocrx_word' id='word_1_446' title='bbox 1371 618 1440 653; x_wconf 84' lang='grc' dir='ltr'>ἐμοῦ</span> <span class='ocrx_word' id='word_1_447' title='bbox 1465 619 1512 645; x_wconf 81' lang='grc' dir='ltr'>καὶ</span> <span class='ocrx_word' id='word_1_448' title='bbox 1537 617 1681 652; x_wconf 83' lang='grc' dir='ltr'>λεγόντων,</span> <span class='ocrx_word' id='word_1_449' title='bbox 1695 618 1736 645; x_wconf 83' lang='grc' dir='ltr'>ὅτι</span> <span class='ocrx_word' id='word_1_450' title='bbox 1751 618 1786 645; x_wconf 83' lang='grc' dir='ltr'><strong>τὰ</strong></span> <span class='ocrx_word' id='word_1_451' title='bbox 1805 619 1836 644; x_wconf 87' lang='grc' dir='ltr'>ὲν</span> 
     </span>
    </p>
   </div>
   <div class='ocr_carea' id='block_1_64' title="bbox 1040 665 1836 702">
    <p class='ocr_par' dir='ltr' id='par_1_64' title="bbox 1040 665 1836 702">
     <span class='ocr_line' id='line_1_64' title="bbox 1040 665 1836 702; baseline 0.004 -11"><span class='ocrx_word' id='word_1_452' title='bbox 1040 667 1074 701; x_wconf 76' lang='grc' dir='ltr'>τῇ</span> <span class='ocrx_word' id='word_1_453' title='bbox 1093 665 1170 692; x_wconf 87' lang='grc' dir='ltr'>πόλει</span> <span class='ocrx_word' id='word_1_454' title='bbox 1187 666 1377 701; x_wconf 79' lang='grc' dir='ltr'>ἁμαρτήματα</span> <span class='ocrx_word' id='word_1_455' title='bbox 1392 665 1643 702; x_wconf 83' lang='grc' dir='ltr'>συγκεχώρημαι¹⁰</span> <span class='ocrx_word' id='word_1_456' title='bbox 1662 667 1836 702; x_wconf 84' lang='grc' dir='ltr'>μετανοήσας</span> 
     </span>
    </p>
   </div>
   <div class='ocr_carea' id='block_1_65' title="bbox 1045 711 1836 749">
    <p class='ocr_par' dir='ltr' id='par_1_65' title="bbox 1045 711 1836 749">
     <span class='ocr_line' id='line_1_65' title="bbox 1045 711 1836 749; baseline 0.001 -11"><span class='ocrx_word' id='word_1_457' title='bbox 1045 721 1054 737; x_wconf 77' lang='grc' dir='ltr'><strong>ι</strong></span> <span class='ocrx_word' id='word_1_458' title='bbox 1074 711 1167 745; x_wconf 80' lang='grc' dir='ltr'><strong>’Δλλὰ,</strong></span> <span class='ocrx_word' id='word_1_459' title='bbox 1183 721 1192 738; x_wconf 83' lang='grc'><strong>›</strong></span> <span class='ocrx_word' id='word_1_460' title='bbox 1207 713 1290 746; x_wconf 73' lang='grc' dir='ltr'>φασὶν</span> <span class='ocrx_word' id='word_1_461' title='bbox 1301 713 1322 728; x_wconf 76' lang='grc'>³⁸</span> <span class='ocrx_word' id='word_1_462' title='bbox 1339 713 1363 739; x_wconf 74' lang='lat' dir='ltr'><strong>oi</strong></span> <span class='ocrx_word' id='word_1_463' title='bbox 1374 712 1455 740; x_wconf 74' lang='grc' dir='ltr'>δεινοὶ</span> <span class='ocrx_word' id='word_1_464' title='bbox 1471 714 1631 749; x_wconf 81' lang='grc' dir='ltr'>κατήγοροι,</span> <span class='ocrx_word' id='word_1_465' title='bbox 1642 722 1651 739; x_wconf 78' lang='grc' dir='ltr'><strong>ι</strong></span> <span class='ocrx_word' id='word_1_466' title='bbox 1664 714 1836 749; x_wconf 75' lang='grc' dir='ltr'>μετανοήσας</span> 
     </span>
    </p>
   </div>
   <div class='ocr_carea' id='block_1_66' title="bbox 1041 758 1837 795">
    <p class='ocr_par' dir='ltr' id='par_1_66' title="bbox 1041 758 1837 795">
     <span class='ocr_line' id='line_1_66' title="bbox 1041 758 1837 795; baseline 0.003 -11"><span class='ocrx_word' id='word_1_467' title='bbox 1041 758 1122 785; x_wconf 77' lang='grc' dir='ltr'>ἔπεσε</span> <span class='ocrx_word' id='word_1_468' title='bbox 1138 758 1219 786; x_wconf 83' lang='grc' dir='ltr'>πάλιν</span> <span class='ocrx_word' id='word_1_469' title='bbox 1228 759 1251 775; x_wconf 84' lang='grc'><strong>⁸¹</strong></span> <span class='ocrx_word' id='word_1_470' title='bbox 1262 759 1303 790; x_wconf 82' lang='grc' dir='ltr'><strong>είς</strong></span> <span class='ocrx_word' id='word_1_471' title='bbox 1318 759 1441 794; x_wconf 80' lang='grc' dir='ltr'>μοιχείαν</span> <span class='ocrx_word' id='word_1_472' title='bbox 1455 759 1508 793; x_wconf 78' lang='grc' dir='ltr'><strong>ἐξω</strong></span> <span class='ocrx_word' id='word_1_473' title='bbox 1515 759 1564 795; x_wconf 83' lang='grc' dir='ltr'><strong>τῆς</strong></span> <span class='ocrx_word' id='word_1_474' title='bbox 1577 759 1681 791; x_wconf 85' lang='grc' dir='ltr'>πόλεως</span> <span class='ocrx_word' id='word_1_475' title='bbox 1691 759 1739 786; x_wconf 76' lang='grc' dir='ltr'>καὶ</span> <span class='ocrx_word' id='word_1_476' title='bbox 1749 758 1837 792; x_wconf 72' lang='grc' dir='ltr'>οὕτως</span> 
     </span>
    </p>
   </div>
   <div class='ocr_carea' id='block_1_67' title="bbox 1042 803 1837 841">
    <p class='ocr_par' dir='ltr' id='par_1_67' title="bbox 1042 803 1837 841">
     <span class='ocr_line' id='line_1_67' title="bbox 1042 803 1837 841; baseline 0.003 -11"><span class='ocrx_word' id='word_1_477' title='bbox 1042 803 1178 830; x_wconf 79' lang='grc' dir='ltr'>ἀπέθανεν</span> <span class='ocrx_word' id='word_1_478' title='bbox 1192 814 1215 835; x_wconf 77' lang='grc' dir='ltr'><strong>ι,</strong></span> <span class='ocrx_word' id='word_1_479' title='bbox 1234 804 1303 840; x_wconf 80' lang='grc' dir='ltr'>ὅπερ</span> <span class='ocrx_word' id='word_1_480' title='bbox 1318 804 1487 836; x_wconf 84' lang='grc' dir='ltr'>ἀκούσαντες</span> <span class='ocrx_word' id='word_1_481' title='bbox 1513 806 1538 831; x_wconf 89' lang='grc' dir='ltr'><strong>οί</strong></span> <span class='ocrx_word' id='word_1_482' title='bbox 1559 805 1672 840; x_wconf 76' lang='grc' dir='ltr'>ἄγγελοι</span> <span class='ocrx_word' id='word_1_483' title='bbox 1694 805 1837 841; x_wconf 79' lang='grc' dir='ltr'>ἀνεχώρη-</span> 
     </span>
    </p>
   </div>
   <div class='ocr_carea' id='block_1_68' title="bbox 1043 849 1840 886">
    <p class='ocr_par' dir='ltr' id='par_1_68' title="bbox 1043 849 1840 886">
     <span class='ocr_line' id='line_1_68' title="bbox 1043 849 1840 886; baseline 0.005 -11"><span class='ocrx_word' id='word_1_484' title='bbox 1043 857 1093 876; x_wconf 90' lang='grc' dir='ltr'><strong>σαν</strong></span> <span class='ocrx_word' id='word_1_485' title='bbox 1118 849 1247 882; x_wconf 83' lang='grc' dir='ltr'>ἐάσαντές</span> <span class='ocrx_word' id='word_1_486' title='bbox 1262 858 1296 885; x_wconf 90' lang='grc' dir='ltr'><strong>με</strong></span> <span class='ocrx_word' id='word_1_487' title='bbox 1307 849 1330 865; x_wconf 92' lang='grc'><strong>¹³</strong></span> <span class='ocrx_word' id='word_1_488' title='bbox 1353 850 1561 885; x_wconf 85' lang='grc' dir='ltr'>ἀναπόλογητον</span> <span class='ocrx_word' id='word_1_489' title='bbox 1588 850 1626 882; x_wconf 85' lang='grc' dir='ltr'><strong>ὡς</strong></span> <span class='ocrx_word' id='word_1_490' title='bbox 1652 851 1736 886; x_wconf 71' lang='grc' dir='ltr'>μηδὲν</span> <span class='ocrx_word' id='word_1_491' title='bbox 1756 850 1840 886; x_wconf 75' lang='grc' dir='ltr'>ἔργον</span> 
     </span>
    </p>
   </div>
   <div class='ocr_carea' id='block_1_69' title="bbox 1043 895 1839 932">
    <p class='ocr_par' dir='ltr' id='par_1_69' title="bbox 1043 895 1839 932">
     <span class='ocr_line' id='line_1_69' title="bbox 1043 895 1839 932; baseline 0.003 -10"><span class='ocrx_word' id='word_1_492' title='bbox 1043 895 1146 929; x_wconf 79' lang='grc' dir='ltr'>ἀγαθὸν</span> <span class='ocrx_word' id='word_1_493' title='bbox 1168 895 1277 931; x_wconf 68' lang='grc' dir='ltr'>ἔχοντα.</span> <span class='ocrx_word' id='word_1_494' title='bbox 1301 896 1359 923; x_wconf 77' lang='grc' dir='ltr'><strong>Καὶ</strong></span> <span class='ocrx_word' id='word_1_495' title='bbox 1386 896 1564 932; x_wconf 77' lang='grc' dir='ltr'>ἁρπάσαντές</span> <span class='ocrx_word' id='word_1_496' title='bbox 1594 905 1629 932; x_wconf 89' lang='grc' dir='ltr'><strong>με</strong></span> <span class='ocrx_word' id='word_1_497' title='bbox 1655 897 1681 923; x_wconf 78' lang='lat' dir='ltr'><strong>oi.</strong></span> <span class='ocrx_word' id='word_1_498' title='bbox 1707 897 1839 929; x_wconf 79' lang='grc' dir='ltr'>Αἰθίοπες</span> 
     </span>
    </p>
   </div>
   <div class='ocr_carea' id='block_1_70' title="bbox 1043 941 1839 979">
    <p class='ocr_par' dir='ltr' id='par_1_70' title="bbox 1043 941 1839 979">
     <span class='ocr_line' id='line_1_70' title="bbox 1043 941 1839 979; baseline 0.004 -11"><span class='ocrx_word' id='word_1_499' title='bbox 1043 943 1153 975; x_wconf 77' lang='grc' dir='ltr'>ἐκεῖνοι,</span> <span class='ocrx_word' id='word_1_500' title='bbox 1168 941 1318 973; x_wconf 79' lang='grc' dir='ltr'>τύπτοντές</span> <span class='ocrx_word' id='word_1_501' title='bbox 1329 943 1353 959; x_wconf 71' lang='grc'><strong>⁸⁸</strong></span> <span class='ocrx_word' id='word_1_502' title='bbox 1368 951 1402 978; x_wconf 87' lang='grc' dir='ltr'><strong>με</strong></span> <span class='ocrx_word' id='word_1_503' title='bbox 1428 943 1589 978; x_wconf 86' lang='grc' dir='ltr'>κατήγαγόν</span> <span class='ocrx_word' id='word_1_504' title='bbox 1615 952 1648 978; x_wconf 87' lang='grc' dir='ltr'><strong>με</strong></span> <span class='ocrx_word' id='word_1_505' title='bbox 1664 943 1704 975; x_wconf 85' lang='grc' dir='ltr'><strong>είς</strong></span> <span class='ocrx_word' id='word_1_506' title='bbox 1721 943 1771 979; x_wconf 85' lang='grc' dir='ltr'>τὴν</span> <span class='ocrx_word' id='word_1_507' title='bbox 1784 944 1839 979; x_wconf 61' lang='grc' dir='ltr'>γῆν</span> 
     </span>
    </p>
   </div>
   <div class='ocr_carea' id='block_1_71' title="bbox 1043 985 1840 1024">
    <p class='ocr_par' dir='ltr' id='par_1_71' title="bbox 1043 985 1840 1024">
     <span class='ocr_line' id='line_1_71' title="bbox 1043 985 1840 1024; baseline 0.003 -9"><span class='ocrx_word' id='word_1_508' title='bbox 1043 985 1133 1021; x_wconf 82' lang='grc' dir='ltr'>αὖθις.</span> <span class='ocrx_word' id='word_1_509' title='bbox 1254 990 1308 1015; x_wconf 70' lang='grc' dir='ltr'><strong>Καὶ</strong></span> <span class='ocrx_word' id='word_1_510' title='bbox 1322 989 1346 1005; x_wconf 84' lang='grc'><strong><em>⁸⁵</em></strong></span> <span class='ocrx_word' id='word_1_511' title='bbox 1366 989 1501 1024; x_wconf 73' lang='grc' dir='ltr'>κατῆλθον</span> <span class='ocrx_word' id='word_1_512' title='bbox 1516 989 1562 1016; x_wconf 83' lang='grc' dir='ltr'>διά</span> <span class='ocrx_word' id='word_1_513' title='bbox 1580 999 1663 1017; x_wconf 86' lang='grc' dir='ltr'>τινων</span> <span class='ocrx_word' id='word_1_514' title='bbox 1688 992 1840 1018; x_wconf 82' lang='grc' dir='ltr'>στενωπῶν</span> 
     </span>
    </p>
   </div>
   <div class='ocr_carea' id='block_1_72' title="bbox 1044 1035 1838 1073">
    <p class='ocr_par' dir='ltr' id='par_1_72' title="bbox 1044 1035 1838 1073">
     <span class='ocr_line' id='line_1_72' title="bbox 1044 1035 1838 1073; baseline 0.004 -12"><span class='ocrx_word' id='word_1_515' title='bbox 1044 1035 1090 1061; x_wconf 74' lang='grc' dir='ltr'><strong>καὶ</strong></span> <span class='ocrx_word' id='word_1_516' title='bbox 1103 1036 1249 1061; x_wconf 83' lang='grc' dir='ltr'>σκοτεινῶν</span> <span class='ocrx_word' id='word_1_517' title='bbox 1257 1036 1291 1067; x_wconf 73' lang='grc'><strong>⁸⁸,</strong></span> <span class='ocrx_word' id='word_1_518' title='bbox 1312 1035 1526 1063; x_wconf 83' lang='grc' dir='ltr'>δυσωδεστάτων</span> <span class='ocrx_word' id='word_1_519' title='bbox 1550 1036 1622 1063; x_wconf 79' lang='grc' dir='ltr'>πάνυ</span> <span class='ocrx_word' id='word_1_520' title='bbox 1642 1036 1690 1063; x_wconf 82' lang='grc' dir='ltr'>καὶ</span> <span class='ocrx_word' id='word_1_521' title='bbox 1707 1037 1838 1073; x_wconf 80' lang='grc' dir='ltr'>φρικοδε-</span> 
     </span>
    </p>
   </div>
   <div class='ocr_carea' id='block_1_73' title="bbox 1044 1081 1840 1118">
    <p class='ocr_par' dir='ltr' id='par_1_73' title="bbox 1044 1081 1840 1118">
     <span class='ocr_line' id='line_1_73' title="bbox 1044 1081 1840 1118; baseline 0.005 -12"><span class='ocrx_word' id='word_1_522' title='bbox 1044 1081 1152 1107; x_wconf 89' lang='grc' dir='ltr'>στάτων</span> <span class='ocrx_word' id='word_1_523' title='bbox 1169 1081 1345 1108; x_wconf 86' lang='grc' dir='ltr'>καταδύσεων</span> <span class='ocrx_word' id='word_1_524' title='bbox 1365 1081 1446 1117; x_wconf 90' lang='grc' dir='ltr'>μέχρι</span> <span class='ocrx_word' id='word_1_525' title='bbox 1461 1081 1516 1108; x_wconf 87' lang='grc' dir='ltr'><strong>τῶν</strong></span> <span class='ocrx_word' id='word_1_526' title='bbox 1532 1082 1718 1118; x_wconf 83' lang='grc' dir='ltr'>καταχθονίων</span> <span class='ocrx_word' id='word_1_527' title='bbox 1734 1084 1763 1110; x_wconf 84' lang='grc' dir='ltr'><strong>ἐν</strong></span> <span class='ocrx_word' id='word_1_528' title='bbox 1780 1084 1840 1115; x_wconf 84' lang='grc' dir='ltr'>τοῖς</span> 
     </span>
    </p>
   </div>
   <div class='ocr_carea' id='block_1_74' title="bbox 1043 1126 1840 1164">
    <p class='ocr_par' dir='ltr' id='par_1_74' title="bbox 1043 1126 1840 1164">
     <span class='ocr_line' id='line_1_74' title="bbox 1043 1126 1840 1164; baseline 0.005 -12"><span class='ocrx_word' id='word_1_529' title='bbox 1043 1126 1243 1162; x_wconf 82' lang='grc' dir='ltr'>δεσμωτηρίοις</span> <span class='ocrx_word' id='word_1_530' title='bbox 1266 1126 1315 1153; x_wconf 83' lang='grc' dir='ltr'>τοῦ</span> <span class='ocrx_word' id='word_1_531' title='bbox 1345 1127 1498 1162; x_wconf 74' lang='grc' dir='ltr'>ᾇδου,ἓνθα</span> <span class='ocrx_word' id='word_1_532' title='bbox 1528 1128 1597 1154; x_wconf 69' lang='grc' dir='ltr'>εἰσὶν</span> <span class='ocrx_word' id='word_1_533' title='bbox 1625 1129 1652 1155; x_wconf 88' lang='grc' dir='ltr'><strong>αί</strong></span> <span class='ocrx_word' id='word_1_534' title='bbox 1678 1128 1762 1164; x_wconf 81' lang='grc' dir='ltr'>ψυχαὶ</span> <span class='ocrx_word' id='word_1_535' title='bbox 1783 1128 1840 1156; x_wconf 88' lang='grc' dir='ltr'><strong>τῶν</strong></span> 
     </span>
    </p>
   </div>
   <div class='ocr_carea' id='block_1_75' title="bbox 1043 1173 1840 1212">
    <p class='ocr_par' dir='ltr' id='par_1_75' title="bbox 1043 1173 1840 1212">
     <span class='ocr_line' id='line_1_75' title="bbox 1043 1173 1840 1212; baseline 0.003 -11"><span class='ocrx_word' id='word_1_536' title='bbox 1043 1173 1215 1209; x_wconf 82' lang='grc' dir='ltr'>ἁμαρτωλῶν</span> <span class='ocrx_word' id='word_1_537' title='bbox 1229 1174 1480 1210; x_wconf 86' lang='grc' dir='ltr'>ἀποκεκλεισμέναι</span> <span class='ocrx_word' id='word_1_538' title='bbox 1501 1176 1541 1208; x_wconf 83' lang='grc' dir='ltr'>εἰς</span> <span class='ocrx_word' id='word_1_539' title='bbox 1560 1176 1613 1211; x_wconf 80' lang='grc' dir='ltr'>γῆν</span> <span class='ocrx_word' id='word_1_540' title='bbox 1632 1176 1774 1212; x_wconf 86' lang='grc' dir='ltr'>σκοτεινὴν</span> <span class='ocrx_word' id='word_1_541' title='bbox 1790 1177 1840 1203; x_wconf 80' lang='grc' dir='ltr'>καὶ</span> 
     </span>
    </p>
   </div>
   <div class='ocr_carea' id='block_1_76' title="bbox 1044 1218 1840 1257">
    <p class='ocr_par' dir='ltr' id='par_1_76' title="bbox 1044 1218 1840 1257">
     <span class='ocr_line' id='line_1_76' title="bbox 1044 1218 1840 1257; baseline 0.003 -10"><span class='ocrx_word' id='word_1_542' title='bbox 1044 1220 1205 1257; x_wconf 70' lang='grc' dir='ltr'>φοϐεράνη,</span> <span class='ocrx_word' id='word_1_543' title='bbox 1230 1222 1271 1253; x_wconf 88' lang='grc' dir='ltr'><strong>είς</strong></span> <span class='ocrx_word' id='word_1_544' title='bbox 1295 1222 1347 1256; x_wconf 85' lang='grc' dir='ltr'>γῆν</span> <span class='ocrx_word' id='word_1_545' title='bbox 1376 1222 1491 1254; x_wconf 81' lang='grc' dir='ltr'>σκότους</span> <span class='ocrx_word' id='word_1_546' title='bbox 1517 1222 1639 1254; x_wconf 76' lang='grc' dir='ltr'>αἰωνίου,</span> <span class='ocrx_word' id='word_1_547' title='bbox 1663 1218 1694 1249; x_wconf 78' lang='grc' dir='ltr'><strong>οὗ</strong></span> <span class='ocrx_word' id='word_1_548' title='bbox 1718 1222 1840 1249; x_wconf 62' lang='lat' dir='ltr'><strong>anxiri.&quot;</strong></span> 
     </span>
    </p>
   </div>
   <div class='ocr_carea' id='block_1_77' title="bbox 1044 1267 1840 1304">
    <p class='ocr_par' dir='ltr' id='par_1_77' title="bbox 1044 1267 1840 1304">
     <span class='ocr_line' id='line_1_77' title="bbox 1044 1267 1840 1304; baseline 0.003 -11"><span class='ocrx_word' id='word_1_549' title='bbox 1044 1267 1146 1301; x_wconf 84' lang='grc' dir='ltr'>φέγγος</span> <span class='ocrx_word' id='word_1_550' title='bbox 1159 1267 1219 1294; x_wconf 84' lang='grc' dir='ltr'>οὑδέ</span> <span class='ocrx_word' id='word_1_551' title='bbox 1237 1268 1303 1302; x_wconf 81' lang='grc' dir='ltr'><strong>όρᾷν</strong></span> <span class='ocrx_word' id='word_1_552' title='bbox 1317 1267 1421 1303; x_wconf 81' lang='grc' dir='ltr'>βροτῶν</span> <span class='ocrx_word' id='word_1_553' title='bbox 1439 1267 1522 1302; x_wconf 78' lang='grc' dir='ltr'>ζωὴν,</span> <span class='ocrx_word' id='word_1_554' title='bbox 1538 1268 1576 1300; x_wconf 86' lang='grc' dir='ltr'>ὡς</span> <span class='ocrx_word' id='word_1_555' title='bbox 1593 1269 1760 1304; x_wconf 81' lang='grc' dir='ltr'>γέγραπται,</span> <span class='ocrx_word' id='word_1_556' title='bbox 1780 1267 1840 1295; x_wconf 81' lang='grc' dir='ltr'>ἀλλ’</span> 
     </span>
    </p>
   </div>
   <div class='ocr_carea' id='block_1_78' title="bbox 1042 1312 1839 1348">
    <p class='ocr_par' dir='ltr' id='par_1_78' title="bbox 1042 1312 1839 1348">
     <span class='ocr_line' id='line_1_78' title="bbox 1042 1312 1839 1348; baseline 0.004 -10"><span class='ocrx_word' id='word_1_557' title='bbox 1042 1312 1123 1348; x_wconf 84' lang='grc' dir='ltr'><strong>ὀδύνη</strong></span> <span class='ocrx_word' id='word_1_558' title='bbox 1151 1314 1199 1339; x_wconf 80' lang='grc' dir='ltr'><strong>καὶ</strong></span> <span class='ocrx_word' id='word_1_559' title='bbox 1223 1312 1313 1347; x_wconf 74' lang='grc' dir='ltr'>θλίψις</span> <span class='ocrx_word' id='word_1_560' title='bbox 1341 1313 1453 1342; x_wconf 78' lang='grc' dir='ltr'>αἰώνιος</span> <span class='ocrx_word' id='word_1_561' title='bbox 1475 1315 1523 1340; x_wconf 84' lang='grc' dir='ltr'>καὶ</span> <span class='ocrx_word' id='word_1_562' title='bbox 1540 1313 1765 1348; x_wconf 72' lang='grc' dir='ltr'>ἀπαραμύθητος</span> <span class='ocrx_word' id='word_1_563' title='bbox 1790 1314 1839 1341; x_wconf 81' lang='grc' dir='ltr'>καὶ</span> 
     </span>
    </p>
   </div>
   <div class='ocr_carea' id='block_1_79' title="bbox 1044 1358 1837 1395">
    <p class='ocr_par' dir='ltr' id='par_1_79' title="bbox 1044 1358 1837 1395">
     <span class='ocr_line' id='line_1_79' title="bbox 1044 1358 1837 1395; baseline 0.001 -10"><span class='ocrx_word' id='word_1_564' title='bbox 1044 1359 1198 1393; x_wconf 81' lang='grc' dir='ltr'>στεναγμὸς</span> <span class='ocrx_word' id='word_1_565' title='bbox 1214 1358 1360 1393; x_wconf 82' lang='grc' dir='ltr'>ἀσίγητος·</span> <span class='ocrx_word' id='word_1_566' title='bbox 1379 1359 1495 1392; x_wconf 72' lang='grc' dir='ltr'>ἕκαστος</span> <span class='ocrx_word' id='word_1_567' title='bbox 1514 1360 1569 1393; x_wconf 80' lang='grc' dir='ltr'>γὰρ</span> <span class='ocrx_word' id='word_1_568' title='bbox 1587 1360 1641 1386; x_wconf 87' lang='grc' dir='ltr'><strong>τῶν</strong></span> <span class='ocrx_word' id='word_1_569' title='bbox 1661 1361 1751 1386; x_wconf 82' lang='grc' dir='ltr'>ἐκεῖσε</span> <span class='ocrx_word' id='word_1_570' title='bbox 1767 1369 1837 1395; x_wconf 84' lang='grc' dir='ltr'>μνη-</span> 
     </span>
    </p>
   </div>
   <div class='ocr_carea' id='block_1_80' title="bbox 1045 1403 1839 1441">
    <p class='ocr_par' dir='ltr' id='par_1_80' title="bbox 1045 1403 1839 1441">
     <span class='ocr_line' id='line_1_80' title="bbox 1045 1403 1839 1441; baseline 0 -10"><span class='ocrx_word' id='word_1_571' title='bbox 1045 1403 1168 1438; x_wconf 84' lang='grc' dir='ltr'>μονεύων</span> <span class='ocrx_word' id='word_1_572' title='bbox 1177 1405 1227 1435; x_wconf 80' lang='grc' dir='ltr'><strong>τὰς</strong></span> <span class='ocrx_word' id='word_1_573' title='bbox 1244 1404 1367 1440; x_wconf 80' lang='grc' dir='ltr'>πονηρὰς</span> <span class='ocrx_word' id='word_1_574' title='bbox 1382 1404 1466 1431; x_wconf 86' lang='grc' dir='ltr'>αὐτοῦ</span> <span class='ocrx_word' id='word_1_575' title='bbox 1479 1404 1592 1441; x_wconf 81' lang='grc' dir='ltr'>πράξεις</span> <span class='ocrx_word' id='word_1_576' title='bbox 1608 1406 1656 1433; x_wconf 83' lang='grc' dir='ltr'>καὶ</span> <span class='ocrx_word' id='word_1_577' title='bbox 1666 1405 1766 1433; x_wconf 88' lang='grc' dir='ltr'>ἐννοῶν</span> <span class='ocrx_word' id='word_1_578' title='bbox 1779 1405 1839 1437; x_wconf 86' lang='grc' dir='ltr'><strong>πῶς</strong></span> 
     </span>
    </p>
   </div>
   <div class='ocr_carea' id='block_1_81' title="bbox 1007 928 1028 956">
    <p class='ocr_par' dir='ltr' id='par_1_81' title="bbox 1007 928 1028 956">
     <span class='ocr_line' id='line_1_81' title="bbox 1007 928 1028 956; baseline 0 0"><span class='ocrx_word' id='word_1_579' title='bbox 1007 928 1028 956; x_wconf 85' lang='grc' dir='ltr'><strong>Β</strong></span> 
     </span>
    </p>
   </div>
   <div class='ocr_carea' id='block_1_82' title="bbox 1043 1449 1841 1486">
    <p class='ocr_par' dir='ltr' id='par_1_82' title="bbox 1043 1449 1841 1486">
     <span class='ocr_line' id='line_1_82' title="bbox 1043 1449 1841 1486; baseline 0.003 -10"><span class='ocrx_word' id='word_1_580' title='bbox 1043 1449 1246 1485; x_wconf 83' lang='grc' dir='ltr'>ἀπολογήσεται</span> <span class='ocrx_word' id='word_1_581' title='bbox 1274 1449 1312 1485; x_wconf 89' lang='grc' dir='ltr'>τῷ</span> <span class='ocrx_word' id='word_1_582' title='bbox 1339 1450 1484 1486; x_wconf 81' lang='grc' dir='ltr'>ἀδεκάστῳ</span> <span class='ocrx_word' id='word_1_583' title='bbox 1510 1452 1604 1486; x_wconf 79' lang='grc' dir='ltr'>κριτῇ,</span> <span class='ocrx_word' id='word_1_584' title='bbox 1630 1451 1678 1478; x_wconf 78' lang='grc' dir='ltr'>καὶ</span> <span class='ocrx_word' id='word_1_585' title='bbox 1709 1451 1768 1483; x_wconf 85' lang='grc' dir='ltr'><strong>πῶς</strong></span> <span class='ocrx_word' id='word_1_586' title='bbox 1790 1451 1841 1486; x_wconf 80' lang='grc' dir='ltr'>τὴν</span> 
     </span>
    </p>
   </div>
   <div class='ocr_carea' id='block_1_83' title="bbox 1043 1495 1841 1531">
    <p class='ocr_par' dir='ltr' id='par_1_83' title="bbox 1043 1495 1841 1531">
     <span class='ocr_line' id='line_1_83' title="bbox 1043 1495 1841 1531; baseline 0 -9"><span class='ocrx_word' id='word_1_587' title='bbox 1043 1495 1197 1530; x_wconf 85' lang='grc' dir='ltr'>ἀπέραντον</span> <span class='ocrx_word' id='word_1_588' title='bbox 1210 1495 1322 1522; x_wconf 74' lang='grc' dir='ltr'>κόλασιν</span> <span class='ocrx_word' id='word_1_589' title='bbox 1337 1496 1570 1531; x_wconf 78' lang='grc' dir='ltr'>ὑποστήσηται”,</span> <span class='ocrx_word' id='word_1_590' title='bbox 1584 1495 1679 1528; x_wconf 85' lang='grc' dir='ltr'>δεινῶς</span> <span class='ocrx_word' id='word_1_591' title='bbox 1696 1495 1736 1531; x_wconf 85' lang='grc' dir='ltr'>τῷ</span> <span class='ocrx_word' id='word_1_592' title='bbox 1752 1504 1841 1522; x_wconf 77' lang='grc' dir='ltr'>συνει-</span> 
     </span>
    </p>
   </div>
   <div class='ocr_carea' id='block_1_84' title="bbox 1043 1540 1841 1578">
    <p class='ocr_par' dir='ltr' id='par_1_84' title="bbox 1043 1540 1841 1578">
     <span class='ocr_line' id='line_1_84' title="bbox 1043 1540 1841 1578; baseline 0.001 -11"><span class='ocrx_word' id='word_1_593' title='bbox 1043 1541 1099 1568; x_wconf 86' lang='grc' dir='ltr'>δότι</span> <span class='ocrx_word' id='word_1_594' title='bbox 1113 1540 1345 1576; x_wconf 79' lang='grc' dir='ltr'>προϐασανίζεται</span> <span class='ocrx_word' id='word_1_595' title='bbox 1362 1541 1410 1569; x_wconf 80' lang='grc' dir='ltr'>καὶ</span> <span class='ocrx_word' id='word_1_596' title='bbox 1424 1542 1493 1578; x_wconf 72' lang='grc' dir='ltr'>πρὸς</span> <span class='ocrx_word' id='word_1_597' title='bbox 1507 1541 1587 1568; x_wconf 81' lang='grc' dir='ltr'>τοῦτο</span> <span class='ocrx_word' id='word_1_598' title='bbox 1612 1541 1841 1577; x_wconf 77' lang='grc' dir='ltr'>ἀναλογιζόμενος</span> 
     </span>
    </p>
   </div>
   <div class='ocr_carea' id='block_1_85' title="bbox 1044 1587 1841 1624">
    <p class='ocr_par' dir='ltr' id='par_1_85' title="bbox 1044 1587 1841 1624">
     <span class='ocr_line' id='line_1_85' title="bbox 1044 1587 1841 1624; baseline -0.001 -9"><span class='ocrx_word' id='word_1_599' title='bbox 1044 1588 1090 1614; x_wconf 84' lang='grc' dir='ltr'>τὸν</span> <span class='ocrx_word' id='word_1_600' title='bbox 1115 1588 1169 1615; x_wconf 82' lang='grc' dir='ltr'>ἀπὸ</span> <span class='ocrx_word' id='word_1_601' title='bbox 1194 1587 1262 1615; x_wconf 82' lang='grc' dir='ltr'>Θεοῦ</span> <span class='ocrx_word' id='word_1_602' title='bbox 1285 1589 1426 1624; x_wconf 69' lang='grc' dir='ltr'>χωρισμὸν</span> <span class='ocrx_word' id='word_1_603' title='bbox 1448 1589 1496 1615; x_wconf 70' lang='grc' dir='ltr'>καὶ</span> <span class='ocrx_word' id='word_1_604' title='bbox 1512 1588 1563 1623; x_wconf 85' lang='grc' dir='ltr'>τῆς</span> <span class='ocrx_word' id='word_1_605' title='bbox 1589 1587 1669 1622; x_wconf 83' lang='grc' dir='ltr'>δόξης</span> <span class='ocrx_word' id='word_1_606' title='bbox 1684 1588 1739 1615; x_wconf 88' lang='grc' dir='ltr'><strong>τῶν</strong></span> <span class='ocrx_word' id='word_1_607' title='bbox 1754 1587 1841 1622; x_wconf 84' lang='grc' dir='ltr'>ἁγίων</span> 
     </span>
    </p>
   </div>
   <div class='ocr_carea' id='block_1_86' title="bbox 1046 1633 1842 1670">
    <p class='ocr_par' dir='ltr' id='par_1_86' title="bbox 1046 1633 1842 1670">
     <span class='ocr_line' id='line_1_86' title="bbox 1046 1633 1842 1670; baseline -0.003 -8"><span class='ocrx_word' id='word_1_608' title='bbox 1046 1635 1131 1662; x_wconf 78' lang='grc' dir='ltr'>αὐτοῦ</span> <span class='ocrx_word' id='word_1_609' title='bbox 1161 1635 1207 1661; x_wconf 78' lang='grc' dir='ltr'>καὶ</span> <span class='ocrx_word' id='word_1_610' title='bbox 1222 1635 1271 1668; x_wconf 82' lang='grc' dir='ltr'>τὴν</span> <span class='ocrx_word' id='word_1_611' title='bbox 1287 1634 1358 1670; x_wconf 77' lang='grc' dir='ltr'>μετὰ</span> <span class='ocrx_word' id='word_1_612' title='bbox 1381 1633 1428 1661; x_wconf 84' lang='grc' dir='ltr'>τοῦ</span> <span class='ocrx_word' id='word_1_613' title='bbox 1444 1634 1600 1661; x_wconf 83' lang='grc' dir='ltr'>διαὸόλου⁴⁰</span> <span class='ocrx_word' id='word_1_614' title='bbox 1614 1633 1765 1669; x_wconf 84' lang='grc' dir='ltr'>καταδίκην</span> <span class='ocrx_word' id='word_1_615' title='bbox 1792 1635 1842 1661; x_wconf 77' lang='grc' dir='ltr'>καὶ</span> 
     </span>
    </p>
   </div>
   <div class='ocr_carea' id='block_1_87' title="bbox 1045 1680 1841 1717">
    <p class='ocr_par' dir='ltr' id='par_1_87' title="bbox 1045 1680 1841 1717">
     <span class='ocr_line' id='line_1_87' title="bbox 1045 1680 1841 1717; baseline -0.004 -8"><span class='ocrx_word' id='word_1_616' title='bbox 1045 1682 1100 1709; x_wconf 84' lang='grc' dir='ltr'><strong>τῶν</strong></span> <span class='ocrx_word' id='word_1_617' title='bbox 1111 1681 1248 1717; x_wconf 75' lang='grc' dir='ltr'>δαιμόνων</span> <span class='ocrx_word' id='word_1_618' title='bbox 1260 1682 1400 1709; x_wconf 74' lang='grc' dir='ltr'>ἄπαυστον</span> <span class='ocrx_word' id='word_1_619' title='bbox 1415 1681 1464 1708; x_wconf 73' lang='grc' dir='ltr'>καὶ</span> <span class='ocrx_word' id='word_1_620' title='bbox 1474 1681 1700 1716; x_wconf 85' lang='grc' dir='ltr'>ἀπαρηγόρητον,</span> <span class='ocrx_word' id='word_1_621' title='bbox 1713 1680 1841 1707; x_wconf 83' lang='grc' dir='ltr'>λυπεῖται</span> 
     </span>
    </p>
   </div>
   <div class='ocr_carea' id='block_1_88' title="bbox 1047 1724 1842 1762">
    <p class='ocr_par' dir='ltr' id='par_1_88' title="bbox 1047 1724 1842 1762">
     <span class='ocr_line' id='line_1_88' title="bbox 1047 1724 1842 1762; baseline -0.005 -6"><span class='ocrx_word' id='word_1_622' title='bbox 1047 1729 1094 1756; x_wconf 77' lang='grc' dir='ltr'>καὶ</span> <span class='ocrx_word' id='word_1_623' title='bbox 1108 1728 1245 1761; x_wconf 77' lang='grc' dir='ltr'>στενάζει.</span> <span class='ocrx_word' id='word_1_624' title='bbox 1262 1728 1330 1755; x_wconf 84' lang='grc' dir='ltr'>Μεθ’</span> <span class='ocrx_word' id='word_1_625' title='bbox 1340 1724 1377 1755; x_wconf 81' lang='grc' dir='ltr'>ὧν</span> <span class='ocrx_word' id='word_1_626' title='bbox 1387 1728 1419 1762; x_wconf 86' lang='grc' dir='ltr'><strong>γέ</strong></span> <span class='ocrx_word' id='word_1_627' title='bbox 1432 1736 1474 1754; x_wconf 91' lang='grc' dir='ltr'><strong>τοι</strong></span> <span class='ocrx_word' id='word_1_628' title='bbox 1487 1727 1566 1761; x_wconf 86' lang='grc' dir='ltr'>κάγὼ</span> <span class='ocrx_word' id='word_1_629' title='bbox 1580 1726 1842 1762; x_wconf 66' lang='grc' dir='ltr'>συγκατακλεισθεὶς</span> 
     </span>
    </p>
   </div>
   <div class='ocr_carea' id='block_1_89' title="bbox 1047 1771 1843 1808">
    <p class='ocr_par' dir='ltr' id='par_1_89' title="bbox 1047 1771 1843 1808">
     <span class='ocr_line' id='line_1_89' title="bbox 1047 1771 1843 1808; baseline -0.001 -9"><span class='ocrx_word' id='word_1_630' title='bbox 1047 1774 1095 1801; x_wconf 69' lang='grc' dir='ltr'>καὶ</span> <span class='ocrx_word' id='word_1_631' title='bbox 1108 1773 1215 1800; x_wconf 83' lang='grc' dir='ltr'>πενθῶν</span> <span class='ocrx_word' id='word_1_632' title='bbox 1228 1772 1285 1808; x_wconf 86' lang='grc' dir='ltr'><strong>όρῶ</strong></span> <span class='ocrx_word' id='word_1_633' title='bbox 1300 1773 1365 1805; x_wconf 80' lang='grc' dir='ltr'>τοὺς</span> <span class='ocrx_word' id='word_1_634' title='bbox 1378 1771 1425 1799; x_wconf 79' lang='grc' dir='ltr'>δύο</span> <span class='ocrx_word' id='word_1_635' title='bbox 1443 1772 1603 1804; x_wconf 84' lang='grc' dir='ltr'>νεανίσκους</span> <span class='ocrx_word' id='word_1_636' title='bbox 1619 1772 1740 1804; x_wconf 75' lang='grc' dir='ltr'>ἐκείνους</span> <span class='ocrx_word' id='word_1_637' title='bbox 1751 1771 1843 1799; x_wconf 86' lang='grc' dir='ltr'>ἐλθόν-</span> 
     </span>
    </p>
   </div>
   <div class='ocr_carea' id='block_1_90' title="bbox 1047 1818 1842 1854">
    <p class='ocr_par' dir='ltr' id='par_1_90' title="bbox 1047 1818 1842 1854">
     <span class='ocr_line' id='line_1_90' title="bbox 1047 1818 1842 1854; baseline -0.001 -8"><span class='ocrx_word' id='word_1_638' title='bbox 1047 1828 1096 1852; x_wconf 78' lang='grc' dir='ltr'><strong>τας</strong></span> <span class='ocrx_word' id='word_1_639' title='bbox 1122 1820 1212 1846; x_wconf 80' lang='grc' dir='ltr'>ἐκεῖσε</span> <span class='ocrx_word' id='word_1_640' title='bbox 1237 1819 1336 1852; x_wconf 80' lang='grc' dir='ltr'>πάλιν,</span> <span class='ocrx_word' id='word_1_641' title='bbox 1357 1819 1405 1854; x_wconf 65' lang='grc' dir='ltr'>οὓς</span> <span class='ocrx_word' id='word_1_642' title='bbox 1416 1819 1437 1835; x_wconf 81' lang='grc'>⁸¹</span> <span class='ocrx_word' id='word_1_643' title='bbox 1462 1818 1658 1854; x_wconf 85' lang='grc' dir='ltr'>παρακαλέσας</span> <span class='ocrx_word' id='word_1_644' title='bbox 1694 1818 1842 1853; x_wconf 70' lang='grc' dir='ltr'>ἐξαγαγεῖν</span> 
     </span>
    </p>
   </div>
   <div class='ocr_carea' id='block_1_91' title="bbox 1045 1864 1842 1902">
    <p class='ocr_par' dir='ltr' id='par_1_91' title="bbox 1045 1864 1842 1902">
     <span class='ocr_line' id='line_1_91' title="bbox 1045 1864 1842 1902; baseline -0.001 -10"><span class='ocrx_word' id='word_1_645' title='bbox 1045 1866 1096 1901; x_wconf 85' lang='grc' dir='ltr'><strong>τῆς</strong></span> <span class='ocrx_word' id='word_1_646' title='bbox 1111 1865 1230 1902; x_wconf 77' lang='grc' dir='ltr'>φοὸερᾱς</span> <span class='ocrx_word' id='word_1_647' title='bbox 1247 1866 1357 1901; x_wconf 80' lang='grc' dir='ltr'>ἐκείνης</span> <span class='ocrx_word' id='word_1_648' title='bbox 1370 1864 1497 1900; x_wconf 84' lang='grc' dir='ltr'>φυλακῆς</span> <span class='ocrx_word' id='word_1_649' title='bbox 1512 1874 1540 1892; x_wconf 83' lang='grc' dir='ltr'><strong>τε</strong></span> <span class='ocrx_word' id='word_1_650' title='bbox 1557 1865 1604 1892; x_wconf 73' lang='grc' dir='ltr'>καὶ</span> <span class='ocrx_word' id='word_1_651' title='bbox 1618 1864 1743 1901; x_wconf 82' lang='grc' dir='ltr'>ἀνάγκης</span> <span class='ocrx_word' id='word_1_652' title='bbox 1766 1865 1842 1897; x_wconf 75' lang='grc' dir='ltr'>ὅπως</span> 
     </span>
    </p>
   </div>
   <div class='ocr_carea' id='block_1_92' title="bbox 1049 1910 1841 1948">
    <p class='ocr_par' dir='ltr' id='par_1_92' title="bbox 1049 1910 1841 1948">
     <span class='ocr_line' id='line_1_92' title="bbox 1049 1910 1841 1948; baseline -0.001 -10"><span class='ocrx_word' id='word_1_653' title='bbox 1049 1913 1218 1948; x_wconf 82' lang='grc' dir='ltr'>μετανοήσω,</span> <span class='ocrx_word' id='word_1_654' title='bbox 1234 1911 1259 1938; x_wconf 78' lang='grc' dir='ltr'>οἳ</span> <span class='ocrx_word' id='word_1_655' title='bbox 1268 1912 1291 1928; x_wconf 80' lang='grc'><strong>⁶¹</strong></span> <span class='ocrx_word' id='word_1_656' title='bbox 1306 1911 1353 1938; x_wconf 87' lang='grc' dir='ltr'><strong>καί</strong></span> <span class='ocrx_word' id='word_1_657' title='bbox 1369 1920 1456 1946; x_wconf 87' lang='grc' dir='ltr'>φασιν</span> <span class='ocrx_word' id='word_1_658' title='bbox 1482 1910 1550 1947; x_wconf 87' lang='grc' dir='ltr'>πρός</span> <span class='ocrx_word' id='word_1_659' title='bbox 1565 1919 1616 1946; x_wconf 88' lang='grc' dir='ltr'>με·</span> <span class='ocrx_word' id='word_1_660' title='bbox 1640 1920 1649 1937; x_wconf 80' lang='grc' dir='ltr'><strong>ι</strong></span> <span class='ocrx_word' id='word_1_661' title='bbox 1667 1911 1765 1947; x_wconf 82' lang='grc' dir='ltr'>Μάτην</span> <span class='ocrx_word' id='word_1_662' title='bbox 1785 1919 1841 1938; x_wconf 85' lang='grc' dir='ltr'>πα-</span> 
     </span>
    </p>
   </div>
   <div class='ocr_carea' id='block_1_93' title="bbox 1048 1955 1843 1994">
    <p class='ocr_par' dir='ltr' id='par_1_93' title="bbox 1048 1955 1843 1994">
     <span class='ocr_line' id='line_1_93' title="bbox 1048 1955 1843 1994; baseline -0.003 -9"><span class='ocrx_word' id='word_1_663' title='bbox 1048 1959 1180 1994; x_wconf 82' lang='grc' dir='ltr'>ρακαλεῖς</span> <span class='ocrx_word' id='word_1_664' title='bbox 1192 1966 1200 1974; x_wconf 91' lang='grc'><strong>·</strong></span> <span class='ocrx_word' id='word_1_665' title='bbox 1217 1958 1305 1990; x_wconf 77' lang='grc' dir='ltr'>οὐδεὶς</span> <span class='ocrx_word' id='word_1_666' title='bbox 1320 1957 1375 1994; x_wconf 87' lang='grc' dir='ltr'><strong>γὰρ</strong></span> <span class='ocrx_word' id='word_1_667' title='bbox 1390 1956 1531 1993; x_wconf 78' lang='grc' dir='ltr'>ἐξέρχεται</span> <span class='ocrx_word' id='word_1_668' title='bbox 1547 1957 1602 1984; x_wconf 82' lang='grc' dir='ltr'><strong>τῶν</strong></span> <span class='ocrx_word' id='word_1_669' title='bbox 1625 1955 1742 1984; x_wconf 82' lang='grc' dir='ltr'>ἐνταῦθα</span> <span class='ocrx_word' id='word_1_670' title='bbox 1760 1956 1843 1992; x_wconf 75' lang='grc' dir='ltr'>μέχρι</span> 
     </span>
    </p>
   </div>
   <div class='ocr_carea' id='block_1_94' title="bbox 1046 2002 1842 2039">
    <p class='ocr_par' dir='ltr' id='par_1_94' title="bbox 1046 2002 1842 2039">
     <span class='ocr_line' id='line_1_94' title="bbox 1046 2002 1842 2039; baseline -0.004 -7"><span class='ocrx_word' id='word_1_671' title='bbox 1046 2004 1097 2039; x_wconf 78' lang='grc' dir='ltr'>τῆς</span> <span class='ocrx_word' id='word_1_672' title='bbox 1113 2004 1207 2039; x_wconf 85' lang='grc' dir='ltr'>κοινῆς</span> <span class='ocrx_word' id='word_1_673' title='bbox 1223 2004 1410 2034; x_wconf 84' lang='grc' dir='ltr'>ἀναστάσεως.</span> <span class='ocrx_word' id='word_1_674' title='bbox 1433 2013 1443 2029; x_wconf 67' lang='grc' dir='ltr'><strong>ι</strong></span> <span class='ocrx_word' id='word_1_675' title='bbox 1466 2003 1658 2038; x_wconf 84' lang='grc' dir='ltr'>Ἐπιμένοντος</span> <span class='ocrx_word' id='word_1_676' title='bbox 1672 2002 1701 2029; x_wconf 85' lang='grc' dir='ltr'><strong>δέ</strong></span> <span class='ocrx_word' id='word_1_677' title='bbox 1715 2002 1796 2037; x_wconf 83' lang='grc' dir='ltr'>μου⁶³</span> <span class='ocrx_word' id='word_1_678' title='bbox 1807 2003 1842 2038; x_wconf 81' lang='grc' dir='ltr'>τῇ</span> 
     </span>
    </p>
   </div>
   <div class='ocr_carea' id='block_1_95' title="bbox 1047 2048 1841 2087">
    <p class='ocr_par' dir='ltr' id='par_1_95' title="bbox 1047 2048 1841 2087">
     <span class='ocr_line' id='line_1_95' title="bbox 1047 2048 1841 2087; baseline -0.003 -10"><span class='ocrx_word' id='word_1_679' title='bbox 1047 2050 1140 2087; x_wconf 89' lang='grc' dir='ltr'>δεήσει</span> <span class='ocrx_word' id='word_1_680' title='bbox 1155 2049 1204 2077; x_wconf 77' lang='grc' dir='ltr'>καὶ</span> <span class='ocrx_word' id='word_1_681' title='bbox 1230 2050 1362 2085; x_wconf 82' lang='grc' dir='ltr'>βοῶντος-</span> <span class='ocrx_word' id='word_1_682' title='bbox 1383 2059 1392 2076; x_wconf 82' lang='grc' dir='ltr'><strong>ι</strong></span> <span class='ocrx_word' id='word_1_683' title='bbox 1404 2050 1552 2086; x_wconf 83' lang='grc' dir='ltr'>Ἐλεήσατέ</span> <span class='ocrx_word' id='word_1_684' title='bbox 1565 2058 1598 2085; x_wconf 87' lang='grc' dir='ltr'><strong>με</strong></span> <span class='ocrx_word' id='word_1_685' title='bbox 1610 2058 1617 2065; x_wconf 89' lang='grc'><strong>·</strong></span> <span class='ocrx_word' id='word_1_686' title='bbox 1633 2050 1663 2076; x_wconf 82' lang='grc' dir='ltr'>οὐ</span> <span class='ocrx_word' id='word_1_687' title='bbox 1680 2048 1736 2084; x_wconf 84' lang='grc' dir='ltr'><strong>γὰρ</strong></span> <span class='ocrx_word' id='word_1_688' title='bbox 1754 2048 1841 2084; x_wconf 78' lang='grc' dir='ltr'>ᾔδειν,</span> 
     </span>
    </p>
   </div>
   <div class='ocr_carea' id='block_1_96' title="bbox 1047 2094 1842 2132">
    <p class='ocr_par' dir='ltr' id='par_1_96' title="bbox 1047 2094 1842 2132">
     <span class='ocr_line' id='line_1_96' title="bbox 1047 2094 1842 2132; baseline -0.003 -9"><span class='ocrx_word' id='word_1_689' title='bbox 1047 2097 1087 2123; x_wconf 82' lang='grc' dir='ltr'>ὅτι</span> <span class='ocrx_word' id='word_1_690' title='bbox 1102 2097 1188 2124; x_wconf 82' lang='grc' dir='ltr'>ταῦτά</span> <span class='ocrx_word' id='word_1_691' title='bbox 1201 2106 1245 2132; x_wconf 86' lang='grc' dir='ltr'><strong>μοι</strong></span> <span class='ocrx_word' id='word_1_692' title='bbox 1261 2096 1435 2132; x_wconf 76' lang='grc' dir='ltr'>συμϐήσεται</span> <span class='ocrx_word' id='word_1_693' title='bbox 1463 2097 1510 2122; x_wconf 75' lang='grc' dir='ltr'>καὶ</span> <span class='ocrx_word' id='word_1_694' title='bbox 1530 2095 1574 2122; x_wconf 84' lang='grc' dir='ltr'><strong>διὰ</strong></span> <span class='ocrx_word' id='word_1_695' title='bbox 1597 2094 1677 2122; x_wconf 74' lang='grc' dir='ltr'>τοῦτο</span> <span class='ocrx_word' id='word_1_696' title='bbox 1691 2094 1842 2131; x_wconf 70' lang='grc' dir='ltr'>γνησίωςίδ</span> 
     </span>
    </p>
   </div>
   <div class='ocr_carea' id='block_1_97' title="bbox 1048 2140 1842 2178">
    <p class='ocr_par' dir='ltr' id='par_1_97' title="bbox 1048 2140 1842 2178">
     <span class='ocr_line' id='line_1_97' title="bbox 1048 2140 1842 2178; baseline -0.004 -8"><span class='ocrx_word' id='word_1_697' title='bbox 1048 2143 1101 2170; x_wconf 84' lang='grc' dir='ltr'>ἀπὸ</span> <span class='ocrx_word' id='word_1_698' title='bbox 1117 2143 1164 2170; x_wconf 82' lang='grc' dir='ltr'>τοῦ</span> <span class='ocrx_word' id='word_1_699' title='bbox 1180 2142 1229 2170; x_wconf 82' lang='grc' dir='ltr'>νῦν</span> <span class='ocrx_word' id='word_1_700' title='bbox 1253 2142 1377 2178; x_wconf 82' lang='grc' dir='ltr'>μετανοῶ</span> <span class='ocrx_word' id='word_1_701' title='bbox 1393 2144 1441 2168; x_wconf 79' lang='grc' dir='ltr'>καὶ</span> <span class='ocrx_word' id='word_1_702' title='bbox 1459 2142 1613 2178; x_wconf 81' lang='grc' dir='ltr'>γενήσομαι</span> <span class='ocrx_word' id='word_1_703' title='bbox 1626 2140 1695 2177; x_wconf 81' lang='grc' dir='ltr'>πρὸς</span> <span class='ocrx_word' id='word_1_704' title='bbox 1708 2141 1842 2175; x_wconf 82' lang='grc' dir='ltr'>ὠφέλειαν</span> 
     </span>
    </p>
   </div>
   <div class='ocr_carea' id='block_1_98' title="bbox 1048 2185 1827 2224">
    <p class='ocr_par' dir='ltr' id='par_1_98' title="bbox 1048 2185 1827 2224">
     <span class='ocr_line' id='line_1_98' title="bbox 1048 2185 1827 2224; baseline -0.003 -9"><span class='ocrx_word' id='word_1_705' title='bbox 1048 2189 1165 2222; x_wconf 84' lang='grc' dir='ltr'>πολλῶν,</span> <span class='ocrx_word' id='word_1_706' title='bbox 1194 2189 1218 2215; x_wconf 83' lang='grc' dir='ltr'><strong>εί</strong></span> <span class='ocrx_word' id='word_1_707' title='bbox 1241 2189 1310 2224; x_wconf 84' lang='grc' dir='ltr'>πρὸς</span> <span class='ocrx_word' id='word_1_708' title='bbox 1331 2188 1381 2223; x_wconf 85' lang='grc' dir='ltr'>τὴν</span> <span class='ocrx_word' id='word_1_709' title='bbox 1410 2188 1457 2215; x_wconf 73' lang='grc' dir='ltr'>ἐπὶ</span> <span class='ocrx_word' id='word_1_710' title='bbox 1473 2189 1525 2223; x_wconf 81' lang='grc' dir='ltr'>γῆς</span> <span class='ocrx_word' id='word_1_711' title='bbox 1545 2188 1619 2223; x_wconf 80' lang='grc' dir='ltr'>ζωὴν</span> <span class='ocrx_word' id='word_1_712' title='bbox 1634 2185 1714 2219; x_wconf 80' lang='grc' dir='ltr'>αὖθις</span> <span class='ocrx_word' id='word_1_713' title='bbox 1739 2186 1827 2221; x_wconf 81' lang='grc' dir='ltr'>ἐπανή</span> 
     </span>
    </p>
   </div>
   <div class='ocr_carea' id='block_1_99' title="bbox 1049 2232 1841 2269">
    <p class='ocr_par' dir='ltr' id='par_1_99' title="bbox 1049 2232 1841 2269">
     <span class='ocr_line' id='line_1_99' title="bbox 1049 2232 1841 2269; baseline -0.004 -8"><span class='ocrx_word' id='word_1_714' title='bbox 1049 2234 1087 2268; x_wconf 89' lang='grc' dir='ltr'><strong>ξω</strong></span> <span class='ocrx_word' id='word_1_715' title='bbox 1098 2234 1131 2261; x_wconf 71' lang='grc'><strong>⁵⁵.</strong></span> <span class='ocrx_word' id='word_1_716' title='bbox 1151 2243 1160 2259; x_wconf 76' lang='grc' dir='ltr'><strong>ι</strong></span> <span class='ocrx_word' id='word_1_717' title='bbox 1178 2235 1232 2261; x_wconf 77' lang='grc' dir='ltr'><strong>Καὶ</strong></span> <span class='ocrx_word' id='word_1_718' title='bbox 1257 2234 1464 2269; x_wconf 80' lang='grc' dir='ltr'>δυσωπηθέντες</span> <span class='ocrx_word' id='word_1_719' title='bbox 1489 2234 1513 2260; x_wconf 89' lang='grc' dir='ltr'><strong>οί</strong></span> <span class='ocrx_word' id='word_1_720' title='bbox 1538 2234 1650 2268; x_wconf 75' lang='grc' dir='ltr'>ἄγγελοι</span> <span class='ocrx_word' id='word_1_721' title='bbox 1681 2232 1780 2267; x_wconf 81' lang='grc' dir='ltr'>ἄγουσί</span> <span class='ocrx_word' id='word_1_722' title='bbox 1806 2240 1841 2267; x_wconf 78' lang='grc' dir='ltr'><strong>με</strong></span> 
     </span>
    </p>
   </div>
   <div class='ocr_carea' id='block_1_100' title="bbox 1012 2279 1841 2316">
    <p class='ocr_par' dir='ltr' id='par_1_100' title="bbox 1012 2279 1841 2316">
     <span class='ocr_line' id='line_1_100' title="bbox 1012 2279 1841 2316; baseline -0.002 -9"><span class='ocrx_word' id='word_1_723' title='bbox 1012 2279 1034 2306; x_wconf 86' lang='grc' dir='ltr'><strong>Ι)</strong></span> <span class='ocrx_word' id='word_1_724' title='bbox 1050 2281 1118 2316; x_wconf 77' lang='grc' dir='ltr'>πρὸς</span> <span class='ocrx_word' id='word_1_725' title='bbox 1130 2281 1161 2307; x_wconf 84' lang='grc' dir='ltr'><strong>τδ</strong></span> <span class='ocrx_word' id='word_1_726' title='bbox 1177 2281 1258 2316; x_wconf 87' lang='grc' dir='ltr'>σῶμα</span> <span class='ocrx_word' id='word_1_727' title='bbox 1272 2281 1321 2307; x_wconf 75' lang='grc' dir='ltr'>καὶ</span> <span class='ocrx_word' id='word_1_728' title='bbox 1343 2282 1393 2316; x_wconf 82' lang='grc' dir='ltr'>τὴν</span> <span class='ocrx_word' id='word_1_729' title='bbox 1411 2281 1460 2316; x_wconf 80' lang='grc' dir='ltr'>μὲν</span> <span class='ocrx_word' id='word_1_730' title='bbox 1470 2280 1492 2296; x_wconf 79' lang='grc'><strong>⁸⁸</strong></span> <span class='ocrx_word' id='word_1_731' title='bbox 1507 2280 1575 2307; x_wconf 86' lang='grc' dir='ltr'>ἰδίαν</span> <span class='ocrx_word' id='word_1_732' title='bbox 1592 2280 1673 2315; x_wconf 83' lang='grc' dir='ltr'>φύσιν</span> <span class='ocrx_word' id='word_1_733' title='bbox 1687 2280 1737 2314; x_wconf 86' lang='grc' dir='ltr'>τῆς</span> <span class='ocrx_word' id='word_1_734' title='bbox 1750 2279 1841 2315; x_wconf 77' lang='grc' dir='ltr'>ψυχῆς</span> 
     </span>
    </p>
   </div>
   <div class='ocr_carea' id='block_1_101' title="bbox 1047 2325 1840 2363">
    <p class='ocr_par' dir='ltr' id='par_1_101' title="bbox 1047 2325 1840 2363">
     <span class='ocr_line' id='line_1_101' title="bbox 1047 2325 1840 2363; baseline -0.003 -10"><span class='ocrx_word' id='word_1_735' title='bbox 1047 2327 1162 2354; x_wconf 76' lang='grc' dir='ltr'>ἐὸλεπον</span> <span class='ocrx_word' id='word_1_736' title='bbox 1177 2327 1273 2363; x_wconf 85' lang='grc' dir='ltr'>ὥσπερ</span> <span class='ocrx_word' id='word_1_737' title='bbox 1302 2327 1478 2363; x_wconf 88' lang='grc' dir='ltr'>μαργαρίτην</span> <span class='ocrx_word' id='word_1_738' title='bbox 1507 2327 1729 2362; x_wconf 81' lang='grc' dir='ltr'>ἀστράπτουσαν,</span> <span class='ocrx_word' id='word_1_739' title='bbox 1754 2325 1785 2351; x_wconf 81' lang='grc' dir='ltr'>τὸ</span> <span class='ocrx_word' id='word_1_740' title='bbox 1811 2325 1840 2351; x_wconf 81' lang='grc' dir='ltr'>δὲ</span> 
     </span>
    </p>
   </div>
   <div class='ocr_carea' id='block_1_102' title="bbox 1049 2370 1841 2409">
    <p class='ocr_par' dir='ltr' id='par_1_102' title="bbox 1049 2370 1841 2409">
     <span class='ocr_line' id='line_1_102' title="bbox 1049 2370 1841 2409; baseline -0.004 -9"><span class='ocrx_word' id='word_1_741' title='bbox 1049 2374 1129 2409; x_wconf 87' lang='grc' dir='ltr'>σῶμα</span> <span class='ocrx_word' id='word_1_742' title='bbox 1144 2373 1261 2405; x_wconf 85' lang='grc' dir='ltr'>δυσῶδες</span> <span class='ocrx_word' id='word_1_743' title='bbox 1277 2374 1324 2400; x_wconf 78' lang='grc' dir='ltr'>καὶ</span> <span class='ocrx_word' id='word_1_744' title='bbox 1338 2373 1551 2408; x_wconf 73' lang='grc' dir='ltr'>ἠμαυρωμένον,</span> <span class='ocrx_word' id='word_1_745' title='bbox 1567 2372 1628 2399; x_wconf 84' lang='grc' dir='ltr'>ὅθεν</span> <span class='ocrx_word' id='word_1_746' title='bbox 1648 2370 1841 2407; x_wconf 81' lang='grc' dir='ltr'>δυσχεραίνον-</span> 
     </span>
    </p>
   </div>
   <div class='ocr_carea' id='block_1_103' title="bbox 1048 2418 1840 2455">
    <p class='ocr_par' dir='ltr' id='par_1_103' title="bbox 1048 2418 1840 2455">
     <span class='ocr_line' id='line_1_103' title="bbox 1048 2418 1840 2455; baseline -0.003 -9"><span class='ocrx_word' id='word_1_747' title='bbox 1048 2420 1093 2452; x_wconf 86' lang='grc' dir='ltr'><strong>τός</strong></span> <span class='ocrx_word' id='word_1_748' title='bbox 1115 2429 1165 2455; x_wconf 90' lang='grc' dir='ltr'><strong>μου</strong></span> <span class='ocrx_word' id='word_1_749' title='bbox 1192 2420 1241 2446; x_wconf 83' lang='grc' dir='ltr'>καὶ</span> <span class='ocrx_word' id='word_1_750' title='bbox 1272 2419 1398 2455; x_wconf 86' lang='grc' dir='ltr'>λέγοντος</span> <span class='ocrx_word' id='word_1_751' title='bbox 1426 2420 1464 2455; x_wconf 85' lang='grc' dir='ltr'>μὴ</span> <span class='ocrx_word' id='word_1_752' title='bbox 1488 2419 1620 2446; x_wconf 83' lang='grc' dir='ltr'>δύνασθαι</span> <span class='ocrx_word' id='word_1_753' title='bbox 1629 2419 1652 2435; x_wconf 87' lang='lat'><strong>&quot;</strong></span> <span class='ocrx_word' id='word_1_754' title='bbox 1666 2418 1798 2446; x_wconf 75' lang='grc' dir='ltr'>εἰσελθεῖν</span> <span class='ocrx_word' id='word_1_755' title='bbox 1811 2418 1840 2445; x_wconf 85' lang='grc' dir='ltr'><strong>ἐν</strong></span> 
     </span>
    </p>
   </div>
   <div class='ocr_carea' id='block_1_104' title="bbox 1049 2465 1840 2502">
    <p class='ocr_par' dir='ltr' id='par_1_104' title="bbox 1049 2465 1840 2502">
     <span class='ocr_line' id='line_1_104' title="bbox 1049 2465 1840 2502; baseline -0.003 -9"><span class='ocrx_word' id='word_1_756' title='bbox 1049 2466 1124 2500; x_wconf 81' lang='grc' dir='ltr'>αὐτῴ</span> <span class='ocrx_word' id='word_1_757' title='bbox 1137 2466 1182 2493; x_wconf 83' lang='grc' dir='ltr'><strong>διὰ</strong></span> <span class='ocrx_word' id='word_1_758' title='bbox 1200 2467 1249 2502; x_wconf 84' lang='grc' dir='ltr'>τὴν</span> <span class='ocrx_word' id='word_1_759' title='bbox 1265 2466 1385 2501; x_wconf 81' lang='grc' dir='ltr'>ζόφωσιν</span> <span class='ocrx_word' id='word_1_760' title='bbox 1412 2466 1495 2493; x_wconf 84' lang='grc' dir='ltr'>αὐτοῦ</span> <span class='ocrx_word' id='word_1_761' title='bbox 1524 2467 1572 2493; x_wconf 79' lang='grc' dir='ltr'>καὶ</span> <span class='ocrx_word' id='word_1_762' title='bbox 1587 2466 1637 2501; x_wconf 86' lang='grc' dir='ltr'>τὴν</span> <span class='ocrx_word' id='word_1_763' title='bbox 1661 2465 1794 2492; x_wconf 84' lang='grc' dir='ltr'>δυσωδίαν</span> <span class='ocrx_word' id='word_1_764' title='bbox 1805 2465 1840 2498; x_wconf 78' lang='grc'><strong>⁸³,</strong></span> 
     </span>
    </p>
   </div>
   <div class='ocr_carea' id='block_1_105' title="bbox 1049 2510 1841 2548">
    <p class='ocr_par' dir='ltr' id='par_1_105' title="bbox 1049 2510 1841 2548">
     <span class='ocr_line' id='line_1_105' title="bbox 1049 2510 1841 2548; baseline -0.001 -11"><span class='ocrx_word' id='word_1_765' title='bbox 1049 2513 1073 2538; x_wconf 83' lang='lat' dir='ltr'><strong>oi</strong></span> <span class='ocrx_word' id='word_1_766' title='bbox 1087 2511 1114 2538; x_wconf 81' lang='grc' dir='ltr'>δὲ</span> <span class='ocrx_word' id='word_1_767' title='bbox 1127 2512 1353 2548; x_wconf 74' lang='grc' dir='ltr'>προσηπείλησᾶν</span> <span class='ocrx_word' id='word_1_768' title='bbox 1368 2521 1413 2547; x_wconf 89' lang='grc' dir='ltr'>μοι.</span> <span class='ocrx_word' id='word_1_769' title='bbox 1425 2512 1565 2546; x_wconf 84' lang='grc' dir='ltr'>λέγοντες·</span> <span class='ocrx_word' id='word_1_770' title='bbox 1582 2520 1591 2537; x_wconf 74' lang='grc' dir='ltr'><strong>ι</strong></span> <span class='ocrx_word' id='word_1_771' title='bbox 1605 2511 1638 2537; x_wconf 79' lang='grc' dir='ltr'>Εἰ</span> <span class='ocrx_word' id='word_1_772' title='bbox 1652 2511 1689 2546; x_wconf 81' lang='grc' dir='ltr'>μὴ</span> <span class='ocrx_word' id='word_1_773' title='bbox 1705 2510 1841 2546; x_wconf 75' lang='grc' dir='ltr'>εἰσέλθῃς,</span> 
     </span>
    </p>
   </div>
   <div class='ocr_carea' id='block_1_106' title="bbox 1052 2555 1839 2592">
    <p class='ocr_par' dir='ltr' id='par_1_106' title="bbox 1052 2555 1839 2592">
     <span class='ocr_line' id='line_1_106' title="bbox 1052 2555 1839 2592; baseline 0 -10"><span class='ocrx_word' id='word_1_774' title='bbox 1052 2556 1133 2584; x_wconf 86' lang='grc' dir='ltr'>πάλιν</span> <span class='ocrx_word' id='word_1_775' title='bbox 1142 2557 1164 2572; x_wconf 78' lang='grc'><strong>⁶⁹</strong></span> <span class='ocrx_word' id='word_1_776' title='bbox 1179 2556 1325 2592; x_wconf 85' lang='grc' dir='ltr'>ἀπάγομέν</span> <span class='ocrx_word' id='word_1_777' title='bbox 1346 2565 1375 2583; x_wconf 88' lang='grc' dir='ltr'><strong>σε</strong></span> <span class='ocrx_word' id='word_1_778' title='bbox 1400 2558 1441 2588; x_wconf 83' lang='grc' dir='ltr'><strong>εἰς</strong></span> <span class='ocrx_word' id='word_1_779' title='bbox 1464 2557 1573 2591; x_wconf 84' lang='grc' dir='ltr'>ἐκείνην</span> <span class='ocrx_word' id='word_1_780' title='bbox 1599 2556 1649 2591; x_wconf 83' lang='grc' dir='ltr'>τὴν</span> <span class='ocrx_word' id='word_1_781' title='bbox 1671 2555 1839 2591; x_wconf 80' lang='grc' dir='ltr'>καταδίκην·</span> 
     </span>
    </p>
   </div>
   <div class='ocr_carea' id='block_1_107' title="bbox 804 2617 1236 2650">
    <p class='ocr_par' dir='ltr' id='par_1_107' title="bbox 804 2617 1236 2650">
     <span class='ocr_line' id='line_1_107' title="bbox 804 2617 1236 2650; baseline 0.005 -3"><span class='ocrx_word' id='word_1_782' title='bbox 804 2617 904 2648; x_wconf 66' lang='lat' dir='ltr'><strong>Variae</strong></span> <span class='ocrx_word' id='word_1_783' title='bbox 919 2617 1075 2648; x_wconf 82' lang='lat' dir='ltr'><strong>lectiones</strong></span> <span class='ocrx_word' id='word_1_784' title='bbox 1090 2620 1122 2649; x_wconf 86' lang='lat' dir='ltr'><strong>et</strong></span> <span class='ocrx_word' id='word_1_785' title='bbox 1140 2621 1236 2650; x_wconf 62' lang='lat' dir='ltr'><strong>notae.</strong></span> 
     </span>
    </p>
   </div>
   <div class='ocr_carea' id='block_1_108' title="bbox 240 2666 1114 2704">
    <p class='ocr_par' dir='ltr' id='par_1_108' title="bbox 240 2666 1114 2704">
     <span class='ocr_line' id='line_1_108' title="bbox 240 2666 1114 2704; baseline 0.006 -13"><span class='ocrx_word' id='word_1_786' title='bbox 240 2666 263 2704; x_wconf 48' lang='lat' dir='ltr'><strong>f3</strong></span> <span class='ocrx_word' id='word_1_787' title='bbox 283 2666 520 2704; x_wconf 51' lang='grc' dir='ltr'><strong>δέμοιιττιίινιτωνἱ</strong></span> <span class='ocrx_word' id='word_1_788' title='bbox 531 2667 579 2695; x_wconf 86' lang='lat' dir='ltr'><strong>sed</strong></span> <span class='ocrx_word' id='word_1_789' title='bbox 588 2675 645 2695; x_wconf 83' lang='lat' dir='ltr'><strong>om.</strong></span> <span class='ocrx_word' id='word_1_790' title='bbox 663 2677 714 2703; x_wconf 86' lang='grc' dir='ltr'><strong>μου</strong></span> <span class='ocrx_word' id='word_1_791' title='bbox 723 2668 793 2695; x_wconf 86' lang='lat' dir='ltr'><strong>inter</strong></span> <span class='ocrx_word' id='word_1_792' title='bbox 807 2669 919 2702; x_wconf 85' lang='grc' dir='ltr'>ἀγαθῶν</span> <span class='ocrx_word' id='word_1_793' title='bbox 935 2673 962 2696; x_wconf 90' lang='lat' dir='ltr'><strong>et</strong></span> <span class='ocrx_word' id='word_1_794' title='bbox 979 2668 1068 2704; x_wconf 75' lang='grc' dir='ltr'>ἔργων</span> <span class='ocrx_word' id='word_1_795' title='bbox 1082 2668 1114 2696; x_wconf 87' lang='lat' dir='ltr'><strong>L.</strong></span> 
     </span>
    </p>
   </div>
   <div class='ocr_carea' id='block_1_109' title="bbox 1164 2668 1838 2711">
    <p class='ocr_par' dir='ltr' id='par_1_109' title="bbox 1164 2668 1838 2711">
     <span class='ocr_line' id='line_1_109' title="bbox 1164 2668 1838 2711; baseline 0 -15"><span class='ocrx_word' id='word_1_796' title='bbox 1164 2669 1187 2711; x_wconf 68' lang='lat'><strong>‘_&#39;</strong></span> <span class='ocrx_word' id='word_1_797' title='bbox 1205 2678 1261 2711; x_wconf 61' lang='grc' dir='ltr'><strong>μου</strong></span> <span class='ocrx_word' id='word_1_798' title='bbox 1274 2668 1372 2711; x_wconf 50' lang='grc' dir='ltr'><strong>οιιιλιἱ</strong></span> <span class='ocrx_word' id='word_1_799' title='bbox 1410 2668 1435 2684; x_wconf 82' lang='grc'><strong>⁸⁸</strong></span> <span class='ocrx_word' id='word_1_800' title='bbox 1452 2676 1644 2711; x_wconf 75' lang='grc' dir='ltr'>συγκεχωρητ.</span> <span class='ocrx_word' id='word_1_801' title='bbox 1661 2668 1722 2696; x_wconf 81' lang='lat' dir='ltr'><strong>cod.</strong></span> <span class='ocrx_word' id='word_1_802' title='bbox 1763 2669 1785 2711; x_wconf 62' lang='grc' dir='ltr'>ξι</span> <span class='ocrx_word' id='word_1_803' title='bbox 1798 2669 1838 2711; x_wconf 58' lang='lat' dir='ltr'><strong>(ei</strong></span> 
     </span>
    </p>
   </div>
   <div class='ocr_carea' id='block_1_110' title="bbox 204 2701 1836 2739">
    <p class='ocr_par' dir='ltr' id='par_1_110' title="bbox 204 2701 1836 2739">
     <span class='ocr_line' id='line_1_110' title="bbox 204 2701 1836 2739; baseline 0.002 -11"><span class='ocrx_word' id='word_1_804' title='bbox 204 2702 268 2739; x_wconf 57' lang='lat' dir='ltr'><strong>eod1</strong></span> <span class='ocrx_word' id='word_1_805' title='bbox 292 2701 327 2739; x_wconf 77' lang='lat'><strong>_&quot;</strong></span> <span class='ocrx_word' id='word_1_806' title='bbox 345 2701 427 2739; x_wconf 76' lang='grc' dir='ltr'>τιᾴλιν</span> <span class='ocrx_word' id='word_1_807' title='bbox 439 2710 494 2739; x_wconf 77' lang='lat' dir='ltr'><strong>oni.</strong></span> <span class='ocrx_word' id='word_1_808' title='bbox 508 2702 541 2731; x_wconf 84' lang='lat' dir='ltr'><strong>L.</strong></span> <span class='ocrx_word' id='word_1_809' title='bbox 560 2738 564 2739; x_wconf 18' lang='grc' dir='ltr'><strong>γ</strong></span> <span class='ocrx_word' id='word_1_810' title='bbox 580 2704 602 2720; x_wconf 85' lang='grc'><strong>⁸³</strong></span> <span class='ocrx_word' id='word_1_811' title='bbox 614 2701 738 2739; x_wconf 78' lang='grc' dir='ltr'>ἀφέντες</span> <span class='ocrx_word' id='word_1_812' title='bbox 756 2711 789 2738; x_wconf 82' lang='grc' dir='ltr'><strong>με</strong></span> <span class='ocrx_word' id='word_1_813' title='bbox 816 2701 1023 2739; x_wconf 69' lang='grc' dir='ltr'>ἀναπολόγητον</span> <span class='ocrx_word' id='word_1_814' title='bbox 1041 2706 1088 2731; x_wconf 75' lang='grc' dir='ltr'><strong>καὶ</strong></span> <span class='ocrx_word' id='word_1_815' title='bbox 1108 2704 1145 2739; x_wconf 86' lang='grc' dir='ltr'>μή</span> <span class='ocrx_word' id='word_1_816' title='bbox 1169 2701 1212 2732; x_wconf 51' lang='lat' dir='ltr'><strong>L.&#39;</strong></span> <span class='ocrx_word' id='word_1_817' title='bbox 1240 2706 1264 2721; x_wconf 76' lang='lat'><strong>‘&quot;</strong></span> <span class='ocrx_word' id='word_1_818' title='bbox 1280 2705 1326 2730; x_wconf 74' lang='grc' dir='ltr'>καὶ</span> <span class='ocrx_word' id='word_1_819' title='bbox 1343 2703 1494 2734; x_wconf 82' lang='grc' dir='ltr'>τύπτοντές</span> <span class='ocrx_word' id='word_1_820' title='bbox 1511 2701 1720 2739; x_wconf 65' lang='grc' dir='ltr'>μεκᾷιτήγαγον</span> <span class='ocrx_word' id='word_1_821' title='bbox 1748 2705 1788 2736; x_wconf 85' lang='grc' dir='ltr'><strong>είς</strong></span> <span class='ocrx_word' id='word_1_822' title='bbox 1804 2701 1836 2731; x_wconf 52' lang='lat' dir='ltr'><strong>Li</strong></span> 
     </span>
    </p>
   </div>
   <div class='ocr_carea' id='block_1_111' title="bbox 204 2736 941 2773">
    <p class='ocr_par' dir='ltr' id='par_1_111' title="bbox 204 2736 941 2773">
     <span class='ocr_line' id='line_1_111' title="bbox 204 2736 941 2773; baseline 0.001 -9"><span class='ocrx_word' id='word_1_823' title='bbox 204 2737 228 2752; x_wconf 83' lang='lat'><strong>&quot;</strong></span> <span class='ocrx_word' id='word_1_824' title='bbox 247 2736 435 2773; x_wconf 44' lang='lat' dir='ltr'><strong>Katﬁagr‘qc</strong></span> <span class='ocrx_word' id='word_1_825' title='bbox 460 2736 714 2773; x_wconf 50' lang='grc' dir='ltr'>διασκεδασθείσης</span> <span class='ocrx_word' id='word_1_826' title='bbox 747 2736 881 2773; x_wconf 79' lang='grc' dir='ltr'>κατῆλθον</span> <span class='ocrx_word' id='word_1_827' title='bbox 910 2738 941 2766; x_wconf 85' lang='lat' dir='ltr'><strong>L.</strong></span> 
     </span>
    </p>
   </div>
   <div class='ocr_carea' id='block_1_112' title="bbox 204 2770 908 2807">
    <p class='ocr_par' dir='ltr' id='par_1_112' title="bbox 204 2770 908 2807">
     <span class='ocr_line' id='line_1_112' title="bbox 204 2770 908 2807; baseline 0.006 -11"><span class='ocrx_word' id='word_1_828' title='bbox 204 2771 339 2806; x_wconf 79' lang='grc' dir='ltr'>γνοφεράν</span> <span class='ocrx_word' id='word_1_829' title='bbox 371 2770 418 2797; x_wconf 61' lang='grc' dir='ltr'><strong>[μ’</strong></span> <span class='ocrx_word' id='word_1_830' title='bbox 476 2772 499 2787; x_wconf 79' lang='grc'><strong>⁸⁸</strong></span> <span class='ocrx_word' id='word_1_831' title='bbox 522 2770 553 2798; x_wconf 75' lang='grc' dir='ltr'><strong>οὗ</strong></span> <span class='ocrx_word' id='word_1_832' title='bbox 582 2774 632 2799; x_wconf 82' lang='grc' dir='ltr'>οὐκ</span> <span class='ocrx_word' id='word_1_833' title='bbox 661 2770 719 2800; x_wconf 74' lang='grc' dir='ltr'>ἐστι</span> <span class='ocrx_word' id='word_1_834' title='bbox 745 2770 846 2807; x_wconf 71' lang='grc' dir='ltr'>φέγγος</span> <span class='ocrx_word' id='word_1_835' title='bbox 877 2774 908 2801; x_wconf 81' lang='lat' dir='ltr'><strong>L.</strong></span> 
     </span>
    </p>
   </div>
   <div class='ocr_carea' id='block_1_113' title="bbox 998 2739 1622 2767">
    <p class='ocr_par' dir='ltr' id='par_1_113' title="bbox 998 2739 1622 2767">
     <span class='ocr_line' id='line_1_113' title="bbox 998 2739 1622 2767; baseline -0.002 -2"><span class='ocrx_word' id='word_1_836' title='bbox 998 2739 1020 2754; x_wconf 86' lang='lat'>&quot;</span> <span class='ocrx_word' id='word_1_837' title='bbox 1035 2739 1082 2765; x_wconf 80' lang='grc' dir='ltr'>καὶ</span> <span class='ocrx_word' id='word_1_838' title='bbox 1115 2739 1263 2767; x_wconf 74' lang='grc' dir='ltr'>σκοτεινῶν</span> <span class='ocrx_word' id='word_1_839' title='bbox 1288 2739 1336 2766; x_wconf 81' lang='grc' dir='ltr'>καὶ</span> <span class='ocrx_word' id='word_1_840' title='bbox 1360 2739 1570 2765; x_wconf 83' lang='grc' dir='ltr'>δυσωδεστάτων</span> <span class='ocrx_word' id='word_1_841' title='bbox 1590 2739 1622 2767; x_wconf 67' lang='grc'><strong>1,,</strong></span> 
     </span>
    </p>
   </div>
   <div class='ocr_carea' id='block_1_114' title="bbox 982 2773 1281 2809">
    <p class='ocr_par' dir='ltr' id='par_1_114' title="bbox 982 2773 1281 2809">
     <span class='ocr_line' id='line_1_114' title="bbox 982 2773 1281 2809; baseline -0.003 -8"><span class='ocrx_word' id='word_1_842' title='bbox 982 2775 1004 2790; x_wconf 78' lang='grc'><strong><em>⁸⁹</em></strong></span> <span class='ocrx_word' id='word_1_843' title='bbox 1036 2775 1050 2801; x_wconf 84' lang='grc' dir='ltr'>ὑ</span> <span class='ocrx_word' id='word_1_844' title='bbox 1056 2776 1141 2809; x_wconf 85' lang='grc' dir='ltr'>ποστή</span> <span class='ocrx_word' id='word_1_845' title='bbox 1147 2783 1221 2801; x_wconf 84' lang='grc' dir='ltr'>σεται</span> <span class='ocrx_word' id='word_1_846' title='bbox 1250 2773 1281 2800; x_wconf 80' lang='lat' dir='ltr'><strong>L.</strong></span> 
     </span>
    </p>
   </div>
   <div class='ocr_carea' id='block_1_115' title="bbox 1679 2740 1839 2767">
    <p class='ocr_par' dir='ltr' id='par_1_115' title="bbox 1679 2740 1839 2767">
     <span class='ocr_line' id='line_1_115' title="bbox 1679 2740 1839 2767; baseline 0 -1"><span class='ocrx_word' id='word_1_847' title='bbox 1679 2740 1701 2755; x_wconf 83' lang='lat'><strong>&quot;</strong></span> <span class='ocrx_word' id='word_1_848' title='bbox 1718 2748 1761 2767; x_wconf 69' lang='grc' dir='ltr'><strong>σκ.</strong></span> <span class='ocrx_word' id='word_1_849' title='bbox 1792 2741 1839 2767; x_wconf 82' lang='grc' dir='ltr'>καὶ</span> 
     </span>
    </p>
   </div>
   <div class='ocr_carea' id='block_1_116' title="bbox 1356 2774 1840 2810">
    <p class='ocr_par' dir='ltr' id='par_1_116' title="bbox 1356 2774 1840 2810">
     <span class='ocr_line' id='line_1_116' title="bbox 1356 2774 1840 2810; baseline 0.004 -11"><span class='ocrx_word' id='word_1_850' title='bbox 1356 2774 1378 2789; x_wconf 79' lang='grc'><strong>⁸⁵</strong></span> <span class='ocrx_word' id='word_1_851' title='bbox 1400 2774 1523 2800; x_wconf 78' lang='grc' dir='ltr'>διαϐόλου</span> <span class='ocrx_word' id='word_1_852' title='bbox 1547 2775 1595 2801; x_wconf 64' lang='grc' dir='ltr'>καὶ</span> <span class='ocrx_word' id='word_1_853' title='bbox 1620 2775 1674 2801; x_wconf 84' lang='grc' dir='ltr'><strong>τῶν</strong></span> <span class='ocrx_word' id='word_1_854' title='bbox 1702 2775 1840 2810; x_wconf 78' lang='grc' dir='ltr'>δαιμόνων</span> 
     </span>
    </p>
   </div>
   <div class='ocr_carea' id='block_1_117' title="bbox 205 2806 1842 2848">
    <p class='ocr_par' dir='ltr' id='par_1_117' title="bbox 205 2806 1842 2848">
     <span class='ocr_line' id='line_1_117' title="bbox 205 2806 1842 2848; baseline 0.01 -16"><span class='ocrx_word' id='word_1_855' title='bbox 205 2806 502 2848; x_wconf 51' lang='lat' dir='ltr'><strong>natat&#39;éiznqucttuoja</strong></span> <span class='ocrx_word' id='word_1_856' title='bbox 516 2809 563 2848; x_wconf 63' lang='grc' dir='ltr'>καὶ</span> <span class='ocrx_word' id='word_1_857' title='bbox 577 2806 830 2848; x_wconf 23' lang='grc' dir='ltr'>ἁπαρληγόρητα-Ιί..</span> <span class='ocrx_word' id='word_1_858' title='bbox 859 2810 879 2826; x_wconf 80' lang='grc'><strong>⁸¹</strong></span> <span class='ocrx_word' id='word_1_859' title='bbox 896 2810 943 2841; x_wconf 83' lang='grc' dir='ltr'>οὓς</span> <span class='ocrx_word' id='word_1_860' title='bbox 957 2809 1123 2848; x_wconf 59' lang='grc' dir='ltr'>δυσωπήσεις</span> <span class='ocrx_word' id='word_1_861' title='bbox 1135 2806 1178 2842; x_wconf 60' lang='grc' dir='ltr'>ἐξ.</span> <span class='ocrx_word' id='word_1_862' title='bbox 1193 2818 1226 2848; x_wconf 71' lang='grc' dir='ltr'><strong>με</strong></span> <span class='ocrx_word' id='word_1_863' title='bbox 1246 2808 1295 2842; x_wconf 77' lang='grc' dir='ltr'>τῆς</span> <span class='ocrx_word' id='word_1_864' title='bbox 1312 2809 1376 2848; x_wconf 55' lang='lat' dir='ltr'><strong>VU};</strong></span> <span class='ocrx_word' id='word_1_865' title='bbox 1401 2810 1462 2848; x_wconf 66' lang='lat' dir='ltr'><strong>‘P°_5-</strong></span> <span class='ocrx_word' id='word_1_866' title='bbox 1477 2810 1584 2848; x_wconf 54' lang='grc' dir='ltr'>ἐκείνης</span> <span class='ocrx_word' id='word_1_867' title='bbox 1599 2819 1629 2848; x_wconf 65' lang='grc' dir='ltr'><strong>τεέ</strong></span> <span class='ocrx_word' id='word_1_868' title='bbox 1636 2811 1692 2848; x_wconf 59' lang='grc' dir='ltr'><strong>-καέ</strong></span> <span class='ocrx_word' id='word_1_869' title='bbox 1706 2810 1738 2837; x_wconf 75' lang='lat' dir='ltr'><strong>L‘</strong></span> <span class='ocrx_word' id='word_1_870' title='bbox 1750 2806 1800 2848; x_wconf 27' lang='lat'><strong>1,&quot;</strong></span> <span class='ocrx_word' id='word_1_871' title='bbox 1814 2810 1842 2848; x_wconf 56' lang='lat'><strong>9!</strong></span> 
     </span>
    </p>
   </div>
   <div class='ocr_carea' id='block_1_118' title="bbox 204 2841 1004 2878">
    <p class='ocr_par' dir='ltr' id='par_1_118' title="bbox 204 2841 1004 2878">
     <span class='ocr_line' id='line_1_118' title="bbox 204 2841 1004 2878; baseline 0.005 -11"><span class='ocrx_word' id='word_1_872' title='bbox 204 2849 258 2867; x_wconf 86' lang='lat' dir='ltr'><strong>om.</strong></span> <span class='ocrx_word' id='word_1_873' title='bbox 343 2842 365 2878; x_wconf 62' lang='lat' dir='ltr'><strong>f”</strong></span> <span class='ocrx_word' id='word_1_874' title='bbox 376 2842 446 2878; x_wconf 20' lang='lat' dir='ltr'><strong>V&#39;En.</strong></span> <span class='ocrx_word' id='word_1_875' title='bbox 459 2842 488 2869; x_wconf 80' lang='grc' dir='ltr'>δὲ</span> <span class='ocrx_word' id='word_1_876' title='bbox 503 2844 535 2877; x_wconf 85' lang='grc' dir='ltr'>τῇ</span> <span class='ocrx_word' id='word_1_877' title='bbox 553 2841 788 2877; x_wconf 72' lang='grc' dir='ltr'>παρακλῆσεικαὶ</span> <span class='ocrx_word' id='word_1_878' title='bbox 802 2844 926 2878; x_wconf 77' lang='grc' dir='ltr'>λέγοντος</span> <span class='ocrx_word' id='word_1_879' title='bbox 939 2852 945 2859; x_wconf 94' lang='grc'><strong>·</strong></span> <span class='ocrx_word' id='word_1_880' title='bbox 964 2845 1004 2872; x_wconf 85' lang='grc' dir='ltr'><strong>ὲλ.</strong></span> 
     </span>
    </p>
   </div>
   <div class='ocr_carea' id='block_1_119' title="bbox 666 2879 1838 2916">
    <p class='ocr_par' dir='ltr' id='par_1_119' title="bbox 666 2879 1838 2916">
     <span class='ocr_line' id='line_1_119' title="bbox 666 2879 1838 2916; baseline 0.003 -12"><span class='ocrx_word' id='word_1_881' title='bbox 666 2879 746 2905; x_wconf 72' lang='lat' dir='ltr'><strong>&quot;xei.</strong></span> <span class='ocrx_word' id='word_1_882' title='bbox 757 2880 805 2914; x_wconf 81' lang='grc' dir='ltr'>τὴν</span> <span class='ocrx_word' id='word_1_883' title='bbox 820 2880 952 2907; x_wconf 78' lang='grc' dir='ltr'>δυσωδίαν</span> <span class='ocrx_word' id='word_1_884' title='bbox 982 2889 1038 2908; x_wconf 88' lang='lat' dir='ltr'><strong>om.</strong></span> <span class='ocrx_word' id='word_1_885' title='bbox 1066 2880 1097 2906; x_wconf 88' lang='lat' dir='ltr'><strong>L.</strong></span> <span class='ocrx_word' id='word_1_886' title='bbox 1137 2880 1157 2895; x_wconf 76' lang='grc'><strong>⁸⁵</strong></span> <span class='ocrx_word' id='word_1_887' title='bbox 1173 2879 1476 2916; x_wconf 64' lang='grc' dir='ltr'>πάλινὺποστρέφομέν</span> <span class='ocrx_word' id='word_1_888' title='bbox 1502 2889 1531 2909; x_wconf 93' lang='grc' dir='ltr'><strong>σε</strong></span> <span class='ocrx_word' id='word_1_889' title='bbox 1546 2883 1585 2913; x_wconf 77' lang='grc' dir='ltr'>εἰς</span> <span class='ocrx_word' id='word_1_890' title='bbox 1615 2883 1663 2916; x_wconf 80' lang='grc' dir='ltr'>τὴν</span> <span class='ocrx_word' id='word_1_891' title='bbox 1687 2890 1713 2908; x_wconf 82' lang='grc' dir='ltr'>κ.</span> <span class='ocrx_word' id='word_1_892' title='bbox 1738 2879 1838 2908; x_wconf 70' lang='grc' dir='ltr'>οὐκοῦν</span> 
     </span>
    </p>
   </div>
   <div class='ocr_carea' id='block_1_120' title="bbox 204 2875 626 2906">
    <p class='ocr_par' dir='ltr' id='par_1_120' title="bbox 204 2875 626 2906">
     <span class='ocr_line' id='line_1_120' title="bbox 204 2875 626 2906; baseline 0.009 -6"><span class='ocrx_word' id='word_1_893' title='bbox 204 2882 258 2901; x_wconf 86' lang='lat' dir='ltr'><strong>mn.</strong></span> <span class='ocrx_word' id='word_1_894' title='bbox 271 2875 301 2902; x_wconf 75' lang='grc' dir='ltr'><strong>Ι...</strong></span> <span class='ocrx_word' id='word_1_895' title='bbox 340 2877 361 2892; x_wconf 78' lang='grc'><strong>⁸⁷</strong></span> <span class='ocrx_word' id='word_1_896' title='bbox 372 2877 501 2905; x_wconf 83' lang='grc' dir='ltr'>δύνασθαι</span> <span class='ocrx_word' id='word_1_897' title='bbox 517 2875 570 2906; x_wconf 65' lang='lat' dir='ltr'><strong>om.</strong></span> <span class='ocrx_word' id='word_1_898' title='bbox 595 2875 626 2904; x_wconf 85' lang='lat' dir='ltr'><strong>L.</strong></span> 
     </span>
    </p>
   </div>
   <div class='ocr_carea' id='block_1_121' title="bbox 206 2908 351 2938">
    <p class='ocr_par' dir='ltr' id='par_1_121' title="bbox 206 2908 351 2938">
     <span class='ocr_line' id='line_1_121' title="bbox 206 2908 351 2938; baseline 0.007 -4"><span class='ocrx_word' id='word_1_899' title='bbox 206 2908 307 2935; x_wconf 82' lang='grc' dir='ltr'>εῐσέλθε</span> <span class='ocrx_word' id='word_1_900' title='bbox 320 2910 351 2938; x_wconf 76' lang='grc' dir='ltr'><strong>ι..</strong></span> 
     </span>
    </p>
   </div>
   <div class='ocr_carea' id='block_1_122' title="bbox 1015 2844 1838 2885">
    <p class='ocr_par' dir='ltr' id='par_1_122' title="bbox 1015 2844 1838 2885">
     <span class='ocr_line' id='line_1_122' title="bbox 1015 2844 1838 2885; baseline 0.034 -27"><span class='ocrx_word' id='word_1_901' title='bbox 1015 2844 1048 2872; x_wconf 47' lang='grc' dir='ltr'><strong>ιλ,</strong></span> <span class='ocrx_word' id='word_1_902' title='bbox 1068 2880 1075 2885; x_wconf 56' lang='grc'>.</span> <span class='ocrx_word' id='word_1_903' title='bbox 1088 2845 1110 2860; x_wconf 72' lang='grc' dir='ltr'><strong>αι</strong></span> <span class='ocrx_word' id='word_1_904' title='bbox 1122 2846 1243 2885; x_wconf 49' lang='grc' dir='ltr'>γχησίῳς</span> <span class='ocrx_word' id='word_1_905' title='bbox 1255 2844 1415 2885; x_wconf 55' lang='grc' dir='ltr'>μετανόήςῖω</span> <span class='ocrx_word' id='word_1_906' title='bbox 1430 2844 1462 2885; x_wconf 57' lang='grc' dir='ltr'><strong>Ι.ιῖ</strong></span> <span class='ocrx_word' id='word_1_907' title='bbox 1501 2846 1522 2861; x_wconf 75' lang='grc'><strong><em>⁵⁵</em></strong></span> <span class='ocrx_word' id='word_1_908' title='bbox 1533 2846 1670 2885; x_wconf 53' lang='lat' dir='ltr'><strong>mavelim</strong></span> <span class='ocrx_word' id='word_1_909' title='bbox 1681 2845 1713 2873; x_wconf 66' lang='lat'><strong>1&quot;</strong></span> <span class='ocrx_word' id='word_1_910' title='bbox 1752 2847 1774 2885; x_wconf 38' lang='grc' dir='ltr'><strong>ξ’</strong></span> <span class='ocrx_word' id='word_1_911' title='bbox 1789 2845 1838 2885; x_wconf 54' lang='grc' dir='ltr'><strong>μέν</strong></span> 
     </span>
    </p>
   </div>
  </div>
