4064 6416
339 395 465 459 ’ϐίτ

1563 397 1886 461 GEORGII
1925 396 2379 462 HAMARTOLI

3506 403 3613 468 848

361 517 488 565 runt
525 509 800 566 habenlet
823 511 1010 581 lugent
1039 510 1484 567 inconsolabiles.
1522 511 1727 568 Idcirco
1766 512 1907 566 maxi

2042 512 2213 576 πολὺς
2267 515 2362 568 καὶ
2403 515 2432 567 6
2484 513 2708 569 ἐλεῶν⁹¹
2750 516 2960 582 οὐδείς·
3005 519 3261 592 ἐννόησον
3311 521 3420 592 γάρ
3463 522 3615 587 ὅπως

358 617 445 658 me
475 603 660 660 felices
700 605 935 659 dicimus
963 603 1142 673 justos
1177 613 1231 658 et
1276 604 1513 660 infantes
1553 605 1648 676 qui
1685 604 1930 659 moriuno

355 709 482 761 tur,
541 697 669 765 quia
727 696 869 749 calix
932 696 1127 750 mortis
1180 696 1337 750 nobis
1399 697 1764 767 periculosus,
1820 696 1928 752 illis

356 789 614 843 salutaris
679 797 793 851 est,
849 795 904 842 et
969 789 1114 857 quod
1174 789 1430 846 omnibus
1480 800 1566 845 est
1628 789 1930 846 formidan-

355 879 521 940 dum,
593 877 726 948 ipsis
787 879 1145 936 desiderabile
1197 889 1314 946 est,
1364 890 1418 937 et
1469 883 1614 952 quod
1675 899 1776 939 nos
1837 883 1928 938 hic

357 969 621 1024 habemus
655 969 863 1023 timoris
903 971 1252 1040 principium,
1284 971 1418 1041 ipsis
1468 982 1552 1028 est
1597 974 1925 1046 principium

353 1058 580 1126 salutis;
615 1059 699 1115 sic
721 1058 836 1115 fere
859 1060 1100 1115 dicentes
1130 1077 1143 1114 :
1183 1077 1202 1111 ι
1223 1058 1333 1115 Nos
1367 1061 1548 1131 angeli
1571 1065 1720 1133 pacis
1748 1077 1780 1118 e
1798 1077 1926 1118 cor-

350 1164 482 1218 pore
506 1149 885 1217 deduxerunt;
925 1165 1025 1206 nos
1078 1151 1286 1220 absque
1341 1167 1578 1208 maerore
1613 1161 1668 1208 et
1720 1153 1926 1225 absque

349 1239 528 1304 obice,
557 1241 732 1297 bonos
774 1241 1038 1297 habentes
1079 1243 1181 1297 viae
1215 1243 1500 1308 ductores,
1541 1245 1686 1300 aeris
1725 1245 1928 1314 princi-

351 1341 512 1400 patus
545 1338 598 1386 et
629 1338 928 1402 potestates
950 1333 1340 1388 transivimus:
1371 1348 1479 1388 non
1515 1337 1660 1389 enim
1701 1335 1925 1390 invene-

350 1430 479 1476 runt
509 1421 566 1476 in
607 1423 764 1479 nobis
792 1423 937 1493 quod
961 1424 1279 1494 quaerebant
1307 1433 1403 1480 aut
1429 1426 1748 1497 sperabant,
1776 1427 1924 1481 vide-

349 1520 480 1566 runt
538 1527 738 1582 purum
790 1523 844 1569 et
900 1514 1308 1571 immaculatum
1360 1531 1561 1586 corpus
1614 1526 1669 1572 et
1709 1515 1921 1572 confusi

341 1609 514 1668 sunt;
548 1603 801 1658 viderunt
843 1603 1108 1660 illibatam
1161 1621 1227 1661 ac
1273 1605 1512 1661 lucidam
1552 1608 1813 1674 animam,
1868 1617 1922 1665 et

335 1693 720 1760 erubuerunt;
754 1693 1008 1749 viderunt
1041 1695 1285 1766 linguam
1318 1711 1430 1752 non
1481 1705 1792 1768 corruptam
1823 1715 1919 1755 ne-

2031 601 2172 656 slcrlv
2201 603 2258 656 αί
2299 603 2472 676 ψυχαί⁵
2499 605 2637 659 διότι
2677 608 3095 679 κατεφρόνησαν
3119 608 3214 662 τοῦ
3249 609 3418 678 φόϐου
3434 611 3480 644 ⁹²
3514 611 3612 665 τοῦ

2030 689 2169 744 Θεοῦ
2199 693 2298 746 ml
2321 695 2432 748 τῶν
2455 695 2686 749 ἐντολῶν
2711 696 2898 765 αὐτοῦ,
2928 700 3134 768 μικρᾶς
3164 699 3400 765 ἀνέσεως
3426 718 3613 772 παρα-

2032 783 2298 838 καλοῦσαι
2345 789 2530 856 τυχεῖν
2587 788 2685 841 καὶ
2741 789 2817 860 μὴ
2863 791 3256 862 τυγχάνουσαι,
3287 795 3404 849 ἀλλ’
3436 795 3611 858 είςτά

2030 879 2366 948 καταχθόνια
2415 880 2518 951 τῆς
2568 883 2675 952 γῆς
2715 881 3016 954 θρηνοῦσαι
3057 886 3158 952 τὰς
3197 887 3470 958 ῥᾳθυμίας
3514 889 3612 942 xal.

2026 967 2127 1031 τὰς
2152 969 2370 1039 τρυφὰς
2402 972 2498 1023 ml.
2521 971 2620 1035 τὰς
2660 975 2920 1045 πορνείας
2951 977 3132 1030 αὐτῶν
3163 981 3260 1032 ml.
3286 979 3384 1042 τὰς
3412 979 3609 1042 λοιπὰς

2026 1061 2368 1130 κακουργίας
2389 1101 2404 1127 ,
2453 1061 2691 1133 ἀνόνητα
2735 1067 3096 1136 μετανοοῦσιν
3120 1070 3205 1138 ἐφ’
3237 1063 3320 1133 οἷς
3357 1071 3548 1134 κακοῖς
3563 1071 3610 1102 ⁸³

2024 1149 2387 1220 διεπράξαντο
2442 1154 2538 1207 καὶ
2588 1153 2881 1209 πενθοῦσιν
2910 1159 3356 1233 ἀπαρηγόρητοι.
3391 1161 3492 1216 Διά
3523 1177 3609 1215 τοι

2023 1242 2184 1296 τοῦτο
2231 1244 2471 1314 μάλιστα
2511 1247 2897 1319 μακαρίζομεν
2921 1251 3049 1312 τοὺς
3076 1251 3322 1316 δικαίους
3357 1253 3451 1306 καὶ
3478 1253 3607 1316 τοὺς

2025 1333 2253 1403 νηπίους
2273 1334 2323 1366 ’⁸
2369 1335 2864 1408 ἀποθνήσκοντας,
2916 1341 3109 1414 ἐπειδὴ
3166 1343 3227 1397 τὸ
3284 1345 3416 1414 παρ’
3471 1346 3605 1415 ἡμῖν

2025 1427 2283 1496 ποτήριον
2315 1426 2411 1480 τοῦ
2446 1427 2680 1485 θανάτου
2716 1431 3084 1500 ἐπικίνδυνον,
3115 1437 3247 1506 παρ’
3295 1437 3528 1502 ἐκείνοις
3556 1438 3604 1470 ’⁸

2020 1516 2142 1570 ἐστὶ
2166 1519 2435 1590 σωτήριον
2457 1522 2552 1574 καὶ
2577 1521 2639 1575 τὺ
2673 1524 2826 1594 παρά
2860 1525 2995 1579 πᾶσι
3026 1527 3273 1594 φρικτὸν,
3300 1529 3432 1599 παρ’
3461 1530 3606 1583 ἐκεί-

2020 1624 2132 1670 νοις
2185 1609 2559 1682 ἐπιθυμητόν·
2615 1615 2713 1668 καὶ
2761 1615 2899 1687 ὅπερ
2955 1617 3117 1688 ἡμεῖς
3166 1619 3365 1691 ἔχομεν
3393 1621 3604 1674 ἐκεῖθεν

2018 1699 2193 1771 ἀρχὴν
2249 1703 2545 1774 τιμωρίας,
2575 1707 2705 1776 παρ’
2733 1707 2965 1773 ἐκείνοις
2991 1710 3148 1764 ἐστὶν
3169 1712 3216 1744 ⁹⁶
3247 1712 3392 1784 ἀρχὴ
3422 1729 3601 1782 σωτη-

345 1799 451 1854 que
501 1785 744 1841 dolosam
787 1795 842 1841 et
889 1786 1203 1856 siluerunt;
1243 1790 1599 1846 transivimus
1641 1799 1697 1846 et
1735 1793 1913 1863 parvi-

2021 1790 2177 1861 ρίας·
2216 1793 2378 1862 μόνον
2417 1795 2541 1866 οὐχὶ
2583 1797 2834 1867 λέγοντες
2855 1798 2903 1834 "'
2927 1817 2942 1832 ο
2980 1818 3001 1853 ι
3047 1801 3226 1872 Ἠμᾶς
3250 1803 3474 1872 ἄγγελοι
3527 1807 3603 1860 εί-

345 1877 602 1933 duximus
634 1891 769 1943 eos;
822 1879 1223 1947 praeterivimus
1273 1891 1328 1936 et
1379 1882 1676 1939 cecinimus
1710 1885 1792 1940 eis
1837 1885 1913 1941 di-

2019 1888 2234 1958 ρηνικοὶ
2265 1889 2595 1964 διεχώρισαν
2635 1895 2700 1946 ἐκ
2726 1894 2820 1947 τοῦ
2851 1894 3104 1964 σώματος
3118 1867 3144 1930 -’
3176 1867 3349 1970 ήμείς-
3376 1899 3600 1964 ἀλύπως

335 1975 530 2023 centes
563 1985 577 2021 :
614 1985 636 2020 ι
674 1968 999 2025 Benedictus
1041 1970 1324 2041 Dominus,
1361 1974 1456 2044 qui
1495 1989 1606 2031 non
1641 1974 1791 2031 dedit
1818 1992 1913 2034 nos

2013 1981 2108 2034 ml
2145 1982 2560 2053 ἀνεμποδίστως
2611 1985 2969 2058 παρήλθομεν
3018 1989 3121 2055 τὰς
3170 1968 3346 2062 ἀρχὰς
3379 1993 3600 2056 καὶτὰς

344 2059 399 2112 in
440 2059 676 2128 praedam
723 2061 982 2117 dentibus
1032 2064 1270 2120 illorum.
1295 2084 1314 2118 ι
1349 2095 1419 2106 -
1458 2084 1477 2118 ι
1501 2065 1752 2138 Laqueus
1790 2083 1913 2123 con-

2015 2071 2262 2138 ἐξουσίας
2311 2071 2408 2126 τοῦ
2465 2074 2650 2146 ἀέρος,
2688 2077 2928 2145 ἀγαθοὺς
2973 2059 3223 2150 ὁδηγοὺς
3247 2059 3504 2152 έχοντες’
3535 2083 3597 2135 οὐ

346 2152 508 2207 tritus
535 2161 621 2208 est
658 2162 712 2208 et
744 2169 844 2209 nos
877 2155 1092 2211 liberati
1118 2172 1328 2214 sumus.
1363 2176 1384 2210 ι
1437 2157 1590 2214 Unde
1635 2160 1913 2217 obviantes

2014 2165 2124 2237 γὰρ
2153 2160 2312 2238 εὖρον
2341 2169 2399 2223 ἐν
2429 2169 2562 2240 ἡμῖν
2593 2171 2732 2241 ὅπερ
2749 2171 2796 2203 ⁹⁸
2820 2171 3053 2244 ἐζήτουν
3083 2173 3118 2245 ἢ
3156 2175 3385 2246 ἤλπιζον
3407 2192 3422 2206 ⁸
3455 2174 3598 2232 εἶδον

343 2241 521 2310 angeli
570 2245 867 2308 exsultant,
900 2245 1036 2315 justi
1084 2257 1441 2314 concurrunt,
1478 2249 1652 2305 sancti
1681 2251 1913 2320 gaudent

2018 2255 2289 2328 ἀμίαντον
2318 2261 2415 2313 καὶ
2445 2261 2687 2333 καθαρὸν
2732 2261 2795 2316 τδ
2847 2241 3006 2335 σῶμα
3071 2241 3595 2339 καὶ-ᾐσχύνθησαν

342 2341 398 2387 et
445 2334 596 2390 aiunt
627 2354 640 2390 :
673 2352 693 2388 ι
730 2337 876 2393 Bene
913 2349 1180 2395 venerunt
1225 2342 1386 2398 amici
1437 2342 1643 2398 Christi
1681 2354 1912 2398 aeterno-

2020 2341 2161 2401 εῐδον
2191 2347 2434 2420 ἄφθορον
2474 2352 2570 2405 ml.
2617 2352 2880 2424 λαμπρὰν
2915 2334 3016 2425 τὴν
3045 2334 3350 2428 ψυχὴν-καὶ
3378 2334 3599 2430 ἐνετρά-

342 2436 576 2495 rumque
600 2426 869 2483 bonorum
902 2430 1170 2486 haeredes.
1211 2448 1231 2482 ι

2021 2454 2204 2509 πησαν
2227 2455 2240 2471 ο
2280 2438 2424 2494 εἶδον
2457 2442 2558 2512 τὴν
2600 2443 2858 2511 γλῶσσαν
2888 2426 3242 2501 άσπιλονίκαὶ
3271 2448 3458 2505 ἀδολον
3501 2426 3598 2505 καὶ

339 2517 699 2591 ἐφιμώθησαν
723 2539 738 2553 ·
773 2523 1128 2596 παρήλθομεν
1160 2528 1256 2580 καὶ
1283 2527 1653 2600 ηὐτελίσαμεν
1668 2531 1714 2563 ⁹⁹
1772 2531 1994 2594 αὐτούς’
2031 2533 2293 2606 διέϐημεν
2332 2537 2401 2590 δι’
2422 2537 2605 2591 αὐτῶν
2666 2540 2760 2594 καὶ
2826 2541 3204 2612 κατεψάλομεν
3255 2546 3437 2599 αὐτῶν
3494 2549 3598 2616 φά-

341 2625 566 2674 σκοντες
586 2611 601 2640 ¹
631 2630 646 2643 ·
687 2613 1022 2683 «Εὐλογητὸς
1053 2615 1280 2687 Κύριος,
1301 2617 1360 2683 ὃς
1385 2621 1486 2673 οὐκ
1519 2619 1721 2674 ἔδωκεν
1739 2621 1888 2692 ἡμᾶς
1927 2623 2008 2687 είς
2041 2622 2213 2696 θήραν
2243 2628 2358 2689 τοῖς
2382 2626 2595 2680 ὀδοῦσιν
2616 2628 2796 2680 αὐτῶν
2818 2646 2866 2679 ο»
2887 2658 2959 2668 -
2981 2646 3001 2680 ι
3021 2631 3053 2696 ἡ
3087 2611 3251 2699 παγὶς
3279 2611 3592 2702 συνετρίδη,

338 2703 434 2756 καὶ
483 2703 644 2774 ἡμεῖς
694 2707 1118 2780 ἐρῤύσθημεν·¹
1178 2729 1197 2762 ι
1239 2711 1362 2766 ὅθεν
1431 2714 1528 2766 καὶ
1569 2715 1619 2767 oi
1687 2714 2199 2786 προσαπατῶντες³
2243 2717 2466 2786 ἄγγελοι
2503 2718 2760 2789 ἔχαιρονδ
2802 2718 3007 2790 (μοι),
3066 2720 3263 2775 δίκαιοι
3312 2723 3594 2793 κατησπά-

339 2794 514 2860 ζοντο,
543 2795 679 2851 ὅσιοι
701 2797 722 2830 ⁸
749 2803 1144 2874 συνετέρποντο
1167 2801 1419 2874 λέγοντες
1441 2819 1458 2838 ’
1495 2823 1514 2859 ι
1544 2803 1744 2871 Καλῶς
1785 2801 1959 2878 ἦλθον
1996 2807 2047 2859 οἱ
2093 2807 2237 2877 φίλοι
2271 2809 2364 2862 τοῦ
2392 2809 2628 2880 Χριστοῦ
2659 2811 2754 2864 ml
2787 2811 2896 2865 τῶν
2927 2812 3164 2868 αίωνίων
3217 2814 3438 2884 ἀγαῦῶν
3461 2815 3594 2888 κλη-

375 2887 580 2945 ονόμοι.
615 2909 636 2942 ι

337 2903 580 2960 ρονομοι.
615 2909 636 2942 ι

407 2980 669 3041 Similiter
695 2996 876 3044 autem
907 2999 962 3047 et
992 2990 1310 3064 Gregorius,
1343 2994 1652 3068 Theologus
1704 2998 1906 3066 dictus,

335 3074 391 3131 in
416 3076 692 3148 epitapbio
743 3081 965 3138 Caesarii
1017 3083 1204 3140 fratris
1233 3087 1311 3142 ait
1342 3105 1357 3141 :
1400 3107 1420 3141 ι
1450 3087 1637 3146 Fidem
1686 3091 1907 3162 sapien-

333 3178 450 3224 tum
481 3172 829 3228 sermonibus
876 3175 1072 3243 habeo,
1101 3176 1251 3246 quod
1296 3182 1478 3235 omnis
1527 3182 1707 3236 anima
1763 3163 1978 3239 bonaC

329 3259 537 3330 Deique
564 3263 762 3329 amica,
794 3273 1081 3334 postquam
1108 3267 1357 3338 corporis
1385 3271 1620 3326 vinculis
1650 3273 1906 3342 liberata,

326 3349 499 3406 rebus
560 3353 795 3408 terrenis
848 3355 1149 3424 eximitur,
1207 3359 1394 3413 statim
1463 3361 1519 3416 in
1573 3364 1905 3421 conscientia

327 3437 652 3510 't‘isioneque
707 3441 881 3510 ipsam
933 3444 1208 3500 manentis
1265 3446 1394 3501 boni
1449 3448 1688 3519 devenit,
1746 3461 1905 3525 quasi

327 3529 474 3598 quod
500 3531 766 3585 obscurat
791 3530 1092 3588 clariﬁcato
1121 3533 1204 3589 vel
1249 3535 1513 3606 deposito,
1561 3542 1746 3598 nescio
1773 3544 1904 3614 quid

326 3622 398 3676 sit
428 3619 741 3686 dicendum,
799 3623 1105 3679 mirabilem
1155 3631 1447 3696 quamdam
1501 3631 1903 3702 iucunditatem

325 3711 496 3765 sentit
527 3720 580 3765 et
605 3710 864 3780 exsultat,
915 3715 1256 3788 libenterque
1299 3720 1448 3776 vadit
1477 3723 1545 3777 ad
1580 3740 1738 3781 suum
1793 3728 1900 3784 Do-

318 3803 560 3870 minum,
604 3815 934 3873 praesentem
984 3807 1147 3863 vitam
1201 3821 1260 3866 ut
1295 3815 1584 3882 quemdam
1624 3833 1899 3878 carcerem

325 3896 522 3948 durum
563 3895 900 3966 relinquens,
929 3907 987 3954 et
1014 3901 1388 3961 circumdatas
1422 3909 1700 3966 excutiens
1750 3925 1900 3969 cate-

324 3999 446 4051 nas,
477 3987 677 4055 quibus
705 3989 1050 4059 cogitationis
1078 3993 1191 4054 lalae
1235 3998 1722 4068 praepediebantur,
1753 4014 1808 4060 et
1843 4006 1898 4061 in

317 4075 714 4147 imaginatione
739 4081 1142 4150 quodammodo
1159 4085 1279 4156 jam
1323 4101 1604 4147 reservata
1641 4093 1898 4154 felicitate

323 4164 544 4222 fruitur.
583 4187 604 4222 ι

393 4329 514 4386 Non
566 4345 727 4388 secus
775 4341 955 4390 autem
1003 4350 1235 4408 magnus
1281 4338 1618 4401 Athanasius
1671 4346 1726 4402 in
1778 4347 1895 4406 Vita

322 4423 502 4478 sancti
536 4425 759 4479 Antonii
793 4425 973 4482 dicit:
1013 4447 1032 4481 ι
1070 4428 1206 4485 Cum
1242 4433 1309 4487 ad
1342 4433 1533 4490 horam
1585 4453 1787 4496 nonam
1837 4452 1896 4498 ut

327 4519 513 4568 oraret
567 4515 926 4582 ascendisset,
985 4517 1223 4589 seipsum
1270 4536 1452 4581 mente
1497 4529 1668 4585 sensit
1717 4528 1971 4590 eleva-D

323 4609 568 4668 tum;et
595 4606 920 4662 mirabiliter
944 4619 1130 4668 astans
1175 4629 1294 4670 sese
1330 4624 1594 4688 tanquam
1641 4630 1794 4677 extra
1842 4640 1903 4681 se

320 4694 566 4763 positum
606 4693 742 4752 vidit
787 4707 841 4754 et
879 4709 1138 4770 tanquam
1194 4704 1250 4758 in
1305 4721 1434 4761 aera
1491 4723 1524 4764 a
1572 4713 1898 4780 quibusdam

323 4784 618 4843 abductum
643 4803 658 4853 ;
693 4788 890 4846 deinde
912 4806 1137 4850 severos
1163 4796 1432 4865 quosdam
1454 4813 1520 4855 ac
1548 4803 1815 4860 terribiles
1845 4808 1899 4862 in

324 4891 450 4932 aere
483 4888 695 4936 stantes
747 4883 1060 4954 ipsumque,
1124 4901 1193 4940 ne
1243 4889 1567 4958 praeteriret,
1630 4893 1898 4965 impedire

319 4967 587 5026 volentes.
619 4970 952 5031 Ductoribus
1011 4984 1193 5032 autem
1259 4983 1756 5052 propugnantibus,
1817 4990 1894 5044 illi

2088 2995 2109 3026 ⁸
2150 2994 2228 3066 (2)
2276 2996 2388 3050 Καὶ
2435 2995 2619 3067 μέντοι
2645 2997 2738 3052 ml
2786 3000 2814 3053 6
2848 2998 2948 3072 τῆς
2987 2999 3267 3071 θεολογίας
3300 3002 3592 3075 ἐπώνυμος

2013 3088 2317 3161 Γρηγόριος
2345 3091 2402 3146 ἐν
2432 3091 2509 3162 τῷ
2537 3092 2814 3164 ἐπιταφίῳ
2845 3093 2942 3148 τοῦ
2971 3096 3203 3165 ἀδελφοῦ
3253 3099 3588 3171 Καισαρείου

2011 3177 2246 3248 φάσκει·
2290 3197 2310 3232 ι
2337 3181 2603 3253 Πείθομαι
2655 3185 2838 3253 σοφῶν
2877 3185 3081 3255 λόγοις,
3121 3191 3203 3243 ὃτι
3246 3192 3398 3244 πᾶσα
3441 3192 3589 3262 ψυχὴ

2011 3269 2152 3340 καλή
2183 3287 2242 3323 τε
2270 3272 2365 3324 ml
2389 3271 2663 3345 θεοφιλὴς,
2682 3276 2904 3329 ἐπειδὰν
2935 3279 3029 3331 τοῦ
3057 3281 3353 3352 συνδέσμου
3366 3283 3587 3337 λυθεῖσα

2009 3356 2285 3430 σώματος,
2331 3359 2482 3431 (τῶν)
2519 3361 2728 3416 ἐνθένδε
2760 3364 3075 3437 ἀπαλλαγῇ,
3103 3367 3267 3432 εὐθὺς
3304 3371 3362 3423 ὲν
3403 3387 3589 3424 συναι-

2008 3449 2199 3522 σθήσει
2225 3451 2322 3505 ml
2359 3451 2566 3524 θεωρίᾳ
2597 3455 2691 3508 τοῦ
2728 3456 2985 3526 μένοντος
3031 3458 3200 3531 αὐτὴν
3233 3461 3401 3514 καλοῦ
3439 3465 3588 3530 γίνε-

2003 3557 2092 3594 ται
2137 3542 2180 3608 ",
2231 3542 2328 3597 ἅτε
2383 3543 2477 3597 τοῦ
2530 3547 2950 3613 ἐπισκοτοῦντος
3018 3551 3499 3622 ἀνακαθαρθέντος
3546 3556 3580 3626 ἢ

2002 3633 2369 3699 άποτεθέντος
2398 3636 2640 3690 ⁸-οὒκ
2695 3635 2792 3694 οἶδ’
2841 3642 2926 3694 ὅτι
2975 3642 3072 3697 καὶ
3129 3643 3311 3713 λέγειν
3361 3645 3468 3718 χρὴ
3514 3677 3585 3687 —

2003 3721 2323 3794 θαυμασίαν
2363 3727 2487 3781 τινὰ
2526 3729 2719 3802 ⁴ἡδονὴν
2777 3731 2964 3802 ἥδεται
3011 3734 3107 3788 ml.
3145 3735 3442 3804 ἀγάλλεται
3487 3738 3583 3791 καὶ

2003 3814 2160 3881 ῐλεως
2185 3816 2350 3889 580
2370 3823 2540 3890 χωρεί
2567 3823 2705 3891 πρὸς
2726 3822 2817 3877 τὸν
2843 3825 3040 3897 έαυτῆς
3071 3827 3359 3900 δεσπότην,
3391 3827 3582 3901 ὥσπερ

1998 3925 2053 3961 τι
2082 3907 2456 3982 δεσμωτήριον
2502 3913 2743 3984 χαλεπὸν
2787 3916 2880 3971 τὸν
2927 3918 3166 3973 ἐνταῦθα
3219 3920 3335 3990 βίον
3383 3923 3582 3976 ἀπολι-

1999 3999 2178 4055 ποῦσα
2211 4003 2307 4056 καὶ
2338 4003 2438 4067 τὰς
2491 4007 2889 4078 περικειμένας
2937 4011 3350 4083 ἀποσεισαμένη
3382 4015 3578 4082 πέδας,

1998 4091 2091 4162 ὑφ’
2117 4086 2191 4147 ὧν
2213 4095 2274 4148 τὸ
2301 4096 2399 4166 τῆς
2428 4097 2668 4162 διανοίας
2692 4102 2894 4172 πτερὸν
2938 4103 3278 4171 καθείλκετο,
3321 4108 3418 4160 καὶ
3463 4103 3578 4162 οἷον

1997 4183 2100 4255 ήδη
2128 4187 2194 4257 τῇ
2231 4188 2500 4261 φαντασίᾳ
2527 4191 2836 4263 καρποῦται
2864 4193 2964 4265 τὴν
2987 4194 3364 4268 ἀποκειμένην
3398 4215 3576 4268 μακα-

1999 4281 2222 4348 ριότητα
2257 4280 2300 4333 ⁸.
2314 4297 2333 4331 ι

2071 4370 2115 4402 ¹⁰
2141 4370 2219 4442 (⁵)
2257 4371 2492 4442 Ὁμοίως
2521 4373 2579 4427 δὲ
2641 4377 2736 4430 καί
2760 4379 2788 4431 6
2824 4376 3002 4447 μέγας
3038 4380 3359 4447 Ἀθάνασιος
3399 4384 3458 4437 ἐν
3498 4384 3577 4456 τῷ

1997 4455 2100 4531 βίῳ
2125 4460 2218 4514 τοῦ
2261 4464 2420 4533 ἁγίου
2474 4465 2765 4522 ’Δντωνίου
2817 4469 3004 4538 λέγει’
3053 4473 3359 4539 «Ἀναστάς
3397 4475 3438 4506 ¹¹
3493 4455 3576 4540 είς

2045 4555 2307 4625 ροσευχήν
2339 4556 2471 4627 περὶ
2499 4557 2648 4629 ὥραν
2695 4557 2739 4613 θ’
2773 4561 2969 4632 ἧσθετο
3011 4564 3206 4619 ἐαυτὸν
3254 4568 3576 4637 ἁρπαγέντα

2000 4641 2066 4710 τῇ
2099 4641 2311 4716 διανοίᾳ
2333 4661 2348 4675 ’
2395 4647 2492 4701 καὶ
2525 4650 2844 4718 παραδόξως
2882 4654 2925 4685 ¹¹
2955 4655 3127 4719 ἐστὼς
3161 4656 3392 4712 ἔϐλεπεν
3439 4661 3576 4715 ἐαυ-

1998 4730 2094 4784 τὸν
2118 4732 2308 4806 ῶσπερ
2339 4735 2540 4803 ἔξωθεν
2563 4739 2760 4794 ἑαυτοῦ
2795 4744 3085 4814 γενόμενον
3113 4748 3208 4802 καὶ
3239 4748 3315 4812 ὡς
3358 4752 3438 4814 είς
3478 4751 3574 4805 τὸν

1997 4821 2133 4891 ἀέρα
2165 4825 2608 4898 ἀφοδηγούμενον
2640 4831 2684 4862 ⁸³
2720 4832 2826 4885 ὑπό
2853 4850 3035 4902 τινων,
3061 4833 3181 4890 εἶτα
3216 4841 3446 4911 πικροὺς
3476 4842 3571 4894 ml.

1996 4911 2205 4978 δεινοὺς
2236 4917 2478 4983 ἑστῶτας
2505 4921 2562 4974 ἐν
2593 4922 2671 4993 τῷ
2715 4923 2837 4993 ἀέρι
2875 4929 2966 4980 καὶ
3019 4927 3275 4994 θέλοντας
3315 4931 3360 4962 ¹⁵
3406 4931 3571 4985 αὐτὸν

2003 5004 2244 5061 κωλῦσαι
2272 5009 2315 5043 ¹⁵
2341 5009 2482 5065 ὥστε
2525 5014 2600 5086 μὴ
2645 5015 2919 5089 διαϐῆναι.
2974 5020 3096 5076 Τῶν
3126 5022 3182 5075 δὲ
3231 5023 3568 5093 όδηγούντων

1497 5122 1700 5184 Variae
1729 5125 2034 5200 lectiones
2076 5146 2138 5202 et
2177 5151 2371 5209 notos.

392 5259 443 5292 οι
572 5259 954 5356 maximam;
1011 5268 1138 5356 ἐνιεὲ
1189 5269 1320 5356 γὰρ,
1358 5272 1475 5356 πῶς
1507 5276 1575 5356 ,ἐ.
1611 5277 1670 5332 ἐν
1699 5279 1849 5356 ’ᾅδου
1907 5284 1970 5356 ψ.
2019 5287 2086 5344 L.
2192 5293 2239 5325 "

321 5327 386 5385 L.
485 5331 797 5400 ’δ-νηπίως
855 5336 978 5390 cod.
1091 5336 1138 5369 "

1404 5343 1648 5435 éxeivgtj
1693 5340 2154 5435 ἐπαινετξαν-Ῐκαὶ-
2223 5365 2270 5418 6.
2300 5340 2383 5435 Ἤ.
2422 5340 2500 5423 ηῐ.

2297 5311 2358 5372 cp.
2419 5299 2516 5354 καὶ
2565 5302 2666 5372 τῆς
2697 5302 2807 5357 ἐντ.
2839 5300 2934 5356 τοῦ
2965 5302 3102 5372 θεοῦ
3129 5303 3192 5358 L.

2567 5371 2647 5433 είς
2691 5373 2772 5434 είς
2825 5373 2889 5425 ἐκ
2961 5371 3024 5428 L.

3300 5307 3348 5340 ”
3379 5309 3567 5372 κακῶς

3130 5376 3177 5406 ’⁸
3221 5377 3370 5431 ἐστὶν
3429 5381 3564 5433 ἀνά-

320 5414 521 5462 παυσις
551 5397 649 5452 L.'
691 5401 735 5432 "
769 5401 978 5482 λέγοντ.
1013 5407 1136 5460 cod.
1160 5397 1404 5476 λέγὸυσι.
1480 5397 1718 5489 ἐάτῖερ-

321 5468 342 5498 ³
373 5468 614 5514 ἐὸὸύσθῇ
626 5487 723 5514 usu
751 5472 1001 5514 ὲντευίὶρυ
1025 5475 1079 5514 l.,
1193 5478 1214 5509 ³
1240 5486 1732 5514 πηνίκα--..ωτηωυ
1764 5505 1821 5514 η.-
1843 5495 1858 5514 ι

2049 5397 2140 5414 η...
2223 5397 2270 5418 υ.
2329 5397 2383 5435 ιι.
2453 5397 2500 5423 ι.
2567 5397 2646 5433 εις
2691 5397 2771 5434 εις
2825 5397 2889 5425 εκ
2961 5397 3024 5428 μ.
3132 5397 3177 5406 --
3221 5397 3370 5431 εστιν
3429 5397 3562 5433 ανα-

2012 5427 2101 5514 λπ.
2132 5430 2196 5514 LI.
2225 5505 2237 5514 _
2273 5437 2318 5468 θ’
2341 5438 2443 5514 _ml.
2476 5439 2951 5514 εὐτρη[πί]σαμεν
2983 5442 3047 5497 L.
3123 5444 3140 5475 ί
3172 5443 3262 5502 Ps.
3295 5462 3479 5514 cun,
3509 5452 3562 5504 7.

321 5468 342 5548 ξ
366 5468 723 5548 ἐρρύςθημεν
751 5468 1001 5548 ἐντεῦθεν

321 5537 902 5614 [Τεῦ-Θεολμόγουλεά.
947 5537 1294 5614 ϐοιοηὶεηεὶέ
1345 5552 1504 5614 1690.
1542 5537 1582 5608 ιζ

330 5605 375 5638 ιο
405 5607 510 5686 Τοῦ
546 5605 706 5686 ἀγίου
738 5611 1064 5686 ’Ἀθανασίου
1115 5618 1203 5672 ed.
1261 5619 1371 5674 Col.
1399 5605 1838 5686 ιδ’έθῗηῖἓιέὸ

321 5744 370 5776 ⁸⁸
394 5744 998 5809 θε).όντων’τοίνυνἈιίι.
1077 5757 1123 5790 ³⁸
1154 5744 1392 5816 κωλύειν’
1414 5744 1534 5820 cod.

1193 5478 1214 5509 ³
1240 5478 1732 5554 προσαπαντῶντες
1760 5478 1882 5549 cod.
1915 5505 1968 5551 et

1651 5574 1706 5628 p.
1761 5561 1863 5618 175
1910 5564 1974 5621 C.

2171 5503 2192 5536 ⁸
2222 5505 2303 5575 ἐχ.
2333 5506 2556 5572 ἄγγελοι
2585 5503 2654 5562 Ἰλξ

2771 5513 2792 5542 ⁸
2827 5514 2873 5565 6.
2905 5530 3032 5587 συν.
3067 5514 3319 5583 ἀγγέλοις
3359 5513 3474 5587 λεγς
3499 5518 3561 5572 L.

2414 5577 2506 5630 Gr.
2584 5578 2659 5646 δή

2075 5571 2390 5658 ἶγενομέχη
2414 5571 2506 5630 Gr.
2545 5648 2558 5658 -
2584 5578 2659 5646 δή
2703 5579 2806 5658 (Γιιυ.Δ
2957 5571 3336 5658 μακαριότητα
3361 5571 3473 5644 oni.

1053 5637 1081 5726 ς)
1115 5637 1644 5726 ϐεξηᾶῗξμῗδσλέίῖ
1655 5637 1866 5726 ἐξὲξ-οὶ
1883 5637 2005 5726 J7“
2053 5637 2219 5726 Ἀ.;.λ.
2244 5637 2468 5726 Μέλλων
2493 5648 2601 5726 γάρ
2620 5637 2989 5726 ποτε-ἐσθίειν
3057 5637 3334 5726 θεὶιφάρὂξ

321 5678 665 5782 ne;
1036 5685 1123 5782 ti);-
1421 5678 1511 5782 -Ιειξ
1539 5678 2517 5782 οιιῖίιὶἓῖιε-ἧσθετο.δ”ηωτέξξάδουξνοέ
2531 5678 2674 5774 Ἥῖιῖί

2753 5723 2794 5754 ¹³
2819 5723 2972 5795 όδηγ.
3009 5723 3138 5780 Ath.
3163 5723 3396 5800 ἀποδηγ.
3435 5728 3558 5784 cod.
