4064 6458
495 394 606 460 849

1678 395 2144 460 CHRONICON.
2180 420 2248 435 -
2289 399 2432 460 LIB.
2479 400 2576 463 IV.

3657 401 3770 465 850

495 506 945 577 διαμαχομένων,
986 505 1232 579 ἀπῄτουν
1262 506 1463 563 ἐκεῖνοι
1498 506 1682 576 λόγον,
1709 509 1758 561 εί
1792 510 1867 578 μὴ
1920 506 2087 562 ὑπεύ-

2191 510 2459 565 rationem
2494 509 2869 581 requirebant,
2903 526 3085 568 annon
3106 511 3241 583 ipsis
3260 512 3581 571 tributarius
3601 525 3764 572 esset.

498 598 657 663 θυνος
683 598 870 662 αὐτοῖς
906 596 993 670 εἴη
1020 616 1035 633 ο
1094 599 1439 671 βουλομένων
1477 594 1571 654 οὖν
1612 601 1794 655 αὐτῶν
1848 600 2084 672 συνᾶραι

498 690 658 757 λόγον
682 689 792 743 ἀπὸ
828 692 930 761 τῆς
957 692 1268 761 γεννήσεως
1303 691 1493 757 αὐτοῦ,
1517 692 1594 745 ὀύ
1643 690 1983 762 συνεχώρουν
2034 694 2082 746 οἱ

498 779 591 833 τὸν
635 780 920 835 ’Λντώνιον
950 782 1274 854 ὁδηγοῦντες
1298 800 1312 814 ο
1356 802 1376 837 ι
1409 783 1490 838 Τά
1523 783 1627 855 μὲν
1648 785 1690 817 ’⁸
1711 784 1819 838 ἀπὸ
1838 784 1936 854 τῆς
1962 800 2087 852 γεν-

497 871 711 940 νήσεως
748 873 935 938 αὐτοῦ,
965 874 1239 944 λέγοντες,
1263 878 1290 930 6
1316 875 1524 947 Κύριος
1560 875 1896 945 ἀπήλειψεν·
1936 876 2081 944 ἀφ’ίτ

497 955 560 1016 οὗ
576 963 635 1017 δὲ
663 963 857 1033 γέγονε
893 965 1128 1037 μοναχδς
1152 966 1347 1039 καὶτῷ
1363 967 1484 1038 Θεῷ
1511 966 1769 1021 συνέθετο
1791 965 1854 1031 ι’,
1878 965 2083 1033 ἐξέστω

499 1055 727 1124 ποιῆσαι
754 1054 931 1124 λόγον.
965 1075 983 1108 »
1016 1058 1150 1125 (Καὶ
1176 1058 1265 1130 δὴ)
1298 1059 1423 1113 τότε
1465 1058 1922 1130 κατηγορούντων
1962 1058 2082 1127 (αύ-

497 1144 616 1215 τοῦ)
668 1146 766 1199 καὶ
816 1146 891 1218 μὴ
923 1147 1285 1219 ἐλεγχόντων,
1327 1150 1587 1221 ἐλευθέρα
1612 1151 1840 1220 γέγονεν
1887 1151 1920 1221 ή
1965 1150 2083 1213 ὁδὸς

500 1235 649 1306 αύτῷ
681 1237 777 1291 καὶ
807 1238 1110 1304 ἀκώλυτος.
1142 1242 1252 1295 Καὶ
1280 1242 1448 1305 εὐθὺς
1478 1237 1621 1296 εἶδεν
1660 1241 1856 1296 ἐαυτὸν
1897 1243 1944 1274 ⁸⁸
1976 1242 2085 1297 ὦσ-

500 1342 610 1399 περ
643 1328 943 1399 ἐρχόμενον
970 1333 1052 1395 είς
1080 1332 1277 1387 ἑαυτὸν
1307 1334 1402 1387 καὶ
1432 1333 1528 1388 τοῦ
1563 1335 1663 1405 μὲν
1712 1336 1910 1403 φαγεῖν
1956 1335 2086 1387 ἐπε-

499 1415 715 1481 λάθετο,
764 1417 948 1490 ἔμεινε
993 1422 1095 1492 (δὲ)
1137 1425 1199 1477 τδ
1246 1423 1434 1479 λοιπὸν
1493 1425 1595 1495 τῆς
1641 1426 1861 1497 ἡμέρας
1898 1428 1992 1481 καὶ
2038 1428 2083 1459 ³⁸

499 1508 630 1578 ὅλης
674 1509 774 1578 τῆς
826 1513 1023 1577 νυκτὸς
1076 1514 1370 1586 εὐχόμενος
1409 1520 1505 1572 καὶ
1540 1518 1844 1583 στενάζων.
1886 1517 2083 1572 Ἐθαύι

504 1600 645 1669 μαζε
674 1603 716 1633 ¹¹
742 1602 798 1683 δέ
820 1600 1170 1676 λογιζόμενος
1201 1607 1338 1678 πρὸς
1360 1607 1549 1672 ποίους
1576 1608 1729 1663 ἐστὶν
1759 1611 1791 1682 ἡ
1815 1608 1962 1680 πάλη
1990 1610 2086 1664 καὶ

499 1690 591 1744 διὰ
620 1690 805 1747 πόσων
851 1694 1029 1749 πόνων
1079 1696 1193 1768 ἔχει
1239 1716 1326 1763 τις
1367 1699 1624 1768 διαὸῆναι
1666 1700 1760 1753 τὸν
1799 1700 1940 1771 ἀέρα
1989 1700 2084 1754 καὶ¹

499 1783 913 1854 ἐμνημόνευσεν
945 1787 1027 1840 ὅτι
1066 1788 1226 1843 τοῦτό
1256 1791 1428 1855 ἐστιν,
1461 1791 1490 1844 ὃ
1513 1791 1703 1860 ἔλεγεν
1735 1793 2084 1855 ἀπόστολος²²

505 1875 682 1929 ικατά
722 1876 815 1930 τὸν
862 1877 1106 1949 ἄρχοντα
1147 1884 1246 1951 τῆς
1292 1879 1545 1946 ἐξουσίας
1594 1881 1689 1935 τοῦ
1730 1882 1930 1954 ἀέρος»
1957 1900 1970 1913 ·
2030 1884 2089 1936 ἐν

499 1966 678 2038 τούτῳ
708 1968 819 2040 γὰρ
850 1972 877 2023 6
918 1971 1116 2042 ἐχθρὸς
1144 1971 1259 2043 ἔχει
1296 1972 1400 2044 τὴν
1443 1966 1699 2040 ἐξουσίαν
1749 1976 1808 2027 ἐν
1866 1972 1944 2046 τῷ
1987 1976 2091 2046 μά-

501 2059 693 2129 χεσθαι
717 2062 814 2115 καὶ
831 2063 1127 2135 πειρᾶσθαι
1162 2065 1484 2120 διακωλύειν
1526 2066 1655 2130 τοὺς
1682 2065 2088 2138 διερχομένους.

501 2151 626 2206 ὅθεν
653 2154 699 2186 ⁸³
737 2153 975 2223 μάλιστα
1007 2156 1243 2227 παρῄνει
1281 2156 1459 2225 λέγων
1478 2158 1546 2189 ⁸⁵·
1587 2175 1606 2209 ι
1628 2157 1956 2212 Ἀναλάὀετε
1980 2159 2086 2230 τὴν

503 2245 809 2299 πανοπλίαν
838 2246 932 2301 τοῦ
966 2247 1124 2313 Θεοῦ,
1158 2249 1247 2303 ἵνα
1298 2249 1587 2320 (δυνηθῆτε
1637 2250 1964 2319 ἀντιστῆναι
2015 2254 2084 2322 τῇ

500 2339 686 2411 ἡμέρᾳ
716 2342 783 2411 τῇ
808 2342 1089 2413 πονηρᾷ»,
1115 2343 1283 2413 ὅπως)
1339 2344 1509 2416 μηδὲν
1557 2344 1701 2416 ἔχων
1745 2346 1775 2399 6
1814 2346 2009 2418 ἐχθρὸς
2042 2347 2090 2379 ’⁸

502 2431 684 2500 λέγειν
714 2434 844 2504 περὶ
877 2434 1036 2504 ἡμῶν
1074 2434 1280 2505 φαῦλον
1333 2437 1716 2509 καταισχυνθῇ
1758 2439 1806 2471 ³⁸
1834 2454 1850 2470 ο
1888 2468 1961 2480 -—
1998 2437 2091 2492 Διὸ

499 2524 682 2578 τοίνυν
712 2525 1011 2591 ἀνενδότως
1061 2528 1413 2600 ἐπιμένωμεν
1448 2530 1493 2563 ’τ
1523 2532 1592 2601 τῇ
1647 2531 1881 2602 ἀσκήσει
1924 2531 1970 2563 ⁸⁸
2003 2548 2091 2600 γι-

500 2612 806 2679 νώσκοντες
837 2616 943 2683 ὅτι,
979 2617 1078 2671 ἐὰν
1137 2619 1268 2689 μίαν
1312 2619 1529 2690 ἡμέραν
1580 2619 1975 2690 ἀμελήσωμεν,
2026 2620 2087 2674 οὐ

499 2706 591 2761 διὰ
618 2707 711 2761 τὸν
745 2708 1093 2780 παρελθόντα
1124 2712 1321 2781 χρόνον
1361 2713 1496 2782 ἡμῖν
1527 2713 1899 2785 συγχωρήσει,
1950 2712 2089 2767 ἀλλά

509 2796 601 2851 διὰ
632 2798 732 2870 τὴν
765 2798 1027 2869 ἀμέλειαν
1054 2800 1215 2873 581
1252 2803 1375 2857 καθ’
1402 2803 1562 2875 ἡμῶν
1596 2806 1625 2858 6
1655 2805 1790 2869 Θεὸς
1836 2806 2086 2874 ἀγανακ-

502 2887 659 2959 τήσει
692 2889 918 2960 μᾶλλον.
952 2891 1109 2946 Οὕτω
1134 2894 1245 2963 γὰρ
1275 2894 1333 2947 ἐν
1359 2893 1439 2963 τῷ
1475 2894 1742 2967 Ἰεζεκιῆλ
1774 2897 1820 2930 ¹⁹
1846 2897 2091 2967 ήκούσα-
2134 2964 2135 2967 η

513 2995 644 3047 μενο
678 2980 819 3037 οὕτω
846 2983 940 3037 καὶ
986 2984 1192 3050 Ἰούδας
1214 2986 1261 3018 ³⁸
1295 2986 1552 3040 ἀπώλεσε
1586 2987 1679 3041 διά
1728 2987 1905 3043 νύκτα
1956 2988 2088 3059 μίαν

511 3067 634 3120 ὅλου
659 3068 747 3123 τοῦ
780 3071 1151 3143 παρελθόντος
1176 3074 1373 3145 χρόνου
1395 3076 1487 3129 τὸν
1507 3077 1757 3148 κάματον
1782 3094 1796 3108 ·
1829 3077 1951 3131 οὐδὲ
1977 3079 2088 3149 γὰρ

507 3160 945 3259 δέχθρὸςιήμῶν
982 3166 1180 3237 ἀμελεῖ
1223 3170 1325 3239 τῆς
1366 3168 1488 3222 καθ’
1520 3169 1737 3240 ἡμέραν
1780 3169 1823 3202 ⁸¹
1866 3170 2088 3241 φροντί-
2116 3201 2160 3259 C

506 3250 619 3315 ζων
646 3256 921 3322 ἀπωλείας
943 3260 1199 3325 πάντοτε,
1229 3262 1325 3313 καὶ⁵
1364 3260 1460 3314 ἐάν
1492 3261 1534 3293 ⁸³
1562 3261 1901 3332 ἀμελοῦντας
1935 3263 2086 3332 ἡμᾶς

504 3346 750 3419 εὑρήσει,
796 3352 1172 3424 σφοδροτέρως
1200 3354 1505 3409 ἐπιτίθεται
1532 3372 1545 3385 ο
1583 3355 1663 3416 είς
1684 3354 1743 3408 δέ
1770 3355 1834 3408 τὸ
1873 3355 1949 3427 μὴ
1977 3356 2089 3409 ὀλι-

508 3440 709 3508 γωρεῖν
739 3441 910 3511 ἡμᾶς,
936 3442 1107 3497 καλὸν
1146 3444 1209 3498 τὸ
1242 3443 1604 3498 ἀποστολικδν
1623 3443 1789 3516 ῥητὸν
1814 3443 1966 3499 del.”
1995 3462 2092 3516 με·

506 3528 668 3599 λετᾷν
715 3529 797 3562 ’⁸ο
863 3529 1031 3586 «Καθ’
1082 3532 1298 3605 ἡμέραν
1379 3534 1784 3605 ἀποθνήσκω».
1831 3536 1930 3587 “Av
1981 3534 2091 3606 γὰρ

506 3619 671 3690 ἡμεῖς
701 3620 777 3685 ὡς
805 3621 1245 3694 ἀποθνήσκοντες
1277 3626 1399 3679 καθ’
1418 3626 1635 3696 ἡμέραν
1672 3624 1848 3687 οὔτως
1883 3624 2089 3696 ζῶμεν,

507 3710 606 3781 οὐχ
644 3712 1065 3785 ἀμαρτήσομεν.
1104 3716 1261 3770 Ἔστι
1292 3715 1349 3770 δὲ
1394 3716 1456 3770 τὸ
1485 3713 1784 3784 λεγόμενον
1826 3715 2090 3769 τοιοῦτον*

510 3802 630 3857 Ἵνα
660 3804 785 3859 καθ’
807 3805 1020 3879 ἡμέραν
1046 3808 1388 3879 ἐγειρόμενοι
1435 3808 1510 3879 μὴ
1543 3808 1856 3878 νομίζωμεν
1878 3808 1924 3839 ³⁸
1954 3807 2093 3878 φθά-

509 3909 626 3948 νειν
651 3895 753 3968 τὴν
786 3898 1025 3969 ἑσπέραν
1056 3901 1152 3954 καλ⁵
1203 3901 1367 3954 πάλιν
1415 3899 1705 3971 μέλλοντες
1738 3900 1783 3932 ³⁸
1809 3900 2095 3954 ἀνακλίνε-

516 3986 644 4040 σθαι
681 3987 852 4060 (150⁸)
885 3989 961 4061 μὴ
1004 3992 1335 4062 ἐγείρεσθαι.
1386 3992 1543 4048 Μετά
1575 3994 1632 4048 δὲ
1671 3994 1845 4048 ταῦτα
1879 3993 1923 4027 ³⁷
1974 3993 2094 4048 δια-

512 4082 709 4149 λέξεως
739 4083 887 4154 αὐτῷ
916 4101 1047 4137 ποτε
1077 4085 1378 4155 γενομένης
1423 4085 1564 4156 πρός
1615 4103 1770 4150 τινας
1823 4085 1955 4159 περὶ
1993 4085 2096 4155 τῆς

511 4173 788 4244 διαγωγῆς
813 4174 913 4246 τῆς
943 4174 1124 4247 ψυχῆς
1144 4176 1239 4230 καὶ
1271 4178 1421 4241 ποῖος
1447 4176 1587 4249 μετά
1611 4178 1712 4250 τὴν
1743 4178 2096 4250 ἀναχώρησιν

512 4262 668 4316 ἐσται
707 4265 845 4337 αὐτῇ
874 4266 1060 4331 τόπος,
1091 4269 1157 4337 τῆ
1190 4265 1320 4337 ἑξῆς
1371 4267 1528 4322 νυκτὶ
1574 4269 1732 4323 καλεῖ
1781 4286 1869 4333 τις
1932 4269 2098 4324 αὑτὸν

512 4355 719 4410 ἄνωθεν
748 4356 954 4426 λέγων·
996 4358 1255 4424 (Ἔξελθε
1291 4360 1360 4426 ³⁸,
1408 4360 1681 4431 Ἀντώνιε,
1727 4363 1824 4417 καὶ
1857 4361 2044 4433 βλέπε.
2072 4381 2090 4415 »

2192 600 2460 657 Volebam
2485 603 2653 675 igitur
2686 604 2755 659 ab
2783 604 2956 675 ipsius
2990 604 3274 660 nativitate
3305 604 3574 661 rationem
3613 620 3769 675 qua:-

2187 710 2341 764 rere;
2376 698 2471 753 sed
2498 697 2593 768 qui
2617 698 2891 754 ducebant
2922 699 3222 754 Antonium
3244 714 3351 753 non
3377 699 3770 768 permiserunt,

2186 789 2477 847 dicentes:
2517 811 2537 844 ι
2571 792 2647 848 Ea
2687 793 2907 863 quidem
2959 808 3083 863 qua:
3126 792 3194 847 ab
3255 792 3431 862 ipsius
3486 791 3770 846 nativitate

2186 889 2334 948 sunt,
2369 882 2634 941 Dominus
2664 884 2888 941 delevit.
2922 886 3001 940 Ex
3032 899 3143 954 quo
3176 898 3302 939 vero
3334 883 3510 939 factus
3538 891 3623 939 est
3652 895 3772 936 meo

2186 973 2397 1029 nachus
2424 983 2497 1048 et
2524 974 2636 1031 Deo
2663 975 2903 1039 dicatus,
2957 976 3120 1030 liceat
3166 974 3394 1030 reddere
3440 974 3763 1028 rationem.»

2187 1064 2251 1119 Et
2281 1073 2413 1120 tunc
2437 1065 2545 1122 illis
2572 1066 2996 1122 criminantibus
3026 1067 3205 1137 ipsum
3229 1074 3285 1120 et
3308 1081 3413 1120 non
3439 1064 3771 1119 convincen-

2187 1156 2353 1220 tibus,
2382 1156 2485 1227 ipsi
2526 1157 2694 1213 libera
2720 1167 2777 1214 et
2811 1168 2996 1229 aperta
3052 1159 3135 1212 via
3166 1156 3307 1212 facta
3349 1167 3452 1212 est.
3488 1156 3553 1210 Et
3582 1156 3773 1210 statim

2186 1247 2541 1317 semetipsum
2576 1258 2834 1317 tanquam
2880 1250 2946 1303 ad
2995 1264 3055 1305 se
3100 1256 3466 1305 revertentem
3510 1247 3667 1311 vidit,
3715 1254 3772 1301 et

2188 1337 2341 1392 cibos
2382 1352 2602 1394 sumere
2642 1355 2752 1395 non
2800 1340 3211 1407 recordabatur,
3280 1339 3386 1395 sed‘
3420 1339 3630 1409 reliquo
3682 1338 3773 1392 die

2186 1436 2407 1498 totaque
2440 1442 2601 1486 nocte
2635 1432 2900 1487 remansit
2930 1447 3096 1488 orans
3126 1442 3179 1487 et
3208 1447 3452 1501 gemens.
3475 1431 3773 1486 Mirabatur

2188 1532 2370 1578 autem
2395 1530 2656 1592 reputans
2684 1523 2951 1580 adversus
2988 1522 3182 1595 quales
3209 1523 3469 1578 inimicos
3500 1522 3573 1576 sit
3602 1522 3775 1577 collu-

2187 1615 2378 1681 ctatio,
2416 1628 2632 1669 necnon
2663 1628 2761 1684 per
2796 1628 2938 1683 quos
2970 1614 3189 1669 labores
3237 1611 3438 1667 habeat
3480 1611 3603 1680 quis
3646 1624 3785 1662 aera-

2188 1702 2595 1772 trajiciendum,
2630 1712 2683 1758 et
2713 1703 3036 1759 recordatus
3067 1711 3150 1758 est
3172 1703 3278 1758 hoc
3301 1716 3423 1757 esse
3455 1700 3600 1771 quod
3640 1699 3778 1753 dixit

2189 1793 2508 1860 Apostolus,
2551 1812 2570 1845 ι
2596 1793 2898 1849 secundum
2927 1793 3227 1863 principem
3258 1791 3547 1861 potestatis
3567 1787 3786 1844 aeris.»

2190 1880 2249 1935 lu
2278 1882 2386 1938 hoc
2424 1883 2573 1937 enim
2616 1890 2940 1953 potestatem
2978 1881 3141 1936 habet
3172 1880 3431 1936 inimicus
3460 1890 3519 1933 ut
3574 1887 3785 1948 pugnet

2191 1983 2244 2030 et
2269 1983 2500 2031 conetur
2526 1975 2788 2045 impedire
2810 1960 3189 2040 transeuntes;
3224 1973 3369 2027 unde
3389 1971 3628 2025 maxime
3646 1972 3781 2025 hor-

2191 2075 2338 2122 tatur
2377 2068 2563 2123 dicens
2596 2067 2890 2138 Apostolus
2924 2084 2979 2120 τι
3015 2065 3261 2134 Accipite
3291 2072 3626 2119 armaturam
3679 2060 3775 2115 Dei

2192 2167 2252 2213 ut
2280 2157 2504 2228 possitis
2537 2157 2869 2213 resisterein
2895 2157 2985 2213 die
3013 2157 3179 2221 malo,
3217 2174 3235 2209 »
3268 2156 3343 2211 ita
3379 2163 3440 2210 ut
3470 2152 3610 2209 nihil
3659 2167 3779 2208 om-

2191 2252 2322 2306 nino
2384 2251 2591 2307 habens
2653 2250 2945 2306 adversum
2997 2265 3095 2305 vos
3147 2249 3405 2305 inimicus
3461 2248 3777 2303 erubescat.

2190 2340 2378 2413 Itaque
2409 2342 2530 2399 sine
2553 2342 2880 2398 remissione
2901 2355 3315 2412 perseveremus
3348 2340 3401 2393 in
3434 2339 3593 2395 bonis
3611 2352 3774 2393 exer-

2188 2434 2358 2502 citiis,
2380 2434 2639 2499 scientes,
2668 2434 2951 2503 quoniam,
2980 2433 3025 2488 si
3061 2448 3229 2488 unum
3266 2431 3409 2486 diem
3442 2430 3781 2501 negligentes

2192 2541 2405 2591 sumus,
2435 2542 2543 2581 non
2574 2526 2645 2581 ob
2696 2526 3032 2595 praeteritum
3082 2534 3298 2595 tempus
3351 2523 3622 2593 ignoscet,
3682 2524 3781 2578 sed

2192 2627 2412 2689 propter
2437 2617 2827 2688 negligentiam
2882 2616 3172 2671 adversum
3234 2629 3336 2670 nos
3394 2612 3537 2669 Deus
3601 2612 3781 2685 magis

2192 2711 2481 2766 irascetur.
2516 2710 2608 2765 Sic
2645 2710 2793 2765 enim
2837 2709 2893 2763 in
2938 2707 3190 2763 Ezechiel
3221 2706 3577 2773 audivimus;
3612 2706 3691 2763 sic
3726 2714 3785 2761 et

2190 2800 2360 2858 Judas
2389 2802 2441 2857 in
2472 2817 2581 2858 una
2610 2811 2773 2857 nocte
2805 2801 2976 2856 totius
3016 2799 3276 2871 praeteriti
3320 2798 3582 2870 temporis
3624 2797 3782 2853 labo-

2192 2907 2309 2946 rem
2330 2891 2587 2963 perdidit.
2613 2889 2733 2947 Non
2757 2890 2904 2946 enim
2923 2888 3290 2962 prmtermittit
3307 2888 3562 2943 inimicus
3591 2895 3782 2943 noster

2192 2984 2327 3055 quin
2366 2983 2614 3054 quotidie
2652 2983 3015 3055 perditionem
3056 2993 3304 3037 nostram
3351 2980 3670 3045 meditetur,
3703 2986 3784 3042 et,

2192 3077 2236 3131 si
2268 3076 2604 3147 negligentes
2658 3090 2760 3131 nos
2792 3074 3086 3138 invenerit,
3122 3083 3251 3128 tunc
3280 3072 3580 3128 violentius
3610 3071 3785 3141 impe-

2192 3169 2280 3222 tit.
2326 3166 2397 3223 Ut
2448 3177 2630 3223 autem
2674 3181 2782 3222 non
2828 3165 3101 3222 incuriose
3146 3178 3395 3235 agamus,
3447 3162 3650 3217 bonum
3696 3170 3784 3217 est

2192 3259 2402 3314 dictum
2432 3257 2795 3329 apostolicum
2819 3272 3033 3328 semper
3080 3255 3331 3311 meditari
3382 3272 3398 3309 :
3464 3273 3483 3307 ι
3520 3251 3783 3319 QuOtidie

2194 3352 2423 3407 morior.
2456 3370 2476 3402 »
2516 3350 2573 3406 Si
2609 3351 2756 3405 enim
2807 3364 2909 3404 nos
2966 3346 3123 3417 quasi
3181 3345 3425 3417 quotidie
3475 3343 3783 3399 morientes

2194 3443 2276 3499 sic
2305 3442 2562 3509 vivimus,
2601 3456 2708 3497 non
2767 3438 3150 3513 peccabimus;
3186 3445 3240 3492 et
3276 3435 3382 3491 tale
3408 3444 3492 3492 est
3522 3434 3658 3490 illud
3698 3434 3785 3489 di-

2195 3546 2368 3600 ctum,
2406 3546 2466 3592 ut
2500 3535 2745 3607 quotidie
2764 3534 3054 3605 vigilantes
3082 3547 3190 3586 non
3221 3538 3473 3602 putemus
3498 3542 3784 3598 vesperam

2195 3633 2483 3702 attingere,
2524 3645 2625 3685 nec
2682 3642 2901 3684 rursum
2954 3625 3251 3682 recubituri
3298 3637 3524 3694 surgere
3577 3621 3785 3692 cogite-

2196 3738 2340 3778 mus.
2383 3720 2636 3775 Posthaec
2676 3726 2885 3783 autem,
2920 3717 3107 3771 habito
3146 3718 3213 3770 ab
3252 3715 3373 3785 ipso
3419 3729 3544 3771 cum
3578 3713 3783 3783 aliqui-

2196 3814 2300 3868 bus
2335 3811 2610 3880 colloquio
2660 3810 2727 3865 de
2773 3808 3007 3863 transitu
3047 3807 3247 3861 animae
3291 3815 3345 3861 et
3384 3805 3452 3861 de
3512 3806 3632 3860 loco
3688 3804 3786 3874 qui

2197 3914 2322 3975 post
2346 3903 2553 3959 exitum
2608 3902 2657 3956 ei
2703 3899 2922 3955 futurus
2971 3908 3073 3965 est,
3122 3905 3281 3952 nocte
3320 3896 3569 3966 sequenti
3624 3904 3787 3951 vocat

2198 3996 2325 4067 quis
2357 4010 2483 4050 eum
2529 3993 2768 4064 desuper
2817 3991 3045 4047 dicens:
3080 4007 3097 4041 ι
3137 3988 3428 4060 Egredere,
3466 3986 3692 4053 Antoni,
3731 3999 3787 4041 et

2199 4088 2341 4144 vide.
2382 4105 2402 4139 »
2439 4084 2506 4141 Et
2537 4101 2661 4141 cum
2691 4098 2945 4156 egressus
2972 4081 3298 4152 aspexisset,
3329 4078 3462 4134 vidit
3491 4079 3784 4150 quemdam

2200 4188 2424 4252 aspectu
2455 4180 2681 4251 longum
2714 4187 2769 4234 et
2803 4178 3100 4233 terribilem
3135 4181 3395 4239 stantem,
3430 4183 3485 4229 et
3513 4173 3782 4243 quosdam

2200 4272 2557 4328 ascendentes
2594 4270 2750 4343 quasi
2778 4269 3091 4326 sublevatos
3118 4269 3243 4330 alis,
3286 4276 3342 4321 et
3380 4265 3533 4320 illum
3585 4278 3786 4319 manus

2201 4363 2605 4427 extendentem,
2663 4369 2719 4416 et
2767 4360 2906 4414 alios
2949 4357 3171 4428 quidem
3216 4356 3285 4411 ab
3329 4354 3423 4409 illo
3471 4353 3785 4424 impeditos,

514 4450 621 4503 Kal
642 4451 707 4522 δὴ
741 4451 974 4517 ἐξελθὼν
1010 4453 1105 4506 καὶ
1129 4452 1442 4523 ἀναϐλέψας
1490 4451 1595 4508 εἶδέ
1627 4471 1751 4509 τινα
1791 4453 2005 4526 μακρὸν
2049 4453 2090 4487 ³³

2203 4456 2340 4511 alios
2374 4464 2553 4511 autem
2614 4451 3032 4524 supervolantes
3088 4458 3144 4504 et
3182 4451 3399 4503 tandem
3449 4460 3642 4501 secure
3693 4460 3788 4500 su-

514 4545 590 4615 τῷ
607 4546 736 4599 εῖδει
766 4546 863 4599 καὶ
905 4545 1138 4619 φοϐερὸν
1165 4547 1399 4610 ἑστῶτα,
1430 4547 1822 4606 ἀναϐαίνοντας
1857 4547 1916 4601 δέ
1946 4563 2090 4610 τινας

2205 4545 2518 4616 praductos.
2546 4545 2614 4600 Et
2647 4558 2814 4614 super
2844 4542 2932 4598 his
2961 4541 3182 4613 quidem
3219 4553 3483 4610 procerus
3513 4536 3602 4591 ille
3650 4535 3787 4589 deu-

514 4638 703 4710 ὦσπερ
731 4640 1171 4713 ἐπτερωμένους,
1200 4642 1456 4696 κάκεῖνον
1498 4641 1810 4695 ἐκτείνοντα
1837 4640 1935 4704 τὰς
1980 4641 2090 4710 χεῖ-

2208 4637 2354 4693 tibus
2383 4636 2668 4703 fremebat,
2702 4636 2797 4691 sed
2832 4649 2996 4705 super
3043 4631 3421 4688 delabentibus
3468 4628 3785 4692 laetabatur;

517 4750 622 4803 ρας
654 4734 745 4787 καὶ
773 4733 901 4798 τοὺς
938 4734 1037 4804 μὲν
1073 4734 1451 4805 κωλυομένους
1486 4732 1618 4805 παρ’
1649 4731 1838 4800 αὐτοῦ,
1872 4733 1999 4796 τοὺς
2041 4730 2090 4785 δέ

2206 4736 2262 4784 et
2290 4727 2433 4782 facta
2456 4735 2541 4783 est
2562 4741 2669 4781 vox
2696 4725 2888 4781 dicens
2928 4739 2944 4777 :
2988 4742 3007 4775 ι
3038 4722 3250 4793 Reputa
3298 4721 3502 4784 visum,
3526 4717 3744 4771 Antoni.
3764 4736 3783 4767 »

516 4822 1003 4894 ύπεριπτωμένους
1054 4824 1149 4878 καὶ
1210 4826 1533 4896 ἀμερίμνως
1572 4823 1762 4879 λοιπὸν
1822 4822 2090 4892 ἀναγομέ-

2208 4819 2295 4885 Ει,
2332 4826 2521 4889 aperta
2573 4817 2678 4887 ipsi
2734 4813 3112 4887 intelligentia,
3163 4811 3421 4882 cognovit
3476 4810 3797 4865 animarum

518 4928 671 4978 νουςο
703 4915 798 4970 καὶ
820 4916 911 4970 ἐπὶ
943 4917 1043 4987 μὲν
1072 4919 1187 4981 τοῖς
1215 4917 1481 4981 τοιούτοις
1504 4916 1686 4989 έτριζε
1710 4916 1840 4979 τοὺς
1878 4914 2090 4977 ὀδόντας

2205 4926 2327 4968 esse
2381 4909 2694 4974 transitum,
2751 4920 3150 4977 procerumque
3206 4912 3443 4958 stantem
3501 4900 3785 4955 inimicum

517 5010 547 5063 6
573 5010 788 5082 μακρὸς
816 5011 1043 5077 ἐκεῖνος,
1087 5010 1182 5066 ἐπὶ
1237 5009 1295 5065 δὲ
1340 5013 1452 5075 τοῖς
1491 5010 1896 5064 ἀποπίπτουσιν
1945 5007 2090 5078 ἔχαι-

2205 5004 2422 5076 generis
2454 5001 2628 5059 nostri
2659 5000 2963 5065 diabolum,
2994 4998 3084 5067 qui
3104 4995 3207 5052 sibi
3238 4994 3516 5063 subjectos
3549 4992 3803 5064 prehen-r

1683 5143 1878 5205 Variae
1901 5141 2211 5205 lectiones
2252 5145 2314 5202 et
2353 5144 2544 5201 notae.

597 5270 641 5302 ¹⁶
669 5268 721 5325 λ.
755 5267 984 5336 ἐκείνοις
1050 5274 1176 5323 ante
1200 5267 1288 5321 ’τά
1330 5266 1429 5336 μέν
1478 5265 1604 5322 Ath.
1706 5264 1843 5336 ¹⁷ίίὲξ
1883 5262 2012 5336 A_th.

2191 5260 2556 5336 ἐπηγγείλατο
2572 5258 2664 5336 -τῷ
2693 5257 2812 5329 Θεῷ
2832 5260 2967 5336 ΔΑιῐι.

524 5343 619 5394 καὶ
677 5338 841 5410 πάλιν
1010 5338 1151 5410 ὅλως
1188 5328 1475 5400 ’Δντώνιος
1523 5336 1648 5410 τότε
1708 5335 1787 5406 τῷ
1809 5328 1962 5410 μίμέᾐν
1990 5407 2000 5410 _
2030 5352 2091 5403 φ.
2143 5328 2317 5410 αὐτὸς
2341 5330 2752 5410 Δἐπιλαθόμενος
2786 5328 2948 5410 _A_th.

525 5391 697 5465 ἶΓἙ.
727 5391 869 5479 ’γὰρ
897 5391 1147 5478 ⁷’βλέπων
1193 5426 1254 5463 π.
1325 5391 1527 5469 πόσούς
1600 5391 1875 5479 Atinii":
1905 5391 2081 5479 Eph“.-

2208 5391 2301 5457 2.'
2341 5402 2387 5479 ξ³
2442 5401 2512 5453 δι’
2568 5391 2742 5479 ὅκαίί
2773 5401 2906 5479 Αιιιζ
2975 5397 3056 5479 ’³⁸
3115 5393 3258 5479 Epit.
3327 5410 3400 5479 vr,
3453 5394 3570 5479 13..
3611 5392 3662 5479 τ’
3694 5391 3783 5479 ἐχ.

524 5499 591 5540 π.
732 5461 890 5548 φίῚό
931 5461 1011 5536 ’ἐξ
1045 5479 1173 5531 Alli.
1242 5461 1252 5463 _
1320 5478 1366 5510 “
1422 5461 1796 5546 καταισχυνθῇ
1855 5474 1917 5528 L.
1952 5461 1967 5474 ³
2066 5475 2109 5506 ³⁷
2149 5461 2544 5553 ’ἐπιμείνηωμεν
2594 5471 2717 5525 cod.
2862 5469 2908 5501 ’⁸
2965 5468 3019 5521 ἀ.
3060 5483 3116 5535 γ.
3163 5461 3220 5519 ’ὅ
3272 5481 3326 5517 τι
3372 5467 3430 5516 ἐν
3474 5463 3573 5531 μιᾷ
3602 5461 3789 5583 ἡμέῖᾳ

528 5554 601 5583 ιι...
655 5550 693 5583 r,
794 5550 839 5581 Is
878 5547 946 5583 re.
1017 5565 1072 5583 ...
1120 5548 1191 5583 on
1290 5549 1337 5581 se
1363 5548 1479 5583 αι...
1554 5560 1781 5583 'vvunl,
1864 5545 2044 5583 ιιττν-
2112 5542 2236 5583 νηθν
2286 5544 2447 5583 ’δρυσὶν
2492 5557 2585 5583 mn-
2646 5539 2705 5583 Ι.-
2785 5540 2829 5571 ³²
2868 5539 2962 5583 καὶ
3020 5537 3119 5583 tiu-
3184 5535 3334 5583 ἡμᾶς
3376 5533 3685 5583 εὑρήσομεν
3740 5562 3784 5583 Α.

526 5533 719 5620 sint“
744 5533 756 5548 ’
794 5550 839 5581 ⁸³
878 5533 985 5603 Εῑξ
1016 5565 1095 5610 In,
1120 5548 1211 5604 20.
1290 5549 1337 5581 ³⁸
1363 5548 1502 5606 Gen.
1554 5533 1796 5602 xxxvi":
1864 5545 1909 5577 ³¹
1941 5545 2044 5613 τῆς

528 5623 666 5675 "dte!
717 5638 778 5688 μ.
817 5620 869 5688 ῤ.
920 5620 983 5673 L.
1082 5620 1128 5653 ”
1154 5617 1175 5672 ι
1203 5618 1331 5675 Cor.
1361 5637 1450 5675 xv.
1488 5618 1578 5673 51.
1682 5618 1733 5688 ³⁵7
1768 5615 2086 5688 νομίζοντες

2191 5542 2236 5595 θ’
2269 5533 2457 5612 ’ἡμῶν
2492 5557 2588 5611 φρ.
2643 5539 2705 5593 L.
2785 5540 2829 5571 ³²
2868 5539 2962 5592 καὶ
3020 5533 3119 5607 ἀμ.
3184 5535 3334 5605 ἡμᾶς
3376 5533 3685 5601 εὑρήσομεν
3717 5533 3784 5587 L.

2209 5610 2588 5688 Ewgfcrtépet;
2620 5611 2716 5688 καὶ
2748 5610 2840 5688 ὅτε
2866 5626 2924 5678 μ.
2964 5603 3424 5688 κοιμηθῆναικμή
3660 5616 3787 5688 συνέ

537 5624 666 5675 "de!
717 5638 778 5691 μ.
817 5624 869 5688 ῤ.
920 5624 983 5673 L.
1082 5624 1128 5653 ”
1154 5624 1175 5672 ι
1203 5624 1331 5675 (Sor.
1361 5637 1450 5675 xv.
1488 5624 1578 5673 51.
1682 5624 1730 5649 ³⁵
1768 5624 2086 5685 νομίζοντες
2106 5624 2185 5667 δυ’
2209 5624 2315 5674 ἐως
2348 5624 2588 5680 εσπερας
2620 5624 2716 5664 και
2748 5624 2840 5663 οτε
2866 5626 2924 5678 μ.
2964 5624 3320 5676 κοιμηυηναι,
3351 5624 3424 5671 μη
3451 5624 3511 5654 υ.
3587 5624 3631 5631 -ν
3662 5624 3785 5652 συν·-

537 5694 588 5745 ei
602 5693 796 5766 θέντας
828 5691 967 5766 προς
999 5689 1173 5766 ιιιύτόν⁸
1210 5689 1343 5766 Atb‘.
1379 5690 1421 5721 "
1452 5689 1628 5766 ταῦτα
1654 5687 1783 5741 Atb.
1858 5686 1903 5766 ξ’
1935 5681 2428 5766 Ἐξιτοίνυνωδει
2483 5681 2595 5766 γάρ
2634 5679 2778 5766 τίσιν
2816 5677 3114 5766 ὑπαγλούειγ
3144 5667 3785 5766 ξξξὶξξξ-ξξὶπὲθξὼεῃῖε

1211 5740 1356 5831 ξξὴέ.
1387 5740 1779 5830 καιῖέοάνὸνέά
1812 5757 1972 5828 μέχρι
2001 5740 2111 5811 τῶν
2142 5740 2386 5823 νεφελών
2414 5740 2509 5808 καί
2537 5740 2625 5807 ἀν.
2659 5751 2785 5807 Ath.
2820 5748 2980 5804 -16
3010 5747 3105 5801 καὶ
3140 5740 3448 5805 διελθόντας
3482 5740 3532 5796 λ.
3569 5740 3628 5795 ἀ.
3651 5740 3784 5794 ἀνά-

3069 5256 3111 5288 ¹⁹
3149 5254 3241 5309 καὶ
3291 5253 3427 5315 πρὸξ
3451 5252 3500 5305 ἐ.
3528 5252 3789 5307 Eduine.”

3057 5325 3104 5356 ‘°
3164 5325 3259 5378 καὶ
3322 5323 3393 5378 δι’
3452 5325 3480 5375 6
3550 5342 3601 5378 ν.
3654 5323 3784 5378 Ath.

1082 5620 1128 5653 ”
1154 5617 1175 5672 ι
1203 5618 1331 5675 Cor.
1361 5637 1450 5675 xv.
1488 5618 1578 5673 51.
