4064 6486
418 410 529 476 853

1591 415 2056 479 CHRONICON.
2093 441 2163 454 -
2201 418 2347 479 LIB.
2391 418 2490 481 IV.

3567 421 3681 484 854?

417 546 501 582 τοι
530 527 564 597 ἢ
604 527 825 593 ἐκεῖνοι,
860 526 1068 599 ταύτην
1102 527 1514 598 ἁποκομίσωσιν
1573 528 1995 600 φυλαχθησομέ-

2100 530 2153 585 in
2179 547 2289 603 quo
2304 530 2584 603 judicandi
2609 529 2947 587 adstabimus
2972 546 3183 599 omnes,
3216 542 3269 588 et
3286 533 3409 588 inde
3424 534 3489 589 ad
3515 546 3675 589 aeter-

419 636 520 689 νην
560 618 603 650 ⁸⁷
634 618 743 680 ἕως
771 618 873 686 τῆς
911 617 1233 682 τελευταίας
1259 618 1507 689 ξκρίσεως
1529 618 1597 684 ⁸⁸,
1644 618 1766 675 καθ’
1800 620 1869 691 ἢν
1923 620 2000 683 είς

2102 638 2227 677 nam
2254 623 2418 679 vitam
2449 632 2502 680 et
2527 626 2771 694 requiem
2801 624 2884 678 vel
2914 624 2980 679 ad
3020 639 3314 694 perennem
3351 625 3492 694 ignis
3526 623 3678 680 ﬂam-

420 710 603 781 κρίσιν
630 710 1103 783 παραστησόμεθα
1131 710 1293 783 583
1321 711 1543 774 πάντες.
1577 712 1658 772 εἰς
1680 710 1778 781 τὴν
1804 712 1850 744 ⁸⁸
1869 709 2001 764 αίὼ-

418 818 530 857 νιον
552 799 701 874 ζωήν
737 819 797 855 τε
832 802 930 856 καὶ
992 804 1300 858 ἀνάπαυσιν
1353 804 1387 875 ἢ
1435 805 1517 867 είς
1567 803 1665 874 τὴν
1695 803 2000 872 ἀπέραντον

421 894 595 963 φλόγα
657 893 839 964 (1501))
892 894 985 950 τοῦ
1041 894 1213 966 πυρὸς
1267 895 1720 968 ἁπαχθησόμεθα,
1772 896 1908 965 ὅπερ
1966 897 1995 948 ό

419 985 552 1047 Θεὸς
585 984 909 1056 βουλόμενος
955 986 1232 1052 ὑποδεῖξαι
1264 987 1351 1041 διά
1376 1004 1521 1051 τινος
1548 988 1721 1044 τύπου
1759 1002 2003 1057 σωματι-

420 1073 542 1139 κοῦ,
573 1073 997 1144 παρεσκεύασεν
1024 1076 1082 1128 ἐν
1108 1078 1174 1146 τῇ
1205 1075 1296 1129 τοῦ
1326 1076 1603 1140 Μωῦσέως
1628 1076 1856 1148 τελευτῇ
1894 1093 2001 1146 φα-

423 1167 579 1235 νῆναι
606 1165 700 1220 τὸν
735 1166 1080 1237 ἀρχάγγελον
1124 1169 1349 1240 Μιχαὴλ
1405 1169 1819 1240 διακρινόμενον
1872 1169 2001 1239 περὶ

420 1256 516 1311 τοῦ
546 1255 801 1326 σώματος
829 1257 994 1311 αὐτοῦ
1024 1258 1120 1312 καὶ
1148 1260 1240 1313 τὸν
1288 1243 1526 1331 πονηρὸν
1565 1260 1999 1331 ἀντιπράττοντα

418 1350 650 1419 δαίμονα
666 1351 763 1405 καὶ
796 1350 971 1424 τούτῳ
994 1358 1086 1407 τὸν
1108 1354 1327 1424 Μιχαὴλ
1363 1352 1568 1422 ἀγαθὸν
1606 1352 1838 1421 ἄγγελον
1869 1353 1999 1407 ὄντα

421 1444 877 1516 προσυπαντῆσαι
931 1448 1026 1501 καὶ
1064 1449 1427 1518 ἀποσοϐῆσαι,
1486 1445 1623 1500 ἀλλὰ
1654 1446 1752 1517 ’τῷ
1805 1447 1999 1518 Κυρίῳ

420 1535 530 1588 τῶν
557 1535 696 1589 ὅλων
726 1539 1132 1610 παραχωρῆσαι
1178 1539 1280 1609 τῆς
1322 1539 1443 1592 κατ’
1482 1537 1695 1592 ἐκείνου
1721 1537 1955 1608 κρίσεως
1982 1554 1995 1569 ο

420 1627 571 1691 ὅπως
598 1629 687 1683 διά
709 1629 901 1683 τούτου
949 1632 996 1662 "°
1030 1631 1315 1701 μάθωμεν,
1354 1632 1431 1694 ὡς
1488 1630 1605 1684 ἐστι
1659 1648 1744 1694 τις
1788 1630 2001 1699 ἀγωνία

421 1719 517 1790 τῆς
547 1718 724 1792 ψυχῆς
764 1721 903 1792 μετὰ
928 1722 1028 1791 τὴν
1049 1722 1229 1788 ἔξοδον
1260 1722 1356 1777 καὶΙ
1385 1723 1465 1776 ὅτι
1496 1723 1603 1795 χρὴ
1625 1723 1712 1775 διά
1733 1721 1843 1775 τῶν
1864 1723 1997 1789 ἀγα-

2104 729 2248 767 mam
2284 715 2621 769 abducemur
2655 731 2667 771 :
2705 717 2848 785 quod
2879 714 3019 771 Deus
3044 716 3228 785 aliquo
3260 724 3385 787 typo
3410 717 3681 785 corporali

2102 807 2414 877 significare
2441 808 2650 872 volens,
2710 809 2917 876 paravit
2977 809 3030 863 in
3090 807 3258 879 Moysi
3290 816 3464 863 morte
3486 808 3677 871 videri,

2103 899 2419 955 Micbaelem
2450 900 2836 969 archangelum
2868 903 2935 956 de
2959 916 3185 968 corpore
3208 901 3340 970 fejus
3393 900 3682 969 disputan-

2103 1000 2231 1056 tem,
2279 1000 2329 1046 et
2362 1006 2587 1063 pravum
2619 992 2920 1048 daemonem
2953 993 3442 1055 contradicentem,
3484 1002 3538 1047 et
3588 991 3678 1066 isti

2099 1082 2303 1138 bonum
2338 1083 2589 1153 angelum
2628 1083 2942 1139 Michaelem
2977 1094 3380 1147 occurrentem,
3440 1097 3678 1151 eumque

2098 1172 2153 1229 in
2208 1173 2388 1243 fugam
2428 1175 2739 1244 pellentem,
2799 1176 2892 1231 sed
2946 1176 3192 1231 omnium
3252 1175 3483 1231 Domino
3528 1175 3676 1243 judi-

2097 1265 2241 1318 cium
2291 1265 2554 1320 adversus
2592 1266 2744 1320 illum
2783 1268 3206 1336 permittentem.
3261 1268 3365 1321 Per
3426 1267 3528 1319 hoc
3577 1278 3678 1318 nos

2097 1357 2342 1413 ediscere
2378 1358 2591 1412 volebat
2624 1357 2918 1429 quamdam
2953 1358 3154 1412 animae
3180 1357 3526 1411 luctationem
3555 1368 3680 1409 esse

2097 1457 2221 1518 post
2246 1448 2454 1503 exitum
2496 1463 2707 1518 nosque
2732 1447 2930 1503 debere
2966 1447 3126 1503 bonis
3181 1446 3440 1515 operibus
3497 1442 3680 1514 parari

2097 1541 2163 1596 ad
2204 1541 2558 1597 obtinendam
2592 1541 2960 1613 evangelicam
3003 1539 3379 1595 defensionem
3415 1537 3682 1593 adversus

2097 1633 2374 1688 daemones
2412 1633 2505 1703 qui
2534 1647 2760 1703 prorsus
2813 1632 3082 1687 invidiose
3137 1645 3434 1700 amareque
3488 1636 3679 1684 contra

2099 1739 2198 1779 nos
2221 1723 2479 1779 fremunt.
2516 1743 2533 1776 ι

422 1811 530 1864 θῶν
555 1811 736 1883 ἔργων
770 1814 1157 1884 ἑτοιμαζέσθαι
1179 1815 1314 1887 πρὸς
1368 1816 1431 1870 τὸ
1489 1816 1590 1886 τῆς
1651 1814 2063 1884 εὐαγγελικῆςἰ
2101 1816 2249 1887 ἡμᾶς
2314 1817 2596 1887 ἐπιτυχεῖν
2660 1816 3003 1887 συμμαχίας,
3051 1815 3157 1870 τῶν
3217 1814 3486 1887 δαιμόνων
3556 1806 3679 1868 καθ’

421 1902 576 1972 ἡμῶν
604 1904 994 1975 ἐπιτριζόντων
1014 1906 1292 1978 φθονερῶς
1319 1906 1413 1960 καὶ¹
1440 1908 1653 1976 πικρῶς
1676 1908 1755 1971 είς
1784 1906 1984 1962 ἁπαν.)

490 1996 537 2028 ⁷⁸
568 1995 643 2068 (7)
670 1997 833 2066 Λέγει
860 1998 953 2052 οὖν
983 2001 1075 2053 καὶ
1100 2002 1127 2054 ό
1159 2001 1336 2070 μέγας
1369 2001 1711 2070 όμολογητὴς
1738 1997 1994 2070 Μάξιμος

2168 1995 2308 2052 Dicit
2333 1997 2496 2053 etiam
2531 2011 2760 2066 magnus
2794 1994 3079 2052 confessor
3118 1994 3384 2051 Maximus
3418 1996 3485 2050 ad
3514 1995 3683 2052 Joan-

420 2087 555 2159 πρὸς
588 2087 851 2154 Ἰωάννην
899 2090 1350 2164 κουὸικουλάριον
1383 2108 1398 2124 ο
1448 2112 1469 2144 ‹
1490 2091 1609 2157 Τίς,
1655 2091 1909 2162 ἀγαπητὲ
1929 2091 1995 2157 ⁸⁷³,

419 2178 530 2233 τῶν
561 2179 695 2235 κατ’
726 2180 829 2252 ἐμὲ
866 2180 1057 2253 ῥύποις
1096 2182 1143 2214 ⁷⁸
1181 2183 1604 2256 ἁμαρτημάτων
1635 2181 2004 2253 κατεστιγμέ-

418 2291 506 2337 νος
525 2276 585 2327 οὺ
614 2274 865 2344 φοδετται
886 2276 986 2346 τὴν
1013 2277 1123 2332 τῶν
1152 2279 1326 2347 ἁγίων
1346 2280 1596 2349 ἀγγέλων
1614 2280 1904 2334 ἐπίστασιν
1928 2280 1999 2345 ⁷⁵,

418 2365 510 2434 ὑφ’
538 2358 615 2423 ὧν
648 2365 794 2421 κατά
819 2366 971 2421 θείαν
1004 2368 1184 2441 ψῆφον
1212 2371 1311 2443 τῆς
1337 2372 1386 2406 ’⁸
1439 2370 1587 2441 ζωῆς
1618 2372 1681 2425 τὸ
1716 2373 1890 2443 πέρας
1915 2370 2000 2424 δε-

418 2456 671 2528 χόμενος,
715 2459 807 2531 βίᾳ
863 2460 960 2515 τοῦ
1018 2462 1271 2534 σώματος
1328 2467 1447 2536 μετ’
1499 2465 1672 2538 ὀργῆς
1721 2465 2002 2531 ἐξωθεῖται

418 2551 512 2600 καὶ
550 2549 627 2619 μὴ
659 2548 1024 2622 βουλόμενος;
1077 2554 1161 2619 τίς
1202 2555 1671 2629 κεκηληδωμένην
1710 2557 1756 2589 ⁷⁷
1812 2557 1997 2628 ἑαυτῷ

420 2641 886 2712 συνεπιστάμενος
931 2644 977 2678 ⁷⁸
1009 2647 1108 2716 τὴν
1162 2648 1494 2718 συνείδησιν,
1539 2651 1600 2703 οὐ
1640 2649 1845 2705 δέδοικε
1900 2651 2001 2724 τὴν

417 2730 711 2802 ὠμοτάτην
734 2736 781 2768 ⁷³
809 2736 920 2792 τῶν
948 2739 1208 2808 πονηρῶν
1242 2736 1526 2811 δαιμόνων
1572 2741 1621 2775 ⁸ο
1671 2741 2001 2814 βαρϐαρὼδη

422 2822 746 2895 ὑπάντησιν,
788 2826 1022 2883 ἑκάστου
1065 2829 1108 2861 ⁸⁸
1151 2830 1358 2887 τούτων
1382 2833 1523 2887 κατὰ
1553 2834 1646 2887 τδν
1680 2834 1819 2906 ἀέρα
1864 2834 2002 2905 μετά

422 2915 525 2983 τὴν
551 2915 726 2981 ἔξοδον
748 2919 885 2989 πρὸς
915 2921 1108 2974 ἐαυτὸν
1138 2923 1183 2954 θ’
1218 2923 1451 2992 ἀφειδῶς
1470 2923 1570 2995 τὴν
1603 2924 1797 2980 ἀθλίαν
1822 2926 2002 2998 ψυχὴν

426 3005 677 3072 ἕλκοντος
700 3012 794 3065 καὶ
818 3011 896 3083 τῷ
930 3013 1138 3084 ἐλέγχῳ
1169 3014 1278 3069 τῶν
1311 3016 1450 3089 αὐτῇ
1499 3017 1545 3049 ³³
1588 3020 2001 3091 πεπραγμένων

432 3100 876 3171 καταισχύνοντος
900 3107 994 3159 καὶ
1039 3107 1225 3176 πάσης
1297 3108 1661 3178 ἐμποιοῦντος
1694 3111 1831 3182 αὐτῇ
1889 3111 2002 3175 τοῖς

426 3192 519 3245 ἐπὶ
574 3196 685 3258 τοῖς
745 3196 1035 3267 μέλλουσιν
1094 3199 1323 3267 ἀγαθοῖς
1379 3200 1596 3266 ἐλπίδος
1652 3200 1897 3273 ἐλεεινὴν
1952 3201 2002 3234 ⁸⁸

424 3282 772 3352 ἁπόγνωσιν;
804 3307 822 3339 ι
861 3319 930 3328 -
966 3289 1149 3345 «Μετὰ
1171 3292 1229 3345 δὲ
1267 3291 1365 3364 τὴν
1393 3294 1694 3365 γινομένην
1726 3294 1870 3348 κατά
1909 3294 2000 3348 τδν

424 3370 565 3444 ἀέρα
588 3375 726 3446 πρὸς
746 3378 815 3432 τά
841 3381 1186 3449 πνευματικὰ
1223 3383 1323 3453 τῆς
1344 3385 1608 3456 πονηρίας
1637 3384 1934 3454 διάγνωσίν
1952 3387 1998 3418 ⁸⁵

423 3481 484 3518 τε
529 3468 625 3521 καὶ
676 3469 1101 3547 λογοθέτησινή
1157 3475 1293 3547 πρὸς
1339 3476 1432 3531 τὸν
1470 3476 1604 3549 ᾇδην
1646 3479 2001 3544 κατάπτωσις

424 3555 731 3629 διαδέχεται
772 3562 866 3614 καὶ
897 3563 1250 3635 παροίκησις,
1305 3568 1363 3619 ἐν
1412 3560 1456 3634 ᾧ
1516 3566 1695 3640 σκότῳ
1750 3569 1911 3640 βαθεῖ
1954 3570 2000 3604 ⁸⁸

422 3642 712 3720 [διάγουσι]
742 3651 786 3683 ⁸⁷
820 3654 914 3706 καὶ
953 3652 1236 3727 βαρυτάτῃ
1266 3657 1415 3728 σιγῇ,
1449 3659 1659 3728 τροφὴν
1688 3657 1909 3728 ἔχουσαι
1943 3661 2000 3712 αἱ

423 3738 606 3793 ἐκεῖσε
630 3741 676 3774 ⁸⁸
704 3744 1237 3817 καταδεδικασμέναι
1261 3746 1430 3817 ψυχαὶ
1461 3749 1587 3811 τοὺς
1633 3748 1999 3820 δριμυτάτους

426 3831 768 3901 στεναγμοὺς
800 3834 896 3887 καὶ
922 3835 992 3888 τά
1019 3837 1330 3905 πικρότατα
1361 3837 1573 3908 δάκρυα
1621 3840 1716 3891 καὶ
1756 3838 1856 3909 τὴν
1908 3841 2001 3893 ἐπὶ

423 3923 596 3985 tots”
624 3924 818 3989 δεινοῖς
844 3930 1174 4000 κατήφειαν,
1211 3931 1565 4001 ἐκδεχόμεναι
1585 3931 1673 3986 διὰ
1697 3934 1898 3995 παντὸς
1916 3931 2002 3984 ού-

426 4012 515 4068 δέν
550 4014 781 4088 ἁλλο⁹⁰ῆ
799 4021 971 4093 μόνην
993 4023 1093 4093 τὴν
1108 4023 1151 4054 ⁹¹
1172 4024 1263 4076 ἐπὶ
1288 4023 1452 4095 58.5.
1482 4027 1548 4095 τῇ
1575 4024 1764 4097 δικαίᾳ
1780 4027 1824 4056 ⁹²
1835 4024 2001 4096 ψήφῳ

425 4104 645 4162 δικαίαν
678 4110 1038 4167 ἀνταπόδοσιν
1080 4114 1148 4168 ⁸³.
1193 4114 1413 4185 Ταύτην
1451 4114 1499 4150 ⁸⁸
1543 4111 1637 4169 οὖν
1686 4116 2003 4186 συνίστησιν

427 4198 611 4263 αὐτοῖς
636 4201 736 4269 τὴν
758 4203 1038 4259 ἄπαυστον
1068 4206 1114 4237 ⁹⁶
1139 4204 1318 4276 λύπην
1349 4207 1444 4283 καὶ
1468 4205 1661 4276 ὀδύνην
1684 4207 1717 4277 ἡ
1749 4209 1851 4280 τῆς
1873 4209 2005 4260 ἀνα-

429 4293 671 4358 στάσεως
700 4295 876 4363 ἐλπὶς,
910 4300 945 4368 ἡ
974 4298 1073 4367 τῆς
1110 4299 1349 4368 φοϐερᾶς
1386 4298 1599 4369 ἡμέρας
1622 4298 1860 4371 Χριστοῦ
1899 4318 2005 4354 πα-

431 4384 648 4453 ρουσίας
672 4387 879 4459 ἡμέρα,
907 4389 942 4459 ἡ
990 4389 1407 4461 φρικωδεστάτη
1428 4390 1475 4422 ’⁸
1520 4390 1868 4461 παράστασις
1909 4391 2004 4445 καὶ

430 4476 694 4546 περὶτῶν
733 4478 1088 4549 βεϐιωμένων
1126 4482 1347 4537 πάντων
1379 4483 1669 4552 ἀπολογία,
1698 4482 1822 4535 καθ’
1854 4483 1921 4553 ἣν
1953 4484 2004 4536 οἱ

429 4565 531 4635 μὲν
559 4566 625 4619 ἐκ
649 4568 840 4636 δεξιῶν
867 4571 964 4626 τοῦ
994 4573 1186 4645 κριτοῦ
1220 4575 1581 4646 σταθήσονται
1606 4575 1649 4607 ⁸⁷
1682 4575 1778 4627 καὶ
1805 4574 2006 4645 λήψον-

2100 2087 2632 2144 nemcubicularium
2658 2105 2672 2142 :
2703 2086 2887 2154 «Quis,
2919 2085 3136 2153 dilecte,
3156 2094 3504 2156 peccatorum
3530 2102 3681 2142 meo-

2099 2195 2225 2234 rum
2258 2180 2513 2234 sordibus
2568 2178 2874 2234 maculatus
2928 2192 3037 2233 non
3089 2177 3308 2232 timeret
3360 2187 3677 2233 sanctorum

2099 2284 2380 2326 accessum
2414 2269 2757 2339 angelorum,
2793 2283 2823 2321 a
2853 2266 3077 2336 quibus,
3100 2282 3164 2321 ex
3193 2267 3377 2323 divina
3406 2270 3678 2324 sententia

2096 2362 2223 2417 vitae
2249 2361 2410 2416 linem
2448 2361 2758 2429 accipiens,
2796 2369 3020 2415 coactus
3059 2367 3114 2414 et
3157 2360 3360 2416 invitus
3388 2377 3419 2417 e
3448 2376 3681 2432 corpore

2099 2465 2222 2508 cum
2242 2452 2321 2507 ira
2335 2452 2662 2522 expellitur?
2688 2450 2823 2516 Quis
2849 2451 3179 2505 maculatam
3204 2450 3309 2506 sibi
3336 2452 3683 2521 persentiens

2100 2544 2511 2609 conscientiam,
2549 2559 2657 2598 non
2714 2551 2983 2597 metueret
3034 2542 3305 2597 malorum
3370 2542 3678 2598 daemonum

2100 2635 2539 2691 crudelissimum
2580 2651 2644 2691 ac
2674 2635 2965 2690 barbarum
3014 2650 3330 2701 occursum.
3351 2649 3682 2706 unoquoque

2101 2744 2293 2784 eorum
2332 2744 2429 2798 per
2461 2743 2587 2782 aera
2636 2734 2761 2798 post
2805 2727 3009 2781 exitum
3041 2726 3107 2781 ad
3164 2742 3223 2782 se
3260 2726 3517 2781 miseram
3556 2726 3681 2781 ani-

2104 2835 2247 2874 mam
2282 2818 2572 2874 crudeliter
2609 2817 2878 2884 trahente,
2906 2826 2960 2873 et
2995 2817 3243 2873 convicio
3269 2815 3537 2872 factorum
3561 2817 3682 2887 ejus

2103 2925 2222 2965 eam
2246 2908 2635 2974 confundente,
2666 2917 2830 2981 atque
2856 2908 3036 2963 omnis
3070 2908 3186 2978 spei
3222 2908 3275 2962 in
3329 2907 3510 2963 futura
3540 2908 3680 2963 bona

2103 3002 2492 3057 demissionem
2522 3001 2573 3056 ei
2607 2999 2972 3071 suggerente?
2998 3018 3018 3051 ι
3050 3029 3120 3040 -
3144 3018 3162 3051 ι
3196 2998 3328 3055 Post
3356 3009 3540 3055 autem
3598 2999 3682 3059 fa-

2104 3106 2245 3149 etam
2274 3094 2327 3151 in
2359 3108 2484 3148 aere
2515 3093 2809 3164 spirituum
2862 3092 3119 3162 nequitiae
3145 3090 3586 3162 disquisitionem
3617 3106 3685 3147 ac

2104 3186 2375 3239 rationem
2417 3183 2661 3239 succedit
2690 3184 2756 3237 ad
2789 3181 2993 3237 inferos
3023 3181 3210 3251 lapsus
3246 3190 3301 3236 ct
3328 3181 3678 3243 inliabitatio.

2108 3277 2198 3331 ubi
2247 3275 2440 3345 spissis
2471 3274 2710 3330 tenebris
2755 3281 2811 3329 et
2860 3273 3129 3328 altissimo
3176 3272 3382 3342 degunt
3439 3274 3679 3339 silentio,

2026 3346 2069 3404 (ἶ
2103 3372 2284 3427 cibum
2329 3371 2594 3427 habentes
2625 3370 2823 3424 animae
2852 3369 2943 3427 hic
2972 3368 3243 3423 damnatae
3295 3368 3682 3425 acerbissimos

2102 3465 2338 3538 gemitus
2386 3464 2874 3535 amarissimasque
2931 3461 3202 3533 lacrymas
3252 3469 3306 3516 et
3355 3469 3680 3517 extraneum

2104 3554 2657 3627 opprobrium;nibil
2689 3569 2929 3625 unquam
2982 3554 3128 3609 aliud
3192 3554 3520 3624 accipientes
3574 3553 3679 3608 nisi

2098 3646 2305 3717 justam
2349 3659 2416 3699 cx
2452 3644 2599 3715 justa
2638 3642 2906 3698 sententia
2958 3644 3482 3699 remunerationem.
3532 3641 3683 3695 Hanc

2103 3739 2270 3811 igitur
2313 3736 2697 3793 incessabilem
2732 3734 3012 3789 trisﬁtiam
3055 3748 3119 3790 ac
3166 3735 3412 3788 dolorem
3462 3733 3684 3789 exacuit

2103 3828 2527 3886 resurrectionis
2554 3842 2705 3897 spes,
2735 3824 2995 3881 terribilis
3022 3825 3130 3879 diei
3161 3825 3430 3881 adventus
3480 3824 3681 3878 Christi

2103 3920 2460 3992 exspectatio,
2491 3918 2893 3974 formidandum
2916 3917 3208 3987 judicium,
3236 3924 3288 3971 et
3318 3916 3565 3971 omnium
3592 3919 3683 3985 qui

2104 4016 2357 4069 vixerunt
2394 4013 2665 4085 apologia,
2689 4011 2846 4082 juxta
2874 4024 3038 4081 quam
3067 4008 3158 4062 alii
3187 4022 3216 4061 a
3250 4008 3453 4062 dextris
3476 4005 3684 4063 Iudicis

2105 4107 2327 4161 stabunt
2372 4112 2426 4162 et
2470 4101 2761 4157 ineffabilia
2813 4102 2953 4156 bona
3005 4100 3275 4171 promissa
3324 4098 3680 4164 obtinebunt;

2105 4199 2197 4254 alii
2241 4212 2370 4253 vero
2427 4211 2455 4249 a
2504 4195 2744 4251 sinistris
2791 4194 3015 4250 stabunt
3062 4200 3118 4247 et
3171 4191 3450 4246 habebunt
3504 4192 3682 4262 ignem

2105 4299 2394 4353 aeternum,
2455 4286 2708 4342 tenebras
2759 4285 3082 4347 exteriores,
3135 4300 3377 4340 vermem
3411 4285 3505 4355 qui
3548 4301 3684 4340 nun-

2106 4400 2268 4455 quam
2300 4382 2527 4447 dormit,
2560 4381 2848 4441 stridorem
2882 4380 3147 4445 dentium,
3182 4378 3472 4434 continuos
3504 4379 3683 4442 fletus,

2109 4477 2501 4548 sempiternum
2528 4474 2879 4545 Opprobrium
2916 4488 2981 4527 ac
3010 4472 3371 4543 punitionem.
3406 4471 3535 4527 meo
3584 4471 3685 4526 ita-

2108 4584 2217 4638 que
2252 4566 2693 4639 prazmeditantes
2718 4575 2772 4619 et
2800 4574 3135 4635 reputantes,
3172 4564 3369 4618 merito
3408 4563 3595 4618 dolent
3620 4578 3683 4617 ac

428 4676 517 4711 ται
549 4661 658 4714 τῶν
686 4663 1014 4737 ἀπορρήτων
1053 4666 1277 4733 ἀγαθῶν
1304 4668 1403 4733 τὰς
1433 4667 1796 4736 ἐπαγγελίας,
1848 4668 1899 4720 οί
1946 4667 2000 4721 δὲ

2110 4662 2483 4732 lacrymantur
2526 4659 2676 4713 velut
2711 4658 2982 4712 damnata:
3042 4664 3205 4726 atque
3259 4655 3680 4720 inexcusabiles,

430 4748 528 4818 τὴν
562 4751 859 4823 ἀριστεράν
893 4754 1083 4808 στάσιν
1114 4756 1390 4827 λαχόντες,
1415 4758 1481 4810 τὸ
1526 4756 1637 4829 πῦρ
1677 4757 1738 4809 τὸ
1759 4757 2000 4820 αἰώνιον,

429 4841 492 4893 τὸ
519 4839 788 4917 ἐξώτερον
817 4846 1006 4912 σκότος
1041 4846 1160 4921 [καὶ
1187 4849 1280 4904 τὸν
1304 4848 1604 4921 ἀκοίμητον
1639 4848 1923 4920 σκώληκα]
1952 4850 2000 4882 ⁰⁸

2112 4767 2219 4806 non
2250 4749 2434 4806 audita
2462 4749 2730 4819 Sapientis
2758 4748 3076 4818 disciplina,
3131 4749 3364 4804 dicentis
3393 4765 3408 4804 :
3446 4765 3464 4799 ι
3496 4747 3683 4813 Quod-

2111 4860 2326 4914 cunque
2386 4842 2566 4898 facere
2628 4850 2810 4912 potest
2869 4856 3068 4897 manus
3129 4850 3242 4906 tua,
3311 4856 3409 4911 pro
3476 4841 3683 4896 viribus

1599 4983 1801 5045 Variae
1842 4982 2149 5045 lectiones
2193 4988 2255 5041 et
2295 4982 2485 5040 notas.

504 5080 546 5112 θ’
582 5081 1105 5154 φυλαχθησώμ(εθα)
1150 5084 1276 5138 cod.
1362 5084 1892 5156 φυλαχθησομένηνῖ
1976 5101 2000 5138 c

504 5167 531 5205 ν
561 5152 616 5205 ἀ.
677 5154 824 5206 ζωήν
872 5168 935 5206 τε
983 5184 1053 5196 —
1097 5155 1411 5206 ἀνάπαυσιν
1456 5170 1569 5206 (1111.
1638 5154 1703 5206 L.
1808 5155 1855 5186 ⁷⁸
1898 5154 2000 5206 τού

2101 5082 2388 5137 odiendam
2448 5077 2594 5133 Mon.

2100 5172 2106 5197 ι
2159 5152 2220 5206 L,
2315 5150 2361 5183 τι
2414 5148 2594 5206 ἀγγελι

1898 5171 2106 5209 τουτων
2159 5171 2220 5206 ιλ.

430 5220 680 5295 Μαξίμου
742 5220 808 5295 ad
857 5222 958 5295 AJ_o.
1006 5224 1056 5278 7.
1123 5224 1184 5278 ll.
1252 5240 1306 5295 p.
1355 5224 1461 5279 252
1510 5225 1599 5281 ed.
1669 5224 1931 5281 Parisinus
2016 5223 2174 5279 1675.

1611 5296 1657 5327 ⁷⁷
1687 5294 1930 5366 κεκηλιδ.
1963 5296 2082 5366 cod.
2112 5291 2250 5366 κεψη

437 5152 616 5223 τὴνᾲά.
677 5154 824 5223 ζωήν
872 5152 935 5223 τε
975 5152 1053 5196 V—
1088 5152 1411 5208 ἀνάπαυσιν
1456 5152 1569 5210 nni.
1600 5152 1608 5155 ν
1638 5152 1703 5210 [ιζ

433 5291 478 5322 ⁷⁸
501 5294 824 5367 ἐπιστασίαν
853 5292 949 5367 Μη
1021 5296 1075 5367 ,⁷⁸
1124 5291 1405 5367 παρούσης
1434 5294 1504 5349 Μ.

2690 5077 2735 5111 ³⁸
2777 5077 3009 5150 Ϋήμέρας
3072 5079 3194 5150 cod.
3261 5088 3328 5150 et,
3365 5077 3427 5150 Ι..
3463 5148 3484 5150 Α
3532 5080 3576 5112 ⁶⁹
3601 5081 3683 5141 εἰς

2315 5150 2361 5183 τί
2414 5147 2711 5217 ἀγγελικῆς
2764 5147 2922 5219 ήξσζ
2974 5150 3066 5203 ἐπ.
3117 5148 3180 5202 L.
3290 5149 3333 5180 ⁷³
3383 5148 3490 5202 Τοῦ
3522 5150 3680 5217 ἁγίου

2306 5220 2351 5252 ⁷³
2388 5220 2720 5290 ᾑγαπῌημένε
2777 5218 2847 5272 Μ.
2924 5219 3007 5290 _'"
3068 5219 3168 5289 ἐμὲ
3236 5219 3418 5290 ἔργοις
3473 5220 3571 5289 ἀμ.
3619 5219 3680 5275 L.

2254 5287 2450 5359 λιδηΙτι.
2484 5356 2497 5359 Α
2541 5287 2585 5319 ⁷⁸
2615 5305 2878 5359 συνεπαγ.
2921 5288 2990 5344 Μ.
3038 5287 3112 5359 7""
3144 5290 3242 5359 τὴν
3269 5287 3534 5359 ὠμότητα
3572 5292 3683 5342 τῶν

432 5361 821 5441 π.”δαιμ.ονίων
869 5365 961 5416 καὶ
1011 5356 1324 5489 βοςὸορὼδη
1361 5356 1474 5418 ’ὗπ.
1510 5366 1593 5419 ἐκ.
1646 5356 1837 5419 τούτου
1894 5364 1957 5418 L.
2030 5364 2075 5395 ⁸⁸
2116 5356 2308 5416 δ.’καὶ
2360 5356 2636 5428 βάρῦαρον
2667 5356 2949 5426 ἔμπτωσιν
3146 5356 3274 5443 ξ¹’ἐ.
3318 5356 3459 5413 κατά
3500 5362 3592 5413 τὸν
3611 5361 3681 5441 nd.

433 5447 624 5486 τουτον
666 5450 726 5489 ν..
763 5435 840 5487 Μ.
919 5435 966 5467 ⁸¹
998 5436 1044 5489 ἐ.
1112 5435 1416 5489 ιασπώντος
1440 5436 1539 5489 τὴν
1568 5437 1623 5489 ἀ.
1656 5435 1715 5489 ψ.
1747 5434 1817 5489 Μ.
1896 5436 1944 5466 ⁸³
1973 5434 2142 5489 αὐτῆς
2178 5431 2240 5487 L.
2313 5430 2361 5466 ⁸⁸
2380 5429 2459 5482 ἐλ.
2500 5443 2611 5481 om.
2662 5428 2733 5484 M.
2803 5430 2851 5461 ⁸⁵
2882 5430 2929 5484 δ.
2967 5448 3066 5489 της
3105 5448 3214 5485 των
3264 5433 3321 5484 ἐν
3352 5429 3455 5489 ᾆδη
3488 5430 3679 5489 ψυγων

433 5430 632 5486 τοῦτον
666 5450 726 5501 μ.
763 5435 840 5487 Μ.
919 5435 966 5467 ⁸¹
998 5430 1044 5489 ἑ.

1112 5428 1416 5499 ιασπώντος
1440 5436 1539 5507 τὴν
1568 5437 1623 5489 ἀ.
1656 5435 1715 5505 ψ.
1747 5434 1817 5489 Μ.
1896 5436 1944 5466 ⁸³
1973 5434 2142 5503 αὐτῆς
2178 5431 2240 5487 L.
2313 5430 2361 5466 ⁸⁸
2380 5429 2459 5482 ἐλ.
2500 5443 2611 5481 om.
2662 5428 2733 5484 M.
2803 5430 2851 5461 ⁸⁸
2882 5430 2929 5484 δ.
2967 5432 3066 5500 τῆς
3105 5430 3214 5485 τῶν
3264 5433 3321 5484 ἐν
3352 5429 3457 5502 ᾇδη
3488 5430 3679 5529 eam

1122 5507 1475 5549 ἀνατύπιιισις
1503 5508 1649 5549 ὅπως
1688 5508 1746 5549 ἐν
1781 5522 1865 5549 me,
1898 5505 1968 5549 M-
2043 5504 2089 5535 ⁸⁸
2127 5503 2263 5549 ϐαθὺ
2292 5499 2410 5549 md.
2488 5498 2533 5527 ⁸⁷
2557 5496 2808 5549 διάγουσι
2839 5515 2949 5549 om.
2990 5500 3053 5549 L.
3097 5501 3360 5549 διάγωσιν
3623 5502 3679 5549 αἱ

3623 5516 3655 5549 α

432 5488 822 5576 καταστάσεως
850 5488 1746 5576 ἀκριϐηςᾼάνατύπωσιξόπως’ἐν
1781 5488 1866 5560 σκ.
1898 5505 1969 5558 Μ.
2018 5488 2263 5576 λείβαθύ
2292 5499 2446 5576 cod.“
2488 5496 2808 5576 ”_’_8to't_y_ouqt
2839 5515 2949 5554 om.
3097 5488 3459 5576 διάγωσινξΜῖ

430 5573 479 5620 ἐ.
520 5588 575 5625 κ.
614 5571 673 5639 ψ.
702 5581 755 5627 et
788 5571 1054 5630 mxfom.’
1087 5574 1158 5629 M.
1235 5578 1282 5608 ⁸⁸
1320 5579 1413 5629 ἐπὶ
1438 5576 1648 5639 τούτοις
1688 5594 1740 5630 κ.
1778 5576 1847 5630 Μ.

1926 5576 1972 5605 ⁹⁰
2004 5574 2060 5630 ἀ.
2098 5574 2273 5643 μὲννό.

2305 5589 2361 5641 μ.
2389 5568 2459 5641 δὲ
2496 5566 2567 5621 Μ.
2601 5637 2610 5641 _
2644 5570 2688 5599 θ’
2715 5572 2813 5639 τήν
2842 5586 2955 5641 om.
2987 5570 3048 5625 L.
3137 5566 3324 5641 θ’ξθείᾳ
3360 5569 3465 5641 M._
3504 5568 3554 5600 "
3580 5583 3680 5619 κα-

428 5637 695 5717 τάκρισιν
726 5641 796 5697 Μ.
884 5646 929 5717 οξ
967 5646 1031 5699 'l‘.
1083 5662 1131 5698 σ.
1161 5645 1260 5717 τὴν
1294 5647 1343 5700 λ.
1386 5647 1419 5715 ἡ
1456 5644 1525 5701 Μ.
1602 5637 1648 5680 ’⁵
1675 5647 1774 5716 τὴν
1820 5637 2262 5717 ἀνάπαυστονιλ.
2305 5637 2316 5641 ⁷
2354 5640 2401 5672 ³⁵
2431 5637 2622 5717 φλικεὶ
2661 5637 2987 5717 πανενδόξου
3021 5660 3079 5696 π.
3110 5637 3468 5717 τοῦ-ᾏρισξρῦ
3507 5654 3677 5717 μεγα-

432 5707 645 5788 ᾉειῶης
673 5715 708 5783 η
737 5731 836 5788 φρΖ
867 5714 964 5786 τῆς
998 5707 1229 5788 κρίσεως
1275 5707 1456 5788 ἡμέρα
1493 5751 1556 5759 —-
1589 5716 1687 5788 τῆς
1731 5707 1940 5773 ἐαυτῶν
1986 5714 2342 5783 συνειδήσεως
2387 5707 2509 5763 καθ’
2554 5707 2625 5763 Μ.
2700 5710 2745 5739 ⁹¹
2784 5711 3072 5778 σταθέντες
3124 5712 3170 5767 λ.
3213 5707 3295 5765 Μ(
3374 5708 3417 5739 ’⁸
3463 5710 3677 5761 καὶτὸν

431 5779 527 5839 (ιιι.
559 5779 647 5839 ait.
676 5779 794 5841 diu;
817 5784 880 5841 L.
