4064 6412
511 439 614 508 δτι

1721 420 2046 483 GEORGII
2090 415 2544 478 I-IAMAHTOLI

513 553 862 611 miserrimus
895 559 949 605 et
978 545 1395 618 impurissimus
1445 556 1511 598 ac
1565 537 1658 596 Dei
1713 536 2112 605 hominumque

2232 533 2317 602 τῆς
2350 527 2552 584 ἑαυτοῦ
2609 523 2890 596 σωτηρίας
2926 523 2959 595 ἢ
2989 520 3036 553 ⁸³
3071 515 3372 579 ἀπωλείας.
3413 515 3474 568 '0
3509 514 3566 569 δὲ
3611 515 3794 585 τρισά-

521 643 883 716 implacabilis
908 640 1182 711 .inimicus
1224 654 1255 692 a
1309 634 1548 692 nefando
1588 630 1948 699 mendacique
1995 627 2106 682 da:-

514 753 678 793 mone
711 735 941 790 edoctus
985 741 1039 786 et
1099 730 1358 800 agitatus,
1417 735 1471 781 et
1515 738 1580 779 ex
1615 719 1882 777 dissoluta
1923 718 2105 788 lingua

2209 625 2357 688 θλιος
2387 625 2482 677 καὶ
2515 620 2964 693 τρισκατάρατος
2999 615 3096 669 καὶ
3125 613 3220 667 τοῦ
3261 608 3400 665 Θεοῦ
3431 608 3526 662 καὶ
3559 608 3666 661 τῶν
3695 607 3788 660 άν-

2210 715 2448 786 θρὼπων
2481 710 2748 773 ἄσπονδος
2788 707 2985 780 ἐχθρὸς
3031 707 3098 759 εκ
3154 700 3479 770 σκαιοτέρου
3511 697 3558 730 ⁸⁸
3591 697 3789 750 πλάνου

512 828 855 894 scientiaque
912 789 1167 879 inscienti
1227 789 1476 884 locutus,
1531 812 1822 885 cujuslibet
1881 809 2010 866 boni
2055 817 2109 864 et

2232 809 2466 878 ἱαίμονος
2493 802 2861 875 ὲνηχούμενος
2893 803 2990 854 καὶ⁸
3016 793 3416 869 ὶνεργούμενος
3461 790 3580 862 (καὶ
3609 789 3792 858 μέντοι

513 923 642 977 mali
688 919 860 974 Deum
896 924 1180 972 auctorem
1236 913 1498 967 audacter
1542 909 1821 968 mentitur,
1850 913 1904 959 et
1932 901 2108 973 quod-

514 1026 735 1082 cunque
769 1007 990 1065 eveniat
1050 1004 1279 1068 homini,
1311 1003 1442 1056 licet
1468 1015 1534 1054 ex
1567 997 1789 1069 propria
1820 993 2032 1066 ignavia
2056 1001 2111 1047 et

515 1104 754 1169 incuria,
785 1103 892 1157 hoc
947 1117 1011 1155 ex
1064 1095 1381 1165 praevidenti
1429 1093 1523 1147 Dei
1556 1090 1790 1147 scientia
1827 1087 2116 1159 provenire

519 1200 687 1254 miser
713 1194 1017 1252 contendit.
1075 1191 1140 1244 Et
1179 1189 1266 1243 hic
1302 1187 1523 1257 quidem
1570 1183 1851 1254 despicere
1892 1179 2114 1234 divitias

516 1289 912 1357 humiliterque
969 1283 1172 1339 sentire
1212 1296 1276 1335 ac
1322 1277 1705 1348 voluptuosam
1754 1273 1986 1343 rejicere
2028 1271 2112 1324 vi-

519 1393 655 1446 tam,
695 1396 797 1436 nec
833 1379 1037 1434 malum
1078 1387 1177 1445 pro
1209 1373 1356 1427 malo
1406 1370 1632 1425 reddere
1673 1366 1852 1436 jubet.
1901 1365 1999 1419 llle
2024 1377 2116 1417 ve-

522 1489 588 1529 ro
619 1472 890 1527 ditescere
936 1477 991 1521 et
1019 1465 1306 1535 superbire
1339 1472 1396 1517 et
1435 1473 1654 1514 omnem
1685 1457 2018 1528 voluptatem
2046 1468 2112 1508 ex

523 1564 832 1623 substantia
899 1561 1161 1630 diligere,
1210 1567 1264 1612 et
1315 1553 1647 1611 adversariis
1707 1551 1906 1606 acriter
1948 1563 2114 1619 repu-

522 1674 713 1731 gnare,
749 1655 902 1710 velut
931 1651 1216 1723 spirituale
1245 1660 1300 1705 et
1347 1647 1590 1704 salutare
1619 1658 1682 1699 ac
1709 1642 1949 1713 paradisi
1979 1657 2110 1697 cau-

523 1745 727 1813 tionale
753 1743 940 1798 tradit.

2209 903 2307 954 καὶ
2333 897 2394 964 ἐξ
2419 898 2726 953 ἀκολάστου
2771 893 3030 963 γλώσσης
3076 890 3172 944 καὶ
3202 886 3433 957 γνώμης
3481 880 3797 951 ἀγνώμονος

2213 990 2610 1064 φθεγγόμενος)
2651 989 2853 1052 παντὸς
2886 985 3104 1056 ἀγαθοῦ
3140 985 3237 1037 καὶ
3258 978 3501 1050 πονηροῦ
3551 975 3642 1028 τὸν
3667 974 3797 1064 Θεὸν

2218 1063 2394 1141 οιῐτιον
2425 1082 2718 1155 τολμηρῶς
2754 1077 3116 1152 τερατεύεται
3146 1075 3193 1109 ⁹⁰
3216 1075 3310 1128 καὶ
3347 1073 3459 1124 πᾶν
3504 1070 3644 1138 ὅπερ
3686 1063 3800 1138 [an

2217 1177 2427 1249 ἐπέλθῃ
2479 1175 2560 1246 τῷ
2620 1173 2920 1243 ἀνθρώπῳ,
2978 1168 3084 1223 κάν
3136 1165 3240 1237 (τε)
3274 1164 3333 1228 ἐξ
3391 1161 3665 1229 ἐπηρείας
3709 1155 3802 1209 τοῦ

2222 1268 2486 1340 πονηροῦ,
2507 1267 2611 1321 κάν
2633 1282 2689 1319 τε
2711 1263 2771 1329 ἐξ
2788 1261 2997 1324 οἰκείας
3015 1257 3290 1330 ῥᾳθυμίας
3313 1253 3410 1308 καὶ
3432 1249 3801 1320 άδιακρισίας,

2215 1363 2320 1431 τῆς
2350 1361 2504 1424 θείας
2554 1359 2716 1412 τοῦτο
2770 1357 3067 1426 τυγχάνειν
3116 1350 3378 1422 προνοίας
3446 1346 3477 1397 ὁ
3509 1345 3804 1414 άλητήριος

2216 1456 2610 1524 ἀποφαίνεται.
2665 1449 2776 1504 Καὶ
2804 1451 2834 1502 ό
2897 1447 2997 1517 μὲν
3029 1442 3386 1516 περιφρονεῖν
3443 1439 3682 1491 πλούτου
3717 1434 3808 1487 καὶ

2216 1546 2670 1617 ταπεινοφρονεϊν
2700 1541 2882 1610 (154⁸)
2908 1540 3003 1594 καὶ
3025 1538 3118 1592 τὸν
3145 1537 3395 1607 ὲνήδονον
3419 1533 3536 1604 βίον
3557 1528 3811 1586 ἀποσείε-

2217 1641 2346 1694 σθαι
2400 1641 2496 1692 καὶ
2545 1637 2620 1709 μὴ
2676 1631 3124 1708 (ἀντ)αποδοῦναι
3189 1628 3357 1683 κακὸν
3443 1626 3571 1680 ἀντὶ
3635 1617 3808 1675 κακοῦ

2216 1729 2680 1804 παρακελεύεται.
2699 1728 2862 1798 596
2887 1727 2946 1783 '0
2962 1725 3020 1779 δὲ
3037 1724 3291 1776 πλουτεῖν
3304 1721 3398 1775 καὶ
3412 1716 3810 1789 ὑψηλοφρονεῖν

523 1802 622 1889 καὶ
660 1837 845 1890 πᾶσαν
879 1833 1078 1906 ἡδονὴν
1137 1833 1204 1886 ὲκ
1252 1831 1577 1900 περιουσίας
1623 1826 1973 1890 ἀσπάζεσθαι
2013 1825 2111 1880 καὶ
2150 1802 2541 1890 ἀντεπεξιὲναι
2606 1821 2815 1892 σφόδρα
2841 1821 2959 1882 τοῖς
2982 1815 3406 1870 ἀντιπίπτουσιν
3466 1810 3545 1874 ὡς
3579 1802 3811 1878 ψυχικδν

523 1931 662 2002 (καὶ)
695 1930 968 2002 σωτήριον
1000 1927 1100 1981 καὶ
1126 1925 1222 1980 τοῦ
1264 1924 1606 1997 παραδείσου
1639 1921 1926 1990 πρόξενον.

598 2026 720 2089 Ast,
767 2039 804 2078 o
851 2025 1004 2078 furor
1053 2031 1109 2076 et
1157 2021 1396 2076 amentia
1453 2018 1749 2086 irrisioque
1797 2014 2120 2088 impostoris

2295 2013 2337 2045 ”
2370 2011 2390 2084 (
2401 2011 2485 2082 12)
2535 2006 2701 2072 Ἀλλ’»
2733 2006 2779 2059 δ)
2813 2005 2913 2077 τῆς
2944 2002 3228 2067 ἀπονοίας,
3257 2001 3353 2055 καὶ
3393 1997 3810 2071 παραπληξίατ,

526 2129 583 2176 ει
611 2119 748 2175 vafri
781 2116 1055 2173 hominis!
1110 2131 1143 2170 ο
1172 2112 1465 2184 stupiditas
1504 2117 1568 2179 ζει
1621 2110 1893 2180 pernicies
1924 2122 2117 2164 eorum

529 2228 671 2285 quos
727 2211 926 2265 misere
961 2207 1218 2264 submisit
1272 2214 1326 2260 et
1367 2219 1542 2274 usque
1576 2203 1742 2258 modo
1771 2199 1989 2258 seduxit
2054 2214 2119 2255 ac

527 2305 779 2375 decepit!
832 2301 950 2358 Non
982 2302 1128 2357 enim
1163 2300 1388 2354 omnino
1437 2298 1753 2368 intelligunt
1800 2295 1892 2351 isti
1930 2293 2120 2350 miseri

531 2413 598 2453 ac
642 2396 823 2452 stolidi
865 2394 1143 2462 nimisque
1180 2389 1556 2461 imprudentes
1606 2390 1660 2444 in
1704 2388 1848 2459 quod
1889 2386 2120 2441 arduum

531 2503 588 2548 et
613 2489 968 2545 tenebrosum
1015 2488 1184 2542 chaos
1223 2493 1277 2540 et
1326 2485 1380 2539 in
1427 2498 1589 2554 quam
1633 2479 1948 2536 Satanicam
1976 2477 2121 2533 Cha-

531 2585 745 2658 rybdim
771 2580 1018 2639 immersi
1048 2581 1160 2637 sint
1193 2589 1246 2634 et
1277 2577 1504 2634 omnino
1537 2575 1736 2638 vorati,
1769 2588 1869 2627 nec
1896 2571 1950 2625 in
1982 2584 2122 2640 quos

530 2673 936 2747 inexpedibiles
963 2688 1028 2728 ac
1074 2670 1485 2726 inextricabiles
1531 2666 1876 2738 labyrintltos
1928 2662 2122 2719 didici-

535 2774 727 2839 lcsque
755 2781 823 2823 ac
853 2764 1141 2822 letbileros
1177 2763 1445 2827 tramites,
1482 2759 1680 2824 allecti,
1715 2757 1913 2812 misere
1933 2754 2123 2819 voluti,

536 2872 590 2919 et
622 2860 906 2919 constricti
947 2867 1002 2916 et
1031 2858 1100 2914 ad
1127 2857 1380 2913 ultimum
1408 2853 1606 2925 perditi
1641 2850 1790 2908 sint?
1821 2849 1947 2906 Ideo
1969 2848 2126 2904 valde

537 2955 712 3011 miror
749 2963 953 3010 tantam
1005 2966 1197 3008 eorum
1264 2947 1635 3018 insipientiam
1685 2953 1742 3000 et
1785 2942 2122 3010 vecordiam,

539 3049 642 3105 etsi
675 3062 740 3104 se
789 3048 1020 3103 credant
1055 3059 1179 3101 esse
1214 3041 1612 3098 solertissimos
1653 3046 1710 3094 et
1761 3034 2128 3108 prudentissi-

539 3157 685 3207 mos,
715 3140 998 3212 quomodo
1043 3155 1153 3193 non
1187 3138 1474 3192 advertant
1523 3134 1690 3204 hujus
1732 3130 1888 3186 vacui
1921 3126 2129 3185 erroris

537 3233 930 3304 praecipitium.
995 3229 1236 3284 Docebat
1284 3227 1432 3282 enim
1502 3241 1627 3280 vere
1691 3223 2013 3293 insipientes
2075 3229 2131 3274 et

542 3329 735 3382 brutos
771 3321 1123 3377 manifestum
1158 3327 1212 3373 et
1241 3317 1450 3372 {cedunt
1497 3315 1566 3371 de
1598 3315 2003 3370 resurrectione
2035 3326 2130 3367 eo-

2225 2106 2322 2161 καὶ
2361 2102 2562 2175 χλεύης
2611 2100 2720 2155 τοῦ
2759 2099 2979 2170 γόητος,
3017 2095 3116 2150 καὶ
3163 2093 3533 2164 παλαμναίου,
3588 2092 3682 2144 καὶ
3715 2091 3815 2158 τῆς

2224 2193 2681 2269 παραφροσύνης,
2710 2193 2806 2245 καὶ
2826 2190 3107 2251 ἀπωλείας
3136 2187 3245 2241 τῶν
3275 2186 3408 2256 παρ’
3428 2183 3604 2240 αὐτοῦ
3626 2180 3818 2243 δεινῶς

2225 2286 2852 2359 ὲξανδραποδισθέντων,
2884 2282 3006 2356 [καὶ
3027 2279 3075 2314 ⁹¹
3106 2280 3270 2352 μέχρι
3300 2278 3462 2349 δεῦρο
3492 2277 3539 2310 ’³
3561 2289 3821 2345 παρασυ-

2228 2382 2476 2454 ρομένων
2511 2380 2607 2435 καὶ
2653 2371 3101 2447 ἀπατωμένωνιι
3143 2403 3215 2413 -
3245 2371 3368 2425 οὐδὲ
3403 2372 3512 2442 γὰρ
3569 2365 3822 2421 συνιοῦσι

2227 2471 2512 2545 (πάμπαν)
2542 2471 2594 2526 οί
2625 2470 2766 2540 ἄγαν
2808 2467 3078 2539 μοχθηροὶ
3112 2467 3206 2519 καὶ
3257 2463 3547 2534 θηριώδεις
3577 2459 3676 2512 καὶ
3704 2457 3826 2510 λίαν

2226 2569 2476 2626 ἁσύνετοι
2525 2568 2608 2632 είς
2663 2568 2817 2620 ποῖον
2845 2566 2893 2597 ’⁸
2924 2563 3164 2634 χαλεπὸν
3203 2559 3322 2632 (καὶ
3367 2555 3624 2626 ζοφερὸν)
3690 2555 3828 2625 χάος

2228 2665 2323 2719 καὶ
2355 2662 2658 2730 σατανικην
2709 2657 2990 2729 Χάρυϐδιν
3016 2657 3062 2693 ⁸⁸
3115 2649 3630 2718 κατεποντίσθησαν
3655 2649 3704 2680 ⁸⁸
3733 2646 3832 2699 καὶ

2228 2757 2436 2811 τέλειον
2465 2752 2860 2824 κατεπόθησαν
2888 2751 2932 2782 ’⁷
2959 2748 3055 2803 καὶ
3102 2748 3182 2810 είς
3213 2745 3361 2807 οἴους
3406 2740 3694 2812 ἀφύκτους
3732 2739 3835 2792 καὶ⁸

2229 2845 2636 2915 ἀδιεξοδεύτους
2660 2841 3021 2913 λαϐυρίνθους
3057 2841 3152 2893 καὶ⁵
3184 2837 3487 2898 δυσϐάτους
3539 2831 3836 2904 ἀτραποὺς

2231 2944 2328 2998 καὶ
2357 2939 2741 3014 ψυχοφθόρους
2792 2935 3218 3007 φενακισθέντες
3274 2929 3529 2992 ἐλεεινῶς
3580 2926 3836 2994 ἐξεκυλί-

2245 3039 2452 3108 οθησαν
2499 3035 2596 3090 καὶ
2629 3032 3041 3103 συνεσχέθησαν
3072 3026 3485 3098 ὑποφθσρέντες
3515 3025 3598 3088 είς
3631 3024 3790 3088 τέλος
3815 3038 3829 3054 ·

2231 3131 2313 3185 διδ
2341 3129 2523 3184 τοίνυν
2553 3127 2601 3160 ’⁸
2622 3123 2927 3197 θαυμάζειν
2949 3123 3073 3176 λίαν
3095 3120 3275 3175 ἔπεισί
3299 3136 3393 3190 μοι
3423 3117 3524 3188 τὴν
3545 3115 3830 3187 τοσαύτην

2233 3222 2460 3291 ἀλογίαν
2491 3219 2587 3273 καὶ
2619 3215 2991 3285 ἀναισθησίαν
3043 3213 3249 3279 αὐτῶν,
3306 3211 3518 3282 καίπερ
3558 3211 3832 3280 οἰομένων

2235 3312 2700 3384 ὲντρεχεστάτους
2734 3308 2963 3375 ἑαυτοὺς
2989 3302 3248 3361 εἶναικαὶ
3282 3303 3683 3373 λογιωτάτους,
3713 3300 3833 3364 πῶς

543 3430 670 3468 rum
701 3415 960 3479 laqueum
982 3422 1300 3479 agnoscere,
1340 3405 1488 3476 quod
1519 3418 1714 3473 nempe
1735 3403 1840 3458 cibi
1857 3410 2124 3472 potusque

2235 3404 2297 3457 οὐ
2331 3400 2660 3458 κατανοοῦσι
2687 3403 2790 3472 τῆς
2813 3399 2982 3466 κενῆς
3005 3399 3223 3470 ἀπάτης
3249 3397 3433 3452 αὐτῶν
3456 3397 3553 3450 τὸν
3569 3395 3790 3449 ὄλισθον
3817 3411 3833 3461 ;

543 3501 966 3575 participatione
1025 3499 1335 3556 sensualem
1401 3505 1456 3552 et
1495 3493 1911 3565 corruptibilcm
1966 3494 2129 3547 vitam

541 3607 730 3654 essent
759 3595 1026 3663 habituri,
1053 3602 1106 3649 et
1130 3591 1442 3648 necessario
1473 3589 1814 3660 corruptioni
1845 3588 2133 3659 subiacere

541 3700 598 3745 et
624 3691 836 3745 ratione
867 3687 1226 3758 consequenti
1271 3686 1410 3740 mori
1445 3683 1707 3739 deberent
1747 3699 1761 3735 :
1793 3681 2134 3751 impossibile

545 3779 695 3834 enim
725 3787 812 3834 est
845 3775 1253 3847 corruptibilem
1284 3775 1376 3844 qui
1405 3772 1527 3828 cibo
1557 3787 1620 3826 ac
1646 3770 1798 3842 potui
1826 3770 2136 3826 communi-

543 3879 633 3927 cat
659 3871 886 3926 omnino
923 3865 1392 3938 incorruptibilcm
1424 3872 1478 3918 et
1509 3864 1874 3918 immortalem
1907 3875 2127 3931 perma-

542 3978 695 4020 nere.
727 3962 794 4018 Et
821 3974 952 4017 tunc
985 3960 1076 4016 ubi
1109 3960 1328 4015 tandem
1362 3957 1527 4011 vitam
1559 3964 1822 4010 aeternam
1854 3962 1963 4008 tam
1985 3953 2134 4008 desi-

542 4056 791 4109 deratam
831 4061 888 4108 et
913 4053 1071 4124 juxta
1125 4051 1341 4106 divinas
1392 4049 1708 4120 Scripturas
1739 4047 2134 4112 immortalem,

545 4147 869 4216 promissam
927 4144 1218 4212 lidelibus,
1265 4143 1525 4198 mortales
1575 4141 1760 4196 anima
1800 4150 1856 4196 et
1907 4154 2138 4211 corpore

544 4244 956 4308 consequentur
979 4236 1003 4290 ‘l

2238 3499 2387 3552 Ἔδει
2421 3499 2554 3568 γὰρ,
2599 3496 2705 3550 ἔδει
2731 3495 2859 3559 τοὺς
2910 3494 3079 3558 ὅντως
3131 3495 3370 3564 ἄφρονας
3404 3491 3503 3545 καὶ
3541 3491 3837 3562 βοσκημά-

2233 3591 2427 3653 τώδεις
2451 3589 2755 3660 ἐπιγνῶναι
2799 3589 2892 3642 τόν
2925 3588 3056 3658 περὶ
3089 3587 3189 3658 τῆς
3245 3587 3605 3648 ἀναστάσεως
3655 3583 3839 3638 αὐτῶν

2235 3681 2500 3754 πρόδηλον
2516 3683 2611 3736 καὶ
2629 3681 2876 3753 μυσαρὸν
2897 3680 3110 3752 βρόχον,
3124 3681 3320 3751 ὅτιπερ
3343 3680 3432 3731 διὰ
3451 3677 3724 3749 βρώσεως
3744 3677 3841 3731 καὶ

2243 3778 2454 3840 πόσεως
2472 3776 2761 3848 (αἰσθητήν
2777 3792 2834 3829 τε
2873 3777 2966 3828 καὶ
3009 3773 3256 3846 φθαρτὴν
3296 3773 3480 3838 ἕξουσι
3524 3773 3842 3844 τηνικαῦτα

2235 3868 2336 3937 τὴν
2353 3867 2498 3938 ζωὴν
2520 3867 2616 3919 καὶ
2630 3866 2849 3935 ἀνάγκη
2869 3863 3034 3917 πάλιν
3055 3860 3258 3926 αὐτοὺς
3272 3865 3337 3934 τῇ
3359 3865 3544 3935 φθορᾷ
3561 3864 3843 3920 δουλεύειν

2239 3963 2336 4016 καὶ
2361 3961 2618 4032 θνήσκειν
2673 3961 2819 4015 κατὰ
2852 3959 2947 4013 τὸν
2989 3960 3205 4023 τούτοις
3259 3958 3568 4014 ἀκόλουθον
3636 3961 3801 4030 λόγον
3828 3975 3841 3988 ·

2240 4053 2527 4124 ἀμήχανον
2563 4051 2675 4124 γάρ
2706 4051 2799 4105 τὸν
2827 4051 3092 4123 φθαρτὸν,
3127 4049 3388 4122 βρώσεως
3437 4050 3543 4103 καὶ
3598 4052 3843 4119 πόσεως)

2245 4146 2302 4197 ὲν
2337 4143 2602 4215 μετουσίᾳ
2635 4143 2978 4215 τυγχάνοντα
3006 4143 3076 4207 ”,
3111 4143 3393 4212 ἄφθαρτον
3449 4145 3699 4199 καθόλου
3752 4146 3846 4198 καὶ

2247 4236 2516 4290 ἀθάνατον
2541 4237 2822 4306 διαμεῖναι
2843 4253 2858 4267 ο
2910 4237 3006 4290 καὶ
3038 4235 3171 4288 πότε
3203 4237 3300 4289 καὶ
3346 4233 3454 4288 ποῦ
3513 4237 3713 4291 λοιπὸν
3748 4236 3848 4306 τὴν

545 4331 1150 4404 ἀποκαραδοκουμένην
1189 4329 1336 4400 ζωὴν
1381 4326 1603 4382 αἰώνιον
1643 4327 1743 4381 καὶ
1813 4326 2164 4398 ἀκέραστον¹
2205 4332 2320 4396 τοῖς
2390 4333 2608 4395 πιστοῖς
2661 4329 2805 4386 κατά
2857 4331 2956 4393 τάς
3004 4329 3156 4394 θείας
3208 4328 3434 4402 Γραφάς
3489 4332 3544 4384 οἱ
3603 4332 3796 4403 θνητοὶ
3827 4334 3847 4363 ⁸

547 4423 696 4494 ψυχῇ
721 4426 817 4477 καὶ
852 4424 1068 4494 σώματι
1093 4422 1377 4489 τεύξονται

622 4522 690 4575 Et
718 4522 944 4591 insuper
975 4520 1153 4574 sciant
1194 4519 1248 4573 hi
1276 4519 1381 4574 (ide
1414 4518 1716 4576 imbecilles
1739 4529 1794 4576 et
1820 4521 2009 4578 miseri
2041 4537 2136 4592 qui

2318 4516 2484 4582 ³(13)
2521 4517 2632 4570 Καὶ
2677 4516 2817 4587 πρὸς
2856 4517 3034 4588 τούτῳ
3081 4519 3322 4571 ἴστωσαν
3373 4517 3424 4570 oi
3494 4519 3851 4590 ὀλιγόπιστοι

551 4614 799 4670 nondum
838 4625 1014 4680 usque
1051 4609 1120 4664 ad
1159 4609 1483 4665 hodiernam
1517 4611 1662 4666 diem
1704 4625 1806 4667 suo
1834 4611 2062 4682 antiquo
2087 4624 2124 4667 el

2245 4611 2344 4664 καὶ
2371 4609 2602 4674 τάλανες
2660 4610 2736 4674 ὼς
2798 4608 3012 4664 οὐδέπω
3055 4610 3222 4680 μέχρι
3277 4609 3379 4680 τῆς
3404 4610 3425 4641 ⁸
3456 4613 3717 4686 σήμερον
3749 4614 3850 4684 τῆς

553 4705 726 4776 impio
774 4717 962 4758 errore
1009 4700 1221 4756 liberati
1271 4711 1422 4767 sunt,
1472 4704 1567 4758 sed
1613 4703 1717 4758 sub
1749 4704 1967 4774 pietatis
2019 4719 2124 4774 spe-

2248 4703 2486 4800 παλαιᾶς
2541 4702 2727 4757 αὐτῶν
2786 4703 2886 4757 καὶ
2925 4702 3090 4758 ἀθέου
3150 4703 3368 4776 πλάνης
3403 4705 3850 4780 ἀπηλλάγησαν,

554 4798 640 4854 cie
686 4796 919 4852 latenter
967 4791 1130 4850 idolis
1175 4791 1441 4858 serviunt,
1466 4809 1581 4851 sua:
1624 4809 1682 4850 se
1712 4796 1994 4867 religionis
2039 4797 2141 4851 do-

555 4887 667 4944 lum
713 4903 746 4943 a
793 4886 1034 4958 pessimo
1059 4887 1310 4942 daemone
1342 4887 1723 4944 absconditum
1769 4889 2142 4958 imprudentes

556 4991 614 5036 et
676 4981 904 5038 stolidos
958 4996 1068 5037 non
1123 4995 1442 5052 agnoscere.
1508 4981 1647 5036 Olim
1707 4981 1853 5035 enim
1916 4980 2146 5036 idolola-

2244 4791 2362 4846 ἀλλ’
2418 4793 2476 4844 ἐν
2558 4791 2916 4864 προσχήματι
2989 4792 3308 4856 θεοσεϐείας
3379 4793 3854 4868 είδωλολατροῦσι

2245 4883 2554 4954 λεληθότως
2578 4887 2675 4940 καὶ
2704 4888 2798 4941 τὸν
2847 4887 3305 4958 ἐγκεκρυμμένον
3338 4885 3440 4957 τῆς
3482 4887 3807 4960 θρησκείας
3832 4890 3854 4920 ⁸

2248 4977 2431 5031 αὐτῶν
2492 4977 2645 5032 δόλον
2698 4979 2795 5032 τοῦ
2853 4978 3014 5050 597
3059 4979 3375 5050 ἀρχεκάκου
3415 4977 3691 5050 δαίμονος
3743 4979 3856 5034 οὐδ’

561 5081 660 5127 me
703 5074 752 5128 ei
803 5089 927 5143 quae
978 5074 1122 5145 apud
1178 5071 1398 5130 Graecos
1453 5073 1754 5144 Aphrodita
1808 5073 2036 5140 dicitur,
2091 5073 2124 5128 it

2249 5070 2386 5134 ὅλως
2412 5072 2461 5123 oi
2492 5071 2817 5125 ἀνούστατοι
2841 5073 2937 5125 καὶ
2962 5071 3315 5141 ἀπόπληκτοι
3345 5069 3852 5139 ἐπιγινώσκουσιν

562 5173 686 5228 est,
724 5164 1026 5234 voluptati,
1067 5166 1402 5232 servientes,
1457 5164 1615 5234 cujus
1660 5175 1865 5218 astrum
1903 5177 2023 5216 esse
2066 5162 2145 5216 lu-

564 5255 792 5313 cil'erum
835 5261 1167 5329 fabulantur,
1208 5275 1371 5330 quam
1416 5259 1579 5314 etiam
1623 5258 1675 5312 in
1711 5273 1809 5314 sua
1846 5257 2136 5313 borrisona

2252 5168 2424 5222 πάλαι
2461 5171 2562 5240 μὲν
2597 5169 2619 5200 ⁸
2659 5166 3166 5238 είδολολατροῦντες
3197 5166 3293 5220 καὶ
3322 5168 3386 5236 τῇ
3415 5167 3555 5237 παρ’
3581 5167 3857 5238 ’Ἓλλησιν

2264 5261 2600 5336 Ἀφροδίτῃτ
2639 5260 2913 5330 λεγομένῃ
2971 5257 3220 5312 τουτέστι
3270 5260 3338 5330 τῇ
3370 5258 3538 5332 ἡδονῇ
3595 5277 3859 5332 προσκυ-

1771 5426 1972 5490 Varite
1999 5427 2307 5493 lectiones
2336 5439 2398 5494 et
2437 5438 2624 5493 notm.

633 5593 678 5668 '7'
709 5587 981 5668 excidet.
1007 5584 1159 5668 Ced.7
1177 5583 1225 5618 ’τ’
1245 5583 1585 5668 ἀγριωτέρου
1615 5584 1896 5668 Scholionz
1929 5561 2027 5667 καὶ
2048 5586 2124 5668 λίπε

2232 5627 2241 5640 .
2269 5585 2406 5668 geri.
2479 5585 2526 5668 ξς
2557 5602 2608 5668 τ.
2634 5582 3164 5668 ἀπρφθεγγεταιῃκαὶί
3202 5583 3336 5668 (Sed;
3372 5584 3416 5668 ’7‘
3438 5581 3578 5668 ged.
3612 5581 3865 5668 74§.9—

567 5663 754 5728 πω.
832 5660 876 5690 ⁹²
903 5658 958 5710 in
990 5657 1234 5724 margine
1261 5651 1558 5728 a’7'secunda
1586 5672 1772 5711 manu.
1800 5727 1808 5728 7
1850 5658 1897 5690 "
1923 5657 2018 5728 νῦν
2059 5658 2124 5712 Ce

2240 5657 2316 5728 7”
2336 5651 2448 5728 οἷον
2477 5654 2608 5710 Ced.
2631 5724 2644 5728 _
2687 5651 3007 5728 "aulide;
3031 5654 3277 5724 ὀλέθριον
3303 5653 3596 5728 Scholion.
3646 5657 3741 5728 77"7
3758 5673 3862 5708 xa-

569 5724 791 5801 τηκοντ.
831 5728 956 5814 cod.
1034 5728 1078 5759 ⁹⁷
1111 5727 1426 5812 κατεπθωτ.
1455 5726 1579 5780 cod.
1667 5729 1715 5760 ³⁸
1745 5727 1826 5781 διδ
1858 5729 1950 5782 καὶ
1978 5727 2029 5780 θ.
2063 5729 2197 5782 Ced.
2226 5725 2414 5779 ἔπεισέ
2443 5743 2512 5796 με
2544 5724 2671 5781 cod.
2745 5724 2792 5759 ’θ
2823 5724 2925 5796 τυγ

569 5819 654 5853 τοι
688 5817 781 5853 κα.
817 5798 1083 5852 ἀθάνατοι
1107 5814 1211 5868 και
1235 5797 1548 5867 διαμενουσι
1581 5797 1713 5854 (led.
1794 5801 1810 5829 ¹
1839 5798 2130 5868 ἀκοίρατον
2152 5799 2273 5852 cod.
2316 5867 2323 5868 7
2352 5797 2372 5827 ¹
2408 5798 2503 5851 καί
2557 5796 2681 5852 add.
2722 5797 2854 5852 Ccd.
2913 5867 2920 5868 7

569 5797 654 5853 τοι
688 5817 781 5853 κα.
817 5798 1083 5852 ἀθάνατοι
1107 5797 1203 5849 καὶ
1235 5797 1548 5867 διαμένουσι
1581 5797 1713 5854 Ced.

2929 5725 3051 5795 χάν.
3090 5728 3212 5781 cod.
3231 5727 3608 5796 τυγχάνοντες
3636 5725 3862 5796 ἄφθαρ-

2956 5793 3128 5854 'Ced.
3182 5793 3522 5866 744,444.
3611 5797 3632 5829 ι
3669 5793 3865 5866 an».

571 5874 817 5940 τήμερον
846 5869 978 5924 Ced.
1057 5869 1080 5900 ⁵
1100 5869 1166 5938 τῇ
1197 5867 1465 5939 θρησκείᾳ
1495 5869 1624 5924 (ἰθύ.
1701 5871 1722 5901 ⁸
1759 5868 1867 5939 γάρ
1896 5867 2021 5925 add.
2049 5869 2121 5924 Cc

2257 5869 2275 5900 "
2313 5867 2644 5940 ’Λφροδίτιδι
2679 5868 2796 5939 λεγ.
2822 5867 2946 5925 cod.
