4064 6410
260 381 375 445 929

1489 380 1954 442 CHRONHION.
1990 410 2057 419 --
2095 383 2259 443 HD.-
2286 384 2384 443 ιν.

3450 390 3554 451 930

264 507 427 562 μενος
469 488 671 543 αὐτίκα
702 488 793 542 τὸν
836 489 1188 561 πατριάρχην
1217 490 1522 559 διηγήσατο
1553 490 1692 561 μετὰ
1724 491 1848 542 πολ-

1959 508 2080 544 ciini
2113 492 2303 544 multis
2335 493 2588 563 laciymis
2625 509 2737 548 n:ee
2773 503 2953 549 narrat
2986 513 2996 547 :
3040 514 3056 547 ι
3099 494 3227 550 Mihi
3267 496 3366 549 hac
3396 506 3554 551 nocte

258 582 371 635 λῶν
393 580 648 651 δακρύων
676 579 912 634 ἐνώπιον
943 582 1146 645 παντὸς
1174 582 1267 633 τοῦ
1284 580 1416 634 λαοῦ
1450 581 1625 648 λέγων
1643 579 1817 642 οὕτως
1836 598 1848 609 ’

269 696 289 727 ι
326 673 620 745 Θεωρῆσαί
674 691 766 745 μοι
811 674 855 705 ⁸¹
884 677 950 746 τῇ
998 676 1152 727 νυκτὶ
1197 673 1373 745 ταύτῃ
1423 674 1852 745 προσευχομὲνῳ

260 768 405 820 κατὰ
453 766 605 821 θείαν
655 767 921 820 ἔκστασιν
973 768 1141 820 τόπον
1190 768 1336 832 τινὰ,
1388 771 1450 819 ἐκ
1504 767 1697 832 δεξιῶν
1753 768 1852 836 μὲν

257 859 456 928 ἔχοντα
495 859 829 929 παράδεισον
852 859 1191 929 άνεξήγητον
1216 859 1411 921 κάλλος
1434 858 1849 930 περικείμενον,

257 949 319 1013 ἐξ
356 948 657 1018 εὐωνύμων
702 947 863 1020 641
914 949 971 1001 δὲ
1026 950 1281 1019 κάμινον,
1334 944 1469 1021 ἦςή
1519 947 1652 1017 φλὸξ
1684 950 1850 1019 μέχρι

255 1040 369 1091 τῶν
405 1040 643 1108 νεφελῶν
671 1042 968 1110 άνήρχετο,
1005 1044 1097 1093 καὶ
1128 1042 1221 1094 τὸν
1251 1043 1658 1112 τελευτήσαντα
1684 1042 1849 1094 πλού-

259 1148 377 1183 σιον
403 1132 593 1184 τοῦτον
625 1132 791 1201 μέσον
843 1131 938 1184 τοῦ
973 1132 1310 1203 παραδείσου
1344 1133 1440 1185 καὶ
1470 1135 1571 1202 τῆς
1609 1132 1849 1201 φοὸερᾶς

259 1226 555 1292 ίστάμενον
581 1224 840 1294 καμίνου,
868 1226 964 1277 καὶ
984 1225 1158 1278 πολλὰ
1184 1227 1510 1287 στενάζοντα
1537 1226 1633 1278 καὶ
1668 1226 1848 1278 πυκνὰ

258 1316 401 1387 πρὸς
435 1317 525 1368 τὸν
554 1318 890 1388 παράδ;ισον
939 1317 1327 1371 ἀποϐλέποντα
1350 1335 1363 1348 ⁸
1402 1319 1458 1369 ὲν
1501 1318 1577 1387 τῷ
1605 1316 1696 1369 οὖν
1728 1334 1849 1369 στεο

257 1408 446 1470 νάζειν
475 1406 642 1460 αὑτὸν
674 1409 771 1459 καὶ
812 1406 1127 1476 ὀδύρεσθαι,
1162 1407 1274 1477 ὁρῶ
1301 1423 1424 1458 τινα
1455 1406 1849 1475 λαμπροφόρον

256 1500 565 1553 ἐπιστάντα
588 1499 687 1551 καὶ
709 1499 942 1566 λέγοντα
968 1499 1105 1567 πρὸς
1140 1499 1304 1551 αὐτόν
1324 1514 1337 1527 ·
1372 1516 1391 1549 ‹
1422 1498 1486 1549 Τί
1518 1497 1697 1567 μάτην
1729 1513 1850 1548 στε-

257 1590 467 1654 νάζεις,
492 1591 779 1661 ἄνθρωπε;
812 1590 920 1642 ἰδοὺ
953 1591 1063 1661 γάρ
1097 1590 1186 1643 διὰ
1209 1590 1308 1661 τήν
1341 1590 1717 1660 ἐλεημοσύνην
1753 1605 1845 1640 σου

255 1684 578 1756 ἑλυτρώθης
602 1686 699 1755 τῆς
732 1686 987 1754 γεέννης,
1024 1684 1111 1737 διὰ
1143 1684 1199 1736 δὲ
1235 1683 1297 1736 τὸ
1334 1683 1409 1755 μὴ
1448 1683 1757 1753 ἀποστῆναί
1788 1699 1844 1734 σε

254 1779 358 1847 τῆς
407 1777 724 1847 ἀκαθάρτου
762 1779 856 1831 καὶ
904 1777 1167 1847 βδελυρᾶς
1217 1777 1500 1846 πορνείας,
1538 1775 1844 1846 ἐστερήθης

1962 588 2202 653 precanti
2280 601 2373 654 per
2437 586 2678 639 divinam
2746 589 3010 640 exstasim
3073 588 3260 641 videre
3332 586 3559 657 contigit

1962 679 2141 732 locum
2196 678 2487 747 quemdam
2548 679 2707 748 cujus
2759 680 2824 732 ad
2875 690 3081 747 partem
3137 680 3383 733 dextram
3438 690 3557 733 erat

1959 770 2247 838 paradisus
2311 771 2664 826 inenarrabili
2714 781 2944 827 ornatus
2986 771 3438 841 pulchritudine;
3489 772 3555 825 ad

1959 862 2243 917 sinistram
2280 878 2409 916 vero
2430 862 2619 917 foriiax
2654 864 2814 934 cujus
2840 864 3060 918 flamina
3086 878 3264 932 usque
3280 863 3345 916 ad
3378 864 3554 917 nubes

1956 952 2307 1006 ascendebat.
2349 952 2651 1009 Defunctus
2681 953 2856 1019 dives,
2893 954 3105 1007 medius
3129 963 3282 1007 stans
3329 953 3547 1022 paiadi-

1959 1061 2081 1098 smn
2118 1046 2260 1099 inter
2288 1061 2355 1099 ac
2392 1046 2731 1100 tremendam
2762 1046 3067 1113 fornacem,
3101 1048 3333 1101 multum
3368 1060 3552 1114 geme-

1963 1138 2128 1191 hatet
2152 1139 2347 1192 crebro
2396 1138 2712 1207 paradisum
2763 1138 3111 1209 respiciebat.
3168 1136 3305 1191 Dum
3348 1137 3429 1191 sic
3472 1137 3553 1191 la-

1958 1239 2236 1285 mentatur
2312 1240 2367 1285 et
2430 1231 2621 1300 cjnlai,
2687 1231 2843 1285 video
2920 1231 3211 1301 quemdam
3272 1230 3554 1298 splendide

1965 1324 2220 1376 vestitum
2280 1324 2327 1376 ei
2389 1333 2659 1377 astantem
2723 1338 2787 1376 ac
2859 1323 3129 1376 dicentem
3179 1340 3248 1375 ει
3286 1322 3424 1387 Quid
3470 1323 3555 1375 iii-

1954 1428 2171 1467 eassum
2222 1413 2423 1483 ploras,
2474 1413 2680 1467 homo?
2724 1413 2861 1467 Ecce
2917 1414 3064 1466 enim
3124 1421 3345 1482 propter
3404 1414 3552 1466 elec-

1960 1521 2244 1576 niosynam
2279 1516 2429 1560 tuam
2453 1508 2765 1576 redemptus
2791 1522 2850 1561 es
2882 1523 2911 1559 a
2943 1506 3190 1576 gelienna
3219 1522 3233 1571 ;
3269 1508 3395 1574 quia
3424 1520 3555 1560 vero

1953 1612 2061 1650 non
2106 1599 2363 1651 destitisti
2410 1600 2476 1651 ab
2525 1599 2739 1667 impura
2790 1607 2844 1651 et
2892 1599 3112 1651 sordida
3157 1596 3552 1661 fornicatione.

1963 1690 2221 1757 paradiso
2257 1691 2505 1759 privatus
2548 1705 2629 1745 es.
2672 1709 2689 1741 ι
2727 1689 2824 1743 His
2869 1689 3093 1751 auditis,
3145 1690 3452 1757 patriarcha
3500 1701 3553 1743 et

1950 1783 2043 1853 qui
2080 1798 2206 1838 cum
2243 1800 2308 1838 eo
2339 1786 2589 1846 aderant,
2623 1798 2824 1852 magno
2851 1792 3060 1836 terrore
3095 1783 3355 1850 perculsi,
3391 1783 3459 1835 ad
3491 1798 3551 1836 se

252 1874 349 1928 τοῦ
394 1874 749 1945 παραδείσου.
789 1894 806 1925 ι
852 1904 922 1914 -—
958 1873 1070 1926 Καὶ
1100 1873 1278 1926 ταῦτα
1321 1872 1349 1924 ὅ
1400 1888 1458 1924 τε
1500 1872 1847 1940 πατριάρχης

1959 1874 2191 1927 invicem
2222 1874 2481 1928 dicebant
2517 1892 2529 1926 :
2570 1894 2587 1923 ι
2622 1873 2813 1927 Justus
2845 1890 2928 1936 es,
2970 1872 3220 1936 Domine,
3250 1881 3304 1925 et
3338 1883 3547 1927 tectum

255 1967 353 2017 καὶ
386 1968 433 2017 οἱ
469 1966 567 2017 σὺν
610 1965 764 2034 αὐτῷ
797 1964 1157 2027 ἀκούσαντες,
1191 1964 1345 2033 φόϐῳ
1385 1962 1611 2034 μεγάλῳ
1648 1978 1845 2030 συσχε-

252 2057 463 2121 θέντες,
502 2058 641 2128 πρὸς
680 2057 949 2127 ἀλλήλους
983 2057 1170 2125 ἔλεγον
1195 2072 1208 2087 ·
1253 2076 1271 2109 ι
1312 2057 1532 2120 Δίκαιος
1558 2056 1604 2085 ³¹
1630 2050 1700 2119 εἷ,
1733 2054 1847 2108 Κύ-

255 2167 366 2220 ριε,
398 2150 491 2201 καὶ
528 2150 706 2212 εύθείς
743 2152 798 2203 αἱ
837 2150 1053 2220 κρίσεις
1098 2166 1216 2205 σου.
1257 2170 1275 2201 ι
1310 2152 1547 2214 Δικαίως
1572 2148 1668 2203 οὖν
1692 2151 1788 2202 καὶ
1818 2152 1845 2203 ὁ

267 2245 597 2305 ’Ἀποστολος
632 2244 786 2311 ἔλεγε
823 2243 868 2274 ⁸³
891 2259 907 2274 ο
944 2262 961 2293 ‹
992 2244 1229 2311 Φεύγετε
1260 2245 1361 2315 τήν
1408 2246 1667 2314 πορνείαν
1688 2259 1703 2273 ο
1737 2244 1846 2296 πᾶν

256 2336 573 2403 ἁμάρτημα
608 2333 635 2386 ὃ
667 2335 764 2386 ἐὰν
813 2335 1018 2404 ποιήσῃ
1052 2334 1363 2407 ἄνθρωπος,
1395 2334 1554 2397 ἐκτὸς
1600 2333 1694 2387 τοῦ
1736 2335 1845 2387 σώ-

259 2426 431 2494 ματος
487 2428 666 2476 ἐστιν·
720 2426 747 2476 ὁ
809 2423 864 2476 δὲ
918 2424 1201 2495 πορνεύων
1255 2427 1334 2486 είς
1391 2426 1453 2477 τὸ
1496 2425 1625 2477 ἱ’δ.ον
1686 2424 1847 2495 σῶμα

257 2518 586 2585 ἁμαρτάνει.
620 2536 637 2567 ι
677 2518 783 2569 Καὶ
824 2518 934 2587 γὰρ
961 2518 989 2569 ὁ
1019 2517 1153 2580 Θεὸς
1188 2519 1245 2570 ὲν
1271 2518 1350 2588 τῷ
1375 2520 1526 2590 νόμῳ
1555 2519 1849 2589 παρεγγυᾷ

263 2610 566 2679 φάσκων-³ι
586 2610 842 2664 «Γίνεσθε
866 2610 1038 2678 ἅγιοι,
1061 2612 1143 2664 ὅτι
1164 2612 1275 2679 ἐγὼ
1297 2614 1637 2683 ἆγιόςείμιοι
1662 2611 1773 2664 καί·
1800 2611 1847 2642 ³⁵

264 2706 365 2757 «ού
385 2704 782 2777 πορνεύσῃς,ού
812 2705 1270 2777 μοιχεύσῃςσικαί
1288 2706 1354 2737 ’³⁸
1381 2706 1524 2758 ιΟύκ
1546 2708 1696 2758 ἔσται
1720 2722 1851 2775 πορ-

257 2798 379 2850 νεία
404 2799 511 2851 ἀπὸ
535 2799 857 2868 θυγατέρων
892 2798 1133 2868 Ἰσραήλ,
1155 2799 1248 2851 καὶ
1269 2798 1366 2850 οὐκ
1384 2799 1538 2851 ἔσται
1562 2798 1845 2870 πορνεία⁸⁷

259 2890 371 2941 ἀπὸ
412 2890 543 2942 υἱῶν
590 2890 834 2960 Ἰσραήλ.
876 2908 895 2941 ι
932 2919 1002 2929 -
1031 2889 1142 2941 Ποῦ
1186 2889 1281 2942 νῦν
1318 2892 1455 2943 είσιν
1486 2890 1536 2943 οἱ
1567 2890 1843 2958 λέγοντες,

266 2983 351 3033 ’ὁτι
382 2981 501 3032 Κᾶν
528 2984 830 3051 πορνεύσω,
848 2982 989 3035 ποιῶ
1024 2981 1422 3053 ἐλεημοσύνην,
1449 2985 1545 3034 καὶ
1572 2981 1843 3052 σώζομαις

286 3074 345 3126 ’0
403 3082 510 3145 γάρ
561 3077 726 3141 ὅντως
784 3079 1039 3149 ἐλεήμων
1114 3076 1309 3130 ἑαυτὸν
1364 3076 1572 3146 ὀφείλει
1626 3076 1847 3147 πρῶτον

261 3167 484 3233 ἐλεῆσαι
511 3185 523 3198 ο
574 3172 893 3241 γέγραπται
931 3170 976 3201 ³⁸
1012 3170 1157 3241 γάρ⁸
1208 3191 1225 3220 ι
1264 3168 1504 3222 Διώκετε
1556 3169 1655 3241 τὴν
1688 3168 1846 3239 ἐλεη-

1954 1967 2225 2034 judicium
2254 1976 2430 2020 tuum.
2468 1983 2487 2016 ›
2528 1965 2721 2019 Merito
2755 1967 2924 2034 igitur
2958 1966 3178 2019 dicebat
3202 1965 3498 2033 Apostolus
3534 1981 3548 2017 :

1966 2076 1983 2108 ι
2024 2058 2218 2127 Fugite
2277 2058 2703 2112 fornicationem
2741 2077 2755 2113 :
2793 2073 2957 2111 omne
3010 2067 3317 2125 peccatum,
3371 2057 3553 2124 quod«

1958 2167 2176 2221 cunque
2211 2152 2400 2205 fecerit
2450 2152 2637 2215 homo,
2670 2162 2821 2205 extra
2853 2167 3056 2220 corpus
3090 2159 3211 2210 est:
3244 2150 3338 2219 qui
3366 2158 3550 2203 autem

1960 2243 2283 2309 fornicatur,
2318 2244 2372 2296 iii
2399 2260 2597 2313 Corpus
2625 2260 2785 2297 suum
2833 2254 3049 2313 peccat.
3087 2262 3104 2293 ι
3148 2243 3362 2297 Etenim
3412 2242 3553 2295 Deus

1959 2335 2011 2390 in
2053 2336 2169 2405 lege
2202 2336 2447 2406 prmeipit
2483 2336 2666 2389 dicens
2697 2353 2709 2388 :
2749 2354 2767 2385 ι
2800 2334 2985 2388 Saneti
3022 2343 3221 2399 estote,
3267 2337 3397 2401 quia
3447 2347 3549 2402 ego

1958 2438 2185 2483 sanctus
2229 2444 2389 2493 sum;
2427 2447 2444 2479 ι
2481 2438 2570 2483 et:
2612 2446 2629 2479 ι
2660 2429 2778 2481 Non
2827 2427 3225 2492 fornicaberis;
3262 2440 3369 2479 n0ii
3411 2440 3549 2477 nio:-

1957 2524 2245 2589 chaberis;
2292 2541 2311 2574 ι
2360 2532 2413 2577 et
2459 2540 2522 2576 ιι
2555 2523 2671 2577 Non
2717 2523 2891 2577 aberit
2953 2521 3243 2576 fornicatio
3274 2535 3304 2574 a
3338 2519 3551 2573 filiabus

1960 2614 2160 2678 Israel,
2224 2631 2323 2669 nec
2375 2616 2665 2670 fornicatio
2729 2631 2757 2668 a
2801 2616 2927 2669 filiis
2973 2614 3161 2668 Israel.
3197 2631 3215 2664 ›
3261 2610 3361 2665 Ubi
3404 2629 3551 2664 nunc

1957 2706 2201 2761 dicentes
2232 2722 2244 2757 :
2275 2708 2542 2773 Quamvis
2580 2706 2881 2761 fornicator
2915 2707 3042 2771 sini,
3072 2705 3214 2760 facio
3247 2706 3551 2775 eleem.isy-

1960 2816 2110 2863 nam,
2150 2800 2379 2869 proinde
2412 2801 2596 2853 salvus
2621 2801 2757 2853 ero?
2785 2800 2887 2867 Qui
2922 2801 3068 2853 enim
3091 2815 3216 2854 vere
3237 2801 3552 2854 misericors

1958 2902 2059 2955 est,
2094 2892 2179 2946 sui
2207 2892 2381 2962 ipsius
2412 2894 2651 2962 primum
2677 2894 2837 2948 debet
2863 2896 3108 2948 misereri
3132 2910 3148 2958 ;
3181 2897 3443 2963 scriptum
3469 2902 3553 2949 est

1956 2988 2099 3036 enim
2135 3001 2150 3037 :
2192 3002 2210 3035 ι
2244 2984 2548 3054 Sequimini
2581 2987 2981 3057 eleemosyiiaiii
3008 2997 3061 3041 et
3092 2987 3549 3048 sanctimoniam,

1957 3078 2075 3131 sine
2106 3076 2304 3146 quibus
2332 3092 2496 3133 nemo
2528 3079 2732 3133 videbit
2757 3078 2951 3134 Deum.
2993 3099 3012 3131 ι
3052 3078 3196 3133 Nihil
3231 3080 3393 3149 igitur
3420 3093 3548 3148 pro-

1956 3167 2097 3222 derit
2128 3170 2358 3238 pecunia
2385 3170 2510 3223 data
2547 3170 2615 3223 ab
2668 3169 2967 3225 immundis
3000 3169 3255 3224 manibus
3281 3178 3334 3223 el
3366 3169 3548 3221 anima

264 3259 509 3332 μοσύνην
540 3265 635 3316 καὶ
668 3264 760 3317 τὸν
802 3263 1101 3333 άγιασμὸν,
1145 3256 1221 3316 ὧν
1255 3263 1427 3333 χωρὶς
1450 3261 1627 3325 οὐδεὶς
1652 3262 1844 3331 ὄψεται

1956 3276 2065 3314 non
2115 3263 2418 3331 pmiiitente
2464 3262 2803 3332 iinpurisque
2863 3265 3124 3333 operibus
3177 3264 3457 3332 inquinata
3493 3270 3546 3312 et

255 3353 353 3407 τὸν
389 3356 616 3425 Κύριον.
661 3377 678 3409 ι
728 3357 943 3412 Οὐκοῦν
974 3357 1131 3410 οὐδὲν
1157 3357 1441 3428 ὠφελήσει
1481 3355 1543 3409 τὸ
1580 3356 1845 3427 ἀργύριον

1955 3368 2209 3429 corrupta
2221 3402 2233 3414 .

257 3452 537 3522 διδόμενον
576 3456 639 3507 ὲκ
689 3455 893 3527 χειρῶν
954 3453 1219 3526 ῥυπαρῶν
1264 3455 1361 3508 καὶ
1424 3454 1606 3525 ψυχῆς
1675 3455 2054 3525 ἀμετανοήτου
2104 3458 2285 3528 (IMR)
2357 3457 2451 3508 καὶ
2504 3456 2929 3528 μεμολυσμένης
2999 3456 3094 3508 καὶ
3136 3454 3547 3526 διεφθαρμένης

258 3548 365 3601 ὑπὸ
393 3549 501 3601 τῶν
526 3550 861 3621 ἀκαθάρτων
894 3550 1094 3620 ἔργων.

686 3667 851 3725 ΣΝΒ’.
884 3669 1023 3738 Περὶ
1074 3669 1303 3739 δεσμοῦ
1347 3671 1413 3725 ³⁹.

343 3788 378 3817 ‘°
430 3786 682 3855 Ἐγένετο
739 3786 794 3838 δὲ
848 3787 942 3839 καὶ
992 3787 1052 3839 ἐν
1096 3788 1162 3855 τῇ
1221 3784 1438 3857 μεγάλῃ
1482 3784 1668 3857 Ῥώμῃ
1704 3804 1847 3841 κατα

257 3880 465 3944 ταύτας
500 3879 597 3942 τάς
631 3878 846 3950 ἡμέρας
876 3895 931 3931 τι
972 3878 1219 3932 τοιοῦτον
1242 3895 1254 3908 ·
1286 3880 1537 3949 Μοναχός
1566 3897 1651 3944 τις
1689 3882 1843 3949 ἀφω-

257 3974 524 4045 ρισμένος
548 3972 589 4003 ⁸³
616 3972 723 4025 ὑπὸ
753 3973 1063 4044 Γρηγορίυυ
1093 3972 1187 4025 τοῦ
1211 3973 1374 4027 πάπα
1398 3973 1563 4046 642
1591 3973 1667 4038 ὡς
1692 3974 1844 4045 παρὰ.

2472 3671 2670 3726 CCLII.
2708 3672 2782 3723 De
2805 3673 3027 3726 vinculo.

2054 3805 2090 3842 ii
2120 3788 2311 3843 diebus
2347 3786 2454 3842 illis
2488 3787 2543 3840 in
2572 3801 2766 3855 magna
2811 3785 2985 3839 Roma
3023 3784 3126 3840 hoc
3177 3787 3377 3843 evenit.
3416 3787 3546 3843 Erat

1955 3882 2178 3952 quidam
2221 3879 2526 3935 monachus
2556 3896 2586 3933 a
2617 3877 2886 3948 Gregorio
2924 3892 3059 3947 papa
3094 3881 3545 3935 excommunica-

1952 3985 2061 4042 tus,
2113 3975 2242 4046 quia
2301 3974 2590 4042 heguineni
2636 3972 2811 4042 jussis
2853 3979 2909 4025 et
2960 3971 3162 4040 regula:
3226 3972 3544 4028 monasterii

252 4065 486 4135 γνώμην
521 4065 612 4117 τοῦ
654 4065 968 4135 ἡγουμένου
1011 4064 1178 4119 αὑτοῦ
1214 4066 1311 4118 καὶ
1346 4068 1501 4136 παρὰ
1523 4065 1614 4119 τὸν
1641 4065 1846 4136 θεσμὸν

1956 4069 2193 4139 ejusdem
2225 4065 2475 4136 Gregorii
2504 4080 2612 4119 non
2647 4064 3137 4132 obtemperaverat.
3177 4062 3308 4118 Post
3339 4079 3544 4131 paucos

251 4156 353 4208 τοῦ
402 4158 775 4227 μοναστηρίου
824 4155 920 4209 τοῦ
966 4154 1134 4209 αὑτοῦ
1166 4155 1475 4227 Γρηγορίου
1506 4156 1741 4225 ποιήσας
1776 4158 1843 4210 θ’.

254 4249 399 4301 Μετ’
430 4248 618 4315 ὀλίγας
669 4245 762 4302 οὖν
809 4247 1030 4317 ἡμέρας
1063 4245 1419 4318 ἐτελεύτησεν
1454 4249 1482 4299 ὁ
1522 4246 1841 4318 ἁφορισθεὶς

256 4343 497 4413 μοναχὸς
518 4358 531 4371 ·
564 4343 701 4411 ὅπερ
739 4340 980 4402 ἀκούσας
1016 4344 1043 4392 ὁ
1073 4339 1262 4403 πάπας
1292 4340 1548 4410 μεγάλως
1572 4340 1840 4410 ἐλυπήθη,

255 4439 347 4489 ὅτι
381 4435 587 4506 ἀπῆλθε
626 4434 949 4506 δεδεμένος·
988 4436 1081 4489 καὶ
1120 4433 1339 4505 γράψας
1380 4436 1438 4486 ὲν
1466 4434 1645 4507 χάρτῃ
1678 4435 1845 4505 εὐχὴν

254 4530 495 4582 λύουσαν
538 4529 701 4581 αὑτὸν
736 4528 830 4581 τοῦ
864 4528 1090 4598 δεσμοῦ,
1115 4527 1288 4580 ἔδωκέ
1311 4543 1419 4579 τινι
1442 4527 1553 4579 τῶν
1580 4527 1844 4581 διακόνων

1949 4162 2064 4215 dies
2089 4159 2226 4215 obiit
2248 4158 2759 4213 excommunicatus
2780 4158 3084 4210 monachus
3106 4170 3120 4221 ;
3145 4156 3291 4225 quod
3315 4157 3544 4210 audiens

1951 4267 2090 4322 papa
2131 4250 2366 4320 graviter
2420 4249 2594 4303 doluit
2651 4249 2796 4318 quod
2853 4247 3076 4301 abiisset
3126 4248 3340 4303 vinctus
3372 4265 3387 4302 :
3421 4249 3542 4303 ideo

1950 4343 2201 4397 scribens
2244 4344 2491 4396 chartam
2526 4340 2674 4393 illiiiii
2710 4355 2738 4393 a
2775 4338 2995 4392 vinculo
3042 4339 3367 4402 solventem,
3418 4355 3539 4395 eain

1951 4433 2099 4488 dedit
2148 4432 2364 4487 cuidam
2409 4433 2643 4486 diacono
2674 4431 2904 4486 dicens:
2946 4448 2963 4482 ι
2996 4430 3037 4495 l,
3070 4441 3123 4485 et
3176 4432 3290 4499 lege
3328 4446 3447 4487 eam
3486 4433 3538 4485 in

1955 4525 2208 4594 sepulcro
2252 4524 2499 4580 defuncti
2545 4522 2750 4578 fratris.
2794 4543 2812 4574 ι
2848 4522 2970 4589 Quo
3002 4521 3165 4588 facto,
3200 4523 3540 4594 hegumenus

256 4622 467 4675 εἰπών·
503 4641 521 4673 ι
554 4621 820 4689 Ἀπελθε,
871 4621 968 4675 καὶ
1029 4620 1305 4689 ἀνάγνωθι
1361 4620 1536 4690 αὐτὴν
1589 4621 1634 4653 ⁸³
1661 4621 1719 4673 εν
1766 4620 1846 4690 τῷ

1956 4618 2097 4670 videt
2129 4617 2182 4670 in
2214 4616 2425 4671 somnis
2479 4615 2728 4680 fratrem,
2764 4616 2925 4686 eique
2969 4616 3103 4670 dicit
3133 4632 3147 4669 :
3188 4634 3206 4667 ι
3235 4614 3413 4672 Μωειὶ
3444 4633 3540 4672 su-

254 4716 420 4785 τάφῳ
446 4715 540 4768 τοῦ
577 4715 874 4778 τεθνεῶτος
905 4713 1161 4783 ἀδελφοῦ.
1199 4731 1218 4765 ι
1251 4712 1363 4765 Καὶ
1389 4710 1585 4765 τούτου
1617 4713 1846 4782 γενομέ-

255 4825 352 4860 νου
388 4808 586 4878 θεωρεῖ
616 4809 643 4861 ὁ
676 4806 981 4877 ἡγούμενος
1020 4804 1141 4858 κατ’
1162 4804 1298 4875 ὅναρ
1330 4802 1423 4856 τὸν
1455 4802 1715 4873 ἀδελφὸν,
1750 4803 1847 4855 καὶ

252 4900 409 4968 λέγει
441 4899 593 4971 αύτῷ
632 4915 646 4929 ·
680 4918 699 4952 ι
725 4898 917 4970 Λύπην
957 4897 1155 4968 ἔχομεν
1191 4897 1319 4967 περὶ
1352 4894 1469 4959 σού,
1510 4895 1729 4964 ἀδελφὲ,
1763 4895 1846 4947 ὅτι

251 4995 548 5063 δεδεμένος
591 4992 953 5061 ὲτελεύτησας
976 5006 989 5020 ·
1028 4990 1152 5042 εἰπὲ
1200 4987 1294 5042 οὖν
1328 4989 1464 5059 ἡμῖν
1510 4987 1628 5051 πῶς
1661 4987 1842 5057 ὑπάρ-

254 5102 399 5155 χεις.
444 5103 462 5134 i
507 5084 567 5136 Ὀ
613 5084 671 5137 δὲ
717 5081 1047 5151 ἀποκριθεὶς
1086 5077 1243 5135 εἶπεν
1269 5095 1283 5109 ·
1322 5099 1339 5131 ι
1380 5080 1613 5144 Ὄντως,
1641 5079 1843 5150 πάτερ,

254 5184 339 5242 είς
374 5178 418 5210 ⁸⁵⁸
452 5177 703 5249 φυλακὴν
740 5178 891 5249 ήμην
923 5177 1029 5241 ἕως
1078 5175 1179 5246 τῆς
1212 5174 1370 5245 χθές·
1402 5176 1647 5243 σήμερον
1672 5174 1730 5226 δὲ
1754 5173 1842 5227 διὰ

1953 4724 2076 4764 nius
2110 4708 2176 4763 de
2208 4717 2278 4773 te,
2310 4708 2501 4775 frater,
2538 4723 2604 4763 co
2634 4708 2779 4778 quod
2812 4712 3026 4763 vinctus
3052 4708 3290 4775 obieris;
3321 4709 3408 4763 die
3439 4709 3539 4778 igi-

1954 4809 2043 4855 tur
2068 4801 2226 4855 nobis
2248 4805 2522 4869 quomodo
2549 4810 2601 4854 te
2626 4801 2848 4854 habeas.
2885 4819 2903 4853 ›
2946 4800 3038 4854 Ille
3068 4801 3406 4869 respondens
3426 4800 3536 4854 ait:

1956 4911 1975 4945 ι
2020 4892 2177 4959 Vere,
2234 4892 2413 4960 Pater,
2472 4893 2527 4947 in
2580 4908 2800 4948 carcere
2833 4893 2910 4947 fui
2964 4908 3141 4963 usque
3178 4894 3333 4957 heri;
3375 4893 3539 4947 hodie

1953 5002 2082 5042 vero
2104 5002 2132 5039 ο
2165 4986 2384 5041 Christo
2430 4986 2647 5041 solutus
2688 5002 2834 5040 sum.
2868 5004 2886 5039 ι
2929 4986 2983 5040 lii
3014 4986 3353 5056 hegumenus
3384 5001 3540 5057 papa!

1950 5079 2213 5144 narravit,
2243 5079 2586 5148 innotuitque
2625 5077 2906 5142 omnibus,
2958 5092 3064 5147 qua
3100 5077 3230 5132 hora
3266 5079 3537 5133 diaconus

1951 5173 2254 5228 orationem
2282 5170 2484 5241 legerat
2521 5171 2573 5224 in
2612 5169 2844 5235 tumulo,
2876 5178 3006 5224 tunc
3038 5166 3257 5224 vinculo
3292 5169 3533 5224 solutum

1458 5316 1659 5377 Variae
1701 5315 2009 5377 lectiones
2039 5322 2101 5376 et
2147 5321 2333 5376 notae.

330 5470 372 5500 ³⁸
396 5469 595 5538 Enixa?

255 5540 411 5606 7,26,
455 5542 509 5593 ά.

695 5466 738 5498 ³⁹
788 5464 995 5528 δίκαιος
1057 5494 1122 5505 --
1179 5482 1273 5518 σου
1332 5481 1556 5528 cxxviii,
1617 5462 1717 5515 ~l57
1779 5476 1891 5513 om.
1948 5460 2093 5515 Slav.

570 5536 763 5591 ἔσεσθε
797 5538 888 5608 vel
934 5538 981 5608 ὲ.
1030 5537 1084 5590 ἁ.
1148 5537 1230 5590 vel
1286 5543 1333 5590 ἑ.
1381 5555 1470 5608 μοι
1528 5540 1580 5608 ἁ.
1664 5535 1706 5565 ³⁵
1740 5531 1835 5608 Eii.

1969 5572 1982 5596 ,
2014 5531 2130 5608 __f3;
2186 5531 2348 5608 Deut.
2391 5552 2439 5600 v,
2489 5533 2580 5608 Q8.

2201 5461 2243 5492 ³³
2287 5462 2305 5515 Ι
2352 5461 2479 5517 Cur.
2543 5478 2618 5527 Vl,
2674 5464 2759 5517 18.

2660 5532 2703 5563 ³⁸
2734 5534 2887 5587 Deut.
2953 5547 3138 5595 xum,
3191 5532 3250 5584 l7
3319 5534 3528 5598 πόρνην

2871 5460 2913 5491 ³⁸*
2962 5461 3089 5515 Lev.
3152 5475 3225 5523 XI,
3278 5460 3382 5525 M;
3440 5476 3530 5523 χι,

526 5610 566 5640 ιτ
605 5607 890 5681 πορνεύων
1163 5608 1208 5637 ³⁸
1240 5596 1405 5679 γέγρ’,
1459 5637 1525 5648 .-
1555 5604 1829 5674 ἀγιασμόν
1865 5618 1977 5655 uni.
2011 5596 2160 5657 Slav.
2186 5600 2191 5604 ’
2217 5596 2444 5673 εἰρήνην
2483 5604 2532 5658 δ.
2569 5605 2708 5674 μετὰ
2750 5605 2971 5656 πάντων
3014 5602 3112 5655 καὶ
3146 5603 3239 5653 τὸν
3281 5602 3335 5654 ἁ.
3378 5596 3441 5655 οὗ

254 5707 395 5763 lleb.
433 5724 527 5770 vn,
563 5708 649 5761 M.
727 5706 770 5736 ”
810 5721 867 5759 π.
900 5705 996 5756 τοῦ
1056 5703 1371 5773 άπρορισμοῦ
1416 5703 1511 5755 τοῦ
1563 5704 1723 5756 πάπα
1751 5700 1820 5755 Μ.
1872 5700 1928 5763 2,
1988 5716 2143 5773 πρε..
2191 5701 2426 5768 μοναχοῦ
2458 5699 2551 5753 τοῦ
2600 5699 2992 5773 ἀφορισθέντος
3020 5698 3160 5773 ..ύπρ
3222 5695 3529 5773 ι’ρημγορίου

256 5780 419 5838 πάπα
468 5778 692 5846 ἰ’ὠμης
746 5775 868 5829 Par.
924 5774 1083 5828 1706.
1158 5772 1203 5804 ‘°
1237 5772 1395 5846 AGlyc.
1435 5775 1671 5846 A525,”)
1709 5772 1929 5834 521,15.

257 5852 447 5909 αὐτὸν,
480 5844 832 5916 τὸνχάρτην,
876 5846 970 5902 sed
1006 5850 1074 5900 cl.
1113 5853 1151 5896 l.
1194 5844 1274 5898 l2.
1320 5844 1395 5875 λδ
1422 5844 1529 5905 Eo);
1587 5861 1685 5914 την
1742 5846 1865 5899 cod.

2032 5770 2073 5799 δ’
2109 5764 2218 5840 ήνῗ
2324 5764 2367 5802 ⁸⁵
2419 5764 2745 5841 ποιήσαντος
2791 5770 2914 5824 cod.
3019 5769 3061 5799 ⁸³
3088 5769 3207 5820 αὐτ.
3241 5769 3366 5820 cod.
3412 5764 3528 5821 εει.
