4064 6426
423 452 526 521 εει

1635 451 1962 512 GEORGII
2004 450 2459 513 HAMABTOLI

3587 463 3698 529 953

423 570 620 628 mortis
649 582 847 640 genere
874 569 944 624 ab
966 570 1157 624 eodem
1179 566 1486 637 excogitata
1521 580 1631 620 non
1674 564 1837 621 modo
1862 578 1989 634 pro-

2105 564 2266 636 ήμῶν
2311 564 2528 638 Ἡρώδῃ
2583 561 2696 620 οἷον
2727 567 2902 637 δῶρον
2934 565 3032 640 ἡδὺ
3083 570 3182 624 καὶ
3220 571 3532 642 ιπίραστον
3563 577 3685 632 suo:

422 661 591 718 funda
618 668 821 716 norunt
851 658 1045 725 maria,
1073 658 1167 714 sed
1200 670 1254 714 et
1297 658 1414 730 ipsa
1439 657 1834 729 propemodum
1868 666 2003 713 saxi

430 767 729 826 personare
746 751 1020 807 videnlur.
1038 750 1195 819 Quod
1221 767 1352 808 vero
1378 752 1445 808 ad
1471 764 1566 808 eas
1594 753 1853 810 victorias
1879 764 2003 825 spe-

418 855 531 899 ctat
565 859 702 914 quas
731 842 878 899 illius
909 842 1152 900 fautores
1200 845 1375 899 rabidi
1414 860 1477 901 ac
1507 843 1701 901 furiosi
1749 845 2001 902 homines

415 933 558 991 falso
605 936 731 991 huic
779 936 1063 1007 aliiugunl,
1118 946 1177 991 ut
1222 939 1292 993 de
1336 953 1397 992 ea
1434 938 1630 1005 loquar
1680 954 1803 1009 quae
1856 938 2001 994 inter

418 1040 613 1083 omnes
653 1030 924 1097 praecipua
960 1038 1235 1093 censetur,
1261 1029 1532 1099 ejusmodi
1574 1040 1724 1087 sunt.
1763 1032 1901 1087 Cum
1928 1032 1995 1086 ad

416 1119 821 1189 propulsaudos
851 1122 1217 1177 occidentales
1244 1122 1484 1195 Scythiae
1513 1125 1744 1193 populos
1774 1123 1999 1193 expedi-

420 1212 624 1278 tionem
650 1223 928 1284 parasset,
967 1217 1214 1272 collectis
1260 1219 1518 1273 omnibus
1541 1218 1712 1287 copiis
1738 1217 2000 1273 commis-

421 1319 595 1376 soque
654 1320 781 1364 cum
832 1308 988 1363 hoste
1036 1310 1245 1379 proelio,
1278 1310 1497 1379 qualem
1545 1310 1672 1366 inde
1710 1311 1995 1366 victoriam

416 1400 683 1466 retulerit,
716 1416 840 1472 qua:
877 1402 943 1456 ad
990 1402 1097 1458 hoc
1145 1412 1362 1472 tempus
1414 1415 1715 1473 supersunt
1767 1405 1998 1475 vestigia

424 1490 728 1549 declarant.
750 1494 909 1565 itque
935 1497 1098 1551 etiam
1130 1495 1291 1551 hodie
1314 1511 1447 1551 cava
1473 1497 1562 1551 illa
1591 1498 1658 1551 ad
1694 1496 1995 1552 Acheloum

418 1584 611 1639 urbem
643 1601 705 1640 ac
731 1584 989 1655 depressa
1013 1587 1267 1657 planities
1291 1588 1513 1653 indicat,
1538 1601 1803 1643 cmsorum
1834 1602 1998 1642 mem-

2109 655 2270 727 μιζον
2316 656 2414 711 ιπι
2471 655 2724 722 πίνακος.
2792 656 3124 730 Ὀφθαλμῶν
3177 659 3481 734 ἐξορύξας,
3519 664 3566 699 ⁸¹⁵
3594 669 3709 722 καὶ·

2103 749 2378 821 γενειάδος
2409 752 2818 822 ἐμπυρισμοὺς,
2847 752 2943 806 καὶ
2994 752 3246 823 αἱμάτων
3282 755 3560 826 εκχύσεις,
3592 759 3691 813 καὶ

2105 843 2483 915 μαρτυροῦσιν
2524 846 2575 899 ol
2619 846 2785 917 μέχρι
2815 846 2911 900 καὶ
2935 844 3036 899 νῦν
3070 847 3140 902 τὰ
3168 847 3418 918 σύμϐολα
3453 853 3693 923 περιφι·

2101 952 2317 1007 ροντες.
2355 936 2636 1000 Θανάτους
2665 938 2723 991 δὲ
2754 938 2963 1008 βιαίους
2993 938 3102 994 τῶν
3126 940 3386 996 τοιούτων
3427 946 3518 998 καὶ
3542 945 3697 1012 ἐξαι-

2102 1030 2253 1093 σίους
2299 1033 2328 1084 ὁ
2377 1032 2476 1101 τῆς
2532 1030 2815 1100 θαλάσσης
2870 1031 3029 1103 βυθὸς
3083 1033 3395 1096 ἐπίσταται,
3454 1038 3504 1090 ol
3546 1036 3686 1092 λίθοι

2101 1121 2419 1193 κράξουσιν.
2467 1124 2565 1185 “Ac
2615 1122 2674 1178 δὲ
2723 1124 3188 1194 περιπλάττουσιν
3244 1127 3395 1198 αὐτῷ
3433 1129 3588 1193 νίκας
3634 1133 3691 1186 οὲ

2100 1213 2463 1284 ἐμϐρόντητοι
2497 1215 2541 1248 ³⁸
2572 1217 2667 1269 καὶ
2699 1215 2996 1277 λυσσώδεις
3026 1218 3331 1288 ὁμόφρονες
3373 1221 3562 1288 αὑτοῦ,
3595 1222 3686 1278 ἵνα

2103 1308 2234 1377 μιᾶς
2261 1307 2361 1377 τῆς
2390 1307 2693 1378 κρατίστης
2721 1310 2903 1362 αὐτῶν
2946 1310 3399 1381 ὲπιμνησθῶμεν.
3433 1314 3685 1368 τοιαῦταί

2098 1401 2277 1453 είσινθ
2321 1399 2541 1470 Ἐπειδὴ
2605 1400 3024 1470 παρεσκεύαστο
3059 1404 3197 1471 πρὸς
3248 1403 3309 1457 τὸ
3341 1406 3401 1457 ἐν
3446 1402 3683 1475 δυσμαῖς

2098 1491 2492 1562 εἰσῳκισμένον
2538 1491 2806 1547 Σκυθικὸν
2846 1492 3003 1557 ἔθνος
3030 1493 3369 1565 ἀμύνασθαι,
3412 1498 3681 1568 ὑπαθροί-

2099 1583 2183 1648 ζει
2214 1583 2324 1637 πᾶν
2350 1583 2411 1637 τὸ
2461 1585 2553 1639 ὑπ’
2583 1585 2752 1638 αὐτοῦ
2785 1584 2831 1617 ³⁸
2868 1587 3213 1656 στράτευμα,
3244 1589 3340 1641 καὶ
3370 1589 3453 1652 εἰς
3495 1588 3685 1660 χεῖράς

414 1677 532 1733 bris
571 1691 636 1733 co
693 1686 939 1749 tempore
992 1688 1272 1735 constrata
1326 1698 1340 1735 :
1377 1694 1503 1734 nam
1534 1681 1827 1736 universus
1855 1695 1989 1751 pene

2096 1694 2157 1731 τε
2186 1679 2300 1741 τοῖς
2327 1677 2609 1748 πολεμίοις
2637 1676 2748 1743 ίὼν,
2776 1679 2961 1732 ὁποῖον
2987 1679 3137 1751 αὺτῷ
3160 1680 3255 1733 τοῦ
3285 1679 3525 1751 πολέμου
3547 1681 3687 1750 apd.

414 1773 791 1828 Romanorum
819 1773 1090 1829 exercitus
1121 1773 1447 1846 Scytharum
1481 1773 1675 1844 gladiis
1704 1773 1989 1831 confossus

2100 1788 2189 1836 τος
2216 1770 2604 1842 κατώρθωται,
2630 1775 2902 1843 μαρτυρεῖ
2923 1772 2993 1825 τὰ
3019 1774 3316 1843 φαινόμενα
3344 1791 3358 1805 ο
3385 1775 3548 1846 μέχρι
3574 1775 3686 1847 γὰρ

409 1874 529 1922 est.
551 1866 706 1934 Quod
741 1867 786 1922 si
810 1864 950 1923 forte
982 1869 1241 1940 exiguum
1277 1869 1535 1939 quiddam
1554 1876 1613 1923 et
1637 1877 1989 1923 contemnen-

2099 1868 2191 1921 καὶ
2215 1869 2457 1938 τήμερον
2480 1867 2549 1921 τὰ
2576 1869 2720 1922 κατὰ
2747 1868 2848 1939 τὴν
2889 1866 3124 1938 ’Δχελὼν
3150 1868 3492 1941 καλουμένην
3527 1871 3688 1925 πόλιν

411 1955 543 2013 dum
572 1959 641 2013 ab
661 1973 726 2013 eo
754 1971 963 2028 gestum
996 1968 1098 2025 est,
1133 1959 1405 2030 ejusmodi
1443 1958 1589 2016 istud
1613 1958 1734 2014 fuit.
1773 1960 1989 2015 Postea-

2095 1962 2252 2017 κοῖλα
2299 1962 2397 2016 καὶ
2446 1961 2748 2031 πεδιάσιμα
2804 1962 3003 2034 χωρία,
3057 1961 3094 2016 ἃ
3132 1962 3241 2015 τῶν
3296 1962 3606 2034 εἰρημένων
3634 1965 3682 1998 ³¹

411 2064 577 2122 quam
614 2046 920 2107 Orientales
957 2052 1222 2108 barbaros
1254 2068 1285 2107 a
1320 2054 1553 2108 ducibus
1579 2054 1695 2108 suis
1726 2052 1989 2109 dissidere

2095 2050 2319 2117 ἐδέξατο
2366 2050 2438 2104 τὰ
2490 2050 2666 2116 κῶλα,
2722 2050 2912 2119 σαφῶς
2964 2049 3438 2103 ὑποδεικνύουσιν.
3474 2050 3683 2120 Ἔργον

411 2143 679 2212 comperit
708 2153 761 2200 et
791 2143 932 2200 civili
962 2144 1103 2199 bello
1146 2144 1420 2208 diSIineri,
1456 2145 1685 2201 latronis
1715 2161 1864 2201 more
1890 2160 1989 2216 po—

2097 2147 2205 2216 γὰρ
2234 2145 2333 2216 τῆς
2363 2144 2643 2213 Σκυθικῆς
2678 2143 2955 2215 μαχαίρας
2986 2144 3133 2197 ἆπαν
3181 2143 3372 2213 σχεδὸν
3397 2143 3461 2196 τὸ
3508 2143 3678 2214 στρά-

409 2230 522 2287 tius
574 2248 737 2302 quam
786 2233 1133 2304 imperatoris
1176 2236 1229 2290 in
1279 2234 1594 2291 Armeniam
1667 2245 1723 2291 et
1774 2234 1989 2305 Syriam

408 2320 741 2380 furibundus
784 2325 1056 2396 irrumpit,
1113 2328 1301 2397 ibique
1358 2328 1660 2384 incolarum
1716 2327 1993 2382 deditione

408 2417 690 2485 occupatis
718 2418 925 2488 aliquot
961 2419 1200 2477 castellis
1228 2420 1448 2478 eosdem
1468 2422 1590 2477 illos
1613 2421 1667 2476 in
1696 2419 1988 2478 Thraciam

408 2518 766 2577 transportat.
794 2508 920 2567 llaec
946 2521 1075 2567 sunt
1109 2512 1270 2568 istius
1304 2513 1542 2568 hominis
1580 2513 1798 2585 egregia
1825 2513 1989 2580 facta,

405 2600 523 2656 haec
561 2604 934 2658 commentitia
995 2605 1063 2659 de
1094 2606 1342 2660 hostibus
1399 2613 1601 2676 tropaea
1636 2623 1650 2661 :
1694 2606 1987 2675 ejusmodi,

406 2696 653 2766 inquam,
689 2707 818 2752 sunt
843 2712 964 2766 quze
1013 2697 1309 2752 insolenter
1342 2697 1434 2753 ille
1465 2707 1658 2754 contra
1699 2698 1984 2753 veritatem

406 2796 463 2846 et
493 2789 748 2857 pietatem
811 2790 1034 2845 molitus
1075 2799 1179 2846 est.
1222 2789 1438 2845 Etenim
1475 2790 1607 2846 citra
1638 2790 1803 2845 ullam
1837 2806 1992 2845 verc-

405 2882 663 2938 cundiam
694 2890 885 2937 contra
922 2882 1087 2937 Deum
1120 2876 1421 2938 bacchatus
1459 2890 1542 2936 est
1578 2896 1875 2952 sacrasque
1900 2895 1988 2935 res

404 2973 453 3029 ei
487 2985 747 3044 tauquam
771 2973 997 3030 donaria
1045 2983 1416 3030 consecratas.
1459 2974 1599 3041 Quin
1623 2975 1788 3029 etiam
1820 2988 1989 3043 augeo

404 3068 571 3124 licum
619 3068 750 3123 illud
791 3076 846 3123 et
882 3069 1246 3139 apostolicum
1286 3068 1607 3124 monasticae
1653 3069 1779 3123 vitzc
1815 3084 1986 3140 genus

2093 2253 2272 2306 τευμα
2302 2236 2413 2289 τῶν
2449 2235 2741 2305 Ῥωμαίων
2788 2236 3039 2302 γέγονεν.
3084 2236 3145 2290 El
3175 2235 3233 2289 δέ
3264 2252 3316 2289 τι
3352 2234 3548 2306 μικρὸν
3584 2235 3681 2290 καὶ

2092 2330 2153 2383 οὗ
2187 2330 2332 2382 πάνυ
2370 2328 2651 2397 ἀξιόλογον
2704 2328 2956 2396 ἔδρασεν,
3004 2327 3164 2381 τοῦτό
3221 2329 3525 2392 ἐστι’-τοὺς
3571 2326 3687 2399 γὰρ

2093 2420 2233 2493 πρὸς
2276 2420 2545 2484 ἀνατολὰς
2575 2419 2863 2483 οίκοῦντας
2903 2420 3219 2491 ϐαρϐάρους
3266 2418 3521 2489 ἀκηκοὼς
3550 2420 3681 2488 περὶ

2091 2512 2221 2577 τοὺς
2266 2512 2501 2576 οἰκείους
2553 2513 2831 2584 ἡγεμόνας
2873 2512 3361 2576 διαστασιάζοντας
3398 2513 3491 2565 καὶ
3541 2512 3680 2581 πρὸς

2098 2604 2184 2658 τὸν
2212 2604 2474 2675 ἐμφύλιον
2497 2606 2734 2675 πόλεμον
2756 2603 3210 2675 ἀσχολουμένους,
3240 2602 3680 2674 λῃστρικώτερόν

2096 2714 2214 2761 πως
2245 2697 2511 2769 μᾶλλονῆ
2557 2697 3070 2769 στρατηγικώτερον
3109 2697 3186 2760 ὡς
3241 2694 3456 2748 λυσσῶν
3503 2692 3679 2748 ἐπιὼν

2090 2793 2203 2855 τοῖς
2248 2790 2544 2861 Ἀρμενίας
2596 2793 2692 2845 καὶ
2735 2791 2935 2861 Συρίας
2994 2787 3390 2860 χωρίοις,τῶν
3441 2786 3675 2846 ἐκείνοις

2091 2883 2371 2954 φρουρίων
2424 2883 2574 2955 αἱρεῖ
2626 2883 2888 2954 ὁμολογίᾳ
2939 2880 3049 2935 τῶν
3086 2877 3524 2952 προσοικούντων
3577 2877 3675 2930 καὶ

2090 2977 2184 3029 ἐπὶ
2217 2975 2316 3047 τὴν
2348 2976 2573 3045 Θρᾴκην
2611 2976 2810 3039 αὐτοὺς
2843 2975 3147 3045 μετήγαγε.
3179 2969 3420 3026 Τοιαῦτα
3456 2970 3557 3040 μὲν
3580 2963 3675 3024 οῦν

2088 3067 2160 3121 τά
2184 3069 2397 3120 ἐκείνου
2424 3067 2904 3138 ἀνδραγαθήματα
2930 3067 3028 3121 καὶ⁵
3056 3065 3126 3119 τὰ
3156 3066 3279 3119 κατ’
3310 3065 3524 3136 ἐχθρῶν
3554 3080 3678 3135 σχε-

403 3162 572 3217 homo
602 3177 632 3217 α
663 3161 775 3217 Deo
808 3174 1127 3218 exsecratus
1155 3177 1219 3217 ac
1255 3162 1523 3233 profanus
1544 3171 1598 3217 et
1621 3175 1649 3216 a
1677 3162 1985 3218 Christiana

2093 3158 2382 3228 διαζόμενα
2419 3161 2676 3230 τρόπαια.
2706 3158 2876 3229 658
2904 3156 3144 3211 Τοιαῦτα
3182 3159 3273 3211 καὶ
3305 3157 3373 3210 τά
3407 3158 3548 3210 κατά
3579 3156 3679 3228 τῆς

401 3254 670 3326 religione
701 3255 836 3311 falso
870 3257 1293 3321 cognominatus
1346 3255 1589 3310 illaudati
1624 3255 1985 3326 appellatione

2093 3251 2353 3322 ἀληθείας
2391 3252 2489 3303 καὶ
2526 3248 2814 3312 εὐσεϐείας
2843 3250 3233 3320 νεανιεύματα.
3282 3247 3677 3318 ’Δπηναισχύνο

402 3347 615 3402 notavit
660 3365 674 3401 :
710 3346 1048 3401 abominatio
1093 3347 1239 3400 enim
1282 3345 1555 3417 peccatori
1587 3355 1668 3401 est
1701 3346 1897 3416 pietas,
1937 3353 1989 3399 ct

2096 3360 2230 3415 τησε
2288 3346 2396 3414 γὰρ
2442 3344 2586 3397 κατά
2611 3359 2671 3396 τε
2712 3341 2806 3395 τοῦ
2843 3342 2981 3396 Θεοῦ
3026 3344 3220 3413 μανεὶς
3257 3342 3353 3395 καὶ
3397 3339 3540 3395 κατά
3566 3339 3679 3393 τῶν

404 3450 632 3496 sanctus
644 3438 656 3492 i
669 3454 896 3510 mpurus
912 3450 994 3495 est
1009 3437 1149 3510 apud
1165 3438 1475 3494 sceleratos.
1493 3435 1612 3493 Jaut
1627 3454 1754 3493 vero
1772 3439 1989 3511 qualem

2095 3438 2257 3508 ίερῶν
2298 3436 2511 3506 ἀνδρῶν
2546 3435 2658 3489 τῶν
2701 3434 2892 3505 ὥσπερ
2926 3434 3075 3506 αὐτῷ
3105 3434 3476 3504 ἀναθημάτων
3502 3448 3674 3503 προσ-

402 3533 459 3585 ἱη
497 3545 594 3587 eos
627 3530 971 3604 tyrannidem
1024 3531 1349 3592 exercuerit.
1379 3531 1504 3601 quis
1543 3546 1643 3603 pro
1675 3533 1895 3596 merito,
1933 3538 1989 3585 et

2093 3529 2359 3599 ηκόντων.
2399 3528 2512 3582 Καὶ
2542 3527 2602 3581 τὸ
2639 3525 2934 3594 ἀγγελικὸν
2973 3526 3038 3599 δὴ
3069 3526 3232 3580 τοῦτο
3260 3528 3357 3580 καὶ
3384 3525 3676 3580 ἀποστολι-

404 3632 532 3678 ante
560 3622 692 3687 dixi.
721 3637 1150 3678 commemorare
1185 3622 1396 3692 possit?
1426 3621 1637 3693 Quippe
1665 3623 1988 3677 conventio-

402 3730 503 3770 nes
525 3715 646 3770 illas
680 3723 943 3786 padaque
965 3716 1167 3787 quibus
1198 3715 1386 3771 divino
1422 3731 1481 3773 se
1507 3715 1717 3772 numini
1745 3715 1990 3772 obstrin-

403 3818 600 3863 nerant
630 3811 1190 3873 rcsciuderecoaetos,
1222 3827 1286 3867 ac
1312 3811 1485 3867 sacris
1514 3809 1761 3867 vestibus
1793 3818 1988 3866 exutos

403 3901 669 3958 luit-orum
689 3903 756 3958 ad
782 3903 990 3959 cultum
1026 3904 1135 3960 lata
1160 3904 1273 3975 lege
1296 3902 1539 3960 nefarius
1581 3904 1985 3961 illetranstulit.

403 3995 537 4063 Quae
567 4013 696 4054 vero
748 3998 817 4053 ad
871 3997 1135 4053 honorem
1172 3996 1269 4052 Dei
1326 4000 1623 4072 constituta
1674 4008 1831 4054 erant
1871 4014 1988 4054 mo-

401 4092 670 4156 nasteria,
697 4106 759 4145 ea
789 4091 843 4145 in
876 4090 1112 4146 militum
1142 4090 1446 4148 diversoria
1485 4101 1539 4147 et
1576 4109 1840 4163 equorum
1874 4101 1987 4148 sta-

400 4181 531 4237 bula
562 4193 614 4238 et
651 4183 878 4238 latrinas
909 4190 1223 4240 stercoreus
1261 4193 1319 4239 et
1352 4199 1382 4239 a
1423 4192 1670 4241 stercore
1702 4186 1988 4257 cegnomi-

400 4285 568 4331 natus
615 4276 905 4331 convertit.
946 4273 1191 4331 Tandem
1248 4292 1373 4334 cum
1421 4278 1688 4334 scelerum
1755 4293 1982 4333 suorum

399 4373 454 4420 et
482 4365 836 4420 exsecrabilis
862 4368 987 4421 vita:
1013 4366 1309 4422 terminum
1347 4367 1637 4438 attigisset,
1689 4379 1980 4425 acutarum

398 4456 637 4511 febrium
665 4458 951 4515 ardoribus
964 4468 1288 4523 exaestuans.
1308 4463 1567 4532 gehennae
1578 4461 1852 4531 ﬂammas,
1867 4476 1988 4534 quae

399 4564 462 4606 se
485 4558 610 4620 post
647 4550 816 4606 vitam
851 4564 1161 4623 exceptura
1218 4563 1395 4621 erant,
1452 4556 1627 4611 oculis
1662 4557 1984 4627 usurpabat.

2093 3622 2190 3676 κὸν
2228 3621 2326 3675 τοῦ
2362 3618 2659 3692 μοναχικοῦ
2686 3618 2803 3690 βίου
2838 3619 3026 3691 σχῆμα
3058 3617 3478 3690 βδελυττόμενος
3501 3619 3530 3670 ὁ
3560 3618 3679 3670 θεο-

2094 3718 2265 3786 μισής
2316 3732 2377 3769 τε
2426 3716 2522 3769 καὶ
2565 3714 2817 3786 βέϐηλος,
2848 3716 3140 3787 ἐπώνυμον
3186 3714 3289 3785 τῆς
3338 3711 3674 3775 θεοσεϐείας,

2089 3811 2152 3865 τὸ
2179 3809 2594 3881 ἀμνημόνευτον
2615 3809 2799 3872 αὐτοῖς
2824 3808 3137 3879 ἐπέγραψεν
3161 3807 3355 3877 δνομα.
3387 3806 3676 3877 Βδέλυγμα

2090 3903 2200 3973 γὰρ
2248 3901 2593 3972 ἁμαρτωλῶν
2634 3899 2939 3964 θεοσέϐεια,
2989 3902 3080 3955 καὶ
3121 3904 3150 3955 ὁ
3177 3901 3323 3965 ὅσιος
3361 3899 3675 3971 ἀκάθαρτος

2091 3993 2248 4065 παρὰ
2298 3994 2656 4065 κακούργοις.
2697 3988 2800 4047 Οἷα
2849 3992 2907 4046 δὲ
2944 3994 3080 4065 πρὸς
3133 3993 3333 4054 αὐτοὺς
3380 3991 3673 4063 τυραννέδα

2089 4086 2261 4141 ἐπιὼν
2290 4086 2319 4139 ὁ
2370 4085 2636 4157 τύραννος
2667 4085 2886 4156 ἔδρασε,
2913 4086 2996 4149 τίς
3047 4084 3134 4150 ἂν,
3182 4085 3259 4149 ὡς
3302 4084 3460 4156 ἔφην,
3506 4085 3673 4152 ἀξίως

2088 4173 2453 4249 διηγήσεται;
2492 4177 2603 4241 Τάς
2640 4193 2698 4230 τε
2734 4178 2843 4248 γὰρ
2883 4178 3036 4246 παρά
3080 4176 3203 4246 Θεῷ
3249 4176 3674 4246 ἐπηγγελμένας

2092 4271 2275 4333 αὐτοῖς
2304 4270 2597 4341 ὁμολογίας
2629 4270 2801 4342 (168⁸)
2825 4272 2919 4323 καὶ
2950 4271 3224 4339 συνθήκας
3251 4270 3467 4324 ἀθετεῖν
3492 4268 3676 4323 ἐκϐια-

2092 4364 2342 4435 ζόμενος.
2379 4366 2474 4417 καὶ
2516 4364 2577 4417 τὸ
2615 4364 2762 4435 ίερδν
2794 4363 2980 4434 σχῆμα
3009 4362 3429 4435 ἀπορρίψαντας
3472 4363 3534 4416 τδ
3563 4362 3674 4416 τῶν

2090 4456 2297 4510 λαϊκῶν
2324 4459 2352 4504 ὁ
2383 4457 2704 4528 παράνομος
2738 4455 3105 4527 ἐνομοθέτησε
3141 4453 3676 4525 μεταμφιέννυσθαι.

2091 4551 2174 4605 Τά
2219 4549 2277 4605 δὲ
2332 4552 2416 4612 εἰς
2464 4550 2622 4615 δόξαν
2674 4549 2769 4604 τοῦ
2822 4550 2958 4603 Θεοῦ
3017 4548 3279 4620 ἱδρυμένα
3337 4548 3676 4619 μοναστήρια

398 4656 469 4697 ac
523 4644 803 4714 pervigilis
852 4643 1001 4700 illius
1040 4647 1243 4702 vermis
1291 4660 1514 4704 morsus
1572 4648 1984 4719 quodammodo

2093 4645 2447 4716 στρατιωτῶν
2493 4645 2783 4717 οἰκητήρια
2811 4645 2907 4698 καὶ
2941 4643 3276 4697 ίπποστάσια
3314 4641 3411 4695 καὶ
3455 4641 3675 4711 κοπρῶ-

397 4735 690 4803 sentiebat,
729 4737 785 4791 in
823 4736 1127 4795 horrendos
1156 4740 1377 4795 assidue
1415 4740 1684 4797 clamores
1715 4756 1782 4797 ac
1814 4742 1982 4797 vehe-

397 4839 615 4887 mentes
641 4846 955 4901 erumpens,
987 4849 1109 4903 quae
1136 4842 1291 4889 erant
1316 4833 1575 4904 gehennae
1597 4834 1841 4904 quaedam
1873 4834 1979 4890 inio

406 4922 508 4977 tia.
531 4922 632 4979 Tot
659 4925 825 4996 igitur
846 4926 1125 4995 tantisque
1144 4924 1355 4981 deliciis
1372 4926 1753 4996 acquiescens.
1779 4929 1981 4998 quibus

400 5008 800 5072 Diocletianum
836 5027 888 5074 et
904 5017 1291 5073 Maximiauum
1313 5017 1442 5072 olim
1472 5018 1800 5075 imtnortuos
1824 5035 1980 5077 acce-

397 5107 605 5174 pimus,
649 5119 816 5178 atque
874 5110 979 5165 hoc
1017 5109 1181 5165 modo
1227 5109 1371 5164 male
1405 5108 1628 5180 pet‘iens
1677 5111 1858 5167 malus
1889 5110 1979 5167 illc

399 5197 839 5268 turpissimaeque
864 5203 1412 5274 sceleratissimqu
1448 5201 1570 5258 vitae
1597 5202 1757 5258 finem
1786 5217 1978 5259 conse-

397 5293 561 5341 cutus
589 5297 691 5351 est,
714 5289 880 5346 homo
906 5290 1106 5347 Christi
1134 5302 1561 5364 sanctorumque
1592 5291 1716 5363 ejus
1733 5294 1976 5349 omnium

399 5380 660 5438 inimicus
690 5393 856 5454 atque
888 5385 1062 5443 hostis
1090 5386 1519 5443 infensissimus.
1552 5405 1571 5438 ι

2090 4757 2187 4803 νας
2219 4741 2247 4792 ὁ
2282 4739 2585 4809 κοπρόνους
2636 4740 2733 4792 καὶ
2763 4738 3125 4809 κοπρὼνυμος
3182 4738 3504 4807 πεποίηκεν.
3539 4733 3672 4790 Εἶτα

2091 4833 2230 4904 πρὸς
2256 4832 2332 4902 τῷ
2366 4831 2508 4884 τέλει
2536 4831 2644 4884 τῶν
2680 4830 2868 4885 κακῶν
2900 4829 2996 4884 καὶ
3026 4829 3121 4883 τοῦ
3156 4828 3480 4898 θεοστυγοῦς
3506 4829 3679 4882 αὐτοῦ

2089 4925 2209 4997 βίου
2248 4924 2567 4996 γενόμενος,
2619 4927 2713 4979 καὶ
2747 4923 3003 4993 πυρετῶν
3053 4921 3277 4993 ὀξύτητι
3312 4922 3408 4975 καὶ
3460 4918 3674 4991 φλογιιῦ⁴

2090 5034 2210 5072 σεσι
2264 5017 2845 5090 καταπιμπράμενος,
2912 5017 3015 5087 τῆς
3080 5015 3442 5086 ὲκδεξομένης
3506 5014 3672 5068 αὑτὸν

2087 5111 2317 5182 γεέννης
2381 5110 2665 5183 προδήλως
2722 5110 2818 5182 τὴν
2868 5109 3045 5181 φλόγα
3099 5107 3486 5179 προθεώμενος
3539 5122 3675 5163 κατ-

2089 5203 2396 5274 ωπτρίξετο
2420 5205 2516 5257 καὶ
2533 5203 2630 5258 τοῦ
2659 5203 2961 5273 ἀκοιμήτου
2990 5200 3274 5271 σκώληκος
3295 5200 3364 5254 τὰ
3388 5199 3674 5271 δήγματα,

2094 5296 2349 5351 σύντονόν
2384 5314 2442 5351 τε
2477 5297 2572 5351 καὶ
2606 5297 2978 5366 γεγωνότερον
3008 5293 3217 5348 ἐκϐοῶν
3251 5294 3671 5366 ὲνδελεχέστατα

2089 5388 2187 5460 τῆς
2219 5390 2446 5460 γεέννης
2477 5387 2653 5441 ταῦτα
2687 5386 2754 5440 es
2788 5386 3061 5458 προαύλια
3090 5387 3185 5440 καὶ
3211 5384 3497 5457 προοίμια.
3523 5383 3670 5438 Ταύ-

400 5492 527 5541 ταις
556 5471 653 5531 οὗν
692 5477 788 5532 καὶ
815 5478 1112 5541 τοσαύταις
1179 5478 1503 5542 εὐπαθείαις
1554 5476 2091 5550 ἐπαναπαυσάμενος
2119 5519 2135 5544 ,
2165 5477 2257 5547 ὑφ’
2284 5473 2361 5533 ὧν
2393 5479 2458 5550 δὴ
2496 5479 2593 5533 καὶ
2664 5477 3052 5547 Διοκλητιανόν
3112 5491 3172 5531 τε
3199 5478 3293 5531 καὶ⁵
3320 5476 3673 5547 Μαξιμιανὸν

400 5569 858 5636 σοντελεσθίντας
911 5571 1211 5645 ἀκούομεν,
1235 5570 1378 5627 οὕτω
1427 5571 1616 5635 κακῶς
1681 5571 1778 5626 καὶ
1812 5571 2016 5637 ἀθλίως
2089 5571 2463 5643 ἀπολλύμενος
2527 5571 2899 5643 καταστρέφει
2965 5570 3054 5624 τὸν
3112 5569 3394 5641 αἴσχιστόν
3452 5586 3513 5623 τε
3574 5571 3672 5622 καὶ

1596 5688 1798 5753 Variae
1840 5688 2158 5754 lectiones
2199 5693 2262 5753 et
2302 5696 2495 5752 nota.
2724 5778 2729 5781 ν

474 5816 523 5849 ⁸³
552 5818 845 5899 ὸείθαλμῶν
880 5817 924 5873 δ’
961 5816 1259 5899 ἑξορύξεις,
1296 5818 1499 5875 omisso
1525 5819 1614 5874 καί
1639 5830 1759 5890 post
1784 5818 1982 5891 ἒκχύσι

2107 5819 2150 5855 ⁸⁵
2183 5818 2563 5891 ἐμϐρόντιστοι
2614 5820 2795 5891 vulgo.
2877 5819 2918 5851 "
2953 5816 3146 5887 αὐτῷἳ
3226 5816 3266 5848 ³⁷
3299 5814 3407 5870 τῶν
3454 5816 3664 5889 ἀνιιρη-

408 5886 585 5954 μένων
606 5886 629 5939 ‘l
