4094 6406
326 429 429 496 989

1490 417 1959 479 CiIRONICON.
1997 444 2066 455 --
2105 419 2250 478 LIB.
2294 419 2390 479 IV.

3487 403 3594 465 99v

330 542 483 612 εδρος
516 540 544 593 ὁ
579 538 868 606 ἐξάγιστος
918 535 1225 606 γινόμενος,
1273 534 1465 605 ὁρᾶται
1515 531 1678 584 πάλιν
1709 533 1765 583 ἐν
1796 528 1910 598 ναῷ

2028 543 2072 587 et
2098 532 2349 601 aperitur
2409 545 2471 583 os
2538 542 2731 596 magna
2792 526 3021 595 loquens
3057 520 3320 577 adversus
3352 518 3592 572 divinam

329 632 535 702 Κυρίου
564 630 624 683 τὸ
652 629 935 699 βδέλυγμα
959 629 1058 698 τῆς
1083 626 1418 699 ἐρημώσεως
1452 626 1545 677 καὶ
1573 622 1850 690 ἀνοίγεται
1874 622 1918 654 δ’

330 725 508 793 στόμα
551 721 748 775 λαλοῦν
786 721 1000 791 μεγάλα
1051 719 1193 772 κατά
1240 719 1340 785 τῆς
1370 716 1530 785 δόξης
1577 716 1784 783 Κυρίου
1825 714 1919 765 καὶ

293 818 470 871 ικατά
527 818 628 886 τῆς
676 815 830 878 θείας
886 814 1204 883 οἰκονομίας
1260 807 1778 881 μεγαλορῤημονοῦν
1822 807 1918 858 καὶ

328 908 793 978 ἁλαζονευόμενον
826 909 892 962 ⁵⁸.
934 908 1044 959 Καὶ
1082 904 1254 968 οὕτως
1287 905 1316 957 ὁ
1365 903 1623 973 δεύτερος
1661 900 1917 967 Καϊάφας

332 1003 472 1075 μετά
530 1002 629 1069 τῆς
679 999 1055 1070 χριστομάχου
1114 997 1348 1067 σπείρας
1380 996 1425 1027 ⁸¹
1474 994 1692 1064 ἐκείνης
1746 990 1917 1044 πολλά

330 1098 427 1150 καὶ
466 1096 671 1165 μάταια
704 1092 843 1145 κατὰ
882 1092 980 1162 τῆς
1019 1090 1281 1161 ἀληθείας
1320 1088 1688 1158 κενολογήσας
1724 1085 1914 1145 καθαι-

287 1162 420 1262 ἱρεῖ
455 1162 633 1243 πᾶσαν
684 1189 836 1259 ἱερὰν
890 1188 992 1257 τῆς
1052 1186 1384 1256 Ἐκκλησίας
1413 1186 1459 1218 ³²
1509 1185 1907 1252 ἀναστήλωσιν,

333 1285 484 1353 μισεῖ
533 1299 591 1334 τε
619 1283 665 1314 ⁸³
711 1280 947 1351 Χριστὸν
999 1278 1097 1331 καὶ
1153 1279 1281 1341 τοὺς
1329 1276 1497 1331 αὐτοῦ
1545 1275 1909 1345 θεράποντας,

2029 627 2257 694 gloriam
2291 623 2529 688 Domini,
2562 632 2615 676 et
2638 623 2899 675 adversus
2927 617 3166 671 divinam
3194 611 3592 683 providentiam

2020 717 2258 787 gloriose
2288 714 2535 785 garriens
2558 723 2610 767 et
2643 710 2922 781 iactitans.
2965 709 3033 762 Et
3070 706 3150 761 sic
3185 705 3324 759 alter
3356 702 3595 771 Caiphas

2019 824 2141 862 cum
2192 816 2407 862 caterva
2449 806 2535 859 illa
2573 803 2793 859 Christo
2820 799 3053 864 infensa,
3102 797 3363 852 adversus
3393 793 3596 849 verita-

2018 910 2126 955 tem
2160 900 2326 953 multa
2350 907 2399 953 et
2433 897 2613 951 inania
2640 896 2875 957 locutus,
2920 906 3130 946 sacram
3166 903 3383 942 omnem
3416 902 3479 940 ex
3502 900 3592 938 ec-

2017 992 2201 1046 clcsiis
2231 990 2452 1059 deponit
2474 988 2724 1058 ﬁguram,
2752 994 2915 1053 atque
2935 982 3049 1036 odit
3069 980 3346 1035 Christum
3372 977 3597 1043 ejusque

2022 1084 2278 1146 famulos,
2328 1082 2453 1151 quia
2499 1081 2548 1134 ei
2575 1078 2824 1149 displicet
2854 1075 3108 1130 Christus
3141 1073 3192 1125 in
3230 1070 3461 1140 imagine
3510 1082 3599 1120 re~

2024 1187 2386 1248 praescntatus
2443 1185 2495 1227 et
2533 1175 2586 1227 in
2635 1178 2985 1226 monumento
3016 1172 3349 1227 asservatus,
3385 1173 3595 1215 necnon

2029 1268 2192 1337 huius
2222 1265 2383 1319 amici
2406 1273 2459 1318 et
2484 1262 2695 1317 famuli.
3643 1240 3647 1250 ¹

330 1344 521 1447 ἐπειδὴ
570 1374 740 1444 βαρὺς
765 1344 865 1442 *ἦν
893 1372 1043 1444 αὐτῷ
1094 1372 1332 1443 Χριστὸς
1379 1368 1523 1447 [καὶ]
1552 1344 1623 1422 ὲν
1664 1364 1836 1420 εἰκόνι
1865 1363 1912 1395 ⁸⁸
1953 1363 2284 1433 βλεπόμενος
2339 1359 2433 1415 καὶ
2472 1358 2565 1410 ἐπὶ
2617 1356 2837 1427 μνήμης
2886 1351 3310 1423 ἐπιφερόμενος,
3344 1347 3391 1380 ⁸⁸
3425 1351 3516 1399 καὶ
3550 1344 3598 1396 οἱ

330 1470 521 1523 τούτου
551 1466 695 1535 φίλοι
723 1483 782 1519 τε
817 1467 910 1518 καὶ
935 1464 1136 1518 δοῦλοι.

405 1562 517 1631 (16)
557 1561 753 1631 Διδβὴ
800 1561 893 1614 καὶ
923 1561 1260 1630 ἀνοηταίνων
1314 1557 1687 1629 κατεφλυὰρει
1735 1556 1919 1607 πᾶσαν

332 1652 611 1724 είκονικὴν
671 1654 1057 1723 ἀναστήλωσιν
1114 1653 1427 1723 ἀπόϐλητον
1478 1646 1619 1703 εἶναι
1668 1650 1734 1719 τῇ
1800 1645 1918 1717 θείᾳ

330 1749 525 1818 Γραφῇ
581 1748 675 1799 καὶ
721 1746 842 1799 λίαν
890 1746 1254 1814 ἀγνώριστον.
1312 1745 1377 1798 Τί
1426 1741 1520 1799 οὖν
1557 1742 1696 1813 πρὸς
1742 1740 1917 1793 ταῦτα

2094 1548 2279 1618 Itaque
2304 1547 2530 1602 demens
2564 1543 2848 1601 dictitabat
2885 1555 3107 1596 omnem
3171 1536 3460 1607 imaginem
3486 1550 3605 1589 esse

2022 1642 2302 1709 Scriptura
2355 1654 2510 1696 sacra
2546 1638 2804 1707 reiectam
2862 1644 2916 1690 et
2970 1635 3192 1689 omnino
3245 1630 3600 1702 prohibitam.

2021 1735 2161 1801 Quid
2206 1747 2336 1803 ergo
2388 1732 2453 1787 ad
2495 1733 2609 1786 hazc
2642 1727 2974 1785 dicendum?
3006 1727 3143 1781 illud
3200 1738 3442 1792 nempe:
3499 1720 3602 1775 Sa-

333 1842 569 1912 φήσειέν
599 1859 684 1904 τις
706 1843 751 1875 ³⁸
779 1860 792 1907 ;
828 1844 951 1894 Ὀτι
985 1842 1179 1909 σοφίας
1203 1840 1407 1905 ⁸⁷Θεοῦ
1438 1839 1525 1903 ⁵⁸,ι
1549 1836 1915 1901 ἀδιεξέταστοι

2028 1828 2242 1899 picntiae
2280 1826 2475 1881 divinae
2509 1843 2529 1877 ι
2568 1822 2951 1879 inscrutabiles
2991 1828 3119 1875 sunt
3152 1832 3458 1879 sermones,
3495 1833 3513 1865 ι
3548 1824 3603 1867 at

332 1936 506 2003 λόγοι,
542 1953 562 1985 ι
608 1933 706 1986 καὶ
737 1934 780 1966 ⁸⁹
815 1951 833 1983 ι
881 1934 908 1985 ὁ
950 1934 1134 2002 μωρὸς
1178 1931 1566 2005 μωραλαλήσει
1591 1948 1604 1961 ·
1642 1949 1658 1981 ι
1696 1928 1917 1999 ἀμαθὴς

332 2027 444 2097 γὰρ
475 2025 687 2095 σφόδρα
716 2025 762 2056 ⁶⁰
792 2026 884 2076 καὶ
930 2023 1183 2093 ληρώδης
1213 2025 1475 2094 ὑπάρχων
1500 2023 1600 2075 οὐκ
1636 2021 1749 2092 ᾔδει
1781 2020 1918 2073 πάν-

332 2136 443 2181 τως
486 2116 556 2170 τά
584 2117 963 2187 χρυσότευκτα
998 2117 1184 2168 ἐκεῖνα
1210 2114 1517 2185 Χερουϐὶμ,
1550 2114 1695 2182 ἅπερ
1722 2115 1749 2166 ὁ
1779 2116 1921 2184 ἱερο-

335 2211 545 2281 φάντης
575 2209 816 2278 Μωῦσῆς
840 2207 977 2260 Θεοῦ
1003 2207 1438 2277 προστεταχότος
1467 2204 1794 2275 ἐτεκτήνατο
1824 2202 1923 2257 καὶ

335 2305 370 2372 ή
402 2303 568 2374 687
598 2302 806 2355 παλαιᾶ
839 2302 931 2353 καὶ
978 2300 1202 2369 ἔννομος
1235 2299 1410 2369 σκηνὴ
1461 2296 1778 2369 καθύπερθε
1818 2295 1922 2365 τῆς

335 2395 575 2448 κιϐωτοῦ
608 2394 822 2463 ἔφερεν,
856 2391 891 2445 ἀ
934 2392 997 2461 δὴ
1034 2393 1093 2445 οὐ
1135 2393 1286 2462 παρά
1318 2391 1598 2454 Ἰουδαίοις
1638 2391 1799 2460 μόνον
1829 2389 1919 2442 δε-

332 2485 592 2551 δόξασται
622 2485 690 2547 δ’,
720 2484 858 2537 ἀλλά
881 2483 976 2536 καὶ
999 2483 1098 2552 τῆς
1127 2483 1353 2553 χάριτος
1376 2485 1403 2536 ὁ
1432 2482 1611 2553 κήρυξ
1636 2480 1922 2550 Χερουϐὶμ

334 2576 496 2642 δόξης
529 2574 801 2629 ἀποκαλεῖ
833 2572 1019 2642 σαφῶς
1058 2573 1178 2643 ἦτοι
1212 2573 1281 2626 τά
1336 2571 1703 2641 δεδοξασμένα
1729 2570 1772 2601 θ’
1795 2585 1809 2599 ο
1838 2569 1920 2621 ἔτι

336 2686 400 2737 γε
432 2670 477 2701 ⁸³
511 2668 617 2739 μὴν
650 2668 744 2721 καὶ
774 2668 876 2719 ὅσα
907 2669 938 2734 ή
976 2662 1322 2731 Σολομῶντος
1356 2661 1729 2716 κατεσκεύασε
1760 2660 1922 2729 σοφία

338 2764 436 2816 καὶ
474 2763 520 2793 ⁸⁵
544 2760 622 2829 τῷ
657 2759 933 2828 θεσπεσίῳ
963 2757 1228 2825 Ἰεζεκιὴλ
1252 2750 1433 2809 ὦπται
1461 2755 1555 2807 καὶ
1591 2753 1645 2806 εἴ
1672 2771 1723 2806 τι
1746 2751 1924 2806 τοιοῦ-

337 2871 431 2908 τον
463 2852 606 2906 κατὰ
652 2851 750 2915 τάς
788 2851 940 2921 ίεράς
985 2849 1213 2910 Βίϐλους
1236 2848 1280 2879 ³⁸
1315 2847 1599 2917 ἱστόρηται
1634 2846 1729 2899 καὶ
1775 2844 1920 2898 τετί-

346 2961 536 3012 μηται,
573 2944 718 3012 ειπερ
767 2942 868 2993 οὐκ
915 2940 1135 3009 ἔφριξεν
1182 2941 1209 2992 ὁ
1239 2940 1281 2971 ⁸³
1316 2938 1544 3008 βέϐηλος
1594 2939 1650 2990 ἐν
1687 2934 1923 2989 εἰδώλων

349 3035 514 3106 μοίρᾳ
542 3034 733 3096 θεῖναι,
765 3033 838 3097 ὡς
882 3034 1099 3086 ἀθετεῖν
1129 3033 1173 3063 ⁸⁷
1210 3032 1413 3102 μᾶλλον
1453 3032 1484 3101 ἢ
1522 3029 1847 3101 προσίεσθαι
1877 3029 1921 3059 ⁸⁸

340 3128 440 3190 τὰς
471 3127 619 3188 θείας
649 3127 692 3157 ⁸³
723 3127 949 3195 Γραφάς
980 3126 1370 3197 προελόμενος,
1401 3124 1459 3189 ἐξ
1494 3119 1568 3177 ών
1607 3112 1795 3175 λοιπὸν
1827 3120 1922 3173 καὶ

2032 1940 2049 1972 ι
2089 1921 2288 1975 stultus
2335 1918 2483 1973 fatua
2536 1917 2809 1985 loquetur.
2860 1932 2879 1965 ι
2930 1909 3417 1980 lgnorantissimus
3456 1908 3600 1959 enim

2025 2018 2129 2071 iste
2157 2025 2211 2069 et
2247 2017 2476 2069 insanus
2504 2010 2722 2082 penitus
2752 2007 3035 2063 nesciebat
3068 2017 3232 2056 aurea
3275 2000 3364 2053 illa
3397 1998 3606 2053 Cheru-

2025 2108 2135 2163 bim
2171 2122 2292 2176 quae
2323 2104 2583 2175 propheta
2614 2101 2851 2173 Moyses,
2878 2098 2989 2153 Deo
3010 2097 3258 2166 iubente,
3295 2090 3602 2150 fabricavit,

2027 2200 2332 2269 veterisque
2358 2197 2493 2268 legis
2523 2192 2935 2249 tabernaculum
2975 2201 3141 2257 supra
3165 2198 3345 2239 arcam
3375 2181 3602 2239 ferebat,

2029 2308 2149 2364 quae
2185 2292 2407 2363 quidem
2438 2305 2547 2345 non
2581 2287 2683 2343 soli
2719 2284 2893 2340 Judazi
2936 2280 3403 2353 gloriﬁcaverunt,
3437 2274 3529 2327 scd
3554 2281 3607 2324 ct

2026 2389 2215 2460 gratia:
2269 2386 2567 2455 Apostolus
2599 2393 2753 2437 vocat
2806 2380 3100 2435 Chcruhim
3133 2375 3318 2446 gloria:
3358 2386 3451 2427 seu
3488 2369 3605 2437 glo—

2028 2480 2193 2534 riosa.
2225 2477 2319 2530 Illa
2348 2476 2516 2531 etiam
2545 2488 2666 2542 qua:
2714 2470 2954 2527 confecit
2989 2468 3208 2537 sapiens
3238 2465 3518 2524 Salomon,
3554 2467 3608 2512 et

2027 2585 2148 2640 qua:
2173 2569 2299 2623 divo
2328 2566 2601 2622 Ezechieli
2628 2565 2744 2620 visa
2777 2574 2919 2625 sunt,
2969 2569 3021 2615 et
3058 2560 3161 2613 alia
3202 2553 3515 2625 huiusmodi
3554 2550 3605 2603 itt

2028 2660 2211 2716 Libris
2240 2657 2414 2713 sacris
2451 2655 2767 2711 referuntur
2815 2660 2869 2706 et
2896 2652 3241 2705 honorantur
3276 2664 3288 2701 :
3325 2659 3445 2713 qua:
3496 2656 3605 2694 non

2027 2752 2249 2810 erubuit
2281 2751 2371 2804 ille
2420 2748 2689 2819 profanus
2754 2744 2808 2799 in
2845 2743 3118 2798 idolorum
3173 2750 3404 2794 numero
3438 2732 3610 2787 ascri-

2029 2847 2179 2910 bere,
2221 2851 2411 2911 utpote
2442 2841 2661 2896 abolere
2691 2838 2868 2907 magis
2886 2850 3047 2904 quam
3081 2832 3368 2888 admittere
3398 2825 3611 2882 divinas

2031 2936 2344 3004 Scripturas
2374 2933 2582 2998 volens,
2622 2945 2686 2985 ac
2717 2929 2949 2999 proinde
2981 2925 3225 2996 ipsismet
3256 2920 3459 2977 Iudaeis
3491 2932 3610 2971 ma-

2028 3034 2111 3101 gis
2152 3027 2466 3083 incredulus
2514 3034 2567 3079 et
2597 3022 2938 3093 ignorantior
2983 3019 3178 3073 merito
3216 3017 3509 3070 traheretur
3530 3011 3611 3065 si-

2029 3124 2143 3178 mul
2172 3138 2294 3176 cum
2332 3121 2450 3175 suis
2474 3119 2712 3175 consciis
2739 3136 2752 3172 :
2792 3117 2991 3185 quippe
3016 3113 3107 3182 qui
3151 3111 3314 3165 verba
3343 3122 3454 3161 sua:
3495 3112 3612 3156 tur-

352 3219 622 3273 Ἰουδαίων
649 3218 1009 3289 ἀπιστότερος
1038 3218 1133 3272 καὶ
1170 3216 1655 3287 ἀγνωμονέστερος
1695 3215 1922 3277 εἰκότως

2029 3214 2283 3289 pitudinj,
2327 3210 2692 3269 incredulitati
2720 3218 2773 3265 et
2794 3207 3045 3263 amentiae
3068 3198 3425 3261 consonantia
3453 3197 3609 3253 dixe-

339 3313 625 3382 νομισθείη
664 3313 762 3365 σὺν
828 3315 938 3374 τοῖς
975 3311 1277 3380 όμόφροσιν
1331 3308 1527 3363 αὐτοῦ·
1563 3310 1688 3375 ἄξια
1737 3309 1845 3379 γὰρ
1878 3310 1924 3340 ⁷⁰

339 3407 438 3476 τῆς
469 3404 681 3457 ἑαυτῶν
704 3402 1008 3473 βδελυρίας,
1035 3402 1290 3465 ἀπιστίας
1317 3419 1375 3453 τε
1420 3402 1461 3433 ⁷¹
1493 3401 1587 3453 καὶ
1629 3401 1854 3469 ἀλογίας
1878 3404 1924 3436 ⁷⁸

341 3496 716 3566 φρονήσαντες
742 3494 837 3546 καὶ
867 3493 1293 3561 ἐκφωνήσαντες
1319 3494 1387 3545 τε.

413 3586 675 3656 (1³1)Καί
725 3586 835 3654 γὰρ
887 3585 965 3655 τῷ
1008 3583 1228 3653 Χριστῷ
1282 3584 1565 3637 κάνταῦθα
1630 3584 1926 3653 προφανῶς

338 3680 744 3749 ἀπομάχονται,
774 3676 832 3740 ὃς
874 3675 1053 3728 λαϐὼν
1094 3675 1286 3746 ὀθόνην
1316 3676 1578 3746 λαμπρὰν
1610 3674 1751 3747 [καὶ]
1795 3676 1853 3727 τὸ
1884 3675 1927 3705 ⁷⁸

341 3771 743 3841 ὑπέρλαμπρον
778 3768 871 3820 καὶ
902 3767 1218 3837 ὑπέρκαλον
1266 3764 1757 3836 ὲναπομαξάμενος
1784 3765 1926 3819 θεῖον

341 3862 485 3925 εἶδος
534 3862 812 3931 ἐκπέμπει
861 3859 939 3928 τῷ
972 3860 1016 3892 ⁷⁸
1052 3858 1263 3919 πιστῶς
1296 3859 1589 3927 αἰτήσαντι
1618 3858 1697 3929 τῷ
1726 3859 1770 3888 ⁷⁸
1818 3858 1927 3909 τῶν

353 3953 690 4024 Ἐδεσσηνῶν
717 3950 948 4023 ἡγεμόνι
975 3952 1021 3982 ⁷⁷
1053 3952 1291 4021 Αύγὰρῳ
1315 3969 1329 3983 ·
1356 3952 1413 4017 ἐξ
1446 3951 1654 4004 ἐκείνου
1678 3951 1734 4003 δὲ
1762 3951 1926 4020 μέχρι

339 4049 439 4103 καὶ
467 4048 710 4116 τήμερον
740 4045 785 4076 ⁷⁸
807 4043 1142 4113 ἁποστολικῇ
1162 4043 1462 4112 παραδόσει
1493 4044 1587 4096 καὶ
1617 4044 1926 4113 εἰσηγήσει,

342 4139 601 4208 γνώσεώς
646 4155 705 4190 τε
742 4136 838 4189 καὶ
890 4136 1111 4205 μνήμης
1148 4135 1312 4188 ἕνεκα
1357 4131 1434 4189 ὧν
1460 4137 1505 4168 ⁷⁹
1533 4136 1674 4206 ὑπὲρ
1725 4134 1928 4207 [ἡμῶν]

341 4233 536 4304 ἔδρασέ
572 4249 629 4285 τε
662 4232 757 4284 καὶ
790 4229 1027 4283 πέπονθε
1063 4229 1317 4299 Χριστὸς,
1343 4228 1484 4281 καθὰ
1518 4229 1585 4296 δὴ
1614 4230 1707 4281 καὶ
1737 4230 1794 4279 έν
1817 4230 1930 4290 τοῖς

344 4327 513 4395 ἱεροῖς
535 4325 581 4356 ³ο
614 4322 969 4389 Εύαγγελίοις
1015 4321 1381 4388 ἀνιστορεῖται
1423 4316 1734 4385 σεϐασμῖως
1769 4319 1929 4370 ἐκτυ-

343 4415 558 4486 ποῦμεν
585 4416 680 4469 καὶ
706 4411 1140 4483 προσκυνοῦμεν,
1166 4410 1267 4462 κᾶν
1297 4412 1344 4462 οἱ
1387 4408 1742 4479 χριστομάχοι
1781 4408 1931 4478 διαρ-

345 4511 636 4581 ρήγυνται.

420 4602 536 4673 (18)
570 4599 681 4652 Καὶ
741 4597 924 4661 μέντοι
951 4598 993 4628 ⁸³
1029 4596 1122 4649 καὶ
1183 4595 1319 4664 πρὸς
1369 4593 1580 4657 τούτοις
1624 4593 1928 4664 παράδοσις

343 4696 442 4749 καὶ
464 4694 623 4760 λόγος
650 4691 905 4761 ἐχόμενος
930 4688 1152 4752 πειθοῦς
1178 4689 1271 4741 καὶ
1294 4688 1338 4719 ⁸⁸
1373 4687 1567 4756 μέχρις
1600 4687 1760 4757 ἡμῶν
1787 4703 1924 4740 κατ-

381 4786 587 4855 ντήσας
619 4782 665 4814 ⁸⁸
705 4780 796 4835 τὸν
848 4780 989 4832 θεῖον
1039 4777 1435 4845 εὐαγγελιστὴν
1492 4776 1710 4830 Λουκᾶν
1760 4777 1818 4827 ἐν
1850 4777 1927 4827 εἰ-

337 4868 464 4943 ἱκόνι
502 4872 803 4945 διαγράψαι
832 4871 922 4925 τὸν
948 4870 1152 4940 Κύριον
1181 4869 1338 4939 ήμῶν
1361 4868 1572 4939 Ἰησοῦν
1593 4868 1638 4900 ⁸⁸
1664 4869 1920 4938 Χριστὸν,

2033 3320 2163 3364 runt
2196 3317 2250 3363 et
2281 3308 2447 3363 locuti
2478 3314 2627 3362 sunt.

2104 3591 2257 3644 Tunc
2290 3601 2418 3641 vero
2471 3583 2731 3638 adversus
2777 3578 3055 3633 Christum
3091 3572 3252 3643 impie
3305 3570 3612 3637 insurgunt,

2032 3683 2146 3754 qui,
2180 3686 2399 3749 sumpto
2427 3677 2593 3730 linteo
2629 3670 2853 3731 mundo,
2903 3665 3322 3735 fulgidissimam
3358 3660 3612 3731 pulcher-

2029 3753 2340 3838 rimamque
2368 3782 2523 3823 suam
2557 3763 2882 3818 Deiformem
2919 3756 3113 3811 faciem
3171 3756 3226 3807 in
3283 3768 3348 3806 eo
3380 3753 3613 3820 impres-

2032 3879 2147 3919 sam
2184 3860 2334 3915 misit
2359 3860 2597 3927 Augaro,
2650 3851 2868 3905 Edessa:
2904 3846 3035 3915 regi,
3067 3844 3159 3913 qui
3197 3855 3315 3895 eam
3344 3855 3467 3893 cum
3510 3838 3615 3891 fide

2032 3962 2337 4023 rogaverat.
2367 3949 2445 4002 Ex
2500 3946 2594 4000 illo
2638 3951 2817 3997 autem
2851 3948 3091 4005 tempore
3119 3946 3289 4002 usque
3311 3945 3459 3984 nunc
3485 3943 3615 3997 apo-

2034 4022 2231 4101 stolica
2259 4040 2557 4097 traditione
2586 4044 2641 4091 et
2679 4031 3080 4091 exhortatione,
3109 4026 3175 4080 ad
3208 4022 3503 4095 cognitioni
3548 4035 3615 4074 ac

2033 4135 2314 4192 memoria:
2344 4125 2843 4187 commendandum
2878 4137 2941 4177 ea
2991 4135 3113 4190 quae
3138 4133 3238 4188 pro
3272 4115 3434 4170 nobis
3485 4111 3613 4167 fecit

2032 4237 2087 4284 et
2117 4241 2312 4297 passus
2338 4232 2424 4279 est
2456 4221 2730 4282 Christus,
2768 4224 2828 4269 ut
2856 4212 3099 4269 referunt
3147 4206 3471 4264 veneranda:
3518 4219 3612 4258 sa-

2034 4332 2253 4373 crorum
2286 4312 2703 4384 Evangeliorum
2737 4307 2962 4378 pagina:
3001 4302 3151 4356 illum
3184 4299 3238 4354 in
3266 4296 3501 4366 imagine
3528 4308 3615 4347 re-

2034 4419 2434 4481 praesentamus
2465 4413 2519 4459 et
2556 4402 2871 4460 adoramus,
2908 4391 3159 4465 quamvis
3193 4387 3394 4444 Christi
3421 4386 3613 4440 adver-

2036 4504 2163 4559 sarii
2195 4503 2383 4556 dolore
2411 4500 2841 4565 disrumpantur.

2108 4595 2371 4647 Praeterea
2415 4590 2571 4659 juxta
2625 4584 2827 4641 oralem
2876 4579 3221 4637 traditionem
3251 4589 3372 4643 quae
3416 4579 3477 4626 ut
3512 4570 3616 4625 ﬁde

2034 4689 2198 4756 digna
2231 4687 2460 4738 habetur
2477 4689 2529 4736 ct
2557 4693 2729 4749 usque
2756 4677 2821 4732 ad
2845 4689 2947 4729 nos
2972 4670 3236 4742 pervenit,
3261 4667 3420 4723 divus
3446 4680 3614 4719 evan-

2035 4781 2223 4847 gelista
2248 4777 2426 4830 Lucas
2451 4776 2503 4829 in
2536 4773 2770 4842 imagine
2792 4766 3037 4837 depinxit
3053 4764 3341 4819 Dominum
3366 4770 3612 4814 nostrum

2030 4872 2218 4926 Jcsum
2249 4869 2526 4925 Christum
2561 4876 2615 4920 et
2639 4863 2955 4919 inviolatam
3016 4858 3136 4929 ejus
3163 4855 3424 4919 Matrem;
3459 4864 3510 4907 ct
3533 4851 3615 4905 ha:

1544 5007 1746 5068 Varia:
1781 5007 2088 5069 lectiones
2124 5014 2184 5066 ct
2222 5012 2408 5067 noue.

423 5141 467 5175 δ’
494 5140 658 5194 πάλιν
710 5138 833 5192 add.
889 5138 1056 5190 Coisl.
1126 5136 1253 5191 5|0.

341 5214 388 5246 ³²
421 5208 887 5278 έκκλησιαστικῆς
952 5208 1122 5278 00181.
1176 5206 1308 5278 510.
1354 5206 1428 5278 Α⁵μ⁹

342 5282 468 5336 cod.
522 5275 590 5334 et'
635 5280 690 5333 I’.
756 5275 882 5347 cpsp.
939 5277 1026 5331 ed.
1088 5280 1207 5348 ὲρχ.
1265 5275 1623 5348 Coisl.ﬂ'5‘l0.
1760 5277 1869 5345 “ﬁ

342 5351 513 5405 Coisl.
562 5350 686 5404 ⁸510.
813 5351 859 5382 ⁵⁹⁴
892 5349 1054 5402 Eccli.
1112 5347 1223 5411 κκι,
1255 5347 1346 5399 21).

343 5420 636 5483 δεδόξαστο
671 5420 757 5473 ed.
834 5420 880 5451 ⁸⁸
916 5418 992 5487 τῷ
1022 5417 1402 5485 δεδοξασμένῳ
1439 5417 1497 5470 ι’.
1533 5416 1658 5471 cod.

1365 5134 1741 5204 ⁸⁰ἀλαζευόμ.
1823 5136 1945 5190 cod.
2015 5133 2420 5202 ἀλαζευόμενος
2493 5131 2658 5204 Coisl.
2704 5130 2828 5185 510.

1457 5222 1517 5274 μ.
1570 5222 1632 5258 τε
1671 5206 1792 5260 cod.
1859 5216 1911 5259 et
1952 5205 2014 5261 P.
2063 5206 2212 5274 μίσει
2257 5204 2324 5272 τᾷ

1935 5274 2071 5330 add.
2110 5274 2279 5329 Cois].
2347 5274 2471 5327 510.

1448 5345 1622 5399 “Isa.
1681 5362 1852 5407 xxxii,
1909 5347 1960 5399 (ἶ.

1739 5417 1782 5447 ⁸³
1810 5434 1872 5481 γε
1900 5433 2011 5472 om.
2061 5416 2233 5471 Coisl.
2271 5408 2393 5468 5⁷10.
2470 5413 2516 5445 ⁸⁵
2542 5412 2703 5479 σοφία
2734 5411 2815 5483 τῷ
2846 5409 3014 5483 Coisl.
3045 5408 3169 5483 510.

2937 5128 2979 5159 δι
3014 5126 3212 5195 πείρας
3260 5123 3428 5180 Coisl.
3485 5121 3610 5176 510.

2695 5200 2740 5232 ⁵⁵
2767 5199 2941 5274 εἰκόσι
2970 5197 3135 5274 Quisl.
3170 5196 3297 5251 310.
3322 5267 3332 5274 _
3376 5196 3422 5226 ”
3448 5197 3610 5274 ἑπιφί

2396 5274 2471 5327 10.
2609 5272 2654 5303 ⁵⁷
2691 5272 2853 5342 σοφία
2908 5270 3029 5324 cod.
3076 5296 3148 5306 —-
3208 5267 3371 5335 σοφία
3419 5267 3610 5336 μωροῦ

2396 5342 2564 5397 (loisl.
2613 5342 2738 5396 510.
2842 5337 3234 5401 ⁶¹δεδόξασθαι
3296 5339 3420 5391 co-l.
3466 5333 3607 5391 etP.

3253 5409 3299 5441 ⁸⁵
3325 5408 3488 5462 Hebr.
3526 5420 3606 5467 ιτ,

2063 5206 2212 5275 μίσει
2247 5204 2357 5275 τῷν
2382 5205 2462 5264 είς
2508 5202 2595 5256 ed.

2042 5348 2084 5378 ⁸⁰
2116 5346 2213 5399 καὶ
2253 5361 2345 5411 σφ.

477 5474 522 5522 δ⁶
550 5491 738 5554 ἄθλιος
761 5491 857 5543 καί
884 5474 976 5542 ράί
1050 5487 1094 5518 ⁸⁷
1112 5474 1320 5541 ἀθετῶν
1373 5474 1431 5540 1).
1465 5487 1587 5540 cod.
1662 5486 1709 5520 ⁵⁸
1736 5474 1922 5557 προΐει

2028 5526 2033 5538 .
2078 5487 2141 5543 C.
2186 5487 2261 5557 Ρ.
2304 5487 2433 5557 (τοιΙ.
2499 5484 2540 5515 ⁵³
2574 5474 2918 5557 gaias-cod.
2972 5479 3030 5534 P.
3079 5479 3475 5557 θεοπνεύστους
3521 5474 3607 5528 cd.

343 5562 390 5593 "
418 5559 635 5630 ἀληθῶς
658 5563 783 5614 add.
813 5560 983 5616 Coisl.
1016 5557 1154 5630 510,
1175 5558 1258 5630 Lb;
1279 5558 1480 5630 &)\_.ed.

344 5628 520 5686 Coisl.
554 5631 680 5685 510.
757 5631 797 5663 τ’
835 5631 899 5684 τό
939 5644 1051 5682 om.
1117 5628 1286 5682 Coisl.
1328 5628 1454 5680 510.
1534 5628 1577 5659 ⁷⁵
1607 5631 1735 5682 ὲκπ.
1773 5645 1831 5683 π.
1870 5630 1955 5683 ed.

343 5701 470 5756 510.
550 5702 594 5733 ⁷⁸
622 5701 719 5753 καὶ
756 5718 816 5768 μ.
878 5718 930 5754 τ.
987 5698 1153 5753 Cuisl.
1191 5698 1313 5752 510.

348 5842 395 5875 ⁸⁸
425 5842 479 5910 ἡ.
537 5842 883 5911 καταντήσας
917 5842 1037 5895 col.
1081 5841 1142 5893 P.
1179 5839 1392 5892 κάτεισι
1427 5842 1516 5892 τόν
1554 5844 1637 5893 ed.

1579 5558 1624 5588 τί
1657 5559 1755 5611 ἀπ.
1785 5555 1925 5627 ’γὰρ
1975 5558 2069 5612 καί
2121 5556 2290 5627 Coisl.
2338 5555 2461 5610 5l0.

3226 5549 3273 5582 "
3307 5551 3604 5617 ἐκφρονηεξ-

2574 5555 2619 5585 ⁷³
2647 5555 2947 5623 ἀναλογιας
2996 5550 3119 5608 cod.

2045 5629 2090 5661 ⁷⁸
2128 5631 2187 5681 τὸ
2217 5626 2325 5678 τῶν
2358 5627 2481 5680 cod.
2538 5623 2615 5693 τῷ
2670 5614 2841 5679 (Σοὶειξ
2879 5624 3006 5678 510.
3083 5623 3126 5654 ⁷⁷
3161 5622 3254 5690 ήγ.
3287 5614 3604 5693 οιιιξϐοἰξι.

345 5701 470 5756 510.
550 5702 594 5733 ⁷⁸
622 5701 719 5753 καὶ
756 5718 816 5768 μ.
878 5718 930 5754 τ.
987 5698 1153 5753 Cuisl.
1191 5698 1313 5752 510.
1417 5699 1461 5729 ⁷⁸
1485 5692 1671 5767 ὦνπερ
1725 5703 1771 5751 ἐ.
1806 5700 1922 5753 Cui:

345 5771 699 5824 Εὑαγγελίων
720 5771 928 5824 δέλτοις
961 5768 1316 5824 ἀνιστόρηται
1348 5768 1432 5821 ed.
1470 5770 1535 5822 τὰ
1575 5771 1630 5822 ὲν
1658 5773 1798 5824 ταῖς.
1832 5789 1881 5824 κ.
1913 5789 1922 5801 ’

2028 5699 2152 5752 510.
2229 5698 2275 5727 ⁸ο
2301 5698 2360 5749 ὲν
2396 5714 2444 5748 τ.
2477 5699 2512 5749 ί.
2542 5687 2596 5748 ἐξ
2638 5696 2724 5747 ἀν.
2770 5696 2895 5749 cod.
2931 5695 2989 5748 P.
3026 5694 3083 5746 ὲν
3123 5687 3244 5754 ταῖς
3292 5689 3466 5758 ἰεραῖς
3497 5687 3608 5739 τῶν

2028 5769 2237 5821 .(Zoisl.
2267 5767 2389 5820 510.
2470 5768 2509 5799 ⁸¹
2545 5768 2639 5818 καὶ
2680 5783 2737 5824 μ.
2774 5786 2832 5818 π.
2866 5766 2949 5819 ed.
3032 5766 3074 5796 θ’
3102 5781 3157 5815 π.
3196 5780 3251 5824 μ.
3277 5758 3445 5815 Coisl.
3478 5759 3605 5814 ⁸511)-

392 5771 699 5869 ύαγγελίων
720 5766 928 5832 δέλτοις
961 5768 1316 5838 ἀνιστόρηται
1348 5768 1432 5821 ed.
1470 5770 1535 5822 τὰ
1575 5766 1798 5831 ὲνταῖς.
1832 5789 1881 5824 κ.
1913 5789 1961 5823 τ.
1988 5769 2036 5821 λ.
2066 5769 2237 5821 (Σοίςι.
2267 5767 2389 5820 510.
2470 5768 2509 5799 ⁸¹
2545 5768 2639 5818 καὶ
2680 5783 2737 5833 μ.
2774 5786 2832 5818 π.
2866 5766 2949 5819 ed.

425 5842 479 5907 ή.
537 5842 883 5907 καταντήσας
917 5842 1037 5895 col.
1081 5841 1142 5893 P.
1179 5839 1392 5892 κάτεισι
1427 5842 1516 5892 τόν
1554 5844 1637 5893 ed.
1716 5843 1756 5871 "
1792 5842 1996 5907 κέρεα)
2036 5844 2087 5907 ἡ.
2139 5839 2347 5907 Ἰησοῦν
2381 5854 2488 5891 om.
2533 5838 2700 5893 Coisl.
2728 5838 2845 5891 510.

1846 5858 1996 5907 ’,μὴν
2036 5859 2087 5907 η.
2154 5854 2347 5907 ιησουν
2381 5854 2488 5891 om.
2533 5854 2700 5893 Corst.
2728 5854 2845 5891 0w.

3032 5766 3074 5796 αι
3102 5781 3157 5815 π.
3196 5780 3251 5831 μ.
3277 5758 3445 5815 Coisl.
3478 5759 3605 5814 διο.
