4094 6420
379 383 482 445 997

1560 380 2025 444 CHRONICON.
2068 404 2138 416 -·
2179 381 2325 439 LIB.
2370 381 2470 441 IV.

3562 379 3671 445 993

376 495 792 566 ταλαμδάνεται
825 494 1117 564 θεοστυγὲς
1152 495 1351 565 δόγμα,
1379 496 1521 558 οὐδὲ,
1556 496 1685 549 ὅσον
1711 496 1791 559 εἰς
1827 494 1967 563 μνή-

2079 514 2386 584 quicunquc
2442 511 2720 568 memoria:
2771 520 3128 577 succurrunt,
3162 512 3433 583 pessimos
3499 516 3675 570 scele-

379 605 488 655 μην
522 584 749 656 ἀφῖχθαι
782 586 894 639 τῶν
931 585 1190 655 πονηρῶν
1213 589 1309 639 καὶ
1342 585 1607 656 μυσαρῶν
1645 584 1968 655 συνταγμά-

376 700 510 747 των,
563 680 745 750 eam
811 680 973 750 μόνον
1009 681 1152 733 κατὰ
1193 679 1296 749 τὴν
1358 679 1558 751 δούλην
1608 679 1817 750 ταύτην
1873 679 1969 732 καὶ

377 772 893 846 ὴνδραποδισμένην
918 774 1014 824 καὶ
1048 772 1117 824 τὰ
1145 772 1272 825 θεῖα
1296 772 1419 825 κατ’
1448 771 1700 836 ἐξουσίαν
1733 770 1966 835 παίζου-

375 882 500 931 σαν,
538 868 593 917 ὲν
698 865 759 916 τὸ
786 862 1036 932 ἐμπαθὲς
1064 865 1160 916 καὶ
1199 863 1474 935 πρόσυλον
1509 864 1568 917 τὸ
1598 866 1641 896 ⁷³
1691 863 1824 932 περὶ
1862 863 1967 932 γῆν

375 958 749 1027 στρεφόμενον
775 957 867 1009 καὶ
903 955 1287 1025 ἰλυσπώμενον
1310 959 1498 1026 γήϊνον
1517 957 1613 1011 καὶ
1636 955 1967 1020 ἀλαζονικὸν

374 1051 472 1103 καὶ
494 1049 849 1119 ὑπερήφανον
903 1048 1239 1117 πρυτανεύει
1265 1051 1546 1121 φρόνημα,
1583 1049 1714 1103 ἔνθα
1750 1050 1812 1101 τὸ
1843 1050 1971 1119 φίλα

376 1161 567 1208 αυτον,
593 1144 654 1196 τὸ
680 1142 946 1215 φίλαρχον
966 1144 1032 1210 ⁷³,
1063 1144 1125 1196 τὸ
1147 1143 1452 1213 φιλήδονον,
1511 1144 1573 1196 τὸ
1606 1141 1885 1213 φιλόδοξον
1902 1143 1966 1207 ⁷⁸,

376 1240 409 1308 ή
445 1240 664 1290 πάντων
730 1236 1074 1306 καταθύμιος
1123 1238 1170 1269 ⁷⁵
1235 1237 1567 1302 ἀπόλαυσις,
1627 1237 1689 1290 τὸ
1747 1236 1970 1290 πάντων

378 1330 586 1384 ἐθέλειν
614 1330 807 1400 ἄρχειν
836 1330 936 1384 καὶ
973 1331 1114 1402 μηδὲ
1147 1331 1286 1401 πρὸς
1313 1330 1485 1385 αὐτοῦ
1515 1330 1655 1383 Θεοῦ
1689 1331 1966 1401 ἄρχεσθαι

376 1426 473 1477 καὶ
508 1427 662 1496 ὴτῆς
694 1424 1047 1495 ἀνθρωπίνης
1078 1424 1235 1495 δόξης
1262 1426 1310 1457 ⁷⁸
1341 1424 1375 1495 ἣ
1424 1424 1625 1493 μᾶλλον
1674 1426 1853 1477 εἰπεῖν
1884 1427 1971 1477 αί-

377 1518 585 1588 σχύνης
617 1520 811 1587 κτῆσις
840 1519 936 1571 καὶ
960 1519 1314 1590 περιποίησις
1344 1535 1357 1549 ·
1391 1518 1607 1573 ένθεντ⁷
1639 1520 1671 1589 ἡ
1699 1520 1845 1573 κατὰ
1873 1519 1968 1572 τοῦ

375 1609 512 1660 Θεοῦ
546 1610 639 1662 καὶ
678 1609 790 1662 τῶν
821 1610 995 1676 άγίων
1064 1610 1221 1682 ὕϐρις
1291 1612 1387 1664 καὶ
1435 1613 1535 1683 τῆς
1584 1613 1916 1683 Ἐκκλησίας
1943 1614 1970 1665 ὁ

374 1698 615 1769 διωγμός
640 1716 656 1731 ο
691 1700 947 1753 ἐντεῦθεν
981 1703 1522 1773 κατακυριευόμενον
1580 1704 1612 1774 ἢ
1667 1704 1971 1775 τυραννού-

380 1807 543 1860 μενον
575 1792 635 1845 τὸ
666 1792 931 1863 ὑπήκοον,
964 1797 1079 1858 τοῖς
1105 1797 1335 1849 ἐκείνων
1379 1798 1426 1829 ⁷⁸
1471 1796 1704 1867 δόγμασι
1747 1799 1841 1851 καὶ
1882 1798 1971 1852 θε-

376 1883 588 1955 λήμασι
625 1886 964 1941 ὐποκύπτειν
997 1889 1338 1957 ἐκϐιάζεται,
1372 1884 1448 1944 ὧν
1478 1891 1667 1944 ἕνεκεν
1697 1892 1758 1943 τὸ
1796 1891 1973 1962 ἔμψυ-

376 1995 472 2047 χον
501 1980 868 2050 κεχάλκευται
900 1982 995 2034 καὶ
1035 1983 1387 2053 ἐσχεδίασται
1417 1986 1461 2019 ⁷³
1489 1984 1676 2049 ὅπλον,
1714 1985 1959 2056 σχήματι

381 2070 484 2138 μὲν
512 2071 605 2124 τοῦ
636 2073 1161 2143 σωματοφυλακτεϊν
1194 2075 1242 2107 ⁸ο
1271 2076 1657 2147 ἠθροισμένον,
1694 2080 1813 2140 ταῖς
1848 2078 1902 2130 δὲ
1924 2078 1967 2109 ⁸³

378 2163 666 2233 ἀληθείαις
699 2164 794 2219 τοῦ
827 2169 1123 2238 ἐκπορθεῖν
1149 2168 1247 2236 τὴν
1308 2170 1645 2239 Ἐκκλησίαν
1681 2169 1971 2243 [Χριστοῦ]

378 2257 474 2308 καὶ
509 2254 719 2326 ληΐζειν
779 2259 1226 2330 ὲπινενοημένον,
1282 2263 1559 2332 προφάσει
1613 2263 1708 2315 τοῦ
1752 2280 1971 2332 συμπε-

381 2351 753 2420 ριγράφεσθαι
816 2352 916 2424 τὴν
981 2354 1224 2422 Χριστοῦ
1275 2354 1510 2423 θεότητα
1550 2357 1607 2407 ἐν
1669 2356 1735 2425 τῇ
1796 2355 1970 2408 είκόνι

378 2444 867 2515 παραληροῦντες·
921 2448 1087 2518 693
1130 2448 1207 2511 ὡς
1240 2450 1293 2501 εἴ
1340 2466 1423 2512 τις
1486 2450 1579 2502 καὶ
1620 2449 1681 2501 τὴ
1742 2449 1971 2519 ἡλιακὸν

379 2538 539 2590 τοῦτο
571 2538 636 2609 δὴ
691 2541 788 2592 καὶ
822 2541 869 2571 θ’
916 2542 1215 2605 δισκοειδὲς
1263 2543 1423 2612 σῶμα
1474 2544 1873 2613 γεγραμμένον
1914 2544 1972 2596 ἓν

377 2647 486 2681 τινι
515 2631 687 2701 τόπῳ,
723 2631 906 2695 καθὼς
935 2634 992 2685 ἔν
1029 2652 1172 2687 τισιν
1202 2636 1398 2703 ὁρᾶται
1454 2635 1801 2705 γιγνόμενον,
1838 2635 1974 2688 ὑπο-

377 2721 603 2786 δείξειεν
630 2724 697 2787 ⁸³,
725 2725 1088 2794 ἐδογμάτισεν
1116 2726 1181 2780 ἂν
1208 2729 1303 2779 καὶ
1327 2728 1425 2796 τὴν
1455 2728 1547 2781 τοῦ
1580 2728 1760 2795 φωτὸς
1782 2728 1974 2781 οὐσίαν

380 2817 475 2867 καὶ
509 2816 687 2885 αὐγὴν
732 2818 1152 2887 συγγράφεσθαι
1205 2821 1301 2873 καὶ
1362 2820 1813 2890 περιγράφεσθαι
1844 2821 1890 2853 ⁸⁵
1934 2821 1968 2888 ἢ

384 2909 602 2972 πάντως
633 2910 699 2964 ἐκ
732 2909 828 2963 τοῦ
856 2910 1012 2980 ἡλίου
1032 2911 1093 2965 τὸ
1117 2912 1232 2979 φῶς
1260 2912 1671 2981 ἀποτέμνεσθαι
1697 2929 1709 2942 ·
1745 2913 1776 2982 ἢ
1811 2913 1974 2967 πάλιν

390 3003 581 3056 ἀκτῖνα
621 3002 775 3073 ἡλίου
809 3004 855 3035 ⁸⁵
899 3004 1037 3074 πρὸς
1081 3004 1297 3075 δένδρον
1345 3005 1796 3075 προσϐάλλουσαν
1850 3005 1971 3069 ἴδοι,

385 3096 434 3146 εί
478 3095 786 3165 ὲκτμηθείη
827 3096 889 3149 τὸ
943 3097 1163 3168 δένδρον
1208 3097 1276 3164 ⁸⁸,
1319 3098 1837 3168 συνεκκοπήσεσθαι
1878 3096 1975 3150 καί¹

2000 1858 2047 1917 Β

2079 605 2469 676 stissimosque
2531 607 2785 677 populos,
2840 608 2945 663 nisi
2994 616 3210 663 tantum
3258 609 3402 677 apud
3455 618 3670 679 gentem

2079 696 2222 752 hanc
2256 698 2530 759 servilem,
2571 698 2861 767 dejectam,
2901 713 2964 754 ac
3022 699 3131 753 Deo
3176 707 3446 765 quantum
3498 711 3677 769 potest

2079 787 2419 853 irridentem,
2447 789 2553 852 ubi,
2574 789 2965 859 cupiditatibus
3018 788 3330 858 indulgens,
3360 790 3674 845 materialia

2080 891 2404 953 terrenaque
2435 894 2717 953 appetens,
2750 882 2899 937 humi
2930 892 3174 953 reptans,
3200 884 3584 953 superhusque
3619 891 3675 936 ct

2077 989 2344 1045 arrogans
2398 987 2590 1046 regnat
2652 977 2899 1046 spiritus,
2951 976 3045 1031 ubi
3100 991 3258 1031 amor
3319 975 3403 1031 sui
3472 974 3671 1046 ipsius,

2074 1080 2229 1120 amor
2287 1066 2687 1122 dominationis
2744 1069 3195 1136 voluptatumque
3245 1074 3299 1120 et
3353 1068 3670 1128 honorum,

2077 1159 2169 1213 ubi
2219 1159 2478 1214 omnibus
2520 1158 2811 1230 indulgent
2866 1158 3211 1227 libidinibus,
3258 1158 3519 1213 omnibus
3574 1172 3672 1211 vo-

2075 1251 2197 1304 lunt
2231 1251 2504 1321 imperare
2530 1266 2630 1307 nec
2663 1253 2764 1320 ipsi
2799 1252 2911 1306 Deo
2943 1252 3254 1321 subjacere,
3284 1259 3339 1306 et
3366 1252 3666 1305 humanam

2075 1343 2328 1411 gloriam,
2354 1359 2446 1396 seu
2476 1343 2660 1412 potius
2679 1343 3061 1412 ignominiam,
3083 1343 3367 1411 acquirere
3393 1343 3666 1396 nituntur.

2077 1437 2208 1491 Inde
2237 1437 2504 1493 adversus
2528 1435 2694 1492 Deum
2720 1447 2771 1491 et
2794 1446 2982 1493 sancta
3005 1436 3372 1501 contumeliae,
3397 1445 3450 1490 et
3481 1435 3671 1489 Eccle-

2075 1530 2171 1584 siae
2220 1530 2572 1600 persecutio;
2604 1530 2728 1583 inde
2756 1530 2896 1584 victa
2942 1528 3359 1598 perdomitaque
3395 1528 3672 1594 voluntas,

2076 1624 2295 1677 illorum
2338 1622 2624 1690 subjacere
2652 1622 2869 1691 cogitur
2898 1623 3251 1690 dogmatibus
3280 1637 3355 1688 ac_
3376 1621 3677 1676 voluntati-

2076 1713 2197 1778 bus,
2232 1722 2453 1781 propter
2483 1727 2606 1780 qute
2634 1712 2900 1767 terribilia
2939 1712 3349 1767 fabricaverunt
3380 1722 3437 1767 et
3474 1726 3677 1781 appro-

2076 1815 2406 1877 peraverunt
2454 1820 2627 1870 arma,
2678 1805 2734 1860 in
2773 1805 2957 1874 specie
3005 1804 3227 1874 quidem
3259 1820 3361 1875 pro
3418 1808 3672 1863 custodia

2077 1913 2366 1967 corporum
2420 1900 2668 1963 collecta,
2733 1911 2925 1952 revera
2987 1906 3170 1951 autem
3222 1909 3539 1967 comparata
3597 1899 3665 1953 ad

2073 1991 2397 2047 vastandam
2446 1991 2899 2061 spoliandamque
2971 1989 3285 2054 ecclesiam,
3332 1990 3498 2045 stulte
3531 2005 3673 2059 pra:-

2074 2094 2323 2141 texentes
2342 2082 2543 2141 Christi
2567 2084 2905 2139 divinitatem
2927 2083 2981 2137 in
3002 2085 3241 2153 imagine
3262 2083 3668 2139 circumscribi.

2074 2177 2308 2233 Perinde
2327 2192 2389 2232 ac
2406 2178 2450 2232 si
2472 2178 2595 2248 quis
2622 2177 2801 2232 solare
2825 2177 2931 2231 hoc
2950 2186 3005 2231 et
3032 2178 3187 2232 disco
3204 2176 3381 2231 simile
3399 2192 3598 2247 corpus
3621 2179 3674 2232 in

2075 2272 2263 2340 aliquo
2286 2271 2408 2325 loco
2428 2270 2789 2339 descriptum,
2814 2271 2956 2324 sicut
2988 2270 3042 2324 in
3080 2270 3412 2339 quibusdam
3437 2271 3671 2336 videtur,

2076 2364 2437 2435 ostendendo,
2473 2364 2829 2418 contenderet
2846 2363 2983 2417 lucis
3006 2363 3303 2418 essentiam
3326 2379 3390 2417 ac
3413 2362 3674 2432 splendo~

2077 2475 2188 2513 rem
2217 2457 2494 2513 conscribi
2519 2467 2572 2510 ct
2600 2457 3009 2523 circumscribi,
3043 2448 3197 2510 aut'a
3221 2457 3339 2510 sole
3368 2456 3552 2510 lumen
3580 2456 3677 2510 ab-

2076 2551 2252 2614 scidi;
2308 2550 2579 2604 veladium
2611 2549 2746 2603 solis
2781 2550 2847 2603 ad
2884 2550 3135 2603 arborem
3167 2563 3551 2619 repercussum
3596 2550 3680 2603 vi-

2076 2641 2231 2706 dens,
2257 2643 2468 2696 succisa
2488 2642 2683 2695 arbore
2702 2640 2865 2694 simul
2884 2651 2939 2695 et
2956 2640 3169 2695 radium
3194 2641 3436 2694 conscidi
3452 2640 3672 2695 demen-

2080 2742 2159 2787 tcr
2183 2735 2568 2788 arbitraretur.
2600 2732 2667 2785 Et
2696 2732 2777 2785 sic
2805 2742 2982 2785 tatnen
3013 2732 3079 2785 de
3105 2732 3228 2799 igne
3253 2747 3317 2785 ac
3346 2732 3413 2786 de
3445 2732 3679 2802 quibus-

2081 2829 2202 2882 dam
2230 2827 2353 2880 aliis
2369 2826 2767 2895 opinabuntur,
2788 2833 2848 2877 ut
2873 2825 3069 2878 merito
3087 2840 3114 2876 a
3137 2825 3323 2893 pueris
3346 2824 3681 2895 nugantibus

2079 2920 2383 2974 illudantur
2436 2929 2694 2989 tanquam
2754 2917 3185 2985 imprudentiora
3240 2917 3563 2971 sentientes.
3618 2916 3678 2970 Si

2077 3013 2222 3068 enim
2246 3012 2321 3066 ita
2351 3012 2419 3065 de
2452 3009 2691 3079 praefatis
2712 3024 2811 3062 nec
2837 3008 2976 3072 ﬁeri,
3009 3024 3111 3063 nec
3140 3007 3342 3074 videri,
3381 3025 3484 3064 nec
3514 3009 3677 3063 etiam

2079 3106 2187 3161 dici
2241 3114 2439 3177 potest,
2481 3115 2688 3173 quanto
2730 3100 2904 3169 magis
2953 3100 3022 3154 de
3066 3098 3326 3154 ineﬂ‘abili
3378 3101 3679 3170 divinaque

380 3187 481 3258 τὴν
510 3187 703 3241 ἀκτῖνα
735 3190 1107 3260 παραφρόνως
1153 3191 1436 3261 ἐνομίσθη.
1477 3192 1587 3245 Καὶ
1641 3189 1825 3260 μέντοι
1874 3190 1970 3243 καὶ

2083 3209 2279 3254 natura
2312 3208 2405 3253 aut
2451 3200 2517 3252 de
2548 3195 2902 3249 inenarrabili
2938 3193 3423 3263 inexplicabilique
3471 3193 3677 3249 Christi

383 3278 479 3330 ἐπὶ
511 3279 683 3349 πυρὸς
713 3280 808 3333 καὶ
840 3281 1018 3334 ἄλλων
1052 3281 1215 3335 τινῶν
1255 3282 1729 3354 διανοηθήσονται,
1770 3281 1858 3335 ἵνα
1889 3282 1974 3333 ὲν-

379 3371 546 3434 δίκιυς
576 3375 725 3443 παρᾶ
757 3374 967 3427 παίδων
1006 3374 1315 3439 παιζόντων
1369 3376 1797 3446 παιχθήσωνται
1840 3392 1972 3444 φρο-

383 3463 602 3528 νοῦντες
636 3466 1043 3537 ἁσυνετώτερα.
1078 3468 1140 3520 Ei
1199 3468 1307 3538 γὰρ
1349 3470 1445 3521 ἐπὶ
1497 3470 1608 3521 τῶν
1657 3469 1974 3539 εἰρημένων

380 3553 508 3607 οὔτε
545 3556 791 3623 γίνεσθαι
826 3555 951 3609 οὔτε
981 3558 1214 3628 ὁρᾶσθαι
1241 3560 1489 3625 πέφυκεν
1519 3557 1642 3611 οὔτε
1680 3559 1785 3630 μὴν
1813 3559 1974 3626 λέγε-

382 3650 509 3703 σθαι
540 3652 725 3720 χώραν
757 3651 867 3715 ἕξει
893 3651 960 3717 ⁸⁷,
996 3655 1148 3722 πόσῳ
1176 3652 1377 3722 μᾶλλον
1404 3652 1496 3704 ἐπὶ
1521 3652 1621 3722 τῆς
1654 3653 1973 3723 ἀπορρήτου

382 3746 479 3795 καὶ
514 3744 668 3805 θείας
708 3744 926 3812 φύσεως
962 3745 992 3815 ἢ
1028 3745 1123 3798 ἐπὶ
1156 3745 1257 3815 τῆς
1282 3745 1568 3816 ἀφράστου
1594 3745 1691 3798 καὶ
1724 3746 1977 3815 ἁνερμη-

383 3836 577 3889 νεύτου
608 3838 849 3907 Χριστοῦ
889 3838 1210 3907 οἰκονομίας
1249 3839 1425 3890 ταῦτα
1485 3838 1670 3907 λέγειν
1699 3838 1732 3909 ἢ
1765 3839 1973 3892 ἐννοεῖν

382 3930 623 3984 ἀδύνατα
661 3931 755 3983 καὶ
786 3932 1220 4002 άνεπιχείρητα’
1285 3931 1407 3984 οὐδὲ
1434 3932 1480 3963 ⁸⁸
1523 3932 1901 3999 σαρκοῦμενος
1941 3930 1973 4001 ἢ

386 4026 611 4093 πάσχων
644 4025 785 4097 ὑπὲρ
817 4026 998 4096 ἡμῶν,
1025 4025 1105 4096 τῷ
1132 4026 1347 4095 σώματι
1383 4025 1559 4096 τούτῳ
1598 4025 1641 4058 ⁸³
1682 4024 1926 4078 πέπονθε
1959 4039 1973 4053 ·

382 4117 506 4168 ἐπεὶ
541 4115 685 4170 οὕτω
725 4135 789 4185 γε
819 4119 913 4170 καὶ
943 4118 993 4170 εἰ
1023 4117 1314 4189 ἄνθρωπος
1339 4117 1399 4170 τὸ
1423 4119 1469 4149 ⁹⁰
1498 4117 1623 4170 καθ’
1647 4120 1798 4189 ἡμᾶς
1829 4120 1977 4171 εἰκοο

383 4206 523 4272 νίξοι
558 4209 599 4238 ⁸⁵
636 4208 713 4278 τῷ
742 4210 978 4279 σώματι,
1010 4209 1228 4281 ἀνάγκη
1254 4210 1349 4263 καὶ
1383 4209 1483 4281 τὴν
1514 4210 1693 4283 ψυχὴν
1725 4229 1976 4264 συνεικυο

385 4298 630 4362 νίζεσθαι
665 4301 697 4370 ἢ
739 4300 962 4365 πάντως
993 4301 1353 4371 τεθνήξεσθαι
1384 4303 1772 4377 χωριζομένην
1803 4307 1847 4337 ⁹²
1876 4321 1889 4335 ⁸
1924 4307 1976 4359 τί

384 4393 494 4461 γὰρ
530 4392 719 4463 ἓτερον
753 4393 985 4457 θάνατος
1034 4394 1067 4465 ἢ
1102 4396 1383 4466 χωρισμὸς
1416 4395 1601 4467 ψυχῆς
1635 4399 1745 4449 ἀπὸ
1781 4398 1976 4468 σώμα-

386 4500 514 4550 τος;
562 4485 727 4539 Ὅθεν
767 4489 825 4541 ἐν
873 4486 1089 4550 τούτοις
1130 4487 1415 4556 φαίνονται
1468 4490 1757 4561 προδήλως
1819 4492 1977 4546 οὐδὲν

2080 3293 2390 3348 teconomia
2428 3292 2551 3345 talia
2585 3290 2768 3344 dicere
2799 3295 2894 3341 aut
2935 3288 3176 3357 cogitare
3202 3287 3427 3341 omnino
3466 3287 3679 3356 impos-

2082 3387 2243 3441 sibiic
2304 3393 2409 3440 est.
2461 3383 2650 3452 Neque
2698 3397 2869 3447 enim,
2913 3379 3234 3435 incarnatus
3277 3387 3330 3434 et
3377 3395 3475 3449 pro
3520 3380 3681 3435 nobis

2081 3480 2321 3550 patiens,
2353 3492 2585 3547 corpore
2608 3476 2711 3530 hoc
2750 3474 2945 3529 lictitio
2975 3489 3170 3542 passus
3202 3483 3319 3541 est;
3356 3472 3600 3543 alioquin
3633 3471 3681 3527 si

2082 3572 2209 3642 quis
2244 3586 2345 3625 nos
2386 3583 2619 3638 corpore
2649 3576 3096 3636 repraesentat-et,
3148 3566 3313 3621 simul
3340 3575 3397 3620 et
3431 3567 3676 3620 animam

2084 3662 2465 3734 repraesentari
2487 3671 2783 3730 Oporteret,
2812 3662 2916 3725 vel,
2942 3661 3121 3714 anima
3147 3670 3416 3730 separata,
3434 3676 3684 3715 essemus

2084 3756 2345 3810 mortui:
2389 3753 2521 3822 quid
2576 3754 2723 3806 enim
2775 3753 2921 3805 aliud
2976 3767 3125 3806 mors
3171 3767 3336 3821 quam
3401 3753 3682 3822 separatio

2083 3849 2278 3907 animae
2302 3862 2332 3900 a
2358 3845 2629 3911 corpore?
2651 3844 2805 3900 Unde
2831 3844 2883 3896 in
2915 3844 3018 3898 hoc
3048 3843 3343 3903 manifeste
3366 3854 3550 3911 patent
3581 3846 3682 3897 im-

2081 3941 2157 4011 pii
2182 3940 2389 4010 pariter
2419 3948 2473 3993 et
2497 3937 2670 4008 ignari
2703 3937 2939 4007 :quippe
2973 3937 3064 4006 qui
3102 3935 3359 3991 nesciunt
3410 3945 3681 4006 quantum

2081 4031 2416 4100 descriptum
2442 4046 2472 4084 a
2502 4031 2923 4098 circumscripto
2955 4039 3004 4081 et
3029 4027 3347 4081 describere
3382 4042 3411 4081 a
3440 4028 3683 4081 circurn-

2084 4125 2371 4182 scribendo
2403 4124 2569 4178 distet
2598 4137 2664 4176 ac
2692 4123 2987 4191 discrepet,
3020 4122 3256 4189 ideoque
3293 4120 3508 4190 decepti
3534 4134 3677 4173 vana

2084 4219 2358 4274 eﬂ‘utiunt.
2403 4217 2578 4271 Porro
2629 4216 2718 4270 ubi
2765 4231 3006 4285 unquam
3052 4215 3303 4268 auditum
3362 4225 3447 4267 est
3471 4227 3675 4281 corpus

2084 4313 2323 4369 describi
2356 4321 2411 4366 et
2452 4309 2834 4365 circumscribi
2872 4325 2979 4362 non
3017 4307 3228 4378 posse?
3264 4316 3358 4361 aut
3394 4307 3678 4377 quomodo

2085 4405 2334 4475 corporis
2381 4412 2578 4458 natura
2623 4414 2677 4457 et
2736 4403 2874 4455 ratio
2906 4402 3223 4457 servabitur
3273 4403 3318 4456 si
3364 4402 3679 4469 hujusmodi

2089 4513 2198 4553 non
2255 4498 2490 4568 gaudeat
2544 4493 3009 4568 proprietatibus?
3057 4494 3159 4561 Qui
3193 4494 3358 4564 igitur
3394 4494 3677 4549 Christum

385 4574 549 4649 ἧττον
578 4579 914 4644 ἀσεϐοῦντες
970 4581 1001 4651 ἢ
1042 4582 1475 4653 ἁμαθαίνοντες·
1530 4584 1592 4636 οὐ
1628 4585 1737 4655 γάρ
1794 4586 1976 4638 ἴσασιν

2084 4606 2318 4659 corpore
2366 4590 2603 4644 describi
2641 4595 2736 4641 aut
2792 4586 3173 4641 circumscribi
3205 4595 3385 4655 negat,
3422 4587 3502 4640 vel
3552 4587 3683 4654 quid

384 4671 508 4723 ὅσον
533 4674 783 4741 γραπτοῦ
819 4675 915 4727 καὶ
948 4678 1341 4746 περιγραπτοῦ
1367 4676 1463 4729 τοῦ
1496 4695 1556 4731 τε
1588 4678 1829 4749 γράφειν
1881 4681 1977 4732 καὶ

386 4767 761 4835 περιγράφειν
795 4767 856 4818 τὸ
889 4766 1096 4831 ίδιάζον
1148 4772 1244 4821 καὶ
1275 4769 1702 4840 διηλλαγμένον,
1762 4775 1858 4824 καὶ
1891 4772 1981 4827 διὰ

384 4859 549 4910 τοῦτο
582 4860 1002 4932 φενακιζόμενοι
1058 4864 1540 4933 ματαιολογοῦσιν.
1578 4866 1687 4918 Ποῦ
1723 4866 1781 4918 δὲ
1838 4867 1980 4930 ὅλως

388 4952 551 5022 σῶμα
574 4954 823 5024 ἄγραφον
857 4955 889 5025 ἢ
925 4957 1311 5028 άπερίγραφον
1337 4961 1403 5013 ἐκ
1425 4961 1519 5013 τοῦ
1558 4960 1761 5023 παντὸς
1784 4962 1979 5025 αἰῶνος

386 5045 691 5115 ἥκουσταις
728 5047 761 5117 ἢ
798 5046 915 5112 πῶς
940 5052 967 5101 ό
993 5050 1087 5102 τοῦ
1108 5052 1361 5121 σώματος
1389 5054 1515 5123 ὅρος
1543 5055 1640 5107 καὶ
1672 5055 1831 5123 λόγος
1864 5073 1972 5108 σω-

387 5136 646 5209 θήσεται,
691 5144 739 5193 εί
783 5139 859 5212 μὴ
884 5143 1061 5197 ταῦτα
1095 5144 1250 5214 ἔχοις
1296 5145 1353 5198 '0
1382 5146 1564 5199 τοίνυν
1604 5149 1680 5219 μὴ
1733 5147 1979 5213 δοξάζων

386 5233 700 5302 γράφεσθαι
731 5234 765 5306 ἢ
798 5236 1237 5307 περιγράφεσθαι
1267 5240 1357 5292 τὸν
1388 5240 1625 5309 Χριστὸν
1658 5241 1895 5311 σώματι,
1926 5240 1959 5311 ἢ

2087 4682 2160 4735 sit
2193 4696 2395 4749 corpus
2447 4681 2681 4749 ignorat,
2728 4677 3069 4746 proindeque
3118 4685 3325 4731 rectam
3372 4692 3482 4731 non
3517 4676 3681 4730 habet

2088 4773 2442 4842 opinionem;
2476 4772 2560 4825 vel
2595 4786 2794 4841 corpus
2829 4784 3169 4839 cognoscens
3197 4769 3393 4823 anima:
3426 4778 3681 4823 naturam

2087 4882 2195 4920 non
2226 4875 2413 4922 servat
2459 4865 2743 4935 integram.
2788 4864 2891 4929 Qui
2921 4878 3050 4934 ergo
3086 4862 3374 4916 conﬁtetur
3398 4861 3681 4915 Christum

2089 4961 2460 5031 assumpsisse
2487 4974 2689 5029 corpus
2723 4957 2941 5028 corpori
2972 4965 3165 5010 nostro
3194 4955 3395 5019 simile,
3424 4969 3546 5007 cum
3576 4953 3682 5006 hoc

2083 5065 2333 5110 nostrum
2363 5052 2600 5107 describi
2622 5060 2675 5106 et
2692 5049 3069 5106 circumscribi
3091 5057 3278 5117 queat,
3296 5048 3612 5102 necessario
3629 5056 3685 5100 et

2089 5146 2293 5202 Christi
2315 5160 2518 5215 corpus
2546 5143 2781 5198 describi
2803 5152 2859 5196 et
2876 5140 3251 5195 circumscribi
3275 5153 3433 5208 posse
3454 5138 3685 5193 conﬁte-

2075 5242 2222 5296 bitur
2256 5259 2269 5295 :
2301 5240 2348 5294 si
2401 5255 2507 5294 non
2558 5238 2857 5308 posterius,
2909 5251 3040 5305 ergo
3078 5248 3178 5289 nec
3215 5233 3369 5303 prius
3399 5234 3682 5299 concedet,

1558 5339 1759 5400 Variae
1786 5340 2101 5403 lectiones
2133 5349 2194 5402 et
2244 5344 2438 5402 notas.

457 5437 503 5513 ξ’
534 5454 635 5513 πρ,
664 5437 788 5513 τῶν
815 5456 879 5513 π,
901 5438 1007 5508 γῆν
1036 5440 1421 5513 στρεφομένων
1453 5441 1549 5493 xui.
1579 5443 1977 5513 ίλυσπωμένων
2011 5445 2098 5500 ed.

385 5507 538 5585 δοξον
573 5509 698 5585 δέω.
751 5510 813 5585 (ἶΣ
844 5507 995 5585 λῦίρ.
1050 5507 1479 5585 ⁷⁵’καταθυμίων
1511 5513 1599 5585 ed.
1660 5515 1706 5544 ⁷⁸
1731 5507 1855 5569 δ.ἆ.
1892 5534 1949 5585 μ.

2079 5514 2186 5568 led.
2213 5513 2338 5568 5l0.

2201 5444 2252 5474 "
2293 5441 2352 5495 τὸ
2387 5439 2671 5511 φίλαρχον,
2705 5438 2766 5489 τὸ
2806 5437 3069 5511 φίλαυτον
3189 5433 3435 5511 3i0._"”
3466 5430 3683 5511 ἧ-κενό-

2435 5513 2475 5542 ⁷⁷
2510 5500 2762 5562 ἐντεῦθεν
2817 5500 2894 5562 id.
2985 5508 3029 5537 ⁷⁸⁸
3063 5510 3177 5567 τοῖς
3235 5503 3445 5557 ἐκεῖθεν
3485 5503 3534 5552 δ.
3599 5500 3677 5551 id.

385 5568 885 5656 :’_Ecxe§_iatc_1:olt_l.
932 5568 1492 5656 εσσχηματοφυλδακήν
1515 5583 1575 5637 Ρ.
1602 5587 1724 5641 cod.
1753 5568 1976 5656 ctprabce

2083 5587 2140 5638 tti
2168 5603 2338 5656 σχημ.
2396 5583 2438 5656 εἳ
2462 5581 2520 5636 δέ
2552 5597 2664 5656 om.
2701 5580 2868 5656 Celsi.
2909 5579 3033 5656 διο.
3098 5575 3404 5656 ξἰδῂτωάε
3430 5568 3681 5656 τουτοδίῖ

382 5648 473 5701 διὰ
510 5666 562 5703 τ.
587 5651 749 5704 Cois].
788 5652 911 5705 510.
990 5648 1395 5719 θῖῦποδείξαςῖ

383 5721 432 5794 ξ,
462 5721 690 5794 6é_cod.,
725 5722 842 5793 ᾔδει
874 5725 923 5775 εἰ
965 5726 1081 5780 ἐκτ.
1120 5726 1180 5776 τὸ
1201 5724 1249 5776 δ.
1287 5743 1336 5777 σ.
1371 5726 1436 5777 Ρ.
1478 5725 1601 5789 ἴδοι,
1632 5730 1743 5780 ὲντ.
1780 5728 1837 5780 δὲ
1867 5727 1927 5780 τὸ
1953 5728 2004 5781 θ.
2033 5743 2254 5794 συνεγκ.
2290 5727 2377 5780 ed.

1207 5795 1252 5825 '°
1282 5795 1388 5846 τῶν
1424 5813 1478 5848 κ.
1506 5798 1559 5865 ἦ.
1612 5798 1871 5861 είκονίζοι
1901 5817 1952 5851 τ.
1989 5816 2039 5851 σ.
2069 5799 2154 5851 ed.
2192 5799 2251 5850 ’τὸ
2284 5815 2335 5852 κ.

384 5860 627 5930 ζομένων
661 5864 724 5916 ed
783 5866 1047 5935 χωριζόμ.
1107 5868 1228 5919 cod.
1283 5860 1653 5936 χωριζόμενον
1708 5860 1876 5923 Coisl.
1936 5870 2062 5923 510.

382 5790 428 5820 ⁸³
452 5790 614 5842 τοῦτο
641 5794 701 5845 Ρ.
734 5790 948 5846 τούτων
970 5812 1021 5847 τι
1052 5796 1112 5851 C.

1476 5654 1521 5685 ⁸⁵
1556 5659 1651 5709 καὶ
1683 5675 1740 5711 π.
1766 5651 1875 5711 om.
1906 5658 2077 5712 Cois].
2112 5651 2237 5710 51οζ
2260 5651 2353 5685 ’⁷⁸⁵
2393 5655 2473 5708 sic
2502 5652 2625 5706 cod.
2660 5660 2713 5703 et
2744 5651 2804 5703 Ι).

2836 5652 2889 5719 ἡ.
2917 5650 3073 5702 είπου
3103 5639 3309 5719 δένδρῳ
3338 5642 3424 5719 βά.
3476 5643 3554 5719 f'
3576 5639 3681 5719 ἤδη

2475 5724 2517 5755 ⁸⁷
2554 5722 2684 5790 ἐξῆν
2716 5710 2870 5787 ροιΙ.,’
2894 5720 3037 5790 ἕξειν
3065 5720 3149 5790 P.
3280 5710 3396 5790 ξίάρ
3426 5710 3552 5790 add.
3587 5712 3678 5763 t-d.

2367 5799 2423 5869 ἡ.
2452 5797 2501 5861 ὲ,
2539 5783 2687 5846 σξΡ.
2791 5783 2976 5864 "Veii.
3009 5789 3175 5843 Coisl.
3204 5785 3332 5840 510.
3437 5783 3483 5813 ⁹²
3513 5796 3682 5853 χωρι-
