4114 6418
373 459 509 523 1203

1614 438 1940 502 GEORGII
1984 433 2435 495 llAMAIiTOLl

3511 422 3646 488 1204

441 575 640 630 Audita
674 573 888 628 Phocas
917 577 1094 624 morte
1139 563 1488 634 imperatoris
1523 559 1778 620 Romani,
1809 554 1954 610 Con-

2131 552 2209 620 (2)
2255 550 2458 603 Μαθὼν
2492 548 2549 602 δὲ
2585 552 2613 602 6
2635 550 2824 613 Φωκᾶς
2856 551 2948 604 τὸν
2991 552 3221 607 θάνατον
3248 553 3342 607 τοῦ
3383 550 3648 622 βασιλέως

375 668 792 737 stantinopolim
839 663 1174 733 properavit,
1215 658 1610 726 tremendoque
1650 654 1964 722 iuramento

378 757 715 830 tmperatrici
748 756 904 810 fidem
939 753 1088 809 dedit
1121 768 1181 808 se
1211 765 1494 820 nunquam
1521 746 1707 802 liberis
1730 740 1961 798 Romani

377 851 806 910 insidiaturum;
842 853 1007 914 atque
1051 846 1248 897 iterum
1285 841 1467 895 factus
1497 846 1581 891 est
1623 834 1734 888 dux
1769 830 1964 887 Orien-

373 939 563 990 talium
597 937 973 999 exercituum,
1006 946 1241 1001 cumque
1280 929 1456 998 copiis
1488 927 1540 980 in
1589 923 1802 996 Syriam
1838 921 1963 976 mis-

372 1042 468 1082 sus
499 1035 601 1082 est.

447 1118 551 1172 Sed
604 1117 804 1171 invidia
845 1127 900 1170 et
951 1115 1303 1184 malignitas,
1355 1126 1476 1180 quae
1526 1109 1693 1163 multa
1744 1106 1963 1175 pariunt

375 1208 517 1260 mala
545 1207 939 1274 hominumque
960 1207 1136 1271 fcorda
1170 1205 1433 1268 exedunt,
1461 1208 1564 1256 huc
1597 1201 1762 1256 etiam
1792 1201 1857 1253 ad
1879 1215 1968 1254 res

374 1299 778 1368 pertttrhandas
805 1298 1011 1367 illapsaa
1031 1306 1179 1351 sunt.
1203 1297 1434 1362 Quidam
1461 1297 1604 1348 enim
1638 1291 1826 1362 palatii
1871 1305 1966 1342 eu-

378 1392 618 1453 nuchus,
653 1393 747 1460 qui
791 1400 921 1444 tunc
956 1404 1152 1458 magna
1190 1388 1461 1458 gaudebat
1499 1385 1826 1441 conﬁdentia
1865 1383 1968 1435 im-

375 1484 762 1552 peratoriaque
784 1482 1011 1537 consilia
1032 1496 1133 1550 pro
1150 1481 1307 1534 libitu
1337 1479 1606 1542 mutabat,
1627 1477 1820 1530 invidit
1841 1476 1964 1529 duci

379 1578 594 1640 Phocm,
625 1585 678 1628 et
705 1589 847 1643 aegre
875 1573 1008 1627 vidit
1043 1573 1272 1626 alterius
1317 1571 1544 1640 gloriam
1593 1578 1757 1638 atque
1793 1566 1964 1620 fortu-

378 1682 504 1722 nam
541 1681 554 1719 :
591 1665 736 1720 unde
769 1666 832 1718 ad
872 1663 1139 1719 Joannem
1195 1663 1503 1716 Zimiscem.
1537 1671 1779 1716 secretas
1819 1659 1968 1713 misit

378 1759 614 1822 litteras,
644 1768 698 1810 ut
731 1757 964 1810 Phocam
1000 1757 1148 1809 i’erro
1181 1755 1464 1810 occideret
1487 1763 1584 1807 aut
1617 1767 1832 1807 veneno
1857 1752 1964 1803 tol-

377 1848 538 1912 leret,
568 1858 733 1914 atque
759 1847 949 1900 urbem
981 1855 1186 1914 peteret
1229 1843 1479 1898 Romano
1510 1841 1739 1912 imperio
1767 1854 1959 1910 supre-

377 1955 578 2012 maque
601 1941 925 1995 auctoritate
955 1937 1250 2006 petiturus.

450 2214 785 2280 Eratautem
833 2215 1097 2270 Zimisces
1129 2216 1210 2270 vir
1235 2215 1456 2284 juvenis
1477 2257 1490 2278 ,
1532 2215 1724 2279 ﬂavus,
1759 2214 1964 2267 forum-

379 2309 728 2375 aus,prritus
765 2307 915 2372 belli,
955 2309 1164 2369 solers,
1209 2317 1490 2366 strenuus.
1541 2305 1738 2368 audax,
1773 2305 1966 2374 plenus

380 2399 638 2464 consilii,
691 2400 891 2462 bonus,
939 2400 1346 2469 magnanimus.
1403 2399 1646 2467 sapiens,
1693 2395 1960 2464 placidus,

381 2491 730 2556 mitissimus,
763 2505 960 2560 expers
997 2491 1240 2554 malitiae,
1270 2491 1474 2554 dulcis,
1508 2491 1832 2558 iniuriarum
1865 2489 1964 2542 im-

381 2599 614 2646 metnor,
665 2584 932 2638 innocens
973 2584 1236 2646 moribus,
1272 2584 1525 2652 denique,
1559 2595 1615 2635 ιιι
1647 2583 1720 2635 ita
1749 2581 1924 2634 dicam
1946 2620 1960 2642 ,

380 2682 500 2725 erat
559 2673 754 2727 hortus
809 2672 977 2726 variis
1021 2673 1270 2726 consitus
1327 2671 1552 2739 gratiis,
1601 2686 1762 2739 quem
1826 2671 1966 2724 Deus

386 2764 590 2832 plantis
622 2764 1015 2828 decoraverat;
1047 2771 1100 2817 et
1135 2764 1283 2816 Omni
1319 2763 1524 2817 virtute
1563 2771 1789 2817 ornatus
1826 2774 1960 2816 crat.

383 2852 538 2909 Talis
559 2865 674 2908 erat
700 2853 964 2908 Zimisces
982 2856 1064 2908 vir
1084 2855 1324 2924 prudens
1341 2863 1393 2907 et
1419 2854 1788 2916 comissimus;
1809 2864 1968 2908 tunc-

381 2963 495 3019 que
522 2959 638 3003 erat
655 2948 845 3002 Phocte
864 2947 1272 3002 contubernalis
1294 2947 1674 3016 secundusque
1695 2958 1814 3014 post
1844 2961 1965 3002 eum

383 3042 492 3096 dux
522 3057 538 3103 ;
574 3052 694 3094 erat
717 3041 881 3095 etiam
911 3041 1032 3110 ejus
1071 3051 1360 3110 cognatus.

457 3132 554 3187 Ubi
609 3143 970 3202 pervenerunt
1007 3133 1245 3187 eunuchi
1292 3133 1486 3187 litterte
1549 3132 1601 3186 in
1644 3147 1838 3186 manus
1878 3130 1965 3184 Zi-

2077 643 2382 710 ⁹Ρω;;ανοῦ,
2404 643 2642 713 ἔδραμεν
2664 645 2745 707 είς
2769 645 2867 714 τὴν
2885 646 2956 700 Κ.
2979 647 3070 713 Π.,
3090 649 3185 701 καὶ
3206 648 3425 718 ὤμοσεν
3450 649 3650 720 ὅρκους

2067 734 2332 806 φρικτοὺς
2359 735 2458 805 τῆς
2494 735 2838 808 βασιλίσσης.
2867 740 2951 793 ὅτι
2987 740 3118 794 ποτε
3151 741 3246 795 τοῦ
3278 744 3344 796 νά
3390 743 3496 812 μὴν
3529 746 3650 796 επι-

2067 824 2334 895 ϐουλευθῇ
2357 824 2434 884 ,τά
2465 827 2658 879 παιδία
2696 828 2794 882 τοῦ
2845 827 3136 898 Ῥωμανοῦ
3157 847 3171 862 ·
3205 833 3301 885 καὶ
3333 833 3495 888 πάλιν
3526 835 3651 901 ὲγέρ

2065 933 2189 970 νετο
2239 918 2547 985 στρατηγὸς
2581 919 2681 988 τῆς
2723 920 3034 992 Ἀνατολῆς,
3059 924 3152 977 καὶ
3192 925 3479 996 ἀπεστάλη
3511 929 3652 997 μετά

2065 1008 2348 1076 δυνάμεως
2377 1011 2455 1072 είς
2487 1009 2712 1078 Συρίαν.

2137 1100 2182 1132 ³⁸
2205 1101 2281 1168 (5)
2320 1102 2370 1135 ⁸³
2397 1101 2538 1156 Ἀλλ’
2574 1103 2602 1155 6
2634 1103 2834 1171 φθόνος
2859 1107 2952 1159 καὶ
2981 1107 3012 1178 ή
3036 1107 3308 1178 βασκανία
3335 1110 3491 1164 ἅτινα
3514 1127 3652 1181 προ-

2070 1189 2284 1253 ξενοῦσι
2314 1191 2382 1244 τὰ
2414 1191 2587 1246 πολλὰ
2619 1194 2788 1259 κακά,
2821 1198 2916 1250 καὶ
2949 1197 3224 1266 τρώγουσι
3275 1201 3374 1265 τὰς
3426 1204 3652 1273 καρδίας

2067 1283 2177 1335 τῶν
2201 1282 2526 1354 ἀνθρώπων.
2589 1287 2811 1356 εἰσῆλθε
2865 1289 2959 1342 καὶ
3001 1287 3105 1344 ὦδε
3159 1291 3226 1344 νὰ
3284 1295 3534 1366 συγχύσῃ
3583 1298 3652 1350 τά

2071 1372 2394 1442 πράγματα.
2447 1369 2545 1438 Εἷς
2595 1376 2704 1446 γὰρ
2747 1379 3003 1451 εὐνοῦχος
3038 1381 3134 1434 τοῦ
3166 1383 3464 1449 παλατίου,
3503 1387 3654 1451 ὅστις

2068 1462 2181 1537 εἶχε
2211 1470 2332 1521 τότε
2368 1469 2569 1540 πολλὴν
2619 1475 2955 1544 παρρησίαν,
3008 1478 3103 1530 καὶ
3158 1480 3495 1552 μετέστρεφε
3553 1482 3654 1546 τάς

2070 1557 2357 1626 βασιλικὰς
2405 1561 2695 1628 ὑποθέσεις
2733 1565 2804 1627 ὡς
2832 1568 3046 1637 ἥῗελεν,
3085 1569 3354 1639 ἑφθόνησε
3382 1574 3524 1627 κατά
3555 1575 3651 1627 τοῦ

2070 1652 2443 1721 στρατηλάτου
2475 1656 2661 1720 Φωκᾶ,
2695 1659 2792 1711 καὶ
2817 1660 2919 1712 οὐκ
2952 1659 3116 1731 ἔφερε
3161 1663 3226 1714 νά
3258 1663 3430 1735 βλέπῃ
3461 1666 3650 1736 ἑτέρου

2069 1745 2233 1798 καλὸν
2281 1747 2374 1799 καὶ
2424 1749 2722 1820 εὐτυχίαν
2750 1753 2844 1806 καὶ
2887 1754 3210 1807 ἀπέστειλεν
3260 1758 3343 1820 είς
3399 1758 3655 1827 Ἰωάννην

2067 1837 2160 1890 τὸν
2207 1836 2515 1908 Τζιμισχῆν
2570 1843 2789 1911 γραφὰς
2819 1845 3036 1913 κρυφὰς
3078 1845 3160 1898 ὃτι
3201 1846 3267 1899 νά
3303 1847 3538 1919 φονεύσῃ
3563 1849 3653 1902 τὸν

1996 1904 2030 1955 Β
2067 1929 2261 1982 Φωκᾶν
2360 1904 2550 1984 vdit-6v
2581 1904 2960 2006 redeundi-cn,
2991 1904 3094 2015 καὶ
3122 1936 3192 1990 νά
3226 1904 3408 2011 φθάσῃ
3443 1904 3655 2011 είςιτὴν

2067 2025 2224 2078 πόλιν
2271 2025 2336 2077 νά
2389 2027 2618 2093 γένηται
2652 2028 2908 2096 βασιλεὺς
2951 2032 3046 2085 καὶ
3106 2032 3472 2104 αὐτοκράτωρ
3515 2034 3652 2088 Ῥω-

2070 2117 2268 2187 μαίων.

2135 2206 2183 2237 ⁸⁶
2237 2207 2314 2275 (4)
2359 2203 2530 2262 Ἦτον
2565 2209 2622 2262 δὲ
2667 2213 2693 2264 6
2735 2210 3042 2281 Τζιμισχῆς
3090 2215 3379 2283 ἄνθρωπος
3423 2218 3650 2288 ὠρατος,

2067 2301 2298 2367 ξανθὸς,
2357 2300 2662 2372 εὔμορφος,
2709 2305 2876 2376 860
2925 2309 3302 2381 πολεμιστὴς,
3358 2311 3648 2377 ἐπιδέξιος,

2069 2395 2488 2465 ἀνδρειωμένος,
2526 2396 2813 2466 εὖτολμος,
2853 2398 3169 2470 βουλευτὴς,
3216 2403 3442 2470 ἀγαθὸς,
3475 2419 3653 2472 μεγα-

2066 2488 2333 2557 λόψυχος,
2378 2487 2646 2558 σώφρων,
2692 2491 2929 2562 ἥμερος,
2979 2493 3288 2562 πραότατος
3315 2535 3330 2558 ,
3400 2496 3613 2556 ἄκακος
3635 2532 3650 2557 ,

2069 2581 2295 2647 γλυκὺς,
2323 2580 2726 2652 ἀμνησίκακος.
2755 2582 3164 2655 ἀγαθότροπος,
3199 2588 3377 2639 είπείν
3407 2587 3489 2639 ὅτι
3521 2581 3655 2654 ἦτον

2068 2672 2142 2732 ὡς
2199 2671 2530 2741 παράδεισος
2579 2674 2718 2741 μετά
2769 2673 3024 2743 μεγάλων
3055 2677 3317 2745 χαρίτων,
3349 2688 3488 2745 οπερ
3523 2675 3658 2745 ἐφύ-

2068 2778 2262 2814 τευσεν
2318 2765 2346 2814 6
2395 2762 2562 2825 Θεός·
2619 2764 2713 2817 καὶ
2759 2760 2874 2834 εἶχε
2908 2767 3091 2819 πᾶσαν
3113 2767 3285 2834 καλὴν
3319 2766 3523 2836 ἀρετὴν
3565 2766 3656 2819 ἐπ’

2070 2853 2234 2904 αὐτόν
2253 2868 2266 2882 ·
2297 2855 2540 2915 τοιοῦτος
2569 2848 2700 2923 ἦτον
2731 2856 2758 2907 6
2781 2853 3091 2927 Τζιμισχῆς
3119 2857 3530 2926 ἁγαθογνώμων
3559 2858 3656 2910 καὶ

2070 2943 2467 3014 χαριέστατος·
2514 2945 2607 2998 καὶ
2653 2941 2786 3016 ἦτον
2830 2947 2954 3000 τότε
3013 2948 3318 3018 σύντροφος
3365 2947 3460 3000 τοῦ
3494 2947 3658 3001 Φωκᾶ

2073 3037 2167 3091 καὶ
2202 3036 2650 3108 ὑποστράτηγοςο
2680 3033 2813 3109 ἦτον
2843 3040 2899 3094 δὲ
2929 3041 3025 3094 καὶ
3065 3040 3336 3112 συγγενὴς
3372 3039 3562 3094 αὑτοῦ.

2147 3129 2226 3201 (5)
2279 3130 2390 3183 Καὶ
2423 3131 2500 3194 ὼς
2559 3130 2804 3200 ιφθασαν
2833 3133 2890 3185 αί
2921 3135 3131 3204 γραφαὶ
3165 3133 3259 3186 τοῦ
3289 3132 3545 3203 εὐνούχου
3576 3134 3658 3196 είς

380 3226 593 3290 miscis,
639 3239 733 3280 eas
800 3225 1014 3293 aperuit
1056 3239 1119 3278 ac
1165 3223 1338 3292 legit;
1385 3237 1621 3292 cumque
1682 3232 1828 3276 esset
1887 3223 1967 3273 vir

2071 3221 2168 3286 τὰς
2198 3224 2386 3292 χεῖρας
2421 3223 2588 3275 αὐτοῦ
2620 3224 2716 3275 τοῦ
2745 3223 3051 3296 Τζιμισχῆ,
3085 3225 3267 3290 ἄνοιξε
3291 3226 3386 3278 καὶ
3416 3223 3661 3292 ἀνέγνω-

381 3317 564 3372 omnis
600 3315 824 3370 malitia:
858 3325 914 3370 et
956 3315 1242 3383 pravitatis
1285 3315 1568 3378 inimicus,
1607 3313 1829 3368 tradidit
1871 3312 1968 3365 has

382 3409 594 3464 litteras
622 3409 676 3459 in
709 3422 906 3460 manus
931 3405 1124 3460 Phocte
1143 3407 1332 3461 dicens
1361 3425 1374 3461 :
1403 3426 1422 3457 ι
1452 3405 1496 3459 Ο
1524 3406 1822 3475 ignominia
1851 3421 1968 3458 ma-

382 3513 491 3568 gna
528 3508 578 3550 et
611 3496 899 3550 calamitas
939 3495 1354 3563 Romanorum;
1395 3497 1644 3551 obtinent
1682 3496 1969 3566 imperium

385 3590 757 3644 Romanorum
785 3586 1026 3657 illudque
1055 3589 1243 3643 venale
1268 3589 1466 3645 habent
1491 3589 1728 3644 eunuchi
1767 3588 1970 3660 pravis-

389 3680 513 3734 simi
549 3695 612 3732 ac
640 3679 895 3749 nequitia:
925 3679 1192 3750 artifices!
1229 3699 1247 3732 ι

462 3868 586 3924 Haec
600 3869 806 3925 audivit
823 3870 954 3935 dux,
971 3880 1018 3925 et
1037 3874 1370 3937 succensuit,
1385 3885 1436 3928 et
1453 3875 1730 3930 ardentem
1749 3876 1975 3948 spiravit

389 3961 558 4026 iram;
584 3969 751 4030 utque
781 3962 863 4016 leo
888 3977 1011 4016 cum
1041 3963 1261 4034 evigilat
1288 3981 1593 4036 somnoque
1617 3969 1897 4022 excutitur
1922 3977 1978 4024 et

387 4054 551 4124 rugit,
583 4055 664 4109 sic
695 4055 785 4110 ille
836 4070 968 4110 suos
997 4057 1279 4126 aperiebat
1302 4059 1494 4114 oculos
1526 4068 1580 4113 et
1609 4058 1888 4131 rugiebat;
1921 4070 1976 4115 et

387 4147 592 4202 invasit
618 4162 812 4202 omnes
847 4149 1010 4202 timor
1043 4164 1109 4204 ac
1142 4161 1368 4212 tremor,
1401 4160 1454 4206 et
1490 4151 1861 4221 proclamatus
1894 4161 1978 4206 est

390 4243 706 4308 imperator,
727 4252 778 4298 et
813 4239 1678 4312 festinavitConstantinOpolim,
1718 4243 1980 4314 nullaque

389 4335 444 4386 vi
475 4343 572 4390 aut
597 4335 924 4408 necessitate
955 4334 1104 4390 illata
1139 4350 1259 4390 eam
1301 4335 1460 4391 facile
1500 4336 1779 4408 ingressus
1802 4344 1906 4402 est,
1927 4343 1982 4388 et

392 4447 586 4486 omnes
643 4431 935 4501 primores,
1013 4439 1165 4486 totus
1225 4434 1484 4502 populus,
1549 4432 1871 4503 imperatrix
1927 4439 1980 4486 et

390 4523 701 4592 patriarcha
729 4523 876 4576 illum
899 4533 1231 4592 exceperunt
1255 4540 1380 4579 cum
1410 4539 1606 4592 magna
1633 4523 1819 4578 laetitia
1847 4540 1982 4579 una-

392 4611 634 4684 nimique
684 4627 956 4668 consensu
993 4629 1117 4670 eum
1173 4627 1570 4670 coronavernnt
1596 4615 1979 4686 imperatorem

394 4702 792 4762 Romanorum.

715 4912 781 4966 ll.
830 4911 1068 4982 Regnum
1111 4909 1401 4980 Nicepltori
1442 4911 1652 4967 Phoce.

466 5026 624 5080 Anno
659 5025 848 5079 mundi
889 5027 1072 5081 sexies
1103 5025 1401 5081 millesimo
1445 5027 1986 5097 quadringentesimo

397 5119 804 5189 septuagesimo
839 5121 1038 5189 primo,
1069 5118 1266 5174 divinae
1303 5119 1704 5174 incarnationis
1741 5133 1988 5190 nongen-

398 5211 597 5266 tesimo
628 5213 1031 5280 septuagesimo
1079 5211 1297 5281 primo,
1349 5213 1597 5282 regnavit
1647 5209 1988 5281 Nicephorus

395 5303 633 5358 Phocas.

469 5393 622 5451 llunc
656 5403 835 5449 autem
892 5397 1280 5464 imperatorem
1331 5410 1522 5450 omnes
1553 5394 1900 5449 :estimahaut
1934 5404 1987 5447 et

2076 3330 2168 3365 σεν
2201 3313 2393 3378 αὑτάς,
2427 3315 2522 3366 καὶ
2544 3309 2676 3384 ἦτον
2706 3315 2997 3384 ἄνθρωπος
3024 3315 3202 3386 μισῶν
3233 3317 3415 3369 πᾶσαν
3457 3315 3658 3369 κακίαν

2075 3406 2170 3458 καὶ
2203 3404 2504 3474 πονηρίαν
2542 3404 2714 3460 ἔδωκε
2749 3407 2952 3470 ταύτας
2981 3407 3081 3471 τὰς
3113 3409 3329 3478 γραφὰς
3363 3409 3443 3469 είς
3469 3410 3660 3478 χεῖρας

2074 3495 2169 3548 τοῦ
2212 3497 2380 3549 Φωκᾶ
2421 3499 2630 3550 εἰπών’
2682 3517 2700 3548 ι
2738 3494 2808 3551 Ὦ
2837 3499 3032 3570 ἀτιμία
3079 3499 3291 3569 μεγάλη
3338 3499 3430 3551 καὶ
3460 3499 3663 3568 ἀτυχία

2075 3587 2182 3640 τῶν
2244 3587 2573 3658 Ῥωμαίων·
2637 3590 2765 3643 ὅταν
2815 3589 3002 3661 ἔχουσι
3057 3589 3157 3661 τὴν
3218 3590 3495 3660 βασιλείαν
3551 3589 3661 3643 τῶν

2089 3677 2380 3749 Ῥωμαίων
2416 3681 2510 3733 καὶ
2541 3681 2984 3734 ἀνακατωνοῦσιν
3009 3681 3180 3752 αὐτὴν
3211 3679 3457 3751 εὐνοῦχοι
3489 3697 3660 3752 πονη-

2079 3773 2295 3846 ρότατοι
2327 3774 2422 3826 καὶ
2451 3773 2655 3836 κακίας
2687 3774 2939 3841 ἐργάται.
2981 3793 2999 3825 ι

2140 3867 2191 3908 ,ιτ
2220 3865 2299 3934 (6)
2325 3862 2370 3896 ⁸⁸
2401 3865 2638 3917 Ἤκουσε
2670 3866 2888 3920 ταῦταό
2909 3866 3240 3936 στρατηγὸς,
3261 3867 3355 3920 καὶ
3378 3863 3661 3934 ἐθυμώθη,

2077 3957 2173 4013 καὶ
2201 3957 2428 4010 ἔπνευσε
2459 3956 2569 4025 πῦρ
2601 3957 2695 4010 κοιλ⁵
2720 3957 2893 4030 ὀργήν
2920 3974 2935 3989 ·
2973 3959 3067 4011 καὶ
3115 3955 3305 4027 ὥσπερ
3358 3957 3496 4010 λέων
3536 3958 3666 4009 ὅταν

2080 4048 2314 4103 ὑπνώτει
2344 4051 2438 4102 καὶ
2469 4049 2761 4120 ὲξυπνήσει
2797 4051 2892 4104 καὶ
2930 4049 3203 4122 βρυχηθῇ,
3233 4049 3408 4114 οὓτως
3453 4047 3666 4118 ἤνοιξεν

2081 4141 2288 4204 ἐκεῖνος
2325 4141 2454 4202 τοὺς
2501 4140 2820 4210 ὀφθαλμοὺς
2865 4140 3034 4194 αὐτοῦ
3084 4143 3178 4194 καὶ
3228 4140 3535 4212 ἐϐρυχὴθη,
3571 4137 3668 4193 καὶ

2083 4232 2423 4302 περιέδραμε
2456 4231 2621 4300 φόϐος
2653 4233 2748 4286 καὶ
2775 4231 2950 4285 δειλία
2998 4234 3081 4295 εἰς
3133 4233 3340 4296 πάντας
3360 4249 3373 4262 ·
3412 4235 3507 4285 καὶ
3540 4233 3672 4285 ἀνε-

2083 4325 2334 4395 φημίσθη
2371 4325 2650 4392 βασιλεὺς,
2674 4325 2768 4378 καὶ
2819 4325 3060 4394 ἔφθασεν
3109 4325 3190 4389 είς
3235 4325 3336 4394 τὴν
3371 4326 3670 4378 Κωνσταν-

2082 4417 2412 4484 τινούπολιν,
2446 4420 2540 4471 καὶ
2578 4421 2752 4489 χωρὶς
2800 4416 2922 4486 βίας
2955 4417 3100 4480 τινὸς
3133 4417 3166 4490 ἢ
3209 4415 3460 4485 ἀνάγκης
3488 4413 3673 4482 εἰσῆλ-

2087 4512 2178 4566 θεν
2205 4512 2314 4565 ἔσω
2337 4511 2577 4573 εὐκόλως
2595 4526 2608 4539 ο
2647 4510 2742 4562 καὶ
2773 4510 2978 4572 πάντες
3008 4510 3058 4562 oi
3087 4509 3350 4579 ἄρχοντες
3377 4507 3471 4560 καὶ
3493 4508 3520 4559 6
3543 4506 3672 4568 λαὸς

2013 4576 2058 4631 D
2087 4604 2207 4667 ὅλος
2245 4603 2339 4655 καὶ
2380 4604 2414 4671 ἡ
2473 4600 2770 4670 βασίλισσα
2806 4601 2901 4654 καὶ
2956 4601 2984 4652 6
3041 4576 3395 4670 πατριάρχης
3426 4596 3676 4661 ἐδέξαντο

2089 4695 2251 4748 αὐτὸν
2289 4692 2427 4766 μετά
2458 4694 2634 4763 χαρᾶς
2671 4693 2938 4763 μεγάλης,
2975 4692 3070 4746 καὶ
3102 4690 3333 4761 ἐστεψαν
3369 4690 3532 4744 αὑτὸν
3565 4688 3676 4742 ἀπὸ

2090 4789 2278 4859 κοινῆς
2312 4787 2541 4858 βασιλέα
2579 4786 2894 4858 Ῥωμαίων.

2321 4901 2365 4932 ⁸⁸
2393 4898 2496 4972 [θ’]
2544 4900 2837 4958 Βασιλεία
2862 4898 3204 4969 Νικηφόρον
3239 4897 3435 4954 Φωκᾶ.

2160 5020 2202 5050 ὀ
2230 5015 2321 5088 Τῷ
2345 5023 2518 5080 ,ςυοα’
2544 5014 2655 5070 ἔτει
2682 5013 2776 5071 τοῦ
2808 5015 3040 5084 κόσμου,
3071 5015 3168 5084 τῆς
3189 5013 3248 5066 δὲ
3277 5011 3429 5075 θείας
3459 5010 3680 5082 σαρκώ-

2089 5128 2226 5172 σεως
2257 5111 2404 5176 ἓοαᾍ
2435 5107 2758 5164 ἐϐασίλευσε
2792 5107 3112 5179 Νικηφόρος
3141 5109 3169 5160 6
3190 5107 3408 5174 Φωκᾶς.

2165 5394 2240 5463 (9)
2296 5397 2337 5426 ⁹¹
2393 5393 2826 5457 Βασιλεύσαντος
2877 5393 2933 5450 δὲ
2992 5392 3207 5459 τούτου,
3238 5391 3468 5445 ἔϐλεπον
3519 5387 3684 5444 αὑτὸν

1596 5559 1796 5621 Variis
1819 5559 2127 5621 lectiones
2159 5566 2219 5620 et
2260 5565 2444 5620 notas.

472 5708 518 5740 "
562 5709 684 5762 Par.
732 5707 868 5759 i708
923 5705 999 5775 (i)
1064 5706 1179 5775 lege

401 5778 533 5830 Ced.
568 5777 752 5832 347.8.
828 5775 871 5805 "
908 5774 1035 5828 Par.
1074 5774 1260 5830 “08f
1306 5777 1351 5808 ⁸⁸
1388 5775 1509 5830 Par.
1547 5775 1611 5828 17

403 5849 544 5902 ίξυδ
567 5846 638 5896 (τί.
666 5844 795 5896 Ced.
830 5843 1012 5908 35!,1.

1227 5713 1300 5776 η’,
1343 5721 1466 5776 cum
1514 5707 1754 5776 relegata
1786 5706 1930 5762 sita.
1960 5709 1969 5757 ε

2072 5747 2088 5776 τ
2163 5704 2211 5735 δ’
2241 5703 2367 5776 Par:
2402 5702 2638 5776 nosci.
2689 5704 2823 5776 (led.
2872 5703 3090 5776 usas,
3171 5701 3377 5776 "Par:
3429 5701 3595 5776 nos
3614 5699 3684 5754 cr.

1719 5777 1791 5830 cf.
1834 5777 1962 5832 Ccd.
1996 5775 2182 5839 568,2.
2263 5775 2308 5806 ⁸⁹
2334 5773 2463 5828 Par.
2499 5772 2638 5828 i708
2665 5774 2736 5828 cf.
2773 5775 2906 5830 (Sed.
2933 5773 3117 5839 ειη).
3195 5775 3242 5805 ’⁸
3277 5771 3403 5828 963.
3481 5773 3525 5803 "
3561 5770 3688 5826 Par.
