  <div class='ocr_page' id='page_1' title='image "/cluster/home/n/w/nwhite01/storage/ocr_20150623/110/coo.31924054870146/615.png"; bbox 0 0 4114 6456; ppageno 0'>
   <div class='ocr_carea' id='block_1_1' title="bbox 521 464 663 528">
    <p class='ocr_par' dir='ltr' id='par_1_1' title="bbox 521 464 663 528">
     <span class='ocr_line' id='line_1_1' title="bbox 521 464 663 528; baseline 0 0"><span class='ocrx_word' id='word_1_1' title='bbox 521 464 663 528; x_wconf 67' lang='grc' dir='ltr'><strong>12ῐῦ</strong></span> 
     </span>
    </p>
   </div>
   <div class='ocr_carea' id='block_1_2' title="bbox 1729 468 2559 530">
    <p class='ocr_par' dir='ltr' id='par_1_2' title="bbox 1729 468 2559 530">
     <span class='ocr_line' id='line_1_2' title="bbox 1729 468 2559 530; baseline -0.005 0"><span class='ocrx_word' id='word_1_2' title='bbox 1729 469 2051 530; x_wconf 79' lang='lat' dir='ltr'><strong>GEORGII</strong></span> <span class='ocrx_word' id='word_1_3' title='bbox 2091 468 2559 529; x_wconf 76' lang='lat' dir='ltr'><strong>HAMARTOLI‘</strong></span> 
     </span>
    </p>
   </div>
   <div class='ocr_carea' id='block_1_3' title="bbox 3650 469 3807 536">
    <p class='ocr_par' dir='ltr' id='par_1_3' title="bbox 3650 469 3807 536">
     <span class='ocr_line' id='line_1_3' title="bbox 3650 469 3807 536; baseline -0.006 -1"><span class='ocrx_word' id='word_1_4' title='bbox 3650 469 3807 536; x_wconf 70' lang='lat' dir='ltr'><strong>I216-</strong></span> 
     </span>
    </p>
   </div>
   <div class='ocr_carea' id='block_1_4' title="bbox 521 587 2128 662">
    <p class='ocr_par' dir='ltr' id='par_1_4' title="bbox 521 587 2102 659">
     <span class='ocr_line' id='line_1_4' title="bbox 521 587 2102 659; baseline 0.002 -19"><span class='ocrx_word' id='word_1_5' title='bbox 521 588 639 642; x_wconf 90' lang='lat' dir='ltr'><strong>tius</strong></span> <span class='ocrx_word' id='word_1_6' title='bbox 667 596 847 641; x_wconf 90' lang='lat' dir='ltr'><strong>autem</strong></span> <span class='ocrx_word' id='word_1_7' title='bbox 881 596 1000 657; x_wconf 87' lang='lat' dir='ltr'><strong>post</strong></span> <span class='ocrx_word' id='word_1_8' title='bbox 1029 588 1168 642; x_wconf 87' lang='lat' dir='ltr'><strong>lianc</strong></span> <span class='ocrx_word' id='word_1_9' title='bbox 1207 587 1662 642; x_wconf 86' lang='lat' dir='ltr'><strong>restaurationem</strong></span> <span class='ocrx_word' id='word_1_10' title='bbox 1716 604 1824 643; x_wconf 92' lang='lat' dir='ltr'><strong>non</strong></span> <span class='ocrx_word' id='word_1_11' title='bbox 1876 589 2102 659; x_wconf 76' lang='lat' dir='ltr'><strong>quievit,</strong></span> 
     </span>
    </p>
   </div>
   <div class='ocr_carea' id='block_1_5' title="bbox 2237 587 3802 662">
    <p class='ocr_par' dir='ltr' id='par_1_5' title="bbox 2237 587 3802 662">
     <span class='ocr_line' id='line_1_5' title="bbox 2237 587 3802 662; baseline 0.001 -22"><span class='ocrx_word' id='word_1_12' title='bbox 2237 588 2492 641; x_wconf 66' lang='grc' dir='ltr'><strong>ιασιλείαν</strong></span> <span class='ocrx_word' id='word_1_13' title='bbox 2522 588 2892 660; x_wconf 84' lang='grc' dir='ltr'><strong>συνήχθησαν.</strong></span> <span class='ocrx_word' id='word_1_14' title='bbox 2931 588 3070 642; x_wconf 81' lang='grc' dir='ltr'><strong>Ἀλλ’</strong></span> <span class='ocrx_word' id='word_1_15' title='bbox 3101 591 3128 644; x_wconf 76' lang='grc' dir='ltr'><strong>ὁ</strong></span> <span class='ocrx_word' id='word_1_16' title='bbox 3153 587 3430 651; x_wconf 84' lang='grc' dir='ltr'><strong>Βασίλειος</strong></span> <span class='ocrx_word' id='word_1_17' title='bbox 3451 588 3606 642; x_wconf 79' lang='grc' dir='ltr'><strong>οὐδὲν</strong></span> <span class='ocrx_word' id='word_1_18' title='bbox 3631 590 3802 662; x_wconf 88' lang='grc' dir='ltr'><strong>ἐκαρ-</strong></span> 
     </span>
    </p>
   </div>
   <div class='ocr_carea' id='block_1_6' title="bbox 517 679 2115 743">
    <p class='ocr_par' dir='ltr' id='par_1_6' title="bbox 517 679 2115 743">
     <span class='ocr_line' id='line_1_6' title="bbox 517 679 2115 743; baseline 0.003 -11"><span class='ocrx_word' id='word_1_19' title='bbox 517 680 608 734; x_wconf 80' lang='lat' dir='ltr'><strong>sed</strong></span> <span class='ocrx_word' id='word_1_20' title='bbox 639 679 803 732; x_wconf 86' lang='lat' dir='ltr'><strong>movit</strong></span> <span class='ocrx_word' id='word_1_21' title='bbox 829 694 1018 734; x_wconf 86' lang='lat' dir='ltr'><strong>omnes</strong></span> <span class='ocrx_word' id='word_1_22' title='bbox 1052 679 1422 733; x_wconf 76' lang='lat' dir='ltr'><strong>Romanorum</strong></span> <span class='ocrx_word' id='word_1_23' title='bbox 1458 681 1623 742; x_wconf 87' lang='lat' dir='ltr'><strong>vires,</strong></span> <span class='ocrx_word' id='word_1_24' title='bbox 1670 681 1937 736; x_wconf 83' lang='lat' dir='ltr'><strong>adversus</strong></span> <span class='ocrx_word' id='word_1_25' title='bbox 1975 683 2115 743; x_wconf 84' lang='lat' dir='ltr'><strong>Ara_</strong></span> 
     </span>
    </p>
   </div>
   <div class='ocr_carea' id='block_1_7' title="bbox 522 770 2112 844">
    <p class='ocr_par' dir='ltr' id='par_1_7' title="bbox 522 770 2112 844">
     <span class='ocr_line' id='line_1_7' title="bbox 522 770 2112 844; baseline 0.004 -20"><span class='ocrx_word' id='word_1_26' title='bbox 522 783 617 824; x_wconf 76' lang='lat' dir='ltr'><strong>nes</strong></span> <span class='ocrx_word' id='word_1_27' title='bbox 633 770 895 835; x_wconf 78' lang='lat' dir='ltr'><strong>excurrit,</strong></span> <span class='ocrx_word' id='word_1_28' title='bbox 921 779 973 824; x_wconf 90' lang='lat' dir='ltr'><strong>et</strong></span> <span class='ocrx_word' id='word_1_29' title='bbox 997 787 1167 840; x_wconf 91' lang='lat' dir='ltr'><strong>usque</strong></span> <span class='ocrx_word' id='word_1_30' title='bbox 1189 772 1254 825; x_wconf 94' lang='lat' dir='ltr'><strong>ad</strong></span> <span class='ocrx_word' id='word_1_31' title='bbox 1287 773 1468 826; x_wconf 85' lang='lat' dir='ltr'><strong>Iberos</strong></span> <span class='ocrx_word' id='word_1_32' title='bbox 1484 781 1537 826; x_wconf 91' lang='lat' dir='ltr'><strong>et</strong></span> <span class='ocrx_word' id='word_1_33' title='bbox 1561 772 1854 829; x_wconf 68' lang='lat' dir='ltr'><strong>Phoenicen</strong></span> <span class='ocrx_word' id='word_1_34' title='bbox 1895 790 2112 844; x_wconf 85' lang='lat' dir='ltr'><strong>proces-</strong></span> 
     </span>
    </p>
   </div>
   <div class='ocr_carea' id='block_1_8' title="bbox 523 858 2108 938">
    <p class='ocr_par' dir='ltr' id='par_1_8' title="bbox 523 858 2108 938">
     <span class='ocr_line' id='line_1_8' title="bbox 523 858 2108 938; baseline 0.005 -24"><span class='ocrx_word' id='word_1_35' title='bbox 523 860 619 914; x_wconf 87' lang='lat' dir='ltr'><strong>sit.</strong></span> <span class='ocrx_word' id='word_1_36' title='bbox 644 858 828 929; x_wconf 81' lang='lat' dir='ltr'><strong>itaque</strong></span> <span class='ocrx_word' id='word_1_37' title='bbox 853 870 1197 916; x_wconf 88' lang='lat' dir='ltr'><strong>tremuerunt</strong></span> <span class='ocrx_word' id='word_1_38' title='bbox 1225 879 1398 933; x_wconf 81' lang='lat' dir='ltr'><strong>reges,</strong></span> <span class='ocrx_word' id='word_1_39' title='bbox 1425 864 1721 933; x_wconf 71' lang='lat' dir='ltr'><strong>toparchre,</strong></span> <span class='ocrx_word' id='word_1_40' title='bbox 1753 876 1807 919; x_wconf 87' lang='lat' dir='ltr'><strong>et</strong></span> <span class='ocrx_word' id='word_1_41' title='bbox 1832 875 2067 938; x_wconf 64' lang='lat' dir='ltr'><strong>satrapa:</strong></span> <span class='ocrx_word' id='word_1_42' title='bbox 2094 886 2108 934; x_wconf 92' lang='lat'><strong>;</strong></span> 
     </span>
    </p>
   </div>
   <div class='ocr_carea' id='block_1_9' title="bbox 524 951 2106 1022">
    <p class='ocr_par' dir='ltr' id='par_1_9' title="bbox 524 951 2106 1022">
     <span class='ocr_line' id='line_1_9' title="bbox 524 951 2106 1022; baseline 0.004 -19"><span class='ocrx_word' id='word_1_43' title='bbox 524 951 671 1005; x_wconf 89' lang='lat' dir='ltr'><strong>velut</strong></span> <span class='ocrx_word' id='word_1_44' title='bbox 724 952 973 1021; x_wconf 78' lang='lat' dir='ltr'><strong>rapidum</strong></span> <span class='ocrx_word' id='word_1_45' title='bbox 1007 953 1163 1008; x_wconf 89' lang='lat' dir='ltr'><strong>sidus</strong></span> <span class='ocrx_word' id='word_1_46' title='bbox 1195 963 1365 1006; x_wconf 87' lang='lat' dir='ltr'><strong>totum</strong></span> <span class='ocrx_word' id='word_1_47' title='bbox 1401 955 1752 1022; x_wconf 86' lang='lat' dir='ltr'><strong>perlustravit</strong></span> <span class='ocrx_word' id='word_1_48' title='bbox 1800 955 2106 1020; x_wconf 80' lang='lat' dir='ltr'><strong>Orientem,</strong></span> 
     </span>
    </p>
   </div>
   <div class='ocr_carea' id='block_1_10' title="bbox 527 1042 2098 1112">
    <p class='ocr_par' dir='ltr' id='par_1_10' title="bbox 527 1042 2098 1112">
     <span class='ocr_line' id='line_1_10' title="bbox 527 1042 2098 1112; baseline 0.001 -17"><span class='ocrx_word' id='word_1_49' title='bbox 527 1052 582 1095; x_wconf 85' lang='lat' dir='ltr'><strong>et</strong></span> <span class='ocrx_word' id='word_1_50' title='bbox 611 1042 856 1109; x_wconf 85' lang='lat' dir='ltr'><strong>gentium</strong></span> <span class='ocrx_word' id='word_1_51' title='bbox 911 1042 1181 1110; x_wconf 79' lang='lat' dir='ltr'><strong>sanguine</strong></span> <span class='ocrx_word' id='word_1_52' title='bbox 1232 1042 1534 1097; x_wconf 83' lang='lat' dir='ltr'><strong>inebriat-ns</strong></span> <span class='ocrx_word' id='word_1_53' title='bbox 1583 1052 1667 1096; x_wconf 89' lang='lat' dir='ltr'><strong>est</strong></span> <span class='ocrx_word' id='word_1_54' title='bbox 1701 1043 1819 1112; x_wconf 87' lang='lat' dir='ltr'><strong>ejus</strong></span> <span class='ocrx_word' id='word_1_55' title='bbox 1864 1043 2098 1112; x_wconf 80' lang='lat' dir='ltr'><strong>gladius,</strong></span> 
     </span>
    </p>
   </div>
   <div class='ocr_carea' id='block_1_11' title="bbox 523 1132 2104 1202">
    <p class='ocr_par' dir='ltr' id='par_1_11' title="bbox 523 1132 2104 1202">
     <span class='ocr_line' id='line_1_11' title="bbox 523 1132 2104 1202; baseline 0.001 -16"><span class='ocrx_word' id='word_1_56' title='bbox 523 1148 621 1186; x_wconf 82' lang='lat' dir='ltr'><strong>nec</strong></span> <span class='ocrx_word' id='word_1_57' title='bbox 643 1133 794 1186; x_wconf 88' lang='lat' dir='ltr'><strong>dedit.</strong></span> <span class='ocrx_word' id='word_1_58' title='bbox 815 1133 1056 1202; x_wconf 87' lang='lat' dir='ltr'><strong>requiem</strong></span> <span class='ocrx_word' id='word_1_59' title='bbox 1083 1134 1233 1187; x_wconf 84' lang='lat' dir='ltr'><strong>cordi</strong></span> <span class='ocrx_word' id='word_1_60' title='bbox 1256 1132 1375 1198; x_wconf 78' lang='lat' dir='ltr'><strong>eius</strong></span> <span class='ocrx_word' id='word_1_61' title='bbox 1407 1149 1506 1187; x_wconf 92' lang='lat' dir='ltr'><strong>nec</strong></span> <span class='ocrx_word' id='word_1_62' title='bbox 1533 1149 1789 1188; x_wconf 87' lang='lat' dir='ltr'><strong>sem-num</strong></span> <span class='ocrx_word' id='word_1_63' title='bbox 1815 1134 1988 1188; x_wconf 86' lang='lat' dir='ltr'><strong>oculis</strong></span> <span class='ocrx_word' id='word_1_64' title='bbox 2011 1151 2104 1188; x_wconf 90' lang='lat' dir='ltr'><strong>us-</strong></span> 
     </span>
    </p>
   </div>
   <div class='ocr_carea' id='block_1_12' title="bbox 521 1222 2103 1294">
    <p class='ocr_par' dir='ltr' id='par_1_12' title="bbox 521 1222 2103 1294">
     <span class='ocr_line' id='line_1_12' title="bbox 521 1222 2103 1294; baseline 0.002 -18"><span class='ocrx_word' id='word_1_65' title='bbox 521 1222 759 1292; x_wconf 85' lang='lat' dir='ltr'><strong>quedum</strong></span> <span class='ocrx_word' id='word_1_66' title='bbox 787 1224 995 1293; x_wconf 84' lang='lat' dir='ltr'><strong>expulit</strong></span> <span class='ocrx_word' id='word_1_67' title='bbox 1018 1223 1228 1277; x_wconf 82' lang='lat' dir='ltr'><strong>feroces</strong></span> <span class='ocrx_word' id='word_1_68' title='bbox 1257 1225 1414 1292; x_wconf 86' lang='lat' dir='ltr'><strong>lupos</strong></span> <span class='ocrx_word' id='word_1_69' title='bbox 1440 1224 1815 1294; x_wconf 83' lang='lat' dir='ltr'><strong>barbarosque</strong></span> <span class='ocrx_word' id='word_1_70' title='bbox 1835 1234 1892 1277; x_wconf 88' lang='lat' dir='ltr'><strong>et-</strong></span> <span class='ocrx_word' id='word_1_71' title='bbox 1914 1225 2103 1279; x_wconf 85' lang='lat' dir='ltr'><strong>inﬁde-</strong></span> 
     </span>
    </p>
   </div>
   <div class='ocr_carea' id='block_1_13' title="bbox 523 1314 2107 1384">
    <p class='ocr_par' dir='ltr' id='par_1_13' title="bbox 523 1314 2107 1384">
     <span class='ocr_line' id='line_1_13' title="bbox 523 1314 2107 1384; baseline 0.002 -17"><span class='ocrx_word' id='word_1_72' title='bbox 523 1315 602 1367; x_wconf 85' lang='lat' dir='ltr'><strong>les</strong></span> <span class='ocrx_word' id='word_1_73' title='bbox 632 1315 889 1382; x_wconf 82' lang='lat' dir='ltr'><strong>pOpulos,</strong></span> <span class='ocrx_word' id='word_1_74' title='bbox 945 1317 1037 1384; x_wconf 86' lang='lat' dir='ltr'><strong>qui</strong></span> <span class='ocrx_word' id='word_1_75' title='bbox 1090 1314 1477 1369; x_wconf 87' lang='lat' dir='ltr'><strong>destruxerant</strong></span> <span class='ocrx_word' id='word_1_76' title='bbox 1535 1315 1911 1370; x_wconf 86' lang='lat' dir='ltr'><strong>Christianum</strong></span> <span class='ocrx_word' id='word_1_77' title='bbox 1945 1317 2107 1379; x_wconf 76' lang='lat' dir='ltr'><strong>oviie,</strong></span> 
     </span>
    </p>
   </div>
   <div class='ocr_carea' id='block_1_14' title="bbox 529 1403 2113 1472">
    <p class='ocr_par' dir='ltr' id='par_1_14' title="bbox 529 1403 2113 1472">
     <span class='ocr_line' id='line_1_14' title="bbox 529 1403 2113 1472; baseline 0.002 -16"><span class='ocrx_word' id='word_1_78' title='bbox 529 1403 750 1472; x_wconf 86' lang='lat' dir='ltr'><strong>illisque</strong></span> <span class='ocrx_word' id='word_1_79' title='bbox 780 1405 1014 1458; x_wconf 84' lang='lat' dir='ltr'><strong>incussit</strong></span> <span class='ocrx_word' id='word_1_80' title='bbox 1042 1403 1273 1458; x_wconf 81' lang='lat' dir='ltr'><strong>Romani</strong></span> <span class='ocrx_word' id='word_1_81' title='bbox 1296 1407 1447 1458; x_wconf 83' lang='lat' dir='ltr'><strong>ensis</strong></span> <span class='ocrx_word' id='word_1_82' title='bbox 1479 1403 1851 1459; x_wconf 80' lang='lat' dir='ltr'><strong>formidinem.</strong></span> <span class='ocrx_word' id='word_1_83' title='bbox 1888 1405 2113 1469; x_wconf 85' lang='lat' dir='ltr'><strong>Deinde,</strong></span> 
     </span>
    </p>
   </div>
   <div class='ocr_carea' id='block_1_15' title="bbox 527 1496 2112 1567">
    <p class='ocr_par' dir='ltr' id='par_1_15' title="bbox 527 1496 2112 1567">
     <span class='ocr_line' id='line_1_15' title="bbox 527 1496 2112 1567; baseline 0.001 -18"><span class='ocrx_word' id='word_1_84' title='bbox 527 1497 832 1550; x_wconf 81' lang='lat' dir='ltr'><strong>innumeris</strong></span> <span class='ocrx_word' id='word_1_85' title='bbox 865 1497 1101 1567; x_wconf 89' lang='lat' dir='ltr'><strong>inclytus</strong></span> <span class='ocrx_word' id='word_1_86' title='bbox 1126 1496 1392 1558; x_wconf 72' lang='lat' dir='ltr'><strong>victoriis,</strong></span> <span class='ocrx_word' id='word_1_87' title='bbox 1412 1511 1534 1549; x_wconf 90' lang='lat' dir='ltr'><strong>eum</strong></span> <span class='ocrx_word' id='word_1_88' title='bbox 1559 1511 1752 1564; x_wconf 75' lang='lat' dir='ltr'><strong>magna</strong></span> <span class='ocrx_word' id='word_1_89' title='bbox 1776 1497 2112 1564; x_wconf 87' lang='lat' dir='ltr'><strong>captivorum</strong></span> 
     </span>
    </p>
   </div>
   <div class='ocr_carea' id='block_1_16' title="bbox 527 1586 1960 1654">
    <p class='ocr_par' dir='ltr' id='par_1_16' title="bbox 527 1586 1960 1654">
     <span class='ocr_line' id='line_1_16' title="bbox 527 1586 1960 1654; baseline 0.001 -16"><span class='ocrx_word' id='word_1_90' title='bbox 527 1594 744 1639; x_wconf 78' lang='lat' dir='ltr'><strong>caterva</strong></span> <span class='ocrx_word' id='word_1_91' title='bbox 776 1596 830 1640; x_wconf 91' lang='lat' dir='ltr'><strong>et</strong></span> <span class='ocrx_word' id='word_1_92' title='bbox 854 1587 1003 1640; x_wconf 88' lang='lat' dir='ltr'><strong>dives</strong></span> <span class='ocrx_word' id='word_1_93' title='bbox 1025 1601 1186 1654; x_wconf 90' lang='lat' dir='ltr'><strong>opum</strong></span> <span class='ocrx_word' id='word_1_94' title='bbox 1213 1586 1744 1654; x_wconf 88' lang='lat' dir='ltr'><strong>Constantinopolim</strong></span> <span class='ocrx_word' id='word_1_95' title='bbox 1780 1587 1960 1640; x_wconf 87' lang='lat' dir='ltr'><strong>rediit.</strong></span> 
     </span>
    </p>
   </div>
   <div class='ocr_carea' id='block_1_17' title="bbox 2209 679 3794 749">
    <p class='ocr_par' dir='ltr' id='par_1_17' title="bbox 2209 679 3794 749">
     <span class='ocr_line' id='line_1_17' title="bbox 2209 679 3794 749; baseline -0.001 -16"><span class='ocrx_word' id='word_1_96' title='bbox 2209 681 2412 749; x_wconf 83' lang='grc' dir='ltr'><strong>τέρησε</strong></span> <span class='ocrx_word' id='word_1_97' title='bbox 2444 680 2582 748; x_wconf 80' lang='grc' dir='ltr'><strong>μετὰ</strong></span> <span class='ocrx_word' id='word_1_98' title='bbox 2610 681 2709 749; x_wconf 84' lang='grc' dir='ltr'><strong>τῆς</strong></span> <span class='ocrx_word' id='word_1_99' title='bbox 2741 679 3134 743; x_wconf 77' lang='grc' dir='ltr'><strong>καταστάσεως</strong></span> <span class='ocrx_word' id='word_1_100' title='bbox 3157 679 3384 749; x_wconf 89' lang='grc' dir='ltr'><strong>ταύτης,</strong></span> <span class='ocrx_word' id='word_1_101' title='bbox 3411 679 3531 732; x_wconf 79' lang='grc' dir='ltr'><strong>ἀλλ’</strong></span> <span class='ocrx_word' id='word_1_102' title='bbox 3567 680 3794 748; x_wconf 76' lang='grc' dir='ltr'><strong>ἐκίνησε</strong></span> 
     </span>
    </p>
   </div>
   <div class='ocr_carea' id='block_1_18' title="bbox 2211 771 3798 840">
    <p class='ocr_par' dir='ltr' id='par_1_18' title="bbox 2211 771 3798 840">
     <span class='ocr_line' id='line_1_18' title="bbox 2211 771 3798 840; baseline -0.001 -15"><span class='ocrx_word' id='word_1_103' title='bbox 2211 773 2396 825; x_wconf 81' lang='grc' dir='ltr'><strong>πᾶσαν</strong></span> <span class='ocrx_word' id='word_1_104' title='bbox 2443 772 2763 840; x_wconf 82' lang='grc' dir='ltr'><strong>Ῥωμαϊκὴν</strong></span> <span class='ocrx_word' id='word_1_105' title='bbox 2811 771 3068 840; x_wconf 81' lang='grc' dir='ltr'><strong>δύναμιν,</strong></span> <span class='ocrx_word' id='word_1_106' title='bbox 3098 773 3190 824; x_wconf 70' lang='grc' dir='ltr'><strong>καὶ</strong></span> <span class='ocrx_word' id='word_1_107' title='bbox 3221 771 3489 840; x_wconf 77' lang='grc' dir='ltr'><strong>ἐξέδραμε</strong></span> <span class='ocrx_word' id='word_1_108' title='bbox 3519 771 3664 824; x_wconf 82' lang='grc' dir='ltr'><strong>κατὰ</strong></span> <span class='ocrx_word' id='word_1_109' title='bbox 3687 771 3798 824; x_wconf 83' lang='grc' dir='ltr'><strong>τῶν</strong></span> 
     </span>
    </p>
   </div>
   <div class='ocr_carea' id='block_1_19' title="bbox 2221 861 3798 934">
    <p class='ocr_par' dir='ltr' id='par_1_19' title="bbox 2221 861 3798 934">
     <span class='ocr_line' id='line_1_19' title="bbox 2221 861 3798 934; baseline -0.001 -18"><span class='ocrx_word' id='word_1_110' title='bbox 2221 863 2494 933; x_wconf 79' lang='grc' dir='ltr'><strong>’Δράϐων,</strong></span> <span class='ocrx_word' id='word_1_111' title='bbox 2551 866 2646 916; x_wconf 71' lang='grc' dir='ltr'><strong>καὶ</strong></span> <span class='ocrx_word' id='word_1_112' title='bbox 2691 863 2846 932; x_wconf 88' lang='grc' dir='ltr'><strong>διέϐη</strong></span> <span class='ocrx_word' id='word_1_113' title='bbox 2894 865 3055 934; x_wconf 86' lang='grc' dir='ltr'><strong>μέχρι</strong></span> <span class='ocrx_word' id='word_1_114' title='bbox 3107 862 3218 916; x_wconf 86' lang='grc' dir='ltr'><strong>τῶν</strong></span> <span class='ocrx_word' id='word_1_115' title='bbox 3269 863 3499 932; x_wconf 78' lang='grc' dir='ltr'><strong>Ἰϐήρων</strong></span> <span class='ocrx_word' id='word_1_116' title='bbox 3555 861 3653 916; x_wconf 77' lang='grc' dir='ltr'><strong>καὶ</strong></span> <span class='ocrx_word' id='word_1_117' title='bbox 3691 862 3798 925; x_wconf 75' lang='grc' dir='ltr'><strong>ἐως</strong></span> 
     </span>
    </p>
   </div>
   <div class='ocr_carea' id='block_1_20' title="bbox 2207 945 3797 1024">
    <p class='ocr_par' dir='ltr' id='par_1_20' title="bbox 2207 945 3797 1024">
     <span class='ocr_line' id='line_1_20' title="bbox 2207 945 3797 1024; baseline -0.003 -18"><span class='ocrx_word' id='word_1_118' title='bbox 2207 954 2484 1022; x_wconf 77' lang='grc' dir='ltr'><strong>Φοινίκης.</strong></span> <span class='ocrx_word' id='word_1_119' title='bbox 2523 945 2797 1024; x_wconf 79' lang='grc' dir='ltr'><strong>Ἐφριξαν</strong></span> <span class='ocrx_word' id='word_1_120' title='bbox 2825 955 2957 1022; x_wconf 78' lang='grc' dir='ltr'><strong>γοῦν</strong></span> <span class='ocrx_word' id='word_1_121' title='bbox 2983 957 3031 1006; x_wconf 82' lang='lat' dir='ltr'><strong>oi</strong></span> <span class='ocrx_word' id='word_1_122' title='bbox 3063 953 3328 1023; x_wconf 70' lang='grc' dir='ltr'><strong>βασιλεῖς,</strong></span> <span class='ocrx_word' id='word_1_123' title='bbox 3355 953 3466 1006; x_wconf 76' lang='grc' dir='ltr'><strong>καὶ·</strong></span> <span class='ocrx_word' id='word_1_124' title='bbox 3494 953 3797 1022; x_wconf 81' lang='grc' dir='ltr'><strong>τοπάρχαι,</strong></span> 
     </span>
    </p>
   </div>
   <div class='ocr_carea' id='block_1_21' title="bbox 2212 1043 3798 1116">
    <p class='ocr_par' dir='ltr' id='par_1_21' title="bbox 2212 1043 3798 1116">
     <span class='ocr_line' id='line_1_21' title="bbox 2212 1043 3798 1116; baseline 0 -20"><span class='ocrx_word' id='word_1_125' title='bbox 2212 1047 2308 1097; x_wconf 72' lang='grc' dir='ltr'><strong>καὶ</strong></span> <span class='ocrx_word' id='word_1_126' title='bbox 2341 1046 2621 1115; x_wconf 76' lang='grc' dir='ltr'><strong>σατράπαι</strong></span> <span class='ocrx_word' id='word_1_127' title='bbox 2657 1047 2861 1110; x_wconf 82' lang='grc' dir='ltr'><strong>αὐτῶν,</strong></span> <span class='ocrx_word' id='word_1_128' title='bbox 2893 1047 2990 1099; x_wconf 73' lang='grc' dir='ltr'><strong>καὶ</strong></span> <span class='ocrx_word' id='word_1_129' title='bbox 3016 1048 3205 1116; x_wconf 79' lang='grc' dir='ltr'><strong>ὥσπερ</strong></span> <span class='ocrx_word' id='word_1_130' title='bbox 3238 1044 3495 1114; x_wconf 83' lang='grc' dir='ltr'><strong>ἀστραπὴ</strong></span> <span class='ocrx_word' id='word_1_131' title='bbox 3531 1043 3798 1112; x_wconf 90' lang='grc' dir='ltr'><strong>σύντομος</strong></span> 
     </span>
    </p>
   </div>
   <div class='ocr_carea' id='block_1_22' title="bbox 2211 1133 3797 1207">
    <p class='ocr_par' dir='ltr' id='par_1_22' title="bbox 2211 1133 3797 1207">
     <span class='ocr_line' id='line_1_22' title="bbox 2211 1133 3797 1207; baseline -0.003 -18"><span class='ocrx_word' id='word_1_132' title='bbox 2211 1135 2396 1205; x_wconf 68' lang='grc' dir='ltr'><strong>διέϐητ</strong></span> <span class='ocrx_word' id='word_1_133' title='bbox 2423 1136 2524 1205; x_wconf 79' lang='grc' dir='ltr'><strong>τὴν</strong></span> <span class='ocrx_word' id='word_1_134' title='bbox 2557 1135 2822 1207; x_wconf 82' lang='grc' dir='ltr'><strong>ἀνατολὴν</strong></span> <span class='ocrx_word' id='word_1_135' title='bbox 2881 1137 3045 1206; x_wconf 84' lang='grc' dir='ltr'><strong>ὃλην·</strong></span> <span class='ocrx_word' id='word_1_136' title='bbox 3097 1136 3190 1189; x_wconf 68' lang='grc' dir='ltr'><strong>καὶ</strong></span> <span class='ocrx_word' id='word_1_137' title='bbox 3241 1133 3520 1204; x_wconf 73' lang='grc' dir='ltr'><strong>ἐμεθύσθη</strong></span> <span class='ocrx_word' id='word_1_138' title='bbox 3574 1135 3608 1202; x_wconf 82' lang='grc' dir='ltr'><strong>ὴ</strong></span> <span class='ocrx_word' id='word_1_139' title='bbox 3659 1136 3797 1204; x_wconf 80' lang='grc' dir='ltr'><strong>ῥομ-</strong></span> 
     </span>
    </p>
   </div>
   <div class='ocr_carea' id='block_1_23' title="bbox 2215 1225 3803 1294">
    <p class='ocr_par' dir='ltr' id='par_1_23' title="bbox 2215 1225 3803 1294">
     <span class='ocr_line' id='line_1_23' title="bbox 2215 1225 3803 1294; baseline -0.002 -15"><span class='ocrx_word' id='word_1_140' title='bbox 2215 1230 2351 1293; x_wconf 78' lang='grc' dir='ltr'><strong>φαία</strong></span> <span class='ocrx_word' id='word_1_141' title='bbox 2393 1225 2559 1278; x_wconf 76' lang='grc' dir='ltr'><strong>αὐτοῦ</strong></span> <span class='ocrx_word' id='word_1_142' title='bbox 2609 1227 2716 1279; x_wconf 78' lang='grc' dir='ltr'><strong>ἀπὸ</strong></span> <span class='ocrx_word' id='word_1_143' title='bbox 2766 1227 2874 1280; x_wconf 83' lang='grc' dir='ltr'><strong>τῶν</strong></span> <span class='ocrx_word' id='word_1_144' title='bbox 2929 1227 3162 1281; x_wconf 79' lang='grc' dir='ltr'><strong>ἐθνικῶν</strong></span> <span class='ocrx_word' id='word_1_145' title='bbox 3217 1226 3511 1294; x_wconf 67' lang='grc' dir='ltr'><strong>αίμάτωψ</strong></span> <span class='ocrx_word' id='word_1_146' title='bbox 3547 1226 3643 1278; x_wconf 78' lang='grc' dir='ltr'><strong>καὶ</strong></span> <span class='ocrx_word' id='word_1_147' title='bbox 3698 1228 3803 1277; x_wconf 78' lang='grc' dir='ltr'><strong>οὐκ</strong></span> 
     </span>
    </p>
   </div>
   <div class='ocr_carea' id='block_1_24' title="bbox 2216 1312 3828 1386">
    <p class='ocr_par' dir='ltr' id='par_1_24' title="bbox 2216 1312 3828 1386">
     <span class='ocr_line' id='line_1_24' title="bbox 2216 1312 3828 1386; baseline -0.004 -17"><span class='ocrx_word' id='word_1_148' title='bbox 2216 1316 2420 1369; x_wconf 73' lang='grc' dir='ltr'><strong>ἔδωκεν</strong></span> <span class='ocrx_word' id='word_1_149' title='bbox 2479 1316 2794 1370; x_wconf 78' lang='grc' dir='ltr'><strong>ἀνάπαυσιν</strong></span> <span class='ocrx_word' id='word_1_150' title='bbox 2823 1317 2918 1369; x_wconf 80' lang='grc' dir='ltr'><strong>τοῦ</strong></span> <span class='ocrx_word' id='word_1_151' title='bbox 2952 1316 3183 1386; x_wconf 85' lang='grc' dir='ltr'><strong>κορμίου</strong></span> <span class='ocrx_word' id='word_1_152' title='bbox 3243 1312 3412 1368; x_wconf 81' lang='grc' dir='ltr'><strong>αὐτοῦ</strong></span> <span class='ocrx_word' id='word_1_153' title='bbox 3458 1313 3582 1366; x_wconf 75' lang='grc' dir='ltr'><strong>οὔτε</strong></span> <span class='ocrx_word' id='word_1_154' title='bbox 3632 1313 3828 1367; x_wconf 77' lang='grc' dir='ltr'><strong>ὕπνον.</strong></span> 
     </span>
    </p>
   </div>
   <div class='ocr_carea' id='block_1_25' title="bbox 2217 1403 3804 1478">
    <p class='ocr_par' dir='ltr' id='par_1_25' title="bbox 2217 1403 3804 1478">
     <span class='ocr_line' id='line_1_25' title="bbox 2217 1403 3804 1478; baseline -0.001 -18"><span class='ocrx_word' id='word_1_155' title='bbox 2217 1410 2332 1470; x_wconf 82' lang='grc' dir='ltr'><strong>τοῖς</strong></span> <span class='ocrx_word' id='word_1_156' title='bbox 2359 1408 2662 1478; x_wconf 78' lang='grc' dir='ltr'><strong>ὀφθαλμοῖς</strong></span> <span class='ocrx_word' id='word_1_157' title='bbox 2689 1409 3001 1474; x_wconf 79' lang='grc' dir='ltr'><strong>αὑτοῦ,ἐως</strong></span> <span class='ocrx_word' id='word_1_158' title='bbox 3028 1403 3088 1461; x_wconf 71' lang='grc' dir='ltr'><strong>οὗ</strong></span> <span class='ocrx_word' id='word_1_159' title='bbox 3110 1409 3190 1461; x_wconf 86' lang='grc' dir='ltr'><strong>ὃτι</strong></span> <span class='ocrx_word' id='word_1_160' title='bbox 3218 1407 3402 1472; x_wconf 84' lang='grc' dir='ltr'><strong>ἐδίωξε</strong></span> <span class='ocrx_word' id='word_1_161' title='bbox 3429 1408 3558 1470; x_wconf 80' lang='grc' dir='ltr'><strong>τοὺς</strong></span> <span class='ocrx_word' id='word_1_162' title='bbox 3575 1408 3804 1476; x_wconf 76' lang='grc' dir='ltr'><strong>ἀγρίους</strong></span> 
     </span>
    </p>
   </div>
   <div class='ocr_carea' id='block_1_26' title="bbox 2216 1497 3804 1573">
    <p class='ocr_par' dir='ltr' id='par_1_26' title="bbox 2216 1497 3804 1573">
     <span class='ocr_line' id='line_1_26' title="bbox 2216 1497 3804 1573; baseline 0 -23"><span class='ocrx_word' id='word_1_163' title='bbox 2216 1498 2414 1561; x_wconf 80' lang='grc' dir='ltr'><strong>λύκους</strong></span> <span class='ocrx_word' id='word_1_164' title='bbox 2450 1501 2646 1553; x_wconf 79' lang='grc' dir='ltr'><strong>καὶτὰ</strong></span> <span class='ocrx_word' id='word_1_165' title='bbox 2703 1500 2956 1573; x_wconf 88' lang='grc' dir='ltr'><strong>βάρϐαρα</strong></span> <span class='ocrx_word' id='word_1_166' title='bbox 3010 1501 3110 1554; x_wconf 74' lang='grc' dir='ltr'><strong>καὶ</strong></span> <span class='ocrx_word' id='word_1_167' title='bbox 3168 1499 3377 1554; x_wconf 77' lang='grc' dir='ltr'><strong>ἄπιστα</strong></span> <span class='ocrx_word' id='word_1_168' title='bbox 3431 1499 3582 1568; x_wconf 68' lang='grc' dir='ltr'><strong>ἔθνη,</strong></span> <span class='ocrx_word' id='word_1_169' title='bbox 3645 1497 3804 1550; x_wconf 72' lang='grc' dir='ltr'><strong>ἅτινα</strong></span> 
     </span>
    </p>
   </div>
   <div class='ocr_carea' id='block_1_27' title="bbox 2219 1590 3805 1663">
    <p class='ocr_par' dir='ltr' id='par_1_27' title="bbox 2219 1590 3805 1663">
     <span class='ocr_line' id='line_1_27' title="bbox 2219 1590 3805 1663; baseline -0.002 -20"><span class='ocrx_word' id='word_1_170' title='bbox 2219 1590 2536 1662; x_wconf 80' lang='grc' dir='ltr'><strong>διέφθειραν</strong></span> <span class='ocrx_word' id='word_1_171' title='bbox 2575 1593 2675 1662; x_wconf 81' lang='grc' dir='ltr'><strong>τὴν</strong></span> <span class='ocrx_word' id='word_1_172' title='bbox 2703 1593 3102 1662; x_wconf 80' lang='grc' dir='ltr'><strong>Χριστιανικὴν</strong></span> <span class='ocrx_word' id='word_1_173' title='bbox 3126 1592 3392 1663; x_wconf 84' lang='grc' dir='ltr'><strong>μάνδραν,</strong></span> <span class='ocrx_word' id='word_1_174' title='bbox 3425 1592 3519 1645; x_wconf 72' lang='grc' dir='ltr'><strong>καὶ</strong></span> <span class='ocrx_word' id='word_1_175' title='bbox 3547 1591 3805 1660; x_wconf 82' lang='grc' dir='ltr'><strong>ἐποίησεν</strong></span> 
     </span>
    </p>
   </div>
   <div class='ocr_carea' id='block_1_28' title="bbox 529 1678 3808 1756">
    <p class='ocr_par' dir='ltr' id='par_1_28' title="bbox 529 1678 3808 1756">
     <span class='ocr_line' id='line_1_28' title="bbox 529 1678 3808 1756; baseline 0.001 -25"><span class='ocrx_word' id='word_1_176' title='bbox 529 1681 727 1741; x_wconf 77' lang='grc' dir='ltr'><strong>αὐτοὺς</strong></span> <span class='ocrx_word' id='word_1_177' title='bbox 752 1679 818 1732; x_wconf 79' lang='grc' dir='ltr'><strong>νά</strong></span> <span class='ocrx_word' id='word_1_178' title='bbox 843 1680 1107 1748; x_wconf 77' lang='grc' dir='ltr'><strong>τρέμουσι</strong></span> <span class='ocrx_word' id='word_1_179' title='bbox 1149 1679 1248 1749; x_wconf 78' lang='grc' dir='ltr'><strong>τὴν</strong></span> <span class='ocrx_word' id='word_1_180' title='bbox 1286 1679 1506 1748; x_wconf 78' lang='grc' dir='ltr'><strong>σπάθην</strong></span> <span class='ocrx_word' id='word_1_181' title='bbox 1532 1679 1640 1732; x_wconf 87' lang='grc' dir='ltr'><strong>τῶν</strong></span> <span class='ocrx_word' id='word_1_182' title='bbox 1675 1679 1989 1750; x_wconf 84' lang='grc' dir='ltr'><strong>Ῥωμαίων.</strong></span> <span class='ocrx_word' id='word_1_183' title='bbox 2018 1678 2156 1737; x_wconf 75' lang='grc' dir='ltr'><strong>Εἶτα</strong></span> <span class='ocrx_word' id='word_1_184' title='bbox 2193 1683 2449 1756; x_wconf 73' lang='grc' dir='ltr'><strong>ἐστράφη·</strong></span> <span class='ocrx_word' id='word_1_185' title='bbox 2497 1688 2963 1756; x_wconf 70' lang='grc' dir='ltr'><strong>μυριονικηφόρος</strong></span> <span class='ocrx_word' id='word_1_186' title='bbox 3012 1687 3093 1749; x_wconf 89' lang='grc' dir='ltr'><strong>είς</strong></span> <span class='ocrx_word' id='word_1_187' title='bbox 3122 1684 3220 1756; x_wconf 79' lang='grc' dir='ltr'><strong>τὴν</strong></span> <span class='ocrx_word' id='word_1_188' title='bbox 3294 1681 3808 1740; x_wconf 81' lang='grc' dir='ltr'><strong>Κωνσταντινούπο-</strong></span> 
     </span>
    </p>
   </div>
   <div class='ocr_carea' id='block_1_29' title="bbox 530 1768 2106 1840">
    <p class='ocr_par' dir='ltr' id='par_1_29' title="bbox 530 1768 2106 1840">
     <span class='ocr_line' id='line_1_29' title="bbox 530 1768 2106 1840; baseline 0.003 -16"><span class='ocrx_word' id='word_1_189' title='bbox 530 1773 612 1824; x_wconf 89' lang='grc' dir='ltr'><strong>λιν</strong></span> <span class='ocrx_word' id='word_1_190' title='bbox 645 1771 784 1840; x_wconf 74' lang='grc' dir='ltr'><strong>μετὰ</strong></span> <span class='ocrx_word' id='word_1_191' title='bbox 811 1768 1050 1838; x_wconf 73' lang='grc' dir='ltr'><strong>πλήθους</strong></span> <span class='ocrx_word' id='word_1_192' title='bbox 1080 1769 1462 1839; x_wconf 84' lang='grc' dir='ltr'><strong>αἰχμαλωσίας</strong></span> <span class='ocrx_word' id='word_1_193' title='bbox 1493 1773 1585 1822; x_wconf 73' lang='grc' dir='ltr'><strong>καὶ</strong></span> <span class='ocrx_word' id='word_1_194' title='bbox 1616 1769 1850 1823; x_wconf 85' lang='grc' dir='ltr'><strong>πλούτου</strong></span> <span class='ocrx_word' id='word_1_195' title='bbox 1881 1773 2106 1828; x_wconf 82' lang='grc' dir='ltr'><strong>πολλοῦ.</strong></span> 
     </span>
    </p>
   </div>
   <div class='ocr_carea' id='block_1_30' title="bbox 601 1861 2128 1940">
    <p class='ocr_par' dir='ltr' id='par_1_30' title="bbox 601 1861 2115 1931">
     <span class='ocr_line' id='line_1_30' title="bbox 601 1861 2115 1931; baseline 0.001 -16"><span class='ocrx_word' id='word_1_196' title='bbox 601 1862 802 1915; x_wconf 80' lang='lat' dir='ltr'><strong>Audito</strong></span> <span class='ocrx_word' id='word_1_197' title='bbox 831 1876 958 1913; x_wconf 78' lang='lat' dir='ltr'><strong>vero</strong></span> <span class='ocrx_word' id='word_1_198' title='bbox 991 1861 1248 1929; x_wconf 74' lang='lat' dir='ltr'><strong>Bulgaros</strong></span> <span class='ocrx_word' id='word_1_199' title='bbox 1273 1861 1468 1915; x_wconf 81' lang='lat' dir='ltr'><strong>ﬁducia</strong></span> <span class='ocrx_word' id='word_1_200' title='bbox 1501 1863 1672 1916; x_wconf 89' lang='lat' dir='ltr'><strong>elatos</strong></span> <span class='ocrx_word' id='word_1_201' title='bbox 1711 1871 1927 1931; x_wconf 81' lang='lat' dir='ltr'><strong>propter</strong></span> <span class='ocrx_word' id='word_1_202' title='bbox 1959 1879 2115 1918; x_wconf 86' lang='lat' dir='ltr'><strong>exer-</strong></span> 
     </span>
    </p>
   </div>
   <div class='ocr_carea' id='block_1_31' title="bbox 2237 1861 3810 1940">
    <p class='ocr_par' dir='ltr' id='par_1_31' title="bbox 2297 1867 3810 1940">
     <span class='ocr_line' id='line_1_31' title="bbox 2297 1867 3810 1940; baseline -0.001 -19"><span class='ocrx_word' id='word_1_203' title='bbox 2297 1869 2340 1900; x_wconf 81' lang='grc'><strong>²¹</strong></span> <span class='ocrx_word' id='word_1_204' title='bbox 2369 1868 2444 1936; x_wconf 80' lang='lat'><strong>(5)</strong></span> <span class='ocrx_word' id='word_1_205' title='bbox 2475 1870 2520 1899; x_wconf 83' lang='lat'><strong>&quot;</strong></span> <span class='ocrx_word' id='word_1_206' title='bbox 2543 1867 2747 1921; x_wconf 84' lang='grc' dir='ltr'>Μαθὼν</span> <span class='ocrx_word' id='word_1_207' title='bbox 2772 1868 2827 1920; x_wconf 86' lang='grc' dir='ltr'><strong>δέ</strong></span> <span class='ocrx_word' id='word_1_208' title='bbox 2849 1869 2932 1921; x_wconf 89' lang='grc' dir='ltr'><strong>ὃτι</strong></span> <span class='ocrx_word' id='word_1_209' title='bbox 2957 1872 3005 1921; x_wconf 79' lang='lat' dir='ltr'><strong>oi</strong></span> <span class='ocrx_word' id='word_1_210' title='bbox 3029 1869 3328 1940; x_wconf 82' lang='grc' dir='ltr'><strong>Βούλγαροι</strong></span> <span class='ocrx_word' id='word_1_211' title='bbox 3347 1869 3598 1937; x_wconf 83' lang='grc' dir='ltr'><strong>εὑρόντες</strong></span> <span class='ocrx_word' id='word_1_212' title='bbox 3615 1869 3810 1939; x_wconf 61' lang='grc' dir='ltr'><strong>Δἄδειαν</strong></span> 
     </span>
    </p>
   </div>
   <div class='ocr_carea' id='block_1_32' title="bbox 531 1954 2121 2025">
    <p class='ocr_par' dir='ltr' id='par_1_32' title="bbox 531 1954 2121 2025">
     <span class='ocr_line' id='line_1_32' title="bbox 531 1954 2121 2025; baseline 0.002 -18"><span class='ocrx_word' id='word_1_213' title='bbox 531 1957 735 2008; x_wconf 80' lang='lat' dir='ltr'><strong>rituum</strong></span> <span class='ocrx_word' id='word_1_214' title='bbox 778 1955 830 2006; x_wconf 95' lang='lat' dir='ltr'><strong>in</strong></span> <span class='ocrx_word' id='word_1_215' title='bbox 862 1954 1135 2008; x_wconf 88' lang='lat' dir='ltr'><strong>Orientem</strong></span> <span class='ocrx_word' id='word_1_216' title='bbox 1171 1955 1495 2022; x_wconf 78' lang='lat' dir='ltr'><strong>profectum,</strong></span> <span class='ocrx_word' id='word_1_217' title='bbox 1557 1955 1858 2009; x_wconf 89' lang='lat' dir='ltr'><strong>calcavisse</strong></span> <span class='ocrx_word' id='word_1_218' title='bbox 1892 1958 2121 2025; x_wconf 90' lang='lat' dir='ltr'><strong>popula-</strong></span> 
     </span>
    </p>
   </div>
   <div class='ocr_carea' id='block_1_33' title="bbox 535 2045 2124 2116">
    <p class='ocr_par' dir='ltr' id='par_1_33' title="bbox 535 2045 2124 2116">
     <span class='ocr_line' id='line_1_33' title="bbox 535 2045 2124 2116; baseline 0.003 -17"><span class='ocrx_word' id='word_1_219' title='bbox 535 2057 734 2116; x_wconf 82' lang='lat' dir='ltr'><strong>tosque</strong></span> <span class='ocrx_word' id='word_1_220' title='bbox 760 2063 881 2101; x_wconf 85' lang='lat' dir='ltr'><strong>esse</strong></span> <span class='ocrx_word' id='word_1_221' title='bbox 927 2048 1148 2100; x_wconf 86' lang='lat' dir='ltr'><strong>multam</strong></span> <span class='ocrx_word' id='word_1_222' title='bbox 1178 2045 1550 2101; x_wconf 80' lang='lat' dir='ltr'><strong>Rornanorum</strong></span> <span class='ocrx_word' id='word_1_223' title='bbox 1575 2056 1801 2112; x_wconf 88' lang='lat' dir='ltr'><strong>terram,</strong></span> <span class='ocrx_word' id='word_1_224' title='bbox 1825 2049 2018 2102; x_wconf 88' lang='lat' dir='ltr'><strong>iterum</strong></span> <span class='ocrx_word' id='word_1_225' title='bbox 2045 2051 2124 2104; x_wconf 89' lang='lat' dir='ltr'><strong>ira</strong></span> 
     </span>
    </p>
   </div>
   <div class='ocr_carea' id='block_1_34' title="bbox 535 2140 2127 2210">
    <p class='ocr_par' dir='ltr' id='par_1_34' title="bbox 535 2140 2127 2210">
     <span class='ocr_line' id='line_1_34' title="bbox 535 2140 2127 2210; baseline 0.001 -18"><span class='ocrx_word' id='word_1_226' title='bbox 535 2140 827 2209; x_wconf 60' lang='lat' dir='ltr'><strong>studquue</strong></span> <span class='ocrx_word' id='word_1_227' title='bbox 848 2140 1086 2209; x_wconf 85' lang='lat' dir='ltr'><strong>repletus</strong></span> <span class='ocrx_word' id='word_1_228' title='bbox 1105 2149 1207 2204; x_wconf 89' lang='lat' dir='ltr'><strong>est,</strong></span> <span class='ocrx_word' id='word_1_229' title='bbox 1227 2150 1278 2194; x_wconf 86' lang='lat' dir='ltr'><strong>et</strong></span> <span class='ocrx_word' id='word_1_230' title='bbox 1295 2155 1486 2195; x_wconf 83' lang='lat' dir='ltr'><strong>rursus</strong></span> <span class='ocrx_word' id='word_1_231' title='bbox 1502 2156 1624 2194; x_wconf 88' lang='lat' dir='ltr'><strong>cum</strong></span> <span class='ocrx_word' id='word_1_232' title='bbox 1649 2143 1850 2210; x_wconf 87' lang='lat' dir='ltr'><strong>impetu</strong></span> <span class='ocrx_word' id='word_1_233' title='bbox 1866 2151 1920 2196; x_wconf 86' lang='lat' dir='ltr'><strong>et</strong></span> <span class='ocrx_word' id='word_1_234' title='bbox 1935 2143 1982 2195; x_wconf 83' lang='lat' dir='ltr'><strong>vi</strong></span> <span class='ocrx_word' id='word_1_235' title='bbox 1996 2157 2127 2195; x_wconf 90' lang='lat' dir='ltr'><strong>con-</strong></span> 
     </span>
    </p>
   </div>
   <div class='ocr_carea' id='block_1_35' title="bbox 539 2234 2122 2304">
    <p class='ocr_par' dir='ltr' id='par_1_35' title="bbox 539 2234 2122 2304">
     <span class='ocr_line' id='line_1_35' title="bbox 539 2234 2122 2304; baseline -0.001 -16"><span class='ocrx_word' id='word_1_236' title='bbox 539 2247 620 2288; x_wconf 88' lang='lat' dir='ltr'><strong>tra</strong></span> <span class='ocrx_word' id='word_1_237' title='bbox 665 2247 760 2286; x_wconf 85' lang='lat' dir='ltr'><strong>eos</strong></span> <span class='ocrx_word' id='word_1_238' title='bbox 795 2235 997 2304; x_wconf 90' lang='lat' dir='ltr'><strong>erupit,</strong></span> <span class='ocrx_word' id='word_1_239' title='bbox 1023 2243 1076 2287; x_wconf 91' lang='lat' dir='ltr'><strong>et</strong></span> <span class='ocrx_word' id='word_1_240' title='bbox 1107 2248 1332 2302; x_wconf 90' lang='lat' dir='ltr'><strong>campos</strong></span> <span class='ocrx_word' id='word_1_241' title='bbox 1355 2249 1544 2287; x_wconf 86' lang='lat' dir='ltr'><strong>eorum</strong></span> <span class='ocrx_word' id='word_1_242' title='bbox 1561 2235 1825 2303; x_wconf 78' lang='lat' dir='ltr'><strong>sanguine</strong></span> <span class='ocrx_word' id='word_1_243' title='bbox 1849 2234 2122 2297; x_wconf 86' lang='lat' dir='ltr'><strong>irroravit,</strong></span> 
     </span>
    </p>
   </div>
   <div class='ocr_carea' id='block_1_36' title="bbox 539 2326 2119 2397">
    <p class='ocr_par' dir='ltr' id='par_1_36' title="bbox 539 2326 2119 2397">
     <span class='ocr_line' id='line_1_36' title="bbox 539 2326 2119 2397; baseline -0.003 -14"><span class='ocrx_word' id='word_1_244' title='bbox 539 2330 770 2397; x_wconf 83' lang='lat' dir='ltr'><strong>illosque</strong></span> <span class='ocrx_word' id='word_1_245' title='bbox 814 2328 1218 2381; x_wconf 87' lang='lat' dir='ltr'><strong>inundaverunt</strong></span> <span class='ocrx_word' id='word_1_246' title='bbox 1265 2327 1552 2396; x_wconf 86' lang='lat' dir='ltr'><strong>sanguinis</strong></span> <span class='ocrx_word' id='word_1_247' title='bbox 1586 2326 1686 2379; x_wconf 89' lang='lat' dir='ltr'><strong>rivi</strong></span> <span class='ocrx_word' id='word_1_248' title='bbox 1725 2340 1787 2379; x_wconf 88' lang='lat' dir='ltr'><strong>ac</strong></span> <span class='ocrx_word' id='word_1_249' title='bbox 1819 2333 2119 2390; x_wconf 86' lang='lat' dir='ltr'><strong>torrentes,</strong></span> 
     </span>
    </p>
   </div>
   <div class='ocr_carea' id='block_1_37' title="bbox 536 2415 2120 2485">
    <p class='ocr_par' dir='ltr' id='par_1_37' title="bbox 536 2415 2120 2485">
     <span class='ocr_line' id='line_1_37' title="bbox 536 2415 2120 2485; baseline -0.004 -10"><span class='ocrx_word' id='word_1_250' title='bbox 536 2433 592 2475; x_wconf 89' lang='lat' dir='ltr'><strong>et</strong></span> <span class='ocrx_word' id='word_1_251' title='bbox 629 2419 700 2475; x_wconf 93' lang='lat' dir='ltr'><strong>ob</strong></span> <span class='ocrx_word' id='word_1_252' title='bbox 757 2420 956 2472; x_wconf 89' lang='lat' dir='ltr'><strong>multas</strong></span> <span class='ocrx_word' id='word_1_253' title='bbox 979 2417 1155 2472; x_wconf 84' lang='lat' dir='ltr'><strong>caedes</strong></span> <span class='ocrx_word' id='word_1_254' title='bbox 1189 2425 1335 2470; x_wconf 87' lang='lat' dir='ltr'><strong>terra</strong></span> <span class='ocrx_word' id='word_1_255' title='bbox 1385 2415 1606 2471; x_wconf 85' lang='lat' dir='ltr'><strong>fremuit</strong></span> <span class='ocrx_word' id='word_1_256' title='bbox 1641 2432 1706 2470; x_wconf 89' lang='lat' dir='ltr'><strong>ac</strong></span> <span class='ocrx_word' id='word_1_257' title='bbox 1743 2416 2120 2485; x_wconf 90' lang='lat' dir='ltr'><strong>pulverulenta</strong></span> 
     </span>
    </p>
   </div>
   <div class='ocr_carea' id='block_1_38' title="bbox 541 2508 2127 2577">
    <p class='ocr_par' dir='ltr' id='par_1_38' title="bbox 541 2508 2127 2577">
     <span class='ocr_line' id='line_1_38' title="bbox 541 2508 2127 2577; baseline -0.003 -11"><span class='ocrx_word' id='word_1_258' title='bbox 541 2512 686 2568; x_wconf 80' lang='lat' dir='ltr'><strong>facta</strong></span> <span class='ocrx_word' id='word_1_259' title='bbox 706 2519 790 2566; x_wconf 79' lang='lat' dir='ltr'><strong>est</strong></span> <span class='ocrx_word' id='word_1_260' title='bbox 815 2527 830 2577; x_wconf 90' lang='lat'><strong>;</strong></span> <span class='ocrx_word' id='word_1_261' title='bbox 856 2511 1229 2564; x_wconf 84' lang='lat' dir='ltr'><strong>Romanorum</strong></span> <span class='ocrx_word' id='word_1_262' title='bbox 1259 2516 1439 2563; x_wconf 90' lang='lat' dir='ltr'><strong>autem</strong></span> <span class='ocrx_word' id='word_1_263' title='bbox 1472 2508 1633 2577; x_wconf 85' lang='lat' dir='ltr'><strong>gladii</strong></span> <span class='ocrx_word' id='word_1_264' title='bbox 1666 2508 1922 2576; x_wconf 90' lang='lat' dir='ltr'><strong>contique</strong></span> <span class='ocrx_word' id='word_1_265' title='bbox 1945 2508 2127 2562; x_wconf 89' lang='lat' dir='ltr'><strong>obtusi</strong></span> 
     </span>
    </p>
   </div>
   <div class='ocr_carea' id='block_1_39' title="bbox 541 2600 2128 2669">
    <p class='ocr_par' dir='ltr' id='par_1_39' title="bbox 541 2600 2128 2669">
     <span class='ocr_line' id='line_1_39' title="bbox 541 2600 2128 2669; baseline -0.004 -10"><span class='ocrx_word' id='word_1_266' title='bbox 541 2612 672 2659; x_wconf 86' lang='lat' dir='ltr'><strong>sunt</strong></span> <span class='ocrx_word' id='word_1_267' title='bbox 702 2603 920 2659; x_wconf 87' lang='lat' dir='ltr'><strong>ossibus</strong></span> <span class='ocrx_word' id='word_1_268' title='bbox 946 2603 1308 2657; x_wconf 86' lang='lat' dir='ltr'><strong>barbarorum</strong></span> <span class='ocrx_word' id='word_1_269' title='bbox 1339 2601 1638 2669; x_wconf 87' lang='lat' dir='ltr'><strong>multisque</strong></span> <span class='ocrx_word' id='word_1_270' title='bbox 1671 2615 1862 2654; x_wconf 90' lang='lat' dir='ltr'><strong>eorum</strong></span> <span class='ocrx_word' id='word_1_271' title='bbox 1890 2600 2128 2653; x_wconf 85' lang='lat' dir='ltr'><strong>decolla-</strong></span> 
     </span>
    </p>
   </div>
   <div class='ocr_carea' id='block_1_40' title="bbox 541 2693 2127 2764">
    <p class='ocr_par' dir='ltr' id='par_1_40' title="bbox 541 2693 2127 2764">
     <span class='ocr_line' id='line_1_40' title="bbox 541 2693 2127 2764; baseline -0.004 -14"><span class='ocrx_word' id='word_1_272' title='bbox 541 2697 806 2762; x_wconf 89' lang='lat' dir='ltr'><strong>tionibus,</strong></span> <span class='ocrx_word' id='word_1_273' title='bbox 849 2704 904 2749; x_wconf 87' lang='lat' dir='ltr'><strong>et</strong></span> <span class='ocrx_word' id='word_1_274' title='bbox 945 2694 1217 2764; x_wconf 85' lang='lat' dir='ltr'><strong>impavide</strong></span> <span class='ocrx_word' id='word_1_275' title='bbox 1257 2693 1724 2748; x_wconf 84' lang='lat' dir='ltr'><strong>coneulcaverunt</strong></span> <span class='ocrx_word' id='word_1_276' title='bbox 1763 2707 1855 2747; x_wconf 87' lang='lat' dir='ltr'><strong>eos</strong></span> <span class='ocrx_word' id='word_1_277' title='bbox 1893 2693 2127 2746; x_wconf 83' lang='lat' dir='ltr'><strong>Romani</strong></span> 
     </span>
    </p>
   </div>
   <div class='ocr_carea' id='block_1_41' title="bbox 549 2783 2127 2856">
    <p class='ocr_par' dir='ltr' id='par_1_41' title="bbox 549 2783 2127 2856">
     <span class='ocr_line' id='line_1_41' title="bbox 549 2783 2127 2856; baseline -0.003 -14"><span class='ocrx_word' id='word_1_278' title='bbox 549 2800 664 2842; x_wconf 88' lang='lat' dir='ltr'><strong>tum</strong></span> <span class='ocrx_word' id='word_1_279' title='bbox 693 2790 905 2856; x_wconf 85' lang='lat' dir='ltr'><strong>equites</strong></span> <span class='ocrx_word' id='word_1_280' title='bbox 935 2796 1048 2840; x_wconf 91' lang='lat' dir='ltr'><strong>tum</strong></span> <span class='ocrx_word' id='word_1_281' title='bbox 1075 2787 1304 2854; x_wconf 82' lang='lat' dir='ltr'><strong>pedites,</strong></span> <span class='ocrx_word' id='word_1_282' title='bbox 1335 2797 1392 2839; x_wconf 91' lang='lat' dir='ltr'><strong>et</strong></span> <span class='ocrx_word' id='word_1_283' title='bbox 1417 2785 1563 2854; x_wconf 89' lang='lat' dir='ltr'><strong>cepit</strong></span> <span class='ocrx_word' id='word_1_284' title='bbox 1599 2785 1895 2852; x_wconf 84' lang='lat' dir='ltr'><strong>imperator</strong></span> <span class='ocrx_word' id='word_1_285' title='bbox 1927 2783 2127 2853; x_wconf 90' lang='lat' dir='ltr'><strong>oppida</strong></span> 
     </span>
    </p>
   </div>
   <div class='ocr_carea' id='block_1_42' title="bbox 546 2872 2132 2947">
    <p class='ocr_par' dir='ltr' id='par_1_42' title="bbox 546 2872 2132 2947">
     <span class='ocr_line' id='line_1_42' title="bbox 546 2872 2132 2947; baseline -0.002 -16"><span class='ocrx_word' id='word_1_286' title='bbox 546 2880 908 2947; x_wconf 77' lang='lat' dir='ltr'><strong>regionesque</strong></span> <span class='ocrx_word' id='word_1_287' title='bbox 929 2875 1285 2945; x_wconf 83' lang='lat' dir='ltr'><strong>Bulgarorum</strong></span> <span class='ocrx_word' id='word_1_288' title='bbox 1315 2874 1536 2939; x_wconf 85' lang='lat' dir='ltr'><strong>multas,</strong></span> <span class='ocrx_word' id='word_1_289' title='bbox 1557 2875 1746 2942; x_wconf 86' lang='lat' dir='ltr'><strong>eisque</strong></span> <span class='ocrx_word' id='word_1_290' title='bbox 1771 2872 2012 2943; x_wconf 70' lang='lat' dir='ltr'><strong>pra-fecit</strong></span> <span class='ocrx_word' id='word_1_291' title='bbox 2034 2887 2132 2928; x_wconf 83' lang='lat' dir='ltr'><strong>cu-</strong></span> 
     </span>
    </p>
   </div>
   <div class='ocr_carea' id='block_1_43' title="bbox 548 2967 2135 3036">
    <p class='ocr_par' dir='ltr' id='par_1_43' title="bbox 548 2967 2135 3036">
     <span class='ocr_line' id='line_1_43' title="bbox 548 2967 2135 3036; baseline -0.003 -12"><span class='ocrx_word' id='word_1_292' title='bbox 548 2971 730 3025; x_wconf 89' lang='lat' dir='ltr'><strong>stodes</strong></span> <span class='ocrx_word' id='word_1_293' title='bbox 777 2971 878 3026; x_wconf 87' lang='lat' dir='ltr'><strong>sibi</strong></span> <span class='ocrx_word' id='word_1_294' title='bbox 909 2969 1067 3024; x_wconf 84' lang='lat' dir='ltr'><strong>ﬁdos.</strong></span> <span class='ocrx_word' id='word_1_295' title='bbox 1118 2967 1274 3036; x_wconf 84' lang='lat' dir='ltr'><strong>Cepit</strong></span> <span class='ocrx_word' id='word_1_296' title='bbox 1320 2967 1482 3021; x_wconf 87' lang='lat' dir='ltr'><strong>etiam</strong></span> <span class='ocrx_word' id='word_1_297' title='bbox 1503 2967 1772 3036; x_wconf 76' lang='lat' dir='ltr'><strong>regionem</strong></span> <span class='ocrx_word' id='word_1_298' title='bbox 1802 2967 1856 3020; x_wconf 92' lang='lat' dir='ltr'><strong>in</strong></span> <span class='ocrx_word' id='word_1_299' title='bbox 1893 2981 2000 3034; x_wconf 86' lang='lat' dir='ltr'><strong>qua</strong></span> <span class='ocrx_word' id='word_1_300' title='bbox 2018 2978 2135 3020; x_wconf 89' lang='lat' dir='ltr'><strong>erat</strong></span> 
     </span>
    </p>
   </div>
   <div class='ocr_carea' id='block_1_44' title="bbox 548 3059 2136 3133">
    <p class='ocr_par' dir='ltr' id='par_1_44' title="bbox 548 3059 2136 3133">
     <span class='ocr_line' id='line_1_44' title="bbox 548 3059 2136 3133; baseline -0.003 -17"><span class='ocrx_word' id='word_1_301' title='bbox 548 3063 902 3133; x_wconf 83' lang='lat' dir='ltr'><strong>Bulgarorum</strong></span> <span class='ocrx_word' id='word_1_302' title='bbox 955 3061 1162 3130; x_wconf 77' lang='lat' dir='ltr'><strong>regina,</strong></span> <span class='ocrx_word' id='word_1_303' title='bbox 1186 3059 1370 3130; x_wconf 89' lang='lat' dir='ltr'><strong>ibique</strong></span> <span class='ocrx_word' id='word_1_304' title='bbox 1407 3060 1612 3114; x_wconf 90' lang='lat' dir='ltr'><strong>invenit</strong></span> <span class='ocrx_word' id='word_1_305' title='bbox 1644 3060 1866 3115; x_wconf 84' lang='lat' dir='ltr'><strong>divitias</strong></span> <span class='ocrx_word' id='word_1_306' title='bbox 1911 3059 2136 3113; x_wconf 85' lang='lat' dir='ltr'><strong>thesau-</strong></span> 
     </span>
    </p>
   </div>
   <div class='ocr_carea' id='block_1_45' title="bbox 547 3153 2122 3224">
    <p class='ocr_par' dir='ltr' id='par_1_45' title="bbox 547 3153 2122 3224">
     <span class='ocr_line' id='line_1_45' title="bbox 547 3153 2122 3224; baseline -0.003 -15"><span class='ocrx_word' id='word_1_307' title='bbox 547 3171 749 3224; x_wconf 87' lang='lat' dir='ltr'><strong>rosque</strong></span> <span class='ocrx_word' id='word_1_308' title='bbox 768 3155 1038 3224; x_wconf 86' lang='lat' dir='ltr'><strong>ingentes,</strong></span> <span class='ocrx_word' id='word_1_309' title='bbox 1063 3153 1390 3208; x_wconf 88' lang='lat' dir='ltr'><strong>immensum</strong></span> <span class='ocrx_word' id='word_1_310' title='bbox 1413 3153 1530 3207; x_wconf 86' lang='lat' dir='ltr'><strong>auri</strong></span> <span class='ocrx_word' id='word_1_311' title='bbox 1552 3153 1874 3222; x_wconf 84' lang='lat' dir='ltr'><strong>argentique</strong></span> <span class='ocrx_word' id='word_1_312' title='bbox 1887 3153 2122 3221; x_wconf 90' lang='lat' dir='ltr'><strong>pondus,</strong></span> 
     </span>
    </p>
   </div>
   <div class='ocr_carea' id='block_1_46' title="bbox 548 3246 1774 3316">
    <p class='ocr_par' dir='ltr' id='par_1_46' title="bbox 548 3246 1774 3316">
     <span class='ocr_line' id='line_1_46' title="bbox 548 3246 1774 3316; baseline -0.002 -15"><span class='ocrx_word' id='word_1_313' title='bbox 548 3262 805 3310; x_wconf 88' lang='lat' dir='ltr'><strong>coronas,</strong></span> <span class='ocrx_word' id='word_1_314' title='bbox 836 3247 1144 3300; x_wconf 85' lang='lat' dir='ltr'><strong>diademata</strong></span> <span class='ocrx_word' id='word_1_315' title='bbox 1180 3255 1233 3300; x_wconf 90' lang='lat' dir='ltr'><strong>et</strong></span> <span class='ocrx_word' id='word_1_316' title='bbox 1264 3246 1442 3316; x_wconf 84' lang='lat' dir='ltr'><strong>regios</strong></span> <span class='ocrx_word' id='word_1_317' title='bbox 1457 3256 1774 3314; x_wconf 86' lang='lat' dir='ltr'><strong>apparatus.</strong></span> 
     </span>
    </p>
   </div>
   <div class='ocr_carea' id='block_1_47' title="bbox 2223 1961 3816 2032">
    <p class='ocr_par' dir='ltr' id='par_1_47' title="bbox 2223 1961 3816 2032">
     <span class='ocr_line' id='line_1_47' title="bbox 2223 1961 3816 2032; baseline 0 -19"><span class='ocrx_word' id='word_1_318' title='bbox 2223 1961 2313 2014; x_wconf 81' lang='grc' dir='ltr'><strong>διὰ</strong></span> <span class='ocrx_word' id='word_1_319' title='bbox 2345 1961 2445 2029; x_wconf 83' lang='grc' dir='ltr'><strong>τῆς</strong></span> <span class='ocrx_word' id='word_1_320' title='bbox 2481 1963 2560 2023; x_wconf 79' lang='grc' dir='ltr'><strong>εἰς</strong></span> <span class='ocrx_word' id='word_1_321' title='bbox 2587 1961 2688 2030; x_wconf 84' lang='grc' dir='ltr'><strong>τὴν</strong></span> <span class='ocrx_word' id='word_1_322' title='bbox 2736 1961 3030 2031; x_wconf 81' lang='grc' dir='ltr'><strong>Ἀνατολὴν</strong></span> <span class='ocrx_word' id='word_1_323' title='bbox 3067 1962 3382 2031; x_wconf 75' lang='grc' dir='ltr'><strong>ἀποδημίας</strong></span> <span class='ocrx_word' id='word_1_324' title='bbox 3408 1961 3518 2014; x_wconf 79' lang='grc' dir='ltr'><strong>τῶν</strong></span> <span class='ocrx_word' id='word_1_325' title='bbox 3550 1978 3816 2032; x_wconf 75' lang='grc' dir='ltr'><strong>στρατευ-</strong></span> 
     </span>
    </p>
   </div>
   <div class='ocr_carea' id='block_1_48' title="bbox 2230 2053 3817 2124">
    <p class='ocr_par' dir='ltr' id='par_1_48' title="bbox 2230 2053 3817 2124">
     <span class='ocr_line' id='line_1_48' title="bbox 2230 2053 3817 2124; baseline 0.001 -18"><span class='ocrx_word' id='word_1_326' title='bbox 2230 2053 2438 2122; x_wconf 85' lang='grc' dir='ltr'><strong>μάτων,</strong></span> <span class='ocrx_word' id='word_1_327' title='bbox 2466 2053 2856 2123; x_wconf 85' lang='grc' dir='ltr'><strong>κατεπάτησαν</strong></span> <span class='ocrx_word' id='word_1_328' title='bbox 2885 2054 2977 2105; x_wconf 71' lang='grc' dir='ltr'><strong>καὶ</strong></span> <span class='ocrx_word' id='word_1_329' title='bbox 3003 2055 3312 2124; x_wconf 69' lang='grc' dir='ltr'><strong>ἠρήμωσαν</strong></span> <span class='ocrx_word' id='word_1_330' title='bbox 3341 2053 3544 2122; x_wconf 81' lang='grc' dir='ltr'><strong>πολλὴν</strong></span> <span class='ocrx_word' id='word_1_331' title='bbox 3569 2054 3672 2124; x_wconf 82' lang='grc' dir='ltr'><strong>γῆν</strong></span> <span class='ocrx_word' id='word_1_332' title='bbox 3701 2055 3817 2108; x_wconf 82' lang='grc' dir='ltr'><strong>τῶν</strong></span> 
     </span>
    </p>
   </div>
   <div class='ocr_carea' id='block_1_49' title="bbox 2239 2145 3817 2216">
    <p class='ocr_par' dir='ltr' id='par_1_49' title="bbox 2239 2145 3817 2216">
     <span class='ocr_line' id='line_1_49' title="bbox 2239 2145 3817 2216; baseline 0 -20"><span class='ocrx_word' id='word_1_333' title='bbox 2239 2145 2554 2214; x_wconf 80' lang='grc' dir='ltr'><strong>Ῥωμαίων,</strong></span> <span class='ocrx_word' id='word_1_334' title='bbox 2589 2145 2752 2197; x_wconf 89' lang='grc' dir='ltr'><strong>πάλιν</strong></span> <span class='ocrx_word' id='word_1_335' title='bbox 2794 2145 3104 2215; x_wconf 72' lang='grc' dir='ltr'><strong>ἐνεπλήσθη</strong></span> <span class='ocrx_word' id='word_1_336' title='bbox 3139 2145 3315 2214; x_wconf 79' lang='grc' dir='ltr'><strong>θυμοῦ</strong></span> <span class='ocrx_word' id='word_1_337' title='bbox 3347 2145 3557 2198; x_wconf 77' lang='grc' dir='ltr'><strong>δικαίου</strong></span> <span class='ocrx_word' id='word_1_338' title='bbox 3589 2148 3680 2197; x_wconf 74' lang='grc' dir='ltr'><strong>καὶ</strong></span> <span class='ocrx_word' id='word_1_339' title='bbox 3713 2145 3817 2216; x_wconf 80' lang='grc' dir='ltr'><strong>ζή-</strong></span> 
     </span>
    </p>
   </div>
   <div class='ocr_carea' id='block_1_50' title="bbox 2228 2235 3816 2306">
    <p class='ocr_par' dir='ltr' id='par_1_50' title="bbox 2228 2235 3816 2306">
     <span class='ocr_line' id='line_1_50' title="bbox 2228 2235 3816 2306; baseline 0.001 -19"><span class='ocrx_word' id='word_1_340' title='bbox 2228 2236 2359 2288; x_wconf 85' lang='grc' dir='ltr'><strong>λου·</strong></span> <span class='ocrx_word' id='word_1_341' title='bbox 2395 2237 2490 2289; x_wconf 83' lang='grc' dir='ltr'><strong>καὶ</strong></span> <span class='ocrx_word' id='word_1_342' title='bbox 2555 2236 2720 2289; x_wconf 82' lang='grc' dir='ltr'><strong>πάλιν</strong></span> <span class='ocrx_word' id='word_1_343' title='bbox 2755 2235 2918 2306; x_wconf 82' lang='grc' dir='ltr'><strong>ἐξέϐη</strong></span> <span class='ocrx_word' id='word_1_344' title='bbox 2974 2237 3112 2306; x_wconf 82' lang='grc' dir='ltr'><strong>μετὰ</strong></span> <span class='ocrx_word' id='word_1_345' title='bbox 3162 2238 3338 2306; x_wconf 77' lang='grc' dir='ltr'><strong>ὁρμῆς</strong></span> <span class='ocrx_word' id='word_1_346' title='bbox 3375 2235 3472 2289; x_wconf 73' lang='grc' dir='ltr'><strong>καὶ</strong></span> <span class='ocrx_word' id='word_1_347' title='bbox 3527 2235 3816 2303; x_wconf 83' lang='grc' dir='ltr'><strong>δυνάμεως</strong></span> 
     </span>
    </p>
   </div>
   <div class='ocr_carea' id='block_1_51' title="bbox 2230 2325 3820 2397">
    <p class='ocr_par' dir='ltr' id='par_1_51' title="bbox 2230 2325 3820 2397">
     <span class='ocr_line' id='line_1_51' title="bbox 2230 2325 3820 2397; baseline -0.001 -18"><span class='ocrx_word' id='word_1_348' title='bbox 2230 2326 2351 2379; x_wconf 78' lang='grc' dir='ltr'><strong>κατ’</strong></span> <span class='ocrx_word' id='word_1_349' title='bbox 2383 2329 2584 2391; x_wconf 82' lang='grc' dir='ltr'><strong>αὐτῶν,</strong></span> <span class='ocrx_word' id='word_1_350' title='bbox 2621 2329 2718 2380; x_wconf 74' lang='grc' dir='ltr'><strong>καὶ</strong></span> <span class='ocrx_word' id='word_1_351' title='bbox 2773 2327 2942 2396; x_wconf 74' lang='grc' dir='ltr'><strong>ἔϐαψε</strong></span> <span class='ocrx_word' id='word_1_352' title='bbox 2981 2329 3104 2387; x_wconf 80' lang='grc' dir='ltr'><strong>τοὺς</strong></span> <span class='ocrx_word' id='word_1_353' title='bbox 3137 2328 3394 2397; x_wconf 79' lang='grc' dir='ltr'><strong>κάμπους</strong></span> <span class='ocrx_word' id='word_1_354' title='bbox 3437 2326 3546 2379; x_wconf 82' lang='grc' dir='ltr'><strong>άπδ</strong></span> <span class='ocrx_word' id='word_1_355' title='bbox 3591 2325 3698 2378; x_wconf 85' lang='grc' dir='ltr'><strong>τῶν</strong></span> <span class='ocrx_word' id='word_1_356' title='bbox 3731 2327 3820 2379; x_wconf 77' lang='grc' dir='ltr'><strong>αἱ-</strong></span> 
     </span>
    </p>
   </div>
   <div class='ocr_carea' id='block_1_52' title="bbox 2235 2416 3820 2489">
    <p class='ocr_par' dir='ltr' id='par_1_52' title="bbox 2235 2416 3820 2489">
     <span class='ocr_line' id='line_1_52' title="bbox 2235 2416 3820 2489; baseline -0.001 -19"><span class='ocrx_word' id='word_1_357' title='bbox 2235 2420 2422 2488; x_wconf 80' lang='grc' dir='ltr'><strong>μάτων</strong></span> <span class='ocrx_word' id='word_1_358' title='bbox 2439 2418 2638 2472; x_wconf 81' lang='grc' dir='ltr'><strong>αὑτῶν.</strong></span> <span class='ocrx_word' id='word_1_359' title='bbox 2659 2420 2769 2472; x_wconf 70' lang='grc' dir='ltr'><strong>Καὶ</strong></span> <span class='ocrx_word' id='word_1_360' title='bbox 2786 2419 3049 2489; x_wconf 80' lang='grc' dir='ltr'><strong>ἐγέμισαν</strong></span> <span class='ocrx_word' id='word_1_361' title='bbox 3071 2419 3265 2481; x_wconf 77' lang='grc' dir='ltr'><strong>αὐτοὺς</strong></span> <span class='ocrx_word' id='word_1_362' title='bbox 3282 2420 3350 2472; x_wconf 82' lang='grc' dir='ltr'><strong>τὰ</strong></span> <span class='ocrx_word' id='word_1_363' title='bbox 3367 2437 3441 2472; x_wconf 89' lang='grc' dir='ltr'><strong>πα</strong></span> <span class='ocrx_word' id='word_1_364' title='bbox 3450 2416 3704 2486; x_wconf 84' lang='grc' dir='ltr'><strong>ράπλαγα</strong></span> <span class='ocrx_word' id='word_1_365' title='bbox 3721 2419 3820 2470; x_wconf 71' lang='grc' dir='ltr'><strong>καί⁸</strong></span> 
     </span>
    </p>
   </div>
   <div class='ocr_carea' id='block_1_53' title="bbox 2231 2507 3841 2578">
    <p class='ocr_par' dir='ltr' id='par_1_53' title="bbox 2231 2507 3841 2578">
     <span class='ocr_line' id='line_1_53' title="bbox 2231 2507 3841 2578; baseline -0.002 -16"><span class='ocrx_word' id='word_1_366' title='bbox 2231 2511 2297 2562; x_wconf 67' lang='grc' dir='ltr'><strong>τά</strong></span> <span class='ocrx_word' id='word_1_367' title='bbox 2332 2510 2552 2578; x_wconf 77' lang='grc' dir='ltr'><strong>ῥυάκια,</strong></span> <span class='ocrx_word' id='word_1_368' title='bbox 2577 2511 2671 2562; x_wconf 73' lang='grc' dir='ltr'><strong>καὶ</strong></span> <span class='ocrx_word' id='word_1_369' title='bbox 2691 2510 2799 2562; x_wconf 79' lang='grc' dir='ltr'><strong>ἀπὸ</strong></span> <span class='ocrx_word' id='word_1_370' title='bbox 2814 2511 2945 2572; x_wconf 80' lang='grc' dir='ltr'><strong>τοὺς</strong></span> <span class='ocrx_word' id='word_1_371' title='bbox 2974 2509 3205 2571; x_wconf 78' lang='grc' dir='ltr'><strong>πολλοὺς</strong></span> <span class='ocrx_word' id='word_1_372' title='bbox 3238 2509 3433 2576; x_wconf 80' lang='grc' dir='ltr'><strong>φόνους</strong></span> <span class='ocrx_word' id='word_1_373' title='bbox 3450 2507 3758 2578; x_wconf 75' lang='grc' dir='ltr'><strong>ἐϐρώμισσν</strong></span> <span class='ocrx_word' id='word_1_374' title='bbox 3784 2509 3841 2577; x_wconf 74' lang='grc' dir='ltr'><strong>ἡ·</strong></span> 
     </span>
    </p>
   </div>
   <div class='ocr_carea' id='block_1_54' title="bbox 2232 2597 3818 2671">
    <p class='ocr_par' dir='ltr' id='par_1_54' title="bbox 2232 2597 3818 2671">
     <span class='ocr_line' id='line_1_54' title="bbox 2232 2597 3818 2671; baseline -0.005 -16"><span class='ocrx_word' id='word_1_375' title='bbox 2232 2603 2304 2671; x_wconf 84' lang='grc' dir='ltr'><strong>γῆ</strong></span> <span class='ocrx_word' id='word_1_376' title='bbox 2341 2601 2438 2654; x_wconf 72' lang='grc' dir='ltr'><strong>καὶ</strong></span> <span class='ocrx_word' id='word_1_377' title='bbox 2470 2602 2808 2669; x_wconf 83' lang='grc' dir='ltr'><strong>ἐκονίνησεν,</strong></span> <span class='ocrx_word' id='word_1_378' title='bbox 2847 2600 2943 2652; x_wconf 80' lang='grc' dir='ltr'><strong>καὶ</strong></span> <span class='ocrx_word' id='word_1_379' title='bbox 2981 2598 3046 2650; x_wconf 71' lang='grc' dir='ltr'><strong>τὰ</strong></span> <span class='ocrx_word' id='word_1_380' title='bbox 3088 2597 3292 2651; x_wconf 87' lang='grc' dir='ltr'><strong>σπαθία</strong></span> <span class='ocrx_word' id='word_1_381' title='bbox 3335 2598 3430 2650; x_wconf 56' lang='grc' dir='ltr'><strong>καὶ⁵</strong></span> <span class='ocrx_word' id='word_1_382' title='bbox 3455 2597 3526 2649; x_wconf 80' lang='grc' dir='ltr'><strong>τά</strong></span> <span class='ocrx_word' id='word_1_383' title='bbox 3554 2598 3818 2666; x_wconf 73' lang='grc' dir='ltr'><strong>κοντάρια</strong></span> 
     </span>
    </p>
   </div>
   <div class='ocr_carea' id='block_1_55' title="bbox 2233 2687 3821 2765">
    <p class='ocr_par' dir='ltr' id='par_1_55' title="bbox 2233 2687 3821 2765">
     <span class='ocr_line' id='line_1_55' title="bbox 2233 2687 3821 2765; baseline -0.008 -16"><span class='ocrx_word' id='word_1_384' title='bbox 2233 2696 2341 2749; x_wconf 79' lang='grc' dir='ltr'><strong>τῶν</strong></span> <span class='ocrx_word' id='word_1_385' title='bbox 2382 2694 2676 2765; x_wconf 85' lang='grc' dir='ltr'><strong>Ῥωμαίων</strong></span> <span class='ocrx_word' id='word_1_386' title='bbox 2715 2692 3195 2762; x_wconf 86' lang='grc' dir='ltr'><strong>ἁποστομώθησαν</strong></span> <span class='ocrx_word' id='word_1_387' title='bbox 3251 2689 3360 2743; x_wconf 79' lang='grc' dir='ltr'><strong>ἀπὸ</strong></span> <span class='ocrx_word' id='word_1_388' title='bbox 3414 2690 3484 2741; x_wconf 75' lang='grc' dir='ltr'><strong>τὰ</strong></span> <span class='ocrx_word' id='word_1_389' title='bbox 3537 2690 3670 2742; x_wconf 80' lang='grc' dir='ltr'><strong>ὀστᾶ</strong></span> <span class='ocrx_word' id='word_1_390' title='bbox 3713 2687 3821 2740; x_wconf 82' lang='grc' dir='ltr'><strong>τῶν</strong></span> 
     </span>
    </p>
   </div>
   <div class='ocr_carea' id='block_1_56' title="bbox 2237 2781 3820 2856">
    <p class='ocr_par' dir='ltr' id='par_1_56' title="bbox 2237 2781 3820 2856">
     <span class='ocr_line' id='line_1_56' title="bbox 2237 2781 3820 2856; baseline -0.003 -18"><span class='ocrx_word' id='word_1_391' title='bbox 2237 2786 2532 2856; x_wconf 72' lang='grc' dir='ltr'><strong>βαρϐάρων</strong></span> <span class='ocrx_word' id='word_1_392' title='bbox 2570 2787 2664 2838; x_wconf 73' lang='grc' dir='ltr'><strong>καὶ</strong></span> <span class='ocrx_word' id='word_1_393' title='bbox 2713 2783 2820 2837; x_wconf 78' lang='grc' dir='ltr'><strong>ἆπδ</strong></span> <span class='ocrx_word' id='word_1_394' title='bbox 2855 2785 2980 2847; x_wconf 82' lang='grc' dir='ltr'><strong>τοὺς</strong></span> <span class='ocrx_word' id='word_1_395' title='bbox 3032 2783 3260 2846; x_wconf 81' lang='grc' dir='ltr'><strong>πολλοὺς</strong></span> <span class='ocrx_word' id='word_1_396' title='bbox 3295 2781 3820 2853; x_wconf 77' lang='grc' dir='ltr'><strong>τραχηλοκοπημοὺς</strong></span> 
     </span>
    </p>
   </div>
   <div class='ocr_carea' id='block_1_57' title="bbox 2235 2875 3826 2948">
    <p class='ocr_par' dir='ltr' id='par_1_57' title="bbox 2235 2875 3826 2948">
     <span class='ocr_line' id='line_1_57' title="bbox 2235 2875 3826 2948; baseline -0.004 -17"><span class='ocrx_word' id='word_1_397' title='bbox 2235 2878 2415 2932; x_wconf 83' lang='grc' dir='ltr'><strong>αὐτῶν</strong></span> <span class='ocrx_word' id='word_1_398' title='bbox 2435 2898 2448 2908; x_wconf 73' lang='grc' dir='ltr'><strong>ο</strong></span> <span class='ocrx_word' id='word_1_399' title='bbox 2490 2878 2584 2930; x_wconf 75' lang='grc' dir='ltr'><strong>καὶ</strong></span> <span class='ocrx_word' id='word_1_400' title='bbox 2614 2878 3062 2948; x_wconf 80' lang='grc' dir='ltr'><strong>περιεπατοῦσαν</strong></span> <span class='ocrx_word' id='word_1_401' title='bbox 3095 2876 3274 2944; x_wconf 77' lang='grc' dir='ltr'><strong>ἄφοϐα</strong></span> <span class='ocrx_word' id='word_1_402' title='bbox 3303 2877 3398 2928; x_wconf 77' lang='grc' dir='ltr'><strong>καὶ</strong></span> <span class='ocrx_word' id='word_1_403' title='bbox 3435 2875 3826 2944; x_wconf 74' lang='grc' dir='ltr'><strong>άρματωμένθι</strong></span> 
     </span>
    </p>
   </div>
   <div class='ocr_carea' id='block_1_58' title="bbox 2240 2964 3827 3040">
    <p class='ocr_par' dir='ltr' id='par_1_58' title="bbox 2240 2964 3827 3040">
     <span class='ocr_line' id='line_1_58' title="bbox 2240 2964 3827 3040; baseline -0.003 -19"><span class='ocrx_word' id='word_1_404' title='bbox 2240 2970 2338 3039; x_wconf 89' lang='grc' dir='ltr'><strong>μέν</strong></span> <span class='ocrx_word' id='word_1_405' title='bbox 2361 2970 2454 3023; x_wconf 80' lang='grc' dir='ltr'><strong>καὶ</strong></span> <span class='ocrx_word' id='word_1_406' title='bbox 2481 2971 2874 3040; x_wconf 86' lang='grc' dir='ltr'><strong>ἀναρμάτωτοι</strong></span> <span class='ocrx_word' id='word_1_407' title='bbox 2908 2972 2956 3022; x_wconf 82' lang='grc' dir='ltr'><strong>οἱ</strong></span> <span class='ocrx_word' id='word_1_408' title='bbox 3001 2971 3296 3037; x_wconf 85' lang='grc' dir='ltr'><strong>Ῥωμαῖοι’</strong></span> <span class='ocrx_word' id='word_1_409' title='bbox 3330 2969 3426 3020; x_wconf 78' lang='grc' dir='ltr'><strong>καὶ</strong></span> <span class='ocrx_word' id='word_1_410' title='bbox 3461 2964 3827 3037; x_wconf 78' lang='grc' dir='ltr'><strong>παρέλαϐεν-ὁ</strong></span> 
     </span>
    </p>
   </div>
   <div class='ocr_carea' id='block_1_59' title="bbox 2239 3055 3829 3132">
    <p class='ocr_par' dir='ltr' id='par_1_59' title="bbox 2239 3055 3829 3132">
     <span class='ocr_line' id='line_1_59' title="bbox 2239 3055 3829 3132; baseline -0.005 -16"><span class='ocrx_word' id='word_1_411' title='bbox 2239 3062 2496 3132; x_wconf 70' lang='grc' dir='ltr'><strong>βασιλεὺς</strong></span> <span class='ocrx_word' id='word_1_412' title='bbox 2533 3062 2748 3132; x_wconf 80' lang='grc' dir='ltr'><strong>κὰστρα</strong></span> <span class='ocrx_word' id='word_1_413' title='bbox 2775 3059 2871 3115; x_wconf 77' lang='grc' dir='ltr'><strong>καὶ</strong></span> <span class='ocrx_word' id='word_1_414' title='bbox 2902 3060 3087 3131; x_wconf 83' lang='grc' dir='ltr'><strong>χώρας</strong></span> <span class='ocrx_word' id='word_1_415' title='bbox 3143 3060 3249 3113; x_wconf 86' lang='grc' dir='ltr'><strong>τῶν</strong></span> <span class='ocrx_word' id='word_1_416' title='bbox 3273 3057 3602 3128; x_wconf 84' lang='grc' dir='ltr'><strong>Βουλγάρων</strong></span> <span class='ocrx_word' id='word_1_417' title='bbox 3627 3055 3829 3119; x_wconf 79' lang='grc' dir='ltr'><strong>πολλὰς</strong></span> 
     </span>
    </p>
   </div>
   <div class='ocr_carea' id='block_1_60' title="bbox 2237 3147 3831 3224">
    <p class='ocr_par' dir='ltr' id='par_1_60' title="bbox 2237 3147 3831 3224">
     <span class='ocr_line' id='line_1_60' title="bbox 2237 3147 3831 3224; baseline -0.003 -19"><span class='ocrx_word' id='word_1_418' title='bbox 2237 3153 2407 3224; x_wconf 74' lang='grc'><strong>869</strong></span> <span class='ocrx_word' id='word_1_419' title='bbox 2435 3157 2531 3207; x_wconf 77' lang='grc' dir='ltr'><strong>καὶ</strong></span> <span class='ocrx_word' id='word_1_420' title='bbox 2569 3153 2793 3208; x_wconf 77' lang='grc' dir='ltr'><strong>ἔϐαλλεν</strong></span> <span class='ocrx_word' id='word_1_421' title='bbox 2823 3153 2909 3206; x_wconf 84' lang='grc' dir='ltr'><strong>ἐπ’</strong></span> <span class='ocrx_word' id='word_1_422' title='bbox 2937 3154 3110 3215; x_wconf 79' lang='grc' dir='ltr'><strong>αὐτὰς</strong></span> <span class='ocrx_word' id='word_1_423' title='bbox 3161 3153 3510 3220; x_wconf 80' lang='grc' dir='ltr'><strong>φυλάκτορας</strong></span> <span class='ocrx_word' id='word_1_424' title='bbox 3539 3147 3751 3211; x_wconf 88' lang='grc' dir='ltr'><strong>ἐδικούς</strong></span> <span class='ocrx_word' id='word_1_425' title='bbox 3781 3147 3831 3181; x_wconf 73' lang='grc'><strong>⁸⁸</strong></span> 
     </span>
    </p>
   </div>
   <div class='ocr_carea' id='block_1_61' title="bbox 2225 3236 3834 3317">
    <p class='ocr_par' dir='ltr' id='par_1_61' title="bbox 2225 3236 3834 3317">
     <span class='ocr_line' id='line_1_61' title="bbox 2225 3236 3834 3317; baseline -0.003 -18"><span class='ocrx_word' id='word_1_426' title='bbox 2225 3263 2342 3300; x_wconf 83' lang='grc' dir='ltr'><strong>του.</strong></span> <span class='ocrx_word' id='word_1_427' title='bbox 2383 3249 2431 3280; x_wconf 61' lang='grc'><strong>³⁸</strong></span> <span class='ocrx_word' id='word_1_428' title='bbox 2460 3247 2744 3317; x_wconf 83' lang='grc' dir='ltr'><strong>Παρέλαϐε</strong></span> <span class='ocrx_word' id='word_1_429' title='bbox 2769 3248 2825 3300; x_wconf 85' lang='grc' dir='ltr'><strong>δέ</strong></span> <span class='ocrx_word' id='word_1_430' title='bbox 2863 3245 2962 3300; x_wconf 77' lang='grc' dir='ltr'><strong>καὶ</strong></span> <span class='ocrx_word' id='word_1_431' title='bbox 2994 3246 3096 3314; x_wconf 83' lang='grc' dir='ltr'><strong>τὴν</strong></span> <span class='ocrx_word' id='word_1_432' title='bbox 3120 3246 3322 3314; x_wconf 76' lang='grc' dir='ltr'><strong>χώραν,</strong></span> <span class='ocrx_word' id='word_1_433' title='bbox 3362 3245 3420 3296; x_wconf 82' lang='grc' dir='ltr'><strong>ἐν</strong></span> <span class='ocrx_word' id='word_1_434' title='bbox 3507 3238 3638 3313; x_wconf 79' lang='grc' dir='ltr'><strong>ἦτον</strong></span> <span class='ocrx_word' id='word_1_435' title='bbox 3663 3244 3696 3310; x_wconf 78' lang='grc' dir='ltr'>ἡ</span> <span class='ocrx_word' id='word_1_436' title='bbox 3735 3241 3834 3311; x_wconf 69' lang='grc' dir='ltr'><strong>βας</strong></span> 
     </span>
    </p>
   </div>
   <div class='ocr_carea' id='block_1_62' title="bbox 550 3330 3848 3413">
    <p class='ocr_par' dir='ltr' id='par_1_62' title="bbox 550 3330 3848 3413">
     <span class='ocr_line' id='line_1_62' title="bbox 550 3330 3848 3413; baseline 0.001 -27"><span class='ocrx_word' id='word_1_437' title='bbox 550 3336 768 3391; x_wconf 84' lang='grc' dir='ltr'><strong>σίλισσα</strong></span> <span class='ocrx_word' id='word_1_438' title='bbox 789 3339 899 3392; x_wconf 86' lang='grc' dir='ltr'><strong>τῶν</strong></span> <span class='ocrx_word' id='word_1_439' title='bbox 932 3339 1259 3408; x_wconf 81' lang='grc' dir='ltr'><strong>Βουλγάρων</strong></span> <span class='ocrx_word' id='word_1_440' title='bbox 1282 3355 1295 3369; x_wconf 91' lang='grc'><strong>·</strong></span> <span class='ocrx_word' id='word_1_441' title='bbox 1331 3338 1428 3390; x_wconf 78' lang='grc' dir='ltr'><strong>καὶ</strong></span> <span class='ocrx_word' id='word_1_442' title='bbox 1465 3330 1625 3406; x_wconf 82' lang='grc' dir='ltr'><strong>ε’ὗρεν</strong></span> <span class='ocrx_word' id='word_1_443' title='bbox 1655 3339 1711 3388; x_wconf 84' lang='grc' dir='ltr'><strong>ἐν</strong></span> <span class='ocrx_word' id='word_1_444' title='bbox 1760 3337 1898 3406; x_wconf 78' lang='grc' dir='ltr'><strong>αὐτῇ</strong></span> <span class='ocrx_word' id='word_1_445' title='bbox 1951 3337 2258 3406; x_wconf 86' lang='grc' dir='ltr'><strong>πράγματα</strong></span> <span class='ocrx_word' id='word_1_446' title='bbox 2299 3342 2396 3395; x_wconf 75' lang='grc' dir='ltr'><strong>καὶ</strong></span> <span class='ocrx_word' id='word_1_447' title='bbox 2443 3341 2758 3413; x_wconf 76' lang='grc' dir='ltr'><strong>θησαυροὺς</strong></span> <span class='ocrx_word' id='word_1_448' title='bbox 2795 3340 3024 3404; x_wconf 78' lang='grc' dir='ltr'><strong>πολλοὺς</strong></span> <span class='ocrx_word' id='word_1_449' title='bbox 3056 3339 3151 3391; x_wconf 74' lang='grc' dir='ltr'><strong>καὶ</strong></span> <span class='ocrx_word' id='word_1_450' title='bbox 3177 3337 3400 3409; x_wconf 82' lang='grc' dir='ltr'><strong>χρυσίον</strong></span> <span class='ocrx_word' id='word_1_451' title='bbox 3433 3339 3525 3390; x_wconf 72' lang='grc' dir='ltr'><strong>καὶ</strong></span> <span class='ocrx_word' id='word_1_452' title='bbox 3565 3335 3848 3404; x_wconf 81' lang='grc' dir='ltr'><strong>ἀργύριον.</strong></span> 
     </span>
    </p>
   </div>
   <div class='ocr_carea' id='block_1_63' title="bbox 559 3427 2528 3499">
    <p class='ocr_par' dir='ltr' id='par_1_63' title="bbox 559 3427 2528 3499">
     <span class='ocr_line' id='line_1_63' title="bbox 559 3427 2528 3499; baseline 0.003 -17"><span class='ocrx_word' id='word_1_453' title='bbox 559 3431 780 3499; x_wconf 73' lang='grc' dir='ltr'><strong>ἄπειρον</strong></span> <span class='ocrx_word' id='word_1_454' title='bbox 807 3431 902 3482; x_wconf 72' lang='grc' dir='ltr'><strong>καὶ</strong></span> <span class='ocrx_word' id='word_1_455' title='bbox 950 3429 1237 3498; x_wconf 82' lang='grc' dir='ltr'><strong>στέμματα</strong></span> <span class='ocrx_word' id='word_1_456' title='bbox 1268 3429 1360 3482; x_wconf 75' lang='grc' dir='ltr'><strong>καὶ</strong></span> <span class='ocrx_word' id='word_1_457' title='bbox 1392 3427 1700 3498; x_wconf 85' lang='grc' dir='ltr'><strong>διαδήματα</strong></span> <span class='ocrx_word' id='word_1_458' title='bbox 1735 3428 1832 3480; x_wconf 88' lang='grc' dir='ltr'><strong>καὶ</strong></span> <span class='ocrx_word' id='word_1_459' title='bbox 1875 3428 2188 3492; x_wconf 81' lang='grc' dir='ltr'><strong>ἀποσκευὰς</strong></span> <span class='ocrx_word' id='word_1_460' title='bbox 2222 3430 2528 3499; x_wconf 77' lang='grc' dir='ltr'><strong>βασιλικάς.</strong></span> 
     </span>
    </p>
   </div>
   <div class='ocr_carea' id='block_1_64' title="bbox 623 3516 2133 3586">
    <p class='ocr_par' dir='ltr' id='par_1_64' title="bbox 623 3516 2133 3586">
     <span class='ocr_line' id='line_1_64' title="bbox 623 3516 2133 3586; baseline -0.002 -14"><span class='ocrx_word' id='word_1_461' title='bbox 623 3519 830 3572; x_wconf 76' lang='lat' dir='ltr'><strong>Videns</strong></span> <span class='ocrx_word' id='word_1_462' title='bbox 858 3528 1038 3572; x_wconf 92' lang='lat' dir='ltr'><strong>autem</strong></span> <span class='ocrx_word' id='word_1_463' title='bbox 1079 3518 1438 3571; x_wconf 85' lang='lat' dir='ltr'><strong>barbarorum</strong></span> <span class='ocrx_word' id='word_1_464' title='bbox 1463 3516 1572 3570; x_wconf 82' lang='lat' dir='ltr'><strong>dux</strong></span> <span class='ocrx_word' id='word_1_465' title='bbox 1598 3526 1806 3571; x_wconf 89' lang='lat' dir='ltr'><strong>tantum</strong></span> <span class='ocrx_word' id='word_1_466' title='bbox 1839 3518 2133 3586; x_wconf 87' lang='lat' dir='ltr'><strong>impetum,</strong></span> 
     </span>
    </p>
   </div>
   <div class='ocr_carea' id='block_1_65' title="bbox 553 3609 2136 3679">
    <p class='ocr_par' dir='ltr' id='par_1_65' title="bbox 553 3609 2136 3679">
     <span class='ocr_line' id='line_1_65' title="bbox 553 3609 2136 3679; baseline -0.003 -13"><span class='ocrx_word' id='word_1_467' title='bbox 553 3611 964 3679; x_wconf 89' lang='lat' dir='ltr'><strong>exercitumque</strong></span> <span class='ocrx_word' id='word_1_468' title='bbox 1012 3625 1174 3664; x_wconf 93' lang='lat' dir='ltr'><strong>suum</strong></span> <span class='ocrx_word' id='word_1_469' title='bbox 1221 3625 1344 3664; x_wconf 77' lang='lat' dir='ltr'><strong>esse</strong></span> <span class='ocrx_word' id='word_1_470' title='bbox 1388 3609 1751 3676; x_wconf 85' lang='lat' dir='ltr'><strong>destructum,</strong></span> <span class='ocrx_word' id='word_1_471' title='bbox 1793 3609 2006 3664; x_wconf 88' lang='lat' dir='ltr'><strong>domuit</strong></span> <span class='ocrx_word' id='word_1_472' title='bbox 2037 3625 2136 3678; x_wconf 84' lang='lat' dir='ltr'><strong>pa-</strong></span> 
     </span>
    </p>
   </div>
   <div class='ocr_carea' id='block_1_66' title="bbox 557 3701 2138 3774">
    <p class='ocr_par' dir='ltr' id='par_1_66' title="bbox 557 3701 2138 3774">
     <span class='ocr_line' id='line_1_66' title="bbox 557 3701 2138 3774; baseline -0.002 -16"><span class='ocrx_word' id='word_1_473' title='bbox 557 3721 781 3773; x_wconf 89' lang='lat' dir='ltr'><strong>rumper</strong></span> <span class='ocrx_word' id='word_1_474' title='bbox 813 3705 1122 3774; x_wconf 88' lang='lat' dir='ltr'><strong>superbiam</strong></span> <span class='ocrx_word' id='word_1_475' title='bbox 1156 3718 1314 3757; x_wconf 89' lang='lat' dir='ltr'><strong>suam</strong></span> <span class='ocrx_word' id='word_1_476' title='bbox 1359 3713 1415 3756; x_wconf 89' lang='lat' dir='ltr'><strong>et</strong></span> <span class='ocrx_word' id='word_1_477' title='bbox 1453 3701 1799 3756; x_wconf 87' lang='lat' dir='ltr'><strong>barbaricam</strong></span> <span class='ocrx_word' id='word_1_478' title='bbox 1832 3703 2138 3756; x_wconf 30' lang='lat' dir='ltr'><strong>liumiliav‘it</strong></span> 
     </span>
    </p>
   </div>
   <div class='ocr_carea' id='block_1_67' title="bbox 558 3795 2136 3867">
    <p class='ocr_par' dir='ltr' id='par_1_67' title="bbox 558 3795 2136 3867">
     <span class='ocr_line' id='line_1_67' title="bbox 558 3795 2136 3867; baseline -0.001 -17"><span class='ocrx_word' id='word_1_479' title='bbox 558 3797 948 3867; x_wconf 73' lang='lat' dir='ltr'><strong>arrogantiam.</strong></span> <span class='ocrx_word' id='word_1_480' title='bbox 987 3796 1054 3850; x_wconf 90' lang='lat' dir='ltr'><strong>Ut</strong></span> <span class='ocrx_word' id='word_1_481' title='bbox 1083 3811 1214 3849; x_wconf 90' lang='lat' dir='ltr'><strong>vero</strong></span> <span class='ocrx_word' id='word_1_482' title='bbox 1241 3795 1410 3848; x_wconf 85' lang='lat' dir='ltr'><strong>alium</strong></span> <span class='ocrx_word' id='word_1_483' title='bbox 1437 3796 1616 3865; x_wconf 77' lang='lat' dir='ltr'><strong>coegit</strong></span> <span class='ocrx_word' id='word_1_484' title='bbox 1645 3795 1946 3849; x_wconf 88' lang='lat' dir='ltr'><strong>exercitum</strong></span> <span class='ocrx_word' id='word_1_485' title='bbox 1983 3803 2136 3849; x_wconf 78' lang='lat' dir='ltr'><strong>exte—</strong></span> 
     </span>
    </p>
   </div>
   <div class='ocr_carea' id='block_1_68' title="bbox 558 3886 2137 3958">
    <p class='ocr_par' dir='ltr' id='par_1_68' title="bbox 558 3886 2137 3958">
     <span class='ocr_line' id='line_1_68' title="bbox 558 3886 2137 3958; baseline -0.003 -16"><span class='ocrx_word' id='word_1_486' title='bbox 558 3903 758 3958; x_wconf 84' lang='lat' dir='ltr'><strong>rasque</strong></span> <span class='ocrx_word' id='word_1_487' title='bbox 784 3888 1083 3942; x_wconf 81' lang='lat' dir='ltr'><strong>auxiliares</strong></span> <span class='ocrx_word' id='word_1_488' title='bbox 1123 3887 1333 3957; x_wconf 86' lang='lat' dir='ltr'><strong>copias,</strong></span> <span class='ocrx_word' id='word_1_489' title='bbox 1373 3886 1484 3940; x_wconf 90' lang='lat' dir='ltr'><strong>ruit</strong></span> <span class='ocrx_word' id='word_1_490' title='bbox 1522 3886 1576 3939; x_wconf 91' lang='lat' dir='ltr'><strong>in</strong></span> <span class='ocrx_word' id='word_1_491' title='bbox 1609 3886 1812 3942; x_wconf 87' lang='lat' dir='ltr'><strong>bellum</strong></span> <span class='ocrx_word' id='word_1_492' title='bbox 1850 3895 1903 3940; x_wconf 90' lang='lat' dir='ltr'><strong>et</strong></span> <span class='ocrx_word' id='word_1_493' title='bbox 1933 3888 2137 3954; x_wconf 65' lang='lat' dir='ltr'><strong>praelia,</strong></span> 
     </span>
    </p>
   </div>
   <div class='ocr_carea' id='block_1_69' title="bbox 561 3977 2142 4051">
    <p class='ocr_par' dir='ltr' id='par_1_69' title="bbox 561 3977 2142 4051">
     <span class='ocr_line' id='line_1_69' title="bbox 561 3977 2142 4051; baseline -0.002 -17"><span class='ocrx_word' id='word_1_494' title='bbox 561 3981 774 4051; x_wconf 84' lang='lat' dir='ltr'><strong>spirans</strong></span> <span class='ocrx_word' id='word_1_495' title='bbox 805 3980 940 4033; x_wconf 90' lang='lat' dir='ltr'><strong>iram</strong></span> <span class='ocrx_word' id='word_1_496' title='bbox 969 3987 1024 4032; x_wconf 93' lang='lat' dir='ltr'><strong>et</strong></span> <span class='ocrx_word' id='word_1_497' title='bbox 1065 3979 1326 4042; x_wconf 76' lang='lat' dir='ltr'><strong>furorem,</strong></span> <span class='ocrx_word' id='word_1_498' title='bbox 1375 3977 1682 4046; x_wconf 86' lang='lat' dir='ltr'><strong>clausitque</strong></span> <span class='ocrx_word' id='word_1_499' title='bbox 1707 3979 1826 4033; x_wconf 87' lang='lat' dir='ltr'><strong>loca</strong></span> <span class='ocrx_word' id='word_1_500' title='bbox 1867 3987 2058 4047; x_wconf 85' lang='lat' dir='ltr'><strong>aperta</strong></span> <span class='ocrx_word' id='word_1_501' title='bbox 2088 3985 2142 4031; x_wconf 91' lang='lat' dir='ltr'><strong>et</strong></span> 
     </span>
    </p>
   </div>
   <div class='ocr_carea' id='block_1_70' title="bbox 563 4069 2140 4139">
    <p class='ocr_par' dir='ltr' id='par_1_70' title="bbox 563 4069 2140 4139">
     <span class='ocr_line' id='line_1_70' title="bbox 563 4069 2140 4139; baseline -0.002 -15"><span class='ocrx_word' id='word_1_502' title='bbox 563 4072 767 4139; x_wconf 70' lang='lat' dir='ltr'><strong>pervia,</strong></span> <span class='ocrx_word' id='word_1_503' title='bbox 791 4073 953 4124; x_wconf 86' lang='lat' dir='ltr'><strong>mo-lo</strong></span> <span class='ocrx_word' id='word_1_504' title='bbox 978 4081 1104 4139; x_wconf 90' lang='lat' dir='ltr'><strong>post</strong></span> <span class='ocrx_word' id='word_1_505' title='bbox 1128 4085 1338 4134; x_wconf 83' lang='lat' dir='ltr'><strong>muros,</strong></span> <span class='ocrx_word' id='word_1_506' title='bbox 1365 4071 1528 4123; x_wconf 91' lang='lat' dir='ltr'><strong>modo</strong></span> <span class='ocrx_word' id='word_1_507' title='bbox 1549 4078 1669 4138; x_wconf 84' lang='lat' dir='ltr'><strong>post</strong></span> <span class='ocrx_word' id='word_1_508' title='bbox 1691 4084 1852 4123; x_wconf 84' lang='lat' dir='ltr'><strong>arcus</strong></span> <span class='ocrx_word' id='word_1_509' title='bbox 1873 4078 1929 4122; x_wconf 89' lang='lat' dir='ltr'><strong>et</strong></span> <span class='ocrx_word' id='word_1_510' title='bbox 1946 4069 2140 4133; x_wconf 87' lang='lat' dir='ltr'><strong>vallos,</strong></span> 
     </span>
    </p>
   </div>
   <div class='ocr_carea' id='block_1_71' title="bbox 561 4159 2144 4230">
    <p class='ocr_par' dir='ltr' id='par_1_71' title="bbox 561 4159 2144 4230">
     <span class='ocr_line' id='line_1_71' title="bbox 561 4159 2144 4230; baseline -0.001 -17"><span class='ocrx_word' id='word_1_511' title='bbox 561 4169 616 4214; x_wconf 89' lang='lat' dir='ltr'><strong>et</strong></span> <span class='ocrx_word' id='word_1_512' title='bbox 651 4159 781 4214; x_wconf 80' lang='lat' dir='ltr'><strong>fecit</strong></span> <span class='ocrx_word' id='word_1_513' title='bbox 819 4160 942 4214; x_wconf 92' lang='lat' dir='ltr'><strong>belli</strong></span> <span class='ocrx_word' id='word_1_514' title='bbox 991 4160 1294 4214; x_wconf 87' lang='lat' dir='ltr'><strong>machinas.</strong></span> <span class='ocrx_word' id='word_1_515' title='bbox 1328 4159 1394 4212; x_wconf 82' lang='lat' dir='ltr'><strong>Et</strong></span> <span class='ocrx_word' id='word_1_516' title='bbox 1425 4169 1582 4213; x_wconf 87' lang='lat' dir='ltr'><strong>erant</strong></span> <span class='ocrx_word' id='word_1_517' title='bbox 1613 4159 1814 4214; x_wconf 88' lang='lat' dir='ltr'><strong>milites</strong></span> <span class='ocrx_word' id='word_1_518' title='bbox 1874 4175 2019 4230; x_wconf 87' lang='lat' dir='ltr'><strong>quos</strong></span> <span class='ocrx_word' id='word_1_519' title='bbox 2049 4173 2144 4212; x_wconf 84' lang='lat' dir='ltr'><strong>co-</strong></span> 
     </span>
    </p>
   </div>
   <div class='ocr_carea' id='block_1_72' title="bbox 560 4251 2146 4322">
    <p class='ocr_par' dir='ltr' id='par_1_72' title="bbox 560 4251 2146 4322">
     <span class='ocr_line' id='line_1_72' title="bbox 560 4251 2146 4322; baseline -0.001 -16"><span class='ocrx_word' id='word_1_520' title='bbox 560 4265 769 4321; x_wconf 76' lang='lat' dir='ltr'><strong>egerat,</strong></span> <span class='ocrx_word' id='word_1_521' title='bbox 814 4262 1055 4306; x_wconf 92' lang='lat' dir='ltr'><strong>trecenta</strong></span> <span class='ocrx_word' id='word_1_522' title='bbox 1081 4261 1135 4306; x_wconf 91' lang='lat' dir='ltr'><strong>et</strong></span> <span class='ocrx_word' id='word_1_523' title='bbox 1161 4252 1444 4321; x_wconf 73' lang='lat' dir='ltr'><strong>sexaginta</strong></span> <span class='ocrx_word' id='word_1_524' title='bbox 1495 4252 1700 4306; x_wconf 88' lang='lat' dir='ltr'><strong>millia:</strong></span> <span class='ocrx_word' id='word_1_525' title='bbox 1729 4261 1782 4307; x_wconf 91' lang='lat' dir='ltr'><strong>et</strong></span> <span class='ocrx_word' id='word_1_526' title='bbox 1806 4251 2146 4322; x_wconf 81' lang='lat' dir='ltr'><strong>gloriabatur</strong></span> 
     </span>
    </p>
   </div>
   <div class='ocr_carea' id='block_1_73' title="bbox 565 4342 2146 4413">
    <p class='ocr_par' dir='ltr' id='par_1_73' title="bbox 565 4342 2146 4413">
     <span class='ocr_line' id='line_1_73' title="bbox 565 4342 2146 4413; baseline -0.001 -17"><span class='ocrx_word' id='word_1_527' title='bbox 565 4345 634 4397; x_wconf 84' lang='lat' dir='ltr'><strong>de</strong></span> <span class='ocrx_word' id='word_1_528' title='bbox 665 4345 767 4398; x_wconf 78' lang='lat' dir='ltr'><strong>liae</strong></span> <span class='ocrx_word' id='word_1_529' title='bbox 811 4343 1181 4398; x_wconf 88' lang='lat' dir='ltr'><strong>multitudine.</strong></span> <span class='ocrx_word' id='word_1_530' title='bbox 1217 4343 1386 4398; x_wconf 77' lang='lat' dir='ltr'><strong>Porro</strong></span> <span class='ocrx_word' id='word_1_531' title='bbox 1412 4343 1542 4398; x_wconf 78' lang='lat' dir='ltr'><strong>fecit</strong></span> <span class='ocrx_word' id='word_1_532' title='bbox 1581 4344 1862 4413; x_wconf 78' lang='lat' dir='ltr'><strong>angustias</strong></span> <span class='ocrx_word' id='word_1_533' title='bbox 1894 4343 1960 4396; x_wconf 88' lang='lat' dir='ltr'><strong>ad</strong></span> <span class='ocrx_word' id='word_1_534' title='bbox 1999 4342 2146 4397; x_wconf 86' lang='lat' dir='ltr'><strong>hunc</strong></span> 
     </span>
    </p>
   </div>
   <div class='ocr_carea' id='block_1_74' title="bbox 569 4434 2148 4504">
    <p class='ocr_par' dir='ltr' id='par_1_74' title="bbox 569 4434 2148 4504">
     <span class='ocr_line' id='line_1_74' title="bbox 569 4434 2148 4504; baseline 0.001 -18"><span class='ocrx_word' id='word_1_535' title='bbox 569 4435 728 4487; x_wconf 86' lang='lat' dir='ltr'><strong>tinem</strong></span> <span class='ocrx_word' id='word_1_536' title='bbox 760 4446 818 4487; x_wconf 92' lang='lat' dir='ltr'><strong>ut</strong></span> <span class='ocrx_word' id='word_1_537' title='bbox 845 4435 1233 4503; x_wconf 84' lang='lat' dir='ltr'><strong>imperatorem</strong></span> <span class='ocrx_word' id='word_1_538' title='bbox 1267 4451 1392 4489; x_wconf 89' lang='lat' dir='ltr'><strong>cum</strong></span> <span class='ocrx_word' id='word_1_539' title='bbox 1431 4436 1552 4504; x_wconf 87' lang='lat' dir='ltr'><strong>ejus</strong></span> <span class='ocrx_word' id='word_1_540' title='bbox 1579 4434 1820 4488; x_wconf 87' lang='lat' dir='ltr'><strong>exercitu</strong></span> <span class='ocrx_word' id='word_1_541' title='bbox 1857 4435 2148 4502; x_wconf 85' lang='lat' dir='ltr'><strong>impediret</strong></span> 
     </span>
    </p>
   </div>
   <div class='ocr_carea' id='block_1_75' title="bbox 565 4527 2148 4598">
    <p class='ocr_par' dir='ltr' id='par_1_75' title="bbox 565 4527 2148 4598">
     <span class='ocr_line' id='line_1_75' title="bbox 565 4527 2148 4598; baseline 0.001 -20"><span class='ocrx_word' id='word_1_542' title='bbox 565 4528 698 4595; x_wconf 83' lang='lat' dir='ltr'><strong>quin</strong></span> <span class='ocrx_word' id='word_1_543' title='bbox 728 4527 994 4580; x_wconf 82' lang='lat' dir='ltr'><strong>inveniret</strong></span> <span class='ocrx_word' id='word_1_544' title='bbox 1021 4528 1229 4581; x_wconf 83' lang='lat' dir='ltr'><strong>exitum</strong></span> <span class='ocrx_word' id='word_1_545' title='bbox 1251 4543 1356 4597; x_wconf 83' lang='lat' dir='ltr'><strong>qua</strong></span> <span class='ocrx_word' id='word_1_546' title='bbox 1385 4543 1444 4582; x_wconf 90' lang='lat' dir='ltr'><strong>se</strong></span> <span class='ocrx_word' id='word_1_547' title='bbox 1467 4529 1765 4597; x_wconf 79' lang='lat' dir='ltr'><strong>expediret.</strong></span> <span class='ocrx_word' id='word_1_548' title='bbox 1797 4527 1963 4583; x_wconf 81' lang='lat' dir='ltr'><strong>Venit</strong></span> <span class='ocrx_word' id='word_1_549' title='bbox 1985 4529 2148 4598; x_wconf 82' lang='lat' dir='ltr'><strong>igitur</strong></span> 
     </span>
    </p>
   </div>
   <div class='ocr_carea' id='block_1_76' title="bbox 569 4617 2146 4675">
    <p class='ocr_par' dir='ltr' id='par_1_76' title="bbox 569 4617 2146 4675">
     <span class='ocr_line' id='line_1_76' title="bbox 569 4617 2146 4675; baseline -0.001 -1"><span class='ocrx_word' id='word_1_550' title='bbox 569 4629 625 4674; x_wconf 82' lang='lat' dir='ltr'><strong>et</strong></span> <span class='ocrx_word' id='word_1_551' title='bbox 665 4620 822 4672; x_wconf 89' lang='lat' dir='ltr'><strong>irruit</strong></span> <span class='ocrx_word' id='word_1_552' title='bbox 864 4621 1008 4672; x_wconf 86' lang='lat' dir='ltr'><strong>celer</strong></span> <span class='ocrx_word' id='word_1_553' title='bbox 1043 4618 1095 4672; x_wconf 92' lang='lat' dir='ltr'><strong>in</strong></span> <span class='ocrx_word' id='word_1_554' title='bbox 1130 4617 1503 4674; x_wconf 80' lang='lat' dir='ltr'><strong>Romanorum</strong></span> <span class='ocrx_word' id='word_1_555' title='bbox 1531 4621 1789 4675; x_wconf 83' lang='lat' dir='ltr'><strong>conﬁnia.</strong></span> <span class='ocrx_word' id='word_1_556' title='bbox 1828 4618 1933 4675; x_wconf 89' lang='lat' dir='ltr'><strong>Ubi</strong></span> <span class='ocrx_word' id='word_1_557' title='bbox 1964 4631 2146 4674; x_wconf 89' lang='lat' dir='ltr'><strong>autem</strong></span> 
     </span>
    </p>
   </div>
   <div class='ocr_carea' id='block_1_77' title="bbox 571 4714 2149 4784">
    <p class='ocr_par' dir='ltr' id='par_1_77' title="bbox 571 4714 2149 4784">
     <span class='ocr_line' id='line_1_77' title="bbox 571 4714 2149 4784; baseline 0.002 -19"><span class='ocrx_word' id='word_1_558' title='bbox 571 4715 912 4779; x_wconf 78' lang='lat' dir='ltr'><strong>versabalur,</strong></span> <span class='ocrx_word' id='word_1_559' title='bbox 969 4722 1126 4768; x_wconf 85' lang='lat' dir='ltr'><strong>erant</strong></span> <span class='ocrx_word' id='word_1_560' title='bbox 1183 4729 1411 4784; x_wconf 86' lang='lat' dir='ltr'><strong>campus</strong></span> <span class='ocrx_word' id='word_1_561' title='bbox 1489 4715 1848 4784; x_wconf 85' lang='lat' dir='ltr'><strong>ingentesque</strong></span> <span class='ocrx_word' id='word_1_562' title='bbox 1887 4714 2037 4769; x_wconf 80' lang='lat' dir='ltr'><strong>ﬂuvii</strong></span> <span class='ocrx_word' id='word_1_563' title='bbox 2097 4725 2149 4768; x_wconf 88' lang='lat' dir='ltr'><strong>et</strong></span> 
     </span>
    </p>
   </div>
   <div class='ocr_carea' id='block_1_78' title="bbox 2317 3517 3834 3594">
    <p class='ocr_par' dir='ltr' id='par_1_78' title="bbox 2317 3517 3834 3594">
     <span class='ocr_line' id='line_1_78' title="bbox 2317 3517 3834 3594; baseline -0.004 -18"><span class='ocrx_word' id='word_1_564' title='bbox 2317 3521 2394 3591; x_wconf 81' lang='grc'><strong>(6)</strong></span> <span class='ocrx_word' id='word_1_565' title='bbox 2445 3523 2590 3575; x_wconf 81' lang='grc' dir='ltr'><strong>Ἰδὼν</strong></span> <span class='ocrx_word' id='word_1_566' title='bbox 2626 3523 2728 3576; x_wconf 85' lang='grc' dir='ltr'><strong>δέὁ</strong></span> <span class='ocrx_word' id='word_1_567' title='bbox 2759 3523 3002 3594; x_wconf 81' lang='grc' dir='ltr'><strong>ἀρχηγὸς</strong></span> <span class='ocrx_word' id='word_1_568' title='bbox 3035 3521 3143 3574; x_wconf 83' lang='grc' dir='ltr'><strong>τῶν</strong></span> <span class='ocrx_word' id='word_1_569' title='bbox 3177 3520 3474 3590; x_wconf 83' lang='grc' dir='ltr'><strong>βαρϐάρων</strong></span> <span class='ocrx_word' id='word_1_570' title='bbox 3508 3519 3605 3590; x_wconf 80' lang='grc' dir='ltr'><strong>τὴν</strong></span> <span class='ocrx_word' id='word_1_571' title='bbox 3629 3517 3834 3573; x_wconf 84' lang='grc' dir='ltr'><strong>τοσαύ-</strong></span> 
     </span>
    </p>
   </div>
   <div class='ocr_carea' id='block_1_79' title="bbox 2245 3609 3854 3683">
    <p class='ocr_par' dir='ltr' id='par_1_79' title="bbox 2245 3609 3854 3683">
     <span class='ocr_line' id='line_1_79' title="bbox 2245 3609 3854 3683; baseline -0.001 -17"><span class='ocrx_word' id='word_1_572' title='bbox 2245 3631 2343 3683; x_wconf 81' lang='grc' dir='ltr'><strong>την</strong></span> <span class='ocrx_word' id='word_1_573' title='bbox 2391 3613 2512 3682; x_wconf 84' lang='grc' dir='ltr'><strong>βίαν</strong></span> <span class='ocrx_word' id='word_1_574' title='bbox 2561 3615 2655 3668; x_wconf 80' lang='grc' dir='ltr'><strong>καὶ</strong></span> <span class='ocrx_word' id='word_1_575' title='bbox 2701 3615 2783 3667; x_wconf 89' lang='grc' dir='ltr'><strong>ὃτι</strong></span> <span class='ocrx_word' id='word_1_576' title='bbox 2818 3616 2878 3666; x_wconf 84' lang='grc' dir='ltr'><strong>τὸ</strong></span> <span class='ocrx_word' id='word_1_577' title='bbox 2930 3616 3166 3682; x_wconf 88' lang='grc' dir='ltr'><strong>φοσάτον</strong></span> <span class='ocrx_word' id='word_1_578' title='bbox 3219 3611 3385 3667; x_wconf 79' lang='grc' dir='ltr'><strong>αὐτοῦ</strong></span> <span class='ocrx_word' id='word_1_579' title='bbox 3432 3610 3704 3680; x_wconf 79' lang='grc' dir='ltr'><strong>διεφθάρη</strong></span> <span class='ocrx_word' id='word_1_580' title='bbox 3734 3609 3854 3664; x_wconf 13' lang='grc' dir='ltr'><strong>καλὴ</strong></span> 
     </span>
    </p>
   </div>
   <div class='ocr_carea' id='block_1_80' title="bbox 2245 3700 3835 3778">
    <p class='ocr_par' dir='ltr' id='par_1_80' title="bbox 2245 3700 3835 3778">
     <span class='ocr_line' id='line_1_80' title="bbox 2245 3700 3835 3778; baseline -0.003 -20"><span class='ocrx_word' id='word_1_581' title='bbox 2245 3706 2533 3778; x_wconf 77' lang='grc' dir='ltr'><strong>ἐρημώθη,</strong></span> <span class='ocrx_word' id='word_1_582' title='bbox 2578 3707 2853 3777; x_wconf 81' lang='grc' dir='ltr'><strong>ἐκράτησε</strong></span> <span class='ocrx_word' id='word_1_583' title='bbox 2879 3707 3018 3777; x_wconf 79' lang='grc' dir='ltr'><strong>πρὸς</strong></span> <span class='ocrx_word' id='word_1_584' title='bbox 3047 3706 3230 3772; x_wconf 84' lang='grc' dir='ltr'><strong>ὀλίγον</strong></span> <span class='ocrx_word' id='word_1_585' title='bbox 3255 3703 3354 3774; x_wconf 83' lang='grc' dir='ltr'><strong>τὴν</strong></span> <span class='ocrx_word' id='word_1_586' title='bbox 3382 3702 3702 3764; x_wconf 73' lang='grc' dir='ltr'><strong>ἀλαζονείαν</strong></span> <span class='ocrx_word' id='word_1_587' title='bbox 3731 3700 3835 3754; x_wconf 63' lang='lat' dir='ltr'><strong>a6.-</strong></span> 
     </span>
    </p>
   </div>
   <div class='ocr_carea' id='block_1_81' title="bbox 2245 3792 3839 3867">
    <p class='ocr_par' dir='ltr' id='par_1_81' title="bbox 2245 3792 3839 3867">
     <span class='ocr_line' id='line_1_81' title="bbox 2245 3792 3839 3867; baseline -0.003 -17"><span class='ocrx_word' id='word_1_588' title='bbox 2245 3797 2341 3850; x_wconf 81' lang='grc' dir='ltr'><strong>τοῦ</strong></span> <span class='ocrx_word' id='word_1_589' title='bbox 2381 3797 2473 3850; x_wconf 82' lang='grc' dir='ltr'><strong>καὶ</strong></span> <span class='ocrx_word' id='word_1_590' title='bbox 2501 3798 2837 3851; x_wconf 72' lang='grc' dir='ltr'><strong>ἐταπείνωσε</strong></span> <span class='ocrx_word' id='word_1_591' title='bbox 2877 3798 2941 3850; x_wconf 77' lang='grc' dir='ltr'><strong>τὸ</strong></span> <span class='ocrx_word' id='word_1_592' title='bbox 2983 3796 3317 3867; x_wconf 79' lang='grc' dir='ltr'><strong>βαρϐαρικὸν</strong></span> <span class='ocrx_word' id='word_1_593' title='bbox 3348 3795 3571 3866; x_wconf 86' lang='grc' dir='ltr'><strong>θράσος.</strong></span> <span class='ocrx_word' id='word_1_594' title='bbox 3597 3793 3751 3846; x_wconf 77' lang='grc' dir='ltr'><strong>Ἐπεὶ</strong></span> <span class='ocrx_word' id='word_1_595' title='bbox 3779 3792 3839 3846; x_wconf 83' lang='grc' dir='ltr'><strong>δέ</strong></span> 
     </span>
    </p>
   </div>
   <div class='ocr_carea' id='block_1_82' title="bbox 2247 3883 3842 3959">
    <p class='ocr_par' dir='ltr' id='par_1_82' title="bbox 2247 3883 3842 3959">
     <span class='ocr_line' id='line_1_82' title="bbox 2247 3883 3842 3959; baseline -0.004 -19"><span class='ocrx_word' id='word_1_596' title='bbox 2247 3887 2415 3942; x_wconf 89' lang='grc' dir='ltr'><strong>πάλιν</strong></span> <span class='ocrx_word' id='word_1_597' title='bbox 2450 3888 2809 3959; x_wconf 86' lang='grc' dir='ltr'><strong>ἐπερισύναξε</strong></span> <span class='ocrx_word' id='word_1_598' title='bbox 2843 3889 3072 3958; x_wconf 84' lang='grc' dir='ltr'><strong>στρατὸν</strong></span> <span class='ocrx_word' id='word_1_599' title='bbox 3100 3888 3262 3942; x_wconf 75' lang='grc' dir='ltr'><strong>ἄλλον</strong></span> <span class='ocrx_word' id='word_1_600' title='bbox 3314 3888 3408 3939; x_wconf 81' lang='grc' dir='ltr'><strong>καὶ</strong></span> <span class='ocrx_word' id='word_1_601' title='bbox 3442 3883 3842 3954; x_wconf 82' lang='grc' dir='ltr'><strong>προσκαλεστι-</strong></span> 
     </span>
    </p>
   </div>
   <div class='ocr_carea' id='block_1_83' title="bbox 2250 3976 3862 4049">
    <p class='ocr_par' dir='ltr' id='par_1_83' title="bbox 2250 3976 3862 4049">
     <span class='ocr_line' id='line_1_83' title="bbox 2250 3976 3862 4049; baseline -0.004 -16"><span class='ocrx_word' id='word_1_602' title='bbox 2250 3979 2344 4033; x_wconf 79' lang='grc' dir='ltr'><strong>κδν</strong></span> <span class='ocrx_word' id='word_1_603' title='bbox 2376 3979 2610 4048; x_wconf 85' lang='grc' dir='ltr'><strong>φοσάτον</strong></span> <span class='ocrx_word' id='word_1_604' title='bbox 2640 3979 2814 4046; x_wconf 82' lang='grc' dir='ltr'><strong>ξένον,</strong></span> <span class='ocrx_word' id='word_1_605' title='bbox 2863 3981 2956 4033; x_wconf 76' lang='grc' dir='ltr'><strong>καὶ</strong></span> <span class='ocrx_word' id='word_1_606' title='bbox 2982 3978 3144 4049; x_wconf 79' lang='grc' dir='ltr'><strong>ἐξέϐη</strong></span> <span class='ocrx_word' id='word_1_607' title='bbox 3173 3981 3254 4043; x_wconf 85' lang='grc' dir='ltr'><strong>είς</strong></span> <span class='ocrx_word' id='word_1_608' title='bbox 3289 3978 3565 4048; x_wconf 80' lang='grc' dir='ltr'><strong>πολέμους</strong></span> <span class='ocrx_word' id='word_1_609' title='bbox 3592 3977 3681 4029; x_wconf 79' lang='grc' dir='ltr'><strong>καὶ</strong></span> <span class='ocrx_word' id='word_1_610' title='bbox 3737 3976 3862 4043; x_wconf 77' lang='grc' dir='ltr'><strong>μάο.</strong></span> 
     </span>
    </p>
   </div>
   <div class='ocr_carea' id='block_1_84' title="bbox 2248 4065 3845 4141">
    <p class='ocr_par' dir='ltr' id='par_1_84' title="bbox 2248 4065 3845 4141">
     <span class='ocr_line' id='line_1_84' title="bbox 2248 4065 3845 4141; baseline -0.006 -14"><span class='ocrx_word' id='word_1_611' title='bbox 2248 4091 2348 4141; x_wconf 87' lang='grc' dir='ltr'><strong>χας</strong></span> <span class='ocrx_word' id='word_1_612' title='bbox 2373 4070 2546 4139; x_wconf 82' lang='grc' dir='ltr'><strong>θυμοῦ</strong></span> <span class='ocrx_word' id='word_1_613' title='bbox 2578 4070 2757 4125; x_wconf 79' lang='grc' dir='ltr'><strong>πνέων</strong></span> <span class='ocrx_word' id='word_1_614' title='bbox 2785 4071 2879 4122; x_wconf 75' lang='grc' dir='ltr'><strong>καὶ</strong></span> <span class='ocrx_word' id='word_1_615' title='bbox 2921 4070 3142 4139; x_wconf 85' lang='grc' dir='ltr'><strong>μανίας,</strong></span> <span class='ocrx_word' id='word_1_616' title='bbox 3195 4071 3290 4123; x_wconf 75' lang='grc' dir='ltr'><strong>καὶ</strong></span> <span class='ocrx_word' id='word_1_617' title='bbox 3323 4069 3536 4121; x_wconf 76' lang='grc' dir='ltr'><strong>ἔκλεισε</strong></span> <span class='ocrx_word' id='word_1_618' title='bbox 3573 4067 3672 4128; x_wconf 85' lang='grc' dir='ltr'><strong>τὰς</strong></span> <span class='ocrx_word' id='word_1_619' title='bbox 3697 4065 3845 4118; x_wconf 88' lang='grc' dir='ltr'><strong>κλει·-</strong></span> 
     </span>
    </p>
   </div>
   <div class='ocr_carea' id='block_1_85' title="bbox 2253 4158 3840 4235">
    <p class='ocr_par' dir='ltr' id='par_1_85' title="bbox 2253 4158 3840 4235">
     <span class='ocr_line' id='line_1_85' title="bbox 2253 4158 3840 4235; baseline -0.005 -17"><span class='ocrx_word' id='word_1_620' title='bbox 2253 4165 2453 4235; x_wconf 89' lang='grc' dir='ltr'><strong>σούρας</strong></span> <span class='ocrx_word' id='word_1_621' title='bbox 2488 4165 2582 4217; x_wconf 73' lang='grc' dir='ltr'><strong>καὶ</strong></span> <span class='ocrx_word' id='word_1_622' title='bbox 2627 4164 2696 4216; x_wconf 79' lang='grc' dir='ltr'><strong>τὰ</strong></span> <span class='ocrx_word' id='word_1_623' title='bbox 2745 4163 3002 4228; x_wconf 74' lang='grc' dir='ltr'><strong>διαϐατὰ,</strong></span> <span class='ocrx_word' id='word_1_624' title='bbox 3054 4163 3158 4216; x_wconf 79' lang='grc' dir='ltr'><strong>ποῦ</strong></span> <span class='ocrx_word' id='word_1_625' title='bbox 3211 4162 3310 4230; x_wconf 83' lang='grc' dir='ltr'><strong>μὲν</strong></span> <span class='ocrx_word' id='word_1_626' title='bbox 3366 4158 3554 4233; x_wconf 82' lang='grc' dir='ltr'><strong>με[τὰ]</strong></span> <span class='ocrx_word' id='word_1_627' title='bbox 3602 4160 3840 4227; x_wconf 84' lang='grc' dir='ltr'><strong>τείχους,</strong></span> 
     </span>
    </p>
   </div>
   <div class='ocr_carea' id='block_1_86' title="bbox 2253 4251 3842 4328">
    <p class='ocr_par' dir='ltr' id='par_1_86' title="bbox 2253 4251 3842 4328">
     <span class='ocr_line' id='line_1_86' title="bbox 2253 4251 3842 4328; baseline -0.006 -16"><span class='ocrx_word' id='word_1_628' title='bbox 2253 4257 2356 4312; x_wconf 81' lang='grc' dir='ltr'><strong>ποῦ</strong></span> <span class='ocrx_word' id='word_1_629' title='bbox 2389 4257 2444 4309; x_wconf 85' lang='grc' dir='ltr'><strong>δέ</strong></span> <span class='ocrx_word' id='word_1_630' title='bbox 2477 4255 2666 4328; x_wconf 62' lang='lat' dir='ltr'><strong>uehar]</strong></span> <span class='ocrx_word' id='word_1_631' title='bbox 2696 4257 2954 4326; x_wconf 82' lang='grc' dir='ltr'><strong>νευραίας</strong></span> <span class='ocrx_word' id='word_1_632' title='bbox 2991 4256 3084 4309; x_wconf 76' lang='grc' dir='ltr'><strong>καὶ</strong></span> <span class='ocrx_word' id='word_1_633' title='bbox 3114 4253 3268 4321; x_wconf 85' lang='grc' dir='ltr'><strong>ξύλα,</strong></span> <span class='ocrx_word' id='word_1_634' title='bbox 3295 4256 3390 4308; x_wconf 57' lang='grc' dir='ltr'><strong>καὶ⁵</strong></span> <span class='ocrx_word' id='word_1_635' title='bbox 3424 4253 3597 4305; x_wconf 75' lang='grc' dir='ltr'><strong>ἐποίει</strong></span> <span class='ocrx_word' id='word_1_636' title='bbox 3637 4251 3842 4321; x_wconf 86' lang='grc' dir='ltr'><strong>χαντά-</strong></span> 
     </span>
    </p>
   </div>
   <div class='ocr_carea' id='block_1_87' title="bbox 2253 4339 3846 4417">
    <p class='ocr_par' dir='ltr' id='par_1_87' title="bbox 2253 4339 3846 4417">
     <span class='ocr_line' id='line_1_87' title="bbox 2253 4339 3846 4417; baseline -0.007 -16"><span class='ocrx_word' id='word_1_637' title='bbox 2253 4365 2348 4402; x_wconf 86' lang='grc' dir='ltr'><strong>κια</strong></span> <span class='ocrx_word' id='word_1_638' title='bbox 2399 4347 2699 4417; x_wconf 76' lang='grc' dir='ltr'><strong>μηχανικὰ.</strong></span> <span class='ocrx_word' id='word_1_639' title='bbox 2759 4345 2868 4398; x_wconf 72' lang='grc' dir='ltr'><strong>Καὶ</strong></span> <span class='ocrx_word' id='word_1_640' title='bbox 2919 4340 3049 4415; x_wconf 83' lang='grc' dir='ltr'><strong>ἦτον</strong></span> <span class='ocrx_word' id='word_1_641' title='bbox 3103 4344 3161 4397; x_wconf 81' lang='grc' dir='ltr'><strong>τὺ</strong></span> <span class='ocrx_word' id='word_1_642' title='bbox 3191 4345 3427 4412; x_wconf 88' lang='grc' dir='ltr'><strong>φοσάτον</strong></span> <span class='ocrx_word' id='word_1_643' title='bbox 3474 4343 3613 4410; x_wconf 84' lang='grc' dir='ltr'><strong>ὅπερ</strong></span> <span class='ocrx_word' id='word_1_644' title='bbox 3647 4339 3846 4409; x_wconf 77' lang='grc' dir='ltr'><strong>ἐσυρνε</strong></span> 
     </span>
    </p>
   </div>
   <div class='ocr_carea' id='block_1_88' title="bbox 2255 4429 3850 4508">
    <p class='ocr_par' dir='ltr' id='par_1_88' title="bbox 2255 4429 3850 4508">
     <span class='ocr_line' id='line_1_88' title="bbox 2255 4429 3850 4508; baseline -0.007 -17"><span class='ocrx_word' id='word_1_645' title='bbox 2255 4437 2502 4508; x_wconf 84' lang='grc' dir='ltr'><strong>χιλιάδας</strong></span> <span class='ocrx_word' id='word_1_646' title='bbox 2531 4435 2630 4502; x_wconf 84' lang='grc' dir='ltr'><strong>τξ¹,</strong></span> <span class='ocrx_word' id='word_1_647' title='bbox 2667 4435 2763 4488; x_wconf 79' lang='grc' dir='ltr'><strong>καὶ</strong></span> <span class='ocrx_word' id='word_1_648' title='bbox 2812 4433 3202 4504; x_wconf 72' lang='grc' dir='ltr'><strong>ἡλαξονεύετον</strong></span> <span class='ocrx_word' id='word_1_649' title='bbox 3253 4433 3346 4486; x_wconf 74' lang='grc' dir='ltr'><strong>ἐπὶ</strong></span> <span class='ocrx_word' id='word_1_650' title='bbox 3397 4431 3652 4484; x_wconf 84' lang='grc' dir='ltr'><strong>τοσούτου</strong></span> <span class='ocrx_word' id='word_1_651' title='bbox 3705 4429 3850 4498; x_wconf 74' lang='grc' dir='ltr'><strong>πλή-</strong></span> 
     </span>
    </p>
   </div>
   <div class='ocr_carea' id='block_1_89' title="bbox 2255 4520 3849 4596">
    <p class='ocr_par' dir='ltr' id='par_1_89' title="bbox 2255 4520 3849 4596">
     <span class='ocr_line' id='line_1_89' title="bbox 2255 4520 3849 4596; baseline -0.006 -15"><span class='ocrx_word' id='word_1_652' title='bbox 2255 4529 2379 4591; x_wconf 86' lang='grc' dir='ltr'><strong>θους</strong></span> <span class='ocrx_word' id='word_1_653' title='bbox 2401 4544 2414 4556; x_wconf 82' lang='lat'><strong><em>°</em></strong></span> <span class='ocrx_word' id='word_1_654' title='bbox 2451 4528 2519 4580; x_wconf 80' lang='grc' dir='ltr'><strong>τὰ</strong></span> <span class='ocrx_word' id='word_1_655' title='bbox 2545 4528 2603 4580; x_wconf 86' lang='grc' dir='ltr'><strong>δέ</strong></span> <span class='ocrx_word' id='word_1_656' title='bbox 2639 4529 2962 4596; x_wconf 85' lang='grc' dir='ltr'><strong>στενώματα</strong></span> <span class='ocrx_word' id='word_1_657' title='bbox 2992 4527 3231 4594; x_wconf 54' lang='grc' dir='ltr'><strong>ἐποίησε⁸</strong></span> <span class='ocrx_word' id='word_1_658' title='bbox 3253 4524 3342 4578; x_wconf 86' lang='grc' dir='ltr'><strong>διὰ</strong></span> <span class='ocrx_word' id='word_1_659' title='bbox 3383 4523 3608 4587; x_wconf 83' lang='grc' dir='ltr'><strong>σκοπὸν,</strong></span> <span class='ocrx_word' id='word_1_660' title='bbox 3651 4523 3736 4575; x_wconf 72' lang='grc' dir='ltr'><strong>ὅτι</strong></span> <span class='ocrx_word' id='word_1_661' title='bbox 3777 4520 3849 4572; x_wconf 85' lang='grc' dir='ltr'><strong>ἂν</strong></span> 
     </span>
    </p>
   </div>
   <div class='ocr_carea' id='block_1_90' title="bbox 2255 4612 3854 4691">
    <p class='ocr_par' dir='ltr' id='par_1_90' title="bbox 2255 4612 3854 4691">
     <span class='ocr_line' id='line_1_90' title="bbox 2255 4612 3854 4691; baseline -0.006 -17"><span class='ocrx_word' id='word_1_662' title='bbox 2255 4619 2560 4691; x_wconf 76' lang='grc' dir='ltr'><strong>ἀποκλείσῃ</strong></span> <span class='ocrx_word' id='word_1_663' title='bbox 2593 4621 2685 4671; x_wconf 81' lang='grc' dir='ltr'><strong>τὸν</strong></span> <span class='ocrx_word' id='word_1_664' title='bbox 2725 4617 2953 4688; x_wconf 75' lang='grc' dir='ltr'><strong>βασιλέα</strong></span> <span class='ocrx_word' id='word_1_665' title='bbox 2986 4619 3125 4686; x_wconf 84' lang='grc' dir='ltr'><strong>μετὰ</strong></span> <span class='ocrx_word' id='word_1_666' title='bbox 3150 4615 3250 4669; x_wconf 81' lang='grc' dir='ltr'><strong>τοῦ</strong></span> <span class='ocrx_word' id='word_1_667' title='bbox 3293 4615 3530 4684; x_wconf 84' lang='grc' dir='ltr'><strong>φοσάτου</strong></span> <span class='ocrx_word' id='word_1_668' title='bbox 3560 4613 3752 4676; x_wconf 77' lang='grc' dir='ltr'><strong>αὐτοῦ,</strong></span> <span class='ocrx_word' id='word_1_669' title='bbox 3781 4612 3854 4666; x_wconf 75' lang='grc' dir='ltr'><strong>νά</strong></span> 
     </span>
    </p>
   </div>
   <div class='ocr_carea' id='block_1_91' title="bbox 2261 4701 3851 4782">
    <p class='ocr_par' dir='ltr' id='par_1_91' title="bbox 2261 4701 3851 4782">
     <span class='ocr_line' id='line_1_91' title="bbox 2261 4701 3851 4782; baseline -0.005 -18"><span class='ocrx_word' id='word_1_670' title='bbox 2261 4712 2426 4781; x_wconf 85' lang='grc' dir='ltr'><strong>μηδὲν</strong></span> <span class='ocrx_word' id='word_1_671' title='bbox 2453 4711 2786 4780; x_wconf 77' lang='grc' dir='ltr'><strong>ὴμπορεῖνὰ</strong></span> <span class='ocrx_word' id='word_1_672' title='bbox 2817 4710 2917 4782; x_wconf 76' lang='grc' dir='ltr'><strong>έχῃ</strong></span> <span class='ocrx_word' id='word_1_673' title='bbox 2958 4709 3182 4762; x_wconf 82' lang='grc' dir='ltr'><strong>ἔκϐασιν</strong></span> <span class='ocrx_word' id='word_1_674' title='bbox 3229 4709 3295 4761; x_wconf 75' lang='grc' dir='ltr'><strong>νά</strong></span> <span class='ocrx_word' id='word_1_675' title='bbox 3342 4705 3620 4779; x_wconf 77' lang='grc' dir='ltr'><strong>γλητώσῃ,</strong></span> <span class='ocrx_word' id='word_1_676' title='bbox 3671 4701 3851 4758; x_wconf 73' lang='grc' dir='ltr'><strong>Ἦλθε</strong></span> 
     </span>
    </p>
   </div>
   <div class='ocr_carea' id='block_1_92' title="bbox 528 4797 2128 4874">
    <p class='ocr_par' dir='ltr' id='par_1_92' title="bbox 528 4803 2128 4874">
     <span class='ocr_line' id='line_1_92' title="bbox 528 4803 2128 4874; baseline -0.001 -16"><span class='ocrx_word' id='word_1_677' title='bbox 528 4835 534 4840; x_wconf 93' lang='grc'><strong><em>-</em></strong></span> <span class='ocrx_word' id='word_1_678' title='bbox 573 4816 786 4859; x_wconf 87' lang='lat' dir='ltr'><strong>montes</strong></span> <span class='ocrx_word' id='word_1_679' title='bbox 821 4805 998 4874; x_wconf 84' lang='lat' dir='ltr'><strong>magni</strong></span> <span class='ocrx_word' id='word_1_680' title='bbox 1023 4805 1224 4874; x_wconf 87' lang='lat' dir='ltr'><strong>altique</strong></span> <span class='ocrx_word' id='word_1_681' title='bbox 1243 4814 1299 4858; x_wconf 95' lang='lat' dir='ltr'><strong>ct</strong></span> <span class='ocrx_word' id='word_1_682' title='bbox 1332 4803 1488 4858; x_wconf 87' lang='lat' dir='ltr'><strong>ardui</strong></span> <span class='ocrx_word' id='word_1_683' title='bbox 1514 4813 1568 4858; x_wconf 88' lang='lat' dir='ltr'><strong>et</strong></span> <span class='ocrx_word' id='word_1_684' title='bbox 1609 4803 1827 4860; x_wconf 86' lang='lat' dir='ltr'><strong>nivibus</strong></span> <span class='ocrx_word' id='word_1_685' title='bbox 1861 4805 2024 4859; x_wconf 89' lang='lat' dir='ltr'><strong>obisti</strong></span> <span class='ocrx_word' id='word_1_686' title='bbox 2052 4803 2128 4857; x_wconf 77' lang='lat' dir='ltr'><strong>Ro</strong></span> 
     </span>
    </p>
   </div>
   <div class='ocr_carea' id='block_1_93' title="bbox 2237 4797 3864 4874">
    <p class='ocr_par' dir='ltr' id='par_1_93' title="bbox 2261 4797 3864 4874">
     <span class='ocr_line' id='line_1_93' title="bbox 2261 4797 3864 4874; baseline -0.007 -16"><span class='ocrx_word' id='word_1_687' title='bbox 2261 4807 2392 4874; x_wconf 82' lang='grc' dir='ltr'><strong>γοῦν</strong></span> <span class='ocrx_word' id='word_1_688' title='bbox 2423 4804 2519 4857; x_wconf 77' lang='grc' dir='ltr'><strong>καὶ</strong></span> <span class='ocrx_word' id='word_1_689' title='bbox 2548 4804 2709 4856; x_wconf 84' lang='grc' dir='ltr'><strong>ἐπεσε</strong></span> <span class='ocrx_word' id='word_1_690' title='bbox 2741 4804 2905 4856; x_wconf 75' lang='grc' dir='ltr'><strong>κοντὰ</strong></span> <span class='ocrx_word' id='word_1_691' title='bbox 2935 4803 3016 4866; x_wconf 85' lang='grc' dir='ltr'><strong>είς</strong></span> <span class='ocrx_word' id='word_1_692' title='bbox 3051 4803 3118 4854; x_wconf 78' lang='grc' dir='ltr'><strong>τὰ</strong></span> <span class='ocrx_word' id='word_1_693' title='bbox 3137 4801 3340 4870; x_wconf 87' lang='grc' dir='ltr'><strong>σύνορα</strong></span> <span class='ocrx_word' id='word_1_694' title='bbox 3375 4799 3484 4853; x_wconf 85' lang='grc' dir='ltr'><strong>τῶν</strong></span> <span class='ocrx_word' id='word_1_695' title='bbox 3521 4797 3810 4867; x_wconf 84' lang='grc' dir='ltr'><strong>Ῥωμαίων</strong></span> <span class='ocrx_word' id='word_1_696' title='bbox 3829 4810 3864 4827; x_wconf 62' lang='grc' dir='ltr'>ι</span> 
     </span>
    </p>
   </div>
   <div class='ocr_carea' id='block_1_94' title="bbox 572 4895 2150 4967">
    <p class='ocr_par' dir='ltr' id='par_1_94' title="bbox 572 4895 2150 4967">
     <span class='ocr_line' id='line_1_94' title="bbox 572 4895 2150 4967; baseline -0.001 -17"><span class='ocrx_word' id='word_1_697' title='bbox 572 4898 808 4952; x_wconf 89' lang='lat' dir='ltr'><strong>maniam</strong></span> <span class='ocrx_word' id='word_1_698' title='bbox 840 4896 983 4951; x_wconf 80' lang='lat' dir='ltr'><strong>inter</strong></span> <span class='ocrx_word' id='word_1_699' title='bbox 1008 4908 1059 4952; x_wconf 91' lang='lat' dir='ltr'><strong>et</strong></span> <span class='ocrx_word' id='word_1_700' title='bbox 1087 4897 1395 4967; x_wconf 84' lang='lat' dir='ltr'><strong>Bulgariam</strong></span> <span class='ocrx_word' id='word_1_701' title='bbox 1428 4915 1441 4950; x_wconf 91' lang='lat'><strong>:</strong></span> <span class='ocrx_word' id='word_1_702' title='bbox 1478 4907 1533 4951; x_wconf 91' lang='lat' dir='ltr'><strong>et</strong></span> <span class='ocrx_word' id='word_1_703' title='bbox 1557 4910 1696 4950; x_wconf 92' lang='lat' dir='ltr'><strong>unus</strong></span> <span class='ocrx_word' id='word_1_704' title='bbox 1719 4905 1839 4951; x_wconf 89' lang='lat' dir='ltr'><strong>erat</strong></span> <span class='ocrx_word' id='word_1_705' title='bbox 1863 4895 2150 4958; x_wconf 89' lang='lat' dir='ltr'><strong>transitus,</strong></span> 
     </span>
    </p>
   </div>
   <div class='ocr_carea' id='block_1_95' title="bbox 571 4990 2145 5061">
    <p class='ocr_par' dir='ltr' id='par_1_95' title="bbox 571 4990 2145 5061">
     <span class='ocr_line' id='line_1_95' title="bbox 571 4990 2145 5061; baseline -0.003 -16"><span class='ocrx_word' id='word_1_706' title='bbox 571 5007 734 5061; x_wconf 87' lang='lat' dir='ltr'><strong>quem</strong></span> <span class='ocrx_word' id='word_1_707' title='bbox 768 4991 856 5045; x_wconf 89' lang='lat' dir='ltr'><strong>ille</strong></span> <span class='ocrx_word' id='word_1_708' title='bbox 878 4992 1075 5046; x_wconf 88' lang='lat' dir='ltr'><strong>clausit</strong></span> <span class='ocrx_word' id='word_1_709' title='bbox 1100 4990 1484 5061; x_wconf 72' lang='lat' dir='ltr'><strong>ibiquelposuit</strong></span> <span class='ocrx_word' id='word_1_710' title='bbox 1504 4996 1782 5060; x_wconf 90' lang='lat' dir='ltr'><strong>potentem</strong></span> <span class='ocrx_word' id='word_1_711' title='bbox 1812 4990 2145 5049; x_wconf 85' lang='lat' dir='ltr'><strong>custodiam,</strong></span> 
     </span>
    </p>
   </div>
   <div class='ocr_carea' id='block_1_96' title="bbox 571 5081 2149 5155">
    <p class='ocr_par' dir='ltr' id='par_1_96' title="bbox 571 5081 2149 5155">
     <span class='ocr_line' id='line_1_96' title="bbox 571 5081 2149 5155; baseline -0.001 -18"><span class='ocrx_word' id='word_1_712' title='bbox 571 5094 628 5138; x_wconf 91' lang='lat' dir='ltr'><strong>et</strong></span> <span class='ocrx_word' id='word_1_713' title='bbox 661 5085 930 5153; x_wconf 82' lang='lat' dir='ltr'><strong>pugnabat</strong></span> <span class='ocrx_word' id='word_1_714' title='bbox 957 5085 1198 5155; x_wconf 89' lang='lat' dir='ltr'><strong>quandiu</strong></span> <span class='ocrx_word' id='word_1_715' title='bbox 1223 5084 1438 5140; x_wconf 83' lang='lat' dir='ltr'><strong>lucebat</strong></span> <span class='ocrx_word' id='word_1_716' title='bbox 1459 5083 1596 5149; x_wconf 88' lang='lat' dir='ltr'><strong>dies,</strong></span> <span class='ocrx_word' id='word_1_717' title='bbox 1617 5092 1670 5138; x_wconf 88' lang='lat' dir='ltr'><strong>et</strong></span> <span class='ocrx_word' id='word_1_718' title='bbox 1691 5091 1875 5152; x_wconf 89' lang='lat' dir='ltr'><strong>postea</strong></span> <span class='ocrx_word' id='word_1_719' title='bbox 1904 5081 2149 5152; x_wconf 90' lang='lat' dir='ltr'><strong>requiem</strong></span> 
     </span>
    </p>
   </div>
   <div class='ocr_carea' id='block_1_97' title="bbox 578 5171 2154 5229">
    <p class='ocr_par' dir='ltr' id='par_1_97' title="bbox 578 5171 2154 5229">
     <span class='ocr_line' id='line_1_97' title="bbox 578 5171 2154 5229; baseline 0 -4"><span class='ocrx_word' id='word_1_720' title='bbox 578 5173 843 5226; x_wconf 83' lang='lat' dir='ltr'><strong>militibus</strong></span> <span class='ocrx_word' id='word_1_721' title='bbox 882 5174 1066 5229; x_wconf 87' lang='lat' dir='ltr'><strong>dabat.</strong></span> <span class='ocrx_word' id='word_1_722' title='bbox 1099 5175 1274 5229; x_wconf 89' lang='lat' dir='ltr'><strong>Causa</strong></span> <span class='ocrx_word' id='word_1_723' title='bbox 1305 5188 1434 5229; x_wconf 88' lang='lat' dir='ltr'><strong>vero</strong></span> <span class='ocrx_word' id='word_1_724' title='bbox 1464 5189 1560 5228; x_wconf 89' lang='lat' dir='ltr'><strong>cur</strong></span> <span class='ocrx_word' id='word_1_725' title='bbox 1594 5187 1706 5227; x_wconf 90' lang='lat' dir='ltr'><strong>non</strong></span> <span class='ocrx_word' id='word_1_726' title='bbox 1753 5171 2046 5228; x_wconf 78' lang='lat' dir='ltr'><strong>confestim</strong></span> <span class='ocrx_word' id='word_1_727' title='bbox 2082 5171 2154 5226; x_wconf 91' lang='lat' dir='ltr'><strong>sit</strong></span> 
     </span>
    </p>
   </div>
   <div class='ocr_carea' id='block_1_98' title="bbox 578 5265 1845 5335">
    <p class='ocr_par' dir='ltr' id='par_1_98' title="bbox 578 5265 1845 5335">
     <span class='ocr_line' id='line_1_98' title="bbox 578 5265 1845 5335; baseline 0.002 -19"><span class='ocrx_word' id='word_1_728' title='bbox 578 5278 856 5333; x_wconf 86' lang='lat' dir='ltr'><strong>egressus,</strong></span> <span class='ocrx_word' id='word_1_729' title='bbox 881 5277 996 5320; x_wconf 90' lang='lat' dir='ltr'><strong>erat</strong></span> <span class='ocrx_word' id='word_1_730' title='bbox 1035 5275 1092 5319; x_wconf 92' lang='lat' dir='ltr'><strong>ut</strong></span> <span class='ocrx_word' id='word_1_731' title='bbox 1123 5265 1440 5335; x_wconf 88' lang='lat' dir='ltr'><strong>imperatori</strong></span> <span class='ocrx_word' id='word_1_732' title='bbox 1465 5265 1630 5320; x_wconf 78' lang='lat' dir='ltr'><strong>verba</strong></span> <span class='ocrx_word' id='word_1_733' title='bbox 1666 5265 1845 5320; x_wconf 86' lang='lat' dir='ltr'><strong>daret.</strong></span> 
     </span>
    </p>
   </div>
   <div class='ocr_carea' id='block_1_99' title="bbox 661 5549 2152 5624">
    <p class='ocr_par' dir='ltr' id='par_1_99' title="bbox 661 5549 2152 5624">
     <span class='ocr_line' id='line_1_99' title="bbox 661 5549 2152 5624; baseline -0.005 -16"><span class='ocrx_word' id='word_1_734' title='bbox 661 5554 960 5624; x_wconf 87' lang='lat' dir='ltr'><strong>Imperator</strong></span> <span class='ocrx_word' id='word_1_735' title='bbox 1011 5551 1246 5607; x_wconf 82' lang='lat' dir='ltr'><strong>habebat</strong></span> <span class='ocrx_word' id='word_1_736' title='bbox 1299 5551 1503 5622; x_wconf 89' lang='lat' dir='ltr'><strong>ubique</strong></span> <span class='ocrx_word' id='word_1_737' title='bbox 1534 5549 1910 5622; x_wconf 85' lang='lat' dir='ltr'><strong>exploratores</strong></span> <span class='ocrx_word' id='word_1_738' title='bbox 1944 5563 2152 5619; x_wconf 87' lang='lat' dir='ltr'><strong>cogno-</strong></span> 
     </span>
    </p>
   </div>
   <div class='ocr_carea' id='block_1_100' title="bbox 2260 4889 3870 4966">
    <p class='ocr_par' dir='ltr' id='par_1_100' title="bbox 2260 4889 3870 4966">
     <span class='ocr_line' id='line_1_100' title="bbox 2260 4889 3870 4966; baseline -0.009 -14"><span class='ocrx_word' id='word_1_739' title='bbox 2260 4900 2355 4952; x_wconf 77' lang='grc' dir='ltr'><strong>καὶ</strong></span> <span class='ocrx_word' id='word_1_740' title='bbox 2394 4899 2514 4950; x_wconf 82' lang='grc' dir='ltr'><strong>ἐκεῖ</strong></span> <span class='ocrx_word' id='word_1_741' title='bbox 2535 4896 2671 4950; x_wconf 80' lang='grc' dir='ltr'><strong>ὀποῦ</strong></span> <span class='ocrx_word' id='word_1_742' title='bbox 2698 4897 2897 4963; x_wconf 74' lang='grc' dir='ltr'><strong>ἔκειτο,</strong></span> <span class='ocrx_word' id='word_1_743' title='bbox 2931 4891 3059 4966; x_wconf 80' lang='grc' dir='ltr'><strong>ἦτον</strong></span> <span class='ocrx_word' id='word_1_744' title='bbox 3101 4895 3322 4963; x_wconf 86' lang='grc' dir='ltr'><strong>κάμπος</strong></span> <span class='ocrx_word' id='word_1_745' title='bbox 3354 4893 3448 4946; x_wconf 84' lang='grc' dir='ltr'><strong>καὶ</strong></span> <span class='ocrx_word' id='word_1_746' title='bbox 3493 4889 3728 4958; x_wconf 78' lang='grc' dir='ltr'><strong>ποταμοὶ</strong></span> <span class='ocrx_word' id='word_1_747' title='bbox 3755 4904 3870 4957; x_wconf 58' lang='grc' dir='ltr'><strong>με-η</strong></span> 
     </span>
    </p>
   </div>
   <div class='ocr_carea' id='block_1_101' title="bbox 2261 4981 3854 5060">
    <p class='ocr_par' dir='ltr' id='par_1_101' title="bbox 2261 4981 3854 5060">
     <span class='ocr_line' id='line_1_101' title="bbox 2261 4981 3854 5060; baseline -0.006 -17"><span class='ocrx_word' id='word_1_748' title='bbox 2261 4989 2418 5058; x_wconf 85' lang='grc' dir='ltr'><strong>γάλοι</strong></span> <span class='ocrx_word' id='word_1_749' title='bbox 2445 4990 2537 5042; x_wconf 69' lang='grc' dir='ltr'><strong>καὶ</strong></span> <span class='ocrx_word' id='word_1_750' title='bbox 2569 4990 2670 5060; x_wconf 82' lang='grc' dir='ltr'><strong>ὅρη</strong></span> <span class='ocrx_word' id='word_1_751' title='bbox 2724 4987 2936 5058; x_wconf 81' lang='grc' dir='ltr'><strong>μεγάλα</strong></span> <span class='ocrx_word' id='word_1_752' title='bbox 2994 4989 3090 5040; x_wconf 67' lang='grc' dir='ltr'><strong>καὶ</strong></span> <span class='ocrx_word' id='word_1_753' title='bbox 3123 4986 3304 5055; x_wconf 72' lang='grc' dir='ltr'><strong>ὑψηλά</strong></span> <span class='ocrx_word' id='word_1_754' title='bbox 3347 4985 3440 5038; x_wconf 71' lang='grc' dir='ltr'><strong>καὶ</strong></span> <span class='ocrx_word' id='word_1_755' title='bbox 3493 4981 3710 5050; x_wconf 75' lang='grc' dir='ltr'><strong>σκληρὰ</strong></span> <span class='ocrx_word' id='word_1_756' title='bbox 3755 4981 3854 5033; x_wconf 78' lang='grc' dir='ltr'><strong>καὶ</strong></span> 
     </span>
    </p>
   </div>
   <div class='ocr_carea' id='block_1_102' title="bbox 2262 5072 3854 5154">
    <p class='ocr_par' dir='ltr' id='par_1_102' title="bbox 2262 5072 3854 5154">
     <span class='ocr_line' id='line_1_102' title="bbox 2262 5072 3854 5154; baseline -0.009 -17"><span class='ocrx_word' id='word_1_757' title='bbox 2262 5081 2582 5154; x_wconf 82' lang='grc' dir='ltr'><strong>χιονισμένα</strong></span> <span class='ocrx_word' id='word_1_758' title='bbox 2621 5081 2786 5151; x_wconf 82' lang='grc' dir='ltr'><strong>μέσον</strong></span> <span class='ocrx_word' id='word_1_759' title='bbox 2815 5081 2915 5145; x_wconf 77' lang='grc' dir='ltr'><strong>τῆς</strong></span> <span class='ocrx_word' id='word_1_760' title='bbox 2963 5079 3270 5148; x_wconf 77' lang='grc' dir='ltr'><strong>Ῥωμανίας</strong></span> <span class='ocrx_word' id='word_1_761' title='bbox 3321 5077 3418 5129; x_wconf 78' lang='grc' dir='ltr'><strong>καὶ</strong></span> <span class='ocrx_word' id='word_1_762' title='bbox 3458 5074 3567 5128; x_wconf 80' lang='grc' dir='ltr'><strong>τῶν</strong></span> <span class='ocrx_word' id='word_1_763' title='bbox 3607 5072 3854 5138; x_wconf 75' lang='grc' dir='ltr'><strong>Βουλγάο</strong></span> 
     </span>
    </p>
   </div>
   <div class='ocr_carea' id='block_1_103' title="bbox 2268 5163 3855 5247">
    <p class='ocr_par' dir='ltr' id='par_1_103' title="bbox 2268 5163 3855 5247">
     <span class='ocr_line' id='line_1_103' title="bbox 2268 5163 3855 5247; baseline -0.009 -19"><span class='ocrx_word' id='word_1_764' title='bbox 2268 5192 2398 5247; x_wconf 90' lang='grc' dir='ltr'><strong>ρων,</strong></span> <span class='ocrx_word' id='word_1_765' title='bbox 2430 5174 2524 5227; x_wconf 72' lang='grc' dir='ltr'><strong>καὶ</strong></span> <span class='ocrx_word' id='word_1_766' title='bbox 2573 5169 2703 5245; x_wconf 83' lang='grc' dir='ltr'><strong>ἦτον</strong></span> <span class='ocrx_word' id='word_1_767' title='bbox 2758 5173 2924 5243; x_wconf 86' lang='grc' dir='ltr'><strong>πόρος</strong></span> <span class='ocrx_word' id='word_1_768' title='bbox 2973 5165 3076 5235; x_wconf 78' lang='grc' dir='ltr'><strong>εἷς,</strong></span> <span class='ocrx_word' id='word_1_769' title='bbox 3109 5169 3205 5222; x_wconf 75' lang='grc' dir='ltr'><strong>καὶ</strong></span> <span class='ocrx_word' id='word_1_770' title='bbox 3255 5167 3442 5238; x_wconf 77' lang='grc' dir='ltr'><strong>ἔδησεν</strong></span> <span class='ocrx_word' id='word_1_771' title='bbox 3502 5165 3702 5220; x_wconf 79' lang='grc' dir='ltr'><strong>αὐτόν·</strong></span> <span class='ocrx_word' id='word_1_772' title='bbox 3761 5163 3855 5214; x_wconf 73' lang='grc' dir='ltr'><strong>καὶ</strong></span> 
     </span>
    </p>
   </div>
   <div class='ocr_carea' id='block_1_104' title="bbox 2265 5255 3862 5336">
    <p class='ocr_par' dir='ltr' id='par_1_104' title="bbox 2265 5255 3862 5336">
     <span class='ocr_line' id='line_1_104' title="bbox 2265 5255 3862 5336; baseline -0.011 -14"><span class='ocrx_word' id='word_1_773' title='bbox 2265 5269 2460 5322; x_wconf 75' lang='grc' dir='ltr'><strong>ἔϐαλλε</strong></span> <span class='ocrx_word' id='word_1_774' title='bbox 2500 5266 2730 5336; x_wconf 81' lang='grc' dir='ltr'><strong>φύλαξιν</strong></span> <span class='ocrx_word' id='word_1_775' title='bbox 2755 5262 2990 5333; x_wconf 81' lang='grc' dir='ltr'><strong>δυνατὴν</strong></span> <span class='ocrx_word' id='word_1_776' title='bbox 3025 5262 3122 5315; x_wconf 73' lang='grc' dir='ltr'><strong>καὶ</strong></span> <span class='ocrx_word' id='word_1_777' title='bbox 3172 5261 3419 5330; x_wconf 81' lang='grc' dir='ltr'><strong>ἐπολέμα</strong></span> <span class='ocrx_word' id='word_1_778' title='bbox 3475 5259 3597 5313; x_wconf 86' lang='grc' dir='ltr'><strong>καθ’</strong></span> <span class='ocrx_word' id='word_1_779' title='bbox 3637 5255 3862 5328; x_wconf 60' lang='grc' dir='ltr'><strong>ἡμέραν,</strong></span> 
     </span>
    </p>
   </div>
   <div class='ocr_carea' id='block_1_105' title="bbox 2266 5345 3857 5431">
    <p class='ocr_par' dir='ltr' id='par_1_105' title="bbox 2266 5345 3857 5431">
     <span class='ocr_line' id='line_1_105' title="bbox 2266 5345 3857 5431; baseline -0.01 -17"><span class='ocrx_word' id='word_1_780' title='bbox 2266 5360 2569 5431; x_wconf 80' lang='grc' dir='ltr'><strong>ἐμφάνειαν</strong></span> <span class='ocrx_word' id='word_1_781' title='bbox 2596 5358 2690 5412; x_wconf 77' lang='grc' dir='ltr'><strong>καὶ</strong></span> <span class='ocrx_word' id='word_1_782' title='bbox 2721 5358 2956 5409; x_wconf 83' lang='grc' dir='ltr'><strong>ἐνέπαυε</strong></span> <span class='ocrx_word' id='word_1_783' title='bbox 2990 5357 3059 5408; x_wconf 77' lang='grc' dir='ltr'><strong>τὰ</strong></span> <span class='ocrx_word' id='word_1_784' title='bbox 3083 5354 3295 5421; x_wconf 84' lang='grc' dir='ltr'><strong>φοσάτα</strong></span> <span class='ocrx_word' id='word_1_785' title='bbox 3317 5368 3332 5384; x_wconf 89' lang='grc'><strong>·</strong></span> <span class='ocrx_word' id='word_1_786' title='bbox 3383 5353 3417 5422; x_wconf 77' lang='grc' dir='ltr'>ἡ</span> <span class='ocrx_word' id='word_1_787' title='bbox 3462 5351 3614 5403; x_wconf 77' lang='grc' dir='ltr'><strong>αἰτία</strong></span> <span class='ocrx_word' id='word_1_788' title='bbox 3661 5346 3753 5401; x_wconf 79' lang='grc' dir='ltr'><strong>διὰ</strong></span> <span class='ocrx_word' id='word_1_789' title='bbox 3788 5345 3857 5398; x_wconf 79' lang='grc' dir='ltr'>νὰ</span> 
     </span>
    </p>
   </div>
   <div class='ocr_carea' id='block_1_106' title="bbox 2269 5443 3506 5523">
    <p class='ocr_par' dir='ltr' id='par_1_106' title="bbox 2269 5443 3506 5523">
     <span class='ocr_line' id='line_1_106' title="bbox 2269 5443 3506 5523; baseline -0.008 -17"><span class='ocrx_word' id='word_1_790' title='bbox 2269 5452 2430 5523; x_wconf 87' lang='grc' dir='ltr'><strong>ἐξέϐη</strong></span> <span class='ocrx_word' id='word_1_791' title='bbox 2462 5451 2730 5521; x_wconf 83' lang='grc' dir='ltr'><strong>ἐξαίφνης</strong></span> <span class='ocrx_word' id='word_1_792' title='bbox 2761 5447 2828 5502; x_wconf 81' lang='grc' dir='ltr'>νὰ</span> <span class='ocrx_word' id='word_1_793' title='bbox 2854 5446 3110 5518; x_wconf 76' lang='grc' dir='ltr'><strong>ἐμπλακῇ</strong></span> <span class='ocrx_word' id='word_1_794' title='bbox 3139 5447 3228 5500; x_wconf 77' lang='grc' dir='ltr'><strong>τὸν</strong></span> <span class='ocrx_word' id='word_1_795' title='bbox 3257 5443 3506 5516; x_wconf 81' lang='grc' dir='ltr'><strong>βασιλέα.</strong></span> 
     </span>
    </p>
   </div>
   <div class='ocr_carea' id='block_1_107' title="bbox 2333 5529 3862 5616">
    <p class='ocr_par' dir='ltr' id='par_1_107' title="bbox 2333 5529 3862 5616">
     <span class='ocr_line' id='line_1_107' title="bbox 2333 5529 3862 5616; baseline -0.01 -16"><span class='ocrx_word' id='word_1_796' title='bbox 2333 5547 2381 5577; x_wconf 80' lang='grc'><strong>’⁸</strong></span> <span class='ocrx_word' id='word_1_797' title='bbox 2408 5545 2486 5616; x_wconf 88' lang='lat'><strong>(7)</strong></span> <span class='ocrx_word' id='word_1_798' title='bbox 2518 5545 2563 5575; x_wconf 76' lang='grc'><strong>³⁵</strong></span> <span class='ocrx_word' id='word_1_799' title='bbox 2603 5543 2662 5597; x_wconf 86' lang='grc' dir='ltr'>Ὀ</span> <span class='ocrx_word' id='word_1_800' title='bbox 2693 5536 2786 5596; x_wconf 74' lang='grc' dir='ltr'><strong>οὖν</strong></span> <span class='ocrx_word' id='word_1_801' title='bbox 2813 5540 3069 5613; x_wconf 81' lang='grc' dir='ltr'><strong>βασιλεὺς</strong></span> <span class='ocrx_word' id='word_1_802' title='bbox 3097 5540 3187 5596; x_wconf 75' lang='grc' dir='ltr'><strong>διὰ</strong></span> <span class='ocrx_word' id='word_1_803' title='bbox 3210 5539 3408 5604; x_wconf 76' lang='grc' dir='ltr'><strong>παντὸς</strong></span> <span class='ocrx_word' id='word_1_804' title='bbox 3439 5532 3554 5608; x_wconf 73' lang='grc' dir='ltr'><strong>εἶχε</strong></span> <span class='ocrx_word' id='word_1_805' title='bbox 3589 5529 3862 5591; x_wconf 77' lang='grc' dir='ltr'><strong>κατασκό-</strong></span> 
     </span>
    </p>
   </div>
   <div class='ocr_carea' id='block_1_108' title="bbox 1774 5666 2639 5731">
    <p class='ocr_par' dir='ltr' id='par_1_108' title="bbox 1774 5666 2639 5731">
     <span class='ocr_line' id='line_1_108' title="bbox 1774 5666 2639 5731; baseline -0.009 -1"><span class='ocrx_word' id='word_1_806' title='bbox 1774 5667 1977 5731; x_wconf 72' lang='lat' dir='ltr'><strong>Variaa</strong></span> <span class='ocrx_word' id='word_1_807' title='bbox 1998 5666 2312 5730; x_wconf 88' lang='lat' dir='ltr'><strong>lectiones</strong></span> <span class='ocrx_word' id='word_1_808' title='bbox 2351 5669 2413 5726; x_wconf 86' lang='lat' dir='ltr'><strong>et</strong></span> <span class='ocrx_word' id='word_1_809' title='bbox 2448 5668 2639 5725; x_wconf 67' lang='lat' dir='ltr'><strong>notae.</strong></span> 
     </span>
    </p>
   </div>
   <div class='ocr_carea' id='block_1_109' title="bbox 661 5776 2128 5864">
    <p class='ocr_par' dir='ltr' id='par_1_109' title="bbox 661 5799 2128 5864">
     <span class='ocr_line' id='line_1_109' title="bbox 661 5799 2128 5864; baseline -0.001 -12"><span class='ocrx_word' id='word_1_810' title='bbox 661 5803 699 5834; x_wconf 83' lang='grc'>¹¹</span> <span class='ocrx_word' id='word_1_811' title='bbox 733 5804 858 5852; x_wconf 73' lang='grc' dir='ltr'><strong>ειειυ.</strong></span> <span class='ocrx_word' id='word_1_812' title='bbox 935 5803 979 5832; x_wconf 78' lang='grc'><strong>’³</strong></span> <span class='ocrx_word' id='word_1_813' title='bbox 1019 5803 1138 5854; x_wconf 74' lang='lat' dir='ltr'><strong>Par.</strong></span> <span class='ocrx_word' id='word_1_814' title='bbox 1171 5799 1320 5852; x_wconf 17' lang='lat'><strong>1708.</strong></span> <span class='ocrx_word' id='word_1_815' title='bbox 1400 5804 1444 5832; x_wconf 77' lang='lat'><strong>”</strong></span> <span class='ocrx_word' id='word_1_816' title='bbox 1482 5801 1718 5864; x_wconf 70' lang='grc' dir='ltr'><strong>Ξδικυύςῖ</strong></span> <span class='ocrx_word' id='word_1_817' title='bbox 1792 5802 1834 5832; x_wconf 61' lang='grc'><strong>’³</strong></span> <span class='ocrx_word' id='word_1_818' title='bbox 1871 5802 1997 5856; x_wconf 86' lang='lat' dir='ltr'><strong>Par.</strong></span> <span class='ocrx_word' id='word_1_819' title='bbox 2049 5800 2128 5852; x_wconf 71' lang='grc' dir='ltr'><strong>ΓΗ</strong></span> 
     </span>
    </p>
   </div>
   <div class='ocr_carea' id='block_1_110' title="bbox 2237 5776 3862 5864">
    <p class='ocr_par' dir='ltr' id='par_1_110' title="bbox 2237 5776 3862 5858">
     <span class='ocr_line' id='line_1_110' title="bbox 2237 5776 3862 5858; baseline -0.013 -6"><span class='ocrx_word' id='word_1_820' title='bbox 2237 5797 2287 5852; x_wconf 75' lang='grc' dir='ltr'><strong>τί.</strong></span> <span class='ocrx_word' id='word_1_821' title='bbox 2325 5795 2452 5852; x_wconf 81' lang='lat' dir='ltr'><strong>Ced.</strong></span> <span class='ocrx_word' id='word_1_822' title='bbox 2489 5793 2669 5858; x_wconf 60' lang='lat'><strong>468,5.</strong></span> <span class='ocrx_word' id='word_1_823' title='bbox 2749 5792 2794 5822; x_wconf 82' lang='lat'>&quot;</span> <span class='ocrx_word' id='word_1_824' title='bbox 2848 5790 2968 5846; x_wconf 81' lang='lat' dir='ltr'><strong>i&#39;ar.</strong></span> <span class='ocrx_word' id='word_1_825' title='bbox 3017 5789 3172 5844; x_wconf 78' lang='grc'><strong>1708.</strong></span> <span class='ocrx_word' id='word_1_826' title='bbox 3257 5789 3300 5819; x_wconf 84' lang='grc'><strong>²⁶</strong></span> <span class='ocrx_word' id='word_1_827' title='bbox 3355 5785 3499 5855; x_wconf 82' lang='grc' dir='ltr'><strong>Νίκη</strong></span> <span class='ocrx_word' id='word_1_828' title='bbox 3571 5776 3862 5852; x_wconf 83' lang='grc' dir='ltr'><strong>Ῥωμαίων</strong></span> 
     </span>
    </p>
   </div>
   <div class='ocr_carea' id='block_1_111' title="bbox 594 5869 1331 5937">
    <p class='ocr_par' dir='ltr' id='par_1_111' title="bbox 594 5869 1331 5937">
     <span class='ocr_line' id='line_1_111' title="bbox 594 5869 1331 5937; baseline 0 -21"><span class='ocrx_word' id='word_1_829' title='bbox 594 5869 685 5918; x_wconf 68' lang='grc' dir='ltr'><strong>καὶ</strong></span> <span class='ocrx_word' id='word_1_830' title='bbox 730 5872 949 5934; x_wconf 59' lang='lat' dir='ltr'><strong>zzz-:51?)</strong></span> <span class='ocrx_word' id='word_1_831' title='bbox 990 5871 1331 5937; x_wconf 61' lang='grc' dir='ltr'><strong>Βοαλγάρων.</strong></span> 
     </span>
    </p>
   </div>
  </div>
