4114 6408
278 374 318 443 εἰ
331 376 433 442 217

1497 368 1963 431 CHRONICON.
2002 389 2068 406 -’
2110 366 2256 427 LIB.
2294 366 2403 430 VI.

3428 359 3572 424 1218

280 507 456 560 κους,
491 491 585 545 καὶ
617 489 887 559 ἐγίνωσκε
909 488 1092 542 πάντα
1118 488 1215 541 καὶ
1241 486 1543 558 ἐστερέωσι
1577 486 1669 538 τὸν
1699 485 1881 553 λογισ-

1995 479 2276 549 scebatque
2299 477 2483 533 omnia
2508 487 2562 532 et
2592 492 2692 532 sua
2722 478 2975 533 firmabat
3014 476 3268 533 consilia.
3296 474 3365 531 Ut
3386 487 3568 532 autem

293 593 397 656 μον
426 583 617 641 αὐτοῦ.
642 582 753 636 Καὶ
775 580 866 635 ἴνα
900 579 1052 652 δείξῃ
1077 578 1329 650 ποταπὴν
1364 577 1618 648 ἀνδρείαν
1644 577 1884 631 x1116).-

296 697 405 750 μαν
430 678 645 749 ἔχουσιν
669 678 717 729 οί
754 673 1040 745 Ῥωμαῖοι,
1058 673 1213 727 οὐδὲν
1230 672 1515 742 ἐπέμεινεν
1541 670 1629 724 ίνα
1651 670 1885 724 ἔλθωσιν

292 772 491 825 ἐκεῖνοι
530 770 619 822 ἐπ’
659 767 846 832 αὑτὸν,
886 766 1002 820 ἀλλ’
1048 764 1173 817 ούδέ
1204 763 1503 817 ἐδειλίασεν
1547 762 1616 815 νά
1665 765 1883 833 στραφῇ

291 861 490 923 ὀπίσω,
515 858 638 912 οὐδὲ
666 857 859 927 ἠγάπα
878 855 947 908 νά
974 854 1328 909 ’ἀποκλείεται
1358 852 1464 905 ἔσω
1490 854 1570 915 είς
1594 851 1654 905 τὸ
1683 851 1887 904 παλάτι

295 953 392 1005 καὶ
419 951 486 1005 νά
511 949 821 1021 κρύπτεται
868 945 1058 1017 ὥσπερ
1107 943 1383 1016 τρυφερὸν
1421 942 1677 1012 κοράσιον
1703 956 1716 969 ·
1751 940 1887 993 ἀλλά

238 1042 265 1071 ’
293 1044 395 1105 τὰς
422 1042 615 1111 τρίχας
641 1040 743 1109 τῆς
776 1036 1017 1107 κεφαλῆς
1062 1036 1228 1090 αὐτοῦ
1260 1036 1358 1098 τάς
1384 1052 1515 1088 ποτε
1545 1032 1887 1107 μυρισμένας

290 1131 506 1200 ἔϐαψαν
530 1131 573 1162 ³⁷
599 1128 770 1190 αύτάς
795 1128 851 1181 αί
874 1128 1078 1196 πάχναι
1106 1125 1201 1177 καὶ
1222 1123 1432 1194 δροσίαι
1450 1123 1551 1193 τῆς
1573 1124 1773 1193 αὐγῆς,
1794 1122 1891 1174 καὶ

293 1224 331 1292 ἡ
354 1220 492 1291 σὰρξ
511 1219 678 1273 αύτοῦ
698 1219 808 1273 ἀπὸ
838 1218 932 1271 τὸν
964 1216 1245 1289 κονιορτὸν
1265 1216 1362 1270 καὶ
1388 1216 1497 1270 ἀπὸ
1514 1216 1624 1270 τῶν
1651 1215 1891 1285 ἱδρώτων

297 1310 576 1382 ἐκδάρθη’
611 1310 707 1363 καὶ
749 1309 810 1362 τὸ
860 1308 1159 1378 πρόσωπον
1210 1309 1377 1361 αὑτοῦ
1424 1306 1756 1379 ἠμαύρωσεν
1785 1306 1892 1359 ἀπὸ

294 1403 397 1473 τὴν
418 1402 597 1475 πυρὰν
622 1401 717 1456 τοῦ
740 1402 913 1472 ἡλίου.
955 1399 1271 1455 ’Δπέστειλε
1310 1400 1367 1453 δὲ
1398 1400 1491 1453 δύο
1524 1400 1889 1469 στρατηγοὺς,

294 1494 528 1548 ἕκαστον
570 1494 739 1565 870
782 1493 921 1564 μετά
965 1492 1320 1563 καϐαλαρίων
1357 1492 1656 1557 ἐκλεκτῶν,
1682 1491 1891 1544 δώδεκα

290 1586 567 1657 χιλιάδας,
612 1586 797 1648 καθὼς
832 1586 1192 1657 όρθώσουσιν,
1227 1586 1315 1639 ίνα
1340 1585 1543 1656 εὕρωσι
1589 1585 1891 1655 μονοπάτια

295 1679 406 1731 ἀπὸ
428 1679 627 1740 τόπους
646 1678 951 1742 δυσϐάτους
978 1679 1075 1733 καὶ
1101 1679 1167 1732 νά
1193 1678 1400 1750 σύρωσι
1418 1678 1488 1731 τὰ
1518 1678 1686 1746 ἄλογα
1711 1677 1892 1731 αύτῶν

296 1772 392 1825 καὶ
420 1772 486 1824 νὰ
517 1770 793 1828 ἀναϐῶσιν
843 1772 925 1835 είς
951 1770 1011 1823 τὸ
1050 1770 1177 1841 ὅρος
1211 1770 1394 1835 πεζοὶ,
1436 1768 1564 1823 ἔνθα
1603 1770 1705 1823 οὐκ
1737 1770 1886 1838 εἴχα-

295 1878 383 1915 σιν
420 1863 481 1934 οἱ,
507 1861 775 1933 βάρϐαροι
816 1861 1093 1934 προσοχὴν
1120 1861 1154 1933 ἦ
1186 1860 1470 1932 λογισμὸν,
1499 1862 1593 1915 καὶ
1616 1862 1680 1915 νά
1712 1879 1881 1914 κατα-

298 1954 468 2006 ϐῶσιν
491 1954 599 2006 ἀπὸ
623 1954 821 2015 τόπους
851 1952 945 2016 οὒς
972 1953 1189 2006 θέλουσι
1218 1953 1384 2024 σύρον
1412 1953 1613 2015 αὐτοὺς
1640 1955 1689 2005 οἱ
1751 1954 1886 2022 πρό-

290 2046 462 2099 ϐοδοι.
510 2046 571 2098 '0
611 2044 668 2097 δὲ
719 2045 910 2116 ἕτερος
962 2046 1270 2116 στρατηγὸς
1321 2047 1521 2115 ὁμοίως
1574 2045 1776 2115 ἐτάχθη
1822 2048 1886 2100 νᾶ

296 2139 485 2212 ὑπάγῃ
515 2138 610 2190 καὶ
634 2137 797 2201 αὐτὸς
829 2138 903 2189 δι’
932 2137 1106 2207 ἄλλης
1154 2137 1275 2190 όδοῦ
1306 2138 1372 2190 νά
1408 2139 1554 2210 πέσῃ
1589 2140 1774 2193 ἐπάνω
1806 2142 1887 2202 είς

298 2231 397 2303 τὴν
432 2231 685 2301 φύλαξιν,
721 2232 856 2284 ὅπου
893 2230 1122 2303 ἐκράτει
1163 2232 1256 2284 τὸν
1298 2233 1489 2299 πόρον,
1522 2234 1616 2284 καὶ
1650 2233 1717 2285 νά
1764 2234 1887 2294 τοὺς

274 2322 502 2376 ’δώσουν
525 2321 697 2381 οὕτως
720 2321 990 2390 ἐπιδέξια,
1028 2323 1163 2375 ὅπου
1196 2322 1319 2375 οὐδὲ
1354 2323 1460 2377 κᾶν
1491 2317 1572 2386 εἷς
1610 2324 1668 2389 ἐξ
1707 2324 1889 2376 αὐτῶν

282 2420 475 2473 »εἰπεῖν
508 2419 575 2472 νά
609 2417 776 2489 μηδὲν
810 2417 1070 2488 γλητώση
1108 2418 1174 2471 νὰ
1206 2419 1391 2490 ὑπάγῃ
1442 2420 1735 2486 μαντάτον.
1778 2404 1889 2472 Καὶ

274 2516 327 2565 νὸ
382 2513 479 2582 μὲν
524 2511 741 2579 πρῶτος
780 2512 953 2581 ἐπῆρε
985 2512 1046 2563 τὸ
1093 2510 1219 2581 ὅρος
1260 2514 1355 2565 καὶ
1394 2513 1485 2565 ἐπ’
1538 2511 1671 2565 αὐτὸ
1716 2513 1886 2584 ἀνέϐη

280 2608 441 2677 ,μετὰ
481 2607 733 2677 χιλιάδων
767 2605 832 2675 ιβ’
859 2620 874 2636 °
902 2607 994 2659 καὶ
1019 2606 1240 2673 ἐγένετο
1274 2606 1487 2678 μεγάλη
1517 2607 1607 2678 βία
1636 2607 1777 2659 ὥστε
1821 2610 1887 2660 νά

296 2700 560 2755 διαϐὦσιν
592 2700 724 2753 αὐτὸ
747 2701 851 2763 ’ἐως
873 2699 1090 2772 ἡμέρας
1121 2704 1270 2771 τρεῖς
1292 2717 1306 2731 ο
1352 2701 1446 2753 καὶ
1475 2702 1887 2769 ὲνυκτοπάτησε

300 2793 396 2845 καὶ
426 2791 635 2863 κατέϐη
672 2793 755 2854 είς
784 2791 883 2861 τὴν
914 2792 1083 2861 ἀλλην
1119 2792 1351 2859 μεραίαν
1407 2795 1499 2845 καὶ
1535 2793 1887 2862 ἐγκρυμάτο-

302 2900 395 2936 σεν
425 2886 506 2947 είς
530 2884 696 2937 τόπον
728 2884 1045 2954 σύνδενδρον
1073 2886 1168 2937 καὶ
1195 2886 1460 2955 κρυπτόν.
1505 2887 1613 2937 Καὶ
1641 2887 1689 2937 οξ
1723 2886 1889 2937 Βούλο

298 2993 461 3048 γαροι
506 2973 650 3048 ἦσαν
679 2975 931 3046 πλησίον,
963 2977 1080 3031 ἀλλ’
1116 2978 1219 3030 οὐκ
1268 2978 1481 3047 εῐχασιν
1521 2978 1732 3048 εἴδησίν
1764 2995 1888 3031 τινα

298 3073 431 3141 περὶ
448 3072 677 3125 τούτων.
713 3070 770 3122 ’0
792 3070 848 3123 δὲ
876 3068 1036 3133 ἄλλος
1065 3062 1193 3139 εὗρε
1216 3071 1317 3123 καὶ
1343 3071 1509 3134 αὐτὸς
1540 3071 1739 3133 τόπους
1766 3071 1887 3123 λίαν

1978 573 2304 628 ostenderet
2330 579 2594 642 quantam
2642 569 3028 626 fortitudinem
3062 579 3117 625 et
3153 570 3442 626 audaciam
3474 574 3569 625 ha-

1988 666 2151 721 beant
2192 663 2447 730 Romani,
2509 678 2619 718 non
2647 663 2984 734 exspectavit
3034 663 3209 718 donec
3241 665 3294 718 in
3328 666 3569 733 seipsum

1989 758 2175 812 hostes
2210 758 2502 820 irruerent,
2536 770 2637 810 nec
2666 756 2847 810 timuit
2895 770 2963 809 ne
3000 764 3431 825 retroageretur,
3472 772 3573 810 nec

1992 848 2162 901 voluit
2211 846 2413 901 includi
2468 847 2522 901 in
2580 846 2785 916 palatio
2816 854 2869 899 ct
2918 847 3181 901 occultari
3230 858 3286 901 ut
3334 847 3569 902 delicata

1991 939 2211 1009 puella;
2250 940 2343 994 sed
2372 955 2587 994 comam
2624 938 2818 1008 capitis
2852 940 2935 994 sui
2970 940 3099 993 olim
3148 942 3438 1011 unguentis
3473 942 3573 1005 de-

1992 1032 2219 1086 libutam
2265 1047 2409 1087 nunc
2466 1032 2660 1102 pruina
2718 1040 2772 1086 et
2820 1047 2944 1086 rore
2984 1034 3252 1087 matutino
3286 1034 3570 1104 irrigabat,

1993 1139 2124 1178 caro
2153 1124 2272 1193 ejus
2305 1124 2530 1194 pulvere
2577 1140 2645 1179 ac
2690 1124 2988 1179 sudoribus
3030 1126 3327 1195 rugabatur
3351 1144 3364 1192 ;
3392 1129 3574 1181 vultus

1993 1217 2177 1271 calore
2242 1217 2373 1271 solis
2432 1218 2704 1272 obscurus
2759 1216 2941 1271 ﬁebat.
2995 1217 3140 1272 Misit
3193 1228 3375 1273 autem
3435 1221 3575 1275 duos

1994 1308 2182 1370 duces,
2217 1319 2511 1378 utrumque
2561 1325 2686 1363 cum
2723 1309 3013 1363 duodecim
3064 1310 3310 1379 equitum
3344 1313 3574 1368 delecto-

1995 1416 2116 1453 rum
2158 1400 2425 1464 millibus,
2466 1409 2525 1453 ttt
2567 1410 2717 1454 recta
2756 1410 3053 1470 pergerent
3101 1402 3166 1454 ad
3218 1402 3578 1459 inveniendos

1997 1491 2244 1545 tramites
2284 1492 2354 1545 ob
2420 1492 2665 1546 locorum
2712 1493 3088 1547 difﬁcultatem
3137 1497 3578 1562 angustissimos,

1996 1597 2162 1655 utque
2212 1585 2498 1640 traherent
2544 1602 2717 1656 equos
2765 1601 2916 1654 suos,
2960 1597 3014 1640 et
3057 1596 3296 1642 montem
3350 1590 3581 1658 pedibus

1995 1679 2374 1742 ascenderent,
2409 1679 2497 1733 ubi
2534 1679 2752 1732 barbari
2787 1694 2896 1732 non
2933 1682 3395 1749 praestolabantur
3420 1693 3472 1736 et
3509 1698 3577 1737 ne

1997 1771 2427 1840 suspicabantur
2443 1771 2687 1841 quidem,
2714 1788 2775 1825 ac
2791 1773 3188 1827 descenderent
3213 1772 3281 1827 de
3302 1775 3434 1829 locis
3457 1791 3579 1844 qua:

1996 1880 2265 1933 occupare
2288 1866 2727 1934 velletprazvium
2765 1866 3005 1919 hostium
3026 1880 3239 1935 agmen.
3269 1869 3420 1920 Alter
3449 1884 3577 1922 vero

1995 1958 2103 2012 dux
2132 1959 2335 2026 pariter
2361 1959 2552 2028 jussus
2575 1966 2657 2011 est
2687 1958 2981 2012 succedere
3012 1960 3245 2023 aliavia,
3271 1960 3337 2014 ad
3375 1962 3579 2015 irrumo

1996 2050 2231 2119 pendunt
2270 2050 2322 2103 in
2352 2051 2610 2104 custodes
2647 2050 2737 2118 qui
2784 2050 3075 2103 transitum
3127 2053 3489 2119 occupabant,
3527 2066 3582 2108 et

1998 2142 2063 2195 ad
2105 2156 2199 2197 eos
2228 2142 2573 2197 dextrorsum
2622 2142 2703 2195 sic
2737 2141 3185 2211 aggrediendum,
3232 2153 3291 2197 ut
3344 2160 3409 2197 ne
3438 2147 3581 2199 ullus

1997 2232 2217 2301 quidem
2273 2249 2335 2287 ex
2384 2235 2466 2287 eis
2502 2234 2818 2287 mandatum
2854 2234 3007 2287 daret
3059 2244 3119 2288 ut
3173 2236 3467 2304 quiSquam
3521 2254 3581 2292 se

1999 2321 2127 2393 fuga
2179 2324 2529 2379 subduceret.
2558 2326 2718 2379 Prior
2747 2325 2967 2395 quidem
3010 2332 3298 2396 occupavit
3339 2340 3576 2383 montem

1997 2418 2051 2470 iu
2102 2433 2338 2485 eumque
2391 2421 2639 2471 ascendit
2694 2434 2822 2472 cum
2870 2419 3162 2474 duodecim
3211 2422 3470 2484 millibus,
3527 2434 3581 2477 et

1999 2527 2192 2580 magna
2248 2512 2296 2563 vi
2347 2510 2488 2565 enisi
2533 2519 2681 2573 sunt,
2734 2512 2805 2564 ita
2854 2520 2912 2564 ut
2955 2511 3096 2564 intra
3129 2523 3239 2566 tres
3283 2512 3401 2566 dics
3436 2514 3579 2568 hunc

2001 2604 2327 2673 transgressi
2375 2604 2485 2655 sint
2520 2620 2534 2668 ;
2568 2613 2621 2657 et
2658 2612 2821 2656 uoctu
2856 2604 3127 2672 processit
3186 2604 3580 2673 descenditque

2001 2695 2054 2749 iu
2098 2696 2325 2749 alterunt
2377 2705 2613 2764 partem,
2645 2703 2699 2748 et
2747 2710 2879 2749 suos
2920 2695 3206 2749 alisc0ndit
3236 2696 3286 2748 in
3334 2698 3451 2749 loco
3485 2699 3578 2750 ab-

1996 2787 2110 2842 dito
2143 2796 2196 2841 et
2252 2788 2538 2843 arboribus
2579 2788 2811 2841 consito.
2852 2788 3069 2857 Bulgari
3116 2798 3271 2841 erant
3322 2791 3579 2856 proximi,

1998 2880 2089 2933 sed
2156 2879 2362 2933 nullam
2417 2880 2692 2934 habebant
2746 2880 2963 2933 illorum
3003 2882 3272 2935 notitiam.
3305 2882 3582 2935 l'osteriur

1996 2984 2126 3023 vero
2158 2970 2363 3024 invenit
2386 2979 2440 3024 et
2462 2973 2575 3040 ipse
2593 2971 2710 3024 loca
2733 2970 3051 3025 difﬁcillima
3076 2983 3129 3026 et
3153 2978 3439 3042 pet-ardua,
3460 2991 3583 3045 qua:

1997 3070 2181 3117 tamen
2211 3078 2403 3132 magna
2425 3079 2549 3117 cum
2573 3066 2883 3118 constantia
2904 3065 3146 3130 transiit,
3184 3076 3237 3118 et
3268 3067 3492 3121 recessit
3515 3068 3584 3119 ab

299 3163 598 3228 δυσκόλους
636 3162 733 3217 καὶ
780 3163 1111 3226 δυσϐάτους·
1151 3164 1305 3233 ὅμως
1342 3164 1479 3232 μετὰ
1522 3163 1725 3217 σκοποῦ
1756 3163 1888 3217 πολ-

1999 3153 2247 3207 interzori
2276 3166 2428 3223 parte
2462 3153 2552 3207 ubi
2587 3165 2704 3208 erat
2732 3155 2979 3208 custodia
3015 3172 3028 3221 ;
3060 3171 3121 3208 ac
3143 3157 3381 3210 dilutulo
3405 3157 3584 3225 primo

284 3257 394 3312 *‘AOB
425 3259 606 3328 ἐδιέϐη
635 3259 834 3321 αὺτούς
867 3259 961 3311 καὶ
1011 3257 1229 3326 ἀπῆγεν
1277 3258 1385 3310 ἀπὸ
1414 3258 1507 3310 τοῦ
1534 3257 1738 3311 ἔσωθεν
1784 3260 1882 3328 μέ-

282 3369 450 3424 “pauc,
474 3351 607 3407 ἔνθα
632 3348 701 3423 ἦν
733 3353 768 3423 ἡ
805 3351 1035 3421 φύλαξις
1054 3369 1068 3385 ο
1097 3352 1193 3405 καὶ
1225 3352 1363 3423 πρὸς
1393 3351 1544 3423 ὥραν
1578 3353 1675 3421 τῆς
1709 3353 1885 3423 αὐγῆς

300 3443 510 3497 ἔδωκαν
537 3444 605 3497 τά
655 3444 863 3514 ὄργανα
896 3445 994 3497 καὶ
1032 3443 1103 3495 τὰ
1164 3442 1449 3512 παιγνίδια
1499 3442 1592 3497 τοῦ
1626 3444 1885 3513 πολέμου.

302 3538 414 3590 Καὶ
442 3537 792 3607 ἐφοϐήθησαν
835 3538 883 3588 οί
936 3534 1245 3606 Βούλγαροι
1280 3536 1451 3605 φόϐον
1488 3537 1666 3608 μέγαν
1698 3539 1777 3598 είς
1829 3536 1890 3589 τὸ

294 3630 632 3691 ἀνέλπιστον
675 3631 876 3684 κακόν·
936 3630 1219 3700 ἐπήδησαν
1269 3629 1402 3696 γοῦν
1438 3632 1489 3681 οἱ
1533 3629 1792 3701 Ῥωμαῖοι
1840 3633 1889 3683 οἱ

303 3725 490 3778 ἐπάνω
519 3724 699 3778 αὐτῶν
727 3724 822 3777 καὶ⁸
849 3721 1168 3776 ἐκύκλωσαν
1197 3722 1417 3785 αὐτοὺς,
1447 3724 1542 3776 καὶ
1566 3722 1762 3786 ἄλλους
1792 3721 1891 3792 μέν

303 3818 570 3889 ἔσφαξαν,
596 3819 789 3882 ἄλλους
818 3817 874 3872 δὲ
903 3816 1164 3870 ἐπίασαν·
1183 3817 1285 3869 καὶ
1324 3815 1444 3869 οὐδὲ
1479 3810 1559 3880 εἷς
1584 3816 1891 3885 ἐγλήτωσεν

307 3913 417 3965 ἀπὸ
468 3914 567 3975 τὰς
620 3916 812 3982 χεῖρας
864 3910 1065 3964 αὐτῶν.
1127 3911 1239 3964 Καὶ
1292 3908 1467 3972 οὕτως
1514 3907 1787 3978 ἐχάλασαν
1833 3906 1893 3959 τὸ

292 4007 448 4077 sapa
467 4023 481 4037 ·
512 4006 609 4059 καὶ
632 4007 660 4057 ὁ
696 4004 949 4075 βασιλεὺς
972 4001 1047 4056 ὢν
1077 4002 1297 4073 ἕτοιμος
1335 4000 1474 4071 μετὰ
1519 3999 1615 4053 τοῦ
1652 4001 1889 4067 φοσάτου

292 4099 527 4170 -εἱσῆλθε
553 4099 648 4151 καὶ
691 4098 905 4167 ἀπῆγεν
938 4094 1079 4167 μετά
1121 4094 1434 4165 προθυμίας
1482 4094 1624 4147 κατά
1650 4092 1745 4145 τοῦ
1793 4109 1890 4163 με-

309 4195 475 4261 γάλου
505 4192 715 4246 ἐκείνου
754 4191 994 4261 φοσάτου
1022 4189 1117 4242 καὶ
1152 4188 1326 4251 οὕτως
1360 4187 1737 4257 ἀπερχόμενος
1772 4186 1890 4238 καθ’

307 4287 427 4339 ὁδὸν
453 4286 731 4357 ὑπήντησε
776 4284 904 4347 τοὺς
950 4281 1324 4350 καϐαλαρίους
1362 4281 1495 4333 ὅπου
1527 4280 1756 4349 ἤρχοντο
1808 4279 1896 4332 διὰ

311 4377 524 4447 βίγλαν,
570 4379 664 4430 καὶ
696 4376 920 4429 ἐπίασεν
949 4374 1231 4436 ἅπανταςο
1276 4374 1373 4426 καὶ
1412 4372 1529 4442 μετ’
1575 4373 1760 4441 ὀλίγον
1787 4372 1895 4425 πά-

298 4472 394 4523 ιλιν
432 4471 745 4539 ὑπήντησεν
786 4466 980 4529 ἄλλους
1029 4466 1261 4537 ⁸ιῑεκατὸν,
1315 4464 1506 4533 βίγλας
1548 4466 1644 4517 καὶ
1696 4466 1895 4528 αὐτοὺς

1991 3248 2309 3301 cecinerunt
2339 3248 2562 3315 organis
2600 3247 2880 3315 tibiisque.
2914 3245 3130 3317 Bulgari
3166 3260 3345 3303 autem
3382 3265 3584 3320 magno

1991 3339 2229 3407 perculsi
2281 3348 2410 3392 sunt
2463 3347 2678 3392 terrore
2724 3338 2794 3391 ob
2840 3337 3176 3405 iunpinatam
3232 3342 3580 3409 perniciem:

1993 3432 2179 3501 itaque
2233 3433 2512 3485 irruerttut
2559 3431 2612 3484 in
2673 3446 2770 3484 eos
2802 3429 3058 3494 Romani,
3094 3448 3302 3500 eosque
3341 3435 3579 3488 circum-

1993 3533 2282 3586 venerunt,
2314 3532 2370 3575 et
2418 3523 2557 3576 alios
2623 3522 3053 3589 trucidaverunt,
3104 3523 3241 3577 alios
3298 3537 3584 3594 ceperunt,

1995 3633 2093 3671 nec
2124 3617 2272 3671 ullus
2303 3634 2367 3671 ex
2406 3619 2621 3671 illorum
2659 3618 2915 3671 manibus
2940 3618 3147 3687 eifugit.
3182 3618 3273 3673 Sic
3308 3620 3582 3675 vinculum

1994 3724 2102 3777 quo
2156 3709 2588 3778 impediebantur
2655 3709 2960 3762 solverunt.
3036 3709 3343 3779 Imperator
3397 3720 3580 3767 autent

1995 3810 2219 3868 paratus
2241 3814 2366 3854 cum
2398 3799 2515 3854 suis
2543 3799 2715 3869 copiis
2738 3800 3042 3868 penetravit
3067 3809 3120 3851 et
3156 3804 3425 3868 processit
3445 3818 3582 3857 con-

1998 3894 2224 3949 fidenter
2250 3902 2441 3947 contra
2478 3893 2630 3945 illum
2680 3892 2959 3961 ingentem
3015 3882 3349 3957 exercitum,
3393 3892 3585 3963 sicque

2000 3986 2281 4056 profectus
2313 3986 2506 4039 obvios
2547 3986 2738 4038 habuit
2797 3984 3010 4053 equites
3055 3983 3149 4054 qui
3206 3984 3584 4051 praecedebant

1997 4080 2235 4149 primum
2287 4094 2505 4147 agmen,
2580 4091 2786 4146 eosque
2835 4091 3031 4129 omnes
3105 4076 3231 4130 fecit
3290 4076 3582 4144 captivos;

1998 4174 2160 4241 paulo
2193 4181 2315 4239 post
2362 4184 2555 4223 rursus
2588 4170 2831 4223 occurrit
2887 4169 3008 4223 aliis
3064 4181 3311 4234 centum,
3374 4169 3440 4223 ad
3473 4170 3587 4240 pri-

2001 4280 2149 4317 mum
2202 4277 2392 4332 agmen
2449 4270 2503 4314 et
2553 4261 2685 4330 ipsis
2735 4261 3152 4329 pertinentibus,
3196 4276 3337 4331 quos
3377 4262 3584 4330 pariter

2000 4356 2165 4426 cepit.
2216 4355 2433 4424 Bulgari
2493 4354 2724 4419 interea,
2755 4355 3091 4408 confidentes
3144 4355 3246 4407 sibi
3298 4370 3586 4423 superesse

2002 4453 2237 4519 primum
2274 4462 2493 4517 agmen,
2528 4456 2685 4500 erant
2716 4447 2917 4509 securi,
2951 4456 3004 4499 et
3033 4447 3300 4501 sedebant
3329 4447 3446 4500 sine
3473 4447 3583 4503 ulla

308 4562 491 4624 ὄντας,
525 4561 620 4613 καὶ
671 4560 868 4614 ἐπίασε
919 4559 1016 4611 καὶ
1069 4558 1289 4618 αύτούς.
1332 4557 1395 4607 Oi
1441 4555 1746 4625 Βούλγαροι
1802 4555 1888 4607 οὖν

2001 4540 2311 4594 formidine.
2365 4538 2665 4607 Imperator
2716 4539 2916 4593 iterum
2951 4547 3114 4592 noctu
3163 4540 3423 4608 perrexit,
3471 4541 3583 4607 pri-

310 4652 644 4725 θαρῤούντες
674 4652 756 4705 ὅτι
786 4652 973 4722 ἐχουσι
1016 4649 1230 4720 βίγλας,
1267 4645 1409 4720 ἦσαν
1443 4648 1766 4718 ἀμέριμνοι,
1802 4648 1888 4699 καῖ

2001 4647 2203 4701 meque
2251 4630 2494 4685 diluculo
2544 4630 2731 4683 subito
2786 4628 2842 4682 in
2892 4628 3015 4683 illos
3068 4629 3231 4682 irruit
3276 4630 3587 4698 pariterque

311 4718 638 4810 ἐκαθέζοντο
672 4718 1184 4814 δίχα-ίρόϐοντινά.
1229 4718 1338 4796 καὶ
1371 4743 1399 4794 ό
1440 4739 1701 4810 βασιλεὺς
1737 4739 1888 4791 πάλικ

1998 4725 2165 4779 simul
2204 4738 2270 4778 ex
2311 4722 2526 4777 insidiis
2558 4737 2856 4790 erumpens
2886 4722 3020 4777 dux.
3050 4718 3268 4791 Reperti
3301 4734 3428 4774 sunt
3458 4719 3587 4774 Bul-

311 4839 725 4909 ἐνυκτοπάτησε
782 4813 876 4890 καλ.
927 4835 1064 4906 πρὸς
1104 4834 1255 4905 ὥραν
1318 4834 1417 4903 τῆς
1466 4833 1644 4902 αὐγῆς
1697 4832 1888 4886 ἔδωκεν

1998 4819 2115 4889 gari
2176 4816 2418 4871 inermes
2470 4826 2523 4869 et
2580 4829 2777 4869 somno
2837 4813 3066 4884 gravati,
3118 4823 3587 4881 capesseruutque

311 4930 498 4982 ἐπάνω
537 4930 616 4991 είς
647 4927 848 4989 αὐτοὺς
876 4927 1033 4995 ἄφνω
1080 4926 1176 4978 καὶ
1211 4924 1322 4978 ἀπὸ
1349 4923 1444 4977 τοῦ
1494 4925 1683 4995 ἐτέρου
1734 4924 1888 4993 μέρος

2000 4908 2206 4977 fugam,
2259 4917 2312 4960 et
2376 4905 2577 4959 invasit
2631 4920 2726 4959 eos
2766 4902 3141 4958 consternatio
3192 4902 3484 4972 inopiaque
3532 4912 3585 4957 et

308 5028 338 5076 ό
364 5020 869 5095 ἐγκρυματωμὲνος
904 4992 1210 5090 στρατηγὸς
1248 5018 1485 5089 ὁμοίιος·
1525 4992 1620 5071 καὶ
1664 5018 1888 5088 εὑρέθη-

2004 5008 2181 5053 terror
2228 4998 2503 5051 maximus
2532 5012 2547 5049 :
2596 4994 2911 5049 nesciebant
2939 4992 3081 5047 enim
3111 5007 3220 5062 quo
3249 4995 3585 5059 recederent,

313 5087 419 5167 σαν
435 5087 487 5166 οί
514 5087 819 5183 έούλγαροι
846 5087 1241 5181 ἀναρμάτωτοι
1271 5087 1367 5164 καὶ
1401 5087 1770 5180 βεϐαρημένοι
1796 5108 1888 5161 τοῦ

1995 5093 2375 5160 cadebantque
2424 5089 2480 5142 in
2538 5088 2732 5143 ﬂuvios
2774 5097 2829 5142 et
2870 5087 3283 5157 mergebantur,
3328 5095 3382 5140 et
3444 5087 3587 5143 alius

314 5206 486 5259 ὕπνου
534 5205 627 5259 καὶ
673 5179 972 5277 ὥρμησαν
1002 5179 1074 5255 ⁷νά
1124 5204 1396 5269 φεύγουνο
1454 5201 1549 5254 καὶ
1598 5179 1817 5269 ἐγένετο
1861 5202 1888 5268 ή

1996 5186 2165 5239 alium
2210 5183 2539 5253 jugulabat;
2589 5191 2641 5236 et
2692 5179 2925 5234 Romani
2992 5179 3355 5251 proﬂigabant
3401 5194 3495 5234 eos
3533 5191 3587 5235 et

314 5293 578 5365 συντριϐῇ
630 5273 742 5347 καὶ⁷
831 5273 1062 5361 ἀνάγκη
1103 5290 1284 5345 αὐτῶν
1315 5291 1409 5342 καὶ
1453 5292 1481 5343 ό
1508 5289 1674 5359 φόϐος
1725 5290 1888 5343 πολλὰ

1998 5276 2509 5333 immisericorditer
2565 5274 2949 5340 trucidabant;
3006 5285 3060 5328 et
3118 5274 3448 5328 ceciderunt
3494 5273 3587 5327 illa

317 5388 491 5459 μέγας
518 5401 533 5416 ⁸
590 5388 686 5441 καὶ
739 5388 841 5441 οὐκ
890 5384 1195 5454 ἐγίνωσκαν
1256 5382 1359 5437 ποῦ
1438 5382 1745 5450 ὑπάγωσιν,
1807 5383 1888 5437 ml

2000 5371 2087 5425 die
2134 5371 2381 5424 Romano
2426 5366 2606 5438 gladio
2644 5377 2861 5421 centum
2898 5375 2952 5419 et
3008 5365 3288 5435 sexaginta
3326 5366 3588 5420 barbaro—

314 5476 557 5529 ἐπιπταν
586 5476 665 5538 εἰς
700 5476 828 5537 τοὺς
848 5475 1125 5544 ποταμοὺς
1150 5475 1243 5526 καὶ
1275 5472 1565 5542 ἐπνίγοντο
1595 5490 1609 5504 ο
1644 5473 1739 5525 καὶ
1764 5490 1888 5525 κατ-

2008 5481 2129 5519 rum
2161 5462 2351 5528 millia,
2378 5462 2451 5516 ita
2480 5468 2541 5515 ut
2568 5458 2790 5515 ﬂumina
2819 5475 2913 5529 pro
2944 5459 3102 5530 aquis
3133 5460 3451 5528 sanguinem
3472 5456 3587 5511 vol—

312 5570 548 5640 ἔσφαξεν
571 5567 735 5640 871
766 5562 851 5632 εἷς
883 5568 974 5622 τὸν
1016 5566 1177 5622 ἀλλον
1202 5584 1217 5601 ο
1254 5568 1348 5621 καὶ
1378 5569 1426 5621 οί
1466 5566 1730 5636 Ῥωμαῖοι
1761 5584 1888 5620 κατ-

2008 5568 2217 5616 verem.
2245 5556 2408 5627 Fugit
2435 5556 2798 5621 illorumdux,
2818 5564 3185 5625 ccpcruntque
3213 5551 3443 5606 Romani
3464 5560 3584 5605 ten-

1515 5704 1716 5767 Variae
1741 5700 2051 5779 lectiones
2082 5707 2144 5763 ct
2183 5706 2370 5760 notae.

1170 5834 1228 5856 ‘lt
1278 5836 1334 5855 Α..

387 5836 431 5869 ³⁷
464 5835 702 5908 πειράνῖ

378 5919 403 5926 λ’
1242 5920 1277 5949 ις
