4114 6422
415 405 554 471 1253

1585 398 2056 466 CHRONiCON.
2089 423 2161 436 ’-
2202 398 2352 460 LIB.
2396 394 2500 461 VI.

3549 403 3684 468 125i

408 523 502 585 ti:
559 521 639 582 είς
695 518 756 574 τὸ
789 518 1051 589 δημόσιον
1107 518 1366 580 ἁπάντων
1412 515 1615 581 κοινῶς
1661 517 1707 549 ¹⁹
1764 515 1984 587 ὀφειλάς

2096 513 2216 566 nias
2274 513 2470 566 mrario
2525 511 2742 582 publico
2813 512 3024 569 debitas
3082 515 3300 571 cunctis
3367 518 3683 585 remittens,

408 610 658 681 ἐκτεμὼν
714 608 1226 682 ἀπροσδιορίστως,
1268 608 1365 663 καὶ
1406 608 1754 679 χρεωκοπίαν
1785 607 1990 662 τούτων

409 703 691 773 θέσπισμὰ
720 721 773 756 τι
812 701 1252 774 μεγαλοπρεπῶς
1288 701 1687 771 ἐργασάμενος.

480 797 557 869 t7)
593 797 636 828 ‘°
678 796 800 850 Ἔτι
848 796 907 849 δέ
957 795 1036 866 τῷ
1070 794 1344 864 Βρυεννίῳ
1396 793 1537 848 κατά
1599 796 1697 865 τὴν
1754 794 1990 865 ἑσπέραν

406 886 650 957 ἐχομένῳ
671 886 768 957 τῆς
789 887 1107 957 τυραννίδος
1132 884 1368 958 [στέλλει
1394 888 1520 949 τοὺς
1541 886 1987 953 ἀπαγγέλλοντας

405 979 504 1050 τὴν
555 980 651 1031 τοῦ
710 980 989 1049 Καίσαρος
1042 980 1202 1046 ἀξίαν
1233 978 1384 1049 αὐτῷ
1412 978 1635 1042 διδόναι,
1673 979 1720 1030 εἰ
1756 978 1854 1047 τῆς
1890 994 1987 1030 τυ-

410 1068 680 1142 ραννίδος]
730 1071 1048 1140 ἀπόσχοιτο,
1088 1072 1329 1133 καὶτοῖς
1383 1068 1533 1139 αύτῷ
1590 1068 1990 1140 συναραμένοις

404 1162 502 1225 τὰς
528 1162 690 1230 τιμὰς
724 1161 1120 1215 ἐπιϐεϐαιῶσαι
1142 1202 1156 1227 ,
1190 1156 1277 1224 αἷς
1310 1161 1508 1222 αύτούς
1544 1160 1753 1221 ἐκεῖνος
1796 1159 1991 1227 ἐτίμη-

409 1269 522 1305 σεν.
540 1252 598 1306 Ὀ
619 1253 676 1306 δὲ
702 1253 906 1323 σφόδρα
930 1255 1026 1323 τῆς
1053 1253 1331 1324 βασιλείας
1360 1252 1567 1320 ἐφίετο,
1592 1252 1690 1304 καὶ
1712 1249 1989 1311 ἀνένδοτος

402 1339 489 1414 ἦν.
514 1345 684 1398 Πάλιν
715 1340 809 1398 οὖν
845 1345 1009 1415 ἑτέρα
1035 1345 1302 1416 πρεσϐεία
1321 1360 1335 1375 ο
1363 1345 1458 1398 καὶ
1487 1344 1580 1395 ἐπὶ
1603 1342 1774 1411 ταύτῃ
1804 1340 1986 1411 τρίτη.

419 1434 476 1489 '0
498 1434 543 1489 δ’
574 1436 1058 1508 ύπερηφανεύετο,
1095 1440 1189 1491 καὶ
1226 1438 1348 1491 ούδέ
1396 1438 1538 1490 κατὰ
1568 1434 1684 1508 [τὰ]
1714 1435 1822 1489 τῶν
1853 1434 1991 1505 πρέ-

407 1525 584 1580 σϐεων
633 1527 842 1597 νόμιμα
872 1529 998 1591 τοὺς
1050 1528 1309 1600 πρέσϐεις
1358 1528 1592 1598 ἐδέχετο,
1628 1528 1745 1580 ἀλλ’
1778 1527 1988 1597 ἀτίμως

404 1618 604 1679 αὐτοὺς
655 1619 1044 1686 ἀπεπέμπετο.
1096 1618 1137 1650 ⁸¹
1200 1617 1289 1681 Ὠς
1342 1618 1494 1672 οὐδὲν
1549 1615 1643 1671 οὖν
1696 1619 1991 1689 εἰρηνικῶς

405 1708 589 1763 ἀνύειν
624 1708 766 1778 ἔγνω
795 1712 823 1764 ὁ
852 1710 1136 1780 βασιλεὺς,
1163 1714 1256 1765 καὶ
1282 1712 1432 1765 ἄκων
1460 1712 1595 1782 πρὸς
1629 1713 1811 1783 μάχην
1849 1712 1989 1765 ἀπέ-

402 1819 624 1871 ς-ευσεν,
682 1804 778 1858 καὶ
853 1804 944 1858 τὸν
1021 1804 1310 1874 Κομνηνδν
1376 1804 1613 1869 Ἀλέξιον
1674 1802 1987 1876 τετιμηκὼς

2096 619 2397 674 carumque
2426 604 2809 661 remissionem
2839 605 3058 661 decreto
3084 609 3374 678 magnifice
3406 614 3685 669 sarciens.

2171 787 2375 844 Deinde
2402 788 2677 859 Bryennio
2717 790 2784 845 ad
2818 806 3099 862 vesperam
3134 794 3441 865 tyrannidis
3487 811 3549 851 se
3586 795 3690 852 ha-

2093 881 2241 936 benti
2271 882 2417 936 misit
2463 882 2688 937 nuntios
2728 883 2823 952 qui
2856 885 3267 954 pollicerentur,
3298 888 3462 941 modo
3494 897 3689 959 tyran-

2094 973 2209 1027 nidi
2272 974 2635 1041 renuntiaret,
2666 974 2901 1031 Caesaris
2941 978 3259 1047 dignitatem
3297 983 3347 1033 ei
3396 981 3687 1033 conferen-

2092 1065 2217 1120 dam
2250 1081 2393 1132 esse,
2417 1078 2471 1121 et
2503 1068 2686 1123 socios
2704 1068 2827 1137 ejus
2852 1070 3258 1125 conﬁrmandos
3281 1071 3335 1125 in
3360 1072 3683 1134 honoribus.

2094 1158 2295 1226 quibus
2338 1174 2433 1214 eos
2478 1163 2593 1229 ipse
2641 1160 2989 1217 honorassct.
3032 1163 3101 1216 At
3142 1163 3231 1219 ille
3265 1165 3555 1233 imperium
3592 1180 3685 1219 ve-

2094 1245 2376 1301 hementer
2422 1250 2675 1320 cupiebat
2703 1261 2758 1305 et
2800 1253 2933 1306 nihil
2982 1255 3282 1316 concedere
3316 1256 3545 1309 volebat.
3587 1254 3685 1310 Se-

2094 1337 2274 1391 cunda
2324 1337 2486 1409 igitur
2537 1342 2827 1411 delegatio,
2867 1353 2922 1397 et
2976 1358 3101 1414 post
3148 1346 3287 1401 hanc
3332 1349 3493 1401 tertia
3544 1348 3684 1403 :ille

2093 1443 2223 1483 vero
2252 1430 2517 1495 insolens,
2554 1447 2654 1487 nec
2684 1435 2988 1489 secundum
3034 1436 3159 1504 jura
3204 1441 3416 1491 sancita
3447 1439 3683 1508 excipieo

2093 1517 2185 1572 bat
2233 1519 2459 1587 legatos,
2528 1520 2638 1577 imo
2710 1524 2975 1592 probrose
3026 1525 3357 1580 dimittebat.
3393 1528 3461 1582 Ut
3514 1529 3678 1598 igitur

2093 1610 2316 1680 agnovit
2348 1612 2646 1682 imperator
2675 1630 2735 1669 se
2785 1616 2924 1670 nihil
2956 1617 3179 1685 paciﬁce
3215 1619 3444 1684 lucrari,
3476 1621 3684 1677 invitus

2093 1700 2233 1755 bello
2268 1716 2400 1757 usus
2433 1713 2536 1765 est,
2567 1712 2622 1758 et
2650 1705 2843 1760 Alexio
2887 1707 3168 1763 Comneno
3222 1710 3487 1779 dignitate
3525 1712 3686 1766 uobi-

2095 1790 2289 1846 lissitni
2337 1796 2630 1864 magnique
2685 1795 2973 1852 Domestici
2997 1799 3269 1854 honorato
3314 1809 3368 1854 et
3418 1803 3683 1858 Rontauis

406 1896 766 1967 νωόελίσιμον
796 1897 891 1951 καὶ
924 1897 1420 1969 προχειρισάμενος
1448 1898 1621 1967 μέγαν
1670 1897 1984 1966 δομέστικον

2097 1883 2390 1951 praeposito
2468 1884 2666 1952 copiis,
2736 1886 3142 1955 expeditionem
3216 1888 3344 1944 fecit
3414 1893 3682 1947 adversus

405 1988 501 2041 καὶ
564 1988 895 2059 Ῥωμαϊκῶν
955 1989 1118 2043 αὐτὸν
1166 1989 1452 2060 δυνάμεων
1510 1988 1985 2059 προστησάμενος,

404 2080 546 2134 κατά
569 2081 664 2135 τοῦ
711 2081 997 2153 Βρυεννίου
1028 2081 1359 2153 ἐξέπραττεν
1373 2083 1417 2114 ³⁸
1440 2097 1455 2113 ⁸
1484 2081 1542 2144 ὃς
1574 2081 1748 2151 τούτῳ
1777 2081 1989 2150 συμϐα-

405 2172 513 2226 )ὼν
539 2174 684 2228 κατά
715 2191 767 2226 τι
796 2172 998 2243 χωρίον
1054 2171 1390 2244 Καλαόρύην
1433 2173 1752 2241 λεγόμενον,
1803 2173 1891 2227 διὰ
1927 2174 1988 2228 τὸ

408 2270 750 2341 κατάρρυτον
769 2264 908 2322 εἶναι
930 2269 1020 2322 τὸν
1040 2268 1204 2323 τόπον
1225 2269 1451 2340 βρύσεσι
1473 2269 1684 2323 ὑδάτων
1705 2269 1924 2333 πολλαῖς
1943 2270 1987 2302 ³³

406 2378 465 2413 τε
514 2360 606 2414 καὶ
647 2360 913 2428 ἀγαθαῖς,
966 2359 1166 2431 ῥᾳδίως
1225 2364 1322 2431 τῆς
1377 2362 1586 2415 ἐκείνου
1635 2361 1986 2430 περιεγένετο

408 2453 665 2520 στρατιᾶς
685 2468 698 2482 ⁸
729 2454 820 2505 καὶ
854 2451 961 2505 τῶν
994 2452 1092 2521 μὲν
1116 2452 1412 2516 πεσόντων,
1437 2453 1547 2506 τῶν
1586 2453 1643 2507 δὲ
1681 2453 1983 2522 φυγόντων,

404 2541 515 2597 εἷλε
552 2544 791 2614 μονωθέν
820 2543 986 2614 897
1022 2560 1090 2598 τα
1138 2543 1230 2596 τὸν
1276 2545 1727 2614 τυραννήσαντα·
1766 2544 1858 2595 καὶ
1890 2542 1983 2597 τοῦ

404 2636 581 2704 φωτὸς
599 2635 688 2687 τὸν
713 2634 947 2687 δείλαιον
966 2633 1365 2702 ἀπεστέρησεν,
1389 2634 1483 2688 καὶ
1504 2634 1767 2703 εἰσήγαγε
1785 2632 1984 2702 τυφλὸν

404 2729 484 2790 είς
515 2728 613 2796 τήν
647 2724 1076 2796 βασιλεύουσανο
1115 2724 1210 2778 καὶ
1239 2726 1272 2794 ή
1324 2723 1423 2794 μὲν
1448 2724 1541 2778 τοῦ
1572 2723 1863 2795 Βρυεννίου
1906 2725 1984 2789 είς

402 2820 564 2875 τοῦτο
593 2819 748 2881 τέλος
774 2819 819 2850 ⁸⁸
851 2818 1194 2887 κατήντησεν
1221 2816 1593 2881 ἐπανάστασις
1621 2818 1688 2873 ³⁵.

474 2910 549 2982 (8)
574 2910 618 2943 ³⁸
662 2908 1073 2978 Ἐπανέστησαν
1102 2908 1158 2961 δέ
1192 2910 1286 2962 καὶ
1320 2908 1369 2962 oi
1396 2909 1672 2979 Βάραγγοι
1714 2908 1859 2963 κατὰ
1886 2909 1982 2964 τοῦ

405 3002 670 3074 βασιλέως
697 3001 909 3054 ἀνελεῖν
934 2999 1098 3053 αὐτὸν
1142 3001 1543 3071 μελετήσαντες
1564 3018 1579 3033 ’
1622 3002 1985 3072 ἀντιταξαμέ-

401 3111 497 3164 νης
528 3094 571 3146 δ’
602 3095 784 3156 αὐτοῖς
829 3092 1014 3162 χειρὸς
1059 3092 1251 3163 ἐτέρας
1285 3092 1625 3164 Ῥωμαῖκῆς,
1659 3095 1739 3158 είς
1771 3092 1982 3149 ἱκεσίαν

401 3185 704 3253 ἐτράποντο
733 3181 830 3235 καὶ
860 3180 1191 3253 συγγνώμης
1223 3182 1508 3252 ἐπέτυχον.

471 3277 546 3347 (9)
574 3277 618 3313 ³⁸
652 3276 742 3346 Τῷ
762 3275 819 3329 δέ
844 3275 1065 3346 βασιλεῖ,
1092 3274 1269 3347 τούτῳ
1292 3276 1335 3308 ³⁷
1362 3276 1462 3346 τῆς
1487 3276 1762 3347 ὁμοζύγου
1794 3277 1981 3331 τελευ-

399 3370 664 3438 τησάσης,
699 3367 891 3422 πολλαὶ
933 3368 1032 3438 μὲν
1083 3368 1484 3439 ἐμνηστεύοντο
1532 3370 1797 3441 παρθένοι
1823 3410 1839 3437 ,
1892 3370 1986 3424 καὶ

401 3462 506 3533 πρὸ
537 3462 644 3515 τῶν
686 3461 861 3513 ἀλλων
888 3461 922 3532 ή
970 3459 1062 3514 τοῦ
1101 3461 1368 3531 βασιλέως
1400 3460 1496 3515 τοῦ
1528 3462 1708 3517 Δούκα
1735 3462 1985 3534 θυγάτηρ

400 3555 520 3623 Ζωή
545 3569 561 3586 ·
604 3556 632 3606 ὀ
660 3553 715 3605 δὲ
748 3552 827 3625 [ἦ]
862 3553 960 3624 τὴν
999 3550 1247 3622 βασιλίδα
1301 3552 1564 3607 Εύδοκίαν
1606 3552 1801 3623 ἢθελεν
1846 3554 1983 3619 ἀγα-

403 3645 597 3713 γέσθαι
657 3646 689 3717 ἢ
745 3645 844 3711 τὴν
899 3642 958 3708 ἐξ
1014 3644 1252 3697 ’Δλανῶν
1304 3645 1553 3714 Μαρίαν,
1610 3645 1711 3716 τὴν
1756 3644 1835 3715 τῷ
1878 3645 1985 3714 πρὸ

398 3732 563 3787 αὐτοῦ
589 3734 987 3806 συνοικήσασαν
1007 3733 1071 3787 ³⁸.
1112 3733 1327 3786 Στέλλει
1384 3733 1516 3802 γοῦν
1570 3734 1671 3804 τὴν
1717 3734 1982 3788 Εύδοκίαν

402 3825 875 3895 μετακαλούμενος
901 3841 915 3857 ⁸
950 3827 982 3895 ή
1040 3825 1119 3890 δὲ,
1155 3826 1231 3889 ὼς
1267 3825 1458 3894 λόγος,
1489 3825 1589 3879 οὐκ
1638 3826 1981 3897 ἀπηνήνατο,

398 3915 649 3986 ἐκωλύθη
671 3916 726 3969 δὲ
756 3917 891 3986 πρὸς
915 3916 1072 3971 τοῦτο
1103 3918 1131 3969 ὸ
1163 3916 1418 3988 βασιλεὺς
1451 3918 1604 3986 παρά
1629 3934 1792 3971 τινων
1812 3936 1982 3987 μονα-

399 4007 543 4078 χῶν·
574 4009 667 4062 καὶ
703 4009 898 4077 ἄγεται
928 4009 1027 4079 τὴν
1056 4007 1307 4079 βασιλίδα
1338 4008 1561 4080 Μαρίαν
1583 4025 1597 4038 ·
1632 4009 1786 4062 οὐδὲν
1819 4004 1981 4083 ἦττον

401 4101 799 4171 παρανομήσας
832 4101 865 4172 ἢ
898 4103 946 4155 εί
991 4102 1089 4171 τὴν
1132 4101 1396 4155 Εύδοκίαν
1452 4101 1725 4169 ἠγάγετοο
1766 4101 1980 4171 μοιχεία

399 4197 510 4262 γὰρ
538 4188 605 4262 ἦν
634 4191 1127 4263 ἀπηρυθριασμένη
1158 4193 1220 4245 τὸ
1250 4191 1522 4264 τολμηθέν
1544 4206 1560 4221 ⁸
1596 4192 1677 4245 διὸ
1708 4193 1801 4245 κοιλ¹
1830 4195 1857 4245 ὁ
1880 4192 1980 4262 τὴν

400 4283 699 4353 ίερολογίαν
758 4282 1058 4348 τετελεκὼς
1116 4284 1206 4337 ἐπ’
1269 4283 1477 4351 αὐτοῖς,
1531 4284 1630 4353 τῆς
1682 4284 1980 4356 ἱερωσύνης

398 4376 781 4433 ἐκπέπτωκεν.

466 4467 578 4538 (10)
604 4468 647 4500 ³³
690 4468 747 4522 '0
808 4470 988 4539 μέντοι
1043 4467 1557 4541 προϐεϐασιλευκὼς
1609 4470 1858 4543 Μιχαὴλ,
1902 4468 1981 4534 ὡς

2092 1970 2451 2042 Bryennium.
2483 1975 2727 2038 Alexius,
2777 1979 3046 2033 consertis
3089 1995 3214 2034 cum
3252 1981 3356 2036 hoc
3398 1984 3677 2051 manibus,

2092 2064 2144 2118 in
2207 2079 2404 2135 campo
2455 2066 2719 2139 Calabrya
2772 2071 2941 2136 dicto,
2989 2074 3119 2143 quia
3169 2073 3410 2144 irriguus
3451 2085 3531 2130 est
3591 2076 3680 2131 hic

2090 2154 2247 2210 locus
2302 2155 2548 2214 fontibus
2601 2175 2869 2230 aquarum
2922 2164 3114 2220 multis
3175 2172 3231 2219 et
3286 2164 3466 2230 bouis,
3518 2164 3679 2219 facile

2091 2246 2241 2302 illius
2278 2248 2451 2304 cinxit
2491 2253 2838 2319 exercitum;
2890 2263 2947 2309 et
3004 2256 3328 2312 cadentibus
3376 2258 3517 2321 aliis,
3553 2258 3680 2312 aliis

2090 2337 2446 2409 fugientibus,
2491 2343 2669 2397 solum
2725 2345 2968 2399 relictum
3024 2349 3326 2418 principem
3396 2350 3560 2419 cepit,
3622 2359 3678 2404 ct

2089 2431 2296 2488 lumine
2343 2435 2630 2490 oculorum
2686 2438 2885 2493 ellosso
2918 2453 3122 2494 czecum
3170 2435 3224 2495 in
3277 2443 3465 2496 urbem
3508 2443 3679 2512 impe-

2088 2524 2277 2579 rialem
2347 2526 2536 2593 duxit,
2603 2528 2659 2583 in
2720 2529 2865 2584 hunc
2942 2531 3163 2599 quidem
3229 2534 3439 2588 exitum
3514 2534 3678 2590 desiit

2088 2614 2341 2686 Bryennii
2374 2618 2619 2675 rebellio.
2640 2658 2645 2661 ι

2152 2891 2572 2950 lnsurrexerunt
2629 2905 2684 2951 et
2752 2894 2991 2968 Varangi
3033 2907 3224 2954 contra
3287 2900 3671 2971 imperatorem

2086 2984 2380 3055 regicidze;
2416 2986 2510 3041 sed
2543 2986 2790 3057 opposita
2823 2990 2903 3043 eis
2940 2988 3046 3042 alia
3081 2991 3303 3045 cohorte
3327 3006 3572 3060 mutana,
3606 2993 3675 3046 ad

2085 3092 2275 3148 preces
2309 3080 2584 3146 conversi,
2621 3081 2834 3135 veniam
2869 3080 3251 3152 impetrarunt.

2161 3261 2336 3333 Hujus
2358 3263 2703 3334 imperatoris
2732 3276 2943 3322 mortua
2969 3267 3218 3342 conjuge,
3243 3271 3426 3325 multae
3455 3274 3507 3325 in
3540 3287 3674 3327 con-

2091 3358 2321 3413 nubium
2382 3360 2753 3428 poscebantur
2803 3363 3063 3431 virgines,
3101 3374 3155 3419 et
3198 3366 3468 3434 imprimis
3512 3368 3672 3424 Ducas

2089 3449 2433 3520 imperatoris
2465 3453 2573 3506 lilia
2611 3452 2761 3508 Zoe:
2800 3454 2890 3509 ille
2919 3471 3046 3510 vero
3096 3458 3299 3514 ducere
3345 3462 3561 3514 volebat
3590 3464 3673 3517 vel

2088 3540 2384 3597 Eudociam
2444 3545 2870 3615 imperati-iectu,
2928 3548 3012 3601 vel
3061 3550 3345 3605 oriundam
3398 3566 3459 3605 ex
3485 3554 3671 3607 Alanis

2087 3632 2335 3696 Mariam,
2372 3637 2790 3703 prmdeccssoris
2822 3639 2907 3691 sui
2947 3654 3198 3694 uxorem.
3228 3642 3371 3696 Misit
3403 3644 3568 3713 igitur
3599 3645 3667 3699 ad

2087 3722 2383 3779 Eudociam
2427 3725 2810 3781 imitandam:
2849 3728 2963 3782 ham
2996 3745 3145 3795 vero,
3188 3742 3246 3789 υι
3281 3734 3478 3799 fertur,
3524 3738 3666 3789 haud

2085 3815 2284 3878 renuit,
2332 3815 2425 3869 sed
2462 3816 2517 3868 in
2561 3814 2663 3870 hoc
2697 3818 2977 3874 dissuasus
3019 3832 3103 3875 est
3139 3822 3435 3892 imperator
3483 3839 3513 3879 a
3546 3826 3669 3893 qui-

2083 3903 2311 3957 busdam
2364 3904 2668 3960 monachis.
2706 3904 2860 3961 Tunc
2905 3909 3060 3962 duxit
3111 3910 3513 3978 impcratricem
3551 3912 3667 3965 Ma-

2083 3995 2243 4060 riam,
2284 3996 2420 4049 nihil
2464 3997 2648 4052 mintts
2678 3998 2850 4067 legem
2884 4009 3257 4071 transgressus
3287 4018 3449 4071 quam
3485 4005 3530 4057 si
3562 4004 3668 4057 Eu-

2083 4090 2297 4146 dociatn
2339 4090 2587 4145 duxisset
2624 4108 2638 4146 :
2677 4094 3007 4149 adulterium
3040 4096 3186 4151 enim
3225 4099 3513 4166 impudens
3547 4109 3668 4153 erat

2084 4183 2185 4238 hoc
2219 4182 2433 4237 facinus
2471 4201 2485 4236 :
2537 4184 2660 4239 ideo
2694 4185 2786 4254 qui
2832 4201 3044 4242 sacram
3080 4188 3240 4243 istam
3277 4192 3484 4262 peregit
3513 4192 3666 4246 litur-

2079 4278 2221 4350 giam
2253 4293 2284 4335 e
2318 4279 2627 4335 sacerdmio
2649 4283 2905 4337 detrusus
2938 4293 3043 4339 est.

2156 4464 2379 4519 interim
2428 4464 2576 4536 prior
2611 4465 2907 4535 imperator
2944 4467 3201 4534 Michael,
3254 4480 3561 4542 postquam,
3606 4486 3665 4531 ut

398 4562 652 4633 εἴρηται,
709 4562 809 4635 τὴν
865 4562 1027 4634 τρίχα
1073 4565 1289 4635 καρεὶς,
1340 4564 1433 4617 καὶ
1491 4563 1659 4636 ψήφῳ
1723 4562 1971 4636 συνοδικῇ

2088 4557 2285 4613 dictum
2320 4569 2422 4621 est,
2460 4572 2617 4613 coma
2663 4566 2846 4626 tonsa,
2886 4562 3135 4631 synodali
3176 4564 3430 4634 sum‘agio
3466 4566 3663 4637 Ephesi

400 4652 809 4724 μητροπολίτης
894 4652 1130 4721 Ἐφέσου
1189 4654 1635 4725 κεχειροτόνητο·
1692 4655 1788 4707 καὶ
1835 4654 1984 4721 ἅπαξ

400 4745 667 4810 φοιτήσας
724 4743 879 4805 ἐκεῖ,
933 4742 1235 4813 ἐπανῆλθε,
1269 4745 1363 4795 καὶ
1409 4746 1466 4796 ἐν
1496 4746 1562 4814 τῇ
1592 4743 1686 4796 τοῦ
1725 4744 1983 4815 Μανουὴλ

400 4835 535 4903 μονῇ
564 4836 799 4887 ἐποιεῖτο
824 4833 921 4905 τήν
950 4835 1186 4888 δίαιταν.
1221 4836 1375 4890 Μετᾶ
1418 4836 1471 4889 δὲ
1498 4835 1558 4888 τὸ
1589 4836 1677 4888 τὸν
1724 4836 1983 4890 Βοτανιὰ-

395 4939 497 4992 την
524 4925 621 4994 τῆς
670 4924 951 4995 βασιλείας
985 4927 1440 4990 ἐκπεπτωκέναι,
1476 4927 1727 4999 θνήσκων
1772 4920 1925 4991 οὗτος
1955 4929 1984 4981 ὁ

396 5016 644 5086 Μιχαὴλ,
706 5018 880 5071 πολλὰ
936 5018 1225 5090 δεηθείσης
1278 5019 1445 5074 αὐτοῦ
1499 5021 1596 5091 τῆς
1656 5020 1982 5091 βασιλίσσης

398 5108 641 5179 Μαρίας,
676 5109 778 5181 ἢδη
816 5110 1078 5182 κάκείνης
1107 5109 1350 5182 μοναχῆς
1379 5111 1688 5181 γεγονυίας,
1729 5110 1978 5180 συγγνώο

400 5216 508 5269 μην
560 5199 747 5273 ἔνειμε
801 5204 999 5278 ταύτῃ,
1031 5207 1125 5260 καὶ
1176 5204 1527 5276 συγχώρησιν
1575 5203 1851 5274 ἐπηύξατο
1910 5204 1975 5255 ἐκ

394 5288 551 5344 Θεοῦ.

465 5381 645 5452 (ιηιο
686 5384 747 5438 '0
799 5385 855 5439 δέ
907 5386 1357 5458 πρωτοπρὸεδρος
1393 5386 1707 5456 Νικηφόρος
1742 5388 1769 5439 ὁ
1812 5386 1974 5441 Βασι-

2082 4650 2367 4705 ordinatus
2396 4658 2479 4705 est
2511 4652 2983 4724 archiepiscopus,
3019 4665 3073 4710 et
3116 4659 3254 4711 banc
3278 4661 3466 4713 urbem
3496 4663 3667 4716 semel

2084 4740 2295 4805 invisit,
2332 4757 2589 4798 reversus
2619 4755 2702 4798 est
2728 4753 2781 4799 et
2815 4744 2869 4799 in
2906 4746 3169 4802 hlanuelis
3203 4753 3537 4806 monasterio
3567 4752 3666 4807 de-

2081 4833 2158 4904 git
2188 4834 2349 4888 vitam
2374 4852 2389 4901 ;
2427 4845 2548 4904 post
2579 4834 2914 4892 Botaniatem
2951 4854 3079 4894 vero
3108 4842 3174 4895 de
3210 4858 3378 4911 regno
3407 4843 3661 4913 ejectum,

2082 4925 2343 4989 moriens,
2395 4924 2647 4991 Michael,
2680 4928 2949 4981 instanter
2984 4930 3313 5001 emugitante
3344 4932 3511 4987 Maria
3547 4934 3661 5003 jam

2082 5028 2135 5072 ct
2165 5018 2276 5088 ipsa
2313 5019 2538 5072 moniali
2582 5019 2749 5087 facta,
2778 5019 2995 5075 veniant
3032 5022 3160 5077 huic
3195 5024 3343 5079 dedit
3381 5033 3435 5079 et
3481 5028 3662 5086 indul-

2083 5111 2319 5179 gentiam
2352 5126 2381 5163 a
2414 5108 2525 5166 Deo
2558 5112 2767 5181 petivit.
2810 5160 2815 5165 .

2156 5386 2371 5443 Primus
2394 5388 2657 5459 proetlrus
2689 5391 3029 5461 Nicephorus
3064 5393 3378 5463 Basilncius,
3413 5399 3660 5471 Btyennii

1595 5503 1796 5565 Varini
1825 5503 2138 5567 lectiones
2166 5514 2226 5568 et
2266 5515 2453 5569 noue.

464 5640 510 5674 ¹¹
540 5638 725 5701 κοινάς
758 5638 881 5692 Par.
959 5636 1003 5669 ³⁰
1038 5636 1160 5691 Par.
1190 5636 1325 5692 i708
1345 5656 1417 5686 ’.ῖ-
1446 5633 1706 5689 Zomiﬂ!)
1741 5637 1801 5691 Β.
1879 5639 1922 5671 ³⁸
1954 5656 1983 5691 ο

2097 5639 2252 5692 ούδέν
2285 5638 2421 5693 Ζτιη.

398 5709 621 5778 ἀγαθῶν
653 5707 784 5762 Ζοιι.
863 5709 907 5740 ³⁵
935 5706 1120 5769 τέλους
1183 5706 1352 5773 Ζυιι.;
1420 5705 1543 5760 Par.
1593 5706 1726 5761 1708
1759 5727 1830 5758 =
1863 5707 1973 5763 Zon

399 5782 445 5812 “
475 5778 599 5834 Par.
638 5779 776 5833 1708
804 5808 873 5819 -—-
904 5777 1039 5831 Znn.
1075 5776 1180 5831 229
1202 5776 1261 5831 Ι).
1380 5777 1422 5809 ³⁷
1451 5775 1659 5829 τούτων
1718 5777 1843 5833 Par.
1888 5796 1936 5834 ν.
1981 5797 1984 5840 1

2088 5709 2130 5763 19
2185 5710 2243 5763 ii.
2302 5711 2364 5764 C.
2456 5709 2501 5743 ⁸⁵
2540 5705 2895 5783 ἀντιταξάμεπ

2115 5798 2130 5831 ι
2162 5785 2378 5834 subscr.
2421 5780 2490 5834 cl‘.
2526 5779 2663 5837 Zon.
2710 5784 2819 5840 229
2856 5788 2895 5839 D

399 5797 445 5812 "
476 5797 599 5834 I'ar.
638 5797 659 5832 Ἰ
683 5797 776 5833 (UO
804 5808 873 5819 ·-·
905 5797 1039 5831 bi)“.
1076 5797 1180 5831 223
1202 5797 1261 5831 U.
1380 5797 1417 5809 "
1451 5797 1659 5829 τουτων
1718 5797 1843 5833 ΙἬΓ.
1888 5797 1936 5834 ν.
1981 5797 1984 5847 1

397 5853 798 5914 συνοικήσασαν
823 5848 956 5904 Znn.
1036 5847 1079 5879 "
1106 5847 1229 5902 l'ar.
1272 5845 1408 5903 l708
1434 5869 1499 5885 κ
1535 5844 1671 5900 Znn.
1706 5846 1811 5903 εει)
1855 5848 1912 5904 D.
1947 5850 1984 5905 E

2115 5798 2130 5831 ι
2162 5797 2378 5834 sunser.
2421 5797 2490 5834 Cl.
2527 5797 2663 5837 bon.
2710 5797 2819 5840 22:!
2856 5797 2916 5840 υ.
3029 5797 3071 5820 ³⁵

2088 5852 2131 5883 ⁵⁰
2170 5851 2303 5905 ΠΟΒ
2329 5881 2387 5891 —-
2429 5850 2564 5907 Zon.
2620 5853 2724 5910 2'29
2768 5854 2829 5920 Ε,
2861 5856 2967 5913 ⁵250
3014 5862 3081 5918 Α.

1380 5777 1422 5809 ³⁷
1451 5775 1659 5829 τούτων
1718 5777 1843 5833 Par.
1888 5796 1936 5834 ν.

399 5776 454 5812 ⁸⁸⁷
475 5778 599 5834 Par.
638 5779 776 5833 1708
804 5808 873 5819 -—-
904 5777 1039 5831 Zntt.
1075 5776 1180 5831 229
1202 5776 1261 5831 ί).

2502 5639 2889 5713 ’ἐξέπεμψεν
2930 5646 3067 5704 Ζοη.
3145 5650 3192 5681 ³³
3227 5649 3442 5703 πολλῶν
3473 5668 3529 5703 τε
3564 5655 3660 5709 καὶ

2456 5709 2501 5743 ⁸⁵
2540 5709 2975 5783 ἀντιταξάμενος
3023 5719 3069 5773 δ’
3109 5719 3268 5784 αὖθις
3321 5721 3445 5775 Par.
3495 5723 3654 5777 £708.

2456 5780 2490 5834 Γ.
2526 5779 2663 5837 Ζοη.
2710 5784 2819 5840 Ἡυ
2856 5788 2916 5840 Ι).
3029 5791 3071 5820 ³⁸
3110 5791 3211 5843 τὴν
3238 5790 3317 5843 τῶ
3353 5792 3460 5843 πρὸ
3489 5794 3654 5843 αὐτοῦ

3110 5807 3211 5862 την
3238 5807 3317 5863 τῳ
3353 5807 3460 5861 προ
3489 5811 3655 5850 αυτου
