4114 6466
381 480 516 547 1251

1564 472 2032 536 CI—IRONICON.
2077 497 2144 508 --
2186 475 2337 538 LIB.
2383 477 2482 542 VI.

3493 474 3594 542 125
3609 480 3642 540 8

379 593 550 655 σέλιυς
603 589 833 660 ὑποψίαν
880 586 1153 659 παρὲσχεν
1197 585 1272 650 ὡς
1324 585 1471 652 παρὰ
1521 585 1615 638 τοῦ
1663 585 1950 654 λογοθέτου

2079 585 2196 640 ledit
2232 594 2290 641 ut
2318 604 2346 642 a
2375 588 2644 657 logotheta
2675 603 2880 644 veneno
2921 586 3168 644 sublatus
3203 609 3215 644 :
3246 605 3416 660 quare
3446 591 3534 647 hic
3566 596 3643 648 ali

380 683 658 754 φαρμάκῳ
697 683 968 754 ἀνῄρητο·
1002 681 1083 734 διὸ
1127 679 1221 734 καὶ
1272 678 1485 750 παρὲκ
1521 680 1630 732 τῶν
1671 677 1750 748 τῷ
1800 678 1952 731 Ῥου-

382 776 542 837 σελίῳ
569 775 955 845 προσηκόντων
989 772 1064 843 τῷ
1100 772 1440 843 ,Βοτανειάτῃ
1482 771 1834 842 παραδοθεὶς,
1873 772 1953 832 εἰς

385 869 513 938 μίαν
541 865 691 938 [τῶν]
727 866 834 936 πρὸ
863 865 962 933 τῆς
994 863 1268 934 βασιλίδος
1307 864 1418 917 τῶν
1447 863 1655 926 πόλεως
1683 862 1953 932 κειμένων

381 961 562 1029 νήσων
607 956 999 1028 περιορῖζεται.
1058 957 1118 1009 υί
1180 956 1238 1008 δέ
1301 973 1363 1023 γε
1413 955 1542 1025 περὶ
1591 956 1681 1007 τὸν
1735 954 1957 1024 βασιλέα

379 1049 700 1115 δεδοικότες,
734 1049 805 1111 ὡς
835 1048 915 1110 είς
949 1047 1070 1118 ὄψιν
1109 1046 1391 1101 ἐλεύσεται
1425 1047 1502 1117 τῷ
1529 1046 1758 1117 βασιλεῖ,
1789 1062 1958 1116 προσ-

381 1141 719 1210 ὶηφθήσεται
780 1141 873 1193 καὶ
930 1141 1137 1204 πάντας
1195 1140 1705 1210 παραγκωνίσεται,
1768 1139 1959 1190 ὑποτι-

385 1233 469 1286 Cé.
487 1251 539 1286 σι
568 1235 641 1302 τῷ
676 1234 1030 1306 Βοτανειάτῃ,
1051 1233 1349 1304 ἀμυθήτων
1371 1233 1628 1304 εὐπορεῖν
1656 1231 1958 1302 χρημάτων

384 1327 474 1377 τζν
500 1325 814 1396 λογοθέτην,
849 1325 944 1379 καὶ
973 1324 1146 1378 ταῦτα
1167 1323 1243 1394 τῷ
1273 1322 1539 1394 βασιλικῷ
1567 1323 1764 1393 χρῆναι
1787 1337 1960 1390 προσ-

386 1415 670 1484 ενεχθῆναι
724 1415 956 1486 ταμείῳ.
1008 1414 1293 1468 Στέλλεται
1335 1414 1514 1467 τοίνυν
1561 1413 1589 1464 6
1638 1411 1961 1483 Στραϐορω-

389 1508 581 1576 μανὶς,
617 1507 790 1577 μέγας
814 1507 1202 1578 ἑταιρειάρχης
1247 1507 1371 1559 τότε
1403 1507 1726 1576 γενόμενος,
1757 1503 1961 1574 ἐρωτή-

387 1614 494 1650 σων
517 1597 608 1650 τὶν
641 1597 926 1668 ἄνθρωπον
949 1597 1053 1667 ὅπη
1081 1596 1228 1667 αὐτῷ
1250 1598 1319 1651 τὰ
1348 1597 1606 1668 χρήματα
1632 1595 1962 1666 κέκρυπται.

387 1687 453 1740 Οἱ
483 1687 538 1738 δὲ
572 1689 700 1758 περὶ
734 1688 827 1741 τὸν
877 1687 1102 1757 βασιλέα
1152 1687 1247 1751 οὓς
1289 1688 1385 1741 καὶ
1413 1687 1708 1740 δεδοικέναι
1738 1686 1837 1754 τὴν
1869 1682 1962 1736 τοῦ

387 1774 674 1843 λογοθέτου
728 1776 1036 1845 παρουσίαν
1086 1778 1113 1830 6
1167 1777 1326 1846 λόγος
1372 1776 1808 1846 προδιηγήσατο,
1846 1772 1968 1826 πεί-

389 1867 541 1919 θουσι
594 1867 684 1919 τὸν
735 1867 1207 1938 Στραϐορωμανδν
1235 1866 1445 1922 ἀνελεῖν
1469 1867 1558 1920 τὸν
1585 1865 1870 1935 ἄνθρωπον
1903 1866 1966 1917 ἐκ

2066 676 2264 733 Urselii
2305 679 2506 735 familia
2545 681 2815 736 Botaniati
2855 683 3104 748 traditus,
3153 683 3206 736 in
3239 699 3398 738 unam
3431 684 3648 741 insula-

2071 784 2190 822 rum
2240 781 2366 826 ante
2399 772 2613 827 urbium
2657 773 2900 844 reginam
2932 775 3158 829 sitarum
3192 776 3485 847 relegatur.
3534 779 3647 832 Im-

2068 865 2338 931 peratoris
2396 875 2572 921 autem
2629 868 2865 922 ministri
2919 870 3171 925 timentes
3224 885 3290 924 ne
3346 872 3646 942 imperato-

2070 953 2144 1008 ris
2165 957 2338 1013 oculis
2397 957 2486 1014 ille
2527 958 2784 1028 placeret,
2826 971 3305 1032 assumereturque
3355 973 3411 1019 et
3451 979 3648 1021 omnes

2070 1046 2309 1114 ejiceret,
2357 1049 2620 1120 eflingunt
2667 1051 2934 1107 Botaniati
2989 1053 3315 1122 logothetam
3361 1056 3648 1114 immensis

2072 1135 2348 1194 abundare
2380 1140 2604 1208 divitiis,
2626 1158 2826 1213 easque
2854 1145 2904 1198 in
2927 1147 3120 1200 an'aiio
3145 1146 3412 1213 imperiali
3459 1151 3649 1220 reponi

2073 1230 2290 1286 debere.
2342 1232 2574 1288 Mittitur
2612 1236 2796 1305 itaque
2831 1236 3314 1304 Su'aboromanus,
3357 1247 3486 1296 tunc
3529 1257 3652 1296 ma—

2073 1336 2211 1390 gnus
2270 1323 2642 1389 hetmriarcha,
2717 1328 3092 1383 sciscitaturus
3159 1330 3227 1383 ab
3280 1332 3503 1387 homine
3554 1333 3648 1387 ubi

2074 1426 2205 1479 opes
2257 1427 2388 1467 suas
2431 1415 2832 1470 abscondisset.
2870 1416 3104 1473 Minis-tri
3136 1434 3266 1474 vero
3302 1420 3649 1490 imperatoris

2075 1517 2216 1571 quos
2251 1504 2538 1575 logothetre
2569 1508 2919 1575 praesentiam
2964 1509 3156 1564 timere
3185 1525 3355 1581 supra
3387 1512 3651 1574 diximus.

2075 1593 2306 1648 suadent
2358 1595 2784 1653 Straboromano
2812 1610 2868 1652 ut
2895 1600 3042 1653 omni
3077 1610 3237 1669 pacto
3279 1605 3450 1656 virum
3485 1605 3658 1660 inter-

2075 1681 2241 1735 llciat.
2275 1681 2321 1737 ls
2346 1694 2551 1748 autem,
2583 1701 2707 1739 cum
2735 1688 3032 1756 appulisset
3068 1689 3135 1743 ad
3171 1689 3432 1757 insulam,
3467 1693 3655 1762 inqua

2077 1771 2243 1827 homo
2271 1774 2578 1840 exsulabat,
2605 1777 2751 1832 hunc
2779 1789 2885 1832 tam
2913 1779 3044 1832 dira:
3078 1780 3311 1849 subjecit
3336 1786 3652 1852 quaestioni,

2081 1873 2139 1917 ut
2173 1864 2226 1916 in
2278 1865 2415 1935 ipsis
2449 1868 2736 1924 tormentis
2783 1871 3163 1940 exspiraverit,
3208 1877 3463 1943 quamvis
3497 1877 3656 1946 polli-

391 1961 592 2030 τρόπον
650 1961 849 2023 παντός
880 1978 892 1991 ’
927 1959 987 2023 ὂς
1033 1963 1130 2014 καὶ
1157 1960 1456 2032 γενόμενος
1511 1960 1654 2014 κατὰ
1683 1960 1783 2030 τὴν
1818 1958 1970 2028 νῆσον

2083 1965 2301 2010 ceretur
2334 1973 2392 2011 se
2420 1961 2603 2014 omnia
2647 1961 2693 2014 vi
2725 1961 3068 2033 chirographi
3103 1965 3380 2032 daturmn,
3434 1969 3479 2022 si
3512 1985 3634 2039 qua:

391 2051 448 2101 ὲν
557 2049 908 2122 περιώριστο,
956 2051 1138 2114 ἐτάζει
1170 2052 1260 2104 τὸν
1285 2051 1452 2122 ἄνδρα
1508 2050 1650 2103 οὓτω
1683 2049 1952 2119 σφοδρῶς,

2077 2047 2241 2102 stioni
2278 2050 2624 2106 eximeretur.
2660 2051 2752 2105 Sic
2779 2053 2944 2122 igitur
2973 2055 3064 2109 ille
3092 2056 3270 2125 periit.

387 2147 461 2208 ὡς
505 2145 563 2196 ὲν
587 2147 780 2209 αὑταῖς
850 2149 973 2210 ταῖς
1017 2147 1272 2217 βασάνοις
1289 2145 1656 2216 ἐναποψύξαιο
1701 2143 1983 2199 καὶταῦτα
2020 2143 2453 2213 ὑπισχνούμενον
2485 2147 2538 2178 ⁸⁸
2564 2146 2641 2210 ὡς
2666 2148 2840 2202 πάντα
2858 2147 2974 2219 δοίη
3024 2150 3449 2224 ἐνυπογράφως,
3479 2158 3526 2211 εί
3562 2159 3654 2214 τὸν

392 2233 631 2308 δτασμδν
671 2239 1062 2311 [δια]φεύξοιτο
1086 2254 1101 2272 ⁸
1132 2242 1158 2293 6
1183 2239 1280 2311 μὲν
1301 2236 1394 2294 οὖν
1451 2239 1622 2303 οὕτως
1667 2237 1968 2292 ἀπόλωλεν.

467 2331 513 2363 ⁸⁷
539 2330 650 2404 (17)
696 2332 742 2363 ⁵³
801 2333 864 2385 Oi
914 2333 972 2387 δὲ
1029 2333 1307 2404 Κομνηνοὶ
1356 2335 1384 2386 6
1447 2334 1718 2394 Ἰσαάκιος
1773 2331 1867 2383 καὶ
1896 2327 1970 2402 [ὁ]

404 2420 641 2485 Ἀλέξιος
693 2423 1142 2494 ὑπερϐαλλόντως
1217 2425 1354 2495 πρὸς
1408 2423 1502 2478 τοῦ
1559 2423 1825 2494 βασιλέως
1876 2421 1970 2476 καὶ

392 2511 684 2584 τετίμηντο
730 2515 826 2566 καὶ
879 2515 1224 2584 ὲστέργοντο,
1281 2515 1376 2567 καὶ
1433 2513 1714 2583 διαδόχους
1771 2511 1970 2572 αὐτοὺς

392 2600 492 2669 τῆς
528 2599 804 2669 βασιλείας
834 2603 1108 2674 ὠνόμαζε.
1145 2604 1238 2657 Διὸ
1277 2603 1370 2658 καὶ
1405 2604 1552 2673 παρὰ
1579 2602 1691 2656 τῶν
1719 2601 1847 2670 περὶ
1881 2600 1970 2653 τὸν

396 2692 759 2766 Βοτανειάτην
830 2697 1078 2768 σφοδρῶς
1135 2697 1561 2759 ἐϐασκαίνοντο,
1624 2695 1720 2748 καὶ
1773 2683 1972 2763 μᾶλλον

395 2785 548 2855 παρὰ
580 2784 689 2838 τῶν
723 2784 1034 2855 εἰρημένων
1057 2785 1150 2838 δύο
1180 2784 1384 2837 δούλων
1415 2780 1681 2846 αὑτοῦ,ὀῖ
1710 2782 1804 2834 καὶ
1837 2781 1974 2848 πρὸς

395 2881 602 2930 ἐκεῖνον
633 2878 761 2942 τοὺς
790 2878 993 2948 ἄνδρας
1047 2877 1350 2944 διέϐαλλον,
1383 2876 1460 2939 ὡς
1489 2873 1784 2946 τυραννίδα
1816 2872 1975 2941 μελε-

393 2969 625 3033 τῶντας,
658 2970 754 3023 καὶ
781 2969 882 3040 τὴν
914 2971 996 3032 είς
1038 2968 1240 3032 αὐτοὺς
1291 2966 1387 3020 τοῦ
1439 2966 1703 3036 βασιλέως
1732 2962 1974 3018 διάθεσιν

396 3060 718 3133 ὑπώρυττόν
769 3077 829 3114 τε
879 3062 975 3114 καὶ
1006 3058 1420 3131 ζπαρεσάλευον.
1461 3059 1527 3111 Ὃ
1577 3057 1797 3126 γνόντες
1825 3049 1970 3108 οὗτοι

397 3153 490 3206 καὶ
540 3155 614 3223 μή
644 3169 696 3206 τι
755 3151 973 3206 πάθωσι
1009 3149 1360 3221 πτοηθέντες,
1409 3149 1484 3212 ὡς
1537 3149 1595 3201 δὲ
1643 3148 1822 3215 λόγος,
1875 3147 1968 3198 καὶ

2152 2327 2422 2384 Comneni
2452 2339 2634 2384 autem
2668 2330 2888 2387 lsaacus
2913 2341 2966 2387 et
2988 2332 3212 2391 Alcxius
3235 2336 3304 2391 ab
3328 2337 3657 2409 imperatore

2078 2420 2314 2476 maxime
2353 2421 2766 2477 honorabantur
2812 2425 3246 2497 amabanturque
3323 2431 3473 2500 regni
3527 2447 3657 2488 suc-

2079 2525 2327 2566 cessores
2363 2526 2456 2568 eos
2494 2523 2746 2569 vocante.
2799 2513 2986 2586 Itaque
3018 2517 3209 2574 aulicis
3243 2534 3440 2590 magno
3500 2533 3658 2578 erant

2080 2600 2133 2654 in
2166 2599 2312 2670 odio,
2345 2618 2407 2658 ac
2437 2607 2738 2671 prtescrt'tm
2770 2606 3008 2674 praelatis
3043 2607 3259 2664 duobus
3284 2611 3405 2680 ejus
3429 2612 3604 2669 servis
3637 2634 3650 2668 :

2083 2693 2178 2762 qui
2231 2693 2375 2764 apud
2419 2695 2567 2749 hunc
2604 2696 2728 2752 illos
2767 2697 2912 2754 viros
2965 2699 3445 2757 calumniabantur
3496 2704 3654 2774 quasi

2083 2787 2425 2856 tyrannidem
2493 2787 2849 2853 aﬂ'cctarent,
2929 2791 2982 2845 in
3049 2807 3253 2862 eosque
3309 2795 3655 2865 imperatoris

2082 2873 2436 2929 oﬂ‘ensionem
2481 2875 2816 2932 excitabant.
2847 2878 2966 2946 Quo
3007 2880 3216 2944 audito,
3252 2880 3353 2949 illi,
3406 2897 3474 2937 ne
3519 2882 3653 2953 quid

2082 2964 2209 3018 mali
2261 2965 2364 3020 sibi
2421 2966 2730 3033 accideret,
2786 2977 2838 3022 et
2903 2976 2960 3022 ut
3015 2969 3235 3038 dicitur,
3283 2971 3398 3042 jam
3445 2974 3652 3044 pridem

2081 3057 2230 3126 regni
2267 3058 2578 3127 cupidinem
2629 3059 2896 3125 foventes,
2930 3061 3274 3117 manifestato
3300 3064 3498 3133 quibus
3522 3081 3654 3120 con-

2076 3147 2314 3202 ﬁdebant
2369 3163 2469 3203 suo
2531 3149 2781 3214 consilio,
2831 3149 3037 3220 egressi
3086 3161 3214 3206 sunt
3264 3168 3330 3207 ex
3387 3155 3543 3218 urbe,
3601 3163 3657 3209 et

396 3243 566 3296 πάλαι
618 3244 751 3314 παρ’
791 3244 1004 3305 ἑαυτοῖς
1047 3243 1138 3295 τὸν
1193 3243 1294 3313 τῆς
1349 3240 1632 3311 βασιλείας
1679 3240 1970 3310 τρέφοντες

2079 3240 2428 3310 Adrianopoli
2458 3249 2638 3310 capta,
2685 3241 2752 3296 ad
2785 3257 2843 3297 se
2886 3252 3057 3296 totum
3092 3242 3205 3298 l'ere
3238 3246 3543 3301 exercitum
3575 3257 3658 3302 at-

395 3333 596 3406 ἔρωτα,
623 3337 722 3390 καὶ
749 3334 930 3398 ἄλλοις
959 3329 1041 3399 οἷς
1072 3335 1340 3407 ἐθάρρουν
1365 3333 1427 3386 τδ
1459 3333 1732 3404 βούλευμα
1783 3349 1974 3386 κοινω-

400 3426 648 3498 σάμενοι,
678 3426 908 3496 ὲξῆλθον
937 3428 1037 3496 τῆς
1064 3426 1300 3490 πόλεως·
1331 3425 1425 3480 καὶ
1452 3426 1550 3496 τὴν
1575 3425 1732 3478 πόλιν
1765 3425 1976 3495 Ἀδρια-

398 3520 492 3574 νοῦ
539 3521 962 3592 κατειληφότες,
988 3520 1155 3592 900
1189 3521 1270 3582 είς
1318 3520 1549 3582 ἑαυτοὺς
1601 3519 1666 3572 τὸ
1706 3534 1974 3589 στρατιω-

396 3613 546 3665 τικὸν
580 3611 800 3684 ξύμπαν
845 3613 1034 3682 σχεδὸν
1073 3611 1456 3664 ἐπεσπάσαντο
1479 3626 1492 3640 ·
1527 3611 1622 3666 καὶ
1668 3611 1974 3680 ἀναγορεύι

399 3720 518 3758 εται
559 3704 810 3774 βασιλεὺς
843 3707 872 3757 ὁ
921 3701 1155 3767 Ἀλέξιος
1180 3701 1275 3755 τοῦ
1325 3701 1572 3772 μείζονος
1612 3701 1977 3773 προτιμηθεὶς

400 3795 656 3865 ἀδελφοῦ,
689 3797 772 3849 ὅτι
817 3811 878 3848 τε
914 3794 1275 3864 προσέκειντο
1329 3793 1506 3864 τούτῳ
1552 3796 1600 3847 οἱ
1643 3794 1976 3864 στρατιῶται

403 3885 604 3957 μᾶλλον
635 3887 710 3950 ὠς
757 3883 1278 3957 στρατηγικωτέρῳ,
1306 3885 1402 3939 καὶ
1433 3885 1514 3938 ὃτι
1549 3884 1753 3954 σπουδῇ
1783 3901 1843 3937 τε
1883 3885 1977 3936 καὶ

401 3980 728 4050 ὑποσχέσεσι
761 3979 914 4048 παρὰ
952 3977 1061 4031 τῶν
1122 3977 1250 4048 περὶ
1289 3976 1452 4030 αὑτὸν
1484 3976 1974 4048 μεθειλκύσθησαν.

401 4070 589 4136 Οὕτως
622 4070 714 4125 οὖν
741 4070 1073 4142 ἀναρρηθεὶς
1110 4071 1138 4122 ὁ
1184 4068 1441 4133 Ἀλέξιος,
1461 4071 1552 4122 καὶ
1575 4069 1669 4122 τοῦ
1706 4069 1976 4123 Ἰσαακίου

405 4163 482 4236 μὴ
515 4165 656 4218 πάνυ
685 4181 737 4217 τι
771 4164 908 4235 πρὸς
935 4162 1036 4234 τὴν
1069 4163 1373 4235 ἀνάρρησιν
1408 4164 1856 4234 δυσχεράναντος,
1881 4163 1978 4233 τὴν

405 4259 654 4329 βασιλίδα
707 4255 1122 4327 καταλαμϐάνει
1152 4258 1248 4311 καὶ
1283 4257 1422 4328 πρὸς
1466 4257 1786 4330 πολιορκίαν
1835 4257 1980 4327 ἡτοί-

404 4368 601 4422 μαστο.
657 4350 716 4404 '0
757 4351 815 4406 δὲ
862 4351 1225 4422 Βοτανειάτης
1266 4353 1380 4414 τοῖς
1427 4349 1666 4421 τείχεσιν
1709 4349 1979 4420 ἐπέστησε

403 4445 649 4514 φύλακας
695 4459 708 4474 ·
760 4440 901 4516 ἦσαν
960 4443 1017 4497 δὲ
1065 4443 1196 4515 περί
1230 4443 1276 4476 ⁸⁸
1303 4459 1426 4497 τινα
1464 4442 1676 4514 πύργον
1727 4442 1866 4513 πρὸς
1913 4443 1980 4513 τῇ

406 4538 550 4611 πύλῃ
585 4539 683 4609 τῆς
713 4537 944 4605 πόλεως,
965 4539 1001 4610 ἡ
1021 4537 1264 4608 Χαρσίου
1305 4536 1576 4601 καλεῖται,
1610 4536 1983 4605 φυλάσσοντες

2080 3343 2384 3388 traxerunt.
2449 3331 2607 3388 'l‘unc
2655 3333 2920 3388 salutatur
2950 3334 3244 3403 imperator
3281 3336 3504 3392 Alexius
3542 3353 3659 3392 ma-

2075 3425 2182 3495 jori
2246 3425 2587 3496 antepositus
2650 3425 2828 3493 fratri,
2893 3437 3008 3481 tum
3076 3426 3206 3496 quia
3260 3429 3454 3484 melius
3503 3439 3656 3484 erant

2081 3517 2260 3573 aﬂ‘eeti
2291 3519 2492 3573 milites
2523 3519 2577 3572 in
2607 3533 2729 3572 eum
2762 3526 2948 3588 utpote
2984 3518 3109 3574 belli
3149 3518 3488 3588 peritiorem,
3539 3532 3653 3578 tum

2079 3608 2206 3677 quia
2243 3608 2423 3664 studio
2462 3616 2516 3662 et
2556 3608 2843 3677 promissis
2885 3608 3165 3665 fautorum
3197 3611 3318 3681 ejus
3358 3613 3536 3669 allecti
3566 3631 3656 3669 es.

2079 3709 2223 3752 sent.
2270 3697 2362 3753 Sic
2393 3699 2552 3769 igitur
2579 3699 2945 3768 proclamatus
2989 3701 3234 3769 Alcxius,
3267 3702 3452 3760 lsaaco
3496 3721 3656 3776 aequo

2080 3790 2265 3844 animo
2297 3788 2522 3856 ferente,
2562 3791 2848 3860 occupavit
2878 3791 3162 3861 imperium
3207 3809 3376 3865 seque
3403 3797 3470 3851 ad
3504 3799 3654 3854 urbis

2079 3881 2423 3937 obsidionem
2503 3882 2758 3936 accinxit.
2825 3882 3137 3939 Botaniates
3199 3901 3326 3940 vero
3381 3890 3653 3944 mcenibus

2079 3975 2376 4044 praeposuit
2413 3974 2688 4028 custodes.
2728 3973 2897 4028 Porro
2947 3974 3136 4041 turris,
3170 3975 3272 4030 sita
3303 3991 3469 4047 prope
3501 3979 3652 4034 urbis

2081 4075 2290 4136 pzn-tam
2325 4083 2446 4136 qua:
2477 4066 2692 4120 Charsii
2735 4077 2978 4132 vocatur,
3017 4069 3428 4124 custodiebatur
3480 4087 3511 4124 a
3545 4071 3649 4125 Ne-

2083 4159 2260 4214 tnitzis
2293 4158 2545 4231 (Nemitzi
2577 4168 2735 4212 erant
2765 4160 2988 4213 natione
3013 4159 3198 4229 Celta3)
3224 4178 3239 4214 :
3273 4161 3326 4214 hi
3357 4175 3482 4216 cum
3513 4164 3653 4216 ami-

2081 4253 2162 4308 cis
2186 4252 2452 4307 Comneni
2481 4251 2732 4306 collocuti
2757 4260 2885 4306 sunt
2913 4250 2979 4304 de
3009 4255 3142 4305 urbe
3173 4253 3479 4321 prodenda.
3500 4253 3656 4309 Mane

2082 4345 2249 4414 igitur
2293 4343 2426 4398 feria
2460 4342 2648 4414 quinta
2675 4341 2902 4412 Majoris
2952 4340 3316 4397 “ebdomada:
3355 4344 3654 4399 salutiferze

2084 4436 2382 4493 Salvatoris
2426 4436 2603 4492 nostri
2639 4435 2935 4501 Passionis,
2971 4435 3070 4490 κίε-Ξ
3113 4433 3377 4490 Contneni
3417 4437 3655 4491 exterio-

2085 4545 2198 4584 rem
2231 4544 2448 4584 murum
2489 4528 2795 4598 Oppositum
2850 4528 2984 4582 turri
3013 4542 3042 4581 a
3080 4525 3342 4582 Nemitzis
3372 4529 3658 4583 custodita:

404 4631 896 4702 Νέμιτζοι-ἐθνος
929 4630 974 4682 δ’
1006 4631 1056 4683 οἱ
1078 4627 1342 4701 Νέμιτζοι
1363 4629 1408 4660 ⁶¹
1461 4628 1813 4682 Κελτικδν-
1833 4621 1970 4682 οὗτοι

2084 4623 2326 4696 aggressi
2371 4633 2498 4677 sunt
2521 4621 2676 4691 juxta
2705 4619 3145 4675 conventionem.
3199 4617 3300 4685 Qui
3331 4635 3460 4674 vero
3511 4621 3658 4677 hunc

405 4722 582 4794 λάθρα
636 4725 749 4786 τοῖς
797 4723 926 4793 περὶ
965 4721 1090 4785 τοὺς
1125 4720 1448 4793 Κομνηνοὺς
1499 4719 1980 4789 ἐκοινολογήσαντο

409 4815 539 4887 περὶ
589 4815 882 4886 προδοσίας
942 4815 1040 4885 τῆς
1099 4813 1328 4876 πόλεως.
1359 4811 1683 4867 Ἐωθενοῦν
1709 4810 1854 4864 κατὰ
1880 4809 1982 4879 τὴν

407 4907 652 4978 μεγάλην
709 4907 969 4976 πέμπτην
1038 4906 1147 4980 τῆς
1207 4903 1503 4974 ἑϐδομάδος
1557 4901 1653 4956 τοῦ
1712 4900 1980 4967 σωτηρίου

406 5002 612 5066 πάθους
635 5001 728 5053 τοῦ
755 5001 1007 5070 Σωτῆρος
1037 4999 1218 5068 ἡμῶν,
1247 4996 1297 5049 οι
1323 4996 1420 5064 μὲν
1452 4996 1582 5064 nsp‘t
1614 4995 1738 5056 τοὺς
1763 4994 1985 5064 Κομνη-

406 5095 529 5157 νοὺς
553 5095 632 5164 τῷ
664 5095 782 5145 κατ’
804 5092 1034 5161 ἄντικρυ
1065 5087 1160 5141 τοῦ
1193 5089 1344 5161 παρὰ
1370 5089 1477 5141 τῶν
1508 5085 1800 5152 Νεμίτζων
1823 5100 1982 5137 κατε-

406 5187 640 5258 χομένου
676 5186 889 5258 πύργου
939 5184 1191 5254 ὲξωτέρῳ
1220 5183 1390 5250 τείχει
1420 5178 1794 5248 προσέϐαλλον
1837 5176 1980 5230 κατὰ

408 5281 681 5350 σύνθημα.
713 5282 777 5332 Οἱ
801 5280 846 5332 δ’
878 5281 1185 5348 ἐφεστωτες
1221 5273 1372 5342 αὐτῷ
1399 5272 1524 5334 τοὺς
1543 5269 1979 5341 προσϐάλλοντας

407 5373 630 5426 ἔϐαλλον
681 5373 776 5424 καὶ
836 5373 1098 5442 ἀπεῖργον
1157 5367 1252 5421 τοῦ
1310 5365 1592 5436 προσιέναι
1650 5361 1857 5432 ἀγχοῦο
1904 5360 1980 5422 ὡς

404 5459 450 5513 δ’
487 5461 592 5515 ὑπὸ
625 5461 734 5514 τῶν
756 5460 1044 5530 Νεμίτζων
1081 5461 1144 5511 ἐκ
1173 5456 1264 5510 τοῦ
1297 5456 1508 5524 πύργου
1534 5454 1584 5505 οἱ
1614 5455 1669 5506 ἐν
1701 5451 1780 5520 τῷ
1807 5452 1975 5520 τείχει

406 5554 712 5620 ἐϐάλλοντο,
748 5553 824 5624 μὴ
855 5549 957 5606 οἷοί
997 5567 1055 5604 τε
1086 5549 1236 5612 ὄντες
1291 5547 1386 5602 καὶ¹
1439 5545 1575 5616 πρὸς
1632 5544 1760 5605 τοὺς
1819 5545 1976 5605 ἐκτὸς

2088 4731 2305 4772 murum
2361 4715 2757 4786 protegebant,
2821 4711 3176 4768 ascendentes
3227 4711 3556 4781 tlejiciebaut
3604 4727 3659 4770 et

2081 4809 2149 4864 ab
2192 4822 2414 4864 accessu
2465 4805 2864 4877 prohibebant;
2923 4801 3018 4859 sed
3053 4818 3176 4858 cum
3215 4818 3244 4856 a
3278 4801 3540 4860 Nemitzis
3587 4821 3653 4860 ex

2083 4910 2233 4955 turre
2271 4899 2392 4953 telis
2439 4896 2832 4967 impcterentur
2855 4891 2997 4947 muri
3037 4891 3375 4955 defensores.
3408 4908 3516 4946 non
3557 4909 3654 4946 va-

2082 4992 2254 5047 lentes
2287 4988 2450 5044 simul
2481 4989 2738 5044 resistere
2758 4984 3000 5040 externis
3029 4982 3357 5037 adversariis
3400 4991 3454 5037 ct
3500 4984 3656 5038 oblu-

2087 5083 2222 5140 ctari
2248 5080 2673 5151 internisjacula
2702 5079 2754 5132 in
2780 5078 2928 5146 ipsos
2949 5091 2979 5129 a
2999 5077 3184 5130 dextra
3212 5074 3655 5138 inunittentibus.

2087 5192 2118 5230 a
2153 5183 2346 5228 conatu
2392 5172 2735 5226 destiterunt.
2776 5167 2929 5222 Tunc
2979 5166 3240 5220 moenium
3287 5181 3660 5235 aggressores,

2089 5265 2372 5336 applicatis
2424 5275 2580 5318 muro
2636 5262 2803 5318 scalis
2847 5260 3230 5323 ascenderunt,
3264 5268 3659 5330 portarumque
3711 5295 3718 5303 -

2090 5374 2244 5414 seras
2305 5356 2590 5412 securibus
2643 5351 3015 5419 abscidetttes,
3076 5350 3289 5406 facilem
3353 5351 3656 5422 coniuratis

2085 5458 2417 5520 aperuerunt
2475 5447 2701 5502 aditum.
2754 5444 2878 5512 Quo
2940 5445 3079 5509 viso,
3117 5448 3259 5499 muri
3304 5427 3508 5500 interni
3569 5459 3665 5499 cu-

2086 5544 2292 5610 stodes,
2320 5537 2552 5611 gregarii
2586 5537 2836 5595 homines
2877 5547 2932 5594 et
2953 5540 3197 5611 plerique
3220 5537 3346 5595 belli
3368 5535 3550 5604 rudes,
3579 5538 3660 5592 rtl

1611 5692 1809 5755 Variae
1861 5694 2168 5756 lectiones
2213 5695 2274 5751 et
2318 5690 2510 5748 notua.

480 5832 524 5866 ⁵³
558 5828 681 5896 περί
717 5826 836 5879 Par.
887 5823 1040 5877 1708.
1119 5823 1166 5852 "
1199 5818 1630 5888 ὑπισχνουμένου
1673 5815 1808 5868 Znn.
1856 5831 1948 5856 -”

480 5907 509 5953 υ
568 5900 628 5953 Β.
691 5899 731 5951 li
788 5898 887 5951 9.51
939 5897 1003 5948 A.
1079 5894 1125 5924 ⁸³
1170 5908 1229 5953 μ.
1258 5890 1342 5952 πώς
1389 5905 1508 5953 στρ.
1546 5890 1592 5942 οξ
1631 5904 1710 5942 στ.
1741 5885 1876 5942 Zon.
1956 5890 1970 5916 ι

2079 5809 2413 5876 ὶπογράφοις
2457 5806 2592 5859 Zon.
2669 5805 2712 5835 ⁵⁷
2747 5804 2898 5859 1081.

2079 5882 2184 5953 api
2216 5880 2351 5936 Zon.
2430 5880 2469 5911 "
2497 5872 2768 5950 Νέμετζοι
2798 5875 2882 5931 bis

405 5904 509 5960 εσυ
568 5885 642 5968 n,‘
691 5899 731 5951 ις
788 5898 887 5951 εει
939 5897 1003 5948 Α.
1079 5894 1125 5924 ιθ
1170 5908 1229 5960 μ.
1258 5885 1508 5959 tum.
1546 5890 1592 5942 οι
1631 5904 1710 5942 at.
1741 5885 1876 5942 Zon.

731 5992 999 6055 PATROL.
1045 5987 1164 6050 Gn.
1209 5985 1334 6047 CX.

3007 5803 3050 5834 ⁸⁸
3081 5801 3202 5856 Par.
3260 5800 3395 5855 1708
3428 5831 3493 5840 --
3522 5800 3658 5858 Zon.

2430 5880 2469 5911 "
2497 5872 2768 5950 Νέμετζοι
2798 5875 2882 5931 his
2920 5872 3055 5932 Zon.
3203 5962 3279 6028 40
