4114 6414
409 456 538 523 1261

1575 455 2041 521 CI-IRONICON.
2075 451 2161 495 -’
2185 457 2336 523 LIB.
2378 459 2515 524 VII.

3520 462 3656 530 1262

1710 771 2156 861 BIBAION
2230 770 2343 858 Z’.

600 956 705 1012 ΕΙΣ
743 953 1224 1012 ΚΟΣΜΟΠΟΙΙΔΝ
1260 952 1545 1010 ΣΥΜΕΩΝ
1584 952 1995 1007 ΛΟΓΟΘΕΤΟΥ
2028 954 2128 1009 ΕΚ
2167 928 2503 1007 ΔΙΔΦΟΡΩῇ
2540 953 2906 1008 ΧΡΟΝΙΚΩΝ
2945 953 3065 1009 ΚΑΙ
3109 953 3458 1010 ΙΣΤΟΡΙΩΝ.

1502 1242 1860 1331 LIBER
1935 1242 2564 1331 SEPTIMUS.

511 1442 582 1497 ιη
616 1439 834 1499 MUNDI
861 1434 1335 1504 CREATIONEM,
1370 1435 1415 1489 Α
1454 1433 1755 1492 SIMEONE
1790 1428 2231 1499 LOGOTHETA,
2260 1428 2354 1485 EX
2391 1428 2627 1485 VABIIS
2656 1430 3028 1489 CHRONICIS
3065 1434 3154 1490 ET
3189 1435 3555 1493 HISTORIIS.

829 1706 910 1779 [A'
940 1707 1009 1763 °".
1040 1703 1182 1773 Περὶ
1205 1703 1311 1757 τοῦ
1336 1700 1580 1772 speetch

478 1824 608 1887 Θεὸς
636 1824 680 1856 ⁸⁸
713 1822 944 1893 ἄχρονος
978 1821 1023 1852 ⁶⁹
1054 1812 1203 1872 τόνδέ
1235 1818 1327 1870 τὸν
1371 1818 1576 1887 κόσμον
1612 1816 1687 1886 μὴ
1720 1815 1984 1886 πρότερον

412 1914 696 1983 ὑφεστῶτα
731 1913 789 1965 ὲν
838 1909 1017 1981 χρόνῳ
1067 1908 1337 1978 παράγων
1388 1906 1686 1973 «ἐποίησεν
1738 1907 1796 1960 ἐν
1839 1906 1983 1975 ἀρχῇ

408 2003 637 2072 οὐρανὸν
684 2001 779 2054 καὶ
809 2000 913 2070 γῆν
956 2000 1002 2031 ’³
1038 2017 1055 2049 ι
1102 2010 1117 2026 '
1156 1996 1468 2066 συνυπέστη
1514 1996 1571 2049 δὲ
1603 1997 1667 2065 τῇ
1702 1997 1772 2066 γῇ
1820 1995 1880 2047 τό
1926 2011 1985 2046 τε

410 2094 555 2165 ὕδωρ
586 2093 679 2147 καὶ
708 2094 818 2162 πῦρ
848 2109 863 2125 ο
895 2093 990 2145 καὶ
1014 2090 1211 2144 τούτου
1245 2091 1547 2161 τεκμήριον
1575 2088 1802 2158 ἐναργὲς
1832 2087 1893 2140 τὸ
1921 2088 1986 2140 ἐκ

410 2184 560 2237 λίθου
598 2186 696 2255 μὲν
735 2186 830 2239 καὶ
869 2185 1113 2255 σιδήρου,
1149 2182 1319 2235 ὄντων
1345 2184 1409 2234 ὲκ
1433 2182 1556 2250 γῆς,
1591 2179 1701 2251 πῦρ
1752 2179 1986 2249 ἄφθονον

412 2277 757 2341 ἐξάλλεσθαι·
789 2277 875 2347 (ὲκ
904 2274 945 2308 ⁷⁸
1010 2273 1205 2346 πηγῶν
1261 2273 1319 2327 δὲ
1368 2275 1464 2328 καὶ
1514 2274 1770 2344 φρεάτων
1842 2271 1985 2343 ὕδωρ

410 2368 670 2423 πλούσιον
720 2367 1088 2436 ἀναδίδοσθαι)
1134 2382 1150 2397 ο
1210 2365 1417 2436 ταύτης
1445 2364 1553 2435 γάρ
1594 2365 1660 2418 ἐκ
1705 2363 1781 2435 μὴ
1815 2364 1985 2417 ὅντων

406 2462 746 2532 ὑποστάσης,
772 2460 1016 2531 δηλονότι
1050 2458 1145 2511 καὶ
1166 2459 1209 2490 ⁷³
1247 2457 1317 2510 τά
1345 2459 1403 2510 ὲν
1438 2458 1599 2527 αὐτῇ.
1650 2457 1838 2509 Πάντα
1891 2452 1986 2509 οὖν

411 2553 600 2621 γέγονε
631 2552 768 2605 κατά
789 2551 886 2622 τὴν
907 2551 1001 2603 τοῦ
1023 2548 1160 2603 Θεοῦ
1183 2548 1379 2620 βουλήν
1407 2549 1473 2602 ⁷³.
1505 2546 1723 2616 Ἐπειδὴ
1752 2546 1810 2599 δὲ
1830 2546 1986 2616 δίκην

413 2644 624 2715 σκηνῆς
662 2644 689 2695 ό
737 2640 967 2712 οὐρανὸς
1025 2639 1346 2708 περιταθεὶς·
1389 2640 1482 2692 τὸν
1527 2636 1986 2707 έναπολειφθέντα

409 2736 574 2789 τόπον
601 2735 901 2797 ἐσκότισεν,
946 2730 1102 2786 εἶπεν
1134 2735 1162 2786 ό
1188 2732 1319 2795 Θεός
1352 2747 1363 2762 ’
1400 2749 1421 2784 ι
1456 2731 1748 2802 Γενηθήτω
1773 2730 1889 2799 φῶς
1922 2748 1942 2781 ι
1968 2745 1982 2759 ·

411 2827 508 2881 καὶ
536 2828 696 2889 εὐθὺς
723 2826 767 2859 ⁷⁸
784 2827 860 2897 τῷ
895 2826 1095 2898 λόγῳηὴ
1124 2825 1286 2893 φύσις
1316 2822 1412 2876 τοῦ
1443 2823 1621 2893 φωτὸς
1645 2826 1676 2894 ἠ
1702 2824 1985 2892 πάγκαλος

413 2916 551 2988 αὕτη
588 2917 847 2988 παρήχθη
876 2933 888 2946 ’
919 2916 1016 2969 καὶ
1068 2917 1128 2969 τὸ
1188 2914 1381 2978 σκότος
1418 2916 1464 2946 ⁷⁵
1510 2915 1569 2981 ἐξ
1609 2914 1986 2984 ἁντιφράξεως

411 3010 504 3063 τοῦ
544 3011 796 3079 οὐρανίου
858 3008 1112 3078 σώματος
1148 3007 1461 3077 ἐπισυμϐἀν
1522 3006 1841 3060 διεσκέδασε
1890 3005 1983 3059 καὶ

409 3101 503 3154 τὸν
522 3102 750 3171 ἀλαμπῆ
783 3102 848 3154 ὲκ
879 3100 978 3170 τῆς
1008 3097 1267 3170 τοιαύτης
1315 3099 1496 3162 αἰτίας
1546 3097 1685 3167 ἀέρα
1714 3095 1986 3167 λαμπρὼ-

410 3211 573 3249 τατον
600 3193 756 3261 ἄφνω
796 3192 1086 3256 ἀνέδειξεν.
1114 3192 1238 3245 Ὅτι
1271 3190 1328 3244 δὲ
1361 3192 1470 3245 πᾶν
1508 3191 1538 3244 ὃ
1563 3206 1615 3244 τι
1646 3185 1715 3261 ἦν
1758 3190 1863 3259 πρὸ
1889 3188 1988 3258 τῆς

409 3280 505 3333 τοῦ
539 3282 747 3350 κόσμου
790 3279 946 3333 τοῦδε
981 3282 1319 3347 συστάσεως,
1365 3281 1424 3334 ὲν
1468 3281 1609 3350 φωτὶ
1649 3276 1739 3350 ἦν,
1786 3278 1945 3350 δῆλον
1971 3294 1985 3307 ⁸

410 3372 536 3427 οὔτε
569 3374 677 3445 γὰρ
730 3375 789 3429 αἱ
831 3375 941 3429 τῶν
982 3374 1234 3443 ἀγγέλων
1268 3376 1504 3445 χορεῖαι,
1554 3372 1680 3427 οὔτε
1716 3375 1891 3427 πᾶσαι
1930 3373 1988 3425 αί

411 3467 734 3538 ὲπουράνιαι
787 3469 1040 3538 στρατιαὶ
1076 3470 1134 3521 ἐν
1199 3468 1377 3538 σκότῳ
1421 3469 1467 3499 ⁷⁸
1517 3464 1726 3537 διῆγον,
1767 3466 1885 3520 ἀλλ’
1934 3468 1991 3520 ὲν

419 3560 559 3625 φωτὶ
586 3558 679 3611 καὶ
705 3557 857 3629 πάσῃ
896 3558 1208 3628 εὐφροσύνῃ
1229 3559 1572 3628 πνευματικῇ
1610 3556 1710 3626 τὴν
1749 3556 1993 3625 πρέπου-

417 3664 516 3701 σαν
550 3650 764 3711 ἑαυτοῖς
787 3648 1131 3717 λειτουργίαν
1163 3647 1557 3718 ἐκπληροῦσιν,
1589 3646 1674 3715 ἐφ’
1697 3648 1741 3680 ⁷⁷
1785 3646 1846 3699 οὗ
1897 3647 1992 3700 καὶ

413 3732 559 3792 οὗτοι
584 3739 648 3791 ὲκ
678 3739 751 3809 μὴ
777 3740 944 3792 ὄντων
978 3741 1058 3800 είς
1089 3738 1147 3790 τὸ
1184 3733 1324 3791 εἶναι
1357 3738 1748 3809 παρήχθησαν.
1782 3738 1986 3791 Τούτου

414 3830 594 3882 τοίνυν
624 3828 716 3882 τοῦ
761 3829 937 3898 τρωτὸς
980 3830 1044 3881 ἐκ
1084 3829 1185 3897 τῆς
1228 3829 1527 3899 εἰρημένης
1575 3830 1757 3892 αἰτίας
1795 3832 1993 3882 ἐναπο-

416 3922 767 3985 κλεισθέντος
792 3924 925 3987 ἀνω,
956 3918 1113 3985 αὖθις
1135 3921 1575 3994 ἐδημιούργησεν
1592 3925 1619 3976 ό
1645 3923 1776 3986 Θεὸς
1803 3924 1864 3977 τὸ
1895 3923 1990 3978 νῦν

417 4015 778 4084 καταλάμπον
812 4016 908 4067 καὶ
932 4015 1226 4084 φαιδρύνον
1252 4016 1345 4068 τὸν
1377 4014 1583 4085 μεταξὺ
1622 4015 1857 4085 ούρανοῦ
1899 4016 1994 4068 καὶ

416 4108 518 4176 γῆς
547 4107 733 4160 τόπον.
769 4107 953 4160 Ταῦτα
982 4107 1273 4177 γεγένηται
1307 4108 1366 4160 ἐν
1409 4107 1475 4176 τῇ
1527 4105 1717 4177 πρώτῃ
1766 4106 1863 4175 τῆς
1902 4123 1995 4159 κο..

419 4200 708 4268 σμοποιίας
732 4200 935 4270 ἡμέρᾳ.
955 4200 1044 4253 Ἐν
1064 4199 1234 4268 ταύτῃ
1254 4194 1347 4252 οὖν
1371 4201 1437 4269 τῇ
1460 4198 1642 4269 ἡμέρᾳ
1661 4199 1810 4266 λέγει
1827 4200 1993 4252 Μωῦ-

422 4291 518 4360 σῆς
544 4292 601 4343 ὲν
621 4295 687 4363 τῇ
716 4292 888 4361 λεπτῇ
919 4288 1138 4342 Γενέσει
1168 4289 1415 4342 ἑκτίσθαι
1446 4288 1544 4352 τὰς
1577 4288 1866 4359 οὐρανίους
1898 4288 1994 4341 δυ-

418 4397 484 4434 να
494 4398 632 4451 μεις.

679 4493 840 4563 903
869 4490 973 4565 [B']
1006 4492 1143 4561 Περὶ
1170 4493 1277 4546 τοῦ
1300 4490 1726 4560 στερεώματος.

494 4607 660 4660 Πάλιν
687 4607 733 4639 ⁷⁸
761 4606 805 4678 β’
840 4608 1027 4677 ἡμέρᾳ
1050 4606 1151 4675 τῆς
1180 4604 1421 4659 ἀϐύσσου
1454 4605 1675 4669 ἄπλεως
1705 4603 1802 4658 καὶ
1836 4603 1998 4657 ἀπεί-

426 4717 533 4770 ρως
558 4699 603 4732 ⁷⁸
626 4701 693 4768 τῇ
725 4701 795 4769 τῇ
839 4698 1307 4769 περικεχυμένης,
1348 4696 1649 4768 προσέταξε
1696 4715 1715 4749 ι
1758 4696 1999 4766 στερέω-

428 4808 501 4858 μα
526 4790 572 4823 ⁸⁸
608 4808 626 4841 ι
664 4790 918 4859 γενέσθαι
955 4793 1018 4843 ὲκ
1041 4789 1147 4843 τῶν
1182 4791 1393 4843 ὑδάτων
1425 4808 1443 4841 ‹
1469 4792 1527 4842 ὲν
1562 4790 1715 4859 μέσῳ
1738 4807 1755 4840 ι
1794 4786 1997 4855 αὐτῶν,

423 4881 451 4932 δ
484 4883 578 4934 καὶ
618 4882 756 4950 μετά
778 4881 954 4935 ταῦτα
987 4901 1003 4933 ι
1036 4883 1264 4952 οὐρανὸν
1291 4899 1309 4931 ι
1349 4881 1759 4952 προσηγόρευσε
1783 4879 1826 4910 ⁸⁷
1862 4894 1876 4908 ·
1902 4879 1994 4930 καὶ

427 4975 523 5029 σὺν
553 4975 629 5047 τῷ
664 4976 997 5045 κελεύσματι
1029 4975 1088 5028 τὸ
1116 4974 1277 5045 ἔργον
1311 4974 1648 5044 ἀπετελέσθη
1687 4988 1701 5003 ⁶
1746 4972 1840 5026 καὶ
1875 4986 1998 5024 στε-

427 5070 614 5139 ρέωμα
646 5069 849 5140 ἐκλήθη
880 5069 940 5121 τὸ
969 5068 1360 5139 δημιούργημα
1413 5068 1500 5121 διὰ
1554 5066 1655 5134 τὴν
1695 5065 1857 5134 φύσιν
1887 5064 1997 5118 τῶν

426 5162 842 5231 ὑπερκειμένων
904 5160 936 5231 ἢ
1002 5160 1094 5212 καὶ
1166 5159 1545 5230 ὑποκειμένων
1611 5158 1839 5225 ὑδάτων,
1907 5157 1997 5209 λε-

2020 4398 2067 4457 C

2017 1612 2089 1625 _

2717 1691 2761 1747 1.
2796 1693 2872 1747 De
2888 1693 3025 1747 luce.

2160 1801 2302 1857 Deus
2354 1810 2593 1857 aeternus
2656 1801 2803 1858 hunc
2866 1804 3129 1859 mundum
3197 1814 3356 1863 antea
3412 1826 3521 1865 non
3571 1827 3667 1867 ex-

2090 1897 2387 1953 sistentem
2436 1894 2490 1948 in
2557 1903 2798 1963 tempore
2854 1897 3186 1965 producens,
3263 1918 3283 1952 ‹
3332 1901 3387 1954 in
3464 1903 3670 1971 princi-

2089 1988 2180 2057 pio
2210 1986 2634 2041 creavitcmlum
2666 1992 2720 2039 et
2750 1993 2972 2040 terram.
3012 2005 3032 2039 ι
3097 1988 3231 2043 Cum
3294 1999 3437 2047 terra
3482 2001 3663 2050 autem

2091 2078 2253 2132 simul
2286 2076 2528 2132 substitit
2558 2092 2698 2146 aqua
2732 2087 2787 2132 et
2818 2078 2959 2149 ignis
2986 2098 2999 2134 :
3031 2082 3179 2150 quod
3229 2084 3508 2142 evidenter
3542 2089 3668 2144 inde

2088 2176 2239 2238 patet
2286 2168 2432 2238 quod
2489 2182 2552 2221 ex
2606 2168 2785 2238 lapide
2836 2178 2887 2224 et
2917 2170 3081 2238 ferro,
3116 2188 3237 2242 quae
3276 2183 3489 2233 terrena
3516 2189 3666 2240 sunt.

2090 2259 2373 2314 abundans
2396 2259 2607 2315 exsiliat
2657 2259 2820 2330 ignis,
2873 2276 2939 2315 ex
2973 2262 3212 2319 fontibus
3254 2282 3381 2322 vero
3408 2278 3463 2324 et
3491 2273 3668 2340 puteis

2087 2350 2309 2424 copiosa
2335 2351 2597 2406 scaturiat
2642 2366 2806 2421 aqua.
2847 2352 2980 2407 Cum
3029 2356 3176 2410 enim
3229 2366 3371 2415 terra
3405 2375 3436 2416 e
3489 2364 3666 2420 nihilo

2088 2443 2351 2513 producta
2385 2443 2566 2507 fuerit,
2626 2442 2906 2499 evidenter
2948 2454 3003 2501 et
3032 2461 3152 2516 quae
3176 2448 3276 2517 ipsi
3300 2460 3436 2505 sunt
3468 2453 3668 2509 intrin-

2090 2548 2234 2590 seea.
2272 2534 2464 2589 Omnia
2506 2534 2672 2603 igitur
2705 2534 2849 2589 facta
2886 2544 3016 2591 sunt
3081 2541 3382 2595 secundum
3425 2542 3668 2600 divinam

2089 2623 2449 2679 voluntatem.
2519 2623 2794 2693 Scd'quia
2863 2626 3311 2684 cmlumtentorii
3348 2632 3524 2688 instar
3552 2635 3668 2691 cir-

2088 2715 2443 2770 cumductum
2468 2713 2725 2770 inferiora
2755 2716 3128 2775 obtenebravit
3155 2720 3297 2788 loca,
3320 2723 3455 2777 dixit
3483 2724 3626 2782 Deus
3645 2745 3667 2783 τ

2093 2826 2115 2860 c
2144 2806 2375 2863 Fiatlux
2404 2824 2421 2874 ;
2455 2827 2474 2859 ι
2508 2817 2562 2863 et
2589 2808 2750 2864 simul
2799 2824 2923 2865 cum
2961 2813 3128 2868 verbo
3150 2815 3521 2884 pulcherrima
3551 2820 3668 2878 hac

2088 2897 2228 2953 lueis
2269 2898 2577 2953 substantia
2604 2900 2868 2967 producta
2900 2909 2984 2956 est
3009 2918 3024 2956 :
3050 2905 3309 2962 tenebras
3336 2923 3467 2965 vero
3503 2926 3536 2966 e
3560 2926 3672 2968 cte-

2089 2988 2239 3045 lestis
2296 2989 2546 3059 corporis
2601 2990 2891 3060 interjeetu
2943 2995 3325 3065 contingentes
3382 3001 3673 3072 dissipavit

2091 3085 2149 3133 et
2175 3078 2468 3134 obscurum
2500 3079 2642 3135 hanc
2667 3080 2740 3135 ob
2775 3096 3002 3138 causam
3053 3099 3233 3141 aerem
3291 3090 3671 3158 splendidissi-

2092 3183 2241 3223 mum
2263 3170 2553 3225 confestim
2576 3171 2829 3226 ostendit.
2859 3172 3013 3238 Quod
3045 3183 3224 3230 autem
3249 3178 3510 3249 quidquid
3548 3193 3670 3239 erat

2094 3266 2221 3312 ante
2274 3259 2436 3328 hujus
2484 3261 2672 3315 mundi
2706 3263 3176 3330 constitutionem,
3214 3268 3270 3321 in
3315 3268 3437 3325 luce
3484 3270 3668 3338 fuerit,

2094 3356 2241 3415 patet
2272 3366 2284 3401 :
2313 3364 2489 3418 neque
2520 3351 2664 3406 enim
2706 3352 3020 3421 angelorum
3050 3354 3227 3422 chori,
3256 3374 3432 3429 neque
3482 3377 3671 3419 omnes

2094 3440 2347 3496 caelestes
2398 3442 2680 3498 exercitus
2714 3443 2768 3497 in
2828 3445 3069 3501 tenebris
3122 3448 3435 3517 manebant,
3492 3452 3584 3509 sed
3616 3455 3671 3509 in

2094 3528 2301 3584 lumine
2334 3542 2388 3585 et
2423 3531 2479 3585 in
2511 3532 2664 3586 omni
2687 3533 2885 3603 gaudio
2944 3536 3175 3605 spiritali
3226 3553 3531 3611 congruum
3568 3545 3674 3601 sibi

2093 3619 2463 3675 ministerium
2514 3622 2830 3691 adimplent,
2878 3640 2945 3678 ex
2994 3640 3104 3694 quo
3158 3627 3260 3695 ipsi
3299 3645 3330 3684 e
3378 3633 3552 3689 nihilo
3602 3638 3674 3691 ad

2091 3709 2465 3764 exsistentiam
2489 3711 2706 3767 deducti
2762 3724 2911 3769 sunt.
2976 3715 3069 3769 llla
3102 3716 3172 3787 igi
3204 3734 3271 3772 ur
3308 3720 3429 3777 luce
3466 3726 3669 3793 praedi-

2090 3807 2233 3854 ctam
2280 3800 2353 3855 ob
2378 3816 2605 3857 causam
2640 3818 2861 3860 sursum
2914 3805 3147 3872 inclusa,
3196 3807 3423 3879 insuper
3466 3815 3673 3871 creavit

2095 3886 2239 3944 Deus
2265 3891 2405 3945 hanc
2447 3891 2646 3960 lucem,
2688 3910 2811 3963 qua:
2853 3911 2997 3950 nunc
3032 3896 3305 3954 illuminat
3337 3909 3406 3955 et
3429 3902 3672 3959 illustrat

2095 3976 2331 4030 medium
2364 3977 2507 4033 inter
2559 3980 2757 4035 coelum
2800 3990 2855 4038 et
2884 3995 3081 4039 terram
3124 3986 3490 4045 intervallum.
3541 3990 3672 4049 Haec

2097 4064 2235 4119 facta
2262 4074 2390 4120 sunt
2416 4066 2592 4137 primo
2620 4070 2921 4127 creationis
2972 4072 3079 4127 die.
3108 4072 3222 4129 Hoc
3244 4074 3410 4146 igitur
3430 4076 3673 4134 diedicit

2096 4154 2311 4226 Moyses
2334 4157 2386 4211 in
2411 4156 2561 4213 brevi
2590 4157 2787 4216 Genesi
2833 4172 3049 4219 creatas
3079 4178 3201 4221 esse
3254 4167 3507 4224 caelestes
3563 4168 3673 4224 vir-

2097 4255 2257 4302 tutes.

2600 4434 2667 4489 ll.
2707 4435 2785 4491 De
2818 4437 3175 4506 ﬁrmamento.

2175 4524 2427 4579 Secundo
2457 4524 2547 4580 die
2598 4540 2721 4582 eum
2779 4527 3045 4584 immensa
3102 4528 3422 4600 inﬁnitaque
3471 4538 3673 4588 terram

2100 4612 2333 4667 ambiret
2369 4615 2622 4685 abyssus,
2642 4615 2808 4684 jussit
2837 4615 2980 4672 Deus
3012 4636 3031 4669 ι
3062 4616 3179 4672 ﬁeri
3215 4620 3621 4675 ﬁrmamentum
3650 4642 3669 4674 ι

2101 4718 2167 4757 ex
2205 4704 2361 4772 aquis
2410 4721 2431 4754 ‹
2491 4704 2546 4759 in
2602 4706 2779 4760 medio
2812 4725 2831 4758 ι
2889 4722 3080 4761 earum
3120 4708 3222 4763 :id
3282 4710 3428 4779 quod
3492 4718 3681 4780 postea

2100 4793 2315 4847 vocavit
2343 4812 2363 4843 ‹
2395 4795 2618 4850 coelum.
2659 4815 2677 4848 ι
2708 4797 2774 4851 Ει
2809 4795 2971 4851 simul
3023 4814 3147 4852 cum
3200 4799 3359 4869 jussu
3389 4814 3525 4868 opus
3549 4815 3676 4869 per-

2105 4882 2303 4938 fectum
2334 4894 2453 4940 est:
2494 4887 2657 4956 idque
2702 4901 2841 4956 opus
2872 4888 3075 4943 dictum
3132 4897 3216 4944 est
3271 4890 3674 4948 ﬁrmamentum

2103 4977 2174 5029 ob
2197 4977 2543 5044 superiorum
2578 4978 2662 5032 vel
2690 4979 2854 5032 etiam
2895 4978 3213 5035 inferiorum
3250 4996 3518 5050 aquarum
3575 5001 3677 5041 na-

2106 5072 2285 5119 turam
2325 5065 2576 5120 subtilem
2613 5075 2664 5120 et
2695 5080 2912 5133 raram;
2946 5067 3145 5121 coelum
3179 5081 3308 5124 vero
3331 5069 3459 5139 quia
3498 5069 3678 5128 simile

2105 5156 2322 5212 videtur
2342 5158 2467 5227 pelli
2499 5172 2662 5239 supra
2682 5165 2845 5226 caput
2867 5158 3166 5228 explicatae.

427 5252 566 5324 πτὴν
600 5249 766 5307 οὖσαν
806 5252 899 5307 καὶ
928 5251 1128 5321 ἀραιὰν
1155 5250 1223 5316 ⁸³,
1257 5250 1485 5321 οὐρανὸς
1520 5249 1576 5302 δὲ
1624 5248 1713 5301 διὰ
1762 5247 1825 5300 τὸ
1877 5247 2217 5317 καθορᾶσθαι
2256 5249 2457 5319 τρόπον
2501 5249 2745 5319 δέρῤεως
2781 5244 2924 5319 ὑπὲρ
2962 5250 3206 5318 κεφαλῆς
3231 5250 3562 5323 ηπλωμένον
3605 5254 3671 5307 ³⁸.

1622 5367 1823 5429 Varia
1865 5365 2170 5429 lectiones
2210 5372 2272 5428 et
2306 5375 2498 5429 notae.

501 5498 545 5529 "’
572 5497 672 5552 Th.
702 5498 766 5550 ὲκ
803 5496 900 5565 τῆς
947 5496 1216 5559 Γενέσεως
1254 5496 1349 5549 καὶ
1389 5495 1446 5560 ἐξ
1475 5494 1650 5548 ἄλλων
1686 5491 1976 5565 ἱστορικῶν
2008 5493 2218 5565 ἐφεξῆς
2249 5494 2541 5565 συναγωγὴ
2572 5494 2635 5547 ὲκ
2672 5496 2719 5547 δ.

1272 5569 1351 5628 είς
1383 5567 1479 5630 τὴν
1523 5584 1577 5618 κ.
1623 5566 1688 5617 ἐκ
1718 5563 1817 5632 τῆς
1843 5580 1898 5630 γ.
1935 5580 1989 5616 κο

1275 5639 1428 5687 odice
1470 5635 1638 5687 (205')
1670 5637 1910 5687 evanuit.

2093 5565 2310 5631 ρονικδν
2346 5564 2435 5631 ἐφ.
2466 5565 2574 5632 (ed.
2602 5563 2863 5619 BiancOni
2894 5566 3027 5619 Bon.
3058 5564 3213 5626 l776,
3251 5563 3457 5617 vonder
3484 5563 3679 5621 llardt.

2093 5632 2181 5687 ιΡ.
2209 5633 2313 5687 Th.
2389 5635 2432 5665 δ’
2464 5634 2657 5687 γοόνον
2690 5635 2748 5687 Ρ.
2783 5635 2907 5687 cod.
2941 5636 3059 5687 Vat.
3104 5634 3205 5687 165
3247 5648 3301 5687 D.
3342 5632 3393 5684 1.
3471 5632 3517 5664 ⁷⁸
3538 5632 3675 5687 Gen.

1899 5705 2118 5759 πάντων
2161 5704 2284 5759 cod.
2366 5703 2410 5734 ⁷³

1433 5777 1477 5809 ⁷⁷
1503 5776 1593 5843 ἀφ’
1622 5776 1741 5829 cod.
1820 5776 1864 5806 ⁷⁸
1895 5778 1951 5827 ὲν
1972 5777 2037 5844 τῇ
2063 5774 2121 5828 Ρ.
2155 5773 2255 5828 Th.

427 5569 717 5630 λυδεύκους
774 5568 983 5635 ἱστορία
1010 5567 1214 5637 φυσικὴ

430 5642 572 5696 Man.
601 5638 782 5709 1792.)
807 5666 876 5678 ——
901 5637 1133 5709 lluhriira
1166 5635 1218 5690 in
1242 5639 1428 5709 codice
1470 5635 1638 5709 (205')
1670 5637 1910 5709 evanuit.

433 5725 472 5771 1,
502 5712 550 5765 1.
582 5748 593 5760 .
629 5710 670 5741 ⁷¹
696 5705 877 5762 ὲκάν.
901 5724 1012 5762 om.
1055 5707 1157 5760 Th.
1234 5708 1278 5739 ⁷³
1308 5706 1404 5761 καὶ
1457 5707 1566 5758 τῶν
1606 5707 1664 5757 ὲν
1712 5705 1848 5772 αὐτῇ

430 5782 476 5812 ⁷³
510 5781 570 5832 τό
598 5778 697 5833 Th.
726 5777 787 5833 P.
866 5779 913 5810 "
945 5777 1125 5831 σκότει
1156 5776 1258 5829 Th.
1298 5775 1354 5828 P.

433 5852 543 5919 1,6.
622 5850 661 5881 ⁸⁸
698 5848 810 5902 Ι.8.
889 5851 934 5880 ⁸⁷
964 5846 1345 5918 ἀρυρυῖανῩΡ.
1421 5846 1466 5877 ⁸³
1498 5844 1920 5915 ἁπλωμένον.Ρ.

2759 5512 2812 5564 χ.
2852 5494 3171 5558 Θεοδοσίου;
3218 5494 3279 5548 Ρ.
3321 5493 3541 5564 Ἰουλίου
3572 5494 3681 5546 IIo-

2389 5635 2432 5704 ⁷⁷
2464 5634 2657 5704 χρόνον
2690 5635 2907 5704 P.7cod.
2941 5636 3059 5687 Vat.
3104 5634 3205 5704 165
3247 5648 3301 5704 p.
3342 5632 3394 5704 i.
3471 5632 3675 5704 Ἕρσῃ.

2440 5698 2694 5774 βούλησιν
2722 5703 2827 5758 Th.
2852 5735 2922 5746 --
2954 5704 3019 5759 15
3059 5704 3097 5757 1.
3130 5703 3189 5774 5.
3248 5698 3431 5774 Victiv
3466 5700 3585 5774 ΔΤῇ)
3614 5701 3675 5757 Ρ.

2335 5776 2378 5807 ⁷³
2410 5769 2654 5844 ἀπείρως
2724 5775 2817 5827 καὶ
2861 5774 3110 5834 ἀπλέτως
3168 5771 3224 5826 Ρ.
3274 5770 3377 5824 Th.
3464 5769 3512 5803 ⁸⁸
3540 5772 3677 5828 Gen.
