4114 6424
447 468 587 536 1283

1041 581 1134 638 Ill.
1158 581 1230 636 De
1257 581 1394 635 mari
1405 619 1418 634 .

515 699 699 756 Tertia
730 697 819 754 die
858 694 1024 767 jussit
1056 709 1228 765 aquas
1256 691 1362 750 sub
1401 691 1748 746 ﬁrmamento
1771 688 2020 745 inclusas

446 787 734 848 convenire
767 786 822 840 in
854 799 1020 840 unam
1087 801 1107 835 ι
1145 779 1617 852 congregationem
1647 796 1666 830 ι
1723 791 1888 847 quam
1928 791 2024 847 ap-

446 877 666 949 pellavit
716 895 735 928 ‹
762 873 933 939 mare,
964 891 983 926 ι
1032 881 1093 928 ut
1122 889 1142 924 ι
1173 880 1458 942 appareret
1500 869 1653 924 arida
1695 884 1754 922 »ε
1788 877 2025 930 tuncque

447 969 595 1022 illam
646 971 1007 1034 susceperunt
1049 961 1304 1033 profundi
1380 960 1538 1014 sinus
1590 965 1783 1012 natura
1824 958 2022 1013 cavati.

449 1057 615 1114 Terra
677 1066 858 1113 autem
915 1063 1103 1110 vocata
1135 1063 1220 1109 est
1271 1050 1447 1118 arida,
1481 1049 1629 1121 quod
1655 1063 1856 1105 nomen
1904 1049 2024 1118 ejus

449 1157 664 1204 natura:
688 1145 961 1217 congruit,
984 1143 1256 1214 siquidem
1277 1150 1421 1199 terra
1441 1150 1526 1198 est
1542 1137 1761 1212 proprie
1787 1137 2024 1194 aridum.

456 1235 558 1295 Ubi
586 1247 769 1295 autem
819 1244 1113 1293 exonerata
1145 1243 1232 1290 est
1284 1233 1528 1305 pondere
1566 1247 1834 1302 aquarum
1863 1235 1917 1286 in
1968 1245 2030 1286 se

454 1329 811 1395 inclusarum,
841 1327 1099 1397 deinceps
1137 1325 1293 1396 iussa
1328 1332 1415 1380 est
1441 1322 1748 1393 germinare
1805 1321 2027 1377 herbam

455 1421 745 1484 virentem,
783 1426 842 1474 et
859 1431 1045 1473 semen
1068 1416 1227 1486 juxta
1281 1429 1456 1483 genus
1484 1427 1670 1479 suum,
1713 1412 2032 1484 lignumque

451 1509 661 1565 faciens
690 1507 968 1573 fructum;
999 1513 1054 1560 et
1083 1505 1268 1560 statim
1305 1502 1375 1558 ad
1407 1502 1879 1560 fructiﬁcationem
1933 1504 2033 1558 ad-

454 1598 640 1660 ducta,
666 1593 965 1651 innumeris
983 1593 1279 1664 pullulavit
1302 1591 1562 1651 fruticum
1612 1593 2034 1663 plantarumque

454 1688 766 1759 generibus,
821 1696 876 1740 et
923 1684 1150 1755 pulchra
1187 1683 1547 1754 jucundaque
1603 1683 1724 1738 visu
1756 1684 2030 1754 apparuit.

454 1779 573 1835 Non
598 1777 778 1834 solum
819 1774 964 1831 enim
996 1782 1241 1844 segetum
1264 1771 1628 1842 productione
1655 1771 1921 1844 fulgebat,
1938 1773 2034 1829 sed

453 1879 508 1926 et
547 1868 749 1934 cedria,
797 1866 1092 1938 cupressis,
1137 1864 1368 1935 aliisque
1422 1863 1710 1934 permultis
1743 1863 2036 1921 arboribus

455 1962 600 2017 ultro
633 1976 701 2016 ex
733 1959 850 2030 ipsa
910 1957 1051 2013 natis
1075 1957 1452 2028 eratapprime
1479 1955 1756 2012 decorata.

1623 495 1628 505 ι
1648 457 1969 521 GEORGII
2012 456 2470 520 HAMARTOLI

2049 581 2097 637 Δ

3567 452 3706 519 1264

2581 568 2682 644 [Γθ]
2713 568 2852 638 Περὶ
2877 569 3220 638 θαλάσσης.

2197 683 2366 752 Αὖθις
2393 686 2450 741 δὲ
2473 688 2540 757 τῇ
2572 684 2618 753 γ’
2645 684 2831 757 ἡμέρᾳ
2865 684 3120 738 ἐκέλευσε
3154 683 3220 738 τά
3243 685 3706 756 ἐναπολειφθέντα

2130 775 2298 832 ὕδατα
2328 775 2481 830 κάτω
2505 773 2606 828 τοῦ
2631 773 3016 844 περεὼματος
3053 773 3330 828 συνελθεῖν
3376 793 3396 827 ι
3427 776 3512 840 εἰς
3545 794 3708 831 συνα-

2126 868 2315 940 γωγὴν
2347 867 2477 939 μίαν
2509 866 2557 900 ⁸⁸
2595 884 2642 931 ι,
2696 866 2764 937 ἢν
2801 867 2897 920 καὶ
2948 865 3274 936 ἐπωνόμασε
3321 884 3340 918 ι
3377 866 3656 921 θάλασσαν
3682 887 3701 920 ι

2129 961 2270 1030 πρὸς
2311 959 2376 1012 τὸ
2405 957 2637 1028 ὀφθῆναι
2678 956 2777 1027 τὴν
2819 955 2992 1028 ξηράν
3033 973 3048 988 ο
3081 958 3178 1010 καὶ
3215 957 3358 1012 οὕτω
3396 959 3708 1031 κοιλότητές

2127 1067 2277 1115 τινες
2338 1049 2552 1120 βαθεῖαι
2603 1048 3038 1119 ἐγγεγενημέναι
3079 1049 3420 1115 εἰσεδέξαντο
3493 1051 3666 1120 αὐτήν
3693 1068 3707 1082 ’

2130 1141 2272 1211 ξηρὰ
2313 1140 2394 1207 [δὲ
2423 1142 2458 1212 ἡ
2489 1141 2562 1211 γῆ
2611 1139 2941 1212 ἐπ]εκλήθη,
2982 1140 3176 1212 ἐπειδὴ
3231 1139 3329 1195 καὶ
3379 1142 3512 1196 ἴδιόν
3559 1144 3713 1196 ἐστιν

2131 1231 2304 1300 αὐτῆς
2347 1231 2492 1285 κατά
2524 1231 2687 1302 φύσιν
2717 1229 2779 1285 τὸ
2818 1230 3118 1301 πρόσρημα
3146 1247 3159 1264 ’
3200 1231 3264 1286 τὸ
3321 1232 3458 1304 [γάρ
3502 1234 3713 1305 κυρίως

2133 1321 2300 1394 ξηρόν
2325 1320 2502 1393 ἐ]στιν
2529 1325 2562 1392 ἠ
2594 1323 2704 1392 γῆ·
2738 1321 2928 1392 ἐπειδὴ
2959 1321 3015 1375 δέ
3057 1323 3250 1394 ὥσπερ
3282 1340 3336 1377 τι
3377 1324 3545 1394 βάρος
3574 1325 3714 1377 ἀπέ-

2132 1413 2258 1468 θετο
2291 1414 2443 1468 τάέέν
2477 1413 3073 1487 αὐτῇ-[ἐναποκείμενα
3097 1415 3235 1487 αὐτῇ
3271 1415 3465 1481 ὕδατα,
3502 1415 3714 1487 λοιπὸν]

2129 1504 2456 1576 βλαστάνειν
2492 1505 2840 1577 προσετάχθη
2895 1524 2915 1558 ι
2956 1507 3000 1539 ⁸⁸
3044 1506 3278 1578 βοτάνην
3313 1508 3512 1580 χόρτου
3553 1527 3572 1562 ι
3618 1509 3719 1562 καὶ⁸

2134 1595 2389 1668 σπ[έρμα
2432 1599 2575 1651 κατά
2622 1597 2780 1666 γένος
2833 1597 2930 1651 καὶ
2992 1595 3150 1661 ξύλον
3202 1598 3508 1671 κάρ]πιμον
3555 1617 3571 1632 °
3619 1599 3720 1653 καὶ

2133 1687 2300 1752 εὐθὺς
2333 1687 2476 1758 πρὸς
2514 1687 2888 1758 καρπογονίαν
2921 1687 3340 1761 συγκινηθ[εῖσα
3363 1690 3410 1722 ⁸⁸
3436 1692 3507 1744 τὰ
3544 1693 3718 1763 μυρία

2135 1777 2253 1844 τῶν,
2269 1777 2695 1850 βλαστημάτων]
2717 1778 2897 1850 (2051ι)
2925 1796 2984 1832 τε
3009 1780 3105 1832 καὶ
3136 1780 3322 1849 φυτῶν
3345 1781 3721 1853 προεϐάλλετο

2139 1871 2274 1941 γένη
2325 1871 2421 1925 καὶ
2463 1873 2752 1943 εὐπρεπὴς
2778 1873 2876 1927 καὶ
2922 1872 3193 1944 χαρίεσσα
3227 1874 3573 1946 συνανεφάνη
3607 1890 3622 1906 ⁶
3655 1875 3720 1928 οὐ

2067 1947 2111 2004 Β
2145 1961 2305 2031 μόνον
2333 1962 2441 2034 γὰρ
2457 1963 2530 2016 ἐκ
2557 1963 2656 2033 τῆς
2680 1963 2789 2017 τῶν
2806 1963 2976 2032 ληῖων
3005 1964 3319 2030 ἀναδόσεως
3341 1951 3720 2037 ἐφαιδρύνετο,

459 2054 597 2110 ἀλλά
623 2055 718 2108 καὶ
756 2053 964 2123 κέδρων
995 2050 1090 2107 καὶ
1113 2051 1475 2121 κυπαρίσσων
1505 2050 1604 2106 σὺν
1629 2052 1692 2121 τῇ
1738 2049 1874 2123 ἄλλῃ
1913 2051 2021 2107 τῶν
2059 2052 2295 2128 δένδρων
2339 2056 2546 2128 πληθύῖ
2621 2057 2948 2128 αὐτομάτως
2997 2057 3058 2126 ἐξ
3091 2059 3265 2131 αὐτῆς
3319 2059 3724 2128 ἀνακ-υψάντων

465 2148 667 2213 ίκανῶς
690 2147 736 2182 ⁸⁷
767 2148 1186 2216 κατεκοσμεῖτο.

955 2235 1044 2292 ιν.
1063 2236 1149 2299 De
1168 2235 1541 2294 luminaribus.

529 2358 734 2423 Quarta
760 2353 848 2409 die
879 2351 1018 2408 dixit
1049 2360 1110 2407 ut
1133 2351 1324 2408 tierent
1367 2349 1703 2407 luminaria:
1757 2357 1814 2405 et
1849 2350 2037 2406 statim

460 2449 602 2504 faeta
625 2454 756 2503 sunt
781 2445 889 2512 sul,
909 2443 1039 2500 luna
1063 2451 1118 2500 et
1146 2441 1316 2500 stella:
1332 2455 1432 2514 pro
1452 2441 1699 2512 jubentis
1723 2441 2036 2496 voluntate:

455 2557 526 2598 ac
555 2539 908 2611 puriSsimam
929 2537 1106 2593 lucem
1130 2535 1309 2607 prima
1324 2534 1412 2590 die
1436 2542 1699 2598 creatam,
1729 2533 1821 2589 illa
1841 2533 1929 2589 die
1957 2532 2042 2587 his

462 2632 734 2690 sideribus
808 2641 1050 2695 mensus,
1115 2626 1469 2697 multiplicem
1516 2640 1586 2681 ex
1644 2623 1712 2680 iis
1786 2623 2040 2695 praestitit

2537 2242 2649 2318 .[A’]
2690 2244 2832 2315 Περὶ
2859 2242 3370 2313 τῶν’φωστήρων.

2210 2361 2383 2416 Πάλιν
2409 2363 2468 2417 ἐν
2489 2364 2564 2433 τῇ
2601 2363 2643 2417 δ’
2684 2363 2872 2434 ἡμέρα
2906 2362 3203 2434 φωστῆρας
3255 2358 3381 2416 εἰπε
3411 2361 3668 2431 γενέσθαι
3701 2378 3718 2394 ο

2140 2451 2237 2504 καὶ
2263 2451 2482 2518 ἐγένετο
2506 2451 2657 2521 ἥλιός
2693 2469 2752 2504 τε
2795 2453 2894 2504 καὶ
2929 2451 3131 2522 σελήνη
3163 2452 3266 2505 καὶ
3293 2451 3493 2522 ἄστρα,
3537 2451 3726 2516 καθὼς

2140 2541 2420 2613 ἠϐουλήθη
2466 2544 2495 2596 ὁ
2536 2542 2805 2605 κελεύσας
2839 2559 2853 2575 ο
2890 2542 3056 2615 θοή
3086 2543 3181 2599 καὶ
3219 2544 3282 2597 τὸ
3329 2543 3726 2616 καθαρώτατον

2145 2635 2324 2687 ἐκεῖνο
2353 2631 2473 2701 φῶς
2499 2632 2562 2685 τὸ
2589 2635 2647 2686 ἐν
2671 2635 2732 2705 τῇ
2768 2631 2816 2686 α’
2854 2636 3052 2699 κτίσει,
3081 2634 3138 2667 ³⁸
3169 2636 3227 2689 ἐν
3319 2637 3499 2706 μέτρα
3523 2637 3580 2689 ἐν
3605 2637 3727 2690 τού-

463 2724 669 2781 muudo
697 2722 986 2778 utilitatem
1012 2735 1026 2772 :
1051 2732 1286 2788 quarum
1316 2717 1493 2786 prima
1520 2724 1606 2772 est
1634 2714 1780 2785 quod
1819 2714 2037 2784 proprio

2143 2741 2259 2786 τοις
2299 2724 2748 2794 καταμετρήσας,
2808 2725 3096 2796 πολυμερῆ
3126 2725 3173 2758 ⁸⁸
3216 2726 3276 2794 ἐξ
3323 2728 3507 2782 αὐτῶν
3555 2731 3727 2800 παρέ-

466 2817 711 2887 fulgeant
725 2810 1013 2883 splendore
1033 2817 1318 2878 totumque
1341 2806 1611 2862 mundum.
1622 2805 1965 2861 abundanter
1978 2803 2041 2858 il-

2141 2830 2302 2886 σχετο
2329 2814 2408 2884 τῷ
2433 2815 2599 2868 παντὶ
2626 2814 2917 2884 ὠφέλειαν,
2952 2817 3082 2888 μίαν
3108 2818 3211 2888 μὲν
3238 2818 3337 2890 τὴν
3375 2820 3441 2874 ἐκ
3466 2818 3563 2874 τοῦ
3598 2820 3725 2890 φαί-

464 2908 726 2971 lustrent;
747 2902 1005 2968 secunda,
1022 2899 1168 2972 quod
1180 2909 1311 2960 ,ortu
1329 2906 1386 2954 et
1399 2912 1602 2954 occasu
1627 2906 1731 2953 tem
1738 2912 1874 2968 pora
1896 2913 2041 2952 ineu-

2142 2923 2255 2960 νειν
2289 2907 2386 2960 καὶ
2415 2909 2540 2970 ταῖς
2583 2905 2814 2972 οἰκείαις
2864 2907 3178 2979 λαμπηδόσι
3209 2910 3580 2978 καταυγάζειν
3631 2911 3725 2966 τὸν

464 3003 689 3060 surent;
709 2994 892 3058 tertia.
913 2990 1059 3062 quod
1082 3005 1182 3061 per
1203 2989 1452 3060 quaedam
1474 2990 1630 3058 signa
1651 2989 1801 3046 varie
1819 2987 2041 3057 adiuvet

2140 2998 2348 3069 κόσμον
2384 2998 2679 3062 πλουσίως,
2707 2998 2905 3070 ἑτέραν
2934 2999 2991 3053 δὲ
3013 2999 3114 3070 τὴν
3136 2999 3201 3053 ἐκ
3219 2999 3318 3053 τοῦ
3358 3001 3602 3072 ἀνίσχειν
3630 3004 3729 3057 καὶ⁵

453 3089 555 3159 .pie
580 3095 930 3157 augurantes,
956 3098 1056 3140 uec
1077 3082 1222 3138 ultra
1244 3080 1871 3146 modumobservantes,
1905 3094 2041 3150 qua-

2141 3088 2530 3155 καταδύεσθαι,
2557 3088 2736 3142 αἰτίαν
2772 3085 2940 3142 οὖσαν
2963 3089 3064 3157 τῆς
3101 3089 3219 3143 τῶν
3252 3090 3464 3161 χρόνων
3487 3091 3726 3164 ἀπαριθ-

454 3180 548 3239 lia.
564 3178 692 3233 luna
744 3190 889 3247 saepe
937 3173 1371 3245 portenduntur:
1397 3172 1515 3227 haec
1538 3173 1681 3228 enim
1704 3171 1873 3227 radiis
1897 3170 2041 3227 circa

2147 3180 2390 3251 μήσεως,
2421 3179 2593 3251 ἀλλην
2613 3180 2671 3233 δὲ
2697 3180 2798 3251 τὴν
2818 3180 2909 3234 διά
2930 3196 3094 3235 τινων
3121 3181 3369 3252 σημείων
3394 3182 3728 3254 εὐεργετοῦ-

467 3269 612 3325 diem
667 3266 838 3322 nitida
868 3271 922 3320 et
958 3279 1118 3334 pura,
1145 3263 1340 3320 stabile
1365 3263 1694 3332 praenuntiat
1749 3277 2040 3330 serenum;

2143 3284 2248 3322 σαν
2281 3269 2558 3341 διαφόρως
2587 3271 2718 3334 τοὺς
2745 3270 2990 3335 εὐσεϐῶς
3029 3273 3472 3344 στοχαζομένους
3517 3275 3612 3328 καὶ
3649 3275 3730 3346 μὴ

469 3371 656 3412 crassa
707 3369 837 3410 vero
872 3352 1130 3410 cornibus
1161 3360 1216 3406 et
1256 3351 1563 3406 rubicunda
1619 3365 1915 3421 apparens.
1960 3350 2041 3406 vel

2147 3360 2293 3432 πέρα
2322 3359 2417 3414 τοῦ
2453 3361 2656 3432 μέτρου
2697 3365 3262 3436 περιεργαζομένους,
3292 3361 3384 3420 οἷά
3412 3367 3532 3421 ἐστι
3563 3367 3660 3420 καὶ
3679 3367 3729 3401 ⁸⁸

469 3449 909 3515 vehementeme
939 3443 1176 3498 nubibus
1226 3443 1458 3498 imbrem
1519 3443 1604 3498 vel
1670 3450 2041 3512 tempestatem

2147 3448 2239 3503 διά
2282 3448 2382 3520 τῆς
2426 3452 2661 3523 σελήνης
2696 3451 2957 3518 πολλάκις
2985 3456 3031 3488 ’⁸
3067 3457 3452 3527 σημαινόμενα
3484 3474 3500 3490 ο
3554 3457 3731 3531 λεπτὴ

461 3539 592 3596 ~fore
637 3535 946 3609 signiﬁcat;
977 3535 1184 3604 pariter
1244 3543 1300 3590 et
1329 3533 1410 3592 sol
1459 3534 1727 3606 ignicolor
1750 3535 2041 3606 sanguino-

2147 3540 2258 3614 γὰρ
2290 3537 2428 3596 οὖσα
2452 3545 2575 3607 ταῖς
2604 3544 2788 3598 ἀκτῖσι
2822 3547 2952 3617 περὶ
2972 3546 3075 3618 ’τὴ-ν
3111 3548 3224 3618 ius:
3233 3565 3332 3620 ραν
3353 3551 3459 3604 καὶ
3484 3550 3729 3623 καθαρὰ,

475 3633 764 3700 lentusque
808 3628 988 3684 factus
1035 3626 1203 3684 radiis
1237 3635 1334 3688 aut
1414 3628 1722 3698 splendore,
1777 3630 2041 3685 violentos

2152 3633 2427 3706 σταθερὰν
2475 3635 2662 3689 εὐδίαν
2709 3637 3147 3706 καταγγέλλεται
3187 3657 3202 3672 ο
3246 3643 3449 3712 παχεῖα
3489 3641 3555 3696 δὲ
3607 3644 3731 3706 ταῖς

467 3731 660 3781 .motus
693 3719 906 3778 indicat
931 3728 1227 3777 eventuros
1271 3737 1286 3775 :
1318 3735 1462 3790 saepe
1484 3757 1487 3760 ι
1511 3721 1679 3790 igitur
1732 3721 2041 3792 huiusmodi

2153 3725 2405 3794 κεραίαις
2439 3726 2534 3780 καὶ
2591 3725 2898 3798 ὑπέρυθρος
2943 3730 3266 3800 φαινομένη,
3301 3732 3333 3802 ἢ
3365 3731 3509 3804 ὕδωρ
3531 3731 3732 3802 λάϐρον

471 3816 632 3886 signa
652 3811 990 3883 profuerunt
1025 3811 1214 3868 multis
1253 3813 1683 3883 navigatoribus,
1711 3815 1969 3885 agricolis
1992 3824 2046 3872 et

475 3903 794 3962 viatoribus.

2153 3817 2262 3872 ἀπὸ
2286 3817 2466 3886 νεφῶν
2493 3817 2527 3889 ἢ
2557 3818 3052 3889 χειμῶνα-ἔσεσθαι
3082 3821 3280 3892 μηνύει
3310 3837 3324 3852 ⁸
3347 3824 3610 3889 ὡσαύτως
3636 3822 3734 3877 καὶ

2150 3911 2179 3962 ὁ
2219 3909 2373 3979 ἥλιος
2421 3909 2780 3981 ἀνθρακὼδης
2837 3910 3126 3982 γινόμενος
3165 3914 3261 3966 καὶ
3314 3913 3555 3985 ὔςραιμος
3610 3915 3733 3976 ταῖς

475 3999 694 4053 ἀκτῖσιν
755 3991 790 4062 ἢ
833 3990 913 4062 τῷ
951 3991 1372 4065 ἁπαυγάσματι,
1432 3997 1613 4069 βιαίαν
1648 3998 1864 4071 κίνησιν
1897 3999 2050 4071 δηλοῖ
2085 4001 2436 4070 ἐπιγενέσθαι
2476 4017 2491 4034 ο
2518 4001 2783 4065 πολλάκις
2805 3997 2900 4055 οὖν
2925 4003 2989 4056 ἐκ
3048 4003 3147 4073 τῆς
3174 4005 3432 4076 τοιαύτης
3490 4005 3735 4077 σημειὼο

479 4107 618 4158 σεως
643 4093 1002 4167 ὠφελήθησαν
1036 4093 1225 4146 πολλοὶ
1254 4092 1544 4160 πλωτῆρές
1581 4107 1641 4144 τε
1663 4092 1769 4145 καὶ
1805 4092 2044 4161 γεωργοὶ
2077 4092 2176 4146 καὶ
2207 4092 2506 4164 ὁδοιπόροι.

835 4185 903 4242 ν.
936 4184 1014 4241 De
1052 4186 1289 4256 piscibus
1314 4197 1364 4241 et
1405 4184 1734 4242 volatilibus.

550 4279 756 4347 Quinto
773 4280 862 4336 die
890 4279 1053 4351 jusl't
1081 4279 1226 4337 Deus
1257 4297 1278 4332 ι
1317 4281 1615 4348 producere
1649 4294 1822 4347 aquas
1861 4279 2056 4350 reptile

2259 4185 2389 4259 ..[E']
2421 4187 2562 4257 Περὶ
2584 4187 2723 4242 τῶν
2752 4189 2975 4258 ίχθύων
3006 4189 3106 4244 καί
3128 4187 3255 4244 τῶν
3283 4190 3600 4246 πετεινῶν.

2222 4279 2267 4309 θ’
2313 4278 2402 4332 Ἐν
2445 4278 2507 4332 δέ
2545 4281 2612 4350 τῇ
2643 4278 2684 4331 ε’
2717 4280 2901 4352 ἡμέρᾳ
2944 4279 3240 4334 ἐκέλευσεν
3286 4299 3308 4334 ι
3341 4282 3635 4350 ἐξαγαγεῖν
3667 4284 3736 4338 τὰ

483 4377 678 4428 anima:
700 4369 932 4427 viventis
969 4379 1026 4426 et
1077 4370 1296 4426 volatile
1335 4370 1438 4425 sub
1456 4369 1798 4425 ﬁrmamento
1852 4371 2000 4427 caeli.
2031 4387 2041 4423 ι

2155 4366 2327 4422 ὕδατα
2361 4369 2572 4438 ἑρπετά
2602 4368 2792 4440 ψυχῶν
2846 4369 3040 4434 ζωσῶν
3073 4371 3173 4426 καὶ
3227 4373 3453 4427 πετεινά
3493 4374 3631 4428 κατὰ
3673 4374 3738 4426 τὺ

483 4459 551 4513 Ει
574 4459 738 4516 simul
789 4475 910 4514 cum
962 4459 1219 4515 mandato
1251 4457 1549 4528 perfectum
1597 4468 1682 4516 est
1708 4475 1868 4530 opus,
1894 4460 2041 4530 aquis

2161 4462 2456 4534 στερέωμα
2499 4461 2596 4518 τοῦ
2631 4461 2868 4534 οὐρανοῦ
2920 4463 3198 4535 πετόμενα
3227 4481 3253 4517 λι
3311 4482 3325 4497 ·
3363 4467 3456 4519 καὶ
3507 4466 3605 4518 σὺν
3655 4466 3736 4536 τῷ

485 4552 594 4607 vim
651 4549 978 4605 habentibus
1005 4549 1339 4619 producendi
1379 4551 1594 4607 animas
1631 4551 1894 4608 viventes.
1920 4551 2057 4608 Nam

490 4643 671 4696 statim
709 4655 861 4696 mare
895 4641 1044 4696 varia
1099 4643 1313 4712 peperit
1330 4644 1637 4698 natantium
1682 4660 1906 4714 genera,
1951 4644 2059 4699 llu-

491 4731 674 4801 viique.
701 4739 758 4786 et
791 4729 1018 4802 paludes
1067 4732 1304 4803 propriis
1335 4743 1653 4810 naturaeque
1689 4751 1801 4791 sua:
1840 4752 2060 4808 compe-

488 4823 727 4880 tentibus
757 4821 962 4895 impleti
1007 4831 1137 4880 sunt
1165 4822 1427 4893 piscibus.
1455 4824 1836 4882 Produxerunt
1856 4829 2055 4884 iterum

485 4929 639 4986 aquqe
667 4913 928 4980 volatilia,
952 4928 1074 4984 qua:
1103 4915 1396 4984 quamdam
1430 4917 1635 4972 habent
1667 4934 1790 4973 cum
1829 4921 2057 4975 natanti-

485 5006 587 5061 bus
619 5005 1057 5066 conformitatem
1090 5017 1147 5063 et
1208 5007 1543 5065 aﬂinitatem.
1583 5009 1736 5066 Sicut
1783 5013 1930 5067 enim
1981 5013 2063 5082 pi-

486 5109 606 5151 sees
633 5096 687 5149 in
719 5097 876 5167 aquis
907 5097 1196 5167 pinnarum
1258 5110 1413 5154 mom
1471 5101 1793 5166 procedunt,
1839 5112 1893 5157 et
1950 5101 2060 5158 fre-

486 5186 671 5255 quenti
699 5187 886 5241 caudae
938 5187 1232 5246 inﬂexione
1273 5198 1453 5247 rectos
1484 5201 1673 5247 motus
1701 5207 1828 5250 suos
1863 5194 2059 5263 guber-

489 5283 643 5341 nant,
667 5275 747 5330 sic
781 5291 908 5332 aves
934 5279 1127 5346 pennis
1153 5279 1211 5334 in
1241 5293 1368 5335 aere
1416 5288 1627 5347 natant,
1665 5297 1903 5354 eumque
1952 5285 2062 5339 lin-

493 5369 651 5432 dunt,
676 5376 732 5422 et
763 5381 1093 5439 quocunque
1113 5373 1306 5428 volunt
1329 5382 1635 5442 penetrant.

2156 4557 2549 4626 προστάγματι
2606 4555 2671 4610 τδ
2719 4555 2884 4628 ἔργον
2939 4554 3284 4620 ἐτελειοῦτο,
3341 4557 3441 4627 τῆς
3490 4558 3628 4628 πρὸς
3676 4558 3739 4610 τὸ

2156 4648 2452 4716 ζωογονεῖν
2484 4649 2931 4722 ἐπιτηδειότητος
2961 4649 3333 4720 ἐγγενομένης
3362 4653 3480 4715 τοῖς
3523 4651 3735 4704 ὕδασιν.

2157 4741 2335 4804 Εὐθὺς
2371 4741 2483 4812 γὰρ
2515 4741 2764 4797 θάλασσα
2824 4743 2926 4814 μὲν
2975 4743 3045 4796 τά
3089 4743 3412 4797 παντοδαπά
3445 4744 3576 4816 γένη
3627 4745 3738 4798 τῶν

2155 4829 2374 4902 νηκτῶν
2439 4833 2748 4899 «ἀπέτεκεν,
2810 4834 3048 4905 ποταμοὶ
3112 4833 3171 4888 δὲ
3228 4836 3324 4890 καὶ
3385 4835 3574 4906 λίμναι
3627 4837 3737 4890 τῶν

2158 4924 2378 4979 οἰκείων
2399 4925 2494 4980 καὶ
2524 4926 2667 4979 κατὰ
2705 4926 2870 4995 φύσιν
2901 4925 3102 4998 ἰχθύων
3129 4926 3554 4998 ἐπληρώθησαν.
3593 4928 3736 4998 Προ-

2159 5015 2334 5084 ήγαγε
2372 5015 2432 5070 δέ
2461 5012 2615 5080 αὖθις
2665 5019 2762 5072 καὶ
2791 5019 2859 5072 τὰ
2901 5020 3128 5073 πετεινά
3177 5019 3248 5073 τὰ
3291 5017 3485 5086 ὕδατα,
3531 5019 3736 5090 τρόπον

2157 5107 2284 5161 τινὰ
2319 5110 2414 5161 xal.
2445 5110 2770 5179 συγγένειαν
2799 5109 2940 5182 πρὸς
2964 5110 3034 5163 τά
3067 5110 3244 5182 νηκτά
3268 5109 3485 5181 ἔχοντα.
3521 5111 3737 5180 Ὥσπερ

2159 5199 2271 5270 γάρ
2304 5201 2353 5253 οἰ
2381 5199 2567 5270 ίχθύες
2595 5202 2655 5254 ἐν
2691 5203 2804 5266 τοῖς
2842 5202 2998 5256 ὕδασι
3030 5204 3099 5274 τῇ
3136 5202 3356 5274 κινήσει
3383 5203 3492 5257 τῶν
3529 5201 3735 5272 πτερύο

2160 5305 2276 5358 γων
2298 5291 2393 5343 ἐπὶ¹
2409 5291 2472 5344 τδ
2494 5291 2682 5363 πρόσω
2697 5292 2988 5365 χωροῦσιν,
3013 5297 3079 5366 τῇ
3098 5294 3157 5349 δέ
3177 5297 3350 5366 συχνῇ
3379 5296 3737 5365 μεταστροφῇ

2160 5381 2255 5434 τοῦ
2302 5383 2524 5454 οὐραίου
2559 5385 2658 5450 τὰς
2703 5386 2924 5451 εὐθείας
2965 5388 3152 5452 αὐτοῖς
3188 5388 3366 5459 ὁρμὰς
3398 5385 3738 5452 ὑακίζουσιν,

493 5457 668 5522 οὕτως
693 5458 786 5511 καὶ
819 5456 890 5510 τά
929 5462 1150 5515 πετεινά
1179 5466 1318 5518 κατὰ
1343 5463 1433 5518 τὸν
1456 5465 1906 5538 ἀέρα-νηχόμενα
1935 5470 2191 5539 τέμνουσι
2217 5475 2323 5544 μὲν
2350 5473 2562 5544 τοῦτον,
2600 5478 2809 5548 περῶσι
2836 5479 2896 5532 δέ
2927 5480 3062 5534 ὃπου
3091 5483 3186 5534 καὶ
3224 5456 3526 5549 βούλονται.

1643 5583 1844 5646 Variae
1885 5584 2197 5650 lectiones
2239 5594 2302 5653 et
2346 5597 2538 5654 noue.

555 5695 604 5727 "
640 5692 774 5750 Gen.
801 5711 840 5757 ι,
877 5695 1026 5756 9,1θ.
1133 5697 1179 5730 ⁸³
1209 5697 1344 5755 Cen.
1377 5716 1416 5760 ι.
1453 5702 1629 5765 ll,l2.

492 5764 658 5846 hinc.
718 5767 1095 5846 καταμερίσας
1152 5769 1213 5825 Ρ.
1288 5770 1387 5824 'l'h.
1482 5764 1529 5804 ⁸⁶
1564 5773 1862 5846 πολυμερεί
1911 5764 2034 5832 ἒυιί.

493 5832 537 5863 ³³
572 5829 707 5885 Gen.
761 5848 796 5894 ι,
828 5829 916 5886 ΞΟ.

1730 5705 1775 5738 ⁸⁸
1798 5706 1981 5790 κινηθ.
2001 5724 2041 5790 ,ε

2145 5781 2190 5790 μ
2217 5710 2271 5790 ’τ’
2295 5714 2673 5790 κατεκοσμήτ.
2709 5714 2834 5770 cod.
2909 5716 2955 5749 "'
2989 5718 3047 5770 ἐν
3080 5710 3324 5790 ᾖνὴμέρᾳ
3358 5715 3441 5772 vel
3471 5715 3743 5790 év‘ﬂpépq

2145 5781 2190 5812 ⁹⁹
2213 5779 2320 5834 ts?
2424 5784 2465 5814 "
2504 5779 2612 5836 καί
2652 5785 2684 5854 ἡ
2730 5817 2794 5830 -—
2835 5779 3212 5859 σημαινομένη

3262 5786 3319 5845 Ρ.
3348 5816 3414 5830 --
3445 5786 3572 5842 καθ.
3618 5787 3744 5842 cod.
