4114 6416
416 350 551 418 I265

475 464 636 537 905
657 464 777 538 [εἷ’]
812 466 944 535 Περὶ
978 464 1095 520 τῶν
1125 466 1365 535 κτηνῶν
1395 470 1492 522 καὶ
1523 468 1641 522 τῶν
1663 466 1906 536 θηρίων.

478 581 523 611 ⁹³
545 578 711 643 Αὖθις
730 580 788 634 δὲ
819 581 878 635 ὲν
907 582 973 653 τῇ
1012 580 1067 646 ς’
1101 582 1284 654 ἡμέρᾳ
1313 581 1600 654 ἐπετράπη
1630 600 1648 635 t
1685 581 1979 650 ἐξαγαγεῖν

408 672 439 740 ἡ
469 670 537 738 γῆ
556 668 733 740 ψυχὴν
754 668 937 734 ζῶσαν
969 670 1111 725 κατὰ
1134 673 1309 742 γένος,
1328 673 1638 744 τετράποδα
1656 672 1748 726 καὶ
1770 672 1977 744 ἑρπετὰ

405 761 499 813 κα)⁸
525 758 690 831 θηρία
712 779 723 792 ·
773 778 793 812 ι
845 761 937 813 xal.
962 761 1126 825 εὐθὺς
1169 763 1456 835 προήγαγε
1494 762 1564 817 τά
1590 779 1649 816 τε
1680 761 1849 833 ἄγρια
1883 762 1978 816 καὶ

404 850 587 920 ἥμερα
615 850 751 914 ζῶα.
796 852 986 923 Ψυχὴν
1028 852 1085 906 δὲ
1120 853 1303 917 ζῶσαν
1334 855 1626 924 ἐξαγαγεῖν
1661 853 1972 920 ἐκέλευσεν,

406 939 495 993 ἵνα
521 939 586 991 ὲκ
617 939 809 993 τούτου
857 940 1195 1013 γινώσκηται
1234 943 1335 1013 τῆς
1379 960 1437 995 τε
1477 942 1680 1010 ἀλόγου
1724 942 1903 1013 ψυχῆς
1941 942 1975 1013 η

403 1030 638 1101 διαφορὰ
682 1033 775 1087 καὶ
806 1032 907 1101 τῆς
938 1032 1288 1104 ἀνθρωπίνης
1319 1034 1369 1067 ’⁸
1395 1049 1410 1067 ⁸
1452 1034 1517 1087 ὲκ
1563 1033 1674 1105 γὰρ
1700 1033 1800 1102 γῆς
1832 1032 1973 1103 ἐφύη

402 1122 511 1175 τῶν
534 1122 747 1191 ἀλόγων
776 1125 809 1193 ἠ
856 1122 1025 1195 ψυχὴ,
1075 1126 1110 1196 η
1160 1125 1217 1178 δὲ
1250 1114 1381 1179 ⁶τῶν
1419 1122 1749 1195 ἀνθρώπων
1776 1124 1842 1177 ἐκ
1877 1122 1974 1177 τοῦ

402 1212 544 1265 θείου
572 1213 970 1285 ἑμφυσήματος
1000 1214 1334 1287 συνέστηκεν
1358 1216 1405 1249 ’⁵
1436 1230 1451 1246 ο
1490 1215 1590 1268 καὶ
1615 1215 1697 1269 ὅτι
1738 1215 1916 1285 γεηρά
1940 1216 1973 1284 ἠ

400 1301 508 1355 τῶν
535 1302 749 1372 ἀλόγων
778 1303 948 1375 ψυχὴ,
988 1305 1050 1370 ἐξ
1081 1306 1253 1376 αὐτῆς
1282 1306 1398 1359 ἔστι
1435 1305 1642 1374 γνῶναι
1678 1306 1847 1360 πάλιν
1872 1305 1973 1375 τῆς

400 1392 625 1463 Γραφῆς
652 1408 671 1428 ο
711 1394 927 1465 εἴρηται
954 1396 1068 1467 γάρ
1101 1413 1117 1430 ο
1154 1416 1173 1451 t
1209 1396 1371 1468 Ψυχὴ
1402 1396 1600 1461 παντὸς
1642 1397 1874 1467 κτήνους
1915 1396 1973 1449 τὸ

400 1482 539 1555 αἷμα
566 1484 729 1539 αὑτοῦ
758 1488 907 1541 ἐστιν
937 1504 953 1519 ·
988 1507 1006 1541 ι
1035 1484 1175 1559 αἷμα
1206 1489 1265 1543 δὲ
1304 1489 1654 1562 πηγνύμενον
1688 1490 1770 1551 εἰς
1796 1488 1973 1559 σάρκα

401 1575 796 1644 μεταϐάλλεται
829 1591 845 1606 ⁸
877 1576 1014 1648 σὰρξ
1056 1578 1112 1633 δὲ
1145 1577 1525 1651 φθει[ρομένη]
1571 1580 1651 1643 εἰς
1693 1578 1800 1648 γῆν
1837 1579 1971 1632 ἀνι-

397 1665 606 1722 λύεται.
634 1668 881 1734 Εἰκότως
907 1666 1005 1725 οὖν
1031 1670 1240 1743 γεώδης
1267 1674 1300 1742 ἡ
1336 1672 1484 1742 ψυχὴ
1512 1669 1606 1724 τοῦ
1640 1671 1862 1739 ἀλόγου.

512 1780 613 1855 [2']
654 1782 794 1853 Περί
829 1782 940 1852 τῆς
965 1782 1352 1852 κατασκευῆς
1376 1784 1483 1840 τοῦ
1521 1784 1861 1853 ἀνθρώπου.

477 1895 698 1969 Ἐπειδὴ
730 1896 832 1970 [δὲ]
861 1897 1046 1952 λοιπὸν
1069 1897 1171 1971 [τῷ
1188 1898 1541 1971 acumini,qu
1571 1900 1765 1955 κάλλει
1789 1900 1971 1956 πάντα

394 1986 759 2059 διεκοσμεῖτο,
814 1990 844 2043 ό
883 1990 1115 2059 οὐρανὸς
1165 1990 1267 2061 μὲν
1326 1993 1449 2055 ταῖς
1486 1991 1597 2045 τῶν
1636 1993 1969 2065 φωστήρων,

398 2077 638 2151 [αὐγαῖς.
665 2079 1007 2154 θάλασσα]...
1055 2082 1115 2137 δὲ
1161 2083 1257 2137 καὶ
1286 2082 1394 2153 ἀὴρ
1438 2084 1551 2147 τοῖς
1605 2086 1823 2155 νηκτοίς
1874 2086 1970 2138 καὶ

395 2175 603 2245 ἀερίοις
628 2176 737 2228 τῶν
760 2174 937 2241 ζώων,
976 2175 1049 2247 γῆ
1075 2176 1133 2229 δὲ
1156 2178 1277 2240 ταῖς
1308 2176 1619 2249 [παντοίαις
1658 2176 1968 2249 διαφοραῖς]

395 2265 503 2319 τῶν
525 2266 707 2335 φυτῶν
727 2284 787 2321 τε
817 2267 913 2323 καὶ
941 2268 1329 2341 βοσκημάτων,
1366 2268 1559 2341 ὥσπερ
1584 2270 1709 2325 τινὰ
1742 2269 1970 2341 βασιλέα

392 2358 448 2425 [ό
474 2357 567 2411 τοῦ
621 2358 824 2423 παντὸς
873 2360 1109 2432 ποιητὴς
1156 2359 1393 2436 εἰσάγ]ει
1439 2362 1532 2415 τὸν
1578 2361 1868 2435 ἄνθρωπον
1910 2366 1970 2419 ὲν

394 2447 606 2519 κόσμῳ,
649 2448 748 2521 οὐχ
792 2449 869 2513 ὡς
905 2451 1217 2524 ἀπόϐλητον
1254 2453 1482 2526 ἔσχατον
1522 2454 1702 2525 (206⁸)
1751 2455 1967 2521 κτίσας,

392 2540 510 2594 ἀλλ’
556 2540 633 2605 ὡς
680 2541 800 2612 ἃμα
844 2545 912 2615 τῇ
943 2544 1159 2613 γενέσει
1204 2545 1509 2616 βασιλεύειν
1555 2547 1863 2617 ὀφείλοντα.
1904 2548 1970 2601 Τί

392 2632 502 2704 γάρ
534 2650 699 2704 φησιν
727 2635 761 2703 ἠ
808 2635 1039 2705 Γραφήε
1082 2655 1102 2689 ι
1139 2637 1250 2691 Καὶ
1295 2633 1449 2692 εἶπεν
1479 2640 1507 2693 ὁ
1546 2637 1680 2703 Θεός
1706 2652 1720 2666 ’
1755 2639 1801 2672 ⁸⁸
1843 2639 1961 2693 Ποι·

391 2725 613 2797 ήσωμεν
642 2726 929 2793 ἄνθρωπον
976 2731 1102 2782 κατ’
1149 2729 1336 2783 εἰκόνα
1383 2729 1658 2801 ἡμετέραν
1712 2732 1808 2785 καὶ
1847 2731 1972 2785 καθ’

390 2817 674 2887 ὁμοίωσιν,
716 2820 813 2873 καὶ
850 2820 1173 2891 ἀρχέτωσαν
1222 2822 1331 2876 τῶν
1378 2822 1578 2892 ἰχθύων
1617 2821 1720 2891 τῆς
1767 2822 1969 2878 θαλάσο

393 2926 496 2980 aq;
533 2911 627 2963 καὶ
658 2910 767 2963 τῶν
796 2913 1062 2967 πετεινῶν
1098 2912 1194 2967 τοῦ
1238 2913 1470 2985 ούρανοῦ
1509 2914 1603 2968 καὶ
1626 2915 1736 2969 τῶν
1763 2914 1970 2986 θηρίων

388 3000 484 3053 καὶ
515 3000 695 3073 πάσης
725 3002 827 3072 τῆς
862 3004 988 3073 γῆς.
1026 3022 1047 3056 ι
1087 3004 1198 3058 Καὶ
1233 3003 1302 3059 τὰ
1333 3005 1437 3075 μὲν
1469 3004 1607 3060 ἄλλα
1637 3006 1817 3060 πάντα
1853 3008 1968 3061 κτί⁴

1547 354 2009 417 CHRONICON.
2053 379 2121 393 ·-
2162 355 2312 419 LIB.
2352 359 2484 422 VII.

2000 1810 2047 1870 B

3527 367 3665 429 1266

2471 471 2554 525 Vl.
2597 471 2669 525 De
2707 472 2965 542 iumentis
2995 483 3045 529 et
3066 475 3271 531 bestiis.

2159 580 2325 636 Sexto
2359 583 2445 637 die
2470 581 2629 653 iussa
2678 595 2761 641 est
2795 604 2814 637 ι
2880 588 3183 653 producere
3232 596 3373 642 terra
3424 591 3657 645 animam

2086 672 2356 729 viventem
2418 675 2471 729 in
2506 691 2705 746 genere
2730 692 2855 743 suo,
2905 679 3308 748 quadrupedes,
3360 681 3571 750 reptilia
3607 697 3663 738 et

2088 764 2309 823 bestias.
2341 786 2359 819 ι
2385 768 2451 822 Et
2478 769 2660 824 statim
2681 769 2937 839 produxit
2965 771 3074 826 fera
3097 780 3149 826 et
3170 773 3357 827 cicura
3381 775 3661 827 animalia.

2087 856 2256 911 Porro
2282 856 2439 925 jussa
2483 871 2568 917 εει
2619 860 2711 914 illa
2747 861 3049 929 producere
3080 862 3317 916 animam
3362 863 3659 924 viventem.

2085 955 2145 1002 ut
2165 948 2359 1005 exinde
2385 960 2712 1021 agnoscatur
2736 953 3071 1009 irrationalis
3102 956 3299 1009 animae
3324 955 3392 1010 ab
3415 957 3654 1009 humana

2082 1037 2410 1096 discrimen:
2448 1056 2516 1097 ex
2566 1051 2709 1099 terra
2763 1044 2910 1099 enim
2941 1055 3198 1116 generata
3252 1056 3338 1102 est
3368 1046 3655 1102 hrutorum

2082 1135 2287 1200 anima,
2352 1136 2635 1194 hominum
2686 1154 2817 1195 vero
2864 1141 3048 1196 anima
3099 1141 3287 1197 divino
3350 1142 3527 1197 amata
3572 1142 3658 1197 est

2082 1224 2296 1294 spiritu.
2329 1226 2405 1282 Ac
2433 1236 2703 1284 terrenam
2732 1245 2856 1286 esse
2877 1232 3164 1287 brutorum
3189 1234 3426 1288 animam
3452 1249 3515 1287 ex
3539 1234 3656 1301 ipsa

2081 1318 2277 1372 iterum
2317 1329 2463 1389 patet
2515 1320 2804 1391 Scriptura
2858 1322 3120 1379 dicente:
3152 1342 3170 1375 ι
3236 1325 3431 1377 Anima
3475 1322 3656 1378 omnis

2082 1410 2269 1464 bestiae
2329 1410 2383 1464 in
2452 1412 2719 1482 sanguine
2775 1413 2896 1482 ejus
2941 1420 3044 1468 est.
3083 1432 3104 1466 ι
3164 1414 3401 1483 Sanguis
3472 1422 3655 1468 autem

2080 1500 2399 1571 coagulatus
2449 1500 2501 1556 in
2534 1516 2750 1557 carnem
2777 1504 3136 1569 convertitur,
3164 1512 3218 1558 et
3249 1518 3377 1558 caro
3403 1513 3655 1572 corrupta

2080 1590 2134 1644 in
2164 1599 2366 1647 terram
2412 1592 2726 1649 resolvitur.
2773 1592 2909 1650 Vere
2951 1595 3119 1666 igitur
3152 1605 3366 1652 terrena
3405 1604 3489 1653 cst
3508 1593 3655 1651 bruti

2078 1698 2281 1738 anima.

2434 1792 2539 1853 VII.
2586 1799 2658 1856 De
2696 1802 2923 1857 hominis
2976 1804 3313 1874 formatione;

2141 1907 2275 1964 Cum
2328 1910 2440 1979 jam
2512 1913 2696 1968 omnia
2755 1930 2998 1985 congruo
3054 1916 3157 1971 sibi
3231 1917 3649 1972 decore-ornata

2070 2002 2492 2066 essent,ca:lum
2519 2005 2718 2076 quippe
2735 2015 3010 2064 astrorum
3047 2010 3455 2080 splendoribus,
3495 2026 3650 2066 mare

2070 2103 2201 2145 vero
2247 2099 2301 2146 et
2333 2105 2427 2146 aer
2469 2093 2710 2162 piscibus
2764 2104 2819 2151 et
2874 2098 3040 2153 aeriis
3094 2099 3447 2162 animalibus,
3484 2112 3650 2170 atque

2073 2190 2213 2237 terra
2256 2181 2811 2255 diversisplantarum
2862 2195 2917 2241 et
2951 2189 3253 2244 bestiarum
3316 2190 3647 2259 speciebus:

2071 2274 2219 2331 velut
2244 2290 2427 2345 regem
2458 2276 2515 2331 in
2543 2278 2807 2334 mundum
2842 2279 3047 2333 Artifex
3074 2280 3320 2335 omnium
3348 2282 3650 2337 introducit

2073 2365 2371 2434 hominem,
2406 2384 2567 2439 quem
2637 2370 2896 2425 ultimum
2954 2371 3160 2425 creavit
3217 2388 3324 2425 non
3390 2381 3650 2442 tanquam

2071 2457 2365 2528 abiectum,
2424 2460 2518 2515 sed
2560 2468 2620 2515 ut
2668 2460 2852 2515 statim
2912 2461 2979 2515 ah
3013 2468 3134 2515 ortu
3183 2472 3451 2530 regnaret.
3504 2461 3647 2527 Quid

2072 2549 2220 2604 enim
2250 2548 2383 2605 dicit
2422 2550 2749 2620 Scriptura?
2782 2569 2801 2602 ι
2836 2549 2899 2605 Et
2942 2551 3074 2604 dixit
3124 2549 3307 2605 Deus:
3359 2548 3651 2605 Faciamus

2074 2640 2349 2696 hominem
2387 2640 2455 2696 ad
2501 2640 2793 2711 imaginem
2842 2650 2899 2697 et
2928 2642 3335 2697 similitudinem
3364 2651 3645 2705 nostram;

2070 2741 2125 2788 et
2175 2733 2360 2803 praesit
2414 2733 2659 2803 piscibus
2702 2734 2894 2797 maris,
2940 2743 2991 2788 et
3047 2733 3366 2787 volatilibus
3411 2733 3559 2796 cmli,
3594 2742 3689 2786 et:

2070 2823 2281 2889 bestiis,
2346 2824 2721 2896 universaque
2773 2836 2996 2880 terrai.»
3063 2824 3128 2879 Et
3160 2834 3365 2878 caetera:
3425 2823 3657 2893 quidem-

2071 2922 2345 2970 creaturae
2415 2931 2526 2971 uno
2560 2916 2729 2972 verbo
2785 2917 3071 2986 producta:
3118 2924 3287 2981 sunt;
3318 2913 3484 2969 homo
3518 2928 3653 2969 vero

2071 3002 2124 3055 in
2158 3017 2259 3057 sua
2319 3002 2649 3059 formatione
2705 3001 3062 3058 nonnihilab
3131 3001 3243 3057 illis
3292 3001 3642 3071 discrepuit:

390 3110 574 3163 σματα
601 3095 811 3165 ῥήματι
837 3097 985 3168 μόνῳ
1011 3098 1275 3171 παρήχθη
1295 3115 1310 3131 °
1339 3100 1367 3153 ὀ
1394 3098 1454 3152 δὲ
1491 3098 1780 3170 ἄνθρωπος
1810 3099 1967 3171 ἔσχεν

2074 3094 2307 3149 consilio
2357 3094 2505 3149 enim
2562 3094 2863 3165 praehabito
2922 3103 3141 3150 creatus
3175 3104 3282 3157 εει,
3318 3102 3395 3151 ut
3444 3092 3647 3147 exinde

387 3182 668 3254 ἐξαίρετόν
696 3203 750 3239 τι
779 3188 922 3241 κατὰ
950 3188 1049 3257 τὴν
1088 3188 1309 3258 ποίησιν
1339 3188 1492 3260 παρὰ
1531 3189 1726 3245 ταῦτα.
1760 3191 1967 3263 Βουλῆς

2073 3185 2452 3241 ostenderetur
2481 3199 2606 3240 eum
2639 3199 2761 3242 esse
2789 3184 2994 3255 aliquid
3024 3184 3273 3255 pretiosi.
3292 3182 3429 3237 Illud
3450 3182 3595 3236 enim
3624 3197 3644 3235 ι

386 3277 495 3347 γὰρ
522 3279 989 3349 προηγησαμένης
1016 3280 1265 3352 ἐκτίσθη,
1307 3282 1391 3336 ἵνα
1438 3284 1503 3337 ἔκ
1537 3284 1725 3339 τούτου
1754 3284 1962 3355 δειχθῇ.

384 3370 466 3424 ὅτι
508 3387 613 3439 περ
639 3370 818 3440 τίμιόν
847 3388 901 3424 τι
941 3372 1129 3444 χρῆμα
1160 3372 1398 3444 ὑπάρχει
1442 3391 1456 3404 ·
1494 3374 1554 3429 τὸ
1606 3375 1748 3447 γάρ’
1784 3395 1802 3427 ι
1840 3376 1967 3429 Ποι-

387 3463 609 3532 ήσωμεν
644 3461 935 3533 ἄνθρωπον
985 3463 1108 3517 κατ’
1136 3465 1328 3519 εἰκόνα
1368 3466 1645 3537 ἡμετέραν
1691 3465 1790 3520 καὶ
1840 3466 1965 3521 καθ’

386 3553 700 3622 ὁμοίωσιν,›
732 3553 885 3607 οὐδὲν
919 3554 1107 3626 ἕτερον
1144 3554 1417 3609 δείκνυσιν
1460 3556 1493 3626 ἢ
1535 3556 1616 3608 ὅτι
1668 3554 1962 3625 συμϐούλῳ

386 3646 657 3715 ἐχρήσατο
685 3647 714 3698 ὁ
740 3645 931 3715 Πατὴρ
960 3645 1039 3716 τῷ
1081 3649 1365 3716 μονογενεῖ
1402 3644 1568 3699 αὑτοῦ
1604 3646 1716 3715 Υἰῷ
1748 3645 1842 3698 ἐπὶ
1892 3648 1959 3716 τῇ

384 3737 580 3790 τούτου
604 3741 918 3811 κατασκευῇ
953 3756 971 3789 ι
1006 3738 1084 3808 τῷ
1116 3739 1283 3812 906
1314 3740 1712 3809 ἁπαυγάσματι
1751 3738 1850 3808 τῆς
1881 3737 1965 3792 δό-

388 3828 507 3897 ξης,
541 3845 559 3878 ι
611 3828 754 3881 κατὰ
778 3831 871 3882 τὸν
910 3828 1257 3895 ’Λπόστολον,
1301 3847 1320 3881 t
1363 3829 1458 3883 καὶ
1504 3828 1814 3900 χαρακτῆρι
1866 3830 1962 3899 τῆς

390 3919 739 3982 ὖποστάσεως
768 3919 955 3974 αὑτοῦ.
996 3939 1014 3972 ι
1061 3919 1199 3977 Οὔτε
1225 3921 1337 3992 γὰρ
1362 3920 1492 3990 ἐνῆν
1521 3920 1666 3990 ἄλλῳ
1697 3919 1805 3972 τινὶ
1830 3936 1969 3988 συμ-

389 4012 564 4083 ϐούλῳ
609 4014 717 4067 τινὶ
762 4014 1127 4085 κεχρῆσθαιῆ
1163 4014 1241 4085 τῷ
1280 4014 1443 4078 ζῶντι
1491 4014 1585 4067 καὶ
1617 4011 1969 4083 ὲνυποστάτῳ

387 4106 555 4159 αὐτοῦ
586 4107 746 4177 Λόγῳ
773 4106 851 4177 τῷ
895 4107 1305 4178 ἀπαραλλάκτῳ
1334 4107 1457 4161 κατ’
1499 4106 1683 4161 εἰκόνα
1717 4107 1810 4160 καὶ
1839 4106 1967 4175 ὁμο-

386 4200 552 4270 ουσίὶρ
578 4198 671 4253 καὶ
704 4199 1032 4270 ἰσοδυνάμῳ.
1074 4197 1195 4270 (Κβ’
1220 4199 1269 4233 ⁵⁸
1294 4198 1453 4269 ἔργα,
1485 4200 1560 4260 ὡς
1606 4198 1760 4266 λέγει
1797 4197 1964 4250 Muniis

2078 3273 2415 3333 «Faciamus
2442 3277 2718 3333 hominem
2749 3278 2815 3331 ad
2874 3276 3168 3347 imaginem
3225 3285 3281 3331 et
3330 3273 3647 3328 similitudi-

2072 3378 2227 3418 nem~
2247 3376 2559 3431 nostramn
2585 3367 2719 3421 nihil
2747 3367 2895 3422 aliud
2925 3367 3201 3438 signiﬁcat
3229 3369 3393 3437 quam
3429 3365 3648 3419 Patrem

2070 3459 2137 3515 de
2165 3460 2404 3517 hominis
2424 3460 2750 3517 formatione
2773 3461 3091 3518 consiliario
3117 3476 3276 3516 usum
3306 3458 3481 3514 fuisse
3506 3454 3649 3510 Filio

2070 3566 2169 3606 suo
2200 3553 2613 3622 unigenito,qui
2634 3561 2741 3619 est,
2769 3553 2925 3621 juxta
2955 3552 3301 3622 Apostolum,
3332 3570 3356 3603 ι
3388 3546 3650 3619 splendor

2070 3641 2274 3711 glorias,
2304 3651 2358 3697 et
2397 3643 2565 3713 ﬁgura
2585 3642 2903 3698 substantia:
2937 3644 3080 3712 ejus.
3118 3660 3136 3693 ι
3179 3640 3336 3695 ΝιιΙΙο
3358 3640 3504 3694 enim
3540 3638 3651 3693 alio

2071 3733 2390 3788 consiliario
2418 3734 2492 3788 uti
2545 3742 2757 3802 poterat
2808 3748 2975 3803 quam
3028 3734 3243 3787 vivente
3274 3742 3329 3787 et
3377 3724 3673 3800 personali.

2072 3837 2175 3878 suo
2211 3821 2418 3888 Verbo,
2453 3822 2600 3892 quod
2630 3831 2714 3878 est
2736 3822 2919 3893 imago
2955 3823 3077 3892 ejus
3115 3821 3477 3877 immutabilis
3514 3835 3651 3875 con—

2066 3915 2554 3986 substantialisque
2590 3923 2645 3970 et
2676 3914 2985 3980 coaequalis‘.
3018 3913 3136 3968 Duo
3168 3920 3221 3967 et
3251 3910 3440 3983 viginti
3459 3924 3658 3980 opera,-

2068 4016 2125 4063 ut
2153 4006 2286 4062 dicit
2323 4006 2521 4072 Moses,
2546 4005 2687 4062 fecit;
2702 4004 2845 4060 Deus
2866 4006 3009 4060 intra
3034 4018 3127 4059 sex
3157 4004 3309 4059 dies:
3332 4002 3515 4072 itaque
3538 4001 3651 4055 duo

2064 4109 2119 4156 et
2140 4098 2329 4171 viginti
2352 4098 2561 4166 litterae,
2582 4096 2917 4167 totidemque
2933 4096 3054 4152 libri
3084 4095 3365 4166 suntapud
3384 4092 3647 4158 Hebrcos,

2065 4202 2120 4248 et
2142 4190 2334 4262 viginti
2365 4190 2473 4245 duo
2506 4188 2890 4257 generationes
2917 4189 2986 4244 ab
3020 4189 3193 4244 Adam
3248 4186 3314 4241 ad
3344 4186 3537 4241 Jacob.

389 4290 510 4358 σῆς,
538 4290 757 4344 ἔκτισεν
785 4293 814 4345 ὁ
856 4290 991 4355 Θεὸς
1020 4290 1078 4343 ὲν
1115 4291 1234 4354 ταῖς
1260 4292 1314 4355 ς’
1346 4292 1617 4363 ἡμέραις·
1681 4290 1761 4344 διὸ
1792 4289 1885 4344 καὶ
1949 4284 2034 4357 κβ¹
2067 4283 2373 4356 γράμματα
2415 4283 2512 4336 καὶ
2558 4280 2740 4352 βιϐλία
2770 4279 3017 4336 τοσαῦτα
3057 4281 3191 4352 παρ’
3230 4280 3505 4352 Ἑϐραίοις
3555 4276 3648 4333 καὶ

386 4379 471 4451 κβ’
510 4381 830 4450 γενεαρχίαι
855 4377 964 4430 ἀπὸ
989 4377 1166 4446 Ἀδὰμ
1189 4379 1354 4449 μέχρι
1386 4379 1631 4448 Ἰακώϐ.)

739 4499 848 4571 [ιιι]
878 4500 983 4564 Εἰς
1009 4498 1099 4563 τὸ,
1142 4497 1315 4553 (Κατ’
1340 4499 1599 4552 εἰκόνα.»

469 4612 686 4684 Ἐπειδὴ
716 4612 916 4678 τοίνυν,
941 4611 1017 4674 ὡς
1066 4610 1305 4683 εἴρηται,
1335 4609 1589 4680 βασιλεὺς
1621 4608 1809 4678 ὥσπερ
1842 4612 1957 4664 εἰσ-

385 4709 524 4781 ήχθη
566 4710 624 4761 ἐν
679 4705 870 4776 κόσμῳ
907 4706 935 4758 ὀ
977 4703 1286 4775 ἄνθρωπος,
1320 4702 1547 4766 εἰκότως
1580 4702 1675 4756 οὖν
1714 4703 1807 4755 καὶ
1834 4704 1957 4756 κατ’

384 4801 570 4853 εἰκόνα
597 4796 734 4852 Θεοῦ
761 4796 1093 4867 γεγένηται·
1124 4794 1232 4848 ἔδει
1275 4794 1383 4866 γὰρ
1414 4796 1505 4849 τὸν
1549 4795 1815 4863 μέλλοντα
1860 4794 1959 4865 ἄρ-

382 4908 502 4961 χειν
533 4890 640 4941 τῶν
671 4887 869 4950 ἄλλων,
920 4886 1112 4956 ὥσπερ
1149 4884 1272 4937 τινὰ
1305 4884 1492 4938 εἰκόνα
1536 4880 1674 4938 εἶναι
1717 4883 1959 4955 ἔμψυχον

382 4982 480 5049 τῆς
513 4978 610 5032 τοῦ
656 4976 924 5049 βασιλέως
949 4973 1288 5046 ὁμοιότητός,
1321 4974 1421 5028 οὐκ
1446 4978 1505 5029 ὲν
1540 4975 1834 5045 πορφυρίδι
1867 4978 1963 5027 καὶ

385 5073 652 5142 σκήπτρῳ
678 5068 773 5122 καὶ
798 5066 1091 5136 διαδήματι
1114 5063 1212 5135 τὴν
1241 5063 1399 5128 ἀξίαν
1433 5064 1787 5132 ἐμφαίνοντα,
1820 5066 1963 5115 ἐπει-

382 5165 445 5233 δὴ
475 5164 612 5234 μηδὲ
644 5162 706 5215 τὸ
749 5159 1060 5230 ἀρχέτυπον
1093 5158 1151 5209 ὲν
1189 5153 1401 5218 τούτοις
1442 5155 1610 5216 ἐστὶν,
1641 5154 1755 5207 ἀλλ’
1795 5156 1853 5208 ὲν
1885 5154 1963 5224 τῷ

386 5255 713 5326 κοσμεῖσθαι
758 5256 827 5324 τῇ
861 5248 1157 5322 ἀφθαρσίᾳ
1180 5250 1276 5301 καὶ
1321 5246 1596 5318 ἀθανασίᾳ
1625 5248 1720 5300 καὶ
1753 5248 1923 5317 ἀρετῇ
1946 5263 1963 5277 ο

385 5350 597 5413 τούτοις
645 5347 755 5420 γὰρ
806 5344 1058 5417 τιμηθεὶς
1094 5345 1123 5396 ό
1163 5340 1451 5412 ἄνθρωπος
1488 5342 1587 5412 τὴν
1620 5339 1756 5409 πρὸς
1786 5342 1831 5373 ⁹⁹
1864 5344 1962 5411 τὴν

1996 4481 2044 4539 ο

2357 4489 2490 4548 VIII.
2532 4491 2599 4546 In
2627 4492 2787 4546 illud:
2826 4510 2843 4543 ι
2871 4490 2953 4547 Ad
2989 4491 3309 4562 imaginem.
3339 4510 3357 4542 ι

2139 4606 2431 4673 Quoniam,
2486 4615 2547 4661 ut
2580 4605 2791 4662 dictum
2822 4616 2924 4674 est,
2959 4606 3110 4660 velut
3144 4621 3239 4660 rex
3289 4604 3342 4659 in
3376 4604 3654 4660 mundum

2068 4700 2413 4756 introductus
2445 4710 2528 4756 est
2556 4700 2741 4762 homo,
2767 4699 3156 4756 convenienter
3196 4699 3364 4769 igitur
3411 4697 3477 4753 ad
3513 4698 3647 4753 ima-.

2067 4791 2247 4861 ginem
2281 4790 2378 4846 Dei
2418 4789 2604 4846 factus
2661 4801 2769 4846 est.
2798 4789 3041 4847 Necesse
3089 4790 3236 4847 enim
3270 4799 3388 4846 erat
3413 4800 3493 4854 ut,
3525 4790 3647 4844 aliis

2070 4882 2426 4954 prmluturus,
2455 4884 2579 4939 viva
2623 4893 2771 4939 esset
2819 4883 3195 4955 regisimago.
3234 4890 3289 4937 et
3318 4882 3661 4947 similitudo,

2066 4991 2173 5031 non
2202 4991 2442 5046 purpura
2477 4984 2811 5046 sceptroque
2854 4990 2923 5032 ac
2976 4976 3283 5031 diademate
3327 4991 3481 5030 suam
3532 4990 3644 5029 mas

2070 5068 2336 5124 nil'estans
2371 5066 2715 5138 dignitatem,
2753 5081 2875 5122 eum
2898 5067 3015 5138 ipse
3049 5067 3390 5138 archetypos.
3412 5068 3495 5121 his
3533 5083 3651 5123 non-

2068 5159 2356 5228 relulgcat,
2386 5159 2481 5215 sed
2510 5174 2579 5214 eo
2608 5158 2755 5229 quod
2779 5166 3007 5214 ornetur
3060 5158 3501 5226 incorruptione,
3547 5158 3648 5213 im-

2069 5253 2401 5307 mortalitate
2433 5268 2498 5307 ac
2548 5252 2771 5306 virtute.
2811 5249 2906 5307 His
2931 5250 3078 5307 enim
3123 5251 3449 5307 nobilitatus
3480 5251 3651 5308 homo

2068 5352 2249 5399 Servat
2292 5345 2619 5415 exemplaris
2641 5343 2944 5415 imaginem
2976 5354 3047 5398 .et
3077 5343 3511 5399 similitudinem.
3556 5342 3644 5397 Li-

1558 5506 1753 5568 Varioe
1780 5507 2086 5571 lectiones
2134 5517 2192 5572 ct
2228 5518 2419 5574 notae.

539 5676 675 5752 Cen.
711 5692 753 5752 l_,
772 5677 882 5752 21.-
939 5673 995 5752 ³).
1018 5672 1109 5725 τοῦ
1132 5690 1274 5752 Even.
1386 5673 1516 5752 Th.“
1564 5670 1866 5752 “favéotq

2073 5702 2102 5728 ι.
2138 5678 2188 5732 9.
2225 5677 2513 5746 1.05.1?!“
2537 5678 2722 5747 ωλι.
2747 5678 2807 5751 ψ.
2840 5679 3017 5752 πάσης
3050 5682 3267 5751 σαρκός.
3346 5674 3549 5733 "196.
3588 5710 3641 5717 -ε-

387 5746 432 5780 ⁸⁷
468 5747 601 5803 Bch.
635 5764 673 5817 ι,
710 5747 762 5802 5.
826 5746 883 5827 ξε
915 5741 995 5816 κβ¹
1023 5772 1091 5783 -—
1132 5740 1321 5796 Ἰακὼϐ
1353 5742 1536 5797 om.P.
1614 5742 1657 5774 νο
1696 5743 1827 5812 πρδς
1863 5743 1949 5797 τόν
1977 5749 2098 5804 cod.
