4114 6420
455 363 591 426 1267

1658 376 1977 436 GEORGII
2019 378 2124 436 ΗΑ
2133 377 2474 437 ΜΑΙὶΤΟἸᾸ

3564 367 3704 433 1'268

455 479 642 530 herum
690 493 911 548 quoque
960 479 1247 534 arbitrium
1298 491 1507 537 natura:
1528 483 1781 539 humanae
1821 486 2022 555 regiam

2133 487 2487 557 πρωτότυπον
2528 486 2712 539 εἰκόνα
2741 484 3036 556 ὁμοιότητα
3079 481 3336 546 διασώζει
3363 499 3377 512 ·
3405 481 3485 535 ἔτι
3525 482 3581 535 δε
3613 485 3708 535 καὶ

451 570 773 640 dignitatem
807 571 1306 642 sublimitatemque
1339 583 1392 629 et
1421 590 1545 630 cum
1574 574 1756 630 divina
1793 577 2043 647 imagine»

450 659 889 714 conformitatem
949 662 1255 719 clarissime
1307 665 1668 721 demonstrat.
1691 665 1759 722 Et
1788 667 1929 722 hanc
1955 668 2027 722 ob

451 762 674 802 causam
723 747 814 802 Dei
847 750 1104 806 manibus
1144 749 1412 808 formatus
1463 765 1547 810 est
1583 755 1750 810 homo
1805 765 2028 825 propter

451 837 733 906 plasmatis
760 837 1078 908 dignitatem
1121 858 1134 895 :
1172 850 1316 897 totus
1343 842 1486 897 enim
1523 843 1756 899 consilio
1776 843 2026 898 elabora-

453 938 541 983 tus
559 937 666 984 est.
693 927 897 984 Deinde
928 940 1048 995 post
1077 931 1244 1001 hujus
1293 934 1675 992 formationem
1705 935 1838 1004 quid
1887 933 2024 989 dicit

456 1018 796 1090 Scriptura?
829 1039 848 1074 ι
889 1020 1303 1094 Complevitque
1372 1025 1524 1081 Deus
1547 1025 1638 1080 die
1684 1035 1840 1082 sexto
1882 1040 2023 1096 opus

448 1126 610 1166 suum
639 1113 787 1182 quod
817 1111 1043 1180 fecerat,
1074 1124 1130 1170 et
1156 1117 1426 1187 requievit
1455 1117 1545 1174 die
1588 1119 1918 1187 septimo,...
1970 1126 2026 1172 et

449 1202 817 1259 sanetilicavit
845 1205 1020 1270 illum,
1053 1209 1184 1277 quia
1216 1209 1270 1261 in
1307 1208 1428 1278 ipso
1455 1218 1769 1265 cessaverat
1783 1209 1853 1265 ab
1871 1207 2030 1265 omni-

449 1307 616 1364 opcre
641 1310 742 1352 suo
779 1299 925 1367 quod
954 1300 1160 1356 creavit
1188 1299 1332 1355 Deus
1371 1310 1429 1355 ut
1453 1300 1677 1356 faceret.
1719 1319 1740 1353 ι

2128 577 2619 648 ἡαύτεξουσιότης
2662 577 2725 628 τὸ
2777 575 3055 646 βασιλικὸν
3095 575 3192 628 κικί⁹
3245 573 3558 646 ἐπῃρμένον
3603 574 3706 642 τῆς

2127 666 2346 736 φύσεως
2387 666 2484 719 τοῦ
2530 665 2820 736 ἀνθρώπου
2866 667 2961 719 καὶ
3003 666 3141 735 πρὸς
3181 664 3280 734 τὴν
3311 664 3462 717 θείαν
3512 665 3700 717 εἰκόνα

2126 757 2366 828 ἐμφερὲς
2403 757 2790 827 ἐμφανέστατα
2817 757 2833 788 ¹
2865 755 3159 812 δείκνυσιν.
3203 755 3316 808 Καὶ
3347 755 3490 810 κατὰ
3516 754 3705 807 τοῦτον

2124 849 2218 902 τὸν
2241 848 2400 916 λόγον
2432 848 2528 902 καὶ
2569 848 2770 918 χειρῶν
2807 847 2943 902 Θεοῦ
2975 849 3136 914 ἔργον
3158 847 3187 899 6
3213 846 3499 915 ἅνθρωπος
3528 845 3617 898 διά
3643 845 3705 896 τὸ

2127 941 2310 1010 τίμιον
2335 941 2435 1009 τῆς
2459 940 2805 1007 κατασκευῆς
2824 957 2840 974 ·
2873 940 3071 1009 βουλῆς
3095 940 3202 1007 γάρ
3219 939 3472 1006 ἐνέργεια
3489 939 3548 990 τὸ
3570 939 3704 990 πᾶν.

2127 1027 2260 1084 Εἶτα
2291 1029 2430 1100 μετὰ
2466 1029 2566 1100 τὴν
2593 1029 2784 1083 τούτου
2812 1029 3106 1084 διάπλασιν
3134 1028 3186 1080 τί
3212 1043 3376 1096 φησιν
3403 1029 3437 1096 ἡ
3475 1027 3666 1096 Γραφὴ
3689 1042 3704 1087 ;

2123 1125 2144 1155 ³
2191 1141 2210 1174 t
2242 1124 2354 1176 Kal.
2401 1121 2753 1176 συνετέλεσεν
2798 1121 2827 1173 6
2875 1121 3005 1184 Θεὸς
3044 1123 3108 1190 τῇ
3161 1118 3480 1188 ἡμέρᾳ³τῇ
3529 1125 3582 1180 ς’
3637 1117 3706 1169 τά

2123 1211 2262 1283 ἔργα.
2285 1212 2450 1267 αὐτοῦ
2491 1214 2527 1267 ἃ
2567 1213 2812 1282 εποίησε,
2841 1212 2936 1266 καὶ
2966 1211 3314 1264 κατέπαυσεν
3338 1211 3396 1261 ὲν
3423 1211 3489 1278 τῇ
3518 1208 3706 1276 ἡμέρᾳ

2123 1303 2189 1372 τῇ
2226 1300 2270 1364 ζ’
2295 1302 2404 1354 ἀπὸ
2451 1302 2669 1357 πάντων
2697 1302 2808 1356 τῶν
2850 1300 3027 1371 ἔργων
3049 1299 3236 1363 αὐτοῦ,
3271 1299 3366 1351 καὶ
3409 1297 3708 1365 εὐλόγησεν

448 1389 550 1459 τὴν
583 1391 798 1462 ἡμέραν
827 1394 926 1464 τὴν
959 1393 1004 1458 ζ’
1036 1423 1110 1434 —
1134 1397 1230 1448 καὶ
1272 1396 1502 1466 ἡγίασεν
1547 1395 1738 1467 αὐτὴν,
1778 1397 1862 1449 ὅτι
1896 1398 1954 1450 ὲν
1987 1395 2123 1467 αὐτῇ
2174 1397 2517 1450 κατέπαυσεν
2559 1397 2666 1452 ἀπὸ
2717 1396 2822 1452 τῶν
2863 1397 3040 1468 ἔργων
3088 1393 3254 1447 αὐτοῦ
3300 1385 3376 1447 ὧν
3431 1390 3630 1462 ἤρξατο
3679 1391 3712 1441 6

450 1483 585 1549 Θεὸς
616 1486 864 1556 ποιῆσαι.
899 1507 920 1539 ι

996 1602 1086 1658 IX.
1131 1604 1205 1658 De
1243 1605 1498 1660 Sabbura.

2523 1605 2628 1679 [8']
2667 1606 2806 1676 Περί
2849 1605 2954 1659 τοῦ
2989 1601 3317 1658 Σαϐϐάτου.

523 1712 703 1780 Quare
733 1715 880 1772 Deus
914 1717 1017 1773 soli
1046 1720 1290 1789 septima:
1339 1721 1444 1776 diei
1479 1721 1776 1788 benedixit,
1825 1732 1880 1778 et
1915 1740 2024 1780 non

2203 1722 2362 1785 Τίνος
2388 1722 2550 1794 χάριν
2580 1723 2680 1792 τὴν
2710 1720 2753 1787 ζ’
2789 1721 3003 1792 ἡμέραν
3042 1719 3338 1788 εὐλόγησεν
3371 1718 3399 1769 6
3442 1715 3578 1818 ,Θεὸς
3609 1714 3708 1818 μό-

454 1804 750 1862 omnibus-?
787 1806 922 1874 Quia
972 1818 1291 1866 ceterarum
1350 1828 1579 1882 quaeque
1632 1829 1695 1868 ex
1751 1830 1914 1885 opere
1971 1817 2024 1870 in

455 1893 686 1966 singulis
750 1896 896 1954 facto
969 1903 1182 1972 accepit
1241 1901 1717 1971 benedictionem;
1797 1904 2029 1971 septima

457 1999 612 2052 vero,
641 1986 791 2043 nullo
827 1989 880 2045 in
911 1991 1031 2060 ipsa
1059 2007 1224 2061 opere
1250 2001 1489 2062 patrato,
1539 1996 1671 2050 ideo
1700 2006 1757 2050 et
1782 1995 1897 2066 ipsa
1933 1995 2029 2051 be-

458 2072 676 2130 nedicta
706 2087 790 2132 est
822 2091 852 2130 a
888 2078 1020 2135 Deo.

991 2289 1058 2345 Χ.
1101 2292 1178 2346 De
1214 2296 1488 2362 paradiso.

529 2398 729 2455 herum
759 2400 892 2458 dicit
921 2405 1202 2476 Scriptura
1245 2427 1257 2462 :
1295 2429 1312 2462 ι
1340 2408 1680 2467 Plantaverat
1706 2422 1890 2467 autem
1926 2410 2033 2467 Do-

459 2493 643 2550 minus
697 2493 840 2552 Deus
891 2500 1206 2569 paradisum
1275 2503 1328 2557 in
1403 2504 1549 2558 Eden
1607 2505 1678 2562 ad
1743 2505 2030 2570 orientem,

459 2582 512 2637 in
557 2598 665 2652 quo
712 2587 898 2656 posuit
952 2591 1226 2645 hominem
1267 2607 1430 2661 quem
1485 2592 1836 2649 formaverat.
1897 2590 2032 2646 Pro-

459 2673 725 2746 duxitqno
775 2677 1038 2736 Dominus
1087 2681 1230 2738 Deus
1282 2683 1350 2738 dc
1407 2684 1574 2738 humo
1619 2699 1781 2739 omne
1825 2685 2032 2753 lignum

461 2765 749 2832 pulchrum
808 2770 928 2826 risu
976 2781 1029 2826 et
1077 2773 1145 2828 ad
1195 2775 1524 2830 vescendum
1572 2791 1786 2831 suave:
1825 2775 2034 2844 lignum

459 2857 624 2912 etiam
656 2859 783 2915 vitae
813 2860 868 2915 in
909 2862 1088 2918 medio
1122 2866 1383 2934 paradisi,
1435 2867 1752 2938 lignumque
1791 2867 2035 2920 scientiae

460 2945 588 3002 boni
637 2956 692 3004 et
738 2951 920 3007 mali.»
969 2953 1340 3010 Substantiam
1393 2957 1712 3012 rationalem
1760 2957 2034 3012 honorare

462 3036 564 3092 sibi
601 3053 908 3109 proponens
935 3041 1081 3099 Deus
1123 3045 1493 3100 habitaculum
1531 3057 1803 3117 praeparat
1847 3047 2032 3116 splen-

461 3127 650 3184 didum
685 3140 738 3185 et
770 3134 950 3188 omnis
981 3137 1200 3205 plenum
1240 3138 1558 3208 voluptatis,
1608 3139 1794 3210 ibique
1843 3140 2035 3194 statuit

457 3219 752 3276 Adamum.
794 3223 972 3293 Atque
1007 3225 1111 3282 hoc
1137 3228 1358 3298 quidem
1393 3229 1515 3284 loco
1546 3231 1795 3284 miranda
1825 3241 1906 3284 est
1952 3229 2036 3282 in-

461 3310 691 3367 effabilia
716 3314 820 3371 Dei-
841 3315 1169 3388 benignitas,
1201 3320 1294 3390 qui
1321 3336 1594 3376 summam
1623 3321 1830 3376 habens
1861 3320 2040 3374 domi-

468 3403 746 3460 nationem
787 3414 1156 3479 aeternamque
1183 3412 1483 3479 potentiam
1519 3411 1574 3465 in
1600 3413 1915 3467 universum
1947 3426 2038 3466 or-

465 3494 614 3558 bem,
644 3497 938 3567 agricolam
971 3502 1207 3570 seipsum
1241 3503 1373 3558 fecit
1419 3504 1659 3560 hominis
1692 3503 1885 3574 gratia.
1935 3502 2037 3571 Qui

465 3587 614 3641 enim
648 3596 854 3646 tantam
887 3592 1008 3646 coeli
1034 3602 1300 3665 terraeque
1329 3606 1382 3650 et
1413 3596 1580 3652 maris
1607 3596 2034 3666 magnitudinem

462 3679 630 3736 verbo
653 3685 880 3750 creavit,
906 3685 1080 3741 multo
1101 3687 1272 3758 magis
1298 3695 1509 3756 poterat
1533 3687 1846 3757 paradisum
1872 3685 2037 3741 verbo

461 3771 711 3842 plantare
740 3783 795 3829 et
824 3775 986 3831 unica
1019 3791 1153 3833 voce
1187 3793 1412 3848 campos
1453 3777 1801 3834 felicissimos
1838 3791 2037 3832 conse-

463 3877 588 3917 rere
622 3865 934 3935 radicibus;
974 3868 1092 3935 sed,
1131 3878 1188 3924 ut
1217 3870 1423 3926 dictum
1457 3881 1562 3935 est,
1595 3879 1815 3940 propter
1855 3868 2036 3923 homi-

461 3952 550 4008 nis
584 3953 869 4023 honorem,
916 3958 1241 4024 hortulanus
1267 3962 1496 4030 mystico
1523 3963 1582 4016 lit
1610 3967 1840 4033 quodam
1874 3965 2038 4015 modo

461 4043 552 4100 ille
604 4047 696 4116 qui
755 4049 874 4104 sine
923 4050 1112 4106 labore
1167 4053 1313 4108 hunc
1367 4053 1632 4116 mundum
1679 4070 1709 4109 e
1751 4054 1921 4109 nihilo
1969 4055 2035 4107 ad

462 4138 836 4196 exsistentiam
876 4143 999 4197 sola.
1024 4145 1302 4200 voluntate
1329 4147 1611 4203 eduxerat.

742 4343 836 4399 XI.
872 4345 950 4399 De
987 4347 1345 4401 animantium
1380 4349 1749 4418 appellatione.

2133 1831 2251 1884 νην,
2284 1814 2378 1866 καὶ
2395 1813 2516 1884 οὐχὶ
2541 1813 2638 1877 τάς
2665 1813 2884 1878 πάσας;
2917 1812 3042 1866 Ὀτι
3075 1810 3281 1878 ἑκάστη
3297 1808 3406 1860 τῶν
3435 1807 3611 1860 ἄλλων
3641 1808 3708 1858 ὲκ

2131 1907 2231 1971 τῆς
2255 1907 2313 1956 ὲν
2340 1904 2478 1974 αὑτῆ
2518 1905 2820 1973 γενομένης
2855 1901 3220 1975 δημιουργίας
3260 1900 3385 1970 ἔσχε
3425 1899 3523 1970 τὴν
3555 1898 3709 1949 εὐλο-

2133 1992 2258 2062 γίαν
2285 2005 2300 2021 '
2322 1992 2345 2024 ⁸
2373 1994 2466 2046 ἐπὶ
2487 1993 2586 2062 τῆς
2613 1991 2677 2059 ζ’,
2695 1993 2954 2064 οὐδεμιᾶς
2979 1994 3036 2045 ὲν
3059 1992 3198 2062 αὐτῇ
3221 1990 3520 2058 γενομένης
3539 1985 3708 2056 907

2131 2083 2516 2156 δημιουργίας,
2553 2083 2747 2138 τούτου
2790 2085 2949 2154 χάριν
2985 2081 3274 2150 εὐλογίσθη
3314 2081 3408 2133 καὶ
3435 2079 3570 2146 αὐτὴ
3600 2077 3708 2130 ὑπὸ

2133 2175 2227 2228 τοῦ
2251 2175 2412 2230 Θεοῦ.

2503 2289 2590 2361 μ’]
2618 2291 2756 2358 Περὶ
2793 2290 2900 2343 τοῦ
2929 2290 3323 2357 παραδείσου.

2207 2401 2374 2455 Πάλιν
2435 2397 2527 2453 οῦν
2586 2418 2753 2471 φησιν
2788 2403 2822 2470 ἡ
2875 2401 3066 2471 Γραφὴ
3097 2417 3109 2428 ·
3153 2419 3171 2451 ι
3213 2401 3234 2432 ⁸
3281 2400 3390 2453 Καὶ
3443 2397 3706 2466 ἐφύτευσε

2135 2491 2343 2562 Κύριος
2381 2493 2407 2544 6
2437 2491 2570 2554 Θεὸς
2590 2491 2915 2562 παράδεισον
2943 2494 2999 2544 ὲν
3037 2491 3201 2558 Ἐδὲμ
3239 2491 3379 2542 κατὰ
3417 2488 3706 2549 ἀνατολάς,

2137 2585 2231 2636 καὶ
2256 2582 2408 2636 ἔθετο
2443 2585 2563 2636 εκεῖ
2591 2584 2682 2637 τὸν
2711 2583 3009 2654 ἄνθρωπον¹
3029 2583 3088 2634 ὃν
3122 2581 3376 2634 ἔπλασεν.
3409 2581 3518 2632 Καὶ
3550 2578 3709 2644 ἐξαν-

2136 2674 2338 2729 έτειλεν
2369 2675 2396 2726 6
2441 2673 2573 2737 Θεὸς
2603 2673 2685 2727 ἔτι
2718 2675 2782 2727 ὲκ
2802 2676 2899 2744 τῆς
2929 2675 3030 2744 γῆς
3061 2675 3167 2725 πᾶν
3216 2672 3370 2738 ξύλον
3405 2671 3602 2740 ὡραῖον
3632 2671 3714 2730 εἰς

2135 2770 2326 2839 ὅρασιν
2351 2766 2446 2820 καὶ
2474 2766 2638 2821 καλὸν
2667 2767 2746 2828 εἰς
2795 2763 2998 2835 βρῶσιν
3030 2764 3125 2816 καὶ
3147 2764 3204 2816 τὸ
3237 2763 3394 2829 ξύλον
3428 2763 3527 2831 τῆς
3565 2759 3713 2831 ζωῆς

2138 2861 2196 2914 ὲν
2226 2859 2380 2930 μέσῳ
2404 2859 2497 2913 τοῦ
2547 2859 2903 2929 παραδείσου,
2938 2857 3034 2910 καὶ
3072 2857 3132 2910 τὸ
3183 2855 3338 2920 ξύλον
3381 2855 3473 2906 τοῦ
3509 2853 3708 2906 εἰδέναι

2135 2949 2379 3018 γνωστὸν
2435 2948 2601 3002 καλοῦ
2649 2951 2743 3001 καὶ
2796 2947 3060 3018 πονηροῦ.
3094 2964 3114 2997 ›
3158 2946 3269 3017 Τὴν
3313 2943 3536 3014 λογικὴν
3583 2944 3713 2994 ὐπό-

2139 3058 2328 3097 στασιν
2358 3041 2592 3112 τιμῆσαι
2619 3039 2956 3114 προθέμενος
2983 3040 3011 3092 6
3033 3039 3161 3100 Θεὸς
3187 3036 3588 3100 κατασκευάζει
3618 3035 3710 3088 καὶ

2135 3137 2388 3211 λαμπρὸν
2417 3137 2731 3208 οἰκητήριον
2765 3137 2860 3190 καί
2898 3136 3077 3202 πάσης
3104 3133 3273 3202 γέμον
3295 3129 3586 3200 θυμηδίας,
3619 3129 3714 3180 καὶ

2139 3229 2465 3298 καθίστησιν
2499 3230 2618 3282 ἐκεῖ
2655 3228 2749 3281 τὸν
2792 3227 2984 3297 Ἀδάμ.
3026 3227 3180 3279 Ἔστι
3209 3224 3228 3254 ⁸
3256 3223 3310 3274 δὲ
3349 3220 3580 3274 ἐνταῦθα
3621 3233 3714 3285 γε-

2138 3321 2356 3389 νόμενοι
2394 3321 2490 3374 τοῦ
2522 3321 2709 3390 λόγου,
2754 3319 3034 3389 θαυμάσαι
3063 3317 3157 3370 τοῦ
3194 3315 3326 3369 Θεοῦ
3361 3313 3457 3383 τὴν
3506 3312 3714 3379 ἄφατον

2141 3411 2572 3480 φιλανθρωπίαν,
2605 3411 2798 3481 ὅτιπερ
2827 3410 3206 3480 πανταρχικὴν
3237 3408 3374 3477 ἔχων
3405 3406 3498 3458 καὶ
3541 3403 3711 3456 ἀίδιον

2140 3501 2388 3564 ἐξουσίαν
2417 3501 2496 3564 εἰς
2523 3502 2582 3554 τὸ
2617 3502 2746 3565 πᾶν,
2781 3501 2873 3555 καί
2910 3503 3176 3572 γεωργεῖν
3215 3498 3406 3552 ἑαυτὸν
3437 3496 3710 3549 ἐπέδωκεν

2138 3591 2225 3644 διὰ
2251 3591 2342 3645 τὸν
2375 3590 2687 3662 ἄνθρωπον.
2732 3590 2790 3646 '0
2813 3591 2922 3661 γὰρ
2948 3591 3203 3644 τοσοῦτον
3228 3589 3454 3660 μέγεθος
3479 3583 3709 3653 οὐρανοῦ

2139 3681 2235 3736 καὶ
2268 3682 2371 3752 γῆς
2403 3681 2500 3735 καὶ
2531 3681 2807 3754 θαλάσσης
2853 3682 2995 3752 λόγῳ
3021 3677 3490 3748 ὑποστησάμενος,
3531 3672 3712 3743 πολλῷ

2143 3774 2346 3845 μᾶλλον
2392 3776 2576 3838 ίκανὸς
2605 3771 2674 3846 ἦν
2704 3774 3112 3844 καταφυτεῦσαι
3145 3769 3474 3839 παράδεισον
3505 3767 3712 3836 ῥήματι

2141 3865 2237 3919 καὶ
2281 3865 2425 3934 λόγῳ
2480 3867 2713 3937 ῥιζῶσαι
2746 3867 2808 3920 τὸ
2859 3865 3150 3920 πανόλϐιον
3189 3863 3386 3934 χωρίον
3413 3878 3426 3891 ·
3471 3858 3606 3920 ἀλλ’,
3637 3855 3714 3918 ὡς

2139 3955 2378 4027 εἴρηται,
2421 3956 2602 4028 (2061))
2641 3957 2732 4010 διὰ
2767 3956 2865 4028 τὴν
2913 3956 3048 4025 πρὸς
3094 3955 3187 4006 τὸν
3229 3952 3514 4023 ἄνθρωπον
3546 3948 3716 4016 τιμὴν

2141 4049 2236 4100 καὶ
2266 4048 2570 4116 φυτουργὸς
2601 4048 2811 4116 γίνεται
2841 4045 3090 4116 μυστικῷ
3126 4061 3231 4097 τινι
3265 4043 3409 4110 λόγῳ
3439 4042 3467 4092 ὁ
3491 4036 3713 4106 ἀκαμά-

2139 4159 2246 4205 τως
2278 4143 2425 4195 τόνδε
2460 4143 2551 4195 τὸν
2580 4143 2785 4212 κόσμον
2833 4144 2897 4196 ὲκ
2926 4140 3019 4195 τοῦ
3065 4140 3140 4211 μὴ
3187 4140 3339 4200 ὄντος
3367 4138 3445 4198 εἰς
3474 4135 3534 4189 τὸ
3575 4130 3713 4186 εἶναι

2143 4231 2360 4303 θελήσει
2390 4233 2527 4303 μόνῃ
2561 4232 2926 4304 παραγαγών.

2355 4345 2482 4417 [IA']
2515 4347 2650 4415 Περί
2685 4346 2794 4414 τῆς
2821 4345 2938 4400 τῶν
2964 4344 3121 4406 ζώων
3150 4345 3503 4412 ὀνομασίας.

529 4435 696 4490 Addit
724 4435 1005 4508 Scriptura
1039 4457 1054 4493 :
1097 4457 1118 4493 ι
1142 4438 1209 4494 Ει
1233 4440 1460 4496 adduxit
1489 4441 1632 4496 Deus
1676 4451 1873 4496 cuncta
1918 4443 2030 4495 ani-

2212 4435 2345 4491 Εἰτα
2376 4434 2529 4501 αὖθις
2557 4440 2590 4508 ἡ
2614 4439 2807 4508 Γράφὴ
2829 4454 2841 4466 ·
2880 4455 2898 4488 t
2933 4438 3039 4490 Καὶ
3080 4438 3287 4506 ἡγαγεν
3316 4436 3342 4488 6
3375 4436 3507 4496 Θεὸς
3539 4433 3715 4485 πάντα

459 4527 666 4582 mantia
698 4546 743 4594 ι,
775 4529 1123 4599 etjumenta,
1156 4540 1210 4586 et
1238 4532 1449 4602 reptilia
1488 4551 1508 4584 ι
1537 4533 1603 4588 ad
1635 4534 1830 4598 Adam,
1861 4546 1917 4588 ut
1953 4535 2032 4588 vi-

2135 4534 2206 4588 τά
2231 4533 2396 4604 Θηρία
2424 4533 2518 4587 καὶ
2537 4535 2603 4587 τά
2625 4533 2796 4604 κτήνη
2823 4533 2914 4586 καὶ
2933 4532 2998 4584 τὰ
3024 4529 3228 4600 ἑρπετά
3253 4533 3384 4598 πρὸς
3406 4528 3495 4580 τὸν
3521 4525 3714 4594 ’Λδὰμ,

460 4620 620 4675 deret
645 4620 776 4690 quid
802 4631 1022 4678 vocaret
1047 4639 1114 4680 ea
1149 4641 1163 4678 :
1194 4639 1357 4680 omne
1395 4626 1542 4680 enim
1592 4627 1739 4693 quod
1770 4628 1982 4682 vocavit
2014 4648 2032 4681 ι

2139 4626 2270 4679 ἰδεῖν
2299 4625 2350 4678 τί
2397 4625 2618 4678 καλέσει
2676 4624 2854 4678 αὐτάο
2893 4625 2988 4676 καὶ
3036 4624 3147 4675 πᾶν
3193 4621 3221 4673 6
3273 4620 3532 4672 ἐκάλεσεν
3578 4617 3715 4669 αὐτὰ

462 4725 526 4765 ea
562 4729 581 4763 ι
608 4711 807 4776 Adam,
832 4714 1012 4783 ipsum
1042 4724 1126 4770 est
1159 4731 1354 4772 nomen
1384 4719 1524 4786 ejus.
1557 4737 1576 4770 ι
1622 4717 1864 4772 Miranda
1897 4734 2032 4789 quo-

2147 4716 2320 4785 ⁹Αδὰμ
2347 4716 2391 4781 ³,
2426 4715 2585 4769 τοῦτο
2623 4716 2795 4785 ὄνομα
2841 4716 3012 4785 αὐτῷ.
3058 4733 3075 4765 ι
3129 4714 3295 4784 Ὀρᾷν
3331 4709 3424 4765 οὖν
3458 4711 3573 4762 ἐστι
3620 4710 3716 4762 καὶ

458 4817 569 4872 que
619 4803 711 4860 hic
747 4814 869 4874 post
900 4805 1017 4861 haec
1051 4806 1288 4877 dignitas
1336 4802 1598 4876 hominis,
1635 4825 1797 4879 quam
1846 4812 2032 4867 habuit

2134 4807 2386 4862 ἐντεῦθεν
2415 4807 2516 4876 τὴν
2557 4807 2723 4877 τιμὴν
2764 4807 2902 4877 μετὰ
2945 4805 3120 4860 ταῦτα
3162 4804 3256 4858 τοῦ
3301 4803 3612 4875 ἀνθρώπου,
3646 4802 3714 4872 ἦν

457 4894 642 4949 statim
671 4897 741 4952 ab
763 4895 880 4966 ipsa
915 4897 1219 4955 nativitate.
1263 4898 1417 4955 Sicut
1460 4901 1606 4955 enim
1662 4910 1852 4971 pastor
1883 4903 2032 4957 sedet

2134 4900 2292 4970 ἔσχεν
2331 4898 2392 4962 ἐξ
2443 4899 2614 4968 αὐτῆς
2662 4899 2761 4968 τῆς
2793 4901 3122 4978 γεννήσεως.
3161 4898 3370 4965 Ὥσπερ
3423 4895 3529 4963 γάρ
3583 4896 3717 4959 ἁγε-

455 4985 724 5052 Adamns,
771 4977 938 5058 atque
985 4989 1132 5045 Deus
1180 4991 1405 5048 adducit
1449 4993 1516 5047 ad
1567 5008 1690 5048 eum
1745 4994 2030 5048 innumera

2144 4993 2352 5062 λάρχης
2376 5008 2462 5055 τις
2495 4992 2841 5063 προκάθηται
2878 4977 3053 5060 νἈδάμ
3077 5005 3090 5018 ο
3126 4989 3219 5042 καὶ
3239 4983 3272 5040 ’ὁ
3301 4988 3434 5051 Θεὸς
3454 4983 3557 5056 ἦγε
3585 4985 3718 5053 πρὸς

460 5076 783 5145 bestiarum,
808 5081 1296 5156 jumentorumque
1326 5095 1379 5140 et
1413 5086 1696 5141 volucrum
1726 5103 1948 5156 genera,
1975 5097 2032 5141 ut

2143 5085 2309 5139 αὐτὸν
2341 5083 2411 5136 τά
2456 5084 2625 5155 μυρία
2666 5083 2775 5135 τῶν
2809 5082 3014 5152 θηρίων
3049 5084 3142 5135 καὶ
3182 5081 3292 5134 τῶν
3327 5080 3540 5150 κτηνῶν
3580 5079 3600 5109 ⁹
3626 5077 3720 5129 καὶ

457 5183 643 5239 regem
678 5172 823 5229 hunc
856 5175 1128 5240 instituat,
1161 5193 1324 5248 quem
1358 5179 1424 5233 ad
1456 5178 1732 5248 propriam
1775 5178 2032 5233 formavit

2143 5177 2252 5230 τῶν
2279 5179 2540 5230 πετεινῶν
2564 5177 2722 5246 γένη,
2755 5176 2840 5229 ἵνα
2859 5176 3105 5246 ἡγεμόνα
3128 5175 3316 5228 τοῦτον
3339 5173 3716 5244 χειροτονήσῃ,

458 5260 776 5331 imaginem.
811 5264 908 5322 Hic
938 5280 1140 5334 autem,
1175 5271 1359 5327 divino
1391 5279 1444 5324 et
1478 5271 1799 5340 prophetico
1824 5271 2032 5326 amatus

2143 5270 2202 5322 ὃν
2244 5268 2362 5322 κατ’
2412 5269 2596 5322 εἰκόνα
2648 5268 2785 5322 ἰδίαν
2837 5267 3158 5338 πεποίηκεν.
3206 5267 3316 5321 Καὶ
3361 5267 3569 5325 ἐκεῖνος
3617 5262 3717 5331 μὲν

1642 5411 1844 5474 Variae
1876 5412 2180 5473 lectiones
2210 5418 2268 5474 et
2295 5419 2483 5472 notae.

529 5553 821 5630 sAnpoqvav.
996 5556 1017 5587 ²
1045 5553 1181 5610 Gen.
1223 5573 1283 5620 tt.
1314 5558 1429 5623 9,5.
1505 5559 1744 5630 [ἡμέρᾳ
1774 5560 1809 5614 Ι.
1887 5558 2118 5630 ιῗὲπειδὴ
2147 5559 2204 5612 δὲ
2238 5557 2463 5630 ἔμελλεν
2512 5553 2650 5630 αὐτὴ
2685 5559 2869 5630 μένειν
2921 5560 3242 5630 ἁέργαστος,
3279 5558 3392 5610 οὐδ.
3429 5555 3542 5630 ΔΤΙι.
3601 5557 3713 5630 οὐδ.

455 5653 526 5708 ;-
547 5624 684 5708 gap.
718 5640 829 5680 om.
871 5626 930 5680 P.
971 5633 1198 5708 uterque
1228 5624 2032 5708 exﬁemendat'iimeLanacolutli

2174 5624 2365 5708 “ﬁeri.
2421 5645 2490 5708 ιι,
2545 5624 2698 5708 _8,9'_.'
2765 5630 2784 5660 ⁸
2812 5624 3002 5708 ἔτι-δὲ
3035 5624 3223 5708 Ῥη-ἶ
3248 5628 3551 5708 γινομένου·
3589 5629 3711 5708 ευρ.

456 5690 516 5746 Ρ.
547 5690 650 5749 Th‘.
689 5711 786 5762 pro
827 5690 1160 5768 γενομένοις.
1241 5697 1260 5728 ⁷
1299 5697 1432 5753 Gen.
1463 5713 1523 5766 ll,
1562 5699 1644 5755 l9.
1725 5701 1746 5731 "
1773 5699 1949 5771 ψυχὴν
1977 5699 2032 5760 Cri

458 5765 706 5828 νηκτῶνῖ

2133 5717 2160 5754 ν
2207 5699 2342 5754 Gen.
2421 5701 2440 5731 θ
2475 5700 2566 5753 καὶ
2595 5690 2704 5753 τῶν
2761 5699 2974 5770 κτηνῶν
3033 5699 3155 5756 cod.
3210 5690 3406 5756 iterum
3468 5699 3561 5752 καὶ
3609 5696 3716 5750 τῶν
