4114 6414
385 347 522 414 1269
1513 350 1554 409 C
1561 352 1610 410 [1
1621 351 1769 412 RON
1781 348 1977 410 [ΕΘΝ.

2018 373 2082 383 -
2129 350 2280 410 LIB.
2322 349 2456 411 Vll.
3501 345 3635 409 1270

379 465 546 538 908
577 465 708 538 θείῳ
732 465 1281 530 καταπνευσθεὶςκαὶ
1317 465 1642 536 προφητικῷ
1665 465 1956 536 πνεύματι,
1997 511 2004 522 .

2013 463 2292 534 λερίιυίιιι,
2366 463 2586 532 prepria
2653 461 2881 531 singulis
2943 460 3317 515 animantibus
3378 461 3638 530 imposuit

380 561 622 628 ὀνόματα
654 559 822 632 κύρια
853 560 1071 630 ἑκάστῳ
1100 560 1210 614 τῶν
1250 559 1462 627 ἀλόγων
1509 561 1747 629 ἐπέθηκε
1768 580 1780 592 ο
1813 560 1881 612 τὰ
1907 561 1963 613 δέ

2067 556 2287 609 nomina
2330 572 2342 608 :
2377 553 2637 608 animalia
2668 568 2822 618 vero,
2857 562 3118 621 tauquam
3151 567 3405 622 magnum
3442 568 3506 604 ex
3546 569 3641 617 ap.

381 649 497 714 ζῶα
540 650 729 721 ὥσπερ
754 651 919 722 τιμὴν
967 651 1210 720 μεγάλην
1244 651 1305 704 ἐκ
1345 651 1444 718 τῆς
1481 651 1822 720 ἐπικλήσεως
1863 653 1959 705 λα-

2067 648 2356 718 pellatione
2379 646 2557 717 adepti
2592 640 2876 712 honorem,
2908 645 3102 700 deinde
3134 645 3258 699 bina
3293 643 3638 699 recedebant.

383 741 572 807 δόντα,
603 740 782 804 οὕτως
814 743 869 796 ἐν
904 741 1138 813 συζυγίᾳ
1163 740 1503 812 ὑπεχώρουν.

543 879 670 951 [IB’]
708 881 846 950 Περὶ
884 881 989 949 τῆς
1023 880 1328 948 ποιήσεως
1370 880 1482 949 τῆς
1511 885 1809 950 γυναικός.

1656 885 1809 949 Ξυιός.
2418 872 2536 929 ΧΗ.
2565 872 2640 928 De
2675 873 2991 941 formatione
3026 871 3281 925 mulieris.

470 1010 687 1082 Ἐπειδὴ
716 1011 772 1065 δέ
807 1010 864 1077 ἐξ
896 1013 1154 1068 ἁπάντων
1204 1013 1412 1067 τούτων
1466 1015 1576 1067 τῶν
1607 1017 1781 1084 γενῶν
1813 1018 1965 1071 οὐδὲν

2137 1011 2272 1065 Cum
2331 1025 2395 1064 ex
2441 1008 2699 1078 erunibus
2761 1007 2845 1063 bis
2907 1006 3199 1078 generibus
3245 1006 3452 1058 nullum
3497 1014 3642 1058 esset

384 1099 452 1173 ἦν
491 1105 674 1173 ὅμοιον
698 1105 780 1177 τῷ
827 1106 1016 1176 Ἀδὰμ,
1044 1102 1166 1158 εἷπε
1200 1106 1362 1160 πάλιν
1395 1107 1422 1158 ὁ
1445 1107 1597 1171 Θεὸς,
1627 1108 1768 1161 καθά
1801 1127 1967 1178 φησιν

2067 1103 2245 1157 simile
2267 1102 2493 1165 Adamo,
2523 1101 2658 1156 dixit
2688 1100 2886 1156 iterum
2915 1100 3078 1167 Deus,
3107 1107 3167 1154 ut
3195 1097 3296 1152 fert
3316 1097 3596 1166 Scriptura
3627 1113 3640 1148 :

386 1198 419 1266 ἡ
459 1196 499 1247 Γ
503 1196 652 1265 ραφή
677 1212 690 1226 ·
741 1215 759 1246 ι
792 1197 836 1228 ¹⁶
863 1198 936 1248 Οὐ
963 1197 1128 1251 καλὸν
1159 1195 1298 1251 εἶναι
1321 1200 1411 1251 τὸν
1445 1199 1732 1270 ἄνθρωπον
1761 1201 1924 1272 μόνον
1949 1221 1963 1235 ο

2076 1213 2096 1246 ι
2124 1194 2242 1249 Non
2273 1204 2358 1250 est.
2400 1194 2601 1249 bonum
2634 1207 2756 1250 esse
2784 1193 3058 1247 hominem
3112 1189 3326 1254 solum;
3375 1189 3640 1242 faciamus

389 1287 710 1356 ποιήσωμεν
741 1287 892 1358 αὐτῷ
917 1288 1112 1358 βοηθὸν
1145 1290 1265 1343 κατ’
1294 1289 1478 1350 αὑτὸν,
1519 1311 1535 1342 ι
1565 1291 1765 1362 βοηθὸν
1793 1293 1969 1361 λέγων

2069 1285 2118 1339 ei
2159 1284 2489 1353 adiutorium
2548 1285 2726 1339 simile
2769 1284 2926 1351 ipsi:
2982 1303 2999 1334 ι
3058 1281 3395 1351 adiutorium
3452 1279 3641 1333 dicens

384 1377 445 1429 τὸ
477 1377 612 1447 θῆλυ
662 1377 750 1430 διὰ
798 1379 889 1430 τὸν
918 1379 1016 1448 τῆς
1054 1380 1403 1447 παιδογονίας
1453 1382 1635 1450 λόγον,
1685 1388 1969 1454 συνεργεῖν

2071 1376 2353 1438 feminam,
2407 1376 2535 1444 quia
2566 1390 2663 1444 per
2702 1375 2994 1430 liberorum
3049 1373 3451 1442 generationem
3485 1369 3643 1438 adju-

389 1468 585 1539 μέλλον
613 1469 692 1540 τῷ
723 1470 878 1541 ἀνδρὶ
908 1473 1042 1540 πρὸς
1067 1473 1166 1542 τὴν
1193 1473 1288 1526 τοῦ
1316 1474 1506 1540 γένους
1529 1474 1759 1546 αὔξησίν
1783 1495 1841 1530 τε
1875 1480 1968 1532 καὶ

2074 1477 2194 1521 tura
2229 1474 2349 1521 erat
2378 1465 2553 1518 virum
2583 1463 2650 1518 ad
2682 1463 2900 1534 generis
2949 1462 3395 1532 propagationem
3431 1469 3484 1512 et
3514 1475 3644 1512 cott-

386 1559 675 1631 διαμονήν.
725 1555 894 1624 Αὖθις
934 1562 990 1615 δὲ
1038 1563 1281 1631 ἐπιλέγει
1319 1564 1393 1594 ¹¹·
1436 1584 1454 1616 ι
1494 1566 1602 1616 Καὶ
1651 1565 1916 1620 ἐπέϐαλεν
1943 1570 1970 1620 ὁ

2071 1557 2459 1612 servationem.
2503 1556 2712 1611 Rursus
2736 1555 2954 1610 additur
3003 1570 3016 1606 :
3066 1572 3084 1604 ι
3116 1552 3345 1607 Immisit
3377 1565 3506 1620 ergo
3541 1549 3644 1602 Do-

386 1652 520 1715 Θεὸς
545 1652 804 1706 ἔκστασιν
833 1656 927 1708 ἐπὶ
948 1655 1039 1709 τὸν
1081 1656 1271 1726 Ἀδὰμ,
1299 1658 1391 1710 καὶ
1421 1656 1659 1722 ὕπνωσε,
1687 1659 1780 1712 καὶ
1810 1659 1969 1713 ἔλαδε

2072 1650 2256 1704 minus
2304 1663 2556 1719 soporem
2609 1649 2660 1702 in
2713 1646 2917 1713 Adam;
2970 1660 3205 1714 cumque
3256 1643 3643 1705 obdormisset,

391 1746 522 1814 μίαν
575 1745 686 1798 τῶν
723 1745 973 1817 πλευρῶν
1007 1747 1197 1811 αὑτοῦ,
1244 1748 1338 1801 καὶ
1383 1749 1740 1818 ἀνεπλήρωσε
1791 1751 1969 1821 σάρκα
2007 1807 2016 1821 ι

2021 1808 2044 1821 ‘_
2075 1740 2199 1796 tulit
2230 1755 2394 1795 unam
2429 1739 2495 1794 de
2525 1739 2694 1794 costis
2727 1737 2868 1808 ejus,
2910 1747 2963 1791 et
3015 1735 3247 1805 replevit
3294 1747 3516 1788 carnem
3547 1747 3646 1802 pro

388 1837 506 1891 ἀντ’
538 1839 731 1908 αὐτῆς,
764 1839 858 1892 καὶ
897 1839 1215 1910 ᾠκοδόμησε
1250 1839 1348 1909 τὴν
1383 1840 1642 1910 πλευρὰν,
1677 1844 1742 1914 ἢν
1777 1843 1969 1897 ἐλαϐεν
2007 1807 2013 1859 1

2018 1807 2045 1858 [⁵
2075 1849 2175 1898 ea;
2229 1841 2286 1886 et
2326 1831 2617 1886 atdifiCavit
2651 1837 2885 1894 costam,
2919 1844 3081 1898 quam
3118 1828 3317 1881 tulerat
3351 1827 3416 1881 de
3451 1826 3643 1889 Adam,

387 1925 496 1978 ἀπὸ
523 1925 618 1978 τοῦ
665 1925 856 1997 Ἀδὰμ.
887 1930 968 1990 εἰς
997 1931 1232 1995 γυναῖκα
1265 1929 1328 1980 ’⁸.
1367 1949 1384 1980 ι
1424 1930 1579 1982 Ἐστι
1608 1931 1664 1983 δὲ
1689 1933 1716 1983 ὁ
1739 1933 1965 2002 εἰρημέ-

2071 1927 2124 1979 ἱιι
2181 1925 2484 1979 mulierem.
2521 1943 2538 1977 ι
2601 1922 2694 1978 Est
2740 1932 2919 1977 autem
2977 1921 3274 1988 Scriptura:
3327 1920 3448 1972 linis
3505 1919 3642 1979 hic;

388 2034 479 2080 νος
516 2021 616 2085 τῆς
642 2019 866 2090 Γραφῆς
902 2020 1102 2084 σκοπὸς
1131 2014 1286 2084 οὗτος
1323 2021 1365 2052 ¹³
1387 2038 1399 2051 ·
1431 2022 1636 2092 Κρένας
1668 2025 1695 2075 ὁ
1723 2025 1778 2076 ἐν
1809 2026 1970 2098 σοφῐᾳ

2071 2018 2172 2084 Qui
2230 2018 2412 2072 omnia
2463 2017 2516 2070 in
2568 2017 2834 2085 sapientia
2881 2013 3030 2077 fecit,
3083 2013 3171 2067 ille
3227 2021 3474 2065 statuens
3517 2010 3654 2062 dare

388 2110 455 2162 τὰ
481 2114 662 2164 πάντα
690 2111 927 2182 ποιήσας
953 2111 1085 2176 Θεὸς
1117 2112 1301 2166 δοῦναι
1323 2113 1400 2181 τῷ
1438 2115 1608 2183 Ἀδὰμ
1633 2113 1827 2185 βοηθὸν
1849 2118 1965 2168 κατ’

2071 2111 2278 2164 Adamo
2328 2109 2647 2180 adjutricem
2701 2108 2929 2162 similem
2987 2107 3131 2176 ipsi,
3183 2113 3242 2158 ut
3296 2103 3644 2173 premiscrat.

389 2201 573 2264 αὑτὸν,
602 2203 678 2266 ὡς
700 2205 1094 2274 ἐπηγγείλατο,
1120 2206 1219 2258 οὐκ
1246 2208 1309 2259 ἐκ
1346 2210 1448 2278 γῆς
1474 2207 1696 2262 πλάττει
1722 2210 1783 2262 τὸ
1809 2209 1966 2281 θῆλυ,

2073 2219 2178 2258 non
2218 2203 2284 2258 de
2319 2204 2482 2258 humo
2516 2201 2716 2256 format
2746 2201 3002 2255 feminam
3037 2201 3180 2254 sicut
3215 2207 3270 2252 et
3301 2196 3500 2258 \‘irutn,
3551 2198 3643 2249 sed

389 2293 644 2365 καθάπερ
669 2297 763 2349 καὶ
789 2297 882 2349 τὸν
921 2297 1114 2369 ἄνδρα,
1153 2297 1270 2353 ἀλλ’
1300 2302 1381 2363 εἰς
1423 2299 1591 2354 ὕπνον
1620 2302 1812 2372 τρέπει
1843 2304 1968 2357 τοῦσ-

2071 2297 2216 2350 btme
2252 2297 2304 2350 in
2355 2310 2605 2349 somnum
2659 2293 2874 2363 mergit,
2909 2292 3131 2361 sapiens
3185 2289 3432 2358 Spiritum
3489 2301 3643 2338 meno

388 2403 481 2439 τον
513 2390 804 2460 καταφορᾷ
835 2389 1151 2460 πνεύματος
1187 2392 1280 2445 τὸν
1309 2392 1436 2445 νοῦν
1468 2393 1632 2448 αὐτοῦ
1665 2397 1971 2465 φαντασιῶ-

2073 2397 2294 2457 temque
2341 2387 2554 2456 replens
2587 2386 2943 2456 imaginibus,
2999 2393 3053 2437 et
3101 2382 3298 2434 anima:
3354 2377 3542 2432 oculos
3577 2375 3642 2427 ad

393 2493 492 2538 σας
521 2478 614 2530 καὶ
648 2479 740 2531 τὸν
771 2480 870 2549 τῆς
902 2479 1082 2551 ψυχῆς
1115 2482 1403 2553 ὀφθαλμὸν¹
1424 2485 1506 2547 εἰς
1540 2485 1815 2556 ἄπληστον
1847 2486 1970 2557 ὄψιν

2071 2496 2344 2536 amcenam
2378 2481 2615 2533 invitans
2643 2478 2927 2538 visionem,
2962 2484 3018 2529 ut
3049 2475 3120 2527 im
3145 2473 3283 2542 giae
3329 2476 3490 2522 tantae
3525 2465 3643 2536 pul—

390 2568 730 2634 ἐκκαλεῖται,
774 2572 860 2624 ἵνα
897 2576 962 2642 τῇ
1011 2575 1283 2646 φαντασίᾳ
1313 2577 1406 2627 τοῦ
1449 2577 1692 2630 τοιούτου
1742 2577 1969 2644 κάλλους

2073 2572 2408 2629 chritudinis
2461 2580 2692 2640 captus,
2729 2568 2943 2624 nesciat
2993 2564 3122 2636 quid
3178 2564 3278 2618 sibi
3335 2559 3645 2628 contingat;

391 2659 782 2729 κατεχόμενος,
819 2662 892 2732 μὴ
931 2665 1044 2734 γνῷ
1071 2665 1132 2718 τὸ
1179 2667 1464 2737 γινόμενον
1489 2684 1502 2699 ⁸
1533 2667 1653 2724 εἷτα
1703 2673 1969 2742 λαμϐάνει

2073 2666 2270 2722 deinde
2317 2666 2487 2720 sumit
2523 2677 2686 2717 unam
2718 2677 2747 2715 e
2779 2659 2948 2716 costis
2977 2659 3096 2725 ejus
3125 2655 3243 2710 sine
3275 2653 3482 2713 labore,
3518 2663 3648 2701 seu.

395 2752 527 2820 μίαν
561 2753 670 2805 τῶν
700 2753 950 2824 πλευρῶν
975 2756 1142 2809 αὐτοῦ
1159 2757 1483 2828 ἁκαμὰτως,
1515 2739 1972 2836 αἴσθησιν-ἀλγη-

2076 2775 2196 2815 sum
2232 2757 2436 2812 doloris
2473 2758 2521 2810 ei
2556 2753 2924 2816 subtrahens;
2967 2761 3018 2803 et
3059 2747 3242 2802 statim
3283 2753 3339 2797 ut
3373 2739 3565 2794 artifex
3596 2746 3648 2790 et

390 2842 536 2908 δόνος
569 2844 719 2916 αὐτῷ
750 2846 825 2917 μὴ
856 2847 1223 2916 ἐπαναγαγὼν
1244 2867 1258 2882 ο
1293 2848 1397 2904 καῖ
1422 2852 1583 2916 εὐθὺς
1619 2829 1693 2918 ὡς
1720 2829 1973 2927 τεχνίτης

2075 2851 2319 2905 medicus
2358 2849 2553 2911 solers.
2605 2847 2748 2917 quod
2783 2845 3023 2898 ablatum
3075 2849 3157 2894 est
3203 2851 3367 2892 carne
3411 2829 3645 2899 supplet.

393 2935 710 3007 xat'tacpt;
742 2939 1031 3010 σύντομος,
1054 2942 1116 2994 τδ
1158 2943 1348 2997 λεῖπον
1371 2945 1460 2997 διὰ
1501 2947 1701 3017 σαρκὸς
1731 2922 1974 3020 διαπλή-

2080 2945 2212 2997 Dum
2246 2955 2374 2996 vero
2405 2941 2640 2994 animam
2691 2937 2837 2991 illius
2889 2931 3270 2989 insatiabiliter
3320 2926 3504 2980 divina
3553 2922 3649 2975 de-

397 3041 592 3094 ρωσεν.
639 3029 728 3082 Ἐν
757 3030 868 3098 ὅσῳ
897 3032 1006 3103 γὰρ
1039 3033 1081 3064 ’⁸
1103 3033 1203 3104 τὴν
1233 3033 1411 3105 ψυχὴν
1440 3038 1507 3106 τῇ
1561 3015 1843 3109 ἀκορέστῳ
1873 3015 1973 3110 τῆς

2079 3037 2239 3090 lectat
2281 3035 2577 3104 voluptate,
2632 3035 2863 3090 costam.
2915 3041 3076 3096 quam
3133 3023 3275 3083 tul't,
3329 3018 3560 3074 :editieat
3591 3015 3645 3066 in

395 3116 546 3180 θείας
599 3119 793 3190 ἡδονῆς
832 3125 1128 3193 περιέσπα,
1181 3127 1282 3195 τὴν
1329 3128 1590 3198 πλευρὰν,
1645 3131 1710 3200 ἣν
1758 3129 2020 3206 ἔλ.α6εν,(

2021 3145 2043 3207 3
2080 3127 2389 3190 mulierem,
2441 3125 2495 3178 in
2530 3121 2733 3177 animal
2776 3118 3040 3174 rationale
3077 3111 3398 3169 mirabiliter
3447 3109 3646 3178 [igura-

392 3207 748 3280 ᾠκοδόμησεν
778 3216 860 3276 εἰς
897 3218 1152 3282 γυναῖκα,
1189 3217 1469 3287 μυστικῶς
1510 3220 1833 3285 ἐκτυπώσας
1877 3223 1974 3275 αὖ·
2007 3196 2017 3206 1

2081 3232 2211 3284 tam,
2246 3225 2300 3273 et
2325 3213 2690 3271 inaestimabili
2722 3213 2919 3268 decore
2954 3208 3238 3274 formaque
3279 3196 3669 3271 pulcherrima.

391 3300 492 3370 τὴν
523 3303 604 3365 εἰς
637 3301 778 3367 ζῶον
810 3306 1048 3374 λογικὸν,
1079 3308 1267 3362 κάλλει
1303 3311 1569 3381 ἀμηχάνῳ
1601 3313 1694 3365 καὶ
1731 3314 1972 3384 σχήματι

2078 3318 2368 3376 ornatam;
2400 3313 2566 3376 atque
2596 3305 2746 3359 ducit
2779 3303 2928 3358 illam
2965 3302 3030 3355 ad
3065 3299 3330 3351 Adamum
3367 3307 3382 3345 :
3416 3289 3530 3360 qui,
3565 3295 3650 3340 ut-

395 3393 837 3467 εύπρεπεστάτῳ
859 3401 1304 3470 κεκοσμημένην,
1344 3403 1440 3455 καὶ
1487 3403 1612 3470 ἄγει
1656 3381 1974 3476 τοῦτονπρὸς

2080 3411 2206 3473 pote
2237 3401 2409 3455 divini
2441 3399 2668 3468 spiritus
2690 3395 2982 3466 particeps,
3013 3391 3192 3446 sciens
3222 3401 3343 3442 eam
3374 3383 3442 3436 (le
3470 3381 3673 3447 seipse.

394 3485 485 3538 τὸν
531 3485 724 3558 Ἀδάμ.
755 3487 888 3544 Εἶτα
921 3493 1148 3556 ἐκεῖνος,
1181 3494 1274 3548 ἆτε
1309 3493 1460 3549 θείου
1493 3497 1806 3566 πνεύματος
1848 3474 1975 3567 μέτ-

2079 3503 2379 3548 cxtractam
2427 3505 2571 3554 esse,
2618 3490 2694 3542 ait
2738 3505 2752 3540 :
2798 3504 2816 3538 ι
2845 3484 2961 3540 Hoc
3008 3497 3152 3539 nunc
3203 3495 3264 3536 os
3314 3493 3375 3533 ex
3431 3474 3674 3529 ossibus.

393 3595 516 3646 οχος
557 3577 655 3644 ῶν,
713 3581 992 3650 ἐγνωκὼς,
1027 3586 1107 3638 ὄτι
1141 3586 1199 3652 ἐξ
1227 3586 1395 3639 αὐτοῦ
1426 3582 1514 3658 ἦν,
1545 3588 1678 3657 φησί
1702 3603 1714 3617 ·
1748 3607 1768 3640 ι
1806 3587 1976 3642 Τοῦτο

2082 3585 2241 3646 meis,
2273 3593 2327 3638 et
2353 3596 2482 3636 caro
2503 3581 2568 3634 de
2593 3593 2755 3633 carne
2785 3591 2940 3642 mea;
2971 3577 3085 3629 haec
3115 3571 3402 3626 vocabitur
3436 3567 3645 3631 virago,

395 3669 490 3721 νῦν
523 3671 716 3726 ὀστοῦν
747 3676 811 3728 ἐκ
836 3675 946 3728 τῶν
972 3678 1146 3730 ὀστῶν
1177 3695 1304 3747 μου,
1329 3678 1424 3731 καὶ
1457 3679 1594 3753 σὰρξ
1625 3681 1691 3733 ἐκ
1714 3680 1813 3747 τῆς
1843 3697 1974 3750 σαρ-

2081 3675 2338 3744 quoniam
2371 3672 2438 3726 de
2470 3671 2585 3726 viro
2615 3679 2832 3738 sumpta
2867 3675 2965 3722 est.
3001 3687 3018 3718 ι
3074 3664 3276 3719 Videtis
3308 3661 3471 3731 igitur
3501 3658 3649 3710 Atla-

395 3763 493 3826 κός
521 3782 621 3834 μου
643 3782 656 3797 ·
696 3769 838 3838 αὕτη
871 3770 1202 3842 κληθήσεται
1239 3772 1396 3842 γυνὴ,
1429 3751 1605 3826 ὄτιὴέκ
1641 3771 1736 3826 τοῦ
1783 3773 1976 3842 ἀνδρὸς

2081 3783 2206 3823 mus
2239 3765 2550 3829 mulierem,
2601 3777 2710 3818 non
2759 3759 2988 3816 affectus
3035 3767 3120 3814 est
3163 3766 3418 3825 tanquam
3461 3751 3648 3807 videns

397 3856 568 3926 αὐτῆς
595 3858 804 3931 ἐλήφθη
841 3863 884 3894 ¹⁸
923 3881 942 3914 ι
977 3860 1142 3934 αὕτη.
1185 3863 1363 3934 ὐρῶν
1385 3859 1476 3918 οὖν
1503 3865 1532 3917 ὁ
1574 3864 1746 3934 Ἀδὰμ
1765 3865 1864 3935 τὴν
1887 3881 1977 3933 γυ·
2011 3879 2022 3892 ·

2027 3887 2030 3892 ·
2080 3861 2388 3922 mulierem,
2441 3857 2537 3912 sed
2584 3864 2839 3925 tanquam
2877 3853 3065 3908 videns
3117 3851 3380 3919 seipsum,
3430 3844 3652 3914 spirita-

395 3948 582 4014 ναϊκα,
619 3950 717 4020 οὐχ
764 3952 932 4023 909
964 3954 1040 4017 ὡς
1082 3957 1320 4023 γυναῖκα
1383 3955 1658 4026 θεώμενος
1711 3956 1970 4027 ἔπασχεν,

2081 3955 2205 4008 liter
2238 3949 2531 4021 gaudebat,
2587 3949 2728 4002 hanc
2775 3945 2968 4001 videns
3021 3942 3193 3997 forma
3241 3940 3344 3995 sibi
3395 3937 3653 3992 similem.

396 4039 514 4091 ἀλλ’
542 4039 621 4104 ὡς
664 4043 856 4098 ἑαυτὸν
902 4046 1064 4116 ὀρῶν,
1103 4048 1490 4117 πνευματικῶς
1543 4047 1875 4119 ηὐφραίνετο
1908 4049 1971 4114 ¹⁶,

2082 4044 2295 4098 Pariter
2345 4051 2399 4096 et
2457 4039 2688 4102 mulier,
2745 4038 3098 4093 considerans
3155 4033 3370 4095 virum,
3423 4030 3653 4084 multum

396 4131 495 4200 τὴν
523 4132 718 4202 ὁμοίαν
746 4135 963 4205 βλέπων
989 4137 1083 4192 καὶ
1109 4139 1316 4210 ταύτην
1343 4141 1575 4209 ἔχουσαν
1605 4141 1972 4210 κατασκευήν.

2081 4137 2408 4199 exsultabat,
2451 4149 2510 4188 se
2542 4132 2617 4186 illi
2643 4131 2876 4187 similem
2901 4143 3025 4184 esse
3055 4128 3320 4197 cogitans.
3367 4123 3464 4178 llis
3495 4123 3656 4191 igitur

407 4218 685 4290 Ὡσαύτως
716 4227 772 4280 δὲ
805 4229 898 4282 καλ¹
929 4230 960 4300 ἡ
1011 4231 1174 4302 γυνὴ,
1211 4231 1494 4302 θεωροῦσα
1523 4232 1614 4284 τὸν
1656 4231 1846 4302 ἄνδρα,
1882 4249 1977 4303 με·

2082 4232 2136 4285 in
2167 4228 2424 4300 paradiso
2453 4225 2748 4294 voluptatis
2784 4221 3158 4276 habitantibus
3193 4219 3363 4286 legem
3393 4217 3485 4269 dat
3515 4214 3656 4268 Deus

397 4316 581 4381 γὰλως
615 4320 904 4389 ἠγάλλετο,
937 4324 1064 4376 κατ’
1089 4325 1251 4378 αὑτὸν
1272 4324 1438 4377 οὖσαν
1466 4327 1668 4394 ἑαυτὴν
1693 4324 1972 4378 ἐννοοῦσα.

2085 4323 2244 4379 titulo
2270 4319 2540 4382 beneficii,
2586 4325 2648 4372 ut
2676 4314 2987 4371 ostenderet
3031 4326 3222 4367 eorum
3259 4318 3506 4362 naturam
3537 4321 3658 4359 esse

402 4410 613 4465 Ὄντων
654 4411 748 4468 οῦν
781 4413 962 4467 αὐτῶν
1013 4416 1072 4471 ἐν
1114 4416 1193 4486 τῷ
1242 4416 1557 4488 παραδείσῳ
1593 4417 1694 4485 τῆς
1741 4417 1976 4488 τρυφῆς,
2007 4485 2027 4488 _

2032 4485 2043 4488 ς
2084 4417 2310 4471 liberam
2345 4412 2661 4483 propriique
2714 4406 2944 4470 arbitrii,
2998 4404 3272 4471 simulque
3323 4405 3657 4454 monstraret

398 4503 564 4573 νόμον
595 4504 814 4559 δίδωσιν
843 4507 1028 4571 αὐτοῖς
1058 4510 1086 4561 ὁ
1119 4485 1253 4572 Θεὸς
1291 4485 1378 4561 ἐπ’
1411 4485 1726 4580 εὐεργεσίᾳ,
1754 4485 1847 4562 τοῦ
1873 4485 1981 4563 δεῖ·
2006 4485 2023 4544 Ῑ

2029 4485 2060 4544 )
2089 4507 2309 4564 eosdem
2360 4505 2584 4560 domino
2632 4517 2695 4557 ac
2729 4500 2894 4554 tutori
2927 4498 3229 4566 subiacere,
3266 4495 3345 4548 sic
3377 4495 3604 4559 loquens
3643 4508 3654 4542 :

402 4597 490 4662 ξαι
532 4599 634 4669 μὲν
663 4599 957 4673 ἐλευθέραν
989 4603 1088 4674 τὴν
1118 4604 1282 4674 φύσιν
1323 4606 1382 4658 ἐν
1418 4609 1486 4676 τῇ
1517 4605 1982 4674 αὐτεξουσιότητι,

2092 4602 2200 4656 «Ex
2233 4601 2380 4655 omni
2414 4600 2559 4668 ligno
2592 4594 2831 4665 paradisi
2863 4590 3169 4654 comedite;
3198 4589 3265 4642 de
3300 4587 3446 4656 ligno
3474 4592 3654 4638 autem

401 4693 683 4760 ὑποδεῖξαι
715 4694 773 4748 δὲ
827 4695 904 4758 ὡς
938 4695 1042 4748 ὑπὸ
1073 4696 1345 4766 δεσπότην
1384 4699 1481 4750 καὶ
1529 4697 1804 4767 κηδεμόνα
1853 4698 1986 4763 εἰσὶ,

2087 4692 2330 4748 scientiae
2369 4690 2496 4744 boni
2522 4697 2577 4742 et
2607 4685 2734 4740 mali
2763 4698 2830 4738 ne
2862 4680 3163 4737 comedatis
3198 4694 3212 4732 :
3246 4677 3297 4731 in
3333 4689 3657 4745 «procrinque

397 4785 573 4854 λέγων
602 4787 777 4849 οὕτως
798 4801 812 4817 ⁸
853 4805 874 4839 r
913 4789 956 4820 ¹⁷
1003 4789 1135 4842 Ἀπὸ
1170 4788 1370 4853 παντὸς
1400 4787 1558 4854 ξύλου
1582 4766 1678 4842 τοῦ
1701 4789 1758 4841 ἐν
1777 4788 1856 4858 τῷ
1877 4805 1986 4840 πα-

2085 4786 2232 4839 enim
2278 4782 2368 4837 die
2409 4778 2707 4836 comedetis
2752 4791 2817 4830 ex
2849 4788 2936 4838 eo,
2985 4780 3161 4828 morte
3193 4768 3556 4829 moriemini,»
3606 4766 3657 4818 id

401 4878 637 4950 ραδείσῳ
658 4878 860 4950 βρώσει
876 4884 1048 4953 φαγῇ,
1075 4881 1186 4936 ἀπὸ
1201 4882 1257 4935 δὲ
1273 4881 1367 4936 τοῦ
1402 4882 1562 4948 ξύλου
1579 4881 1674 4935 τοῦ
1695 4879 1987 4950 γινώσκειν

2085 4885 2190 4942 est,
2241 4873 2500 4929 mortales
2529 4870 2704 4927 eritis.
2748 4867 2840 4923 Sic
2886 4866 3031 4922 enim
3082 4861 3444 4931 Symmachus
3489 4858 3657 4911 inter-

399 4972 568 5027 καλὸν
599 4949 707 5027 καὶί
731 4949 1088 5044 πονηρὸνίού
1125 4973 1366 5044 φάγεσθε
1410 4974 1507 5027 ἀπ’
1536 4949 1745 5027 αὐτοῦ·
1841 4971 1883 5024 δ’
1913 4970 1979 5024 ἂν

2089 4977 2330 5039 pretatus
2360 4974 2443 5020 est
2476 4981 2489 5019 :
2530 4980 2549 5015 ε
2581 4962 2637 5016 ln
2667 4970 3013 5030 quacumque
3056 4964 3235 5009 autem
3272 4952 3361 5007 die
3405 4949 3666 5005 comedes

399 5068 589 5141 ἡμέρα
620 5069 834 5140 φάγητε
868 5070 916 5102 ⁸⁸
940 5071 1036 5124 ἀπ’
1068 5069 1259 5132 αὑτοῦ,
1289 5067 1506 5137 θανάτῳ
1539 5063 1924 5128 ἀποθανεῖσθε,
1957 5081 1974 5114 ι

1210 5069 1259 5132 ῦ,
1289 5067 1506 5137 θανάτῳ
1539 5063 1924 5128 ἀποθανεῖσθε,
1957 5081 1974 5114 ι
2087 5060 2154 5114 de
2184 5059 2352 5124 ligno,
2386 5054 2637 5111 mortalis
2661 5052 2790 5107 eris.
2818 5068 2835 5100 ι

399 5134 718 5233 τουτέστιν,
755 5134 956 5235 *θνητοὶ
1031 5164 1241 5220 ἔσεσθε.
1275 5161 1432 5216 Οὕτω
1479 5134 1603 5230 -γὰρ
1636 5160 1729 5213 καὶ
1774 5161 1801 5211 ὁ
1867 5157 2161 5226 Σύμμαχος
2221 5152 2567 5222 ἡρμήνευσε·
2611 5167 2629 5200 ι
2669 5142 2747 5218 τῌ
2780 5146 2824 5198 δ’
2884 5144 2948 5199 ἂν
3005 5141 3189 5214 ἡμέρᾳ
3226 5140 3377 5209 φάγῃ
3425 5136 3533 5191 ἀπὸ
3567 5134 3662 5189 τοῦ

403 5251 588 5322 ξύλου,
624 5254 820 5328 θνητὸς
852 5257 976 5329 έσῃ.
1011 5275 1029 5308 ι
3689 5247 3698 5316 ἐξ

1599 5441 1787 5503 Variae
1850 5440 2158 5503 lectiones
2193 5442 2255 5498 et
2300 5438 2488 5496 noue.

479 5621 521 5653 ‘°
556 5622 691 5678 Gen.
722 5637 780 5684 Il,
811 5620 898 5675 l8.
979 5620 1014 5652 “
1061 5620 1208 5687 λέγει
1249 5616 1308 5674 P.
1339 5616 1440 5670 Th.
1474 5643 1545 5687 -τ
1575 5614 1785 5687 μέλλων
1806 5613 1936 5687 cod.
2018 5611 2104 5666 ¹²(

2041 5615 2058 5643 ²
2082 5611 2218 5666 Gen.
2260 5604 2538 5687 t,_2|,2"2.
2581 5675 2592 5687 θ
2623 5603 2664 5687 ¹ξ
2690 5603 3036 5687 οὶτωςηερά.
3121 5599 3158 5630 ¹³
3189 5596 3294 5687 γαρ
3322 5593 3450 5687 ρρύ.
3489 5610 3528 5687 ἃ
3575 5608 3661 5687 εξ-

406 5660 796 5748 ςηιιιΙιΪῐηθιιιί.
832 5660 886 5744 δέ
933 5689 989 5743 Ρ.
1020 5660 1144 5743 ἸἹι.⁸
1206 5691 1245 5720 ’⁵
1281 5660 1415 5744 (den.
1440 5701 1498 5749 tt,
1522 5660 1614 5739 2ιῖ
1693 5685 1736 5715 ¹⁶
1759 5684 1891 5753 ηὑφ.
1925 5699 2031 5734 -ι

2034 5660 2362 5753 ςαὲἶὶὶὲηῖτ.
2399 5660 2466 5718 -έ-
2505 5675 2706 5746 ταὺτήν
2733 5673 2792 5729 Ρ.
2843 5660 2912 5705 ’⁸⁷
2944 5672 3077 5729 Gen.
3119 5660 3404 5736 “.16.”.
3489 5661 3528 5693 ¹⁶
3557 5660 3659 5730 φά-

406 5779 492 5828 γει
529 5762 651 5819 cod.
685 5791 753 5802 -
782 5761 920 5819 Nota
965 5779 978 5816 :
1019 5759 1245 5826 pluralis
1276 5786 1346 5799 —-
1371 5771 1532 5823 quem
1588 5762 1642 5810 et
1687 5752 1923 5821 Symeen
1959 5752 2252 5819 expressit.
