4114 6472
463 398 595 466 1271

673 514 818 573 XIII.
854 515 930 571 De
968 516 1111 588 ligno
1150 514 1385 571 scientia:
1424 513 1545 570 boni
1580 525 1628 570 ct
1672 515 1824 570 mali.

534 701 640 758 Sed
693 715 761 757 ue
805 700 930 771 quis
975 699 1275 756 arbitretur
1329 699 1435 756 hoc
1495 699 1704 772 lignum
1766 699 2038 771 ejusmodi

462 791 631 848 fuisse
656 800 719 847 ut
741 790 1028 847 scientiam
1067 791 1223 846 daret
1248 791 1377 846 boni
1408 798 1463 846 ct
1492 790 1657 858 mali;
1713 790 1850 846 nihil
1893 792 2037 847 enim

461 887 581 936 erat
608 880 866 937 nocivum
896 882 952 938 in
983 881 1274 953 paradiso;
1308 881 1403 938 sed
1425 883 1491 937 ad
1523 881 1668 939 hunc
1692 883 1853 938 linem
1874 882 2041 938 arbor

461 973 555 1026 illa
617 970 912 1029 constituta
964 985 1087 1030 erat
1139 984 1199 1029 ιιι
1251 983 1600 1030 exerceretur
1662 974 1911 1031 libertas.
1972 974 2041 1029 Et

458 1065 667 1136 tignum
697 1065 843 1121 haud
879 1065 1051 1123 fuisse
1073 1066 1288 1122 Adamo
1326 1079 1550 1121 causam
1576 1064 1822 1121 scicntia:
1851 1072 2038 1135 patet:

456 1172 583 1213 nam
626 1167 956 1230 praeceptum
985 1158 1170 1215 datum
1198 1168 1282 1214 est
1321 1167 1579 1229 tanquam
1612 1158 1914 1213 scientibus
1940 1157 2041 1214 bo-

458 1264 590 1304 uum
619 1259 677 1305 et
709 1253 933 1315 malum,
983 1250 1349 1307 obedientiam
1377 1260 1431 1306 et
1466 1250 1917 1317 inohedientiam,
1965 1249 2041 1304 ita

458 1351 521 1397 ut
571 1342 803 1398 scientia
850 1344 1168 1400 mandatum
1226 1344 1571 1415 praecesserit
1624 1363 1637 1399 :
1700 1343 1805 1398 hoc
1856 1353 2040 1398 autem

457 1432 649 1488 datum
677 1442 784 1499 est,
805 1437 952 1491 sicut
977 1437 1241 1505 diximus,
1291 1445 1372 1500 ut,
1403 1436 1533 1506 quia
1568 1435 1741 1491 libera
1767 1436 2043 1491 voluntate

459 1534 647 1583 motus
674 1528 842 1583 homo
869 1543 1063 1584 secure
1091 1529 1310 1598 quidem
1346 1529 1414 1583 de
1443 1529 1700 1584 omnibus
1727 1528 1852 1584 aliis
1879 1528 2043 1583 arbo-

459 1616 615 1674 ribus
636 1627 850 1688 poterat
868 1634 1106 1684 sumere,
1129 1620 1198 1676 ab
1221 1634 1325 1674 una
1350 1627 1527 1674 autem
1546 1634 1644 1689 per
1664 1621 1833 1690 legem
1853 1618 2042 1688 prohi-

461 1707 576 1762 bita
605 1708 885 1765 abstinere
913 1710 1170 1774 debebat,
1199 1720 1559 1781 cognosceret
1593 1725 1652 1765 sc
1681 1708 2040 1765 dominationi

458 1799 689 1857 subesse
732 1801 881 1858 iliins
912 1803 1005 1873 qui
1057 1812 1384 1873 praeceptum
1432 1802 1676 1858 dederat.
1733 1802 1901 1857 Erant
1950 1801 2045 1871 igi-

457 1900 551 1946 tur
581 1891 638 1948 in
675 1894 975 1964 purissimo
1001 1893 1108 1952 hoc
1152 1894 1273 1952 loco
1318 1895 1563 1951 Adamus
1596 1905 1652 1951 et
1686 1893 1797 1950 Eva
1840 1895 2043 1964 degen-

458 1996 542 2040 tes
595 1984 1101 2060 immortaliumque
1153 1987 1347 2044 ﬂorum
1396 1988 1658 2042 varietate
1702 1985 2046 2042 abundanter

458 2077 728 2133 fruentes.

799 2288 939 2346 XIV.
983 2290 1060 2346 De
1097 2290 1310 2347 diabolo
1347 2301 1396 2345 et
1438 2301 1698 2362 serpente.

533 2402 604 2457 At
673 2409 883 2459 natura
946 2411 1155 2460 nostra:
1218 2402 1513 2471 inimicus,
1593 2409 1756 2458 tanta:
1810 2402 2047 2458 hominis

465 2492 716 2566 dignitati
751 2493 1024 2564 invidens,
1066 2505 1257 2552 contra
1291 2512 1416 2552 eum
1448 2496 1651 2551 bellum
1695 2496 1961 2566 suscepit,
1993 2507 2048 2552 et

464 2595 771 2658 serpentem
796 2588 1080 2660 ingressus
1104 2588 1279 2646 astitit
1303 2589 1542 2654 mulieri,
1566 2588 1791 2645 absente
1811 2588 2044 2655 Adamn,

466 2691 532 2733 ac
562 2676 752 2734 dolose
784 2678 927 2735 hanc
954 2679 1178 2735 deﬂexit
1209 2696 1238 2734 a
1286 2679 1457 2745 bono,
1503 2680 1889 2749 Adamumque
1921 2694 2046 2735 cum

463 2784 528 2825 ea
562 2768 777 2837 fefellit,
824 2781 877 2826 ct
921 2773 1113 2829 ambos
1146 2774 1275 2830 fecit
1329 2773 1465 2845 legis
1509 2773 1706 2829 divina:
1743 2785 2048 2844 transgres-

466 2875 644 2918 sores.
729 2862 804 2919 De
879 2863 975 2920 illo
1040 2865 1187 2920 enim
1257 2865 1540 2935 Scriptura
1605 2864 1687 2921 sic
1746 2865 1990 2935 loquitur
2031 2884 2050 2920 :

473 2972 497 3004 ι
527 2952 767 3023 Serpens
795 2964 914 3010 erat
945 2955 1195 3011 callidior
1224 2955 1438 3012 cunctis
1465 2954 1841 3012 animantibus
1865 2964 2046 3023 terrae,

466 3060 589 3115 quae
623 3045 829 3103 fecerat
855 3046 1126 3104 Dominus
1157 3046 1325 3106 Deus.
1355 3067 1375 3102 ι
1419 3048 1662 3105 Callidus
1697 3059 1926 3105 vocatus
1963 3056 2049 3104 est

466 3152 716 3207 serpens,
748 3139 876 3209 quia
907 3139 1213 3207 hominem,
1246 3141 1454 3196 animal
1484 3141 1771 3208 rationale,
1813 3140 2048 3212 aliisque

468 3227 821 3300 intelligentia
854 3241 1228 3301 prmstantem,
1282 3232 1612 3302 decepturus
1661 3244 1799 3289 erat.
1843 3232 2050 3290 Deinde

469 3318 623 3375 addit
654 3338 669 3376 :
707 3338 726 3371 ι
762 3319 827 3377 Et
856 3321 996 3377 dixit
1025 3338 1256 3394 serpens
1290 3322 1357 3377 ad
1382 3323 1669 3379 mulierem
1716 3341 1730 3377 :
1770 3321 1882 3377 Cur
1912 3338 2052 3392 prte-

468 3411 615 3481 cepit
647 3412 807 3468 vobis
837 3411 982 3469 Deus
1010 3422 1072 3469 ut
1098 3428 1206 3468 non
1237 3413 1598 3469 comederetis
1628 3413 1696 3467 de
1723 3414 1872 3467 omni
1905 3413 2052 3484 ligno

468 3501 760 3572 paradisi?
796 3503 896 3557 Cui
944 3504 1225 3574 respondit
1272 3503 1469 3559 mulier
1519 3521 1532 3559 :
1590 3504 1667 3560 De
1707 3504 1856 3559 omni
1904 3504 2052 3574 ligno

472 3594 714 3664 paradisi
743 3595 1113 3661 comedimus;
1155 3596 1222 3651 de
1250 3594 1426 3652 fructu
1468 3611 1601 3651 vero
1633 3595 1762 3666 ligni
1790 3597 1934 3666 quod
1970 3606 2056 3652 est

474 3685 531 3742 in
562 3686 745 3742 medio
790 3687 1052 3758 paradisi,
1104 3688 1361 3759 praecepit
1390 3689 1551 3745 nobis
1583 3689 1726 3746 Deus
1757 3704 1827 3745 ne
1872 3704 2056 3745 come-

474 3777 732 3836 deremus
775 3789 830 3835 et
863 3794 933 3836 ne
965 3788 1317 3852 taugeremus
1348 3780 1511 3847 illud,
1558 3796 1629 3837 ne
1673 3780 1816 3838 forte
1848 3781 2055 3836 moria-

475 3888 624 3929 mur.
656 3891 676 3926 ι
720 3873 802 3929 Au
864 3888 1092 3945 serpens
1147 3873 1333 3931 verbis
1379 3888 1515 3930 usus
1566 3882 1651 3930 est
1708 3874 2059 3929 articulatis?

475 3965 873 4038 Nequaquam;
925 3967 1019 4023 sed
1073 3966 1232 4037 primi
1287 3974 1543 4036 parentes
1593 3967 1775 4021 omnis
1833 3966 2057 4023 malitiae

475 4059 771 4124 immunes,
796 4074 994 4116 sensus
1027 4058 1299 4114 habebant
1321 4058 1671 4114 acutissimos
1692 4067 1746 4112 et
1778 4059 1934 4128 longe
1958 4074 2058 4113 no-

476 4150 609 4206 stris
640 4151 1069 4221 prmstantiores,
1102 4150 1174 4206 ita
1207 4159 1267 4206 ut
1289 4164 1478 4205 eorum
1509 4149 1731 4204 auditus
1758 4150 2059 4220 quamlibet

474 4255 667 4295 vocem
696 4241 976 4312 percipere
1022 4251 1232 4312 posset.
1271 4241 1546 4295 Animalia
1601 4256 1818 4311 quoque
1866 4249 1921 4296 et
1965 4242 2058 4312 jn-

476 4340 661 4386 menta
693 4331 952 4388 dicuntur
980 4332 1110 4387 olim
1134 4331 1263 4386 [abii
1294 4330 1458 4386 unius
1500 4331 1700 4397 fuisse;
1753 4345 1877 4386 cum
1926 4346 2056 4386 vero

473 4425 723 4480 Adamus
763 4424 866 4480 fuit
901 4426 1319 4490 condemnatus,
1379 4433 1509 4478 tunc
1561 4440 1624 4477 ca
1674 4424 2052 4490 obmutuisse;

1658 396 1982 460 GEORGII
2022 395 2482 461 HAMARTOLI

2069 519 2111 577 Δ
2141 515 2320 588 (ἳθἹο)
2355 515 2480 589 [ΙῙἼ
2514 514 2652 586 Περὶ
2683 516 2789 570 τοῦ
2823 518 3015 589 ξύλον
3055 520 3372 588 γινώσκειν
3396 516 3590 571 καλὸν
3622 520 3723 575 καὶ

3588 398 3726 463 1272

2788 588 3074 657 πονηρόν.

2224 699 2388 755 Ἀλλά
2423 702 2498 773 μή
2532 718 2614 764 τις
2646 700 2933 766 ύπολάὸοι,
2972 701 3053 755 δτι
3095 701 3154 755 τὸ
3181 701 3339 769 ξύλον
3365 700 3623 773 τοιαύτης
3653 698 3725 774 ἦν

2141 791 2380 860 φύσεως,
2412 792 2489 855 ὡς
2518 791 2723 861 γνῶσιν
2752 794 3019 865 παρέχειν
3059 794 3228 849 καλοῦ
3252 812 3311 848 τε
3338 795 3433 848 καλ⁵
3455 796 3630 849 κακοῦ
3652 826 3725 836 —

2139 885 2201 938 ού
2231 885 2340 954 γὰρ
2370 885 2436 957 δὴ
2465 884 2730 958 βλαϐερόν
2761 905 2813 940 τι
2844 883 2914 959 ἦν
2947 887 3008 942 ὲν
3035 887 3115 957 τῷ
3149 886 3469 958 παραδείσῳ
3499 917 3568 926 -
3596 888 3726 957 ὅρος

2140 975 2197 1029 δὲ
2224 976 2382 1047 ἐτέθη
2428 977 2521 1031 ἐπὶ
2546 976 2624 1048 τῷ
2656 978 2809 1049 φυτῷ
2858 977 2995 1048 πρὸς
3024 978 3336 1052 γυμνασίαν
3381 979 3480 1049 τῆς
3508 979 3725 1032 ἐλευθε-

2143 1065 2415 1137 ριότητος,
2451 1068 2562 1120 Καὶ
2587 1068 2670 1122 ὅτι
2693 1068 2753 1122 ού
2781 1066 2843 1121 τὸ
2883 1068 3039 1133 ξύλον
3075 1068 3248 1122 αἴτιον
3285 1068 3362 1138 τῷ
3385 1070 3560 1139 Ἀδὰμ
3582 1068 3725 1135 γνώ-

2143 1176 2281 1222 σεως
2312 1159 2528 1226 γέγονε,
2553 1159 2745 1230 δῆλον·
2776 1161 2811 1228 ἡ
2837 1160 2945 1230 γὰρ
2978 1160 3171 1231 ἐντολὴ
3206 1159 3282 1224 ὡς
3314 1161 3356 1193 ¹⁹
3388 1161 3522 1232 πρὸς
3553 1161 3723 1214 εἰδότε

2142 1253 2310 1322 ἄμφω
2356 1252 2534 1323 ἐδόθη,
2579 1253 2641 1306 τό
2683 1270 2741 1308 τε
2779 1254 2944 1308 καλὸν
2978 1256 3073 1310 καὶ
3105 1256 3167 1309 τὸ
3211 1255 3471 1326 πονηρὸν,
3517 1256 3618 1325 τήν
3663 1272 3726 1308 τε

2143 1343 2391 1414 ὑπακοὴν
2421 1345 2514 1397 καὶ
2532 1344 2632 1415 τὴν
2661 1345 2968 1417 παρακοήν,
2999 1346 3138 1400 ὥστε
3164 1348 3197 1418 ἡ
3220 1347 3418 1415 γνῶσις
3448 1345 3727 1417 προῦλαϐε

2143 1437 2241 1507 τὴν
2298 1436 2540 1508 ἐντολήν.
2583 1438 2806 1492 Δέδοται
2857 1438 2913 1492 δὲ
2945 1439 3086 1511 αύτὴ
3134 1440 3222 1494 διὰ
3250 1440 3333 1504 τὸ,
3363 1439 3440 1503 ὡς
3487 1439 3725 1511 εἴρηται,

2144 1527 2478 1603 αὖτεξουσίῳ
2539 1530 2848 1604 βουλήματι
2893 1534 3217 1604 κινούμενον
3269 1533 3363 1588 τὸν
3411 1532 3727 1603 ἄνθρωπον,

2143 1623 2233 1676 ἐπ’
2268 1623 2455 1688 ἀδείας
2488 1641 2546 1676 τε
2594 1625 2789 1696 ἔχοντα
2837 1626 2948 1680 ἀπὸ
2998 1626 3220 1682 πάντων
3284 1625 3729 1697 μεταλαμϐάνειν

2142 1715 2252 1770 τῶν
2277 1714 2454 1770 ἄλλων
2479 1715 2734 1787 δένδρων,
2764 1718 2883 1783 ἑνὸς
2915 1718 2973 1775 δὲ
3014 1718 3179 1790 μόνου
3203 1720 3354 1791 νόμῳ
3390 1736 3733 1790 προσταττο-

2151 1807 2316 1880 μένου
2369 1808 2672 1880 ἀπέχεσθαι
2704 1810 2774 1877 ⁸ο,
2814 1810 3108 1879 γινώσκειν
3167 1812 3243 1876 ὡς
3301 1812 3406 1867 ὑπὸ
3462 1812 3731 1881 δεσπότην

2148 1900 2268 1955 ἐστὶ
2297 1902 2339 1932 ²¹
2370 1903 2467 1957 καὶ
2496 1900 2595 1975 τὴν
2638 1902 2861 1974 ἐντολὴν
2887 1903 3177 1959 δεδωκότα.
3222 1900 3407 1959 Ἶισαν
3432 1899 3526 1958 οὗν
3568 1904 3626 1957 ἐν
3653 1902 3733 1973 τῷ

2147 1989 2524 2062 καθαρωτάτῳ
2556 1990 2734 2062 τούτῳ
2759 1993 2913 2064 τόπῳ
2940 1993 2969 2046 ὅ
2998 2009 3058 2046 τε
3104 1992 3279 2064 ’Δδάμ
3299 1993 3393 2048 καὶ
3416 1994 3450 2064 ἡ
3480 1992 3592 2047 Εὕα
3623 1993 3737 2049 διάο

2146 2097 2340 2147 γοντες
2364 2080 2461 2134 καὶ
2491 2083 2561 2153 τῇ
2593 2082 2841 2154 ποικιλίᾳ
2878 2082 2990 2136 τῶν
3018 2081 3307 2137 ἀθανάτων
3334 2081 3543 2137 ἀνθέων
3573 2080 3735 2153 δαψι-

2148 2172 2255 2237 λῶς
2281 2173 2670 2238 ἀπολαύοντες.

2181 2287 2348 2359 910
2395 2285 2520 2361 [ΙΝ]
2550 2285 2692 2358 Περι
2720 2287 2827 2343 τοῦ
2864 2288 3153 2346 διαϐόλου
3190 2288 3428 2346 καὶτοῦ
3454 2290 3665 2361 ὄφεως.

2234 2400 2376 2454 Ἀλλ’
2414 2400 2443 2453 ό
2493 2399 2689 2473 ἐχθρὸς
2718 2399 2820 2470 τῆς
2855 2402 3141 2473 ἡμετέρας
3190 2402 3406 2472 φύσεως
3456 2400 3734 2471 βασκήνας

2148 2492 2242 2546 ἐπὶ
2265 2494 2331 2562 τῇ
2370 2491 2542 2563 πολλῇ
2574 2494 2709 2566 τιμῇ
2747 2492 2844 2546 τοῦ
2871 2493 3165 2565 ἀνθρώπου
3193 2495 3288 2549 καὶ
3329 2494 3523 2563 φθόνον
3550 2497 3741 2562 ὲγκισ-

2151 2583 2324 2654 σήσας
2350 2582 2419 2647 ²¹,
2452 2581 2546 2635 τδν
2596 2582 2735 2652 πρὸς
2768 2583 2936 2636 αὑτὸν
2968 2583 3143 2655 ῇρατο
3188 2584 3451 2655 πόλεμον,
3502 2586 3597 2638 καὶ
3638 2585 3739 2636 τὸν

2148 2674 2272 2744 ὅφιν
2303 2674 2459 2738 ἐνδὺς
2494 2673 2700 2744 ἐπέστη
2738 2677 2804 2745 τῇ
2852 2676 3096 2744 γυναικὶ,
3126 2675 3359 2740 ἀπόντος
3402 2676 3496 2730 τοῦ
3539 2676 3739 2747 Ἀδάμ,

2151 2766 2246 2820 καὶ
2290 2765 2619 2838 πανούργως
2658 2765 2832 2837 αὐτὴν
2881 2764 2973 2821 τοῦ
3030 2768 3407 2839 συμφέροντος
3456 2783 3741 2840 παρατρε-

2148 2860 2392 2933 ψάμενος
2418 2859 2509 2915 διὰ
2549 2858 2783 2928 ψεύδους
2826 2861 2923 2914 καὶ
2959 2862 3052 2914 τὸν
3081 2861 3256 2933 Ἀδὰμ.
3306 2861 3480 2937 ταύτῃ
3516 2863 3738 2929 συνεξα-

2151 2954 2427 3027 πατήσας,
2465 2953 2793 3025 παραϐάτας
2835 2951 2932 3007 τοῦ
2962 2952 3109 3007 θείου
3141 2953 3525 3026 παρεσκεύασε
3567 2955 3735 3020 νόμου

2152 3045 2506 3117 γεγενῆσθαι.
2557 3046 2725 3116 Λέγει
2760 3045 2869 3117 γὰρ
2899 3046 2932 3117 ἡ
2983 3045 3179 3118 Γραφὴ
3207 3046 3337 3117 περὶ
3360 3046 3555 3100 τούτου
3594 3043 3697 3102 ὧδε
3719 3061 3735 3078 ο

2159 3159 2178 3192 ι
2226 3140 2286 3193 Ὀ
2320 3138 2376 3193 δὲ
2401 3138 2524 3209 δφις
2553 3134 2622 3211 ἦν
2650 3137 3066 3209 φρονιμώτατος
3094 3137 3248 3207 παρὰ
3274 3137 3451 3191 πάντα
3472 3139 3541 3192 τὰ
3575 3137 3741 3208 θηρία

2154 3231 2255 3301 τῆς
2284 3230 2412 3299 γῆς,
2443 3229 2480 3283 ά
2518 3228 2743 3299 ἐποίησε
2769 3227 2977 3299 Κύριος
3001 3230 3031 3282 ό
3057 3227 3190 3292 Θεός
3221 3229 3290 3283 ³³.
3332 3246 3351 3281 ι
3387 3228 3652 3300 Φρόνιμος
3681 3229 3741 3282 δὲ

2156 3320 2362 3392 ἐκλήθη
2413 3323 2441 3373 ό
2465 3319 2610 3389 ὄφις,
2647 3319 2732 3372 ὅτι
2788 3317 2850 3372 τὸ
2895 3319 3115 3386 λογικὸν
3150 3318 3290 3384 ζῶον
3332 3316 3426 3371 τὸν
3454 3317 3745 3390 ἄνθρωπον

2157 3412 2385 3468 καὶτῶν
2417 3413 2593 3467 ἄλλων
2619 3410 2870 3483 ἀγχινοίᾳ
2913 3411 3246 3482 διαφέροντα
3282 3410 3560 3481 ἐξαπατᾷν
3580 3409 3742 3481 ἔμελ-

2156 3507 2269 3562 λεν.
2298 3502 2434 3560 Εἶτα
2461 3504 2705 3572 ἐπιλέγει
2729 3505 2796 3537 ’δ’
2832 3506 2975 3559 «Καὶ
3003 3500 3157 3558 εἶπεν
3182 3507 3210 3558 ὁ
3238 3505 3361 3574 δφις
3389 3506 3454 3575 τῇ
3485 3503 3741 3572 γυναικίο

2158 3598 2224 3653 Τί
2281 3598 2369 3652 ὅτι
2430 3593 2584 3650 εἶπεν
2620 3597 2650 3649 ό
2687 3595 2859 3661 Θεόςο
2897 3597 2971 3650 Ού
3006 3597 3081 3667 μὴ
3120 3598 3334 3667 φάγητε
3387 3595 3496 3650 ἀπὸ
3542 3596 3744 3658 παντὸς

2160 3692 2318 3758 ξύλου
2353 3692 2448 3745 τοῦ
2482 3692 2539 3745 ὲν
2565 3690 2643 3761 τῷ
2687 3691 3006 3761 παραδείσῳ
3031 3708 3045 3756 ;
3073 3691 3184 3745 Καὶ
3224 3688 3381 3745 εἷπεν
3420 3693 3452 3762 ἡ
3488 3690 3625 3761 γυνὴ
3666 3690 3744 3760 τῷ

2158 3788 2280 3854 ὄφει
2300 3804 2315 3818 ·
2346 3785 2479 3840 Ἀπὸ
2507 3787 2708 3848 παντὸς
2729 3782 2889 3850 ξύλου
2907 3782 3000 3837 τοῦ
3021 3784 3079 3835 ὲν
3108 3783 3185 3854 τῷ
3208 3783 3524 3854 παραδείσῳ
3542 3782 3745 3852 φαγού-

2163 3878 2333 3948 μεθαο
2364 3878 2472 3931 ἀπὸ
2491 3876 2548 3930 δὲ
2577 3875 2674 3930 τοῦ
2700 3874 2912 3946 καρποῦ
2938 3873 3032 3930 τοῦ
3065 3875 3245 3940 ξύλου,
3277 3876 3305 3929 ὃ
3335 3878 3482 3928 ἐστιν
3503 3876 3563 3928 ὲν
3597 3875 3747 3946 μέσῳ

2159 3969 2253 4024 τοῦ
2279 3968 2635 4039 παραδείσου,
2660 3962 2815 4020 εἶπεν
2838 3967 2867 4020 ὁ
2896 3966 3032 4030 Θεός
3051 3984 3064 3998 ’
3093 3968 3168 4020 Ού
3196 3967 3272 4035 μὴ
3289 3967 3500 4035 φάγητε
3526 3964 3618 4019 ἀπ’
3646 3966 3746 4018 αύ-

2157 4061 2275 4126 τοῦ,
2296 4060 2404 4114 οὐδ’
2423 4061 2483 4114 ού
2505 4060 2580 4130 μὴ
2605 4058 2817 4129 ἆψησθε
2841 4058 3029 4126 αὐτοῦ,
3060 4059 3145 4112 ἵνα
3169 4061 3244 4134 μὴ
3272 4059 3605 4128 ἀποθάνητε.
3631 4076 3649 4110 ι
3677 4088 3747 4098 -—

2160 4150 2307 4225 'Apa
2344 4152 2401 4206 δὲ
2438 4153 2537 4206 καὶ
2574 4152 2602 4204 ὀ
2630 4150 2756 4220 όφις
2795 4150 2874 4221 τῷ
2909 4149 3055 4205 κατά
3094 4150 3380 4219 προφορὰν
3407 4149 3553 4219 λόγῳ
3582 4150 3746 4219 ἔχρη-

2161 4258 2327 4307 σατο;
2361 4240 2436 4294 Ού
2463 4240 2706 4306 πάντως,
2737 4239 2853 4292 ἀλλ’
2880 4240 2930 4293 οἱ
2955 4239 3397 4310 πρωτόπλαστοι,
3424 4238 3519 4293 ire
3546 4238 3748 4303 κακίας

2157 4333 2312 4395 ὄντες
2361 4332 2614 4402 ἀμιγεῖς,
2669 4330 3076 4401 ἀκριϐεστάτας
3115 4325 3263 4400 εἶχον
3317 4332 3413 4394 τὰς
3464 4329 3745 4400 αἰσθήσεις

2159 4425 2254 4479 καὶ
2283 4425 2418 4478 πολὺ
2451 4425 2561 4477 τῶν
2595 4424 2883 4496 ἡμετέρων
2904 4423 3327 4487 διαλλαττούσας
3356 4425 3424 4488 ’⁸,
3456 4423 3597 4477 ὥστε
3643 4425 3745 4494 τὴν

474 4534 541 4573 ac
591 4526 897 4588 serpentem
934 4527 1249 4573 truncatum
1277 4530 1400 4572 esse
1430 4516 1659 4584 pedibus
1707 4526 1763 4571 et
1808 4527 2049 4588 reptasse

2161 4514 2334 4587 ἀκοὴν
2383 4515 2568 4569 αὐτῶν
2602 4516 2785 4586 πάσης
2823 4515 3093 4586 ὑπάρχειν
3139 4518 3325 4584 φωνῆς
3372 4516 3746 4586 ἁκουστικήν·

474 4612 648 4676 humi,
673 4625 1055 4680 venenumque
1087 4625 1253 4679 super
1271 4609 1593 4678 ejusliugua
1628 4623 1750 4664 esse
1790 4610 2052 4679 positum.

475 4702 682 4758 Deinde
731 4704 1019 4774 Scriptura
1071 4701 1307 4759 subdit:
1348 4719 1367 4753 ι
1401 4700 1543 4756 Dixit
1598 4712 1778 4757 autem
1830 4718 2057 4773 serpens

472 4796 540 4851 ad
579 4795 860 4850 mulierem
898 4813 912 4848 :
948 4793 1313 4864 Nequaquam
1364 4800 1540 4848 morte
1579 4794 1909 4860 moriemini,
1952 4795 2058 4849 scit

469 4891 614 4945 enim
653 4889 796 4944 Deus
830 4888 975 4959 quod
1005 4887 1058 4942 in
1096 4901 1427 4958 quocunque
1476 4885 1567 4942 die
1613 4886 1959 4942 comederitis
1989 4903 2056 4941 ex

468 4999 556 5047 eo,
612 4981 931 5053 aperientur
979 4982 1125 5038 oculi
1179 4981 1375 5047 vestri,
1435 4990 1491 5035 et
1551 4980 1708 5036 eritis
1762 4980 1906 5035 sicut
1958 4980 2056 5046 dii,

470 5077 711 5132 scientes
734 5074 936 5130 bonum
959 5088 1016 5130 et
1043 5075 1272 5130 malum.
1319 5072 1464 5129 Vidit
1493 5074 1656 5146 igitur
1684 5075 1881 5129 mulier
1909 5073 2054 5144 quod

472 5163 678 5218 bonum
711 5173 858 5220 esset
905 5164 1115 5235 lignum
1152 5164 1223 5220 ad
1253 5164 1615 5228 vescendum,
1661 5173 1716 5218 et
1763 5164 2053 5233 pulchrum

471 5254 687 5319 oculis,
743 5266 1079 5327 aspectuque
1136 5256 1459 5313 delectabile
1516 5273 1530 5310 :
1589 5266 1644 5311 et
1696 5259 1933 5326 sumpsit
1986 5257 2055 5311 de

472 5345 659 5400 fructu
712 5343 879 5408 illius,
928 5356 983 5402 et
1031 5348 1292 5413 comedit,
1346 5346 1607 5417 deditque
1658 5346 1776 5401 viro
1829 5361 1952 5414 suo,
2003 5355 2058 5403 et

2160 4607 2362 4660 καὶτὰ
2412 4606 2576 4679 θηρία
2633 4607 2729 4659 καὶ
2780 4605 2851 4658 τά
2900 4608 3073 4676 κτήνη
3120 4605 3301 4659 λαλεῖν
3362 4606 3511 4673 λέγει
3540 4606 3587 4636 ’⁸
3648 4606 3749 4676 μιᾷ

2154 4700 2375 4772 γλώσσῃ
2409 4700 2566 4764 ποτὲ,
2598 4699 2688 4752 ὅτε
2719 4697 2778 4751 δὲ
2823 4698 2998 4768 ’Δδάμ
3055 4697 3449 4769 κατεδικάσθη,
3492 4698 3613 4751 τότε
3651 4699 3748 4751 καὶ

2154 4794 2295 4847 αὐτὰ
2330 4791 2708 4862 πεφιμῶσθαι,
2738 4791 2831 4844 τὸν
2865 4790 2924 4845 δὲ
2949 4791 3076 4858 ὅφιν
3106 4789 3202 4843 καὶ
3233 4792 3359 4855 τοὺς
3386 4791 3551 4853 πόδας
3578 4792 3747 4860 ἀφαι-

2157 4886 2387 4959 ρεθῆναι
2412 4886 2508 4939 καὶ
2549 4885 2740 4955 ἕρπειν
2774 4885 2870 4938 ἐπὶ
2904 4883 3004 4953 τὴν
3031 4883 3157 4953 γῆν,
3206 4884 3299 4936 καὶ
3329 4884 3406 4935 ίὸν
3451 4881 3601 4953 αὐτῷ
3652 4887 3748 4938 ἐπὶ

2154 4979 2255 5049 τὴν
2284 4978 2540 5048 γλῶσσαν
2564 4977 2870 5047 ἐντεθῆναι.
2898 4973 3033 5030 Εἶτα
3060 4976 3260 5045 ἐπάγει
3283 4993 3296 5007 ·
3330 4995 3349 5028 ι
3384 4978 3426 5008 ’⁷
3453 4978 3564 5030 Καὶ
3593 4972 3749 5030 εἶπεν

2166 5071 2195 5123 ό
2226 5070 2348 5140 ὄφις
2384 5073 2450 5141 τῇ
2486 5070 2748 5140 γυναικί*
2781 5070 2856 5123 Ού
2909 5068 3128 5139 θανάτῳ
3187 5068 3575 5135 ἀποθανεῖσθε,
3631 5071 3751 5141 ᾔδει

2162 5163 2273 5233 γὰρ
2304 5164 2332 5215 ὀ
2365 5161 2518 5226 Θεὸς,
2568 5162 2650 5216 ὅτι
2750 5159 2797 5192 ³⁸
2832 5160 2900 5214 ἂν
2945 5161 3132 5231 ἡμέρᾳ
3171 5160 3385 5231 φάγητε
3432 5160 3529 5213 ἀπ’
3557 5159 3748 5228 αὑτοῦ,

2162 5257 2638 5328 διανοιχθήσονται
2670 5254 2827 5327 ὑμῶν
2870 5255 2921 5308 οἱ
2967 5254 3263 5324 ὀφθαλμοὶ,
3304 5255 3398 5307 καὶ
3440 5254 3632 5307 ἔσεσθε
3675 5255 3753 5320 ὡς

2167 5351 2302 5419 θεοὶ,
2336 5352 2700 5422 γινώσκοντες
2738 5348 2903 5405 καλὸν
2945 5351 3039 5401 καὶ
3080 5347 3340 5419 πονηρόν.
3379 5349 3489 5400 Καὶ
3540 5344 3681 5402 εἶδεν
3716 5352 3749 5420 ἡ

1678 5511 1877 5573 Varius
1901 5510 2213 5575 lectiones
2253 5515 2315 5573 et
2353 5517 2545 5572 notae.

543 5664 587 5698 ”
617 5662 693 5728 ώς
727 5650 1001 5733 προειδότ.
1034 5659 1259 5733 cotl._th;
1284 5659 1420 5731 πρὸς
1446 5661 1655 5733 λεὶδότα
1709 5662 1771 5717 Ρ.
1797 5660 1861 5715 Τ.
1938 5660 1984 5693 ὀ
2015 5677 2048 5733 κ

2150 5659 2260 5733 :o_d.
2305 5655 2494 5733 ὥζιεῒ
2530 5657 2604 5733 __“
2634 5635 2789 5733 τόνῗΔ
2840 5657 2886 5688 ’³
2915 5653 3412 5733 ἐγκοπείσαςοοιί.
3443 5668 3475 5708 a
3508 5650 3751 5733 secunda

473 5750 658 5790 manu.
734 5728 787 5765 "
808 5731 945 5803 Gen.
978 5745 1064 5803 in,
1096 5730 1211 5787 1-5.
1288 5728 1626 5800 tremum:
1653 5734 1771 5789 cod.
1853 5734 1897 5767 "
1927 5731 2047 5788 διαλ

2150 5729 2323 5793 ὀύσας
2363 5728 2427 5784 Τ.

476 5819 557 5868 ιιι,
588 5804 707 5857 4-7.
785 5802 830 5834 ⁸⁸
861 5801 906 5854 δ’
938 5801 1058 5858 cod.

2528 5725 2577 5759 ’⁸
2608 5727 2707 5785 scl.
2766 5722 3055 5801 ηγραφήῖ
3099 5727 3183 5783 vel
3212 5725 3453 5796 λέγεται.
3534 5723 3575 5755 ³⁷
3610 5722 3748 5777 Gen.
