4114 6410
403 403 540 470 1273
1569 410 1664 470 CH
1674 409 1824 470 RON
1838 409 1978 472 [COD

2082 437 2141 448 -
2178 410 2325 471 LIB.
2370 409 2503 471 VII.
3536 410 3671 474 1'274

397 521 555 592 γυνὴ,
586 523 667 573 ὅτι
698 522 862 575 καλὸν
891 520 950 575 τὸ
982 523 1141 589 ξύλον
1174 524 1250 584 εἰς
1277 522 1482 592 βρῶσιν
1524 523 1617 577 καὶ
1639 525 1721 576 ὅτι
1752 523 1978 594 ἀρεστὶν

2085 521 2476 587 comederunt,
2552 529 2606 574 ct
2659 522 2830 590 aperti
2879 531 3010 576 sunt
3056 523 3201 578 oculi
3256 522 3568 588 amborum,
3615 534 3670 578 et

398 614 505 667 τοῖς
544 611 844 682 ὀφθαλμοῖς
891 613 1018 666 ίδείν
1045 612 1142 667 καὶ
1171 612 1375 682 ὡραῖόν
1406 614 1522 665 ἐστι
1567 613 1660 665 τοῦ
1712 613 1978 682 κατανοῆ-

2086 621 2461 684 cognoverunt
2493 628 2551 668 se
2584 628 2707 668 esse
2741 614 2936 669 nudos.
2970 634 2988 667 ι

401 719 527 757 σαι·
554 704 649 757 καὶ
685 703 926 756 λαϐοῦσα
950 703 1046 757 τοῦ
1067 703 1284 774 καρποῦ
1322 703 1488 757 αὐτοῦ
1518 703 1692 773 ἔφαγε
1728 704 1826 758 καὶ
1851 704 2020 758 ἔδωκε
2053 707 2148 760 καὶ
2172 706 2251 776 τῷ
2283 707 2439 778 ἀνδρὶ
2477 707 2670 776 αὐτῆς,
2706 706 2801 760 καὶ
2822 704 3048 774 ἔφαγον,
3082 707 3177 760 καὶ
3200 705 3588 777 διηνοίχθησαν
3623 714 3672 758 οι

396 798 425 849 ό
444 797 668 866 ρθαλμοὶ
696 798 804 850 τῶν
831 799 946 863 δύο,
980 800 1074 851 καὶ
1101 797 1344 868 ἔγνωσαν
1375 799 1460 851 ὅτι
1492 800 1694 867 γυμνοὶ⁸
1754 794 1914 866 ἦσαν.
1957 819 1974 851 ι

396 909 557 978 911
596 908 723 983 [IE']
774 913 872 977 Εἰς
916 912 1006 976 τὸ,
1053 912 1552 992 «νΔιηιςοιχθησαν
1597 912 1652 964 οἱ
1684 910 1979 982 ὀφθαλμοί

1053 929 1070 962 ι
1103 912 1552 979 Διηνοίχθησαν
1597 912 1652 964 οἱ
1684 912 1978 982 ὀφθαλμοί

1035 981 1152 1036 τῶν
1182 981 1312 1035 δύο.
1342 1000 1362 1032 ι

2137 913 2254 968 XV.
2299 912 2365 966 In
2390 915 2544 992 ςξιιιιιι
2576 929 2596 969 :
2633 931 2651 965 ι
2685 913 2873 984 Aperti
2903 923 3031 969 sunt
3061 913 3206 968 oculi
3237 913 3546 967 amborum.
3575 929 3593 963 ι

473 1093 605 1163 Οὐχ,
637 1092 714 1155 ὡς
748 1093 866 1148 τότε
915 1095 1336 1166 ἀναὸλεψᾶντων
1367 1096 1477 1149 τῶν
1516 1094 1978 1166 πρωτοπλάστων,

2156 1102 2274 1157 Non
2320 1102 2465 1173 quod
2507 1101 2666 1172 primi
2715 1112 2971 1172 parentes
3013 1112 3142 1159 tunc
3169 1101 3354 1156 videre
3379 1099 3664 1170 ceperint,

401 1187 617 1255 εἴρηται
653 1187 732 1252 τὸ,
771 1206 788 1238 ι
817 1188 1210 1259 Διηνοίχθησαν
1255 1189 1304 1240 οἱ
1342 1187 1613 1259 ὀφθαλμοὶ
1656 1191 1765 1241 τῶν
1803 1187 1922 1242 δύο·
1959 1207 1978 1241 ι

2083 1193 2296 1248 dictum
2322 1203 2406 1249 est
2438 1213 2453 1249 :
2491 1215 2508 1246 ι
2533 1194 2716 1263 Aperti
2742 1205 2869 1248 sunt
2899 1193 3045 1250 oeuli
3077 1194 3360 1248 amborum
3386 1209 3401 1258 ;
3442 1211 3460 1244 ι
3507 1191 3666 1246 exhi-

402 1277 718 1330 δείκνυνται
770 1279 880 1347 γὰρ
917 1281 1017 1334 καὶ
1063 1281 1170 1352 πρὸ
1214 1281 1312 1352 τῆς
1343 1281 1602 1352 βρώσεως
1647 1280 1884 1351 δρῶντες
1916 1283 1978 1333 ὲκ

2089 1285 2288 1339 bentur
2319 1283 2466 1339 enim
2498 1292 2792 1354 antequam
2829 1285 3167 1340 comederint
3201 1283 3468 1346 videntes,
3500 1281 3668 1352 siqui-

399 1368 494 1420 τοῦ
529 1367 783 1437 λέγεσθαι
804 1386 818 1402 ο
851 1389 869 1423 t
910 1373 1020 1426 Καὶ
1047 1367 1187 1426 εἶδεν
1224 1375 1258 1444 ὴ
1280 1375 1438 1442 γυνὴ,
1476 1373 1559 1427 ὅτι
1597 1372 1760 1427 καλὸν
1791 1373 1850 1425 τὸ
1884 1372 1978 1437 ξύ-

2089 1375 2211 1430 dem
2249 1375 2452 1431 dicitur
2489 1392 2503 1430 :
2542 1395 2558 1427 ι
2591 1374 2655 1428 Et
2703 1376 2838 1430 vidit
2869 1375 3062 1430 mulier
3108 1375 3252 1445 quod
3289 1375 3490 1429 bonum
3521 1379 3667 1428 esset

403 1456 494 1508 λον
521 1457 600 1521 είς
634 1457 840 1529 βρῶσιν
873 1461 969 1514 καὶ
1000 1462 1084 1515 ὅτι
1115 1462 1347 1534 ἀρεστόν
1390 1464 1506 1515 ἐστι
1533 1463 1648 1526 τοῖς
1684 1461 1978 1530 ὀφθαλμοῖς

2087 1469 2292 1539 lignum
2335 1469 2404 1524 ad
2448 1468 2786 1524 vescendum
2819 1476 2875 1522 et
2926 1467 3217 1537 pulchrum
3244 1466 3420 1521 oculis
3471 1465 3536 1519 ad
3585 1465 3670 1518 vi-

407 1550 558 1618 ἰδεῖν,
599 1571 618 1604 ι
654 1552 772 1606 ἀλλ’
804 1553 880 1617 ὡς
905 1555 966 1608 τὸ
989 1555 1360 1626 ἀπειρόκακον
1391 1555 1750 1625 ἀποθεμένων
1773 1555 1862 1608 διὰ
1886 1555 1978 1624 τῆς

2083 1559 2370 1614 dendum:
2412 1578 2432 1612 ι
2490 1559 2585 1614 sed
2644 1559 2792 1630 quod
2868 1573 2964 1627 per
3019 1565 3301 1628 peccatum
3357 1555 3670 1610 amisissent

405 1643 796 1713 παραϐάσεως,
826 1645 1010 1714 (ἳθϐδ)
1039 1646 1068 1701 ὃ
1101 1647 1197 1702 καὶ
1227 1647 1329 1719 τήν
1367 1647 1654 1718 γύμνωσιν
1685 1647 1978 1716 ἀδιάφορον

2084 1651 2213 1706 mali
2263 1651 2687 1714 immunitatem,
2739 1664 2860 1719 qua:
2891 1648 3247 1702 uudationem
3288 1645 3549 1702 reddebat
3581 1645 3670 1700 in-

400 1735 678 1808 παρέσχεν
701 1753 715 1768 ο
749 1738 952 1809 ἐρρέθη
979 1738 1037 1792 δι
1064 1739 1148 1793 ὅτι
1179 1759 1197 1792 ι
1225 1739 1611 1811 διηνοίχθησαν
1637 1739 1686 1792 oi
1710 1737 1978 1808 ὀφθαλμοὶ

2086 1741 2454 1797 differenten).
2494 1741 2712 1796 Dictum
2739 1749 2824 1795 est
2846 1749 3029 1794 autem
3068 1755 3082 1793 :
3122 1738 3346 1807 «Aperti
3378 1737 3668 1792 suntoculi

399 1828 582 1882 αὐτῶν
615 1833 682 1882 ²⁹.
711 1850 730 1883 ι
774 1830 992 1901 Πέφυκε
1022 1829 1132 1904 γὰρ
1160 1832 1190 1884 ὀ
1240 1831 1518 1902 ὀφθαλμὸς
1567 1831 1715 1894 ἄπας
1756 1831 1862 1885 ὑπὸ
1884 1829 1978 1884 τοῦ

2085 1832 2371 1886 amborum
2408 1848 2422 1884 :
2468 1849 2488 1884 ι
2529 1830 2670 1886 solet
2696 1828 2840 1883 enim
2873 1826 3067 1884 oculus
3091 1827 3272 1883 omnis
3303 1826 3514 1882 ratione
3545 1841 3670 1880 mo-

400 1917 668 1990 λογισμοῦ
698 1920 1068 1991 διεγείρεσθαι
1104 1921 1241 1992 πρὸς
1283 1921 1319 1977 ἃ
1350 1921 1538 1993 βλέπει
1559 1939 1573 1953 ο
1626 1921 1842 1976 σύνεσιν
1874 1923 1978 1992 γὰρ

2086 1922 2199 1979 veri
2232 1921 2300 1976 ad
2331 1936 2393 1975 ea
2425 1935 2547 1990 quae
2584 1919 2802 1990 aspicit,
2855 1933 2982 1972 nam
3023 1933 3092 1972 ex
3120 1917 3301 1987 seipse
3329 1916 3665 1971 intellectum

403 2013 564 2076 αὐτὸς
611 2013 736 2066 καθ’
782 2014 977 2068 ἑαυτὸν
1024 2013 1124 2067 οὐκ
1173 2017 1310 2086 εχει,
1341 2015 1481 2068 ὥστε
1529 2014 1812 2080 πολλάκις,
1845 2017 1978 2087 πρὸς

2086 2029 2195 2068 non
2227 2012 2424 2077 liabet;
2455 2012 2529 2066 ita
2556 2022 2616 2066 ut
2643 2027 2809 2081 saepe,
2843 2009 3203 2079 intelligentia
3245 2008 3298 2062 in
3331 2009 3455 2062 aliis
3499 2007 3666 2062 rebus

401 2105 566 2177 ἔτερα
583 2106 681 2177 τῆς
703 2106 944 2172 διανοίας
964 2107 1392 2180 ἀσχολουμένης,
1411 2107 1613 2179 τυφλοῦ
1636 2109 1790 2181 δίκην
1811 2108 1978 2162 ἐνίοτε

2085 2113 2374 2176 occupata,
2428 2105 2557 2158 caeci
2609 2104 2786 2158 instar
2836 2102 3351 2172 prmtergrediamur
3401 2098 3666 2154 neunulla

403 2198 795 2269 παρερχόμεθα
845 2199 942 2254 καὶ
991 2200 1051 2254 τὸ
1084 2201 1225 2256 πάνυ
1275 2200 1712 2271 γνώριμονοκαὶ
1760 2199 1982 2254 ἐπειδὰν

400 2289 758 2361 ιγκληθῶμεν
784 2295 848 2362 τῇ
881 2293 1105 2364 ἀσχολία
1137 2292 1230 2347 τοῦ
1257 2292 1544 2363 λογισμοῦ,
1572 2293 1634 2346 τὸ
1657 2293 1830 2347 αἴτιον
1854 2294 1984 2346 ἀνα-

399 2382 641 2444 τ.θὲντες
698 2383 1142 2454 ἀπολογούμεθα.
1189 2385 1378 2448 Οὕτως
1430 2381 1525 2438 οῦν
1567 2384 1741 2450 Ἀδὰμ
1800 2383 1894 2436 καὶ
1945 2385 1978 2453 ή

401 2471 512 2525 Εὕα
537 2475 603 2545 τῇ
635 2473 887 2544 αἰσθήσει
915 2473 1008 2528 τοῦ
1031 2474 1124 2529 νοῦ
1147 2476 1285 2548 πρὶς
1313 2477 1410 2547 τὴν
1434 2474 1556 2544 ὄψιν
1581 2473 1940 2547 διεγὲρθησαν
1964 2489 1979 2504 ⁶

397 2565 459 2618 τὸ
487 2563 619 2635 γὰρ,
654 2582 672 2617 t
699 2566 982 2634 Ἐγνωσαν
1023 2567 1106 2620 ὅτι
1160 2569 1360 2636 γυμνοὶ
1406 2562 1600 2638 ﬁcu,»
1636 2565 1982 2637 ἀποκάλυψιν

400 2655 656 2725 σημαίνει
690 2654 788 2728 τὴν
809 2657 1175 2728 ιγγενομὲνην
1203 2657 1284 2728 τῷ
1313 2657 1612 2729 στολισμῷ,
1635 2657 1736 2711 οὐκ
1753 2657 1980 2710 ἀνάϐλε-

394 2745 488 2814 ψιν
509 2746 828 2818 ὀφθαλμῶν.
847 2749 1188 2820 Λεχθήσεται
1221 2749 1277 2802 δὲ
1304 2749 1546 2816 κάκεῖνο,
1577 2749 1658 2803 ὅτι
1679 2749 1786 2820 πρὸ
1809 2749 1856 2780 ³⁸
1879 2748 1980 2818 τῆς

397 2835 687 2901 ἀπαθείας,
705 2836 894 2909 ἐπειδὴ
923 2840 1116 2911 καιρὸν
1135 2841 1235 2894 οὐκ
1259 2836 1374 2912 εἶχε
1393 2841 1460 2896 τὰ
1483 2841 1584 2912 τῆς
1605 2842 1976 2906 παιδοποιίας,

395 2929 496 2982 οὐκ
520 2928 728 2982 ἐδέδοτο
757 2929 800 2961 ³³
830 2949 898 2983 πα
909 2931 976 3001 ρὰ
998 2931 1134 2985 Θεοῦ
1157 2933 1189 3003 ή
1223 2933 1608 3004 παρατήρησις
1641 2933 1742 3002 τῆς
1759 2935 1980 3002 γυμνώ-

399 3037 555 3086 σεως,
583 3019 718 3074 ἀλλὰ
761 3020 947 3091 διῆγον
993 3023 1071 3087 ὡς
1101 3024 1202 3078 ἄσα
1215 3042 1355 3096 ρκοι,
1385 3025 1654 3096 σαρκικῆς
1687 3026 1978 3092 διαθέσεως

396 3109 549 3164 οὔπω
583 3113 777 3184 καιρὸν
803 3114 1016 3184 ἔχοντες
1037 3133 1052 3148 ο
1088 3117 1278 3186 ἐπειδὴ
1303 3117 1357 3171 δὲ
1383 3119 1412 3190 ἡ
1452 3118 1708 3172 ἀπείθεια
1737 3119 1978 3189 ἐπισυμ-

2086 2201 2306 2270 cognitu
2358 2199 2666 2256 facillima:
2705 2207 2760 2253 et
2791 2198 3012 2268 quando
3063 2210 3412 2256 accusamur.
3463 2192 3662 2248 mentis

2085 2293 2494 2348 distractionem
2525 2306 2842 2347 causamur.
2900 2287 2992 2343 Sic
3019 2287 3268 2342 Adamus
3299 2295 3352 2340 et
3379 2284 3486 2338 Eva
3533 2300 3664 2339 seu-

2084 2385 2296 2440 satione
2352 2383 2660 2438 intellectus
2700 2381 2768 2436 ad
2815 2381 2991 2435 visum
3045 2377 3266 2433 excitati
3319 2387 3486 2442 sunt,
3533 2389 3661 2428 nam

2083 2475 2247 2532 verba
2293 2491 2310 2530 :
2354 2494 2372 2527 ι
2402 2475 2788 2545 Cognoverunt
2823 2487 2881 2526 se
2926 2485 3046 2526 esse
3073 2467 3274 2533 nudos,
3303 2486 3322 2520 ι
3378 2466 3665 2536 designant

2083 2569 2478 2624 revelatiouem
2509 2567 2564 2622 in
2597 2574 2781 2620 mente
2812 2563 3038 2630 factam,
3075 2577 3183 2619 non
3217 2569 3496 2631 aspectum
3530 2573 3664 2612 ocu-

2084 2661 2286 2718 lorum.
2349 2658 2572 2715 Accedit
2621 2658 2754 2712 illud
2803 2656 2991 2726 quod,
3043 2663 3167 2708 ante
3210 2651 3661 2713 inobedientiam,

2082 2766 2207 2805 cum
2283 2751 2462 2806 locum
2536 2765 2645 2804 non
2701 2747 2929 2803 haberet
2977 2747 3275 2802 liberorum
3331 2742 3660 2816 procreatio,

2082 2858 2191 2898 non
2227 2842 2353 2897 data
2385 2849 2544 2897 erant
2574 2856 2604 2896 a
2640 2840 2748 2896 Deo
2779 2839 3046 2895 nuditatis
3082 2837 3344 2908 tegmina,
3377 2836 3471 2890 sed
3508 2835 3660 2888 vive-

2080 2933 2214 2988 bant
2243 2934 2388 2988 velut
2415 2933 2534 2988 sine
2560 2948 2748 2994 carne,
2781 2932 2846 2986 ad
2880 2932 3130 2986 carnales
3161 2929 3390 2984 aﬂ'ectus
3419 2925 3660 2982 nondum

2080 3025 2339 3090 excitati;
2372 3035 2659 3095 postquam
2692 3039 2820 3078 vero
2853 3022 3228 3077 inobedientia
3265 3020 3479 3074 induxit
3513 3033 3661 3072 tuor-

2083 3117 2367 3183 talitalem,
2397 3117 2593 3170 merito
2622 3115 2882 3184 deinceps
2931 3115 3038 3169 illis
3073 3113 3276 3167 inditus
3302 3121 3386 3166 est
3431 3127 3557 3180 erga
3603 3125 3664 3164 se.

397 3203 540 3257 ϐᾶσα
560 3205 621 3257 τὸ
635 3205 826 3276 θνητὸν
843 3208 1122 3278 ἐπήγαγεν
1140 3210 1204 3273 ³⁸,
1228 3209 1454 3273 εἰκότως
1474 3209 1533 3262 τὸ
1553 3209 1738 3264 λοιπὸν
1756 3209 1974 3282 ἐνεδόθη

2082 3209 2312 3264 invicem
2372 3209 2566 3279 pudor,
2622 3223 2687 3262 ac
2734 3209 2970 3277 denique
3012 3206 3519 3260 animadverterunt
3584 3217 3663 3256 se-

392 3295 604 3360 τούτοις
625 3299 658 3368 ή
676 3297 812 3368 πρὸς
827 3299 1088 3369 ἀλλήλους
1111 3299 1272 3364 αἰδώς
1291 3317 1308 3336 ο
1332 3301 1424 3354 καὶ
1446 3303 1732 3372 νενοήκασι
1751 3301 1876 3355 ὕστε
1885 3319 1979 3374 ρον

394 3385 504 3439 τῶν
539 3390 835 3458 σχημάτων
878 3391 978 3462 τὴν
1007 3391 1272 3462 διαφορὰν
1307 3393 1790 3464 προθεωρηθεῖσαν
1825 3396 1872 3427 ³³
1899 3394 1980 3466 τῷ

395 3479 659 3534 fderati/tt
696 3483 831 3552 πρὸς
860 3484 920 3536 τὸ
938 3486 1235 3553 ἀναγκαῖον
1252 3485 1349 3555 τῆς
1371 3485 1623 3556 διαδοχῆς
1648 3487 1740 3539 τοῦ
1765 3487 1975 3555 γένους.

623 3615 766 3689 [lq’]
797 3617 934 3686 Περὶ
961 3617 1081 3672 τῶν
1103 3620 1355 3688 φύλλων
1379 3619 1490 3686 τῆς
1513 3620 1737 3690 συκῆς.

465 3753 512 3784 ⁸⁸
543 3752 786 3822 Γυμνοὺς
827 3749 920 3806 οῦν
959 3751 1118 3818 ὄντας
1163 3753 1390 3816 ἑαυτοὺς
1427 3753 1743 3823 αἰσθόμενοι
1774 3755 1818 3786 ³⁸
1851 3755 1878 3808 ὅ
1915 3771 1976 3808 τε

406 3842 578 3914 Ἀδὰμ
615 3845 708 3898 καῖ⁵
747 3846 780 3916 ή
824 3843 936 3911 Εὕα
971 3845 1110 3914 μετὰ
1143 3844 1241 3908 τὴν
1273 3845 1614 3914 παράϐασιν,
1654 3847 1718 3898 ὲκ
1763 3845 1977 3913 φύλλων

397 3935 570 4005 συκῆς
607 3953 624 3986 ι
659 3936 925 4007 ἐποίησαν
953 3936 1168 4000 ἑαυτοῖς
1193 3935 1576 4009 περιζώματα,
1614 3956 1631 3988 ι
1671 3937 1980 4008 αἰνιττόμε-

394 4043 476 4079 νοι
505 4026 592 4080 διὰ
617 4026 712 4080 τοῦ
744 4027 904 4094 ξύλου
949 4029 1042 4082 τὸν
1069 4030 1272 4100 τρόπον
1314 4031 1414 4098 τῆς
1446 4030 1852 4100 κακοπραγίας.
1889 4031 1977 4094 Ὠς

396 4117 504 4188 γὰρ
533 4119 661 4188 ἡδὺς
685 4121 713 4171 ὁ
741 4119 954 4190 καρπὸς
985 4121 1085 4191 τῆς
1124 4121 1319 4186 συκῆς,
1351 4123 1524 4192 τραχὺ
1559 4121 1615 4174 δὲ.
1646 4122 1739 4175 καὶ
1766 4119 1979 4187 πικρά»-

393 4227 555 4264 τατον
584 4209 645 4262 τὸ
670 4210 836 4281 912
869 4211 1088 4280 φύλλον,
1125 4212 1298 4274 οὕτως
1342 4213 1492 4266 πᾶσα
1535 4212 1780 4282 ἁμαρτία
1823 4214 1881 4264 ἐν
1909 4214 1975 4282 τῇ

396 4302 593 4372 πράξει
625 4302 900 4358 δείκνυται
945 4305 1124 4374 ἡδεῖα,
1169 4304 1307 4374 μετὰ
1335 4304 1392 4357 δὲ
1423 4304 1520 4374 τὴν
1549 4303 1749 4375 πρᾶξιν
1781 4302 1976 4374 ὀδύνην

398 4395 631 4464 παρέχει
674 4394 752 4464 τῷ
807 4396 1134 4465 πεπραχότι.
1182 4397 1247 4449 Τί
1296 4391 1390 4447 οὖν
1443 4395 1607 4449 πάλιν
1657 4397 1689 4464 ἡ
1747 4394 1974 4464 Γραφή;

2082 3317 2250 3356 xuum
2285 3301 2575 3356 discrimen
2623 3315 2652 3353 a
2689 3297 2800 3353 Deo
2833 3299 3110 3366 provisum
3159 3299 3229 3352 ob
3275 3295 3658 3352 necessitatem

2082 3393 2448 3448 successionis
2477 3391 2912 3462 generationum.

2562 3616 2606 3668 Χ
2620 3615 2702 3670 Vl.
2741 3615 2814 3670 De
2837 3616 2980 3685 foliis
3011 3616 3164 3684 ﬁcus.

2153 3751 2224 3804 Se
2263 3749 2428 3820 igitur
2463 3748 2641 3803 nudos
2672 3763 2798 3803 esse
2827 3749 3194 3818 percipientes
3251 3747 3494 3800 Adnnict
3553 3743 3662 3798 [Eva

2080 3853 2204 3914 post
2231 3853 2538 3914 peccatum,
2577 3841 2645 3896 de
2679 3842 2824 3896 foliis
2854 3841 2992 3896 ﬁcus
3028 3839 3321 3894 (fecerunt
3353 3838 3456 3892 sibi
3494 3838 3661 3891 vesti-

2081 3945 2284 3998 menta,
2331 3956 2347 3988 ο
2379 3936 2482 3989 hac
2541 3934 2740 3990 arbore
2777 3934 3075 3988 innuentes
3122 3939 3375 3984 naturam
3427 3926 3658 3998 peccati.

2082 4027 2236 4083 Sicut
2273 4028 2418 4082 enim
2452 4027 2592 4082 ﬁcus
2610 4027 2789 4081 dulcis
2826 4035 2910 4080 est
2951 4025 3188 4088 fructus,
3227 4037 3486 4090 asperum
3513 4035 3661 4073 ama-

2081 4121 2474 4190 rissimumque
2505 4118 2695 4173 folium
2725 4136 2740 4185 ;
2801 4119 2882 4174 sic
2910 4131 3072 4172 omne
3103 4127 3386 4185 peccatum
3431 4113 3484 4167 in
3533 4119 3663 4166 actu

2078 4215 2295 4268 videtur
2324 4214 2506 4280 dulce,
2542 4223 2664 4279 post
2693 4220 2878 4267 actum
2935 4226 3061 4266 vero
3106 4209 3352 4265 dolorem
3406 4206 3563 4261 an‘ert
3612 4207 3663 4260 ei

2079 4309 2170 4378 qui
2208 4307 2358 4362 fecit.
2411 4307 2554 4372 Quid
2587 4306 2751 4375 igitur
2782 4305 2980 4359 iterum
3010 4303 3142 4358 dicit
3177 4300 3514 4370 Scriptura?
3544 4319 3561 4350 ι
3596 4298 3661 4353 Et

2085 4401 2384 4456 audierunt
2424 4414 2612 4453 vocem
2645 4397 2859 4452 Domini
2896 4396 3302 4450 deambulantis
3332 4395 3383 4446 in
3406 4393 3665 4462 paradiso

401 4501 420 4534 ι
452 4485 498 4515 ³⁸
532 4485 640 4536 Καὶ
665 4486 905 4555 ἤκουσαν
935 4487 1032 4557 τῆς
1063 4489 1244 4559 φωνῆς
1279 4487 1489 4558 Κυρίου
1530 4486 1624 4538 τοῦ
1647 4487 1784 4539 Θεοῦ
1817 4503 1974 4558 περι-

2086 4505 2208 4564 post
2245 4492 2554 4557 meridiem,
2605 4501 2660 4545 et
2690 4489 3095 4545 absconderunt
3129 4504 3186 4542 se
3219 4487 3393 4541 Adam
3426 4494 3480 4538 et
3525 4497 3660 4536 uxor

398 4577 693 4640 πατοῦντος
742 4579 801 4630 ἐν
837 4577 915 4646 τῷ
946 4579 1262 4651 παραδείσῳ
1307 4581 1364 4633 τὸ
1396 4580 1645 4646 δειλινὸν,
1693 4581 1785 4632 καὶ
1813 4581 1976 4650 ἐκρύ-

2082 4585 2199 4653 ejus
2229 4585 2282 4637 in
2318 4583 2497 4637 medio
2535 4580 2666 4652 ligni
2705 4579 2967 4650 paradisi.
3007 4597 3024 4630 ι
3054 4578 3177 4632 Post
3212 4577 3424 4631 facinus
3445 4573 3660 4642 culpqu

398 4669 592 4738 ϐησαν,
618 4668 646 4720 ὅ
675 4685 735 4720 τε
774 4671 946 4740 Ἀδὰμ
974 4670 1071 4723 καὶ
1098 4673 1130 4741 ή
1163 4673 1300 4742 γυνὴ
1331 4672 1496 4725 αὑτοῦ
1530 4705 1596 4714 -
1623 4673 1680 4724 ὲν
1718 4674 1868 4743 μέσῳ
1887 4671 1978 4725 τοῦ

2082 4676 2379 4732 sentientes
2430 4673 2673 4742 judicem
2725 4671 3045 4733 formidant,
3120 4683 3286 4737 seque
3332 4663 3661 4719 abscondere

397 4761 554 4826 ξύλου
589 4762 681 4816 τοῦ
721 4763 1078 4832 παραδείσου,
1122 4783 1140 4815 ι
1184 4766 1323 4835 μετὰ
1349 4764 1410 4816 τὸ
1450 4764 1709 4835 τόλμημα
1744 4767 1824 4828 εἰς
1855 4781 1978 4819 συν-

2082 4775 2336 4836 quaerunt
2374 4766 2444 4819 ab
2477 4765 2638 4820 oculo
2689 4764 2978 4829 omniscio,
3035 4770 3090 4815 et
3142 4759 3260 4829 ejus
3310 4766 3662 4823 conspectum

395 4853 649 4922 αίσθησιν
695 4856 942 4919 ἐλθόντες
1001 4857 1094 4909 τοῦ
1173 4858 1554 4926 πταίσματος,
1608 4858 1687 4931 τῷ
1745 4859 1976 4930 κριτικᾷ

2082 4861 2444 4929 deprecantur
2473 4869 2525 4913 et
2558 4858 2776 4930 fugiunt
2797 4856 3168 4929 praesentiam.
3193 4852 3344 4918 Quos
3365 4859 3515 4902 tanto
3540 4860 3663 4915 per-

394 4945 726 5016 κρατοῦνται
773 4949 925 5019 φόϐῳ
979 4950 1076 5002 καὶ
1117 4949 1460 5021 κρύπτεσθαι
1484 4951 1527 4983 ⁸⁷
1576 4950 1668 5006 τὸν
1712 4952 1978 5020 ἀλάθητον

2082 4956 2265 5010 celsos
2300 4955 2496 5008 timore
2527 4953 2718 5006 videns
2767 4950 2908 5004 Deus
2944 4955 3102 5001 vocat
3144 4953 3202 4998 ut
3257 4953 3408 5013 pater
3448 4939 3661 4994 miseri--

400 5039 676 5109 ὀφθαλμὸν
711 5042 806 5094 καὶ
853 5042 1245 5110 παραιτοῦνται
1274 5043 1372 5113 τὴν
1409 5043 1632 5114 πρόοδον
1658 5041 1755 5095 καὶ
1781 5041 1976 5095 ἀναδύ-

2082 5060 2220 5109 cors,
2257 5053 2310 5099 et
2340 5045 2474 5100 dicit
2511 5061 2524 5098 :
2566 5061 2584 5094 ι
2621 5040 2816 5105 Adam,
2857 5039 3052 5102 Adam,
3095 5037 3186 5091 ubi
3229 5035 3330 5091 es?
3359 5053 3375 5085 ι
3413 5031 3516 5098 Qui
3553 5031 3658 5084 ait:

396 5149 544 5185 ονται
573 5133 674 5204 τὴν
707 5135 1075 5206 παράστασιν.
1122 5134 1278 5188 Οὕτω
1311 5136 1367 5188 δὲ
1399 5137 1598 5198 αὐτοὺς
1641 5133 1978 5204 κεκλονημέ-

2086 5156 2104 5188 ι
2144 5135 2344 5191 Vocem
2409 5145 2556 5189 tuam
2610 5133 2789 5188 audivi
2841 5130 3242 5187 deambulantis
3299 5128 3352 5182 in
3387 5123 3664 5196 paradiso,

398 5241 520 5287 νους
553 5227 658 5279 ὑπὸ
696 5228 790 5282 τοῦ
824 5228 977 5291 δέους
1019 5228 1356 5298 θεασάμενος
1385 5229 1738 5283 ἀνακαλεῖται
1762 5228 1837 5290 ὡς
1888 5243 1978 5280 πα-

2085 5238 2140 5284 et
2180 5227 2334 5282 timui
2367 5243 2432 5282 eo
2455 5225 2602 5297 quod
2643 5225 2823 5280 nudus
2852 5239 3054 5290 essem,
3096 5231 3150 5277 et
3172 5219 3430 5276 abscondi
3455 5230 3562 5270 me.
3603 5231 3622 5265 ι

393 5323 499 5392 τῆρ
531 5323 884 5395 φιλόστοργος
910 5329 938 5380 ὁ
970 5327 1103 5389 Θεὸς
1134 5325 1224 5379 καί
1259 5343 1428 5396 φησι’
1470 5346 1488 5379 ι
1545 5328 1740 5399 Ἀδὰμ,
1792 5328 1982 5397 Ἀδὰμ,
2028 5327 2130 5382 ποῦ
2164 5323 2214 5380 εἴ
2248 5327 2292 5358 ⁸⁸
2323 5343 2338 5392 ;
2375 5344 2394 5377 ›
2453 5326 2568 5378 Καὶ
2620 5318 2777 5377 εἶπεν
2827 5321 3014 5393 αὐτῷ’
3059 5339 3077 5373 t
3151 5320 3263 5392 Τῆς
3321 5317 3507 5390 φωνῆς
3564 5329 3661 5366 σου

395 5413 607 5486 ηκουσα
634 5418 1066 5488 περιπατοῦντος
1095 5423 1152 5474 ὲν
1181 5421 1260 5490 τῷ
1288 5421 1623 5492 παραδείσῳ,
1659 5422 1755 5474 καὶ
1779 5420 2075 5492 ἐφοϐήθην,
2116 5423 2201 5475 ὅτι
2239 5418 2446 5490 γυμνός
2477 5421 2615 5488 εἰμι,
2647 5417 2742 5472 καὶ
2770 5415 3040 5488 ὲκρύὸην.
3078 5433 3101 5467 ι

1595 5588 1790 5650 Variae
1825 5587 2138 5652 lectiones
2187 5591 2249 5648 et
2305 5592 2492 5649 notae.

469 5746 724 5818 "esum;
749 5748 800 5798 εί
828 5745 874 5798 ὁ.
904 5745 956 5798 ἅ.
995 5745 1115 5818 cod.
1193 5748 1236 5778 ³⁰
1261 5746 1452 5818 πρῴην
1483 5746 1540 5801 l‘.
1585 5747 1688 5800 Tlt.
1715 5777 1783 5790 --
1808 5749 1978 5803 ἅπαθε

2111 5747 2234 5804 cod.
2310 5747 2355 5818 ³¹ν
2381 5745 2510 5801 ἐδιδ.
2551 5743 2674 5818 (ξριΙ.
2754 5743 3140 5818 ³ζέπηγάγετο
3165 5739 3221 5795 ι.
3255 5738 3412 5818 Tu.”
3437 5739 3481 5770 ³³
3512 5752 3648 5810 πρα-

400 5816 694 5870 θεωθεῖσαν
724 5820 839 5873 t‘od.
924 5818 964 5848 3"
995 5817 1130 5871 lien.
1167 5833 1246 5884 Ill,
1291 5807 1366 5872 ’λ’
1408 5807 1733 5887 Ἵζαίτθομ.
1779 5819 1899 5875 cod.
1931 5873 1947 5889 ,

2082 5820 2190 5879 icn.
2228 5834 2310 5886 Ill,
2340 5817 2391 5874 8.
2473 5818 2512 5847 ³⁷
2541 5815 2746 5870 οἴονται
2786 5813 2845 5870 Ρ.
2924 5807 2969 5846 ³⁸
3005 5813 3137 5867 (ἐι-ιι.
3171 5826 3252 5880 ιιι,
3299 5807 3436 5876 ηίθ.
