4040 6188
345 358 1378 378 _________m

949 535 1523 648 BEATI
1599 539 2346 654 RABANI
2417 546 3026 664 MAUBI

1067 743 1452 806 FULDENSIS
1487 748 1779 807 ABBATIS
1813 752 1905 807 ET
1939 752 2322 813 MOGUNTINI
2354 757 2876 820 ARCHIEPISCOPI

578 881 1240 1039 OPERUM
1340 929 1992 1046 OMNIUM
2095 935 2498 1053 PARS
2602 940 3351 1074 SECUNDA

1907 1173 2042 1215 SIVE

941 1311 1218 1403 Scripta
1247 1317 1328 1383 ab
1367 1317 1512 1405 ipso
1552 1317 1733 1384 edita
1780 1334 1929 1408 post
1962 1324 2266 1393 relictam
2304 1329 2704 1399 abbalialem
2742 1357 3002 1406 curam.

1437 1667 2545 1816 HOMILL’E.

1350 1955 1478 2035 (AB
1519 1956 1737 2018 ANNO
1790 1957 1910 2018 826
1953 1958 2061 2016 AD
2107 1958 2384 2019 ANNUM
2425 1957 2594 2040 διώ.)

412 2467 876 2597 ΗθΜΙΙιΠΕ
958 2467 1089 2594 DE
1167 2364 1522 2597 FESTIS
1604 2468 2200 2618 PBIECIPUIS,
2280 2475 2537 2604 ITEM
2615 2477 2747 2606 DE
2825 2479 3492 2612 VIRTUTIBUS.

937 2756 1306 2815 ΡΒᾹΕΕΑἸῚΟ

641 2865 712 2902 ΑΙ)
749 2864 904 2904 ιιΔιετ
913 2865 1085 2904 υιιθωί
1130 2865 1600 2907 ARCIHEPISCOPUM.

405 2940 604 2996 Sancto
651 2955 717 2994 ac
764 2940 1057 2995 venerabili
1105 2939 1253 2994 Patri
1299 2940 1600 2998 Husruu'o
1643 2941 1909 3012 archiepi-

333 3049 514 3103 scopo,
544 3032 820 3097 Ranaxus,
852 3031 973 3086 vilis
1003 3033 1237 3087 servitor
1265 3033 1588 3087 servitorum
1616 3032 1732 3088 Dei.

402 3123 740 3178 Jussionibus
784 3122 887 3177 tuis
928 3124 1335 3193 obtemperans,
1381 3124 1694 3180 beatissime
1734 3124 1910 3191 Pater,

332 3229 634 3268 sermonem
661 3214 869 3269 Confeci
891 3214 958 3269 ad
981 3214 1379 3286 praedicandum
1409 3215 1626 3286 populo,
1649 3215 1714 3270 de
1740 3215 1914 3271 omni-

332 3306 432 3361 bus
471 3320 591 3375 qua:
634 3304 940 3359 necessaria
988 3304 1068 3358 eis
1107 3284 1352 3371 credidi;
1401 3307 1504 3361 hoc
1542 3314 1644 3370 est,
1679 3306 1913 3376 primum

331 3396 541 3466 qualem
577 3395 979 3450 observantiam
1005 3396 1264 3452 deberent
1293 3396 1490 3452 habere
1521 3398 1574 3452 in
1604 3397 1912 3452 festivitati-

333 3488 432 3543 bus
459 3488 744 3557 pnecipuis
765 3502 884 3556 quae
913 3495 1038 3542 sunt
1064 3487 1118 3541 in
1145 3489 1274 3542 anni
1306 3488 1526 3552 circulo,
1567 3498 1626 3543 ut
1661 3496 1915 3544 vacantes

333 3581 401 3635 ab
422 3595 585 3651 opere
614 3566 904 3645 mundano,
935 3594 1041 3634 non
1063 3581 1214 3636 vacui
1244 3581 1434 3636 fierent
1465 3596 1493 3635 a
1523 3581 1686 3636 verbo
1710 3580 1912 3648 divino,

337 3671 426 3725 sed
455 3670 842 3740 cognoécentes
868 3670 962 3725 Dei
983 3670 1338 3737 voluntatem,
1361 3670 1519 3727 factis
1543 3686 1664 3726 eam
1691 3671 1916 3741 implere

333 3761 612 3815 studerent
642 3778 656 3813 :
687 3759 882 3816 deinde
920 3761 1190 3816 texuimus
1227 3761 1660 3832 prmdicationem
1702 3761 1806 3817 illis
1848 3762 1918 3818 de

331 3852 562 3907 diversis
606 3852 887 3923 speciebus
931 3854 1212 3919 virtutum,
1242 3854 1294 3909 id
1325 3861 1426 3919 est,
1468 3855 1534 3910 de
1568 3853 1689 3921 ﬁde,
1731 3867 1824 3923 spe
1860 3861 1916 3909 et

333 3941 615 4006 charitate,
645 3942 711 3997 de
738 3943 1005 4008 castitate,
1046 3943 1403 4010 continentia,
1443 3953 1500 3999 et
1547 3945 1754 4000 caeteris
1795 3959 1915 4015 spe-

333 4033 516 4088 ciebus
565 4033 856 4098 virtutum,
905 4033 1135 4104 qualiter
1181 4048 1274 4090 eas
1320 4042 1632 4105 appetentes
1657 4042 1714 4091 et
1740 4043 1915 4089 custo-

335 4127 540 4182 dientes
575 4127 687 4181 Deo
729 4125 1020 4196 placerent,
1061 4135 1118 4181 et
1161 4127 1324 4181 vitam
1362 4134 1618 4181 aeternam
1659 4127 1715 4180 in
1759 4125 1910 4182 caelis

335 4231 456 4271 cum
495 4215 698 4270 sanctis
738 4215 940 4284 angelis
969 4215 1246 4286 percipere
1273 4224 1510 4285 possent.
1561 4215 1754 4272 Postea
1781 4230 1911 4272 vero

333 4305 497 4361 alium
527 4305 870 4376 adjunximus
907 4321 1214 4362 sermonem
1258 4306 1325 4361 de
1364 4306 1530 4361 variis
1572 4320 1816 4364 errorum
1857 4316 1913 4363 et

334 4397 586 4452 vitiorum
637 4396 1038 4452 seductionibus
1088 4411 1211 4451 cum
1264 4395 1462 4465 quibus
1509 4398 1762 4468 antiquus
1810 4399 1909 4454 ho-

333 4488 435 4544 stis
475 4489 767 4542 humanum
813 4503 981 4558 genus
1027 4487 1229 4542 deludit
1271 4502 1336 4543 ac
1380 4489 1620 4559 decipit:
1655 4492 1757 4546 hoc
1801 4500 1908 4558 est,

337 4584 403 4638 de
433 4582 575 4637 malo
599 4581 864 4651 superbiae
887 4587 941 4636 et
959 4579 1252 4651 jactantiai,
1283 4582 1397 4648 iraa,
1426 4583 1656 4650 invidiae,
1683 4583 1910 4651 fraudis,

341 4675 593 4738 avaritiae,
638 4672 775 4744 gulae
813 4680 869 4727 et
911 4670 1304 4737 fornicationis,
1331 4681 1388 4730 et
1419 4673 1503 4729 his
1535 4674 1819 4742 similibus,
1853 4684 1914 4729 ut

337 4764 535 4820 scirent
555 4762 756 4819 Christi
783 4778 910 4819 oves
933 4764 1199 4832 quomodo
1223 4765 1334 4835 lupi
1363 4764 1680 4820 ferocissimi
1708 4775 1763 4821 et
1789 4767 1913 4822 dra-

339 4854 489 4909 conis
512 4853 794 4909 saevissimi
820 4867 1036 4908 morsus
1067 4852 1316 4918 evadere,
1353 4861 1409 4909 et
1439 4854 1693 4924 praevisos
1718 4869 1912 4910 cavere

336 4952 573 5016 possent.
632 4944 834 5000 Verum
878 4945 1004 5014 quia
1045 4947 1178 5010 haec,
1221 4945 1448 5001 diversis
1473 4947 1912 5016 occupationibus

339 5037 837 5101 intervenientibus,
879 5037 1037 5092 simul
1063 5037 1224 5093 edere
1250 5053 1354 5092 non
1382 5038 1562 5107 potui;
1603 5039 1696 5094 sed
1728 5038 1910 5093 diver-

338 5129 412 5181 sis
447 5127 796 5196 temporibus,
824 5135 984 5195 prout
1012 5129 1383 5198 opportunitas
1409 5129 1726 5193 dictaverat,
1758 5143 1911 5200 sepa-

337 5218 496 5272 ratim
537 5216 738 5286 scripta
769 5216 822 5270 in
855 5217 1086 5272 scedulis
1113 5218 1210 5272 tibi
1244 5219 1668 5284 transmiseram,
1698 5227 1821 5288 peto
1854 5229 1912 5274 ut

336 5308 515 5362 omnia
545 5307 600 5361 in
639 5322 802 5360 unum
829 5306 1076 5362 volumen
1102 5308 1417 5379 congregari
1435 5308 1644 5379 jubeas,
1669 5318 1726 5364 et
1753 5311 1911 5365 istam

337 5396 618 5466 epistolam
668 5397 906 5467 praponi
936 5415 950 5451 :
983 5406 1042 5452 ut
1084 5399 1257 5455 sciant
1303 5399 1568 5470 legentes,
1611 5401 1656 5456 si
1708 5401 1910 5472 aliquid

337 5487 586 5542 utilitatis
629 5487 682 5542 in
718 5487 799 5542 eis
827 5488 1141 5557 repererint,
1179 5505 1286 5545 non
1316 5491 1420 5546 mei
1447 5504 1567 5546 esse
1595 5493 1758 5548 studii
1785 5493 1908 5548 dili-

339 5575 596 5645 gentiam,
622 5577 719 5632 sed
754 5578 920 5632 vestri
958 5578 1168 5649 imperii
1201 5581 1581 5636 obedientiam.
1632 5581 1746 5638 Hoc
1778 5597 1912 5653 quo-

340 5680 444 5734 que
487 5669 742 5734 maxime,
790 5669 907 5723 vice
946 5661 1413 5740 remunerationis,
1456 5672 1699 5743 obsecro,
1728 5674 1912 5744 Pater,

629 5835 642 5874 ἱ
698 5758 970 5820 Ριτειοι.
1015 5761 1150 5822 CX.

170 6002 242 6158 ιξ
288 5892 727 6144 ibi“

1935 2765 1989 2824 Α
2010 2768 2071 2814 ut
2099 2775 2234 2818 meae
2256 2764 2508 2834 parvitati
2534 2765 2835 2836 impendas,
2863 2775 2921 2821 ut
2947 2768 3354 2840 quibuscunque
3379 2770 3446 2827 de
3474 2775 3599 2830 sub-

2007 2851 2190 2922 jectis,
2217 2855 2330 2912 sive
2364 2857 2590 2923 devotis,
2622 2859 2724 2914 hoc
2753 2860 3066 2928 opusculum
3099 2861 3166 2915 ad
3206 2863 3486 2934 legendum
3516 2867 3601 2935 vel

2014 2949 2080 3004 ad
2103 2950 2503 3019 praedicandum
2530 2951 2856 3016 committes,
2883 2969 3057 3009 meam
3085 2953 3429 3026 fragilitatem
3457 2961 3600 3028 apud

2006 3037 2366 3107 iustissimum
2393 3041 2637 3098 Iudicem
2664 3043 3002 3099 orationibus
3029 3045 3142 3100 suis
3171 3046 3426 3115 adjuvare
3463 3065 3599 3119 pra:-

2014 3128 2202 3197 cipias,
2239 3138 2506 3199 quatenus
2548 3132 2832 3202 praesentis
2875 3132 3001 3188 vita:
3043 3149 3260 3189 cursum
3309 3152 3405 3206 per
3447 3155 3600 3195 suam

2015 3219 2242 3289 gratiam
2269 3220 2470 3276 diutius
2495 3229 2729 3288 teneam,
2757 3231 2812 3276 et
2837 3223 2905 3278 ad
2935 3223 3168 3278 futuram
3208 3224 3600 3283 beatitudinem

2013 3309 2242 3366 feliciter
2277 3313 2560 3382 pervenire
2599 3327 2830 3372 merear.
2881 3313 3144 3371 Divinitas
3186 3316 3399 3371 Domini
3428 3319 3599 3373 nostri

2013 3400 2140 3457 Iesu
2161 3402 2362 3459 Christi
2392 3404 2780 3460 beatitudinem
2805 3415 3043 3461 vestram
3070 3407 3218 3461 omni
3248 3417 3488 3480 tempore
3517 3409 3598 3462 in-

2015 3493 2280 3549 columem
2309 3509 2630 3551 conservare
2655 3496 2923 3566 dignetur,
2951 3503 3134 3551 sancte
3163 3495 3324 3552 Pater
3349 3515 3362 3552 :
3392 3513 3602 3553 memor

2015 3585 2092 3642 sis
2117 3585 2308 3642 nostri.

2523 3766 2804 3822 HOMILIA
2857 3766 3088 3820 PRIMA.

2151 3874 2290 3912 ANTE
2325 3873 2573 3912 NA'I'ALEII
2613 3871 2797 3911 ΒΟΜΙΝῘ
2834 3871 3025 3912 Νοετιιι
3060 3873 3180 3914 JESU
3209 3874 3446 3915 CHRISTI.

2083 3948 2557 4018 Appropinquante
2577 3945 2690 4018 jam
2718 3948 3084 4003 sacratissima
3125 3949 3466 4007 solemnitate
3487 3968 3594 4025 qua

2016 4039 2264 4094 Salvator
2308 4048 2494 4095 noster
2534 4039 2677 4095 inter
2713 4039 2961 4096 homines
2996 4041 3145 4096 nasci
3175 4041 3600 4100 misericorditer

1939 4108 1984 4168 Β
2012 4129 2213 4196 voluit,
2242 4129 2438 4186 fratres
2466 4131 2790 4196 charissimi,
2817 4132 3078 4188 attentius
3103 4133 3440 4189 considerate
3465 4151 3600 4205 qua-

2009 4221 2134 4277 liter
2160 4229 2406 4292 oporteat
2437 4236 2536 4277 nos
2566 4222 2620 4276 in
2660 4223 2891 4278 adventu
2921 4230 3085 4278 tantae
3111 4225 3364 4293 potentia:
3390 4241 3600 4296 praepa-

2011 4312 2140 4378 rari,
2167 4321 2228 4366 ut
2257 4327 2437 4384 regem
2457 4320 2512 4368 et
2538 4312 2822 4367 Dominum
2852 4321 3094 4368 nostrum
3133 4313 3240 4368 laeti
3279 4323 3441 4385 atque
3465 4331 3597 4388 gau-

2010 4401 2199 4456 dentes
2236 4417 2357 4456 cum
2391 4400 2561 4472 gloria
2600 4409 2655 4457 et
2687 4401 2935 4456 laudibus
2969 4417 3274 4457 mereamur
3301 4397 3598 4474 suscipere,

2010 4493 2142 4548 etin
2173 4502 2461 4564 conspectu
2500 4493 2616 4564 ejus
2657 4494 2799 4548 inter
2837 4502 3011 4549 coetus
3062 4493 3245 4551 felices
3286 4506 3598 4555 sanctorum

2010 4583 2400 4653 gratulabundo
2428 4583 2698 4638 exsultare
2736 4583 2926 4653 magis,
2961 4599 3120 4654 quam
3157 4585 3225 4639 ab
3261 4601 3349 4651 eo,
3377 4597 3600 4658 propter

2011 4673 2309 4729 fmditatem
2355 4681 2597 4728 nostram
2648 4673 2868 4743 repulsi,
2908 4675 3048 4730 inter
3085 4687 3399 4754 peccatores
3435 4689 3598 4733 mter-

2011 4781 2136 4820 nam
2174 4764 2540 4821 confusionem
2571 4765 2788 4820 mereri.
2841 4766 2908 4821 Et
2938 4765 3057 4822 ideo
3095 4784 3224 4839 rogo
3251 4777 3305 4823 et
3331 4769 3596 4825 admoneo

2013 4863 2089 4919 ut,
2126 4863 2382 4924 quantum
2416 4854 2712 4922 valeamus,
2760 4872 2882 4911 cum
2925 4857 3020 4912 Dei
3074 4859 3342 4929 adjutorio
3381 4860 3593 4917 labore-

2011 4960 2160 5009 mus;
2203 4944 2339 4999 utin
2374 4944 2464 4999 illo
2491 4945 2577 5000 die
2613 4961 2736 5001 cum
2775 4947 2985 5002 sincera
3008 4955 3060 5002 et
3083 4963 3215 5016 pura
3243 4949 3593 5016 conscientia,

2012 5036 2213 5090 mundo
2257 5036 2419 5090 corde
2460 5045 2518 5091 et
2560 5046 2710 5092 casto
2755 5051 3000 5106 corpore,
3050 5039 3117 5092 ad
3160 5039 3331 5094 altare
3379 5040 3590 5096 Domini

2011 5127 2279 5196 possimus
2305 5127 2582 5192 accedere,
2610 5135 2664 5183 et
2697 5143 2892 5198 corpus
2921 5143 2984 5183 ac
3007 5130 3320 5200 sanguinem
3342 5130 3459 5201 ejus
3485 5145 3590 5185 non

2014 5221 2081 5274 ad
2110 5219 2392 5288 judicium,
2437 5219 2530 5274 sed
2565 5220 2631 5273 ad
2668 5219 2962 5274 remedium
2999 5220 3192 5275 animae
3223 5230 3420 5276 nostra:
3451 5222 3587 5276 acci-

2012 5325 2160 5381 pere.
2218 5310 2276 5364 ln
2308 5309 2509 5364 Christi
2538 5311 2684 5364 enim
2710 5325 2935 5378 corpore
2963 5311 3070 5364 vita
3100 5321 3283 5366 nostra
3307 5312 3590 5376 consistit;

2015 5402 2127 5472 ipse
2157 5400 2414 5456 Dominus
2448 5401 2584 5456 dixit
2615 5418 2627 5454 :
2659 5399 2780 5454 Nisi
2820 5401 3256 5455 manducaveritis
3286 5418 3497 5455 carnem
3529 5401 3598 5470 [i-

2012 5496 2072 5550 tii
2094 5495 2340 5561 hominis,
2369 5504 2417 5549 et
2443 5495 2670 5549 biberitis
2703 5493 2816 5564 ejus
2841 5494 3164 5564 sanguinem,
3207 5510 3309 5546 non
3339 5492 3594 5547 habebitis

2013 5585 2172 5640 vitam
2197 5587 2252 5640 in
2279 5586 2419 5641 vobis
2446 5584 2627 5656 (Joan.
2651 5585 2747 5654 v1).
2801 5583 2969 5639 Mutet
2996 5600 3124 5655 ergo
3143 5583 3328 5648 vitam,
3355 5583 3447 5653 qui
3475 5582 3595 5638 vult

2013 5675 2214 5732 habere
2236 5675 2403 5732 vitam
2433 5693 2447 5732 :
2478 5690 2603 5731 nam
2624 5675 2670 5732 si
2692 5691 2798 5730 non
2828 5681 3000 5730 mutet
3018 5673 3376 5743 peccatricem
3403 5673 3592 5737 vitam,
