4040 6188
376 272 450 326 1i
1018 269 1077 323 Β.
1120 267 1368 323 ΒᾹΒᾹΝΙ
1410 266 1625 323 MAURI
1664 264 1980 321 ARCHIEP.

2084 264 2335 322 OGUNT.
2379 263 2657 321 OPERUM
2695 264 2875 321 PARS
2912 264 2975 320 ll.
3582 266 3652 322 i2

358 391 451 435 tut
499 383 641 435 vivat
683 376 843 446 juste.
897 379 964 433 ad
1001 378 1261 447 judicium
1306 379 1530 448 accipiet
1565 392 1747 431 veram
1777 377 1965 441 vitam,
1995 380 2043 438 Λ
2070 384 2130 431 ιιι
2167 391 2288 430 cum
2334 372 2450 431 dies
2486 374 2673 459 judicii
2715 375 3013 442 advenerit,
3062 391 3170 431 non
3216 392 3340 433 cum
3380 376 3558 450 impiis
3591 389 3651 433 et

392 486 512 540 qua:
538 479 620 524 est
645 484 839 538 corpus
873 467 1094 533 Christi,
1122 477 1178 523 et
1205 468 1377 537 magis
1419 483 1486 523 ex
1512 468 1637 539 ipsa
1675 467 1973 537 corrumpi-

394 570 481 614 tur
508 573 670 629 quam
700 548 940 615 sanetur.
968 556 1137 627 magis
1166 551 1430 612 occiditur
1457 571 1620 626 quam
1648 553 1969 610 vivificctur.

372 650 485 705 ‘Sic
512 648 655 704 enim
689 647 827 702 dixit
852 647 1139 717 Apostolus
1163 666 1175 700 :
1204 646 1305 712 Qui
1340 647 1620 701 manducet
1647 663 1834 716 corpus
1864 646 1971 699 Do-

374 739 522 793 'miui
557 746 604 791 et
643 736 767 790 bibit
813 736 1116 803 sanguinem
1160 734 1274 805 ejus
1314 735 1565 805 indigne,‘
1576 735 1839 805 judicium
1875 734 1973 789 sibi

395 829 676 884 mandarat
704 841 748 883 et
776 828 897 882 bibit
923 827 977 900 (Ι
1003 823 1126 882 Cor.
1152 827 1251 900 χι).
1298 829 1364 883 Et
1393 829 1515 884 licet
1537 845 1635 884 nos
1658 830 1803 885 omni
1833 837 1972 885 tem-

398 937 529 992 pore
560 921 714 978 bonis
738 922 990 991 operibus
1016 930 1237 978 ornatos
1270 937 1332 978 ac
1362 922 1667 992 splendidos
1693 939 1814 979 esse
1848 939 1976 980 con-

395 1014 594 1076 veniat,
639 1013 908 1083 praecipue
944 1020 1120 1066 tamen
1151 1012 1203 1066 in
1236 1012 1321 1066 die
1349 1012 1550 1067 Natalis
1580 1012 1809 1078 Domini,
1839 1015 1976 1069 sicut

399 1109 451 1162 in
488 1106 776 1175 Evangelia
816 1105 929 1175 ipse
975 1105 1108 1161 dixit
1152 1104 1366 1174 (Matth.
1413 1105 1736 1177 v):Lucere
1780 1108 1979 1163 debent

399 1198 702 1255 hominibus
722 1212 883 1268 opera
905 1205 1086 1251 nostra
1110 1196 1272 1262 bona,
1295 1206 1355 1251 ut
1374 1197 1425 1252 in
1448 1198 1696 1254 omnibus
1715 1198 1977 1270 glorifice-

399 1303 486 1348 tur
522 1294 684 1347 Deus.
730 1289 1074 1359 Pcrpendite,
1118 1288 1314 1345 fratres
1345 1309 1357 1343 :
1386 1291 1429 1345 si
1472 1305 1568 1346 vos
1605 1305 1701 1345 rex
1729 1299 1977 1348 terrenus

399 1392 494 1439 aut
521 1385 826 1452 quicunque
849 1390 1038 1451 potens
1060 1380 1447 1450 paterfamilias
1485 1382 1550 1437 ad
1585 1398 1740 1437 suum
1780 1383 1977 1438 natali-

401 1475 535 1529 tium
566 1473 835 1537 invitaret,
859 1471 1105 1540 qualibus
1130 1471 1464 1526 vestimentis
1486 1472 1775 1527 studeretis
1800 1473 1975 1528 ornati

400 1563 669 1623 incedere,
694 1576 852 1632 quam
890 1560 1060 1623 novis,
1094 1575 1255 1633 quam
1286 1559 1491 1625 nitidis,
1537 1576 1698 1631 quam
1746 1561 1979 1633 splendi-

401 1654 514 1717 dis;
542 1667 771 1722 quorum
800 1665 900 1706 nec
927 1657 1185 1714 vetustas,
1208 1665 1307 1705 nec
1327 1650 1527 1716 vilitas,
1552 1666 1651 1706 nec
1676 1652 1854 1722 aliqua
1880 1652 1980 1709 fu:-

400 1744 557 1806 ditas,
595 1741 778 1797 oculos
816 1739 1093 1794 invitantis
1137 1738 1467 1795 offenderet:
1495 1741 1589 1795 tali
1631 1756 1760 1813 ergo
1802 1744 1979 1798 studio

402 1835 456 1888 in
507 1842 764 1903 quantum
809 1828 1131 1900 prmvalctis,
1169 1828 1385 1885 Christo
1419 1831 1730 1897 auxiliante,
1761 1841 1981 1888 conten-

370 1923 532 1987 ~dite,
561 1930 621 1976 ut
645 1920 873 1976 diversis
904 1920 1163 1975 virtutum
1196 1922 1529 1977 ornamentis
1566 1923 1759 1978 anima:
1789 1933 1981 1981 vestrae

372 2013 731 2085 compositae,
772 2011 1131 2081 simplicitatis
1162 2012 1390 2083 gemmis
1416 2021 1471 2068 et
1493 2014 1802 2070 sobrietatis
1836 2013 1982 2071 ﬂori-

406 2106 504 2158 bus
549 2102 842 2166 adornatae,
880 2102 945 2155 ad
977 2101 1375 2158 solemnitatem
1402 2104 1612 2171 salerni,
1654 2105 1707 2160 id
1737 2114 1838 2172 est,
1878 2105 1982 2162 Na—

404 2193 566 2249 talem
613 2193 826 2248 Domini
876 2192 1205 2259 Salvatoris,
1253 2209 1377 2249 cum
1423 2210 1614 2252 secura
1654 2199 1981 2255 conscientia

403 2285 695 2357 procedant
737 2301 750 2338 :
791 2284 1040 2340 castitate
1083 2282 1305 2349 nitidae,
1354 2285 1618 2343 charitate
1668 2287 1979 2359 splendidte,

368 2408 371 2413 ι
403 2375 759 2446 eleemosynis
782 2375 1041 2440 candidas,
1064 2375 1272 2446 justitia
1311 2384 1366 2432 et
1402 2377 1703 2434 humilitate
1747 2378 1979 2453 fulgidae,

406 2465 651 2522 Dei'ante
673 2464 854 2521 omnia
882 2464 1169 2521 dilectione
1192 2465 1401 2523 lucidas.
1440 2468 1688 2526 Christus
1711 2470 1856 2527 enim
1880 2471 1982 2526 Do-

405 2557 602 2621 minus,
628 2556 669 2611 si
700 2570 795 2611 vos
823 2556 897 2610 ita
938 2556 1266 2625 compositos
1300 2557 1616 2615 Natalitium
1652 2576 1808 2616 suum
1843 2561 1983 2617 cele-

404 2647 560 2701 brare
583 2644 914 2716 cognoverit,
943 2646 1055 2715 ipse
1073 2660 1169 2715 per
1188 2660 1248 2701 se
1267 2648 1453 2703 venire
1474 2658 1528 2703 et
1548 2649 1754 2705 animas
1776 2660 1984 2707 vestras

399 2750 512 2789 non
544 2733 765 2788 visitare
793 2732 987 2796 solum,
1014 2735 1109 2788 sed
1138 2734 1299 2789 etiam
1326 2735 1665 2805 requiescere
1691 2745 1747 2792 et
1775 2738 1829 2793 in
1856 2753 1982 2809 per-

364 2882 369 2886 _
406 2832 621 2895 petuum
649 2824 699 2878 in
741 2823 844 2879 illis
876 2822 1185 2895 dignabitur
1226 2826 1495 2893 habitare,
1546 2828 1688 2884 sicut
1725 2831 1982 2900 scriptum

404 2924 489 2970 est
519 2935 530 2969 :
556 2914 695 2981 Quia
718 2931 832 2969 ecce
855 2931 947 2985 ego
966 2915 1168 2970 veniant
1187 2926 1235 2971 et
1262 2917 1561 2973 inhabitabo
1581 2931 1626 2974 et
1650 2920 1983 2978 inambulabo

404 3008 460 3060 in
499 3007 595 3072 eis,
637 3015 686 3061 et
723 3005 823 3077 ipsi
866 3014 1017 3060 erunt
1058 3006 1185 3060 mihi
1221 3007 1465 3078 populus,
1510 3020 1559 3064 et
1594 3027 1686 3081 ego
1714 3027 1802 3066 ero
1831 3013 1984 3068 eisin

2070 469 2443 540 peccatoribus
2476 468 2796 539 puniantur,
2822 469 2916 524 scd
2943 485 3065 531 cum
3082 468 3247 540 justis
3268 480 3324 525 ct
3343 472 3651 528 misericor-

2072 557 2229 614 dibus
2249 557 2533 628 pervenire
2561 558 2629 613 ad
2654 567 2854 613 :eterna
2878 560 3097 629 praemia
3127 570 3436 616 mereantur
3467 580 3480 617 :
3510 579 3647 634 pra:-

2073 659 2248 705 stante
2294 650 2520 704 Domino
2553 658 2741 704 nostro
2781 648 2908 705 Jesu
2945 650 3181 718 Christo,
3214 653 3306 723 qui
3335 668 3457 708 cum
3487 653 3649 709 Patxe

2072 747 2129 794 et
2162 738 2363 809 Spiritu
2394 746 2583 793 sancto
2618 737 2752 794 vivit
2784 746 2841 795 et
2876 749 3067 811 regnat
3101 741 3155 796 in
3194 743 3388 797 saecula
3425 745 3649 800 saeculo-

2075 844 2214 882 rum.
2261 829 2453 882 Amen.

2664 916 2946 974 HOMILIA
2982 918 3049 973 Π.

2450 1022 2580 1081 ιτειμ
2607 1023 2746 1062 ANTE
2768 1024 3014 1063 NATALE!
3039 1025 3246 1064 DOIINI.

2143 1098 2581 1170 Quotiescunque
2604 1099 2837 1169 aliquam
2870 1098 3213 1157 festivitatem
3242 1118 3273 1158 e
3299 1104 3653 1160 solemnitati—

2073 1190 2173 1244 bus
2199 1197 2506 1245 sanctorum
2531 1206 2651 1260 quae
2680 1190 2812 1244 ﬁunt
2835 1206 2931 1259 per
2957 1199 3129 1246 totum
3155 1208 3354 1248 annum
3377 1195 3652 1251 celebrare

2075 1280 2414 1347 desideratis,
2443 1279 2640 1336 fratres
2671 1282 2997 1349 ebarissimi,
3026 1285 3171 1339 omni
3199 1287 3375 1341 studio
3405 1303 3469 1342 ac
3501 1288 3652 1344 solli-

2074 1370 2311 1424 citudinc
2343 1386 2621 1425 sacrarum
2656 1372 2914 1426 virtutum
2942 1384 3263 1430 ornamento
3297 1379 3650 1448 vosmetipsos

2073 1477 2380 1532 praeparare
2403 1463 2641 1528 statuite,
2670 1471 2730 1517 ut
2763 1464 3014 1534 condigni
3041 1464 3153 1518 fieri
3186 1466 3410 1522 valeatis
3443 1468 3648 1523 cmlesti

2076 1552 2320 1607 convivio
2351 1559 2406 1606 et
2431 1552 2686 1607 societate
2723 1562 3056 1619 sanctorum,
3105 1570 3226 1609 cum
3273 1556 3467 1624 quibus
3513 1572 3646 1627 gau-

2077 1642 2206 1697 dere
2236 1643 2505 1713 appetitis.
2559 1642 2615 1697 In
2650 1643 2828 1697 divina
2863 1658 2990 1715 ergo
3029 1659 3212 1699 mensa
3248 1660 3352 1699 non
3390 1647 3542 1701 cibus
3569 1648 3652 1701 in-

2010 1720 2054 1777 Β
2082 1734 2295 1788 venitur
2339 1733 2653 1798 hominum,
2706 1733 2800 1789 sed
2846 1734 3001 1804 panis
3047 1736 3261 1804 ponitur
3305 1736 3646 1807 angelorum;

2081 1823 2217 1878 sicut
2244 1825 2499 1894 scriptum
2528 1832 2610 1879 est
2641 1842 2653 1879 :
2684 1822 2880 1878 Panem
2907 1825 2970 1879 de
2993 1828 3118 1883 εαξιο
3146 1827 3285 1880 dedit
3322 1829 3430 1891 eis;
3463 1846 3651 1894 panem

2081 1914 2384 1985 angelorum
2416 1914 2745 1969 manducavit
2785 1915 2937 1968 homo
2980 1913 3151 1987 (Psal.
3188 1916 3414 1988 Lxxvn).
3463 1916 3651 1973 Probet

2080 2014 2273 2069 autem,
2301 2005 2591 2059 secundum
2619 2003 2952 2073 Apostolum,
2994 2005 3216 2076 seipsum
3258 2006 3446 2073 homo;
3486 2016 3536 2062 et
3575 2009 3654 2063 sic

2080 2094 2144 2149 de
2174 2111 2307 2165 pane
2334 2094 2425 2149 illo
2459 2094 2601 2160 edat,
2625 2103 2673 2149 et
2700 2095 2764 2149 de
2798 2094 2963 2149 calice
2988 2095 3126 2150 bibat
3154 2094 3207 2168 (Ι
3235 2095 3356 2153 Cor.
3381 2099 3482 2169 ιι).
3517 2097 3652 2152 Nam

2079 2183 2325 2240 Christus
2358 2184 2615 2241 Dominus
2646 2194 2849 2251 noster,
2889 2185 3016 2241 licet
3050 2195 3172 2256 post
3213 2188 3519 2257 passionem
3561 2204 3651 2245 re-

2080 2274 2376 2329 surrexerit
2401 2283 2456 2329 et
2471 2274 2525 2329 in
2549 2274 2743 2330 ctelum
2770 2276 3092 2341 ascenderit,
3116 2276 3420 2332 considerat
3449 2285 3653 2343 tamen,

2080 2376 2141 2421 ut
2163 2366 2451 2431 credimus,
2484 2375 2540 2422 et
2566 2366 2851 2438 diligenter
2878 2368 3105 2423 attendit
3126 2368 3357 2439 qualiter
3395 2383 3453 2425 se
3490 2384 3660 2427 unus-

2081 2457 2310 2529 quisque
2333 2472 2614 2512 servorum
2643 2457 2760 2528 ejus
2793 2458 2909 2514 sine
2943 2459 3189 2524 avaritia,
3233 2460 3349 2514 sine
3395 2461 3494 2525 ira,
3538 2462 3659 2518 sine

2082 2548 2328 2620 superbia
2354 2557 2515 2618 atque
2543 2548 2774 2614 luxuria,
2797 2549 2863 2603 ad
2894 2548 3269 2604 celebrandum
3290 2549 3661 2607 solemnitates

2082 2646 2391 2695 sanctorum
2439 2654 2656 2694 suorum
2685 2679 2700 2704 ,
2748 2648 2803 2695 et
2847 2640 3080 2695 maxime
3124 2640 3432 2697 Natalitium
3477 2658 3656 2709 suum,

2082 2728 2295 2785 studeat
2330 2745 2658 2801 praeparare,
2695 2739 2856 2802 atque
2884 2746 3227 2801 componere,
3271 2742 3328 2788 et
3363 2735 3658 2789 secundum

2081 2820 2225 2891 quod
2254 2835 2689 2891 unumquemque
2713 2830 2962 2877 ornatum
2984 2821 3140 2877 bonis
3166 2822 3418 2892 operibus
3444 2825 3660 2888 viderit.

2083 2911 2160 2968 ita
2203 2910 2277 2967 illi
2325 2912 2554 2982 gratiam
2597 2928 2707 2968 sua:
2753 2913 3136 2969 misericordia:
3187 2915 3536 2984 dispensabit.
3601 2916 3659 2970 Si

2084 3001 2226 3056 enim
2264 3001 2461 3057 viderit
2505 3001 2788 3057 charitatis
2833 3001 2951 3058 luce
2998 3003 3272 3070 vestitum,
3314 3003 3538 3075 justitite
3576 3007 3663 3085 vel

408 3097 594 3160 Deum,
634 3096 758 3150 dicit
801 3096 1058 3152 Dominus
1098 3096 1239 3152 Deus
1274 3096 1358 3168 (.11
1396 3096 1520 3153 Cor.
1563 3116 1650 3167 Vl;
1688 3100 1821 3157 Isai.
1861 3103 1978 3164 un.
2009 3084 2055 3147 C
2085 3093 2470 3149 misericordiae
2497 3093 2804 3165 margaritis
2826 3103 3100 3161 ornatum.
3122 3085 3350 3164 castum.
3381 3084 3658 3163 humilem.

404 3186 451 3244 Ο
477 3202 637 3257 quam
666 3184 790 3242 felix
817 3193 901 3241 est
922 3185 1011 3240 illa
1041 3202 1159 3256 quae
1187 3186 1342 3243 bonis
1371 3188 1621 3258 operibus
1647 3200 1986 3262 promeretur

368 3316 375 3319 ι
405 3276 680 3332 Christum
709 3276 975 3346 hospitem
1002 3284 1057 3331 et
1086 3276 1441 3333 habitatorem
1473 3281 1742 3352 excipere,
1772 3298 1989 3354 semper

406 3369 553 3434 laeta,
600 3383 814 3438 semper
863 3366 1069 3435 hilaris,
1113 3384 1326 3441 semper
1362 3370 1620 3441 jucunda,
1652 3384 1708 3429 et
1742 3375 1811 3430 ah
1838 3378 1985 3434 omni

405 3452 660 3514 vitiorum
704 3458 925 3513 horrore
963 3458 1135 3514 aliena
1174 3478 1187 3513 :
1220 3460 1361 3516 sicut
1407 3476 1438 3517 e
1481 3465 1775 3531 contrario,
1824 3482 1988 3536 quam

407 3546 593 3605 infelix
618 3556 702 3603 est
728 3547 815 3602 illa
840 3547 1168 3603 conscientia
1195 3562 1315 3618 qua:
1340 3563 1399 3603 se
1438 3549 1512 3604 ita
1549 3551 1704 3607 malis
1733 3554 1988 3623 operibus

407 3639 709 3695 cruentavit
734 3646 793 3693 ut
820 3638 872 3692 in
895 3654 959 3694 ea
984 3653 1090 3693 non
1115 3636 1362 3695 Christus
1382 3640 1742 3710 requiescere,
1763 3644 1857 3699 sed
1876 3644 1985 3699 dia-

410 3731 562 3788 holus
589 3729 810 3800 incipiat
839 3728 1137 3795 dominari;
1170 3728 1293 3785 talis
1325 3731 1522 3796 anima,
1554 3732 1599 3786 si
1626 3732 1989 3789 medicamen-

402 3832 521 3884 tum
540 3820 880 3892 ,ptenitentiae
910 3835 1013 3875 non
1037 3819 1145 3875 cito
1169 3819 1509 3885 subvenerit,
1536 3835 1564 3874 a
1592 3819 1710 3875 luce
1740 3820 1989 3891 relinqui-

411 3923 518 3979 tur,
566 3928 597 3966 a
640 3910 875 3967 tenebris
907 3919 1201 3979 occupatur
1223 3928 1237 3964 :
1263 3918 1525 3965 vacuatur
1551 3911 1851 3979 dulcedine,
1884 3913 1988 3968 iiu—

404 4003 585 4075 pletur
610 3999 988 4065 amaritudine,
1032 4015 1063 4054 a
1108 4007 1281 4054 morte
1314 3999 1605 4064 invaditur,
1636 4015 1667 4054 a
1702 4003 1812 4056 vita
1838 4017 1992 4073 sepa-

411 4105 579 4150 ratur.
634 4090 749 4145 Non
800 4098 976 4144 tamen
1023 4088 1089 4143 de
1124 4090 1328 4158 pietate
1372 4090 1581 4144 Domini
1620 4088 1854 4157 dillidat,
1898 4094 1991 4161 qui

413 4183 535 4239 talis
562 4192 666 4247 est,
703 4195 799 4234 nec
838 4176 1110 4233 mortifera
1151 4178 1521 4249 desperatione
1560 4179 1865 4250 frangatur;
1899 4183 1992 4237 sed

415 4273 587 4343 magis
628 4271 695 4327 ad
742 4268 1112 4340 paenitentiam
1142 4268 1249 4323 cito
1282 4279 1546 4336 recurrat,
1579 4278 1633 4326 et
1658 4270 1783 4325 dum
1818 4271 1993 4327 adhuc

410 4379 548 4420 nova
578 4372 702 4418 sunt
724 4370 778 4416 et
801 4360 978 4416 calent
1011 4358 1229 4414 vulnera
1262 4370 1603 4430 peccatorum
1643 4377 1883 4427 suorum,
1914 4361 1993 4416 sic

412 4456 513 4511 sibi
564 4454 817 4509 adhibeat
860 4451 1223 4522 lacrymarum
1277 4451 1666 4507 medicamenta
1725 4451 1988 4517 salubria,
2017 4437 2069 4495 Ῑ)

412 4532 538 4619 quia
571 4546 808 4600 medicus
835 4552 1019 4599 noster
1044 4544 1384 4614 omnipotens
1409 4552 1507 4604 est,
1536 4551 1589 4597 et
1616 4543 1695 4597 sic
1715 4543 1994 4598 consuevit

414 4637 597 4710 plagas
620 4645 835 4691 nostras
865 4648 1075 4698 curare,
1108 4642 1289 4689 utnec
1312 4632 1626 4690 cicatricum
1651 4632 1813 4688 faciat
1832 4631 1994 4688 vesti-

414 4729 500 4800 gia
530 4739 828 4781 remanere.
889 4722 1120 4776 Tantum
1149 4722 1305 4778 fidem
1344 4724 1397 4778 in
1426 4722 1574 4777 illum
1603 4723 1913 4788 habeamus,
1939 4732 1995 4777 et

416 4818 571 4876 bonis
598 4816 875 4888 operibus,
905 4823 1169 4883 quantum
1217 4814 1475 4880 valemus,
1523 4830 1734 4885 semper
1780 4815 1995 4871 insista-

415 4924 555 4975 mus,
599 4916 653 4962 ct
690 4920 962 4976 nunquam
988 4905 1053 4960 de
1078 4901 1194 4972 ejus
1222 4904 1589 4960 misericordia
1623 4906 1989 4975 desperemus.

416 5001 544 5057 litec
567 5014 716 5069 ergo,
746 4998 941 5055 fratres
967 4997 1292 5063 charissimi,
1323 4998 1539 5053 assidue
1564 4999 1881 5067 cogitantes,
1902 4999 1996 5067 qui

417 5093 542 5149 boni
576 5100 724 5157 sunt,
756 5106 877 5146 cum
921 5090 1015 5146 Dei
1065 5090 1238 5160 gratia
1288 5092 1611 5146 contendant
1651 5106 1998 5161 perseverare

419 5183 473 5237 in
520 5181 773 5252 operibus
812 5182 990 5237 bonis.
1037 5181 1193 5247 Quia,
1234 5196 1339 5236 non
1382 5182 1469 5250 qui
1506 5184 1755 5253 coeperit,
1785 5182 1878 5238 sed
1911 5183 1997 5253 qui

418 5273 811 5345 perseveraverit
847 5290 1009 5344 usque
1040 5274 1095 5328 in
1125 5273 1306 5343 ﬁnem,
1340 5274 1424 5327 hic
1452 5274 1628 5329 salvus
1652 5275 1750 5328 erit
1779 5273 1992 5345 (Matth.

422 5368 501 5440 ι).
538 5368 639 5435 Qui
677 5382 804 5423 vero
842 5367 908 5422 ad
936 5366 1327 5437 eleemosynam
1371 5367 1570 5432 tardos,
1600 5376 1657 5420 et
1686 5367 1755 5421 ad
1780 5367 1995 5422 iracun-

423 5462 565 5518 diam
590 5468 885 5534 promptos,
915 5469 969 5515 et
999 5459 1065 5515 ad
1086 5459 1442 5515 exercendam
1465 5457 1730 5514 luxuriam
1754 5457 2001 5529 prtecipi-

423 5564 507 5609 tes
530 5567 589 5609 se
617 5558 964 5625 cognoscunt,
993 5548 1287 5606 auxiliante
1311 5549 1559 5613 Domino,
1594 5547 1848 5604 festinent
1879 5562 1940 5603 se
1968 5562 1998 5600 a

424 5642 583 5700 malis
609 5658 821 5709 eruere,
855 5650 913 5698 ut
941 5657 1060 5715 quae
1088 5642 1226 5697 bona
1257 5650 1380 5698 sunt
1410 5648 1719 5697 mereantur
1756 5638 1998 5710 implere,

2084 3184 2393 3254 benignum,
2441 3184 2868 3251 misericordem,
2914 3195 3255 3242 mansuetum
3304 3197 3358 3243 et
3397 3188 3660 3252 sobrium,

2084 3274 2151 3329 ad
2190 3288 2430 3329 mensam
2474 3290 2626 3331 suam
2673 3277 2952 3343 accedere,
3006 3293 3201 3347 corpus
3251 3287 3307 3333 et
3349 3280 3662 3351 sanguinem

2084 3379 2260 3430 suum,
2292 3364 2367 3419 illi
2392 3375 2500 3419 non
2525 3365 2592 3420 ad
2619 3365 2902 3436 judicium,
2950 3366 3043 3421 sed
3094 3368 3162 3422 ad
3208 3369 3525 3433 remedium,
3564 3383 3664 3439 per

2085 3456 2422 3524 sacerdotum
2457 3472 2675 3512 suorum
2714 3457 3012 3513 ministeria
3045 3458 3416 3530 dispensalit:
3449 3460 3495 3515 si
3531 3474 3662 3517 vero

2085 3547 2320 3617 aliquem
2349 3548 2543 3603 viderit
2577 3547 2901 3615 adulterum,
2941 3550 3238 3618 ebriosum,
3269 3552 3543 3622 cupidum,
3573 3568 3665 3608 su-

2085 3640 2331 3710 perbum,
2384 3639 2655 3707 invidum,
2692 3640 2958 3706 dolosum,
3006 3656 3249 3708 avarum,
3303 3644 3661 3699 detractorem

2088 3740 2249 3801 atque
2294 3730 2643 3801 injuriosum,
2701 3732 2865 3787 timeo
2912 3747 2980 3787 ne
3026 3732 3099 3786 illi
3156 3735 3369 3789 dicatur
3414 3736 3554 3804 quod
3607 3735 3664 3790 in

2088 3823 2379 3893 Evangelio
2405 3823 2518 3892 ipse
2555 3823 2800 3891 praedixit
2826 3842 2838 3877 :
2867 3824 3065 3889 Amice,
3091 3826 3346 3896 quomodo
3376 3827 3477 3880 huc
3500 3828 3666 3881 intra-

2087 3913 2175 3977 sti,
2221 3928 2325 3966 non
2372 3912 2564 3966 habens
2597 3923 2780 3967 restem
2819 3913 3099 3984 nuptialem
3133 3915 3343 3985 (Matth.
3377 3917 3553 3985 xxn);
3589 3926 3665 3982 et,

2088 4000 2232 4070 quod
2252 4008 2461 4056 avertat
2494 4000 2655 4067 Deus,
2690 4002 2783 4056 ﬁat
2827 4002 2954 4058 illud
3000 4005 3140 4072 quod
3178 4005 3424 4073 sequitur
3448 4020 3463 4058 :
3486 4006 3668 4077 Ligate

2090 4091 2167 4144 illi
2190 4108 2374 4146 manus
2402 4101 2449 4146 et
2478 4091 2631 4163 pedes
2661 4104 2708 4147 et
2738 4093 2976 4164 projicite
3003 4095 3057 4147 in
3085 4094 3319 4149 tenebras
3339 4097 3618 4152 exteriores
3646 4113 3665 4151 :

2091 4182 2162 4236 ibi
2182 4184 2280 4236 erit
2302 4185 2454 4252 ﬂetus
2478 4196 2524 4237 et
2551 4185 2746 4239 stridor
2773 4186 3004 4241 dentium
3039 4187 3249 4259 (Ibid.).
3287 4190 3425 4246 Ecce
3451 4192 3667 4263 qualem

2094 4275 2412 4329 sententiam
2470 4274 2525 4329 in
2582 4275 2668 4331 die
2707 4276 2894 4347 judicii
2947 4280 3215 4349 excipiet,
3264 4282 3355 4351 qui
3404 4283 3519 4338 sine
3577 4300 3667 4340 re-

2094 4363 2270 4418 medio
2302 4365 2631 4434 pmnitentite
2674 4367 2745 4419 ad
2790 4366 3136 4425 festivitatem
3165 4371 3378 4427 Domini
3413 4372 3669 4430 vitiorum

2093 4456 2343 4512 sordibus
2366 4456 2678 4527 inquinatus
2701 4461 3010 4515 accesserit.
3041 4462 3110 4516 Et
3135 4463 3273 4530 ideo,
3300 4464 3511 4532 fratres,
3535 4480 3671 4535 quo-

2094 4548 2409 4619 tiescunque
2448 4556 2565 4614 aut.
2588 4549 2702 4605 dies
2738 4551 2940 4607 Natalis
2967 4552 3201 4622 Domini,
3236 4564 3329 4611 aut
3357 4557 3576 4627 reliqua:
3601 4555 3673 4613 fe-

2093 4639 2363 4694 stivitates
2390 4639 2702 4706 adveniunt,
2736 4649 2861 4697 ante
2884 4642 3065 4712 plures
3090 4646 3206 4702 dies
3239 4661 3347 4702 non
3375 4648 3445 4703 ab
3470 4648 3670 4705 infelici

2094 4728 2513 4783 concubinarum
2545 4730 2837 4797 consortio,
2867 4731 2963 4787 sed
2992 4734 3155 4788 etiam
3193 4749 3224 4789 a
3268 4736 3497 4806 propriis
3539 4752 3674 4793 uxo-

2096 4818 2246 4874 ribus
2271 4818 2567 4885 abStinete;
2592 4828 2785 4875 contra
2825 4821 3029 4876 nullum
3076 4823 3351 4878 hominum
3398 4824 3578 4880 odium
3616 4826 3671 4881 in

2096 4909 2259 4965 corde
2281 4916 2462 4963 vestro
2486 4916 2694 4971 tenete;
2722 4910 2863 4978 quod
2889 4911 3100 4965 solebat
3123 4927 3221 4981 per
3244 4911 3423 4979 gulam
3446 4912 3674 4983 perdere

2095 5001 2327 5066 vanitas,
2359 5000 2581 5069 incipiat
2599 4999 2809 5069 justitia
2848 5016 2946 5070 per
2982 5002 3409 5057 misericordiam
3451 5018 3676 5075 erogare

2096 5095 2442 5164 pauperibus.
2490 5093 2627 5148 Nam
2673 5103 2799 5149 sunt
2840 5093 3055 5161 quidam
3099 5094 3192 5163 qui
3239 5093 3555 5151 ebrietatem
3580 5107 3675 5151 aut

2102 5186 2305 5240 nullum
2329 5193 2422 5239 aut
2443 5200 2667 5254 parvum
2697 5184 2883 5239 vitium
2912 5198 3033 5239 esse
3059 5192 3268 5253 putant,
3298 5194 3355 5241 et
3380 5201 3486 5242 non
3513 5188 3683 5242 renti-

2101 5276 2383 5331 niscuntur
2411 5276 2693 5330 Dominum
2715 5275 2914 5330 dixisse
2941 5274 3194 5344 apostolis
3228 5275 3341 5331 suis
3373 5294 3385 5330 :
3416 5276 3679 5332 Attendite

2100 5378 2271 5423 autem
2300 5368 2459 5433 vobis,
2483 5384 2545 5423 ne
2567 5368 2699 5437 forte
2723 5376 3002 5438 graventur
3020 5367 3177 5420 corda
3200 5378 3366 5423 vestra
3387 5369 3443 5422 in
3460 5369 3680 5436 crapula

2100 5469 2146 5514 et
2170 5460 2433 5523 ebrietate,
2472 5468 2521 5512 et
2562 5458 2702 5511 curis
2736 5458 2895 5527 hujus
2927 5458 3064 5522 vitm,
3096 5468 3145 5512 et
3170 5460 3485 5529 superveniet
3512 5458 3570 5512 in
3590 5474 3680 5513 eos

2100 5548 2365 5619 repentina
2392 5547 2501 5601 dies
2529 5545 2656 5610 illa;
2688 5554 2939 5615 tanquam
2962 5547 3184 5617 laqueus
3213 5547 3356 5603 enim
3384 5547 3567 5602 veniet
3588 5561 3678 5602 ως

2101 5655 2198 5710 per
2220 5655 2407 5698 omnes
2425 5640 2517 5709 qui
2544 5639 2731 5727 sedent
2751 5655 2910 5710 super
2934 5640 3124 5699 faciem
3147 5642 3323 5698 omnis
3343 5650 3501 5697 terrae
3523 5640 3674 5712 (Luc.

3467 5932 3793 6061 de..-

3580 6073 3743 6130 Kl
