4040 6188
301 302 360 357 l'i
1258 296 1560 356 IIOMIIJrE
1604 296 1690 353 DE
1728 290 1965 351 FESTIS
2000 289 2415 377 PRIECIPUIS,
2459 288 2608 346 ETC.
3487 292 3555 349 η

297 414 430 483 xxi).
482 409 552 466 Et
593 408 883 481 Apostolus
916 429 928 464 :
965 410 1163 474 Nolite,
1202 409 1395 481 inquit,
1441 408 1688 463 inebriari
1734 407 1872 471 vino,
1902 410 2281 475 Acoronaret.
2327 402 2461 456 Huic
2490 410 2670 456 autem
2697 400 2869 471 operi,
2898 398 3270 465 dilectissimi,
3300 413 3422 454 cum
3446 414 3565 454 om-

190 505 200 516 '
294 507 347 560 in
374 522 477 576 quo
514 515 592 559 est
636 505 885 569 luxuria;
915 514 969 560 et
1002 505 1196 558 iterum
1224 521 1236 556 :
1263 504 1341 555 An
1380 500 1586 555 nescitis
1620 499 1742 569 quia
1777 498 1881 553 ini-

294 595 379 665 qui
406 610 624 665 regnum
651 592 748 647 Dei
777 610 881 647 non
917 592 1298 664 possidebunt?
1336 590 1517 645 Nolite
1546 605 1724 644 errare
1749 606 1768 654 ;
1792 604 1881 642 ne-

293 699 391 753 que
414 682 713 753 [micat-ii,
741 697 907 752 neque
928 680 1085 736 idolis
1110 681 1410 747 seruientes,
1445 696 1606 750 neque
1631 677 1879 744 adulteri,

295 788 461 844 neque,
480 770 684 837 molles,
716 787 880 843 neque
916 770 1271 827 masculorum
1304 769 1682 834 concubitores,
1719 785 1882 838 neque

294 862 457 930 fures,
486 876 654 932 neque
677 861 845 925 avari,
876 876 1039 931 neque
1066 860 1278 926 ebriosi,
1304 876 1466 930 neque
1502 857 1760 917 maledici,
1793 873 1884 911 ne-

292 968 392 1022 que
434 967 672 1022 rapaces,
708 967 928 1022 regnum
971 950 1070 1005 Dei
1109 950 1463 1021 possidebunt.
1518 949 1584 1003 Et
1620 947 1881 1019 propheta

295 1044 425 1100 dicit
455 1061 469 1098 :
515 1043 603 1098 Va:
625 1044 717 1115 qui
738 1043 1055 1113 consurgitis
1075 1059 1228 1097 mane
1251 1042 1317 1095 ad
1347 1042 1647 1096 ebrietatem
1679 1048 1883 1093 sectan-

296 1136 417 1189 dam
446 1144 497 1190 et
520 1135 812 1205 potandum
832 1151 992 1205 usque
1023 1135 1092 1189 ad
1119 1150 1405 1203 vesperam,
1432 1141 1488 1187 ut
1513 1133 1630 1187 vino
1654 1131 1882 1186 restrictis

298 1226 433 1299 (Ita.
462 1226 554 1297 v);
595 1234 653 1280 et
694 1225 887 1279 iterum
921 1230 933 1276 :
976 1223 1069 1278 Va:
1105 1224 1268 1288 vobis,
1316 1223 1508 1293 inquit,
1535 1222 1625 1292 qui
1654 1230 1883 1291 potentes

296 1320 415 1373 estis
435 1318 504 1371 ad
528 1317 809 1371 bibendum
837 1316 1029 1381 vinum,
1057 1324 1107 1369 et
1135 1316 1235 1369 viri
1260 1315 1420 1384 fortes
1456 1314 1525 1367 ad
1568 1312 1883 1366 miscendam

296 1407 596 1460 ebrietatem
630 1404 842 1476 (lbid.).
889 1404 1076 1474 Itaque
1112 1404 1416 1472 quicunque
1457 1402 1524 1456 ad
1567 1401 1884 1456 ebrietatem

296 1509 498 1564 pronus
527 1492 711 1560 fuerit,
743 1503 799 1550 et
834 1494 970 1549 alios
1013 1493 1079 1548 ad
1126 1493 1228 1547 hoc
1278 1492 1529 1561 adjurare
1565 1491 1649 1545 vel
1694 1506 1886 1561 cogere

296 1584 560 1649 voluerit,
585 1592 643 1639 et
664 1599 764 1654 pro
785 1599 845 1639 se
869 1591 925 1638 et
948 1599 1045 1653 pro
1068 1583 1173 1637 illis
1203 1583 1257 1636 in
1285 1583 1369 1636 die
1387 1581 1576 1652 judicii
1604 1596 1728 1636 reus
1754 1581 1882 1646 erit,

299 1686 350 1731 et
392 1676 627 1731 Domino
666 1676 856 1731 reddet
895 1676 1179 1731 rationem.
1225 1675 1333 1730 Sed
1357 1675 1484 1744 quia
1515 1690 1658 1730 nunc
1683 1674 1885 1729 Natalis

1982 496 2070 550 nia
2120 500 2418 564 opportuna
2458 494 2566 547 sint
2609 502 2888 562 tempora,
2940 492 3042 546 hoc
3099 504 3242 545 nunc
3291 488 3565 559 praecipue

1980 592 2162 656 aptum
2205 592 2288 638 est
2326 590 2488 651 atque
2529 582 2876 646 conveniens,
2922 580 2978 634 in
3026 594 3133 647 quo
3170 579 3344 634 sancti
3379 586 3565 648 patres

1981 674 2171 739 nostri,
2204 688 2300 743 per
2327 673 2498 743 legem
2525 673 2771 727 instructi
2802 687 2866 727 ac
2892 672 3151 727 divinitus
3174 671 3442 742 inspirati,
3469 671 3567 725 de-

1981 764 2106 818 cimi
2133 762 2334 817 mensis
2362 777 2593 816 sanxere
2613 760 2908 830 jejunium,
2938 769 2997 816 ut
3021 761 3261 816 Omnium
3290 758 3564 815 fructuum

1981 852 2299 908 collectione
2350 852 2601 907 conclusa
2627 891 2642 917 ,
2694 851 3029 906 rationabilis
3072 851 3182 906 Deo
3236 850 3564 906 abstinentia

1982 944 2276 1008 dicaretur,
2308 951 2361 998 et
2389 944 2724 999 meminisset
2752 945 2978 1013 quisque
3010 944 3083 998 ita
3111 946 3187 998 uti
3210 943 3566 1010 abundantia,

1982 1042 2119 1089 utet
2142 1034 2285 1089 circa
2325 1049 2393 1089 se
2417 1034 2792 1098 abstinentior,
2841 1042 2895 1088 et
2941 1033 3085 1089 circa
3126 1047 3388 1104 pauperes
3425 1042 3572 1090 esset

1981 1124 2219 1181 effusior.
2268 1124 2647 1181 Etlicacissima
2694 1125 2836 1180 enim
2871 1140 2977 1196 pro
2997 1125 3230 1194 peccatis
3260 1125 3566 1193 deprecatio

1983 1224 2066 1270 est
2093 1215 2147 1269 in
2181 1215 2534 1286 eleemosynis
2559 1224 2720 1284 atque
2739 1214 2979 1283 jejuniis,
3007 1223 3062 1269 et
3089 1215 3347 1271 velociter
3381 1218 3448 1271 ad
3487 1217 3569 1272 di-

1982 1307 2137 1361 vinas
2180 1307 2494 1361 conscendit
2530 1321 2690 1360 aures
2722 1306 2917 1361 talibus
2944 1307 3119 1361 oratio
3144 1306 3347 1361 elevata
3379 1305 3570 1363 suffra-

1985 1397 2108 1468 giis,
2131 1406 2183 1452 et
2210 1398 2343 1452 nihil
2367 1407 2451 1452 est
2476 1397 2897 1467 uniuscujusque
2928 1407 3037 1451 tam
3064 1398 3340 1468 proprium
3358 1439 3373 1465 ,
3405 1414 3567 1469 quam

1984 1491 2127 1562 quod
2170 1492 2430 1561 impendit
2471 1492 2526 1545 in
2575 1491 2899 1560 proximum.
2948 1491 3082 1546 Pars
3124 1492 3269 1547 enim
3317 1506 3570 1561 corpora-

1984 1585 2114 1639 lium
2143 1583 2459 1640 facultatum
2485 1601 2605 1655 qua:
2630 1585 2993 1656 indigentibus
3022 1586 3377 1651 ministratur,
3407 1587 3461 1640 in
3491 1587 3573 1640 di-

1985 1676 2145 1730 vitias
2175 1679 2365 1732 transit
2390 1685 2640 1731 aeternas.
2676 1676 2859 1745 Igitur,
2892 1674 3107 1740 fratres,
3135 1677 3435 1745 suscepturi
3461 1676 3571 1730 Na-

301 1767 509 1821 Βῡηιῖῐιί
548 1766 819 1830 imminet.
860 1764 1077 1833 fratres.
1128 1766 1197 1821 ab
1238 1766 1385 1821 «mni
1433 1766 1688 1820 viliorem
1729 1768 1887 1820 sorde
1918 1769 1962 1827 Β
1994 1769 2153 1824 talem
2185 1769 2413 1845 Domini,
2449 1770 2518 1824 ab
2546 1769 2691 1822 omni
2729 1782 2826 1822 nos
2860 1767 3177 1822 delictorum
3216 1768 3347 1823 faece
3378 1784 3573 1839 porge-

300 1874 395 1913 vos
419 1858 702 1924 mundate,
735 1874 799 1914 ac
837 1859 996 1914 bonis
1032 1859 1287 1929 operibus
1320 1859 1612 1915 studiosius
1632 1874 1727 1915 vos
1749 1873 1888 1928 pra:-

301 1957 519 2017 parate:
537 1948 845 2003 castitatem
866 1963 988 2003 eum
1009 1949 1240 2019 propriis
1259 1949 1517 2005 uxoribus
1537 1959 1881 2013 conservate;

302 2040 497 2095 nullius
518 2055 636 2095 rem
663 2049 759 2095 aut
782 2055 1007 2096 uxorem
1037 2041 1429 2112 concupiscite;
1458 2041 1661 2096 nemini
1683 2038 1885 2110 aliquid

298 2146 395 2201 per
421 2130 536 2184 vim
560 2138 652 2184 aut
679 2128 927 2185 fraudem
964 2128 1196 2197 auferte;
1245 2130 1315 2185 ad
1359 2128 1660 2185 eonviviola
1704 2136 1885 2183 vestra

299 2238 566 2294 pauperes
621 2220 959 2293 frequentius
998 2230 1277 2289 revocate;
1326 2223 1393 2278 ad
1438 2221 1648 2292 vigilias
1703 2236 1887 2276 sacras

303 2315 566 2369 maturius
610 2313 926 2377 convenite;
966 2312 1019 2366 in
1060 2310 1289 2367 ecclesia
1331 2319 1555 2377 stantes,
1602 2317 1696 2365 aut
1734 2319 1887 2365 orate

301 2412 391 2458 aut
413 2404 670 2473 psallite;
696 2403 855 2458 verba
884 2403 1056 2458 otiosa
1095 2410 1190 2457 aut
1235 2402 1482 2458 scurrilia
1528 2417 1628 2458 nec
1672 2402 1774 2473 ipsi
1813 2401 1888 2458 ibi

301 2511 365 2551 ex
392 2510 490 2550 ore
521 2503 710 2549 vestro
737 2493 993 2565 proferte,
1021 2503 1076 2549 et
1095 2508 1189 2549 eos
1217 2493 1307 2563 qui
1336 2492 1579 2563 proferre
1598 2493 1887 2557 voluerint,

302 2588 595 2657 castigate;
640 2600 831 2656 pacem
866 2601 989 2640 cum
1018 2585 1270 2640 omnibus
1302 2583 1515 2648 habete,
1543 2592 1600 2639 et
1624 2599 1759 2653 quos
1781 2583 1887 2638 dis-

302 2675 493 2729 cordes
535 2664 874 2745 agnoscitis,
924 2673 992 2727 ad
1048 2672 1391 2728 concordiam
1442 2679 1710 2727 revocate.
1763 2670 1891 2728 llaec

305 2768 534 2824 fideliter
557 2768 606 2823 si
628 2766 906 2822 volueritis
932 2765 1147 2822 Christo
1172 2763 1457 2834 adjuvante
1482 2764 1726 2836 implere,
1748 2768 1810 2820 'ct
1834 2765 1889 2820 in

305 2860 405 2915 hoc
431 2859 633 2914 saeculo
664 2861 733 2913 ad
765 2858 935 2913 altare
974 2857 1182 2913 Domini
1224 2872 1347 2912 cum
1383 2872 1572 2913 secura
1610 2856 1890 2913 conscien-

308 2950 374 3004 tia
397 2950 651 3021 poteritis
672 2949 945 3012 accedere,
973 2947 1104 3003 etin
1133 2946 1312 3003 futuro
1338 2947 1405 3001 ad
1433 2946 1690 3002 acternain
1720 2947 1890 3004 beati-

307 3040 543 3095 tudinem
564 3038 800 3094 feliciter
821 3039 1123 3109 pervenire.

875 3130 1159 3186 IIOMILIA
1210 3129 1299 3185 III.

705 3237 771 3277 DE
813 3237 1022 3277 JEJUNIO
1066 3237 1246 3276 DEClll
1293 3237 1495 3278 MENSIS.

374 3327 402 3357 ι
437 3314 763 3370 Sublimitas
798 3314 1038 3385 quidem,
1068 3314 1424 3380 dilectissimi,
1459 3314 1646 3386 gratiae
1669 3315 1762 3370 Dei
1787 3316 1890 3372 hoc

305 3410 548 3479 quotidie
585 3415 845 3479 operatur
874 3408 928 3462 in
968 3408 1222 3464 cordibus
1253 3407 1599 3474 Christianis,
1635 3418 1694 3464 ut
1730 3424 1891 3464 omne

305 3497 634 3555 desiderium
660 3507 906 3554 nostrum
931 3513 962 3551 a
988 3498 1218 3554 terrenis
1237 3498 1304 3553 ad
1333 3498 1572 3554 coelestia
1601 3498 1893 3554 transfera-

311 3598 413 3644 tur.
454 3588 567 3644 Sed
590 3589 758 3644 etiam
783 3603 1018 3657 prtesens
1042 3589 1151 3643 vita
1178 3603 1274 3659 per
1308 3589 1584 3645 Creatoris
1605 3605 1762 3661 opem
1786 3589 1892 3646 du-

307 3679 466 3744 citur,
517 3687 573 3732 et
616 3694 716 3749 per
766 3677 1355 3748 ipsius'providentiam
1400 3679 1734 3735 sustinetur:
1765 3683 1892 3752 quia

308 3772 447 3827 idem
486 3770 718 3841 largitor
758 3777 842 3825 est
890 3769 1298 3840 temporalium,
1341 3772 1433 3842 qui
1471 3773 1770 3841 promissor
1809 3785 1895 3830 est

305 3875 657 3920 aeternorum.
714 3862 984 3933 Quidquid
1015 3874 1146 3934 ergo
1177 3862 1245 3917 ad
1278 3880 1405 3919 usus
1436 3865 1712 3921 hominum
1742 3882 1895 3937 sege-

307 3967 407 4023 tes,
450 3956 644 4021 vineze,
682 3954 921 4024 oleaeque
957 3954 1285 4026 pepererint,
1311 3964 1482 4012 totum
1517 3958 1618 4013 hoc
1652 3973 1684 4012 a
1713 3958 1892 4013 divina

308 4049 548 4103 bonitate
579 4043 857 4117 profluxit,
895 4060 1031 4114 quae,
1074 4044 1457 4102 elementorum
1506 4046 1762 4116 qualitate
1801 4061 1895 4100 va-

311 4139 464 4199 riata,
497 4137 693 4191 dubios
729 4134 1087 4206 agricolarum
1113 4135 1328 4192 labores
1350 4136 1644 4191 clementer
1668 4134 1891 4204 adjuvit,

311 4239 370 4283 ut
407 4227 734 4284 utilitatibus
771 4226 972 4281 nostris
1021 4228 1167 4282 venti
1213 4236 1269 4281 et
1314 4226 1514 4281 imbres
1538 4266 1552 4291 ,
1598 4224 1796 4297 frigora
1840 4236 1898 4281 et

311 4330 495 4385 estus,
523 4320 750 4390 diesque
783 4326 1076 4389 noctesque
1110 4317 1392 4372 servirent.
1447 4316 1564 4373 Non
1601 4318 1745 4373 enim
1793 4318 1893 4373 sibi

312 4413 378 4467 ad
402 4412 631 4467 effectus
653 4426 878 4482 operum
908 4424 1127 4466 suorum
1153 4410 1293 4465 ratio
1329 4410 1561 4464 humana
1606 4409 1893 4474 sufﬁceret,

1986 1874 2106 1914 mus
2144 1877 2155 1912 :
2193 1859 2495 1928 repleamus
2536 1859 2819 1913 thesauros
2847 1852 2963 1924 ejus
2992 1857 3326 1913 diversorum
3372 1875 3567 1914 mune-

1986 1965 2103 2004 rum
2137 1949 2314 2015 donis,
2345 1956 2405 2003 ut
2439 1949 2493 2003 in
2528 1949 2615 2003 die
2653 1957 2837 2002 sancta
2865 1948 2936 2003 sit
2962 1948 3102 2003 unde
3133 1949 3402 2019 peregrini
3428 1950 3572 2004 acci-

1986 2042 2158 2111 piant,
2186 2041 2499 2096 reficiantur
2518 2040 2711 2105 vidute,
2742 2054 3008 2110 pauperes
3037 2039 3360 2104 vestiantur,
3388 2048 3447 2094 ut
3476 2055 3573 2110 per

1986 2130 2185 2186 multos
2209 2131 2506 2201 gratiarum
2530 2130 2672 2186 actio
2702 2128 2971 2185 referatur
3010 2129 3124 2185 Deo
3169 2145 3269 2200 pro
3307 2132 3482 2197 nobis,
3519 2140 3576 2186 et

1987 2220 2084 2276 ﬁat
2130 2222 2331 2278 oblatio
2383 2230 2568 2277 nostra
2619 2220 2954 2277 sanctificata
3009 2220 3065 2275 in
3112 2219 3314 2292 Spiritu
3365 2230 3573 2277 sancto.

1987 2308 2189 2378 Quarta
2221 2310 2386 2382 igitur
2417 2320 2473 2366 et
2500 2318 2652 2366 sexta
2691 2310 2825 2365 feria
2853 2309 2909 2364 in
2942 2309 3197 2379 przesenti
3241 2310 3576 2368 liebdomada

1981 2400 2288 2471 jejunemus
2321 2415 2337 2455 :
2368 2399 2595 2455 sabbato
2619 2408 2800 2454 autem
2824 2399 2983 2470 digne
3006 2397 3210 2469 jejunia
3233 2401 3577 2457 exsolventes

1988 2490 2478 2547 sacratissimarum
2507 2489 2767 2545 solemnia
2789 2489 2927 2559 apud
2951 2497 3261 2543 sanctorum
3288 2490 3568 2561 reliquias,

1989 2583 2080 2655 qui
2104 2582 2159 2637 in
2186 2582 2289 2637 hoc
2308 2592 2498 2637 sancto
2520 2581 2639 2637 loco
2659 2589 3002 2647 venerantur,
3026 2581 3186 2636 simul
3208 2582 3575 2641 celebremus:

1989 2683 2045 2730 et
2079 2674 2316 2729 maxime
2348 2675 2489 2745 apud
2510 2673 2684 2729 sancti
2713 2673 2860 2728 Petri
2883 2673 3108 2743 apostoli
3138 2675 3478 2740 memoriam,
3508 2676 3579 2730 ad

1990 2766 2143 2839 cujus
2175 2766 2602 2822 sacratissimum
2641 2780 2836 2834 corpus
2876 2764 3032 2819 istius
3058 2764 3164 2819 diei
3199 2762 3433 2820 ollicium
3462 2766 3577 2821 Ilo--

1990 2874 2150 2915 mana
2196 2858 2455 2930 persolvit
2507 2857 2767 2912 Ecclesia.
2832 2855 2931 2911 llic
2979 2855 3144 2927 igitur
3198 2856 3578 2911 sanctissimus

1990 2948 2266 3020 apostolus
2310 2963 2433 3004 cum
2477 2948 2688 3003 caeteris
2732 2946 2936 3001 sanctis
2983 2945 3077 3000 Dei
3108 2937 3231 3017 ‘(sic
3266 2947 3580 3016 experimur

1991 3049 2049 3097 et
2072 3038 2365 3113 credimus)
2393 3054 2493 3110 pro
2519 3037 2908 3094 commendatis
2940 3037 3040 3092 sibi
3070 3052 3100 3091 a
3129 3037 3355 3093 Domino
3385 3038 3578 3093 ovibus

1914 3123 1959 3185 C
1990 3133 2359 3189 indesinenter
2392 3131 2699 3202 pastorales
2730 3130 3020 3203 praetendit
3066 3128 3343 3195 excubias,
3389 3145 3583 3185 exora-

1989 3228 2142 3277 turus
2167 3221 2633 3292 deprecationibus
2654 3219 2768 3275 suis
2787 3227 2849 3274 ut
2869 3219 3109 3275 Ecclesia
3131 3220 3246 3285 Dei,
3268 3236 3389 3291 qua:
3413 3221 3585 3292 ipsius

1988 3320 2072 3368 est
2096 3311 2570 3381 prmdicationibus
2600 3311 2846 3366 instituta
2867 3351 2883 3377 ,
2911 3311 2980 3367 ab
3007 3311 3155 3366 omni
3188 3326 3374 3368 errore
3414 3313 3482 3368 sit
3520 3312 3585 3366 li-

1989 3401 2121 3457 bera
2153 3410 2210 3458 et
2245 3402 2296 3457 in
2330 3410 2479 3458 recta
2514 3399 2620 3457 fide
2664 3415 2728 3456 ac
2766 3401 2907 3457 bono
2930 3415 3093 3471 opere
3122 3412 3432 3473 perseveret
3454 3403 3585 3459 soli-

1991 3492 2134 3549 data.

2577 3582 2857 3639 HOMILIA
2913 3583 3001 3639 1V.

2190 3695 2256 3733 DE
2297 3693 2491 3733 N.\TALI
2531 3692 2717 3731 DOKINI
2757 3691 2951 3730 NOSTRI
2991 3691 3110 3730 JESU
3147 3691 3381 3731 CHRISTI.

2066 3776 2216 3846 Rogo
2243 3790 2359 3840 vos,
2394 3773 2588 3828 fratres
2613 3772 2938 3837 cbarissimi,
2966 3780 3026 3826 ut
3051 3772 3237 3827 libenti
3265 3773 3446 3830 animo
3468 3791 3586 3832 ser-

1996 3878 2184 3919 mones
2211 3877 2346 3932 quos
2373 3861 2630 3916 Dominus
2664 3860 2834 3925 dabit,
2869 3862 3177 3931 suscipiatis
3226 3863 3282 3917 in
3326 3865 3429 3920 hac
3467 3867 3587 3922 dul-

1997 3954 2214 4010 cissima
2239 3953 2345 4018 die,
2379 3953 2432 4006 in
2468 3966 2575 4021 qua
2604 3952 2947 4022 compunctio
2985 3953 3147 4008 etiam
3187 3952 3493 4012 infidelibus
3526 3966 3585 4015 et

1996 4043 2370 4114 peccatoribus
2417 4044 2564 4097 venit
2605 4060 2618 4097 :
2656 4042 2710 4098 in
2765 4059 2872 4114 qua
2922 4045 3294 4103 misericordia
3345 4051 3587 4121 tangitur

1998 4136 2215 4207 impius,
2245 4135 2455 4191 veniam
2482 4144 2665 4205 sperat
2689 4145 3059 4205 compunctus,
3091 4139 3322 4194 reditum
3351 4156 3456 4195 non
3484 4143 3582 4197 de-

1999 4237 2180 4300 sperat
2208 4229 2472 4299 captivus,
2504 4229 2801 4283 remedium
2833 4230 3104 4286 desiderat
3142 4232 3487 4297 vulneratus;
3528 4235 3585 4288 in

1999 4335 2103 4391 qua
2134 4319 2376 4374 nascitur
2401 4319 2578 4387 Agnus
2617 4319 2706 4389 qui
2746 4318 2880 4373 tollit
2924 4320 3134 4389 peccata
3180 4321 3364 4373 mundi
3400 4322 3581 4392 (Jonn.

2001 4411 2066 4483 ι).
2107 4410 2354 4467 Christus
2388 4410 2573 4479 utique
2610 4408 2860 4464 Salvator
2885 4418 3091 4473 noster,
3122 4410 3174 4462 in
3204 4409 3360 4478 cujus
3390 4414 3587 4467 nativi-

314 4505 415 4559 nisi
462 4474 889 4573 plantationibus
921 4512 978 4559 et
1013 4502 1364 4573 rigationibus
1403 4502 1578 4557 solitis
1623 4502 1762 4558 Deus
1810 4504 1892 4558 in-
1924 4474 1973 4533 θ
2001 4474 2130 4567 tate,
2171 4500 2263 4571 qui
2296 4474 2678 4555 conscientiam
2716 4512 2961 4553 securam
2993 4498 3174 4564 habet,
3212 4474 3421 4555 dulcius
3452 4516 3586 4573 gau-

314 4584 590 4649 cremeut'a
620 4597 905 4663 pratberet.
966 4592 1116 4648 Unde
1146 4591 1360 4661 plenum
1386 4592 1604 4661 pietatis
1627 4600 1789 4662 atque
1805 4591 1892 4661 ju-

315 4685 483 4739 stitia:
523 4693 628 4747 est,
682 4693 745 4739 ut
785 4684 975 4738 dehis
1011 4698 1131 4752 qua:
1160 4682 1316 4737 nobis
1345 4682 1580 4737 caelestis
1603 4682 1765 4738 Pater
1786 4684 1891 4737 mi-

316 4770 667 4825 sericorditer
704 4769 951 4834 contulit,
1003 4784 1101 4824 nos
1140 4784 1353 4839 quoque
1384 4769 1520 4825 alios
1559 4770 1890 4840 adjuvemus.

318 4859 468 4915 Sicut
501 4859 684 4932 [Sunt]
715 4860 861 4915 enim
891 4859 1104 4930 plurimi
1132 4860 1224 4929 qui
1255 4859 1456 4914 nullam
1485 4861 1540 4915 in
1580 4860 1741 4931 agris,
1775 4860 1894 4914 nul-

320 4954 427 5007 tam
467 4955 518 5007 in
569 4953 760 5018 vineis,
805 4953 1004 5007 nullam
1053 4953 1252 5008 habent
1300 4954 1354 5008 in
1397 4953 1530 5009 oleis
1572 4954 1893 5023 portionem,

319 5060 548 5115 quorum
593 5045 807 5115 impiae,
838 5045 904 5099 de
933 5058 998 5098 ea
1044 5058 1206 5113 quam
1243 5043 1502 5098 Dominus
1538 5043 1683 5099 dedit
1718 5044 1893 5113 copia,

318 5137 704 5192 consulendum
733 5145 845 5200 est;
875 5146 933 5189 ut
963 5144 1018 5190 et
1042 5135 1140 5206 ipsi
1166 5135 1447 5190 nobiscum
1474 5135 1584 5189 Deo
1609 5150 1709 5204 pro
1739 5144 1897 5191 terrm

320 5228 649 5284 fecunditate
695 5229 1045 5290 benedieant,
1092 5235 1147 5282 et
1188 5227 1453 5296 gaudeant
1499 5226 1897 5295 possidentibus

321 5320 487 5378 fuisse
528 5323 744 5385 donata,
791 5336 913 5392 quae
943 5323 1105 5377 etiam
1148 5321 1472 5390 pauperibus
1501 5335 1565 5375 ac
1599 5319 1899 5390 peregrinis

320 5413 539 5470 fuerunt
580 5414 719 5471 facta
763 5415 1089 5471 communia.
1150 5412 1297 5480 Quos
1350 5411 1471 5467 ideo
1521 5412 1622 5467 sub
1670 5410 1898 5465 diversis

318 5507 580 5563 molestiis
602 5506 813 5575 iustitia
843 5507 937 5562 Dei
967 5507 1214 5561 laborare
1246 5504 1513 5575 permisit,
1550 5512 1610 5558 ut
1645 5510 1701 5557 et
1737 5503 1901 5558 mise-

320 5612 412 5651 ros
436 5613 537 5668 pro
557 5597 814 5669 patientia
839 5636 853 5662 ,
885 5606 939 5652 et
961 5595 1339 5651 misericordes
1380 5609 1480 5666 pro
1526 5593 1898 5649 benevolentia

1998 4593 2120 4657 det;
2169 4591 2262 4661 qui
2300 4591 2575 4654 miseram,
2613 4588 2870 4642 attentius
2911 4588 3096 4651 timet;
3138 4591 3231 4659 qui
3271 4592 3444 4647 bonus
3478 4602 3585 4657 est,

1999 4683 2291 4738 all‘ectuose
2314 4690 2464 4747 orat;
2493 4681 2584 4750 qui
2611 4686 2885 4749 peccator,
2916 4681 3259 4736 devotissime
3285 4682 3582 4752 supplicat:

1999 4773 2170 4829 dulcis
2197 4773 2333 4836 dies,
2357 4786 2484 4825 vere
2519 4769 2709 4833 dulcis,
2740 4778 2791 4824 et
2819 4772 3030 4826 cunctis
3065 4774 3453 4842 paenitentibus
3486 4791 3583 4833 ve-

2000 4865 2144 4918 niam
2172 4871 2412 4932 portans.
2456 4861 2719 4917 Promitto
2740 4863 2913 4927 vobis,
2949 4863 3116 4928 filioli,
3145 4874 3200 4919 et
3225 4874 3408 4921 certus
3439 4883 3584 4932 sum,

2002 4957 2126 5026 quia
2153 4957 2206 5011 in
2233 4958 2335 5011 hac
2364 4956 2451 5011 die
2473 4957 2518 5011 si
2550 4957 2671 5026 quis
2693 4973 2759 5013 ex
2783 4958 2945 5012 corde
2967 4960 3301 5029 paenituerit,
3329 4970 3382 5018 et
3403 4963 3469 5017 ad
3491 4978 3587 5018 vo.

2003 5048 2192 5103 mitum
2230 5048 2436 5119 peccati
2474 5064 2724 5105 reversus
2750 5065 2854 5104 non
2881 5050 3062 5117 fuerit,
3094 5055 3456 5125 quodcunque
3483 5070 3582 5125 pe-

2002 5140 2149 5194 tierit
2175 5140 2390 5195 dabitur
2418 5139 2488 5205 ei,
2518 5148 2725 5194 tantum
2753 5140 2856 5193 fide
2894 5156 2961 5195 ne
3003 5142 3211 5198 dubitet
3242 5153 3405 5216 atque
3443 5146 3587 5201 dele-

2002 5231 2294 5286 ctationem
2337 5246 2444 5285 non
2487 5239 2708 5300 repetat.
2764 5231 2934 5286 Hodie
2968 5234 3135 5289 totius
3169 5236 3354 5290 mundi
3396 5251 3589 5306 pecca-

2004 5330 2115 5374 tum
2147 5320 2367 5384 tollitur,
2397 5328 2450 5375 et
2474 5329 2724 5390 peccator
2749 5322 3043 5391 desperat?
3079 5322 3187 5380 Sed
3210 5326 3389 5380 videte
3410 5325 3588 5395 qualis

2003 5425 2123 5465 esse
2154 5409 2347 5464 debeat
2365 5410 2699 5479 pmnitentia,
2730 5412 2854 5480 quia
2884 5412 3038 5467 multi
3065 5414 3278 5469 assidue
3313 5430 3371 5470 se
3402 5410 3589 5469 dicunt

2005 5513 2333 5571 peccatores,
2359 5508 2416 5554 et
2442 5510 2619 5556 tamen
2650 5501 2826 5556 adhuc
2862 5501 2981 5557 illos
3032 5502 3264 5559 delectat
3308 5517 3536 5574 peccare
3571 5522 3585 5559 :

2004 5590 2268 5664 professio
2293 5598 2378 5646 est
2403 5591 2567 5659 istud,
2598 5607 2705 5649 non
2727 5594 3060 5661 emendatio;
3085 5603 3369 5649 accusatur
3388 5594 3582 5657 anima,

389 5730 414 5757 ι
461 5715 535 5769 Px
585 5730 835 5772 sermone
882 5712 1077 5769 Leonis
1123 5711 1300 5785 Magni
1351 5714 1416 5769 de
1462 5709 1663 5783 jejunio
1707 5709 1898 5767 decimi
1937 5709 2159 5774 mensis,
2194 5706 2416 5780 passim.
