  <div class='ocr_page' id='page_1' title='image "/cluster/home/n/w/nwhite01/storage/ocr_20150623/110/hvd.32044054759758/013.png"; bbox 0 0 4040 6188; ppageno 0'>
   <div class='ocr_carea' id='block_1_1' title="bbox 402 278 488 334">
    <p class='ocr_par' dir='ltr' id='par_1_1' title="bbox 402 278 488 334">
     <span class='ocr_line' id='line_1_1' title="bbox 402 278 488 334; baseline 0.023 -2"><span class='ocrx_word' id='word_1_1' title='bbox 402 278 488 334; x_wconf 75' lang='lat'><strong>&quot;15</strong></span> 
     </span>
    </p>
   </div>
   <div class='ocr_carea' id='block_1_2' title="bbox 1047 257 3684 342">
    <p class='ocr_par' dir='ltr' id='par_1_2' title="bbox 1047 257 3684 342">
     <span class='ocr_line' id='line_1_2' title="bbox 1047 257 3684 342; baseline -0.004 -17"><span class='ocrx_word' id='word_1_2' title='bbox 1047 271 1118 342; x_wconf 79' lang='grc' dir='ltr'><strong>Β.</strong></span> <span class='ocrx_word' id='word_1_3' title='bbox 1161 268 1413 324; x_wconf 71' lang='lat' dir='ltr'><strong>BABANI</strong></span> <span class='ocrx_word' id='word_1_4' title='bbox 1452 264 1668 324; x_wconf 79' lang='lat' dir='ltr'><strong>MAURI</strong></span> <span class='ocrx_word' id='word_1_5' title='bbox 1706 262 2021 320; x_wconf 80' lang='lat' dir='ltr'><strong>ARCHIEP.</strong></span> <span class='ocrx_word' id='word_1_6' title='bbox 2064 259 2373 317; x_wconf 77' lang='lat' dir='ltr'><strong>MOGUNT.</strong></span> <span class='ocrx_word' id='word_1_7' title='bbox 2414 257 2696 314; x_wconf 73' lang='lat' dir='ltr'><strong>OPERUM</strong></span> <span class='ocrx_word' id='word_1_8' title='bbox 2735 257 2912 312; x_wconf 79' lang='lat' dir='ltr'><strong>PARS</strong></span> <span class='ocrx_word' id='word_1_9' title='bbox 2950 257 3014 314; x_wconf 85' lang='lat' dir='ltr'><strong>ll.</strong></span> <span class='ocrx_word' id='word_1_10' title='bbox 3622 259 3684 314; x_wconf 58' lang='lat' dir='ltr'><strong>l5</strong></span> 
     </span>
    </p>
   </div>
   <div class='ocr_carea' id='block_1_3' title="bbox 418 367 3691 445">
    <p class='ocr_par' dir='ltr' id='par_1_3' title="bbox 418 367 3691 445">
     <span class='ocr_line' id='line_1_3' title="bbox 418 367 3691 445; baseline -0.005 -1"><span class='ocrx_word' id='word_1_11' title='bbox 418 405 527 445; x_wconf 90' lang='lat' dir='ltr'><strong>non</strong></span> <span class='ocrx_word' id='word_1_12' title='bbox 571 395 810 443; x_wconf 88' lang='lat' dir='ltr'><strong>sanatur.</strong></span> <span class='ocrx_word' id='word_1_13' title='bbox 857 385 1232 440; x_wconf 70' lang='lat' dir='ltr'><strong>Pmnitcntiam</strong></span> <span class='ocrx_word' id='word_1_14' title='bbox 1277 391 1480 436; x_wconf 70' lang='lat' dir='ltr'><strong>certam</strong></span> <span class='ocrx_word' id='word_1_15' title='bbox 1532 393 1637 436; x_wconf 90' lang='lat' dir='ltr'><strong>non</strong></span> <span class='ocrx_word' id='word_1_16' title='bbox 1683 376 1842 441; x_wconf 89' lang='lat' dir='ltr'><strong>facit,</strong></span> <span class='ocrx_word' id='word_1_17' title='bbox 1897 374 1999 428; x_wconf 84' lang='lat' dir='ltr'><strong>nisi</strong></span> <span class='ocrx_word' id='word_1_18' title='bbox 2029 377 2081 436; x_wconf 88' lang='grc' dir='ltr'>Λ</span> <span class='ocrx_word' id='word_1_19' title='bbox 2105 379 2160 428; x_wconf 90' lang='lat' dir='ltr'><strong>et</strong></span> <span class='ocrx_word' id='word_1_20' title='bbox 2179 369 2384 441; x_wconf 92' lang='lat' dir='ltr'><strong>Spiritu</strong></span> <span class='ocrx_word' id='word_1_21' title='bbox 2413 376 2601 424; x_wconf 90' lang='lat' dir='ltr'><strong>saneto</strong></span> <span class='ocrx_word' id='word_1_22' title='bbox 2626 369 2758 424; x_wconf 87' lang='lat' dir='ltr'><strong>vivit</strong></span> <span class='ocrx_word' id='word_1_23' title='bbox 2784 377 2840 424; x_wconf 89' lang='lat' dir='ltr'><strong>et</strong></span> <span class='ocrx_word' id='word_1_24' title='bbox 2858 376 3045 439; x_wconf 88' lang='lat' dir='ltr'><strong>regnat</strong></span> <span class='ocrx_word' id='word_1_25' title='bbox 3065 367 3224 433; x_wconf 87' lang='lat' dir='ltr'><strong>Deus,</strong></span> <span class='ocrx_word' id='word_1_26' title='bbox 3247 383 3348 439; x_wconf 85' lang='lat' dir='ltr'><strong>per</strong></span> <span class='ocrx_word' id='word_1_27' title='bbox 3371 369 3554 426; x_wconf 82' lang='lat' dir='ltr'><strong>omnia</strong></span> <span class='ocrx_word' id='word_1_28' title='bbox 3587 385 3691 428; x_wconf 51' lang='lat' dir='ltr'><strong>sa.»</strong></span> 
     </span>
    </p>
   </div>
   <div class='ocr_carea' id='block_1_4' title="bbox 418 465 1995 547">
    <p class='ocr_par' dir='ltr' id='par_1_4' title="bbox 418 465 1995 547">
     <span class='ocr_line' id='line_1_4' title="bbox 418 465 1995 547; baseline -0.011 -14"><span class='ocrx_word' id='word_1_29' title='bbox 418 479 599 533; x_wconf 85' lang='lat' dir='ltr'><strong>odium</strong></span> <span class='ocrx_word' id='word_1_30' title='bbox 629 475 834 547; x_wconf 86' lang='lat' dir='ltr'><strong>peccati</strong></span> <span class='ocrx_word' id='word_1_31' title='bbox 862 483 916 529; x_wconf 87' lang='lat' dir='ltr'><strong>et</strong></span> <span class='ocrx_word' id='word_1_32' title='bbox 943 487 1094 528; x_wconf 89' lang='lat' dir='ltr'><strong>amor</strong></span> <span class='ocrx_word' id='word_1_33' title='bbox 1125 473 1240 534; x_wconf 85' lang='lat' dir='ltr'><strong>Dei,</strong></span> <span class='ocrx_word' id='word_1_34' title='bbox 1277 471 1492 540; x_wconf 80' lang='lat' dir='ltr'><strong>quando</strong></span> <span class='ocrx_word' id='word_1_35' title='bbox 1539 469 1619 524; x_wconf 91' lang='lat' dir='ltr'><strong>sic</strong></span> <span class='ocrx_word' id='word_1_36' title='bbox 1663 465 1995 522; x_wconf 82' lang='lat' dir='ltr'><strong>convertitur</strong></span> 
     </span>
    </p>
   </div>
   <div class='ocr_carea' id='block_1_5' title="bbox 416 560 1992 639">
    <p class='ocr_par' dir='ltr' id='par_1_5' title="bbox 416 560 1992 639">
     <span class='ocr_line' id='line_1_5' title="bbox 416 560 1992 639; baseline -0.008 -17"><span class='ocrx_word' id='word_1_37' title='bbox 416 570 557 639; x_wconf 87' lang='lat' dir='ltr'><strong>quis,</strong></span> <span class='ocrx_word' id='word_1_38' title='bbox 598 577 657 623; x_wconf 92' lang='lat' dir='ltr'><strong>ut</strong></span> <span class='ocrx_word' id='word_1_39' title='bbox 691 583 796 622; x_wconf 88' lang='lat' dir='ltr'><strong>non</strong></span> <span class='ocrx_word' id='word_1_40' title='bbox 833 573 1162 628; x_wconf 81' lang='lat' dir='ltr'><strong>revertatur;</strong></span> <span class='ocrx_word' id='word_1_41' title='bbox 1190 564 1402 633; x_wconf 84' lang='lat' dir='ltr'><strong>quando</strong></span> <span class='ocrx_word' id='word_1_42' title='bbox 1429 561 1507 616; x_wconf 91' lang='lat' dir='ltr'><strong>sic</strong></span> <span class='ocrx_word' id='word_1_43' title='bbox 1533 560 1775 632; x_wconf 66' lang='lat' dir='ltr'><strong>paenitet,</strong></span> <span class='ocrx_word' id='word_1_44' title='bbox 1804 566 1992 612; x_wconf 88' lang='lat' dir='ltr'><strong>utnon</strong></span> 
     </span>
    </p>
   </div>
   <div class='ocr_carea' id='block_1_6' title="bbox 418 648 1990 731">
    <p class='ocr_par' dir='ltr' id='par_1_6' title="bbox 418 648 1990 731">
     <span class='ocr_line' id='line_1_6' title="bbox 418 648 1990 731; baseline -0.009 -15"><span class='ocrx_word' id='word_1_45' title='bbox 418 669 644 731; x_wconf 80' lang='lat' dir='ltr'><strong>repetat.</strong></span> <span class='ocrx_word' id='word_1_46' title='bbox 692 659 957 715; x_wconf 80' lang='lat' dir='ltr'><strong>Nasecnte</strong></span> <span class='ocrx_word' id='word_1_47' title='bbox 990 657 1148 712; x_wconf 85' lang='lat' dir='ltr'><strong>hodie</strong></span> <span class='ocrx_word' id='word_1_48' title='bbox 1170 655 1413 717; x_wconf 85' lang='lat' dir='ltr'><strong>Domino,</strong></span> <span class='ocrx_word' id='word_1_49' title='bbox 1442 652 1636 708; x_wconf 84' lang='lat' dir='ltr'><strong>fratres</strong></span> <span class='ocrx_word' id='word_1_50' title='bbox 1667 648 1990 711; x_wconf 85' lang='lat' dir='ltr'><strong>charissimi,</strong></span> 
     </span>
    </p>
   </div>
   <div class='ocr_carea' id='block_1_7' title="bbox 417 744 1993 825">
    <p class='ocr_par' dir='ltr' id='par_1_7' title="bbox 417 744 1993 825">
     <span class='ocr_line' id='line_1_7' title="bbox 417 744 1993 825; baseline -0.008 -16"><span class='ocrx_word' id='word_1_51' title='bbox 417 755 791 825; x_wconf 83' lang='lat' dir='ltr'><strong>promittamus</strong></span> <span class='ocrx_word' id='word_1_52' title='bbox 825 752 923 822; x_wconf 89' lang='lat' dir='ltr'><strong>ipsi</strong></span> <span class='ocrx_word' id='word_1_53' title='bbox 954 748 1295 819; x_wconf 85' lang='lat' dir='ltr'><strong>Redemptori</strong></span> <span class='ocrx_word' id='word_1_54' title='bbox 1335 755 1518 802; x_wconf 86' lang='lat' dir='ltr'><strong>nostro</strong></span> <span class='ocrx_word' id='word_1_55' title='bbox 1550 756 1675 800; x_wconf 84' lang='lat' dir='ltr'><strong>vota</strong></span> <span class='ocrx_word' id='word_1_56' title='bbox 1712 756 1767 800; x_wconf 88' lang='lat' dir='ltr'><strong>et</strong></span> <span class='ocrx_word' id='word_1_57' title='bbox 1797 744 1993 799; x_wconf 90' lang='lat' dir='ltr'><strong>redda-</strong></span> 
     </span>
    </p>
   </div>
   <div class='ocr_carea' id='block_1_8' title="bbox 417 835 1992 912">
    <p class='ocr_par' dir='ltr' id='par_1_8' title="bbox 417 835 1992 912">
     <span class='ocr_line' id='line_1_8' title="bbox 417 835 1992 912; baseline -0.008 -11"><span class='ocrx_word' id='word_1_58' title='bbox 417 862 560 912; x_wconf 86' lang='lat' dir='ltr'><strong>mus,</strong></span> <span class='ocrx_word' id='word_1_59' title='bbox 591 847 729 901; x_wconf 88' lang='lat' dir='ltr'><strong>sicut</strong></span> <span class='ocrx_word' id='word_1_60' title='bbox 753 844 1012 912; x_wconf 89' lang='lat' dir='ltr'><strong>scriptum</strong></span> <span class='ocrx_word' id='word_1_61' title='bbox 1041 849 1125 896; x_wconf 86' lang='lat' dir='ltr'><strong>est</strong></span> <span class='ocrx_word' id='word_1_62' title='bbox 1158 858 1171 894; x_wconf 93' lang='lat'><strong>:</strong></span> <span class='ocrx_word' id='word_1_63' title='bbox 1211 838 1395 894; x_wconf 82' lang='lat' dir='ltr'><strong>Vovete</strong></span> <span class='ocrx_word' id='word_1_64' title='bbox 1438 847 1485 893; x_wconf 87' lang='lat' dir='ltr'><strong>et</strong></span> <span class='ocrx_word' id='word_1_65' title='bbox 1529 838 1728 891; x_wconf 77' lang='lat' dir='ltr'><strong>reddite</strong></span> <span class='ocrx_word' id='word_1_66' title='bbox 1769 835 1992 890; x_wconf 83' lang='lat' dir='ltr'><strong>Domino</strong></span> 
     </span>
    </p>
   </div>
   <div class='ocr_carea' id='block_1_9' title="bbox 421 925 1994 1006">
    <p class='ocr_par' dir='ltr' id='par_1_9' title="bbox 421 925 1994 1006">
     <span class='ocr_line' id='line_1_9' title="bbox 421 925 1994 1006; baseline -0.008 -18"><span class='ocrx_word' id='word_1_67' title='bbox 421 936 528 991; x_wconf 84' lang='lat' dir='ltr'><strong>Deo</strong></span> <span class='ocrx_word' id='word_1_68' title='bbox 555 944 718 991; x_wconf 74' lang='lat' dir='ltr'><strong>vestro</strong></span> <span class='ocrx_word' id='word_1_69' title='bbox 757 931 1154 1006; x_wconf 40' lang='lat' dir='ltr'><strong>(Psalutxxv);</strong></span> <span class='ocrx_word' id='word_1_70' title='bbox 1189 946 1288 986; x_wconf 91' lang='lat' dir='ltr'><strong>nos</strong></span> <span class='ocrx_word' id='word_1_71' title='bbox 1321 929 1549 984; x_wconf 86' lang='lat' dir='ltr'><strong>dulciter</strong></span> <span class='ocrx_word' id='word_1_72' title='bbox 1579 936 1634 981; x_wconf 91' lang='lat' dir='ltr'><strong>et</strong></span> <span class='ocrx_word' id='word_1_73' title='bbox 1661 925 1994 982; x_wconf 85' lang='lat' dir='ltr'><strong>confidenter</strong></span> 
     </span>
    </p>
   </div>
   <div class='ocr_carea' id='block_1_10' title="bbox 419 1014 1992 1091">
    <p class='ocr_par' dir='ltr' id='par_1_10' title="bbox 419 1014 1992 1091">
     <span class='ocr_line' id='line_1_10' title="bbox 419 1014 1992 1091; baseline -0.004 -17"><span class='ocrx_word' id='word_1_74' title='bbox 419 1038 732 1088; x_wconf 85' lang='lat' dir='ltr'><strong>voveamus,</strong></span> <span class='ocrx_word' id='word_1_75' title='bbox 755 1022 844 1078; x_wconf 92' lang='lat' dir='ltr'><strong>ille</strong></span> <span class='ocrx_word' id='word_1_76' title='bbox 869 1021 1016 1077; x_wconf 85' lang='lat' dir='ltr'><strong>dabit</strong></span> <span class='ocrx_word' id='word_1_77' title='bbox 1042 1019 1446 1091; x_wconf 85' lang='lat' dir='ltr'><strong>possibilitatem</strong></span> <span class='ocrx_word' id='word_1_78' title='bbox 1471 1025 1532 1070; x_wconf 90' lang='lat' dir='ltr'><strong>ut</strong></span> <span class='ocrx_word' id='word_1_79' title='bbox 1555 1016 1778 1070; x_wconf 83' lang='lat' dir='ltr'><strong>reddere</strong></span> <span class='ocrx_word' id='word_1_80' title='bbox 1815 1014 1992 1084; x_wconf 83' lang='lat' dir='ltr'><strong>possi-</strong></span> 
     </span>
    </p>
   </div>
   <div class='ocr_carea' id='block_1_11' title="bbox 415 1103 1994 1182">
    <p class='ocr_par' dir='ltr' id='par_1_11' title="bbox 415 1103 1994 1182">
     <span class='ocr_line' id='line_1_11' title="bbox 415 1103 1994 1182; baseline -0.007 -12"><span class='ocrx_word' id='word_1_81' title='bbox 415 1129 557 1182; x_wconf 81' lang='lat' dir='ltr'><strong>mus,</strong></span> <span class='ocrx_word' id='word_1_82' title='bbox 603 1120 702 1168; x_wconf 79' lang='lat' dir='ltr'><strong>nos</strong></span> <span class='ocrx_word' id='word_1_83' title='bbox 756 1119 934 1167; x_wconf 89' lang='lat' dir='ltr'><strong>tamen</strong></span> <span class='ocrx_word' id='word_1_84' title='bbox 981 1109 1241 1180; x_wconf 83' lang='lat' dir='ltr'><strong>quidquid</strong></span> <span class='ocrx_word' id='word_1_85' title='bbox 1286 1107 1360 1162; x_wconf 91' lang='lat' dir='ltr'><strong>illi</strong></span> <span class='ocrx_word' id='word_1_86' title='bbox 1401 1106 1784 1178; x_wconf 87' lang='lat' dir='ltr'><strong>promittimus,</strong></span> <span class='ocrx_word' id='word_1_87' title='bbox 1812 1103 1880 1158; x_wconf 85' lang='lat' dir='ltr'><strong>de</strong></span> <span class='ocrx_word' id='word_1_88' title='bbox 1904 1103 1994 1159; x_wconf 90' lang='lat' dir='ltr'><strong>illo</strong></span> 
     </span>
    </p>
   </div>
   <div class='ocr_carea' id='block_1_12' title="bbox 418 1194 1993 1272">
    <p class='ocr_par' dir='ltr' id='par_1_12' title="bbox 418 1194 1993 1272">
     <span class='ocr_line' id='line_1_12' title="bbox 418 1194 1993 1272; baseline -0.007 -15"><span class='ocrx_word' id='word_1_89' title='bbox 418 1215 714 1272; x_wconf 79' lang='lat' dir='ltr'><strong>speremus.</strong></span> <span class='ocrx_word' id='word_1_90' title='bbox 773 1200 878 1256; x_wconf 85' lang='lat' dir='ltr'><strong>Sed</strong></span> <span class='ocrx_word' id='word_1_91' title='bbox 907 1200 960 1254; x_wconf 90' lang='lat' dir='ltr'><strong>in</strong></span> <span class='ocrx_word' id='word_1_92' title='bbox 999 1199 1098 1254; x_wconf 86' lang='lat' dir='ltr'><strong>hac</strong></span> <span class='ocrx_word' id='word_1_93' title='bbox 1131 1197 1485 1268; x_wconf 88' lang='lat' dir='ltr'><strong>promissione</strong></span> <span class='ocrx_word' id='word_1_94' title='bbox 1514 1194 1879 1250; x_wconf 66' lang='lat' dir='ltr'><strong>nonqrstimet</strong></span> <span class='ocrx_word' id='word_1_95' title='bbox 1907 1207 1993 1246; x_wconf 89' lang='lat' dir='ltr'><strong>me</strong></span> 
     </span>
    </p>
   </div>
   <div class='ocr_carea' id='block_1_13' title="bbox 417 1284 1993 1363">
    <p class='ocr_par' dir='ltr' id='par_1_13' title="bbox 417 1284 1993 1363">
     <span class='ocr_line' id='line_1_13' title="bbox 417 1284 1993 1363; baseline -0.006 -16"><span class='ocrx_word' id='word_1_96' title='bbox 417 1292 613 1363; x_wconf 81' lang='lat' dir='ltr'><strong>aliquis</strong></span> <span class='ocrx_word' id='word_1_97' title='bbox 636 1291 916 1361; x_wconf 83' lang='lat' dir='ltr'><strong>designare</strong></span> <span class='ocrx_word' id='word_1_98' title='bbox 950 1305 1037 1344; x_wconf 90' lang='lat' dir='ltr'><strong>res</strong></span> <span class='ocrx_word' id='word_1_99' title='bbox 1062 1289 1292 1343; x_wconf 84' lang='lat' dir='ltr'><strong>caducas</strong></span> <span class='ocrx_word' id='word_1_100' title='bbox 1327 1297 1382 1343; x_wconf 91' lang='lat' dir='ltr'><strong>et</strong></span> <span class='ocrx_word' id='word_1_101' title='bbox 1423 1297 1696 1351; x_wconf 87' lang='lat' dir='ltr'><strong>terrenas;</strong></span> <span class='ocrx_word' id='word_1_102' title='bbox 1731 1300 1856 1339; x_wconf 89' lang='lat' dir='ltr'><strong>nam</strong></span> <span class='ocrx_word' id='word_1_103' title='bbox 1890 1284 1993 1338; x_wconf 90' lang='lat' dir='ltr'><strong>hoc</strong></span> 
     </span>
    </p>
   </div>
   <div class='ocr_carea' id='block_1_14' title="bbox 405 1375 1991 1450">
    <p class='ocr_par' dir='ltr' id='par_1_14' title="bbox 405 1375 1991 1450">
     <span class='ocr_line' id='line_1_14' title="bbox 405 1375 1991 1450; baseline -0.006 -14"><span class='ocrx_word' id='word_1_104' title='bbox 405 1382 786 1450; x_wconf 78' lang='lat' dir='ltr'><strong>unusquisque</strong></span> <span class='ocrx_word' id='word_1_105' title='bbox 807 1387 1046 1435; x_wconf 88' lang='lat' dir='ltr'><strong>nostrum</strong></span> <span class='ocrx_word' id='word_1_106' title='bbox 1069 1377 1258 1432; x_wconf 80' lang='lat' dir='ltr'><strong>olferat</strong></span> <span class='ocrx_word' id='word_1_107' title='bbox 1281 1378 1421 1447; x_wconf 88' lang='lat' dir='ltr'><strong>quod</strong></span> <span class='ocrx_word' id='word_1_108' title='bbox 1448 1377 1500 1431; x_wconf 92' lang='lat' dir='ltr'><strong>in</strong></span> <span class='ocrx_word' id='word_1_109' title='bbox 1530 1391 1588 1432; x_wconf 90' lang='lat' dir='ltr'><strong>se</strong></span> <span class='ocrx_word' id='word_1_110' title='bbox 1618 1375 1866 1431; x_wconf 85' lang='lat' dir='ltr'><strong>Salvator</strong></span> <span class='ocrx_word' id='word_1_111' title='bbox 1893 1389 1991 1428; x_wconf 90' lang='lat' dir='ltr'><strong>no-</strong></span> 
     </span>
    </p>
   </div>
   <div class='ocr_carea' id='block_1_15' title="bbox 417 1467 1993 1540">
    <p class='ocr_par' dir='ltr' id='par_1_15' title="bbox 417 1467 1993 1540">
     <span class='ocr_line' id='line_1_15' title="bbox 417 1467 1993 1540; baseline -0.004 -14"><span class='ocrx_word' id='word_1_112' title='bbox 417 1481 532 1527; x_wconf 85' lang='lat' dir='ltr'><strong>ster</strong></span> <span class='ocrx_word' id='word_1_113' title='bbox 561 1472 802 1535; x_wconf 89' lang='lat' dir='ltr'><strong>redemit,</strong></span> <span class='ocrx_word' id='word_1_114' title='bbox 830 1471 934 1526; x_wconf 87' lang='lat' dir='ltr'><strong>hoc</strong></span> <span class='ocrx_word' id='word_1_115' title='bbox 957 1479 1037 1524; x_wconf 89' lang='lat' dir='ltr'><strong>est</strong></span> <span class='ocrx_word' id='word_1_116' title='bbox 1063 1471 1294 1524; x_wconf 86' lang='lat' dir='ltr'><strong>animam</strong></span> <span class='ocrx_word' id='word_1_117' title='bbox 1322 1469 1611 1540; x_wconf 89' lang='lat' dir='ltr'><strong>propriam.</strong></span> <span class='ocrx_word' id='word_1_118' title='bbox 1651 1468 1719 1522; x_wconf 90' lang='lat' dir='ltr'><strong>Et</strong></span> <span class='ocrx_word' id='word_1_119' title='bbox 1739 1468 1784 1522; x_wconf 89' lang='lat' dir='ltr'><strong>si</strong></span> <span class='ocrx_word' id='word_1_120' title='bbox 1810 1482 1896 1522; x_wconf 91' lang='lat' dir='ltr'><strong>me</strong></span> <span class='ocrx_word' id='word_1_121' title='bbox 1921 1467 1993 1520; x_wconf 90' lang='lat' dir='ltr'><strong>ita</strong></span> 
     </span>
    </p>
   </div>
   <div class='ocr_carea' id='block_1_16' title="bbox 418 1561 1990 1634">
    <p class='ocr_par' dir='ltr' id='par_1_16' title="bbox 418 1561 1990 1634">
     <span class='ocr_line' id='line_1_16' title="bbox 418 1561 1990 1634; baseline -0.004 -17"><span class='ocrx_word' id='word_1_122' title='bbox 418 1565 718 1634; x_wconf 74' lang='lat' dir='ltr'><strong>interrogas</strong></span> <span class='ocrx_word' id='word_1_123' title='bbox 759 1563 1026 1633; x_wconf 89' lang='lat' dir='ltr'><strong>quomodo</strong></span> <span class='ocrx_word' id='word_1_124' title='bbox 1067 1561 1288 1617; x_wconf 79' lang='lat' dir='ltr'><strong>oll‘eram</strong></span> <span class='ocrx_word' id='word_1_125' title='bbox 1330 1561 1562 1614; x_wconf 88' lang='lat' dir='ltr'><strong>animam</strong></span> <span class='ocrx_word' id='word_1_126' title='bbox 1605 1575 1801 1623; x_wconf 84' lang='lat' dir='ltr'><strong>meam,</strong></span> <span class='ocrx_word' id='word_1_127' title='bbox 1831 1574 1990 1629; x_wconf 89' lang='lat' dir='ltr'><strong>quam</strong></span> 
     </span>
    </p>
   </div>
   <div class='ocr_carea' id='block_1_17' title="bbox 404 1648 1990 1724">
    <p class='ocr_par' dir='ltr' id='par_1_17' title="bbox 404 1648 1990 1724">
     <span class='ocr_line' id='line_1_17' title="bbox 404 1648 1990 1724; baseline -0.006 -14"><span class='ocrx_word' id='word_1_128' title='bbox 404 1656 534 1724; x_wconf 74' lang='lat' dir='ltr'><strong>ipse</strong></span> <span class='ocrx_word' id='word_1_129' title='bbox 569 1653 728 1708; x_wconf 86' lang='lat' dir='ltr'><strong>habet</strong></span> <span class='ocrx_word' id='word_1_130' title='bbox 765 1653 816 1706; x_wconf 90' lang='lat' dir='ltr'><strong>in</strong></span> <span class='ocrx_word' id='word_1_131' title='bbox 851 1659 1136 1721; x_wconf 84' lang='lat' dir='ltr'><strong>potestate,</strong></span> <span class='ocrx_word' id='word_1_132' title='bbox 1168 1651 1341 1706; x_wconf 90' lang='lat' dir='ltr'><strong>dicam</strong></span> <span class='ocrx_word' id='word_1_133' title='bbox 1379 1649 1474 1703; x_wconf 87' lang='lat' dir='ltr'><strong>tibi</strong></span> <span class='ocrx_word' id='word_1_134' title='bbox 1501 1649 1786 1718; x_wconf 88' lang='lat' dir='ltr'><strong>quomodo,</strong></span> <span class='ocrx_word' id='word_1_135' title='bbox 1826 1648 1990 1702; x_wconf 89' lang='lat' dir='ltr'><strong>mori-</strong></span> 
     </span>
    </p>
   </div>
   <div class='ocr_carea' id='block_1_18' title="bbox 2096 460 2812 518">
    <p class='ocr_par' dir='ltr' id='par_1_18' title="bbox 2096 460 2812 518">
     <span class='ocr_line' id='line_1_18' title="bbox 2096 460 2812 518; baseline -0.006 -1"><span class='ocrx_word' id='word_1_136' title='bbox 2096 460 2216 518; x_wconf 90' lang='lat' dir='ltr'><strong>cula</strong></span> <span class='ocrx_word' id='word_1_137' title='bbox 2245 460 2580 517; x_wconf 80' lang='lat' dir='ltr'><strong>szeculorum.</strong></span> <span class='ocrx_word' id='word_1_138' title='bbox 2620 460 2812 514; x_wconf 88' lang='lat' dir='ltr'><strong>Amen.</strong></span> 
     </span>
    </p>
   </div>
   <div class='ocr_carea' id='block_1_19' title="bbox 2691 569 3074 626">
    <p class='ocr_par' dir='ltr' id='par_1_19' title="bbox 2691 569 3074 626">
     <span class='ocr_line' id='line_1_19' title="bbox 2691 569 3074 626; baseline -0.003 -2"><span class='ocrx_word' id='word_1_139' title='bbox 2691 569 2972 626; x_wconf 82' lang='lat' dir='ltr'><strong>HOMILIA</strong></span> <span class='ocrx_word' id='word_1_140' title='bbox 3008 569 3074 624; x_wconf 67' lang='grc' dir='ltr'><strong>ν.</strong></span> 
     </span>
    </p>
   </div>
   <div class='ocr_carea' id='block_1_20' title="bbox 2543 677 3217 718">
    <p class='ocr_par' dir='ltr' id='par_1_20' title="bbox 2543 677 3217 718">
     <span class='ocr_line' id='line_1_20' title="bbox 2543 677 3217 718; baseline 0 0"><span class='ocrx_word' id='word_1_141' title='bbox 2543 679 2673 718; x_wconf 64' lang='grc' dir='ltr'><strong>ιτειί</strong></span> <span class='ocrx_word' id='word_1_142' title='bbox 2701 679 2755 717; x_wconf 77' lang='lat' dir='ltr'><strong>IN</strong></span> <span class='ocrx_word' id='word_1_143' title='bbox 2784 677 2978 717; x_wconf 76' lang='lat' dir='ltr'><strong>NATALI</strong></span> <span class='ocrx_word' id='word_1_144' title='bbox 3011 678 3217 718; x_wconf 69' lang='lat' dir='ltr'><strong>DOIINI.</strong></span> 
     </span>
    </p>
   </div>
   <div class='ocr_carea' id='block_1_21' title="bbox 2164 755 3687 828">
    <p class='ocr_par' dir='ltr' id='par_1_21' title="bbox 2164 755 3687 828">
     <span class='ocr_line' id='line_1_21' title="bbox 2164 755 3687 828; baseline 0.001 -17"><span class='ocrx_word' id='word_1_145' title='bbox 2164 756 2507 812; x_wconf 82' lang='lat' dir='ltr'><strong>Exsultemus</strong></span> <span class='ocrx_word' id='word_1_146' title='bbox 2556 759 2612 811; x_wconf 90' lang='lat' dir='ltr'><strong>in</strong></span> <span class='ocrx_word' id='word_1_147' title='bbox 2661 757 2905 821; x_wconf 90' lang='lat' dir='ltr'><strong>Domino,</strong></span> <span class='ocrx_word' id='word_1_148' title='bbox 2962 755 3318 821; x_wconf 87' lang='lat' dir='ltr'><strong>dilectissimi,</strong></span> <span class='ocrx_word' id='word_1_149' title='bbox 3354 765 3407 812; x_wconf 87' lang='lat' dir='ltr'><strong>et</strong></span> <span class='ocrx_word' id='word_1_150' title='bbox 3461 758 3687 828; x_wconf 80' lang='lat' dir='ltr'><strong>spiritali</strong></span> 
     </span>
    </p>
   </div>
   <div class='ocr_carea' id='block_1_22' title="bbox 2089 845 3688 918">
    <p class='ocr_par' dir='ltr' id='par_1_22' title="bbox 2089 845 3688 918">
     <span class='ocr_line' id='line_1_22' title="bbox 2089 845 3688 918; baseline 0.002 -18"><span class='ocrx_word' id='word_1_151' title='bbox 2089 845 2428 916; x_wconf 84' lang='lat' dir='ltr'><strong>jucunditate</strong></span> <span class='ocrx_word' id='word_1_152' title='bbox 2453 846 2733 901; x_wconf 74' lang='lat' dir='ltr'><strong>lmtemur:</strong></span> <span class='ocrx_word' id='word_1_153' title='bbox 2779 847 2904 916; x_wconf 86' lang='lat' dir='ltr'><strong>quia</strong></span> <span class='ocrx_word' id='word_1_154' title='bbox 2935 846 3107 901; x_wconf 79' lang='lat' dir='ltr'><strong>illuxit</strong></span> <span class='ocrx_word' id='word_1_155' title='bbox 3142 848 3256 902; x_wconf 91' lang='lat' dir='ltr'><strong>dies</strong></span> <span class='ocrx_word' id='word_1_156' title='bbox 3305 848 3688 918; x_wconf 87' lang='lat' dir='ltr'><strong>redemptionis</strong></span> 
     </span>
    </p>
   </div>
   <div class='ocr_carea' id='block_1_23' title="bbox 2093 936 3686 1008">
    <p class='ocr_par' dir='ltr' id='par_1_23' title="bbox 2093 936 3686 1008">
     <span class='ocr_line' id='line_1_23' title="bbox 2093 936 3686 1008; baseline 0.001 -18"><span class='ocrx_word' id='word_1_157' title='bbox 2093 945 2313 1002; x_wconf 60' lang='lat' dir='ltr'><strong>nostrae,</strong></span> <span class='ocrx_word' id='word_1_158' title='bbox 2345 937 2700 1006; x_wconf 89' lang='lat' dir='ltr'><strong>rcparationis</strong></span> <span class='ocrx_word' id='word_1_159' title='bbox 2730 952 2902 1003; x_wconf 61' lang='lat' dir='ltr'><strong>novae,</strong></span> <span class='ocrx_word' id='word_1_160' title='bbox 2932 936 3202 992; x_wconf 90' lang='lat' dir='ltr'><strong>felicitatis</strong></span> <span class='ocrx_word' id='word_1_161' title='bbox 3226 946 3462 1004; x_wconf 70' lang='lat' dir='ltr'><strong>tetcrnte,</strong></span> <span class='ocrx_word' id='word_1_162' title='bbox 3495 939 3548 992; x_wconf 92' lang='lat' dir='ltr'><strong>in</strong></span> <span class='ocrx_word' id='word_1_163' title='bbox 3580 954 3686 1008; x_wconf 78' lang='lat' dir='ltr'><strong>qua</strong></span> 
     </span>
    </p>
   </div>
   <div class='ocr_carea' id='block_1_24' title="bbox 2093 1026 3687 1096">
    <p class='ocr_par' dir='ltr' id='par_1_24' title="bbox 2093 1026 3687 1096">
     <span class='ocr_line' id='line_1_24' title="bbox 2093 1026 3687 1096; baseline 0.003 -17"><span class='ocrx_word' id='word_1_164' title='bbox 2093 1026 2312 1096; x_wconf 83' lang='lat' dir='ltr'><strong>dignum</strong></span> <span class='ocrx_word' id='word_1_165' title='bbox 2357 1035 2442 1080; x_wconf 89' lang='lat' dir='ltr'><strong>est</strong></span> <span class='ocrx_word' id='word_1_166' title='bbox 2477 1041 2576 1082; x_wconf 88' lang='lat' dir='ltr'><strong>nos</strong></span> <span class='ocrx_word' id='word_1_167' title='bbox 2629 1042 2841 1080; x_wconf 91' lang='lat' dir='ltr'><strong>sursum</strong></span> <span class='ocrx_word' id='word_1_168' title='bbox 2892 1027 3088 1081; x_wconf 89' lang='lat' dir='ltr'><strong>erectis</strong></span> <span class='ocrx_word' id='word_1_169' title='bbox 3143 1029 3393 1083; x_wconf 86' lang='lat' dir='ltr'><strong>cordibus</strong></span> <span class='ocrx_word' id='word_1_170' title='bbox 3445 1029 3687 1084; x_wconf 87' lang='lat' dir='ltr'><strong>divinum</strong></span> 
     </span>
    </p>
   </div>
   <div class='ocr_carea' id='block_1_25' title="bbox 2093 1117 3681 1190">
    <p class='ocr_par' dir='ltr' id='par_1_25' title="bbox 2093 1117 3681 1190">
     <span class='ocr_line' id='line_1_25' title="bbox 2093 1117 3681 1190; baseline 0.003 -20"><span class='ocrx_word' id='word_1_171' title='bbox 2093 1118 2318 1171; x_wconf 89' lang='lat' dir='ltr'><strong>adorare</strong></span> <span class='ocrx_word' id='word_1_172' title='bbox 2343 1118 2679 1188; x_wconf 82' lang='lat' dir='ltr'><strong>mysterium,</strong></span> <span class='ocrx_word' id='word_1_173' title='bbox 2709 1125 2769 1170; x_wconf 90' lang='lat' dir='ltr'><strong>ut</strong></span> <span class='ocrx_word' id='word_1_174' title='bbox 2793 1117 2933 1187; x_wconf 90' lang='lat' dir='ltr'><strong>quod</strong></span> <span class='ocrx_word' id='word_1_175' title='bbox 2957 1133 3153 1188; x_wconf 85' lang='lat' dir='ltr'><strong>magno</strong></span> <span class='ocrx_word' id='word_1_176' title='bbox 3189 1118 3284 1172; x_wconf 88' lang='lat' dir='ltr'><strong>Dei</strong></span> <span class='ocrx_word' id='word_1_177' title='bbox 3312 1134 3536 1174; x_wconf 89' lang='lat' dir='ltr'><strong>munere</strong></span> <span class='ocrx_word' id='word_1_178' title='bbox 3561 1119 3681 1190; x_wconf 83' lang='lat' dir='ltr'><strong>agi-</strong></span> 
     </span>
    </p>
   </div>
   <div class='ocr_carea' id='block_1_26' title="bbox 2095 1210 3689 1282">
    <p class='ocr_par' dir='ltr' id='par_1_26' title="bbox 2095 1210 3689 1282">
     <span class='ocr_line' id='line_1_26' title="bbox 2095 1210 3689 1282; baseline 0.002 -19"><span class='ocrx_word' id='word_1_179' title='bbox 2095 1217 2201 1274; x_wconf 91' lang='lat' dir='ltr'><strong>tur,</strong></span> <span class='ocrx_word' id='word_1_180' title='bbox 2233 1211 2442 1279; x_wconf 81' lang='lat' dir='ltr'><strong>magnis</strong></span> <span class='ocrx_word' id='word_1_181' title='bbox 2484 1210 2739 1265; x_wconf 75' lang='lat' dir='ltr'><strong>Ecclesia:</strong></span> <span class='ocrx_word' id='word_1_182' title='bbox 2781 1210 2988 1281; x_wconf 81' lang='lat' dir='ltr'><strong>gaudiis</strong></span> <span class='ocrx_word' id='word_1_183' title='bbox 3033 1211 3354 1266; x_wconf 76' lang='lat' dir='ltr'><strong>celebretur.</strong></span> <span class='ocrx_word' id='word_1_184' title='bbox 3386 1211 3689 1282; x_wconf 83' lang='lat' dir='ltr'><strong>ingreditur</strong></span> 
     </span>
    </p>
   </div>
   <div class='ocr_carea' id='block_1_27' title="bbox 2092 1297 3688 1369">
    <p class='ocr_par' dir='ltr' id='par_1_27' title="bbox 2092 1297 3688 1369">
     <span class='ocr_line' id='line_1_27' title="bbox 2092 1297 3688 1369; baseline 0.003 -16"><span class='ocrx_word' id='word_1_185' title='bbox 2092 1313 2222 1369; x_wconf 78' lang='lat' dir='ltr'><strong>ergo</strong></span> <span class='ocrx_word' id='word_1_186' title='bbox 2253 1300 2369 1354; x_wconf 70' lang='lat' dir='ltr'><strong>haec.</strong></span> <span class='ocrx_word' id='word_1_187' title='bbox 2402 1299 2584 1353; x_wconf 88' lang='lat' dir='ltr'><strong>mundi</strong></span> <span class='ocrx_word' id='word_1_188' title='bbox 2635 1299 2816 1353; x_wconf 79' lang='lat' dir='ltr'><strong>inﬁma</strong></span> <span class='ocrx_word' id='word_1_189' title='bbox 2848 1297 3015 1353; x_wconf 86' lang='lat' dir='ltr'><strong>Filius</strong></span> <span class='ocrx_word' id='word_1_190' title='bbox 3041 1299 3159 1364; x_wconf 85' lang='lat' dir='ltr'><strong>Dei,</strong></span> <span class='ocrx_word' id='word_1_191' title='bbox 3200 1301 3268 1354; x_wconf 89' lang='lat' dir='ltr'><strong>de</strong></span> <span class='ocrx_word' id='word_1_192' title='bbox 3314 1298 3518 1354; x_wconf 79' lang='lat' dir='ltr'><strong>ctelesti</strong></span> <span class='ocrx_word' id='word_1_193' title='bbox 3559 1299 3688 1357; x_wconf 80' lang='lat' dir='ltr'><strong>sede</strong></span> 
     </span>
    </p>
   </div>
   <div class='ocr_carea' id='block_1_28' title="bbox 2095 1389 3689 1459">
    <p class='ocr_par' dir='ltr' id='par_1_28' title="bbox 2095 1389 3689 1459">
     <span class='ocr_line' id='line_1_28' title="bbox 2095 1389 3689 1459; baseline 0.001 -15"><span class='ocrx_word' id='word_1_194' title='bbox 2095 1391 2445 1454; x_wconf 88' lang='lat' dir='ltr'><strong>descendens,</strong></span> <span class='ocrx_word' id='word_1_195' title='bbox 2475 1399 2528 1444; x_wconf 92' lang='lat' dir='ltr'><strong>et</strong></span> <span class='ocrx_word' id='word_1_196' title='bbox 2550 1405 2582 1443; x_wconf 89' lang='lat' dir='ltr'><strong>a</strong></span> <span class='ocrx_word' id='word_1_197' title='bbox 2608 1399 2831 1458; x_wconf 86' lang='lat' dir='ltr'><strong>paterna</strong></span> <span class='ocrx_word' id='word_1_198' title='bbox 2861 1389 3024 1459; x_wconf 82' lang='lat' dir='ltr'><strong>gloria</strong></span> <span class='ocrx_word' id='word_1_199' title='bbox 3078 1404 3182 1442; x_wconf 91' lang='lat' dir='ltr'><strong>non</strong></span> <span class='ocrx_word' id='word_1_200' title='bbox 3215 1390 3507 1444; x_wconf 85' lang='lat' dir='ltr'><strong>recedens:</strong></span> <span class='ocrx_word' id='word_1_201' title='bbox 3547 1404 3689 1445; x_wconf 88' lang='lat' dir='ltr'><strong>novo</strong></span> 
     </span>
    </p>
   </div>
   <div class='ocr_carea' id='block_1_29' title="bbox 2093 1481 3687 1551">
    <p class='ocr_par' dir='ltr' id='par_1_29' title="bbox 2093 1481 3687 1551">
     <span class='ocr_line' id='line_1_29' title="bbox 2093 1481 3687 1551; baseline -0.001 -14"><span class='ocrx_word' id='word_1_202' title='bbox 2093 1482 2282 1537; x_wconf 91' lang='lat' dir='ltr'><strong>ordine</strong></span> <span class='ocrx_word' id='word_1_203' title='bbox 2318 1490 2640 1551; x_wconf 76' lang='lat' dir='ltr'><strong>generatus;</strong></span> <span class='ocrx_word' id='word_1_204' title='bbox 2677 1496 2815 1535; x_wconf 84' lang='lat' dir='ltr'><strong>novo</strong></span> <span class='ocrx_word' id='word_1_205' title='bbox 2860 1481 3069 1545; x_wconf 87' lang='lat' dir='ltr'><strong>ordine,</strong></span> <span class='ocrx_word' id='word_1_206' title='bbox 3117 1481 3263 1549; x_wconf 89' lang='lat' dir='ltr'><strong>quia,</strong></span> <span class='ocrx_word' id='word_1_207' title='bbox 3309 1481 3594 1536; x_wconf 81' lang='lat' dir='ltr'><strong>invisibilis</strong></span> <span class='ocrx_word' id='word_1_208' title='bbox 3632 1482 3687 1535; x_wconf 86' lang='lat' dir='ltr'><strong>in</strong></span> 
     </span>
    </p>
   </div>
   <div class='ocr_carea' id='block_1_30' title="bbox 2094 1573 3689 1642">
    <p class='ocr_par' dir='ltr' id='par_1_30' title="bbox 2094 1573 3689 1642">
     <span class='ocr_line' id='line_1_30' title="bbox 2094 1573 3689 1642; baseline -0.001 -13"><span class='ocrx_word' id='word_1_209' title='bbox 2094 1575 2228 1639; x_wconf 89' lang='lat' dir='ltr'><strong>suis,</strong></span> <span class='ocrx_word' id='word_1_210' title='bbox 2257 1575 2485 1628; x_wconf 86' lang='lat' dir='ltr'><strong>visibilis</strong></span> <span class='ocrx_word' id='word_1_211' title='bbox 2515 1573 2685 1628; x_wconf 88' lang='lat' dir='ltr'><strong>factus</strong></span> <span class='ocrx_word' id='word_1_212' title='bbox 2734 1583 2817 1627; x_wconf 88' lang='lat' dir='ltr'><strong>est</strong></span> <span class='ocrx_word' id='word_1_213' title='bbox 2845 1575 2898 1628; x_wconf 89' lang='lat' dir='ltr'><strong>in</strong></span> <span class='ocrx_word' id='word_1_214' title='bbox 2939 1573 3179 1627; x_wconf 82' lang='lat' dir='ltr'><strong>nostris:</strong></span> <span class='ocrx_word' id='word_1_215' title='bbox 3231 1573 3689 1642; x_wconf 84' lang='lat' dir='ltr'><strong>incomprehensi-</strong></span> 
     </span>
    </p>
   </div>
   <div class='ocr_carea' id='block_1_31' title="bbox 2095 1664 3675 1733">
    <p class='ocr_par' dir='ltr' id='par_1_31' title="bbox 2095 1664 3675 1733">
     <span class='ocr_line' id='line_1_31' title="bbox 2095 1664 3675 1733; baseline -0.001 -13"><span class='ocrx_word' id='word_1_216' title='bbox 2095 1664 2238 1728; x_wconf 89' lang='lat' dir='ltr'><strong>bilis,</strong></span> <span class='ocrx_word' id='word_1_217' title='bbox 2284 1665 2450 1719; x_wconf 91' lang='lat' dir='ltr'><strong>voluit</strong></span> <span class='ocrx_word' id='word_1_218' title='bbox 2497 1664 2915 1733; x_wconf 85' lang='lat' dir='ltr'><strong>comprehendi;</strong></span> <span class='ocrx_word' id='word_1_219' title='bbox 2968 1671 3092 1717; x_wconf 91' lang='lat' dir='ltr'><strong>ante</strong></span> <span class='ocrx_word' id='word_1_220' title='bbox 3141 1672 3383 1732; x_wconf 89' lang='lat' dir='ltr'><strong>tempora</strong></span> <span class='ocrx_word' id='word_1_221' title='bbox 3429 1679 3675 1729; x_wconf 88' lang='lat' dir='ltr'><strong>manens,</strong></span> 
     </span>
    </p>
   </div>
   <div class='ocr_carea' id='block_1_32' title="bbox 413 1737 1997 1823">
    <p class='ocr_par' dir='ltr' id='par_1_32' title="bbox 413 1737 1997 1811">
     <span class='ocr_line' id='line_1_32' title="bbox 413 1737 1997 1811; baseline -0.004 -12"><span class='ocrx_word' id='word_1_222' title='bbox 413 1745 518 1799; x_wconf 88' lang='lat' dir='ltr'><strong>bus</strong></span> <span class='ocrx_word' id='word_1_223' title='bbox 555 1741 776 1806; x_wconf 87' lang='lat' dir='ltr'><strong>sanctis,</strong></span> <span class='ocrx_word' id='word_1_224' title='bbox 808 1741 1221 1811; x_wconf 78' lang='lat' dir='ltr'><strong>cogitationibus</strong></span> <span class='ocrx_word' id='word_1_225' title='bbox 1259 1740 1443 1803; x_wconf 89' lang='lat' dir='ltr'><strong>castis,</strong></span> <span class='ocrx_word' id='word_1_226' title='bbox 1476 1739 1726 1808; x_wconf 85' lang='lat' dir='ltr'><strong>operibus</strong></span> <span class='ocrx_word' id='word_1_227' title='bbox 1760 1737 1997 1792; x_wconf 90' lang='lat' dir='ltr'><strong>fructuo—</strong></span> 
     </span>
    </p>
   </div>
   <div class='ocr_carea' id='block_1_33' title="bbox 2099 1737 3685 1823">
    <p class='ocr_par' dir='ltr' id='par_1_33' title="bbox 2099 1752 3685 1823">
     <span class='ocr_line' id='line_1_33' title="bbox 2099 1752 3685 1823; baseline -0.003 -13"><span class='ocrx_word' id='word_1_228' title='bbox 2099 1769 2218 1810; x_wconf 82' lang='lat' dir='ltr'><strong>esse</strong></span> <span class='ocrx_word' id='word_1_229' title='bbox 2247 1753 2413 1823; x_wconf 71' lang='lat' dir='ltr'><strong>cmpit</strong></span> <span class='ocrx_word' id='word_1_230' title='bbox 2437 1767 2501 1807; x_wconf 79' lang='lat' dir='ltr'><strong>ex</strong></span> <span class='ocrx_word' id='word_1_231' title='bbox 2531 1763 2809 1822; x_wconf 87' lang='lat' dir='ltr'><strong>tempore;</strong></span> <span class='ocrx_word' id='word_1_232' title='bbox 2855 1753 3222 1808; x_wconf 88' lang='lat' dir='ltr'><strong>universitatis</strong></span> <span class='ocrx_word' id='word_1_233' title='bbox 3256 1752 3537 1818; x_wconf 86' lang='lat' dir='ltr'><strong>Dominus,</strong></span> <span class='ocrx_word' id='word_1_234' title='bbox 3569 1769 3685 1808; x_wconf 89' lang='lat' dir='ltr'><strong>ser-</strong></span> 
     </span>
    </p>
   </div>
   <div class='ocr_carea' id='block_1_34' title="bbox 415 1827 1989 1899">
    <p class='ocr_par' dir='ltr' id='par_1_34' title="bbox 415 1827 1989 1899">
     <span class='ocr_line' id='line_1_34' title="bbox 415 1827 1989 1899; baseline -0.006 -11"><span class='ocrx_word' id='word_1_235' title='bbox 415 1833 512 1899; x_wconf 88' lang='lat' dir='ltr'><strong>sis,</strong></span> <span class='ocrx_word' id='word_1_236' title='bbox 539 1832 828 1887; x_wconf 88' lang='lat' dir='ltr'><strong>avertendo</strong></span> <span class='ocrx_word' id='word_1_237' title='bbox 855 1847 886 1885; x_wconf 89' lang='lat' dir='ltr'><strong>a</strong></span> <span class='ocrx_word' id='word_1_238' title='bbox 917 1829 1076 1895; x_wconf 91' lang='lat' dir='ltr'><strong>malo,</strong></span> <span class='ocrx_word' id='word_1_239' title='bbox 1113 1829 1473 1883; x_wconf 90' lang='lat' dir='ltr'><strong>convertendo</strong></span> <span class='ocrx_word' id='word_1_240' title='bbox 1499 1829 1566 1882; x_wconf 90' lang='lat' dir='ltr'><strong>ad</strong></span> <span class='ocrx_word' id='word_1_241' title='bbox 1591 1827 1811 1892; x_wconf 90' lang='lat' dir='ltr'><strong>bonum,</strong></span> <span class='ocrx_word' id='word_1_242' title='bbox 1837 1828 1989 1882; x_wconf 88' lang='lat' dir='ltr'><strong>dam-</strong></span> 
     </span>
    </p>
   </div>
   <div class='ocr_carea' id='block_1_35' title="bbox 415 1919 1990 1990">
    <p class='ocr_par' dir='ltr' id='par_1_35' title="bbox 415 1919 1990 1990">
     <span class='ocr_line' id='line_1_35' title="bbox 415 1919 1990 1990; baseline -0.006 -10"><span class='ocrx_word' id='word_1_243' title='bbox 415 1925 594 1980; x_wconf 90' lang='lat' dir='ltr'><strong>nando</strong></span> <span class='ocrx_word' id='word_1_244' title='bbox 627 1924 841 1988; x_wconf 87' lang='lat' dir='ltr'><strong>vitium,</strong></span> <span class='ocrx_word' id='word_1_245' title='bbox 882 1923 1114 1977; x_wconf 87' lang='lat' dir='ltr'><strong>amando</strong></span> <span class='ocrx_word' id='word_1_246' title='bbox 1142 1922 1332 1985; x_wconf 88' lang='lat' dir='ltr'><strong>Deum,</strong></span> <span class='ocrx_word' id='word_1_247' title='bbox 1369 1920 1637 1990; x_wconf 87' lang='lat' dir='ltr'><strong>diligendo</strong></span> <span class='ocrx_word' id='word_1_248' title='bbox 1667 1919 1990 1990; x_wconf 77' lang='lat' dir='ltr'><strong>proximum,</strong></span> 
     </span>
    </p>
   </div>
   <div class='ocr_carea' id='block_1_36' title="bbox 397 2011 1997 2087">
    <p class='ocr_par' dir='ltr' id='par_1_36' title="bbox 397 2011 1997 2087">
     <span class='ocr_line' id='line_1_36' title="bbox 397 2011 1997 2087; baseline -0.005 -13"><span class='ocrx_word' id='word_1_249' title='bbox 397 2016 774 2087; x_wconf 75' lang='lat' dir='ltr'><strong>impendendo</strong></span> <span class='ocrx_word' id='word_1_250' title='bbox 817 2012 1238 2069; x_wconf 90' lang='lat' dir='ltr'><strong>misericordiam</strong></span> <span class='ocrx_word' id='word_1_251' title='bbox 1277 2011 1512 2078; x_wconf 88' lang='lat' dir='ltr'><strong>miseris,</strong></span> <span class='ocrx_word' id='word_1_252' title='bbox 1539 2012 1664 2082; x_wconf 89' lang='lat' dir='ltr'><strong>quia</strong></span> <span class='ocrx_word' id='word_1_253' title='bbox 1688 2019 1743 2066; x_wconf 90' lang='lat' dir='ltr'><strong>et</strong></span> <span class='ocrx_word' id='word_1_254' title='bbox 1768 2012 1868 2082; x_wconf 89' lang='lat' dir='ltr'><strong>ipsi</strong></span> <span class='ocrx_word' id='word_1_255' title='bbox 1895 2011 1997 2066; x_wconf 84' lang='lat' dir='ltr'><strong>mi—</strong></span> 
     </span>
    </p>
   </div>
   <div class='ocr_carea' id='block_1_37' title="bbox 399 2102 1995 2174">
    <p class='ocr_par' dir='ltr' id='par_1_37' title="bbox 399 2102 1995 2174">
     <span class='ocr_line' id='line_1_37' title="bbox 399 2102 1995 2174; baseline -0.004 -11"><span class='ocrx_word' id='word_1_256' title='bbox 399 2108 524 2163; x_wconf 78' lang='lat' dir='ltr'><strong>.scri</strong></span> <span class='ocrx_word' id='word_1_257' title='bbox 548 2105 744 2161; x_wconf 84' lang='lat' dir='ltr'><strong>fuimus</strong></span> <span class='ocrx_word' id='word_1_258' title='bbox 777 2112 1065 2174; x_wconf 81' lang='lat' dir='ltr'><strong>antequam</strong></span> <span class='ocrx_word' id='word_1_259' title='bbox 1094 2103 1510 2169; x_wconf 87' lang='lat' dir='ltr'><strong>redimeremur;</strong></span> <span class='ocrx_word' id='word_1_260' title='bbox 1546 2103 1862 2158; x_wconf 88' lang='lat' dir='ltr'><strong>dimittendo</strong></span> <span class='ocrx_word' id='word_1_261' title='bbox 1890 2102 1995 2157; x_wconf 91' lang='lat' dir='ltr'><strong>illis</strong></span> 
     </span>
    </p>
   </div>
   <div class='ocr_carea' id='block_1_38' title="bbox 391 2193 1994 2267">
    <p class='ocr_par' dir='ltr' id='par_1_38' title="bbox 391 2193 1994 2267">
     <span class='ocr_line' id='line_1_38' title="bbox 391 2193 1994 2267; baseline -0.002 -15"><span class='ocrx_word' id='word_1_262' title='bbox 391 2197 509 2267; x_wconf 91' lang='lat' dir='ltr'><strong>-qui</strong></span> <span class='ocrx_word' id='word_1_263' title='bbox 540 2197 592 2250; x_wconf 90' lang='lat' dir='ltr'><strong>in</strong></span> <span class='ocrx_word' id='word_1_264' title='bbox 624 2196 776 2251; x_wconf 87' lang='lat' dir='ltr'><strong>nobis</strong></span> <span class='ocrx_word' id='word_1_265' title='bbox 803 2203 1048 2265; x_wconf 88' lang='lat' dir='ltr'><strong>peccant,</strong></span> <span class='ocrx_word' id='word_1_266' title='bbox 1077 2193 1202 2263; x_wconf 85' lang='lat' dir='ltr'><strong>quia</strong></span> <span class='ocrx_word' id='word_1_267' title='bbox 1232 2202 1286 2248; x_wconf 89' lang='lat' dir='ltr'><strong>et</strong></span> <span class='ocrx_word' id='word_1_268' title='bbox 1317 2207 1413 2248; x_wconf 88' lang='lat' dir='ltr'><strong>nos</strong></span> <span class='ocrx_word' id='word_1_269' title='bbox 1438 2208 1626 2248; x_wconf 91' lang='lat' dir='ltr'><strong>omnes</strong></span> <span class='ocrx_word' id='word_1_270' title='bbox 1654 2193 1753 2248; x_wconf 90' lang='lat' dir='ltr'><strong>sub</strong></span> <span class='ocrx_word' id='word_1_271' title='bbox 1773 2201 1994 2262; x_wconf 89' lang='lat' dir='ltr'><strong>peccato</strong></span> 
     </span>
    </p>
   </div>
   <div class='ocr_carea' id='block_1_39' title="bbox 416 2283 1992 2356">
    <p class='ocr_par' dir='ltr' id='par_1_39' title="bbox 416 2283 1992 2356">
     <span class='ocr_line' id='line_1_39' title="bbox 416 2283 1992 2356; baseline -0.002 -16"><span class='ocrx_word' id='word_1_272' title='bbox 416 2287 646 2352; x_wconf 87' lang='lat' dir='ltr'><strong>fuimus;</strong></span> <span class='ocrx_word' id='word_1_273' title='bbox 699 2285 1004 2356; x_wconf 88' lang='lat' dir='ltr'><strong>superbiam</strong></span> <span class='ocrx_word' id='word_1_274' title='bbox 1049 2284 1327 2349; x_wconf 88' lang='lat' dir='ltr'><strong>calcando,</strong></span> <span class='ocrx_word' id='word_1_275' title='bbox 1373 2283 1499 2354; x_wconf 87' lang='lat' dir='ltr'><strong>quia</strong></span> <span class='ocrx_word' id='word_1_276' title='bbox 1541 2297 1638 2352; x_wconf 86' lang='lat' dir='ltr'><strong>per</strong></span> <span class='ocrx_word' id='word_1_277' title='bbox 1689 2283 1992 2354; x_wconf 87' lang='lat' dir='ltr'><strong>superbiam</strong></span> 
     </span>
    </p>
   </div>
   <div class='ocr_carea' id='block_1_40' title="bbox 415 2373 1993 2448">
    <p class='ocr_par' dir='ltr' id='par_1_40' title="bbox 415 2373 1993 2448">
     <span class='ocr_line' id='line_1_40' title="bbox 415 2373 1993 2448; baseline -0.004 -15"><span class='ocrx_word' id='word_1_278' title='bbox 415 2379 672 2448; x_wconf 87' lang='lat' dir='ltr'><strong>deceptus</strong></span> <span class='ocrx_word' id='word_1_279' title='bbox 690 2383 774 2430; x_wconf 87' lang='lat' dir='ltr'><strong>est</strong></span> <span class='ocrx_word' id='word_1_280' title='bbox 795 2375 1002 2446; x_wconf 90' lang='lat' dir='ltr'><strong>primus</strong></span> <span class='ocrx_word' id='word_1_281' title='bbox 1028 2375 1219 2439; x_wconf 88' lang='lat' dir='ltr'><strong>homo;</strong></span> <span class='ocrx_word' id='word_1_282' title='bbox 1249 2373 1548 2442; x_wconf 86' lang='lat' dir='ltr'><strong>abjiciendo</strong></span> <span class='ocrx_word' id='word_1_283' title='bbox 1575 2373 1845 2438; x_wconf 88' lang='lat' dir='ltr'><strong>invidiam,</strong></span> <span class='ocrx_word' id='word_1_284' title='bbox 1869 2373 1993 2442; x_wconf 89' lang='lat' dir='ltr'><strong>quia</strong></span> 
     </span>
    </p>
   </div>
   <div class='ocr_carea' id='block_1_41' title="bbox 415 2464 1992 2538">
    <p class='ocr_par' dir='ltr' id='par_1_41' title="bbox 415 2464 1992 2538">
     <span class='ocr_line' id='line_1_41' title="bbox 415 2464 1992 2538; baseline -0.004 -14"><span class='ocrx_word' id='word_1_285' title='bbox 415 2483 516 2538; x_wconf 84' lang='lat' dir='ltr'><strong>per</strong></span> <span class='ocrx_word' id='word_1_286' title='bbox 548 2467 802 2522; x_wconf 86' lang='lat' dir='ltr'><strong>invidiam</strong></span> <span class='ocrx_word' id='word_1_287' title='bbox 846 2465 1057 2534; x_wconf 86' lang='lat' dir='ltr'><strong>decepit</strong></span> <span class='ocrx_word' id='word_1_288' title='bbox 1089 2464 1332 2520; x_wconf 88' lang='lat' dir='ltr'><strong>diabolus</strong></span> <span class='ocrx_word' id='word_1_289' title='bbox 1369 2479 1538 2533; x_wconf 78' lang='lat' dir='ltr'><strong>genus</strong></span> <span class='ocrx_word' id='word_1_290' title='bbox 1579 2464 1871 2518; x_wconf 87' lang='lat' dir='ltr'><strong>humanum</strong></span> <span class='ocrx_word' id='word_1_291' title='bbox 1905 2483 1918 2518; x_wconf 86' lang='lat'><strong>:</strong></span> <span class='ocrx_word' id='word_1_292' title='bbox 1949 2464 1992 2518; x_wconf 90' lang='lat' dir='ltr'><strong>si</strong></span> 
     </span>
    </p>
   </div>
   <div class='ocr_carea' id='block_1_42' title="bbox 414 2553 1995 2630">
    <p class='ocr_par' dir='ltr' id='par_1_42' title="bbox 414 2553 1995 2630">
     <span class='ocr_line' id='line_1_42' title="bbox 414 2553 1995 2630; baseline -0.003 -16"><span class='ocrx_word' id='word_1_293' title='bbox 414 2559 536 2630; x_wconf 91' lang='lat' dir='ltr'><strong>quis</strong></span> <span class='ocrx_word' id='word_1_294' title='bbox 564 2557 870 2613; x_wconf 80' lang='lat' dir='ltr'><strong>luxuriosus</strong></span> <span class='ocrx_word' id='word_1_295' title='bbox 896 2557 1156 2611; x_wconf 85' lang='lat' dir='ltr'><strong>hactenus</strong></span> <span class='ocrx_word' id='word_1_296' title='bbox 1182 2554 1301 2620; x_wconf 87' lang='lat' dir='ltr'><strong>fuit,</strong></span> <span class='ocrx_word' id='word_1_297' title='bbox 1328 2556 1588 2625; x_wconf 86' lang='lat' dir='ltr'><strong>spondeat</strong></span> <span class='ocrx_word' id='word_1_298' title='bbox 1616 2553 1868 2626; x_wconf 78' lang='lat' dir='ltr'><strong>deinceps</strong></span> <span class='ocrx_word' id='word_1_299' title='bbox 1903 2570 1995 2610; x_wconf 87' lang='lat' dir='ltr'><strong>ca-</strong></span> 
     </span>
    </p>
   </div>
   <div class='ocr_carea' id='block_1_43' title="bbox 413 2647 1991 2719">
    <p class='ocr_par' dir='ltr' id='par_1_43' title="bbox 413 2647 1991 2719">
     <span class='ocr_line' id='line_1_43' title="bbox 413 2647 1991 2719; baseline -0.003 -13"><span class='ocrx_word' id='word_1_300' title='bbox 413 2651 684 2714; x_wconf 85' lang='lat' dir='ltr'><strong>stitatem;</strong></span> <span class='ocrx_word' id='word_1_301' title='bbox 729 2649 774 2704; x_wconf 90' lang='lat' dir='ltr'><strong>si</strong></span> <span class='ocrx_word' id='word_1_302' title='bbox 816 2649 940 2719; x_wconf 87' lang='lat' dir='ltr'><strong>quis</strong></span> <span class='ocrx_word' id='word_1_303' title='bbox 976 2648 1234 2702; x_wconf 86' lang='lat' dir='ltr'><strong>invidiam</strong></span> <span class='ocrx_word' id='word_1_304' title='bbox 1277 2656 1467 2703; x_wconf 88' lang='lat' dir='ltr'><strong>contra</strong></span> <span class='ocrx_word' id='word_1_305' title='bbox 1516 2647 1735 2702; x_wconf 88' lang='lat' dir='ltr'><strong>fratrem</strong></span> <span class='ocrx_word' id='word_1_306' title='bbox 1787 2649 1991 2713; x_wconf 85' lang='lat' dir='ltr'><strong>habuit,</strong></span> 
     </span>
    </p>
   </div>
   <div class='ocr_carea' id='block_1_44' title="bbox 415 2739 1993 2814">
    <p class='ocr_par' dir='ltr' id='par_1_44' title="bbox 415 2739 1993 2814">
     <span class='ocr_line' id='line_1_44' title="bbox 415 2739 1993 2814; baseline -0.003 -16"><span class='ocrx_word' id='word_1_307' title='bbox 415 2743 636 2814; x_wconf 88' lang='lat' dir='ltr'><strong>abjiciat</strong></span> <span class='ocrx_word' id='word_1_308' title='bbox 659 2757 777 2796; x_wconf 88' lang='lat' dir='ltr'><strong>eam</strong></span> <span class='ocrx_word' id='word_1_309' title='bbox 816 2750 870 2796; x_wconf 90' lang='lat' dir='ltr'><strong>et</strong></span> <span class='ocrx_word' id='word_1_310' title='bbox 897 2749 1190 2796; x_wconf 90' lang='lat' dir='ltr'><strong>commutet</strong></span> <span class='ocrx_word' id='word_1_311' title='bbox 1214 2755 1316 2809; x_wconf 88' lang='lat' dir='ltr'><strong>pro</strong></span> <span class='ocrx_word' id='word_1_312' title='bbox 1345 2739 1429 2793; x_wconf 92' lang='lat' dir='ltr'><strong>illa</strong></span> <span class='ocrx_word' id='word_1_313' title='bbox 1461 2739 1915 2805; x_wconf 83' lang='lat' dir='ltr'><strong>benevolentiam;</strong></span> <span class='ocrx_word' id='word_1_314' title='bbox 1948 2740 1993 2795; x_wconf 90' lang='lat' dir='ltr'><strong>si</strong></span> 
     </span>
    </p>
   </div>
   <div class='ocr_carea' id='block_1_45' title="bbox 387 2827 1995 2903">
    <p class='ocr_par' dir='ltr' id='par_1_45' title="bbox 387 2827 1995 2903">
     <span class='ocr_line' id='line_1_45' title="bbox 387 2827 1995 2903; baseline -0.001 -17"><span class='ocrx_word' id='word_1_315' title='bbox 387 2866 396 2878; x_wconf 68' lang='grc' dir='ltr'><em>ι</em></span> <span class='ocrx_word' id='word_1_316' title='bbox 414 2834 536 2903; x_wconf 87' lang='lat' dir='ltr'><strong>quis</strong></span> <span class='ocrx_word' id='word_1_317' title='bbox 557 2830 904 2886; x_wconf 88' lang='lat' dir='ltr'><strong>homicidium</strong></span> <span class='ocrx_word' id='word_1_318' title='bbox 927 2829 1078 2894; x_wconf 90' lang='lat' dir='ltr'><strong>fecit,</strong></span> <span class='ocrx_word' id='word_1_319' title='bbox 1098 2830 1376 2899; x_wconf 87' lang='lat' dir='ltr'><strong>promittat</strong></span> <span class='ocrx_word' id='word_1_320' title='bbox 1400 2829 1580 2894; x_wconf 89' lang='lat' dir='ltr'><strong>hodie,</strong></span> <span class='ocrx_word' id='word_1_321' title='bbox 1602 2839 1656 2882; x_wconf 90' lang='lat' dir='ltr'><strong>et</strong></span> <span class='ocrx_word' id='word_1_322' title='bbox 1682 2827 1847 2884; x_wconf 89' lang='lat' dir='ltr'><strong>faciat</strong></span> <span class='ocrx_word' id='word_1_323' title='bbox 1871 2829 1995 2884; x_wconf 91' lang='lat' dir='ltr'><strong>inde</strong></span> 
     </span>
    </p>
   </div>
   <div class='ocr_carea' id='block_1_46' title="bbox 391 2921 1994 2994">
    <p class='ocr_par' dir='ltr' id='par_1_46' title="bbox 391 2921 1994 2994">
     <span class='ocr_line' id='line_1_46' title="bbox 391 2921 1994 2994; baseline 0 -16"><span class='ocrx_word' id='word_1_324' title='bbox 391 2925 575 2979; x_wconf 77' lang='lat' dir='ltr'><strong>.modo</strong></span> <span class='ocrx_word' id='word_1_325' title='bbox 619 2923 1062 2994; x_wconf 84' lang='lat' dir='ltr'><strong>dignos-fructus</strong></span> <span class='ocrx_word' id='word_1_326' title='bbox 1103 2921 1459 2991; x_wconf 61' lang='lat' dir='ltr'><strong>poenitentia},</strong></span> <span class='ocrx_word' id='word_1_327' title='bbox 1500 2929 1556 2976; x_wconf 91' lang='lat' dir='ltr'><strong>et</strong></span> <span class='ocrx_word' id='word_1_328' title='bbox 1595 2922 1994 2979; x_wconf 87' lang='lat' dir='ltr'><strong>communicare</strong></span> 
     </span>
    </p>
   </div>
   <div class='ocr_carea' id='block_1_47' title="bbox 388 3012 1994 3084">
    <p class='ocr_par' dir='ltr' id='par_1_47' title="bbox 388 3012 1994 3084">
     <span class='ocr_line' id='line_1_47' title="bbox 388 3012 1994 3084; baseline -0.001 -14"><span class='ocrx_word' id='word_1_329' title='bbox 388 3015 720 3071; x_wconf 79' lang='lat' dir='ltr'><strong>-nnllatenus</strong></span> <span class='ocrx_word' id='word_1_330' title='bbox 741 3022 1030 3084; x_wconf 63' lang='lat' dir='ltr'><strong>praesumat</strong></span> <span class='ocrx_word' id='word_1_331' title='bbox 1057 3021 1182 3068; x_wconf 85' lang='lat' dir='ltr'><strong>ante</strong></span> <span class='ocrx_word' id='word_1_332' title='bbox 1203 3012 1492 3082; x_wconf 83' lang='lat' dir='ltr'><strong>perfectam</strong></span> <span class='ocrx_word' id='word_1_333' title='bbox 1513 3014 1906 3082; x_wconf 63' lang='lat' dir='ltr'><strong>paenitentiam,</strong></span> <span class='ocrx_word' id='word_1_334' title='bbox 1931 3023 1994 3069; x_wconf 91' lang='lat' dir='ltr'><strong>ut</strong></span> 
     </span>
    </p>
   </div>
   <div class='ocr_carea' id='block_1_48' title="bbox 415 3099 2066 3176">
    <p class='ocr_par' dir='ltr' id='par_1_48' title="bbox 415 3099 2066 3176">
     <span class='ocr_line' id='line_1_48' title="bbox 415 3099 2066 3176; baseline 0 -14"><span class='ocrx_word' id='word_1_335' title='bbox 415 3123 522 3162; x_wconf 82' lang='lat' dir='ltr'><strong>non</strong></span> <span class='ocrx_word' id='word_1_336' title='bbox 547 3106 832 3176; x_wconf 83' lang='lat' dir='ltr'><strong>dupliciter</strong></span> <span class='ocrx_word' id='word_1_337' title='bbox 862 3103 1042 3159; x_wconf 82' lang='lat' dir='ltr'><strong>infelix</strong></span> <span class='ocrx_word' id='word_1_338' title='bbox 1087 3104 1322 3173; x_wconf 88' lang='lat' dir='ltr'><strong>seipsum</strong></span> <span class='ocrx_word' id='word_1_339' title='bbox 1365 3103 1605 3168; x_wconf 87' lang='lat' dir='ltr'><strong>damnet,</strong></span> <span class='ocrx_word' id='word_1_340' title='bbox 1643 3119 1711 3158; x_wconf 92' lang='lat' dir='ltr'><strong>eo</strong></span> <span class='ocrx_word' id='word_1_341' title='bbox 1731 3104 1874 3174; x_wconf 90' lang='lat' dir='ltr'><strong>quod</strong></span> <span class='ocrx_word' id='word_1_342' title='bbox 1907 3106 1992 3160; x_wconf 89' lang='lat' dir='ltr'><strong>iu-</strong></span> <span class='ocrx_word' id='word_1_343' title='bbox 2023 3099 2066 3162; x_wconf 89' lang='lat' dir='ltr'><strong>C</strong></span> 
     </span>
    </p>
   </div>
   <div class='ocr_carea' id='block_1_49' title="bbox 414 3197 1997 3271">
    <p class='ocr_par' dir='ltr' id='par_1_49' title="bbox 414 3197 1997 3271">
     <span class='ocr_line' id='line_1_49' title="bbox 414 3197 1997 3271; baseline -0.001 -17"><span class='ocrx_word' id='word_1_344' title='bbox 414 3200 574 3270; x_wconf 85' lang='lat' dir='ltr'><strong>digne</strong></span> <span class='ocrx_word' id='word_1_345' title='bbox 595 3213 791 3271; x_wconf 88' lang='lat' dir='ltr'><strong>corpus</strong></span> <span class='ocrx_word' id='word_1_346' title='bbox 814 3197 1025 3253; x_wconf 89' lang='lat' dir='ltr'><strong>Domini</strong></span> <span class='ocrx_word' id='word_1_347' title='bbox 1053 3198 1312 3268; x_wconf 87' lang='lat' dir='ltr'><strong>percipit;</strong></span> <span class='ocrx_word' id='word_1_348' title='bbox 1338 3198 1384 3253; x_wconf 90' lang='lat' dir='ltr'><strong>si</strong></span> <span class='ocrx_word' id='word_1_349' title='bbox 1411 3197 1533 3268; x_wconf 88' lang='lat' dir='ltr'><strong>quis</strong></span> <span class='ocrx_word' id='word_1_350' title='bbox 1560 3197 1796 3269; x_wconf 82' lang='lat' dir='ltr'><strong>linguam</strong></span> <span class='ocrx_word' id='word_1_351' title='bbox 1818 3199 1997 3254; x_wconf 86' lang='lat' dir='ltr'><strong>detra-</strong></span> 
     </span>
    </p>
   </div>
   <div class='ocr_carea' id='block_1_50' title="bbox 395 3287 1996 3360">
    <p class='ocr_par' dir='ltr' id='par_1_50' title="bbox 395 3287 1996 3360">
     <span class='ocr_line' id='line_1_50' title="bbox 395 3287 1996 3360; baseline 0 -16"><span class='ocrx_word' id='word_1_352' title='bbox 395 3290 632 3345; x_wconf 70' lang='lat' dir='ltr'><strong>hentem</strong></span> <span class='ocrx_word' id='word_1_353' title='bbox 679 3288 763 3344; x_wconf 85' lang='lat' dir='ltr'><strong>vel</strong></span> <span class='ocrx_word' id='word_1_354' title='bbox 802 3287 1209 3345; x_wconf 87' lang='lat' dir='ltr'><strong>maledicentem</strong></span> <span class='ocrx_word' id='word_1_355' title='bbox 1241 3288 1449 3354; x_wconf 89' lang='lat' dir='ltr'><strong>habuit,</strong></span> <span class='ocrx_word' id='word_1_356' title='bbox 1481 3288 1644 3344; x_wconf 86' lang='lat' dir='ltr'><strong>faciat</strong></span> <span class='ocrx_word' id='word_1_357' title='bbox 1672 3304 1792 3345; x_wconf 88' lang='lat' dir='ltr'><strong>eam</strong></span> <span class='ocrx_word' id='word_1_358' title='bbox 1824 3289 1996 3360; x_wconf 84' lang='lat' dir='ltr'><strong>magis</strong></span> 
     </span>
    </p>
   </div>
   <div class='ocr_carea' id='block_1_51' title="bbox 411 3379 1996 3450">
    <p class='ocr_par' dir='ltr' id='par_1_51' title="bbox 411 3379 1996 3450">
     <span class='ocr_line' id='line_1_51' title="bbox 411 3379 1996 3450; baseline -0.001 -16"><span class='ocrx_word' id='word_1_359' title='bbox 411 3395 574 3435; x_wconf 86' lang='lat' dir='ltr'><strong>orare</strong></span> <span class='ocrx_word' id='word_1_360' title='bbox 601 3387 660 3436; x_wconf 91' lang='lat' dir='ltr'><strong>et</strong></span> <span class='ocrx_word' id='word_1_361' title='bbox 677 3379 862 3435; x_wconf 87' lang='lat' dir='ltr'><strong>laudes</strong></span> <span class='ocrx_word' id='word_1_362' title='bbox 880 3379 974 3435; x_wconf 89' lang='lat' dir='ltr'><strong>Dei</strong></span> <span class='ocrx_word' id='word_1_363' title='bbox 1002 3394 1288 3447; x_wconf 86' lang='lat' dir='ltr'><strong>resonare;</strong></span> <span class='ocrx_word' id='word_1_364' title='bbox 1323 3380 1369 3436; x_wconf 88' lang='lat' dir='ltr'><strong>si</strong></span> <span class='ocrx_word' id='word_1_365' title='bbox 1399 3379 1520 3450; x_wconf 89' lang='lat' dir='ltr'><strong>quis</strong></span> <span class='ocrx_word' id='word_1_366' title='bbox 1539 3380 1717 3434; x_wconf 77' lang='lat' dir='ltr'><strong>nimia:</strong></span> <span class='ocrx_word' id='word_1_367' title='bbox 1738 3379 1996 3450; x_wconf 87' lang='lat' dir='ltr'><strong>potationi</strong></span> 
     </span>
    </p>
   </div>
   <div class='ocr_carea' id='block_1_52' title="bbox 416 3470 2000 3540">
    <p class='ocr_par' dir='ltr' id='par_1_52' title="bbox 416 3470 2000 3540">
     <span class='ocr_line' id='line_1_52' title="bbox 416 3470 2000 3540; baseline 0.001 -15"><span class='ocrx_word' id='word_1_368' title='bbox 416 3471 645 3529; x_wconf 87' lang='lat' dir='ltr'><strong>deditus.</strong></span> <span class='ocrx_word' id='word_1_369' title='bbox 663 3478 767 3536; x_wconf 90' lang='lat' dir='ltr'><strong>est,</strong></span> <span class='ocrx_word' id='word_1_370' title='bbox 800 3470 1144 3525; x_wconf 81' lang='lat' dir='ltr'><strong>sobrietatem</strong></span> <span class='ocrx_word' id='word_1_371' title='bbox 1171 3486 1238 3526; x_wconf 79' lang='lat' dir='ltr'><strong>ex</strong></span> <span class='ocrx_word' id='word_1_372' title='bbox 1266 3471 1392 3526; x_wconf 93' lang='lat' dir='ltr'><strong>hinc</strong></span> <span class='ocrx_word' id='word_1_373' title='bbox 1422 3480 1643 3537; x_wconf 88' lang='lat' dir='ltr'><strong>voveat;</strong></span> <span class='ocrx_word' id='word_1_374' title='bbox 1677 3471 1720 3525; x_wconf 92' lang='lat' dir='ltr'><strong>si</strong></span> <span class='ocrx_word' id='word_1_375' title='bbox 1750 3472 1873 3540; x_wconf 86' lang='lat' dir='ltr'><strong>quis</strong></span> <span class='ocrx_word' id='word_1_376' title='bbox 1894 3471 2000 3526; x_wconf 88' lang='lat' dir='ltr'><strong>ira-</strong></span> 
     </span>
    </p>
   </div>
   <div class='ocr_carea' id='block_1_53' title="bbox 416 3561 1997 3633">
    <p class='ocr_par' dir='ltr' id='par_1_53' title="bbox 416 3561 1997 3633">
     <span class='ocr_line' id='line_1_53' title="bbox 416 3561 1997 3633; baseline -0.001 -14"><span class='ocrx_word' id='word_1_377' title='bbox 416 3561 622 3620; x_wconf 83' lang='lat' dir='ltr'><strong>cundus</strong></span> <span class='ocrx_word' id='word_1_378' title='bbox 657 3563 774 3628; x_wconf 86' lang='lat' dir='ltr'><strong>fuit,</strong></span> <span class='ocrx_word' id='word_1_379' title='bbox 807 3563 1271 3618; x_wconf 87' lang='lat' dir='ltr'><strong>mansuetudinem</strong></span> <span class='ocrx_word' id='word_1_380' title='bbox 1311 3563 1518 3630; x_wconf 89' lang='lat' dir='ltr'><strong>discat;</strong></span> <span class='ocrx_word' id='word_1_381' title='bbox 1563 3563 1609 3618; x_wconf 90' lang='lat' dir='ltr'><strong>si</strong></span> <span class='ocrx_word' id='word_1_382' title='bbox 1657 3563 1780 3633; x_wconf 91' lang='lat' dir='ltr'><strong>quis</strong></span> <span class='ocrx_word' id='word_1_383' title='bbox 1822 3564 1997 3618; x_wconf 90' lang='lat' dir='ltr'><strong>aliena</strong></span> 
     </span>
    </p>
   </div>
   <div class='ocr_carea' id='block_1_54' title="bbox 411 3654 1998 3727">
    <p class='ocr_par' dir='ltr' id='par_1_54' title="bbox 411 3654 1998 3727">
     <span class='ocr_line' id='line_1_54' title="bbox 411 3654 1998 3727; baseline -0.001 -16"><span class='ocrx_word' id='word_1_384' title='bbox 411 3671 512 3727; x_wconf 87' lang='lat' dir='ltr'><strong>per</strong></span> <span class='ocrx_word' id='word_1_385' title='bbox 534 3656 644 3710; x_wconf 88' lang='lat' dir='ltr'><strong>vim</strong></span> <span class='ocrx_word' id='word_1_386' title='bbox 674 3664 896 3726; x_wconf 81' lang='lat' dir='ltr'><strong>autper</strong></span> <span class='ocrx_word' id='word_1_387' title='bbox 932 3654 1176 3710; x_wconf 88' lang='lat' dir='ltr'><strong>fraudem</strong></span> <span class='ocrx_word' id='word_1_388' title='bbox 1222 3655 1419 3725; x_wconf 88' lang='lat' dir='ltr'><strong>rapuit,</strong></span> <span class='ocrx_word' id='word_1_389' title='bbox 1470 3655 1686 3726; x_wconf 88' lang='lat' dir='ltr'><strong>propria</strong></span> <span class='ocrx_word' id='word_1_390' title='bbox 1740 3655 1998 3727; x_wconf 80' lang='lat' dir='ltr'><strong>largiatur</strong></span> 
     </span>
    </p>
   </div>
   <div class='ocr_carea' id='block_1_55' title="bbox 393 3747 1998 3822">
    <p class='ocr_par' dir='ltr' id='par_1_55' title="bbox 393 3747 1998 3822">
     <span class='ocr_line' id='line_1_55' title="bbox 393 3747 1998 3822; baseline 0.001 -20"><span class='ocrx_word' id='word_1_391' title='bbox 393 3749 772 3822; x_wconf 78' lang='lat' dir='ltr'><strong>pauperibus;</strong></span> <span class='ocrx_word' id='word_1_392' title='bbox 804 3749 850 3804; x_wconf 90' lang='lat' dir='ltr'><strong>si</strong></span> <span class='ocrx_word' id='word_1_393' title='bbox 885 3749 1007 3818; x_wconf 89' lang='lat' dir='ltr'><strong>quis</strong></span> <span class='ocrx_word' id='word_1_394' title='bbox 1033 3749 1287 3804; x_wconf 88' lang='lat' dir='ltr'><strong>mentitus</strong></span> <span class='ocrx_word' id='word_1_395' title='bbox 1323 3748 1518 3818; x_wconf 75' lang='lat' dir='ltr'><strong>szepius</strong></span> <span class='ocrx_word' id='word_1_396' title='bbox 1552 3747 1675 3813; x_wconf 88' lang='lat' dir='ltr'><strong>fuit,</strong></span> <span class='ocrx_word' id='word_1_397' title='bbox 1704 3748 1896 3803; x_wconf 85' lang='lat' dir='ltr'><strong>amodo</strong></span> <span class='ocrx_word' id='word_1_398' title='bbox 1916 3749 1998 3804; x_wconf 59' lang='lat' dir='ltr'><strong>loc</strong></span> 
     </span>
    </p>
   </div>
   <div class='ocr_carea' id='block_1_56' title="bbox 416 3842 1996 3911">
    <p class='ocr_par' dir='ltr' id='par_1_56' title="bbox 416 3842 1996 3911">
     <span class='ocr_line' id='line_1_56' title="bbox 416 3842 1996 3911; baseline 0.001 -15"><span class='ocrx_word' id='word_1_399' title='bbox 416 3850 617 3911; x_wconf 81' lang='lat' dir='ltr'><strong>quatur</strong></span> <span class='ocrx_word' id='word_1_400' title='bbox 649 3843 963 3907; x_wconf 88' lang='lat' dir='ltr'><strong>veritatem;</strong></span> <span class='ocrx_word' id='word_1_401' title='bbox 997 3842 1043 3896; x_wconf 87' lang='lat' dir='ltr'><strong>si</strong></span> <span class='ocrx_word' id='word_1_402' title='bbox 1076 3843 1199 3911; x_wconf 88' lang='lat' dir='ltr'><strong>quis</strong></span> <span class='ocrx_word' id='word_1_403' title='bbox 1235 3842 1503 3898; x_wconf 89' lang='lat' dir='ltr'><strong>crudelem</strong></span> <span class='ocrx_word' id='word_1_404' title='bbox 1528 3857 1588 3899; x_wconf 88' lang='lat' dir='ltr'><strong>se</strong></span> <span class='ocrx_word' id='word_1_405' title='bbox 1617 3843 1801 3909; x_wconf 90' lang='lat' dir='ltr'><strong>sentit,</strong></span> <span class='ocrx_word' id='word_1_406' title='bbox 1832 3844 1996 3899; x_wconf 88' lang='lat' dir='ltr'><strong>misc-</strong></span> 
     </span>
    </p>
   </div>
   <div class='ocr_carea' id='block_1_57' title="bbox 385 3934 1996 4004">
    <p class='ocr_par' dir='ltr' id='par_1_57' title="bbox 385 3934 1996 4004">
     <span class='ocr_line' id='line_1_57' title="bbox 385 3934 1996 4004; baseline 0.001 -12"><span class='ocrx_word' id='word_1_407' title='bbox 385 3935 707 3992; x_wconf 55' lang='lat' dir='ltr'><strong>ricordiam</strong></span> <span class='ocrx_word' id='word_1_408' title='bbox 739 3934 905 3989; x_wconf 90' lang='lat' dir='ltr'><strong>animi</strong></span> <span class='ocrx_word' id='word_1_409' title='bbox 938 3943 1178 3998; x_wconf 75' lang='lat' dir='ltr'><strong>moveat;</strong></span> <span class='ocrx_word' id='word_1_410' title='bbox 1204 3935 1250 3988; x_wconf 91' lang='lat' dir='ltr'><strong>si</strong></span> <span class='ocrx_word' id='word_1_411' title='bbox 1273 3935 1396 4003; x_wconf 86' lang='lat' dir='ltr'><strong>quis</strong></span> <span class='ocrx_word' id='word_1_412' title='bbox 1424 3937 1688 4004; x_wconf 89' lang='lat' dir='ltr'><strong>superbus</strong></span> <span class='ocrx_word' id='word_1_413' title='bbox 1719 3945 1773 3991; x_wconf 91' lang='lat' dir='ltr'><strong>et</strong></span> <span class='ocrx_word' id='word_1_414' title='bbox 1812 3937 1996 3993; x_wconf 89' lang='lat' dir='ltr'><strong>inobe-</strong></span> 
     </span>
    </p>
   </div>
   <div class='ocr_carea' id='block_1_58' title="bbox 418 4023 1999 4094">
    <p class='ocr_par' dir='ltr' id='par_1_58' title="bbox 418 4023 1999 4094">
     <span class='ocr_line' id='line_1_58' title="bbox 418 4023 1999 4094; baseline -0.001 -12"><span class='ocrx_word' id='word_1_415' title='bbox 418 4027 570 4082; x_wconf 84' lang='lat' dir='ltr'><strong>dicas</strong></span> <span class='ocrx_word' id='word_1_416' title='bbox 609 4033 765 4090; x_wconf 86' lang='lat' dir='ltr'><strong>erat,</strong></span> <span class='ocrx_word' id='word_1_417' title='bbox 821 4024 1081 4094; x_wconf 87' lang='lat' dir='ltr'><strong>spondeat</strong></span> <span class='ocrx_word' id='word_1_418' title='bbox 1128 4023 1492 4078; x_wconf 84' lang='lat' dir='ltr'><strong>humilitatem</strong></span> <span class='ocrx_word' id='word_1_419' title='bbox 1536 4033 1594 4079; x_wconf 88' lang='lat' dir='ltr'><strong>et</strong></span> <span class='ocrx_word' id='word_1_420' title='bbox 1635 4026 1999 4081; x_wconf 85' lang='lat' dir='ltr'><strong>obedientiam</strong></span> 
     </span>
    </p>
   </div>
   <div class='ocr_carea' id='block_1_59' title="bbox 411 4114 2000 4174">
    <p class='ocr_par' dir='ltr' id='par_1_59' title="bbox 411 4114 2000 4174">
     <span class='ocr_line' id='line_1_59' title="bbox 411 4114 2000 4174; baseline 0.002 -3"><span class='ocrx_word' id='word_1_421' title='bbox 411 4132 602 4172; x_wconf 84' lang='lat' dir='ltr'><strong>coram</strong></span> <span class='ocrx_word' id='word_1_422' title='bbox 629 4116 739 4170; x_wconf 89' lang='lat' dir='ltr'><strong>Deo</strong></span> <span class='ocrx_word' id='word_1_423' title='bbox 762 4123 816 4170; x_wconf 90' lang='lat' dir='ltr'><strong>et</strong></span> <span class='ocrx_word' id='word_1_424' title='bbox 843 4114 1148 4170; x_wconf 85' lang='lat' dir='ltr'><strong>hominibus</strong></span> <span class='ocrx_word' id='word_1_425' title='bbox 1168 4129 1226 4170; x_wconf 88' lang='lat' dir='ltr'><strong>se</strong></span> <span class='ocrx_word' id='word_1_426' title='bbox 1249 4115 1578 4170; x_wconf 87' lang='lat' dir='ltr'><strong>habiturum.</strong></span> <span class='ocrx_word' id='word_1_427' title='bbox 1627 4115 1694 4170; x_wconf 87' lang='lat' dir='ltr'><strong>Et</strong></span> <span class='ocrx_word' id='word_1_428' title='bbox 1726 4130 1848 4171; x_wconf 90' lang='lat' dir='ltr'><strong>cum</strong></span> <span class='ocrx_word' id='word_1_429' title='bbox 1885 4118 2000 4174; x_wconf 76' lang='lat' dir='ltr'><strong>htec</strong></span> 
     </span>
    </p>
   </div>
   <div class='ocr_carea' id='block_1_60' title="bbox 416 4205 2001 4276">
    <p class='ocr_par' dir='ltr' id='par_1_60' title="bbox 416 4205 2001 4276">
     <span class='ocr_line' id='line_1_60' title="bbox 416 4205 2001 4276; baseline 0.001 -13"><span class='ocrx_word' id='word_1_430' title='bbox 416 4207 677 4273; x_wconf 83' lang='lat' dir='ltr'><strong>feceritis,</strong></span> <span class='ocrx_word' id='word_1_431' title='bbox 699 4205 1030 4266; x_wconf 79' lang='lat' dir='ltr'><strong>charissimi.</strong></span> <span class='ocrx_word' id='word_1_432' title='bbox 1062 4205 1268 4261; x_wconf 77' lang='lat' dir='ltr'><strong>oli‘ertis</strong></span> <span class='ocrx_word' id='word_1_433' title='bbox 1293 4217 1474 4261; x_wconf 88' lang='lat' dir='ltr'><strong>votum</strong></span> <span class='ocrx_word' id='word_1_434' title='bbox 1497 4206 1759 4276; x_wconf 86' lang='lat' dir='ltr'><strong>placabile</strong></span> <span class='ocrx_word' id='word_1_435' title='bbox 1790 4207 1915 4275; x_wconf 89' lang='lat' dir='ltr'><strong>Deo,</strong></span> <span class='ocrx_word' id='word_1_436' title='bbox 1946 4218 2001 4264; x_wconf 88' lang='lat' dir='ltr'><strong>et</strong></span> 
     </span>
    </p>
   </div>
   <div class='ocr_carea' id='block_1_61' title="bbox 417 4298 2002 4372">
    <p class='ocr_par' dir='ltr' id='par_1_61' title="bbox 417 4298 2002 4372">
     <span class='ocr_line' id='line_1_61' title="bbox 417 4298 2002 4372; baseline -0.001 -18"><span class='ocrx_word' id='word_1_437' title='bbox 417 4298 593 4372; x_wconf 80' lang='lat' dir='ltr'><strong>angeli</strong></span> <span class='ocrx_word' id='word_1_438' title='bbox 621 4299 714 4369; x_wconf 86' lang='lat' dir='ltr'><strong>qui</strong></span> <span class='ocrx_word' id='word_1_439' title='bbox 740 4298 991 4354; x_wconf 85' lang='lat' dir='ltr'><strong>custodes</strong></span> <span class='ocrx_word' id='word_1_440' title='bbox 1015 4298 1138 4352; x_wconf 72' lang='lat' dir='ltr'><strong>vitae</strong></span> <span class='ocrx_word' id='word_1_441' title='bbox 1177 4306 1371 4352; x_wconf 76' lang='lat' dir='ltr'><strong>vestra:</strong></span> <span class='ocrx_word' id='word_1_442' title='bbox 1415 4307 1560 4365; x_wconf 90' lang='lat' dir='ltr'><strong>sunt,</strong></span> <span class='ocrx_word' id='word_1_443' title='bbox 1606 4307 1731 4356; x_wconf 86' lang='lat' dir='ltr'><strong>ante</strong></span> <span class='ocrx_word' id='word_1_444' title='bbox 1772 4314 2002 4370; x_wconf 86' lang='lat' dir='ltr'><strong>conspe-</strong></span> 
     </span>
    </p>
   </div>
   <div class='ocr_carea' id='block_1_62' title="bbox 421 4387 1994 4460">
    <p class='ocr_par' dir='ltr' id='par_1_62' title="bbox 421 4387 1994 4460">
     <span class='ocr_line' id='line_1_62' title="bbox 421 4387 1994 4460; baseline -0.001 -13"><span class='ocrx_word' id='word_1_445' title='bbox 421 4401 566 4452; x_wconf 86' lang='lat' dir='ltr'><strong>ctum</strong></span> <span class='ocrx_word' id='word_1_446' title='bbox 592 4389 786 4446; x_wconf 67' lang='lat' dir='ltr'><strong>divinae</strong></span> <span class='ocrx_word' id='word_1_447' title='bbox 821 4388 1122 4460; x_wconf 85' lang='lat' dir='ltr'><strong>majestatis</strong></span> <span class='ocrx_word' id='word_1_448' title='bbox 1169 4387 1332 4442; x_wconf 84' lang='lat' dir='ltr'><strong>talem</strong></span> <span class='ocrx_word' id='word_1_449' title='bbox 1371 4388 1695 4445; x_wconf 83' lang='lat' dir='ltr'><strong>oblationem</strong></span> <span class='ocrx_word' id='word_1_450' title='bbox 1741 4389 1994 4456; x_wconf 82' lang='lat' dir='ltr'><strong>oll&#39;erunt,</strong></span> 
     </span>
    </p>
   </div>
   <div class='ocr_carea' id='block_1_63' title="bbox 418 4479 1998 4553">
    <p class='ocr_par' dir='ltr' id='par_1_63' title="bbox 418 4479 1998 4553">
     <span class='ocr_line' id='line_1_63' title="bbox 418 4479 1998 4553; baseline 0 -15"><span class='ocrx_word' id='word_1_451' title='bbox 418 4491 475 4538; x_wconf 91' lang='lat' dir='ltr'><strong>et</strong></span> <span class='ocrx_word' id='word_1_452' title='bbox 503 4490 624 4553; x_wconf 90' lang='lat' dir='ltr'><strong>post</strong></span> <span class='ocrx_word' id='word_1_453' title='bbox 652 4483 766 4536; x_wconf 63' lang='lat' dir='ltr'><strong>haec</strong></span> <span class='ocrx_word' id='word_1_454' title='bbox 792 4481 968 4535; x_wconf 84' lang='lat' dir='ltr'><strong>veniet</strong></span> <span class='ocrx_word' id='word_1_455' title='bbox 987 4479 1141 4535; x_wconf 85' lang='lat' dir='ltr'><strong>vobis</strong></span> <span class='ocrx_word' id='word_1_456' title='bbox 1167 4479 1472 4535; x_wconf 88' lang='lat' dir='ltr'><strong>benedictio</strong></span> <span class='ocrx_word' id='word_1_457' title='bbox 1496 4488 1551 4534; x_wconf 89' lang='lat' dir='ltr'><strong>et</strong></span> <span class='ocrx_word' id='word_1_458' title='bbox 1574 4481 1720 4536; x_wconf 88' lang='lat' dir='ltr'><strong>salus</strong></span> <span class='ocrx_word' id='word_1_459' title='bbox 1749 4497 1998 4552; x_wconf 89' lang='lat' dir='ltr'><strong>perman-</strong></span> 
     </span>
    </p>
   </div>
   <div class='ocr_carea' id='block_1_64' title="bbox 419 4568 1999 4641">
    <p class='ocr_par' dir='ltr' id='par_1_64' title="bbox 419 4568 1999 4641">
     <span class='ocr_line' id='line_1_64' title="bbox 419 4568 1999 4641; baseline 0.001 -14"><span class='ocrx_word' id='word_1_460' title='bbox 419 4587 570 4638; x_wconf 87' lang='lat' dir='ltr'><strong>sura,</strong></span> <span class='ocrx_word' id='word_1_461' title='bbox 593 4580 648 4626; x_wconf 92' lang='lat' dir='ltr'><strong>et</strong></span> <span class='ocrx_word' id='word_1_462' title='bbox 667 4571 807 4625; x_wconf 88' lang='lat' dir='ltr'><strong>sicut</strong></span> <span class='ocrx_word' id='word_1_463' title='bbox 831 4570 967 4625; x_wconf 72' lang='lat' dir='ltr'><strong>dixit</strong></span> <span class='ocrx_word' id='word_1_464' title='bbox 993 4569 1245 4631; x_wconf 85' lang='lat' dir='ltr'><strong>Salomon</strong></span> <span class='ocrx_word' id='word_1_465' title='bbox 1269 4568 1418 4641; x_wconf 83' lang='lat' dir='ltr'><strong>(Sap.</strong></span> <span class='ocrx_word' id='word_1_466' title='bbox 1441 4569 1553 4641; x_wconf 77' lang='lat' dir='ltr'><strong>xvi)</strong></span> <span class='ocrx_word' id='word_1_467' title='bbox 1581 4588 1592 4624; x_wconf 92' lang='lat'><strong>:</strong></span> <span class='ocrx_word' id='word_1_468' title='bbox 1621 4569 1999 4628; x_wconf 73' lang='lat' dir='ltr'><strong>Munimentum</strong></span> 
     </span>
    </p>
   </div>
   <div class='ocr_carea' id='block_1_65' title="bbox 421 4661 1996 4731">
    <p class='ocr_par' dir='ltr' id='par_1_65' title="bbox 421 4661 1996 4731">
     <span class='ocr_line' id='line_1_65' title="bbox 421 4661 1996 4731; baseline 0.001 -13"><span class='ocrx_word' id='word_1_469' title='bbox 421 4673 646 4718; x_wconf 74' lang='lat' dir='ltr'><strong>vestrum</strong></span> <span class='ocrx_word' id='word_1_470' title='bbox 672 4678 775 4717; x_wconf 82' lang='lat' dir='ltr'><strong>non</strong></span> <span class='ocrx_word' id='word_1_471' title='bbox 799 4662 1015 4731; x_wconf 76' lang='lat' dir='ltr'><strong>accipiet</strong></span> <span class='ocrx_word' id='word_1_472' title='bbox 1038 4661 1362 4715; x_wconf 84' lang='lat' dir='ltr'><strong>oblivionem.</strong></span> <span class='ocrx_word' id='word_1_473' title='bbox 1409 4661 1475 4716; x_wconf 86' lang='lat' dir='ltr'><strong>Et</strong></span> <span class='ocrx_word' id='word_1_474' title='bbox 1495 4662 1704 4719; x_wconf 86' lang='lat' dir='ltr'><strong>dicetur</strong></span> <span class='ocrx_word' id='word_1_475' title='bbox 1724 4664 1791 4720; x_wconf 90' lang='lat' dir='ltr'><strong>de</strong></span> <span class='ocrx_word' id='word_1_476' title='bbox 1811 4666 1996 4720; x_wconf 85' lang='lat' dir='ltr'><strong>vobis:</strong></span> 
     </span>
    </p>
   </div>
   <div class='ocr_carea' id='block_1_66' title="bbox 421 4752 2000 4826">
    <p class='ocr_par' dir='ltr' id='par_1_66' title="bbox 421 4752 2000 4826">
     <span class='ocr_line' id='line_1_66' title="bbox 421 4752 2000 4826; baseline 0.001 -17"><span class='ocrx_word' id='word_1_477' title='bbox 421 4755 558 4810; x_wconf 83' lang='lat' dir='ltr'><strong>Ecce</strong></span> <span class='ocrx_word' id='word_1_478' title='bbox 583 4752 804 4826; x_wconf 74' lang='lat' dir='ltr'><strong>populus</strong></span> <span class='ocrx_word' id='word_1_479' title='bbox 828 4767 996 4816; x_wconf 73' lang='lat' dir='ltr'><strong>meus,</strong></span> <span class='ocrx_word' id='word_1_480' title='bbox 1021 4767 1173 4821; x_wconf 78' lang='lat' dir='ltr'><strong>quem</strong></span> <span class='ocrx_word' id='word_1_481' title='bbox 1198 4752 1448 4822; x_wconf 72' lang='lat' dir='ltr'><strong>acquisiui</strong></span> <span class='ocrx_word' id='word_1_482' title='bbox 1470 4754 1721 4823; x_wconf 79' lang='lat' dir='ltr'><strong>sanguine</strong></span> <span class='ocrx_word' id='word_1_483' title='bbox 1745 4771 1880 4822; x_wconf 89' lang='lat' dir='ltr'><strong>meo,</strong></span> <span class='ocrx_word' id='word_1_484' title='bbox 1915 4773 2000 4810; x_wconf 72' lang='lat' dir='ltr'><strong>sa-</strong></span> 
     </span>
    </p>
   </div>
   <div class='ocr_carea' id='block_1_67' title="bbox 421 4840 2000 4914">
    <p class='ocr_par' dir='ltr' id='par_1_67' title="bbox 421 4840 2000 4914">
     <span class='ocr_line' id='line_1_67' title="bbox 421 4840 2000 4914; baseline 0.001 -16"><span class='ocrx_word' id='word_1_485' title='bbox 421 4848 612 4900; x_wconf 82' lang='lat' dir='ltr'><strong>turavit</strong></span> <span class='ocrx_word' id='word_1_486' title='bbox 634 4860 716 4898; x_wconf 88' lang='lat' dir='ltr'><strong>me</strong></span> <span class='ocrx_word' id='word_1_487' title='bbox 747 4842 896 4907; x_wconf 70' lang='lat' dir='ltr'><strong>votis,</strong></span> <span class='ocrx_word' id='word_1_488' title='bbox 931 4840 1158 4911; x_wconf 80' lang='lat' dir='ltr'><strong>implevit</strong></span> <span class='ocrx_word' id='word_1_489' title='bbox 1180 4857 1261 4894; x_wconf 89' lang='lat' dir='ltr'><strong>me</strong></span> <span class='ocrx_word' id='word_1_490' title='bbox 1285 4842 1635 4897; x_wconf 77' lang='lat' dir='ltr'><strong>odoramentis</strong></span> <span class='ocrx_word' id='word_1_491' title='bbox 1660 4857 1791 4914; x_wconf 85' lang='lat' dir='ltr'><strong>:ego</strong></span> <span class='ocrx_word' id='word_1_492' title='bbox 1811 4861 1897 4899; x_wconf 90' lang='lat' dir='ltr'><strong>ero</strong></span> <span class='ocrx_word' id='word_1_493' title='bbox 1925 4847 2000 4900; x_wconf 78' lang='lat' dir='ltr'><strong>eis</strong></span> 
     </span>
    </p>
   </div>
   <div class='ocr_carea' id='block_1_68' title="bbox 420 4931 2006 5007">
    <p class='ocr_par' dir='ltr' id='par_1_68' title="bbox 420 4931 2006 5007">
     <span class='ocr_line' id='line_1_68' title="bbox 420 4931 2006 5007; baseline 0.001 -18"><span class='ocrx_word' id='word_1_494' title='bbox 420 4937 571 5007; x_wconf 80' lang='lat' dir='ltr'><strong>quasi</strong></span> <span class='ocrx_word' id='word_1_495' title='bbox 600 4931 876 4998; x_wconf 77' lang='lat' dir='ltr'><strong>Dominus,</strong></span> <span class='ocrx_word' id='word_1_496' title='bbox 900 4940 947 4985; x_wconf 85' lang='lat' dir='ltr'><strong>et</strong></span> <span class='ocrx_word' id='word_1_497' title='bbox 976 4931 1074 5001; x_wconf 79' lang='lat' dir='ltr'><strong>ipsi</strong></span> <span class='ocrx_word' id='word_1_498' title='bbox 1102 4940 1251 4985; x_wconf 76' lang='lat' dir='ltr'><strong>erant</strong></span> <span class='ocrx_word' id='word_1_499' title='bbox 1278 4932 1403 4985; x_wconf 85' lang='lat' dir='ltr'><strong>mihi</strong></span> <span class='ocrx_word' id='word_1_500' title='bbox 1436 4933 1488 4986; x_wconf 86' lang='lat' dir='ltr'><strong>in</strong></span> <span class='ocrx_word' id='word_1_501' title='bbox 1522 4933 1804 5002; x_wconf 82' lang='lat' dir='ltr'><strong>populum;</strong></span> <span class='ocrx_word' id='word_1_502' title='bbox 1830 4943 1878 4989; x_wconf 82' lang='lat' dir='ltr'><strong>et</strong></span> <span class='ocrx_word' id='word_1_503' title='bbox 1902 4952 2006 4990; x_wconf 80' lang='lat' dir='ltr'><strong>non</strong></span> 
     </span>
    </p>
   </div>
   <div class='ocr_carea' id='block_1_69' title="bbox 423 5023 2004 5095">
    <p class='ocr_par' dir='ltr' id='par_1_69' title="bbox 423 5023 2004 5095">
     <span class='ocr_line' id='line_1_69' title="bbox 423 5023 2004 5095; baseline 0.001 -15"><span class='ocrx_word' id='word_1_504' title='bbox 423 5028 518 5081; x_wconf 83' lang='lat' dir='ltr'><strong>erit</strong></span> <span class='ocrx_word' id='word_1_505' title='bbox 541 5027 595 5081; x_wconf 84' lang='lat' dir='ltr'><strong>in</strong></span> <span class='ocrx_word' id='word_1_506' title='bbox 620 5027 694 5080; x_wconf 78' lang='lat' dir='ltr'><strong>eis</strong></span> <span class='ocrx_word' id='word_1_507' title='bbox 725 5025 864 5078; x_wconf 82' lang='lat' dir='ltr'><strong>ultra</strong></span> <span class='ocrx_word' id='word_1_508' title='bbox 891 5024 1160 5095; x_wconf 78' lang='lat' dir='ltr'><strong>captivitas</strong></span> <span class='ocrx_word' id='word_1_509' title='bbox 1192 5033 1239 5076; x_wconf 88' lang='lat' dir='ltr'><strong>et</strong></span> <span class='ocrx_word' id='word_1_510' title='bbox 1276 5023 1552 5089; x_wconf 81' lang='lat' dir='ltr'><strong>desolatio,</strong></span> <span class='ocrx_word' id='word_1_511' title='bbox 1587 5025 1713 5079; x_wconf 80' lang='lat' dir='ltr'><strong>dicit</strong></span> <span class='ocrx_word' id='word_1_512' title='bbox 1747 5025 2004 5082; x_wconf 73' lang='lat' dir='ltr'><strong>Dominus</strong></span> 
     </span>
    </p>
   </div>
   <div class='ocr_carea' id='block_1_70' title="bbox 427 5115 2000 5188">
    <p class='ocr_par' dir='ltr' id='par_1_70' title="bbox 427 5115 2000 5188">
     <span class='ocr_line' id='line_1_70' title="bbox 427 5115 2000 5188; baseline 0.001 -16"><span class='ocrx_word' id='word_1_513' title='bbox 427 5119 584 5174; x_wconf 83' lang='lat' dir='ltr'><strong>Deus.</strong></span> <span class='ocrx_word' id='word_1_514' title='bbox 609 5118 760 5172; x_wconf 78' lang='lat' dir='ltr'><strong>lianc</strong></span> <span class='ocrx_word' id='word_1_515' title='bbox 780 5132 909 5188; x_wconf 87' lang='lat' dir='ltr'><strong>ergo</strong></span> <span class='ocrx_word' id='word_1_516' title='bbox 927 5115 1338 5187; x_wconf 87' lang='lat' dir='ltr'><strong>promissionem</strong></span> <span class='ocrx_word' id='word_1_517' title='bbox 1367 5117 1647 5182; x_wconf 89' lang='lat' dir='ltr'><strong>habentes,</strong></span> <span class='ocrx_word' id='word_1_518' title='bbox 1671 5118 2000 5185; x_wconf 88' lang='lat' dir='ltr'><strong>charissimi,</strong></span> 
     </span>
    </p>
   </div>
   <div class='ocr_carea' id='block_1_71' title="bbox 426 5205 2007 5278">
    <p class='ocr_par' dir='ltr' id='par_1_71' title="bbox 426 5205 2007 5278">
     <span class='ocr_line' id='line_1_71' title="bbox 426 5205 2007 5278; baseline -0.002 -14"><span class='ocrx_word' id='word_1_519' title='bbox 426 5210 744 5264; x_wconf 80' lang='lat' dir='ltr'><strong>mandemus</strong></span> <span class='ocrx_word' id='word_1_520' title='bbox 773 5221 870 5262; x_wconf 89' lang='lat' dir='ltr'><strong>nos</strong></span> <span class='ocrx_word' id='word_1_521' title='bbox 901 5206 969 5260; x_wconf 90' lang='lat' dir='ltr'><strong>ab</strong></span> <span class='ocrx_word' id='word_1_522' title='bbox 991 5205 1137 5259; x_wconf 91' lang='lat' dir='ltr'><strong>omni</strong></span> <span class='ocrx_word' id='word_1_523' title='bbox 1167 5205 1572 5272; x_wconf 88' lang='lat' dir='ltr'><strong>inquinamento</strong></span> <span class='ocrx_word' id='word_1_524' title='bbox 1607 5207 1786 5261; x_wconf 88' lang='lat' dir='ltr'><strong>carnis</strong></span> <span class='ocrx_word' id='word_1_525' title='bbox 1821 5215 1876 5261; x_wconf 91' lang='lat' dir='ltr'><strong>et</strong></span> <span class='ocrx_word' id='word_1_526' title='bbox 1902 5209 2007 5278; x_wconf 82' lang='lat' dir='ltr'><strong>spi-</strong></span> 
     </span>
    </p>
   </div>
   <div class='ocr_carea' id='block_1_72' title="bbox 425 5293 2006 5368">
    <p class='ocr_par' dir='ltr' id='par_1_72' title="bbox 425 5293 2006 5368">
     <span class='ocr_line' id='line_1_72' title="bbox 425 5293 2006 5368; baseline -0.002 -13"><span class='ocrx_word' id='word_1_527' title='bbox 425 5300 584 5363; x_wconf 89' lang='lat' dir='ltr'><strong>ritus,</strong></span> <span class='ocrx_word' id='word_1_528' title='bbox 614 5296 954 5368; x_wconf 79' lang='lat' dir='ltr'><strong>perficientes</strong></span> <span class='ocrx_word' id='word_1_529' title='bbox 983 5293 1462 5351; x_wconf 83' lang='lat' dir='ltr'><strong>sanctiﬁcationem</strong></span> <span class='ocrx_word' id='word_1_530' title='bbox 1489 5295 1544 5348; x_wconf 92' lang='lat' dir='ltr'><strong>in</strong></span> <span class='ocrx_word' id='word_1_531' title='bbox 1575 5295 1769 5351; x_wconf 87' lang='lat' dir='ltr'><strong>timore</strong></span> <span class='ocrx_word' id='word_1_532' title='bbox 1795 5296 1923 5363; x_wconf 88' lang='lat' dir='ltr'><strong>Dei;</strong></span> <span class='ocrx_word' id='word_1_533' title='bbox 1951 5306 2006 5354; x_wconf 92' lang='lat' dir='ltr'><strong>et</strong></span> 
     </span>
    </p>
   </div>
   <div class='ocr_carea' id='block_1_73' title="bbox 422 5385 2001 5459">
    <p class='ocr_par' dir='ltr' id='par_1_73' title="bbox 422 5385 2001 5459">
     <span class='ocr_line' id='line_1_73' title="bbox 422 5385 2001 5459; baseline -0.002 -12"><span class='ocrx_word' id='word_1_534' title='bbox 422 5391 505 5448; x_wconf 86' lang='lat' dir='ltr'><strong>sic</strong></span> <span class='ocrx_word' id='word_1_535' title='bbox 551 5391 688 5444; x_wconf 89' lang='lat' dir='ltr'><strong>hanc</strong></span> <span class='ocrx_word' id='word_1_536' title='bbox 724 5398 1043 5459; x_wconf 55' lang='lat' dir='ltr'><strong>praesentem</strong></span> <span class='ocrx_word' id='word_1_537' title='bbox 1079 5385 1428 5442; x_wconf 87' lang='lat' dir='ltr'><strong>festivitatem</strong></span> <span class='ocrx_word' id='word_1_538' title='bbox 1468 5387 1744 5444; x_wconf 89' lang='lat' dir='ltr'><strong>celebrare</strong></span> <span class='ocrx_word' id='word_1_539' title='bbox 1788 5391 2001 5446; x_wconf 85' lang='lat' dir='ltr'><strong>studea-</strong></span> 
     </span>
    </p>
   </div>
   <div class='ocr_carea' id='block_1_74' title="bbox 427 5475 2001 5550">
    <p class='ocr_par' dir='ltr' id='par_1_74' title="bbox 427 5475 2001 5550">
     <span class='ocr_line' id='line_1_74' title="bbox 427 5475 2001 5550; baseline -0.001 -15"><span class='ocrx_word' id='word_1_540' title='bbox 427 5496 566 5544; x_wconf 91' lang='lat' dir='ltr'><strong>mus,</strong></span> <span class='ocrx_word' id='word_1_541' title='bbox 599 5487 655 5533; x_wconf 90' lang='lat' dir='ltr'><strong>ut</strong></span> <span class='ocrx_word' id='word_1_542' title='bbox 682 5478 885 5534; x_wconf 65' lang='lat' dir='ltr'><strong>caelesti</strong></span> <span class='ocrx_word' id='word_1_543' title='bbox 919 5487 1226 5533; x_wconf 88' lang='lat' dir='ltr'><strong>sanctorum</strong></span> <span class='ocrx_word' id='word_1_544' title='bbox 1255 5475 1451 5546; x_wconf 84' lang='lat' dir='ltr'><strong>gaudio</strong></span> <span class='ocrx_word' id='word_1_545' title='bbox 1485 5477 1539 5531; x_wconf 89' lang='lat' dir='ltr'><strong>in</strong></span> <span class='ocrx_word' id='word_1_546' title='bbox 1579 5487 1839 5533; x_wconf 63' lang='lat' dir='ltr'><strong>aeternum</strong></span> <span class='ocrx_word' id='word_1_547' title='bbox 1881 5495 2001 5550; x_wconf 89' lang='lat' dir='ltr'><strong>per-</strong></span> 
     </span>
    </p>
   </div>
   <div class='ocr_carea' id='block_1_75' title="bbox 427 5569 2000 5637">
    <p class='ocr_par' dir='ltr' id='par_1_75' title="bbox 427 5569 2000 5637">
     <span class='ocr_line' id='line_1_75' title="bbox 427 5569 2000 5637; baseline 0.001 -14"><span class='ocrx_word' id='word_1_548' title='bbox 427 5571 530 5623; x_wconf 86' lang='lat' dir='ltr'><strong>frui</strong></span> <span class='ocrx_word' id='word_1_549' title='bbox 562 5584 900 5623; x_wconf 78' lang='lat' dir='ltr'><strong>mereatnur:</strong></span> <span class='ocrx_word' id='word_1_550' title='bbox 931 5576 1217 5637; x_wconf 62' lang='lat' dir='ltr'><strong>praestante</strong></span> <span class='ocrx_word' id='word_1_551' title='bbox 1245 5569 1346 5622; x_wconf 89' lang='lat' dir='ltr'><strong>hoc</strong></span> <span class='ocrx_word' id='word_1_552' title='bbox 1375 5577 1598 5623; x_wconf 85' lang='lat' dir='ltr'><strong>auctore</strong></span> <span class='ocrx_word' id='word_1_553' title='bbox 1621 5569 1776 5626; x_wconf 88' lang='lat' dir='ltr'><strong>istius</strong></span> <span class='ocrx_word' id='word_1_554' title='bbox 1810 5570 2000 5626; x_wconf 90' lang='lat' dir='ltr'><strong>solem-</strong></span> 
     </span>
    </p>
   </div>
   <div class='ocr_carea' id='block_1_76' title="bbox 431 5659 2005 5734">
    <p class='ocr_par' dir='ltr' id='par_1_76' title="bbox 431 5659 2005 5734">
     <span class='ocr_line' id='line_1_76' title="bbox 431 5659 2005 5734; baseline 0.004 -20"><span class='ocrx_word' id='word_1_555' title='bbox 431 5663 615 5716; x_wconf 83' lang='lat' dir='ltr'><strong>nitatis</strong></span> <span class='ocrx_word' id='word_1_556' title='bbox 649 5661 872 5716; x_wconf 77' lang='lat' dir='ltr'><strong>Domino</strong></span> <span class='ocrx_word' id='word_1_557' title='bbox 910 5669 1092 5715; x_wconf 84' lang='lat' dir='ltr'><strong>nostro</strong></span> <span class='ocrx_word' id='word_1_558' title='bbox 1119 5659 1244 5715; x_wconf 85' lang='lat' dir='ltr'><strong>Jcsu</strong></span> <span class='ocrx_word' id='word_1_559' title='bbox 1283 5661 1519 5732; x_wconf 91' lang='lat' dir='ltr'><strong>Christo,</strong></span> <span class='ocrx_word' id='word_1_560' title='bbox 1563 5665 1652 5734; x_wconf 93' lang='lat' dir='ltr'><strong>qui</strong></span> <span class='ocrx_word' id='word_1_561' title='bbox 1695 5681 1814 5721; x_wconf 91' lang='lat' dir='ltr'><strong>cum</strong></span> <span class='ocrx_word' id='word_1_562' title='bbox 1845 5665 2005 5720; x_wconf 79' lang='lat' dir='ltr'><strong>l’atre</strong></span> 
     </span>
    </p>
   </div>
   <div class='ocr_carea' id='block_1_77' title="bbox 2096 1843 3686 1915">
    <p class='ocr_par' dir='ltr' id='par_1_77' title="bbox 2096 1843 3686 1915">
     <span class='ocr_line' id='line_1_77' title="bbox 2096 1843 3686 1915; baseline 0.001 -17"><span class='ocrx_word' id='word_1_563' title='bbox 2096 1845 2254 1900; x_wconf 88' lang='lat' dir='ltr'><strong>vilem</strong></span> <span class='ocrx_word' id='word_1_564' title='bbox 2287 1845 2534 1908; x_wconf 88' lang='lat' dir='ltr'><strong>formam,</strong></span> <span class='ocrx_word' id='word_1_565' title='bbox 2571 1844 2891 1898; x_wconf 82' lang='lat' dir='ltr'><strong>obumbrata</strong></span> <span class='ocrx_word' id='word_1_566' title='bbox 2931 1843 3228 1912; x_wconf 89' lang='lat' dir='ltr'><strong>majestatis</strong></span> <span class='ocrx_word' id='word_1_567' title='bbox 3265 1860 3375 1898; x_wconf 69' lang='lat' dir='ltr'><strong>sua:</strong></span> <span class='ocrx_word' id='word_1_568' title='bbox 3404 1845 3686 1915; x_wconf 79' lang='lat' dir='ltr'><strong>dignitate,</strong></span> 
     </span>
    </p>
   </div>
   <div class='ocr_carea' id='block_1_78' title="bbox 2097 1934 3690 2006">
    <p class='ocr_par' dir='ltr' id='par_1_78' title="bbox 2097 1934 3690 2006">
     <span class='ocr_line' id='line_1_78' title="bbox 2097 1934 3690 2006; baseline -0.002 -13"><span class='ocrx_word' id='word_1_569' title='bbox 2097 1937 2334 2006; x_wconf 88' lang='lat' dir='ltr'><strong>suscepit</strong></span> <span class='ocrx_word' id='word_1_570' title='bbox 2378 1954 2390 1990; x_wconf 93' lang='lat'><strong>:</strong></span> <span class='ocrx_word' id='word_1_571' title='bbox 2448 1935 2799 2006; x_wconf 89' lang='lat' dir='ltr'><strong>impassibilis</strong></span> <span class='ocrx_word' id='word_1_572' title='bbox 2865 1934 3026 2000; x_wconf 89' lang='lat' dir='ltr'><strong>Deus,</strong></span> <span class='ocrx_word' id='word_1_573' title='bbox 3084 1951 3190 1989; x_wconf 87' lang='lat' dir='ltr'><strong>non</strong></span> <span class='ocrx_word' id='word_1_574' title='bbox 3235 1935 3552 2006; x_wconf 87' lang='lat' dir='ltr'><strong>dedignatus</strong></span> <span class='ocrx_word' id='word_1_575' title='bbox 3602 1945 3690 1990; x_wconf 89' lang='lat' dir='ltr'><strong>est</strong></span> 
     </span>
    </p>
   </div>
   <div class='ocr_carea' id='block_1_79' title="bbox 2096 2027 3690 2098">
    <p class='ocr_par' dir='ltr' id='par_1_79' title="bbox 2096 2027 3690 2098">
     <span class='ocr_line' id='line_1_79' title="bbox 2096 2027 3690 2098; baseline -0.001 -14"><span class='ocrx_word' id='word_1_576' title='bbox 2096 2030 2258 2084; x_wconf 92' lang='lat' dir='ltr'><strong>homo</strong></span> <span class='ocrx_word' id='word_1_577' title='bbox 2285 2043 2404 2084; x_wconf 90' lang='lat' dir='ltr'><strong>esse</strong></span> <span class='ocrx_word' id='word_1_578' title='bbox 2437 2029 2743 2098; x_wconf 89' lang='lat' dir='ltr'><strong>passibilis;</strong></span> <span class='ocrx_word' id='word_1_579' title='bbox 2776 2036 2832 2082; x_wconf 91' lang='lat' dir='ltr'><strong>et</strong></span> <span class='ocrx_word' id='word_1_580' title='bbox 2881 2027 3221 2093; x_wconf 87' lang='lat' dir='ltr'><strong>immortalis,</strong></span> <span class='ocrx_word' id='word_1_581' title='bbox 3268 2029 3458 2083; x_wconf 90' lang='lat' dir='ltr'><strong>mortis</strong></span> <span class='ocrx_word' id='word_1_582' title='bbox 3485 2027 3690 2097; x_wconf 85' lang='lat' dir='ltr'><strong>legibus</strong></span> 
     </span>
    </p>
   </div>
   <div class='ocr_carea' id='block_1_80' title="bbox 2095 2117 3689 2190">
    <p class='ocr_par' dir='ltr' id='par_1_80' title="bbox 2095 2117 3689 2190">
     <span class='ocr_line' id='line_1_80' title="bbox 2095 2117 3689 2190; baseline -0.001 -16"><span class='ocrx_word' id='word_1_583' title='bbox 2095 2117 2390 2188; x_wconf 76' lang='lat' dir='ltr'><strong>subiacere.</strong></span> <span class='ocrx_word' id='word_1_584' title='bbox 2413 2118 2677 2188; x_wconf 78' lang='lat' dir='ltr'><strong>Quisquis</strong></span> <span class='ocrx_word' id='word_1_585' title='bbox 2724 2117 2889 2190; x_wconf 81' lang='lat' dir='ltr'><strong>igitur</strong></span> <span class='ocrx_word' id='word_1_586' title='bbox 2937 2118 3243 2173; x_wconf 89' lang='lat' dir='ltr'><strong>Christiano</strong></span> <span class='ocrx_word' id='word_1_587' title='bbox 3271 2118 3490 2173; x_wconf 90' lang='lat' dir='ltr'><strong>nomine</strong></span> <span class='ocrx_word' id='word_1_588' title='bbox 3518 2119 3604 2186; x_wconf 90' lang='lat' dir='ltr'><strong>pie</strong></span> <span class='ocrx_word' id='word_1_589' title='bbox 3632 2126 3689 2173; x_wconf 87' lang='lat' dir='ltr'><strong>et</strong></span> 
     </span>
    </p>
   </div>
   <div class='ocr_carea' id='block_1_81' title="bbox 2096 2209 3686 2283">
    <p class='ocr_par' dir='ltr' id='par_1_81' title="bbox 2096 2209 3686 2283">
     <span class='ocr_line' id='line_1_81' title="bbox 2096 2209 3686 2283; baseline -0.003 -16"><span class='ocrx_word' id='word_1_590' title='bbox 2096 2212 2327 2268; x_wconf 84' lang='lat' dir='ltr'><strong>ﬁdeliter</strong></span> <span class='ocrx_word' id='word_1_591' title='bbox 2351 2211 2621 2283; x_wconf 86' lang='lat' dir='ltr'><strong>gloriaris,</strong></span> <span class='ocrx_word' id='word_1_592' title='bbox 2648 2211 3066 2281; x_wconf 89' lang='lat' dir='ltr'><strong>dispensationis</strong></span> <span class='ocrx_word' id='word_1_593' title='bbox 3092 2211 3250 2281; x_wconf 73' lang='lat' dir='ltr'><strong>huius</strong></span> <span class='ocrx_word' id='word_1_594' title='bbox 3287 2209 3514 2280; x_wconf 88' lang='lat' dir='ltr'><strong>gratiam</strong></span> <span class='ocrx_word' id='word_1_595' title='bbox 3537 2209 3686 2277; x_wconf 79' lang='lat' dir='ltr'><strong>justo</strong></span> 
     </span>
    </p>
   </div>
   <div class='ocr_carea' id='block_1_82' title="bbox 2095 2301 3686 2373">
    <p class='ocr_par' dir='ltr' id='par_1_82' title="bbox 2095 2301 3686 2373">
     <span class='ocr_line' id='line_1_82' title="bbox 2095 2301 3686 2373; baseline -0.003 -16"><span class='ocrx_word' id='word_1_596' title='bbox 2095 2303 2364 2373; x_wconf 88' lang='lat' dir='ltr'><strong>perpende</strong></span> <span class='ocrx_word' id='word_1_597' title='bbox 2389 2301 2628 2371; x_wconf 86' lang='lat' dir='ltr'><strong>judicio:</strong></span> <span class='ocrx_word' id='word_1_598' title='bbox 2666 2301 2760 2355; x_wconf 90' lang='lat' dir='ltr'><strong>tibi</strong></span> <span class='ocrx_word' id='word_1_599' title='bbox 2789 2302 2931 2356; x_wconf 90' lang='lat' dir='ltr'><strong>enim</strong></span> <span class='ocrx_word' id='word_1_600' title='bbox 2956 2302 3221 2371; x_wconf 86' lang='lat' dir='ltr'><strong>quondam</strong></span> <span class='ocrx_word' id='word_1_601' title='bbox 3239 2309 3462 2369; x_wconf 84' lang='lat' dir='ltr'><strong>propter</strong></span> <span class='ocrx_word' id='word_1_602' title='bbox 3479 2315 3686 2370; x_wconf 56' lang='lat' dir='ltr'><strong>praeva-</strong></span> 
     </span>
    </p>
   </div>
   <div class='ocr_carea' id='block_1_83' title="bbox 2094 2395 3684 2464">
    <p class='ocr_par' dir='ltr' id='par_1_83' title="bbox 2094 2395 3684 2464">
     <span class='ocr_line' id='line_1_83' title="bbox 2094 2395 3684 2464; baseline -0.001 -14"><span class='ocrx_word' id='word_1_603' title='bbox 2094 2396 2408 2451; x_wconf 88' lang='lat' dir='ltr'><strong>ricationem</strong></span> <span class='ocrx_word' id='word_1_604' title='bbox 2459 2395 2690 2463; x_wconf 87' lang='lat' dir='ltr'><strong>abjccto,</strong></span> <span class='ocrx_word' id='word_1_605' title='bbox 2731 2395 2826 2450; x_wconf 75' lang='lat' dir='ltr'><strong>tibi</strong></span> <span class='ocrx_word' id='word_1_606' title='bbox 2871 2403 3091 2451; x_wconf 79' lang='lat' dir='ltr'><strong>extruso</strong></span> <span class='ocrx_word' id='word_1_607' title='bbox 3129 2411 3158 2450; x_wconf 91' lang='lat' dir='ltr'><strong>e</strong></span> <span class='ocrx_word' id='word_1_608' title='bbox 3183 2395 3415 2464; x_wconf 88' lang='lat' dir='ltr'><strong>paradisi</strong></span> <span class='ocrx_word' id='word_1_609' title='bbox 3456 2395 3684 2460; x_wconf 61' lang='lat' dir='ltr'><strong>aedibus,</strong></span> 
     </span>
    </p>
   </div>
   <div class='ocr_carea' id='block_1_84' title="bbox 2096 2486 3687 2557">
    <p class='ocr_par' dir='ltr' id='par_1_84' title="bbox 2096 2486 3687 2557">
     <span class='ocr_line' id='line_1_84' title="bbox 2096 2486 3687 2557; baseline -0.001 -15"><span class='ocrx_word' id='word_1_610' title='bbox 2096 2486 2189 2542; x_wconf 91' lang='lat' dir='ltr'><strong>tibi</strong></span> <span class='ocrx_word' id='word_1_611' title='bbox 2215 2502 2314 2557; x_wconf 92' lang='lat' dir='ltr'><strong>per</strong></span> <span class='ocrx_word' id='word_1_612' title='bbox 2345 2487 2534 2542; x_wconf 74' lang='lat' dir='ltr'><strong>exsilia</strong></span> <span class='ocrx_word' id='word_1_613' title='bbox 2583 2487 2739 2556; x_wconf 85' lang='lat' dir='ltr'><strong>longa</strong></span> <span class='ocrx_word' id='word_1_614' title='bbox 2788 2487 3056 2550; x_wconf 87' lang='lat' dir='ltr'><strong>morienti,</strong></span> <span class='ocrx_word' id='word_1_615' title='bbox 3111 2487 3203 2540; x_wconf 92' lang='lat' dir='ltr'><strong>tibi</strong></span> <span class='ocrx_word' id='word_1_616' title='bbox 3254 2487 3306 2541; x_wconf 92' lang='lat' dir='ltr'><strong>in</strong></span> <span class='ocrx_word' id='word_1_617' title='bbox 3351 2487 3589 2542; x_wconf 90' lang='lat' dir='ltr'><strong>cinerem</strong></span> <span class='ocrx_word' id='word_1_618' title='bbox 3630 2495 3687 2541; x_wconf 87' lang='lat' dir='ltr'><strong>et</strong></span> 
     </span>
    </p>
   </div>
   <div class='ocr_carea' id='block_1_85' title="bbox 2093 2578 3684 2651">
    <p class='ocr_par' dir='ltr' id='par_1_85' title="bbox 2093 2578 3684 2651">
     <span class='ocr_line' id='line_1_85' title="bbox 2093 2578 3684 2651; baseline 0 -17"><span class='ocrx_word' id='word_1_619' title='bbox 2093 2579 2368 2651; x_wconf 82' lang='lat' dir='ltr'><strong>pulverem</strong></span> <span class='ocrx_word' id='word_1_620' title='bbox 2402 2579 2682 2645; x_wconf 90' lang='lat' dir='ltr'><strong>dissoluto,</strong></span> <span class='ocrx_word' id='word_1_621' title='bbox 2716 2579 2802 2634; x_wconf 91' lang='lat' dir='ltr'><strong>cui</strong></span> <span class='ocrx_word' id='word_1_622' title='bbox 2838 2578 2953 2648; x_wconf 88' lang='lat' dir='ltr'><strong>jam</strong></span> <span class='ocrx_word' id='word_1_623' title='bbox 2991 2595 3097 2635; x_wconf 91' lang='lat' dir='ltr'><strong>non</strong></span> <span class='ocrx_word' id='word_1_624' title='bbox 3138 2587 3256 2633; x_wconf 77' lang='lat' dir='ltr'><strong>erat</strong></span> <span class='ocrx_word' id='word_1_625' title='bbox 3302 2595 3425 2649; x_wconf 82' lang='lat' dir='ltr'><strong>spes</strong></span> <span class='ocrx_word' id='word_1_626' title='bbox 3463 2579 3571 2634; x_wconf 89' lang='lat' dir='ltr'><strong>ulla</strong></span> <span class='ocrx_word' id='word_1_627' title='bbox 3604 2579 3684 2634; x_wconf 88' lang='lat' dir='ltr'><strong>vi-</strong></span> 
     </span>
    </p>
   </div>
   <div class='ocr_carea' id='block_1_86' title="bbox 2094 2671 3686 2742">
    <p class='ocr_par' dir='ltr' id='par_1_86' title="bbox 2094 2671 3686 2742">
     <span class='ocr_line' id='line_1_86' title="bbox 2094 2671 3686 2742; baseline -0.002 -16"><span class='ocrx_word' id='word_1_628' title='bbox 2094 2673 2274 2737; x_wconf 85' lang='lat' dir='ltr'><strong>vendi,</strong></span> <span class='ocrx_word' id='word_1_629' title='bbox 2302 2687 2401 2742; x_wconf 90' lang='lat' dir='ltr'><strong>per</strong></span> <span class='ocrx_word' id='word_1_630' title='bbox 2427 2673 2849 2728; x_wconf 88' lang='lat' dir='ltr'><strong>incarnationem</strong></span> <span class='ocrx_word' id='word_1_631' title='bbox 2883 2671 3042 2727; x_wconf 85' lang='lat' dir='ltr'><strong>Verbi</strong></span> <span class='ocrx_word' id='word_1_632' title='bbox 3085 2680 3322 2741; x_wconf 88' lang='lat' dir='ltr'><strong>potestas</strong></span> <span class='ocrx_word' id='word_1_633' title='bbox 3353 2673 3475 2724; x_wconf 90' lang='lat' dir='ltr'><strong>data</strong></span> <span class='ocrx_word' id='word_1_634' title='bbox 3506 2678 3590 2725; x_wconf 85' lang='lat' dir='ltr'><strong>est</strong></span> <span class='ocrx_word' id='word_1_635' title='bbox 3625 2677 3686 2724; x_wconf 85' lang='lat' dir='ltr'><strong>ut</strong></span> 
     </span>
    </p>
   </div>
   <div class='ocr_carea' id='block_1_87' title="bbox 2095 2761 3686 2833">
    <p class='ocr_par' dir='ltr' id='par_1_87' title="bbox 2095 2761 3686 2833">
     <span class='ocr_line' id='line_1_87' title="bbox 2095 2761 3686 2833; baseline -0.001 -16"><span class='ocrx_word' id='word_1_636' title='bbox 2095 2761 2162 2817; x_wconf 89' lang='lat' dir='ltr'><strong>de</strong></span> <span class='ocrx_word' id='word_1_637' title='bbox 2197 2761 2486 2833; x_wconf 81' lang='lat' dir='ltr'><strong>longinquo</strong></span> <span class='ocrx_word' id='word_1_638' title='bbox 2515 2763 2582 2816; x_wconf 90' lang='lat' dir='ltr'><strong>ad</strong></span> <span class='ocrx_word' id='word_1_639' title='bbox 2606 2771 2754 2816; x_wconf 90' lang='lat' dir='ltr'><strong>tuum</strong></span> <span class='ocrx_word' id='word_1_640' title='bbox 2781 2761 3070 2816; x_wconf 88' lang='lat' dir='ltr'><strong>revertaris</strong></span> <span class='ocrx_word' id='word_1_641' title='bbox 3101 2771 3400 2826; x_wconf 86' lang='lat' dir='ltr'><strong>auctorem,</strong></span> <span class='ocrx_word' id='word_1_642' title='bbox 3427 2775 3686 2832; x_wconf 55' lang='lat' dir='ltr'><strong>recognoa</strong></span> 
     </span>
    </p>
   </div>
   <div class='ocr_carea' id='block_1_88' title="bbox 2097 2851 3688 2923">
    <p class='ocr_par' dir='ltr' id='par_1_88' title="bbox 2097 2851 3688 2923">
     <span class='ocr_line' id='line_1_88' title="bbox 2097 2851 3688 2923; baseline -0.003 -16"><span class='ocrx_word' id='word_1_643' title='bbox 2097 2866 2220 2908; x_wconf 89' lang='lat' dir='ltr'><strong>scas</strong></span> <span class='ocrx_word' id='word_1_644' title='bbox 2241 2862 2544 2923; x_wconf 90' lang='lat' dir='ltr'><strong>parentem,</strong></span> <span class='ocrx_word' id='word_1_645' title='bbox 2579 2853 2716 2908; x_wconf 89' lang='lat' dir='ltr'><strong>liber</strong></span> <span class='ocrx_word' id='word_1_646' title='bbox 2753 2851 3002 2906; x_wconf 82' lang='lat' dir='ltr'><strong>eiiiciaris</strong></span> <span class='ocrx_word' id='word_1_647' title='bbox 3028 2867 3094 2906; x_wconf 80' lang='lat' dir='ltr'><strong>ex</strong></span> <span class='ocrx_word' id='word_1_648' title='bbox 3125 2867 3302 2916; x_wconf 87' lang='lat' dir='ltr'><strong>servo,</strong></span> <span class='ocrx_word' id='word_1_649' title='bbox 3334 2852 3401 2906; x_wconf 90' lang='lat' dir='ltr'><strong>de</strong></span> <span class='ocrx_word' id='word_1_650' title='bbox 3426 2861 3688 2906; x_wconf 67' lang='lat' dir='ltr'><strong>extraneo</strong></span> 
     </span>
    </p>
   </div>
   <div class='ocr_carea' id='block_1_89' title="bbox 2094 2942 3688 3014">
    <p class='ocr_par' dir='ltr' id='par_1_89' title="bbox 2094 2942 3688 3014">
     <span class='ocr_line' id='line_1_89' title="bbox 2094 2942 3688 3014; baseline -0.001 -16"><span class='ocrx_word' id='word_1_651' title='bbox 2094 2943 2412 3013; x_wconf 86' lang='lat' dir='ltr'><strong>proveharis</strong></span> <span class='ocrx_word' id='word_1_652' title='bbox 2438 2944 2490 2998; x_wconf 91' lang='lat' dir='ltr'><strong>in</strong></span> <span class='ocrx_word' id='word_1_653' title='bbox 2547 2942 2753 2998; x_wconf 89' lang='lat' dir='ltr'><strong>filium:</strong></span> <span class='ocrx_word' id='word_1_654' title='bbox 2793 2953 2852 2997; x_wconf 92' lang='lat' dir='ltr'><strong>ut</strong></span> <span class='ocrx_word' id='word_1_655' title='bbox 2902 2943 2992 3013; x_wconf 89' lang='lat' dir='ltr'><strong>qui</strong></span> <span class='ocrx_word' id='word_1_656' title='bbox 3045 2958 3110 2997; x_wconf 84' lang='lat' dir='ltr'><strong>ex</strong></span> <span class='ocrx_word' id='word_1_657' title='bbox 3141 2943 3477 3014; x_wconf 88' lang='lat' dir='ltr'><strong>corruptibili</strong></span> <span class='ocrx_word' id='word_1_658' title='bbox 3524 2959 3688 2997; x_wconf 88' lang='lat' dir='ltr'><strong>carne</strong></span> 
     </span>
    </p>
   </div>
   <div class='ocr_carea' id='block_1_90' title="bbox 2097 3032 3690 3104">
    <p class='ocr_par' dir='ltr' id='par_1_90' title="bbox 2097 3032 3690 3104">
     <span class='ocr_line' id='line_1_90' title="bbox 2097 3032 3690 3104; baseline -0.001 -17"><span class='ocrx_word' id='word_1_659' title='bbox 2097 3041 2256 3088; x_wconf 89' lang='lat' dir='ltr'><strong>natus</strong></span> <span class='ocrx_word' id='word_1_660' title='bbox 2283 3049 2363 3101; x_wconf 91' lang='lat' dir='ltr'><strong>es,</strong></span> <span class='ocrx_word' id='word_1_661' title='bbox 2401 3048 2466 3087; x_wconf 85' lang='lat' dir='ltr'><strong>ex</strong></span> <span class='ocrx_word' id='word_1_662' title='bbox 2507 3033 2602 3089; x_wconf 91' lang='lat' dir='ltr'><strong>Dei</strong></span> <span class='ocrx_word' id='word_1_663' title='bbox 2635 3032 2837 3104; x_wconf 91' lang='lat' dir='ltr'><strong>Spiritu</strong></span> <span class='ocrx_word' id='word_1_664' title='bbox 2881 3035 3208 3098; x_wconf 88' lang='lat' dir='ltr'><strong>renascaris,</strong></span> <span class='ocrx_word' id='word_1_665' title='bbox 3236 3043 3291 3088; x_wconf 89' lang='lat' dir='ltr'><strong>et</strong></span> <span class='ocrx_word' id='word_1_666' title='bbox 3318 3035 3565 3087; x_wconf 84' lang='lat' dir='ltr'><strong>obtinens</strong></span> <span class='ocrx_word' id='word_1_667' title='bbox 3592 3047 3690 3103; x_wconf 89' lang='lat' dir='ltr'><strong>per</strong></span> 
     </span>
    </p>
   </div>
   <div class='ocr_carea' id='block_1_91' title="bbox 2097 3123 3692 3195">
    <p class='ocr_par' dir='ltr' id='par_1_91' title="bbox 2097 3123 3692 3195">
     <span class='ocr_line' id='line_1_91' title="bbox 2097 3123 3692 3195; baseline 0.001 -17"><span class='ocrx_word' id='word_1_668' title='bbox 2097 3125 2322 3195; x_wconf 85' lang='lat' dir='ltr'><strong>gratiam</strong></span> <span class='ocrx_word' id='word_1_669' title='bbox 2369 3125 2512 3195; x_wconf 91' lang='lat' dir='ltr'><strong>quod</strong></span> <span class='ocrx_word' id='word_1_670' title='bbox 2576 3140 2680 3178; x_wconf 91' lang='lat' dir='ltr'><strong>non</strong></span> <span class='ocrx_word' id='word_1_671' title='bbox 2731 3124 2898 3180; x_wconf 87' lang='lat' dir='ltr'><strong>habes</strong></span> <span class='ocrx_word' id='word_1_672' title='bbox 2943 3139 3040 3194; x_wconf 85' lang='lat' dir='ltr'><strong>per</strong></span> <span class='ocrx_word' id='word_1_673' title='bbox 3092 3133 3362 3179; x_wconf 88' lang='lat' dir='ltr'><strong>naturam.</strong></span> <span class='ocrx_word' id='word_1_674' title='bbox 3418 3123 3692 3180; x_wconf 81' lang='lat' dir='ltr'><strong>Habentes</strong></span> 
     </span>
    </p>
   </div>
   <div class='ocr_carea' id='block_1_92' title="bbox 2097 3213 3688 3284">
    <p class='ocr_par' dir='ltr' id='par_1_92' title="bbox 2097 3213 3688 3284">
     <span class='ocr_line' id='line_1_92' title="bbox 2097 3213 3688 3284; baseline 0 -16"><span class='ocrx_word' id='word_1_675' title='bbox 2097 3228 2226 3284; x_wconf 84' lang='lat' dir='ltr'><strong>ergo</strong></span> <span class='ocrx_word' id='word_1_676' title='bbox 2248 3221 2411 3269; x_wconf 72' lang='lat' dir='ltr'><strong>tantae</strong></span> <span class='ocrx_word' id='word_1_677' title='bbox 2439 3215 2552 3283; x_wconf 89' lang='lat' dir='ltr'><strong>spei</strong></span> <span class='ocrx_word' id='word_1_678' title='bbox 2600 3213 2871 3280; x_wconf 83' lang='lat' dir='ltr'><strong>fiduciam,</strong></span> <span class='ocrx_word' id='word_1_679' title='bbox 2925 3214 3281 3279; x_wconf 89' lang='lat' dir='ltr'><strong>dilectissimi,</strong></span> <span class='ocrx_word' id='word_1_680' title='bbox 3335 3215 3388 3268; x_wconf 93' lang='lat' dir='ltr'><strong>in</strong></span> <span class='ocrx_word' id='word_1_681' title='bbox 3433 3215 3536 3269; x_wconf 87' lang='lat' dir='ltr'><strong>[ide</strong></span> <span class='ocrx_word' id='word_1_682' title='bbox 3582 3229 3688 3284; x_wconf 90' lang='lat' dir='ltr'><strong>qua</strong></span> 
     </span>
    </p>
   </div>
   <div class='ocr_carea' id='block_1_93' title="bbox 2097 3302 3688 3374">
    <p class='ocr_par' dir='ltr' id='par_1_93' title="bbox 2097 3302 3688 3374">
     <span class='ocr_line' id='line_1_93' title="bbox 2097 3302 3688 3374; baseline -0.001 -16"><span class='ocrx_word' id='word_1_683' title='bbox 2097 3302 2303 3359; x_wconf 86' lang='lat' dir='ltr'><strong>fundati</strong></span> <span class='ocrx_word' id='word_1_684' title='bbox 2341 3303 2472 3358; x_wconf 90' lang='lat' dir='ltr'><strong>estis</strong></span> <span class='ocrx_word' id='word_1_685' title='bbox 2499 3303 2723 3358; x_wconf 87' lang='lat' dir='ltr'><strong>stabiles</strong></span> <span class='ocrx_word' id='word_1_686' title='bbox 2745 3313 3092 3374; x_wconf 84' lang='lat' dir='ltr'><strong>permanctc;</strong></span> <span class='ocrx_word' id='word_1_687' title='bbox 3139 3305 3241 3359; x_wconf 86' lang='lat' dir='ltr'><strong>hoc</strong></span> <span class='ocrx_word' id='word_1_688' title='bbox 3277 3303 3529 3374; x_wconf 89' lang='lat' dir='ltr'><strong>operibus</strong></span> <span class='ocrx_word' id='word_1_689' title='bbox 3555 3319 3688 3359; x_wconf 87' lang='lat' dir='ltr'><strong>con-</strong></span> 
     </span>
    </p>
   </div>
   <div class='ocr_carea' id='block_1_94' title="bbox 2097 3393 3689 3467">
    <p class='ocr_par' dir='ltr' id='par_1_94' title="bbox 2097 3393 3689 3467">
     <span class='ocr_line' id='line_1_94' title="bbox 2097 3393 3689 3467; baseline -0.001 -16"><span class='ocrx_word' id='word_1_690' title='bbox 2097 3395 2276 3467; x_wconf 84' lang='lat' dir='ltr'><strong>dignis</strong></span> <span class='ocrx_word' id='word_1_691' title='bbox 2301 3393 2576 3460; x_wconf 80' lang='lat' dir='ltr'><strong>exhibete,</strong></span> <span class='ocrx_word' id='word_1_692' title='bbox 2608 3394 2751 3464; x_wconf 89' lang='lat' dir='ltr'><strong>quod</strong></span> <span class='ocrx_word' id='word_1_693' title='bbox 2782 3394 2914 3450; x_wconf 89' lang='lat' dir='ltr'><strong>dicti</strong></span> <span class='ocrx_word' id='word_1_694' title='bbox 2952 3395 3113 3450; x_wconf 90' lang='lat' dir='ltr'><strong>estis:</strong></span> <span class='ocrx_word' id='word_1_695' title='bbox 3149 3395 3358 3464; x_wconf 77' lang='lat' dir='ltr'><strong>insigne</strong></span> <span class='ocrx_word' id='word_1_696' title='bbox 3404 3395 3548 3449; x_wconf 88' lang='lat' dir='ltr'><strong>enim</strong></span> <span class='ocrx_word' id='word_1_697' title='bbox 3590 3410 3689 3449; x_wconf 87' lang='lat' dir='ltr'><strong>no-</strong></span> 
     </span>
    </p>
   </div>
   <div class='ocr_carea' id='block_1_95' title="bbox 2097 3483 3684 3554">
    <p class='ocr_par' dir='ltr' id='par_1_95' title="bbox 2097 3483 3684 3554">
     <span class='ocr_line' id='line_1_95' title="bbox 2097 3483 3684 3554; baseline -0.001 -14"><span class='ocrx_word' id='word_1_698' title='bbox 2097 3501 2222 3541; x_wconf 88' lang='lat' dir='ltr'><strong>men</strong></span> <span class='ocrx_word' id='word_1_699' title='bbox 2252 3485 2461 3541; x_wconf 91' lang='lat' dir='ltr'><strong>Domini</strong></span> <span class='ocrx_word' id='word_1_700' title='bbox 2494 3485 2659 3540; x_wconf 88' lang='lat' dir='ltr'><strong>vestri</strong></span> <span class='ocrx_word' id='word_1_701' title='bbox 2697 3485 2945 3554; x_wconf 87' lang='lat' dir='ltr'><strong>portatis,</strong></span> <span class='ocrx_word' id='word_1_702' title='bbox 2971 3493 3028 3540; x_wconf 91' lang='lat' dir='ltr'><strong>et</strong></span> <span class='ocrx_word' id='word_1_703' title='bbox 3056 3500 3087 3539; x_wconf 86' lang='lat' dir='ltr'><strong>a</strong></span> <span class='ocrx_word' id='word_1_704' title='bbox 3129 3484 3346 3539; x_wconf 86' lang='lat' dir='ltr'><strong>Christo</strong></span> <span class='ocrx_word' id='word_1_705' title='bbox 3391 3483 3684 3539; x_wconf 86' lang='lat' dir='ltr'><strong>Christiani</strong></span> 
     </span>
    </p>
   </div>
   <div class='ocr_carea' id='block_1_96' title="bbox 2097 3571 3687 3645">
    <p class='ocr_par' dir='ltr' id='par_1_96' title="bbox 2097 3571 3687 3645">
     <span class='ocr_line' id='line_1_96' title="bbox 2097 3571 3687 3645; baseline -0.001 -17"><span class='ocrx_word' id='word_1_706' title='bbox 2097 3575 2391 3645; x_wconf 88' lang='lat' dir='ltr'><strong>nuncupati</strong></span> <span class='ocrx_word' id='word_1_707' title='bbox 2420 3575 2586 3639; x_wconf 90' lang='lat' dir='ltr'><strong>estis;</strong></span> <span class='ocrx_word' id='word_1_708' title='bbox 2631 3574 2772 3643; x_wconf 83' lang='lat' dir='ltr'><strong>quod</strong></span> <span class='ocrx_word' id='word_1_709' title='bbox 2822 3582 2951 3628; x_wconf 90' lang='lat' dir='ltr'><strong>tunc</strong></span> <span class='ocrx_word' id='word_1_710' title='bbox 2977 3588 3104 3628; x_wconf 87' lang='lat' dir='ltr'><strong>vere</strong></span> <span class='ocrx_word' id='word_1_711' title='bbox 3141 3571 3201 3627; x_wconf 83' lang='lat' dir='ltr'><strong>fit</strong></span> <span class='ocrx_word' id='word_1_712' title='bbox 3233 3573 3275 3627; x_wconf 90' lang='lat' dir='ltr'><strong>si</strong></span> <span class='ocrx_word' id='word_1_713' title='bbox 3303 3572 3502 3628; x_wconf 86' lang='lat' dir='ltr'><strong>Christi</strong></span> <span class='ocrx_word' id='word_1_714' title='bbox 3547 3587 3687 3643; x_wconf 72' lang='lat' dir='ltr'><strong>pra:-</strong></span> 
     </span>
    </p>
   </div>
   <div class='ocr_carea' id='block_1_97' title="bbox 2096 3662 3686 3734">
    <p class='ocr_par' dir='ltr' id='par_1_97' title="bbox 2096 3662 3686 3734">
     <span class='ocr_line' id='line_1_97' title="bbox 2096 3662 3686 3734; baseline -0.003 -14"><span class='ocrx_word' id='word_1_715' title='bbox 2096 3673 2250 3734; x_wconf 88' lang='lat' dir='ltr'><strong>cepta</strong></span> <span class='ocrx_word' id='word_1_716' title='bbox 2278 3664 2530 3728; x_wconf 87' lang='lat' dir='ltr'><strong>servetis,</strong></span> <span class='ocrx_word' id='word_1_717' title='bbox 2578 3672 2634 3718; x_wconf 92' lang='lat' dir='ltr'><strong>et</strong></span> <span class='ocrx_word' id='word_1_718' title='bbox 2671 3662 2846 3718; x_wconf 85' lang='lat' dir='ltr'><strong>Patris</strong></span> <span class='ocrx_word' id='word_1_719' title='bbox 2875 3662 3113 3718; x_wconf 51' lang='lat' dir='ltr'><strong>caelestis</strong></span> <span class='ocrx_word' id='word_1_720' title='bbox 3156 3663 3484 3717; x_wconf 79' lang='lat' dir='ltr'><strong>voluntatem</strong></span> <span class='ocrx_word' id='word_1_721' title='bbox 3520 3662 3686 3717; x_wconf 80' lang='lat' dir='ltr'><strong>facia-</strong></span> 
     </span>
    </p>
   </div>
   <div class='ocr_carea' id='block_1_98' title="bbox 2099 3753 3686 3824">
    <p class='ocr_par' dir='ltr' id='par_1_98' title="bbox 2099 3753 3686 3824">
     <span class='ocr_line' id='line_1_98' title="bbox 2099 3753 3686 3824; baseline -0.001 -14"><span class='ocrx_word' id='word_1_722' title='bbox 2099 3757 2186 3810; x_wconf 88' lang='lat' dir='ltr'><strong>tis.</strong></span> <span class='ocrx_word' id='word_1_723' title='bbox 2216 3753 2392 3810; x_wconf 82' lang='lat' dir='ltr'><strong>Nolite</strong></span> <span class='ocrx_word' id='word_1_724' title='bbox 2416 3754 2693 3824; x_wconf 86' lang='lat' dir='ltr'><strong>despicere</strong></span> <span class='ocrx_word' id='word_1_725' title='bbox 2742 3755 2940 3808; x_wconf 88' lang='lat' dir='ltr'><strong>fratres</strong></span> <span class='ocrx_word' id='word_1_726' title='bbox 2988 3763 3196 3808; x_wconf 82' lang='lat' dir='ltr'><strong>vestros</strong></span> <span class='ocrx_word' id='word_1_727' title='bbox 3245 3754 3518 3817; x_wconf 91' lang='lat' dir='ltr'><strong>minimos,</strong></span> <span class='ocrx_word' id='word_1_728' title='bbox 3564 3768 3686 3808; x_wconf 90' lang='lat' dir='ltr'><strong>cum</strong></span> 
     </span>
    </p>
   </div>
   <div class='ocr_carea' id='block_1_99' title="bbox 2098 3841 3688 3916">
    <p class='ocr_par' dir='ltr' id='par_1_99' title="bbox 2098 3841 3688 3916">
     <span class='ocr_line' id='line_1_99' title="bbox 2098 3841 3688 3916; baseline 0 -18"><span class='ocrx_word' id='word_1_729' title='bbox 2098 3844 2293 3916; x_wconf 84' lang='lat' dir='ltr'><strong>quibus</strong></span> <span class='ocrx_word' id='word_1_730' title='bbox 2317 3844 2648 3899; x_wconf 90' lang='lat' dir='ltr'><strong>consortium</strong></span> <span class='ocrx_word' id='word_1_731' title='bbox 2687 3843 2922 3898; x_wconf 87' lang='lat' dir='ltr'><strong>nominis</strong></span> <span class='ocrx_word' id='word_1_732' title='bbox 2939 3841 3144 3898; x_wconf 87' lang='lat' dir='ltr'><strong>Christi</strong></span> <span class='ocrx_word' id='word_1_733' title='bbox 3175 3844 3370 3898; x_wconf 86' lang='lat' dir='ltr'><strong>tenetis</strong></span> <span class='ocrx_word' id='word_1_734' title='bbox 3397 3857 3413 3896; x_wconf 87' lang='lat'><strong>:</strong></span> <span class='ocrx_word' id='word_1_735' title='bbox 3445 3844 3539 3898; x_wconf 88' lang='lat' dir='ltr'><strong>sed</strong></span> <span class='ocrx_word' id='word_1_736' title='bbox 3567 3844 3688 3899; x_wconf 92' lang='lat' dir='ltr'><strong>illos</strong></span> 
     </span>
    </p>
   </div>
   <div class='ocr_carea' id='block_1_100' title="bbox 2098 3935 3686 4006">
    <p class='ocr_par' dir='ltr' id='par_1_100' title="bbox 2098 3935 3686 4006">
     <span class='ocr_line' id='line_1_100' title="bbox 2098 3935 3686 4006; baseline -0.003 -12"><span class='ocrx_word' id='word_1_737' title='bbox 2098 3940 2167 3996; x_wconf 90' lang='lat' dir='ltr'><strong>ad</strong></span> <span class='ocrx_word' id='word_1_738' title='bbox 2193 3939 2442 3995; x_wconf 88' lang='lat' dir='ltr'><strong>convivia</strong></span> <span class='ocrx_word' id='word_1_739' title='bbox 2490 3947 2692 4003; x_wconf 88' lang='lat' dir='ltr'><strong>vestra,</strong></span> <span class='ocrx_word' id='word_1_740' title='bbox 2736 3935 3030 3992; x_wconf 89' lang='lat' dir='ltr'><strong>secundum</strong></span> <span class='ocrx_word' id='word_1_741' title='bbox 3080 3935 3291 3990; x_wconf 89' lang='lat' dir='ltr'><strong>Domini</strong></span> <span class='ocrx_word' id='word_1_742' title='bbox 3338 3945 3686 4006; x_wconf 69' lang='lat' dir='ltr'><strong>praeceptum,</strong></span> 
     </span>
    </p>
   </div>
   <div class='ocr_carea' id='block_1_101' title="bbox 2099 4026 3686 4102">
    <p class='ocr_par' dir='ltr' id='par_1_101' title="bbox 2099 4026 3686 4102">
     <span class='ocr_line' id='line_1_101' title="bbox 2099 4026 3686 4102; baseline -0.004 -15"><span class='ocrx_word' id='word_1_743' title='bbox 2099 4031 2434 4102; x_wconf 86' lang='lat' dir='ltr'><strong>frequentius</strong></span> <span class='ocrx_word' id='word_1_744' title='bbox 2463 4037 2732 4085; x_wconf 82' lang='lat' dir='ltr'><strong>revocate.</strong></span> <span class='ocrx_word' id='word_1_745' title='bbox 2764 4026 2880 4082; x_wconf 85' lang='lat' dir='ltr'><strong>Non</strong></span> <span class='ocrx_word' id='word_1_746' title='bbox 2927 4034 3012 4082; x_wconf 89' lang='lat' dir='ltr'><strong>est</strong></span> <span class='ocrx_word' id='word_1_747' title='bbox 3054 4027 3260 4098; x_wconf 87' lang='lat' dir='ltr'><strong>justum</strong></span> <span class='ocrx_word' id='word_1_748' title='bbox 3303 4035 3362 4080; x_wconf 91' lang='lat' dir='ltr'><strong>ut</strong></span> <span class='ocrx_word' id='word_1_749' title='bbox 3410 4026 3463 4081; x_wconf 90' lang='lat' dir='ltr'><strong>in</strong></span> <span class='ocrx_word' id='word_1_750' title='bbox 3501 4035 3686 4081; x_wconf 85' lang='lat' dir='ltr'><strong>sancta</strong></span> 
     </span>
    </p>
   </div>
   <div class='ocr_carea' id='block_1_102' title="bbox 2099 4118 3686 4192">
    <p class='ocr_par' dir='ltr' id='par_1_102' title="bbox 2099 4118 3686 4192">
     <span class='ocr_line' id='line_1_102' title="bbox 2099 4118 3686 4192; baseline -0.003 -13"><span class='ocrx_word' id='word_1_751' title='bbox 2099 4122 2460 4184; x_wconf 87' lang='lat' dir='ltr'><strong>solemnitate,</strong></span> <span class='ocrx_word' id='word_1_752' title='bbox 2491 4122 2547 4176; x_wconf 90' lang='lat' dir='ltr'><strong>in</strong></span> <span class='ocrx_word' id='word_1_753' title='bbox 2576 4119 2774 4192; x_wconf 84' lang='lat' dir='ltr'><strong>populo</strong></span> <span class='ocrx_word' id='word_1_754' title='bbox 2815 4118 3126 4174; x_wconf 89' lang='lat' dir='ltr'><strong>Christiano</strong></span> <span class='ocrx_word' id='word_1_755' title='bbox 3169 4118 3237 4173; x_wconf 87' lang='lat' dir='ltr'><strong>ad</strong></span> <span class='ocrx_word' id='word_1_756' title='bbox 3286 4134 3454 4173; x_wconf 89' lang='lat' dir='ltr'><strong>unum</strong></span> <span class='ocrx_word' id='word_1_757' title='bbox 3501 4119 3686 4175; x_wconf 88' lang='lat' dir='ltr'><strong>Domi-</strong></span> 
     </span>
    </p>
   </div>
   <div class='ocr_carea' id='block_1_103' title="bbox 2101 4209 3688 4282">
    <p class='ocr_par' dir='ltr' id='par_1_103' title="bbox 2101 4209 3688 4282">
     <span class='ocr_line' id='line_1_103' title="bbox 2101 4209 3688 4282; baseline 0.001 -16"><span class='ocrx_word' id='word_1_758' title='bbox 2101 4227 2226 4266; x_wconf 91' lang='lat' dir='ltr'><strong>num</strong></span> <span class='ocrx_word' id='word_1_759' title='bbox 2254 4212 2577 4282; x_wconf 88' lang='lat' dir='ltr'><strong>pertinente,</strong></span> <span class='ocrx_word' id='word_1_760' title='bbox 2607 4209 2699 4264; x_wconf 89' lang='lat' dir='ltr'><strong>alii</strong></span> <span class='ocrx_word' id='word_1_761' title='bbox 2730 4211 3086 4276; x_wconf 89' lang='lat' dir='ltr'><strong>inebrientur,</strong></span> <span class='ocrx_word' id='word_1_762' title='bbox 3113 4209 3203 4264; x_wconf 89' lang='lat' dir='ltr'><strong>alii</strong></span> <span class='ocrx_word' id='word_1_763' title='bbox 3247 4210 3407 4266; x_wconf 85' lang='lat' dir='ltr'><strong>famis</strong></span> <span class='ocrx_word' id='word_1_764' title='bbox 3449 4211 3688 4281; x_wconf 84' lang='lat' dir='ltr'><strong>periculo</strong></span> 
     </span>
    </p>
   </div>
   <div class='ocr_carea' id='block_1_104' title="bbox 2098 4301 3687 4372">
    <p class='ocr_par' dir='ltr' id='par_1_104' title="bbox 2098 4301 3687 4372">
     <span class='ocr_line' id='line_1_104' title="bbox 2098 4301 3687 4372; baseline 0.001 -15"><span class='ocrx_word' id='word_1_765' title='bbox 2098 4303 2427 4358; x_wconf 69' lang='lat' dir='ltr'><strong>crucientur.</strong></span> <span class='ocrx_word' id='word_1_766' title='bbox 2475 4301 2543 4356; x_wconf 90' lang='lat' dir='ltr'><strong>Et</strong></span> <span class='ocrx_word' id='word_1_767' title='bbox 2592 4316 2708 4364; x_wconf 89' lang='lat' dir='ltr'><strong>nos,</strong></span> <span class='ocrx_word' id='word_1_768' title='bbox 2755 4309 2813 4356; x_wconf 89' lang='lat' dir='ltr'><strong>et</strong></span> <span class='ocrx_word' id='word_1_769' title='bbox 2840 4301 3018 4356; x_wconf 89' lang='lat' dir='ltr'><strong>omnis</strong></span> <span class='ocrx_word' id='word_1_770' title='bbox 3065 4301 3292 4372; x_wconf 73' lang='lat' dir='ltr'><strong>pupulas</strong></span> <span class='ocrx_word' id='word_1_771' title='bbox 3324 4301 3687 4368; x_wconf 81' lang='lat' dir='ltr'><strong>Christianus,</strong></span> 
     </span>
    </p>
   </div>
   <div class='ocr_carea' id='block_1_105' title="bbox 2101 4389 3683 4461">
    <p class='ocr_par' dir='ltr' id='par_1_105' title="bbox 2101 4389 3683 4461">
     <span class='ocr_line' id='line_1_105' title="bbox 2101 4389 3683 4461; baseline 0.001 -15"><span class='ocrx_word' id='word_1_772' title='bbox 2101 4391 2259 4446; x_wconf 89' lang='lat' dir='ltr'><strong>unius</strong></span> <span class='ocrx_word' id='word_1_773' title='bbox 2286 4390 2496 4446; x_wconf 89' lang='lat' dir='ltr'><strong>Domini</strong></span> <span class='ocrx_word' id='word_1_774' title='bbox 2520 4389 2663 4444; x_wconf 88' lang='lat' dir='ltr'><strong>servi</strong></span> <span class='ocrx_word' id='word_1_775' title='bbox 2689 4404 2894 4455; x_wconf 89' lang='lat' dir='ltr'><strong>sumus,</strong></span> <span class='ocrx_word' id='word_1_776' title='bbox 2927 4405 3036 4444; x_wconf 91' lang='lat' dir='ltr'><strong>uno</strong></span> <span class='ocrx_word' id='word_1_777' title='bbox 3070 4391 3246 4461; x_wconf 87' lang='lat' dir='ltr'><strong>pretio</strong></span> <span class='ocrx_word' id='word_1_778' title='bbox 3285 4391 3551 4461; x_wconf 86' lang='lat' dir='ltr'><strong>redempti</strong></span> <span class='ocrx_word' id='word_1_779' title='bbox 3585 4406 3683 4447; x_wconf 88' lang='lat' dir='ltr'><strong>su—</strong></span> 
     </span>
    </p>
   </div>
   <div class='ocr_carea' id='block_1_106' title="bbox 2102 4479 3688 4552">
    <p class='ocr_par' dir='ltr' id='par_1_106' title="bbox 2102 4479 3688 4552">
     <span class='ocr_line' id='line_1_106' title="bbox 2102 4479 3688 4552; baseline -0.001 -14"><span class='ocrx_word' id='word_1_780' title='bbox 2102 4499 2242 4547; x_wconf 89' lang='lat' dir='ltr'><strong>mus,</strong></span> <span class='ocrx_word' id='word_1_781' title='bbox 2275 4481 2391 4552; x_wconf 90' lang='lat' dir='ltr'><strong>pari</strong></span> <span class='ocrx_word' id='word_1_782' title='bbox 2421 4480 2731 4536; x_wconf 86' lang='lat' dir='ltr'><strong>conditione</strong></span> <span class='ocrx_word' id='word_1_783' title='bbox 2764 4480 2818 4534; x_wconf 92' lang='lat' dir='ltr'><strong>in</strong></span> <span class='ocrx_word' id='word_1_784' title='bbox 2864 4479 3009 4535; x_wconf 89' lang='lat' dir='ltr'><strong>hunc</strong></span> <span class='ocrx_word' id='word_1_785' title='bbox 3037 4481 3298 4535; x_wconf 88' lang='lat' dir='ltr'><strong>mundum</strong></span> <span class='ocrx_word' id='word_1_786' title='bbox 3347 4481 3688 4547; x_wconf 88' lang='lat' dir='ltr'><strong>intravimus,</strong></span> 
     </span>
    </p>
   </div>
   <div class='ocr_carea' id='block_1_107' title="bbox 2103 4570 3687 4643">
    <p class='ocr_par' dir='ltr' id='par_1_107' title="bbox 2103 4570 3687 4643">
     <span class='ocr_line' id='line_1_107' title="bbox 2103 4570 3687 4643; baseline -0.004 -12"><span class='ocrx_word' id='word_1_787' title='bbox 2103 4574 2264 4631; x_wconf 89' lang='lat' dir='ltr'><strong>simili</strong></span> <span class='ocrx_word' id='word_1_788' title='bbox 2291 4574 2453 4629; x_wconf 88' lang='lat' dir='ltr'><strong>etiam</strong></span> <span class='ocrx_word' id='word_1_789' title='bbox 2480 4573 2628 4628; x_wconf 81' lang='lat' dir='ltr'><strong>exitu</strong></span> <span class='ocrx_word' id='word_1_790' title='bbox 2653 4571 2936 4643; x_wconf 87' lang='lat' dir='ltr'><strong>migraturi</strong></span> <span class='ocrx_word' id='word_1_791' title='bbox 2979 4585 3185 4636; x_wconf 82' lang='lat' dir='ltr'><strong>sumus,</strong></span> <span class='ocrx_word' id='word_1_792' title='bbox 3231 4580 3288 4627; x_wconf 89' lang='lat' dir='ltr'><strong>et</strong></span> <span class='ocrx_word' id='word_1_793' title='bbox 3323 4572 3370 4626; x_wconf 88' lang='lat' dir='ltr'><strong>si</strong></span> <span class='ocrx_word' id='word_1_794' title='bbox 3407 4571 3546 4627; x_wconf 85' lang='lat' dir='ltr'><strong>bene</strong></span> <span class='ocrx_word' id='word_1_795' title='bbox 3569 4570 3687 4642; x_wconf 86' lang='lat' dir='ltr'><strong>agi-</strong></span> 
     </span>
    </p>
   </div>
   <div class='ocr_carea' id='block_1_108' title="bbox 2104 4661 3689 4734">
    <p class='ocr_par' dir='ltr' id='par_1_108' title="bbox 2104 4661 3689 4734">
     <span class='ocr_line' id='line_1_108' title="bbox 2104 4661 3689 4734; baseline -0.002 -15"><span class='ocrx_word' id='word_1_796' title='bbox 2104 4681 2242 4731; x_wconf 89' lang='lat' dir='ltr'><strong>mus,</strong></span> <span class='ocrx_word' id='word_1_797' title='bbox 2271 4666 2336 4720; x_wconf 89' lang='lat' dir='ltr'><strong>ad</strong></span> <span class='ocrx_word' id='word_1_798' title='bbox 2358 4680 2522 4719; x_wconf 88' lang='lat' dir='ltr'><strong>unam</strong></span> <span class='ocrx_word' id='word_1_799' title='bbox 2549 4663 2937 4719; x_wconf 85' lang='lat' dir='ltr'><strong>beatitudinem</strong></span> <span class='ocrx_word' id='word_1_800' title='bbox 2963 4663 3166 4734; x_wconf 76' lang='lat' dir='ltr'><strong>pariter</strong></span> <span class='ocrx_word' id='word_1_801' title='bbox 3191 4663 3486 4717; x_wconf 66' lang='lat' dir='ltr'><strong>veniemus.</strong></span> <span class='ocrx_word' id='word_1_802' title='bbox 3510 4661 3689 4729; x_wconf 84' lang='lat' dir='ltr'><strong>Quare</strong></span> 
     </span>
    </p>
   </div>
   <div class='ocr_carea' id='block_1_109' title="bbox 2101 4752 3689 4828">
    <p class='ocr_par' dir='ltr' id='par_1_109' title="bbox 2101 4752 3689 4828">
     <span class='ocr_line' id='line_1_109' title="bbox 2101 4752 3689 4828; baseline -0.003 -17"><span class='ocrx_word' id='word_1_803' title='bbox 2101 4771 2230 4828; x_wconf 89' lang='lat' dir='ltr'><strong>ergo</strong></span> <span class='ocrx_word' id='word_1_804' title='bbox 2257 4771 2461 4826; x_wconf 88' lang='lat' dir='ltr'><strong>pauper</strong></span> <span class='ocrx_word' id='word_1_805' title='bbox 2502 4763 2680 4810; x_wconf 88' lang='lat' dir='ltr'><strong>tecum</strong></span> <span class='ocrx_word' id='word_1_806' title='bbox 2725 4769 2830 4810; x_wconf 93' lang='lat' dir='ltr'><strong>non</strong></span> <span class='ocrx_word' id='word_1_807' title='bbox 2862 4753 3089 4822; x_wconf 88' lang='lat' dir='ltr'><strong>accipiat</strong></span> <span class='ocrx_word' id='word_1_808' title='bbox 3123 4753 3325 4818; x_wconf 89' lang='lat' dir='ltr'><strong>cibum,</strong></span> <span class='ocrx_word' id='word_1_809' title='bbox 3370 4752 3464 4821; x_wconf 90' lang='lat' dir='ltr'><strong>qui</strong></span> <span class='ocrx_word' id='word_1_810' title='bbox 3509 4760 3689 4807; x_wconf 88' lang='lat' dir='ltr'><strong>tecum</strong></span> 
     </span>
    </p>
   </div>
   <div class='ocr_carea' id='block_1_110' title="bbox 2102 4843 3690 4917">
    <p class='ocr_par' dir='ltr' id='par_1_110' title="bbox 2102 4843 3690 4917">
     <span class='ocr_line' id='line_1_110' title="bbox 2102 4843 3690 4917; baseline -0.004 -16"><span class='ocrx_word' id='word_1_811' title='bbox 2102 4856 2420 4917; x_wconf 79' lang='lat' dir='ltr'><strong>accepturus</strong></span> <span class='ocrx_word' id='word_1_812' title='bbox 2445 4853 2529 4901; x_wconf 87' lang='lat' dir='ltr'><strong>est</strong></span> <span class='ocrx_word' id='word_1_813' title='bbox 2570 4860 2830 4916; x_wconf 83' lang='lat' dir='ltr'><strong>regnum:</strong></span> <span class='ocrx_word' id='word_1_814' title='bbox 2863 4859 3031 4914; x_wconf 85' lang='lat' dir='ltr'><strong>quare</strong></span> <span class='ocrx_word' id='word_1_815' title='bbox 3079 4857 3284 4912; x_wconf 88' lang='lat' dir='ltr'><strong>pauper</strong></span> <span class='ocrx_word' id='word_1_816' title='bbox 3325 4858 3430 4896; x_wconf 90' lang='lat' dir='ltr'><strong>non</strong></span> <span class='ocrx_word' id='word_1_817' title='bbox 3460 4843 3690 4912; x_wconf 88' lang='lat' dir='ltr'><strong>accipiat</strong></span> 
     </span>
    </p>
   </div>
   <div class='ocr_carea' id='block_1_111' title="bbox 2109 4933 3692 5005">
    <p class='ocr_par' dir='ltr' id='par_1_111' title="bbox 2109 4933 3692 5005">
     <span class='ocr_line' id='line_1_111' title="bbox 2109 4933 3692 5005; baseline -0.002 -16"><span class='ocrx_word' id='word_1_818' title='bbox 2109 4936 2194 4992; x_wconf 84' lang='lat' dir='ltr'><strong>vel</strong></span> <span class='ocrx_word' id='word_1_819' title='bbox 2219 4943 2454 4990; x_wconf 87' lang='lat' dir='ltr'><strong>veterem</strong></span> <span class='ocrx_word' id='word_1_820' title='bbox 2493 4935 2753 5000; x_wconf 90' lang='lat' dir='ltr'><strong>tunicam,</strong></span> <span class='ocrx_word' id='word_1_821' title='bbox 2793 4934 2884 5005; x_wconf 91' lang='lat' dir='ltr'><strong>qui</strong></span> <span class='ocrx_word' id='word_1_822' title='bbox 2927 4942 3102 4988; x_wconf 88' lang='lat' dir='ltr'><strong>tecum</strong></span> <span class='ocrx_word' id='word_1_823' title='bbox 3136 4942 3450 5002; x_wconf 89' lang='lat' dir='ltr'><strong>recepturus</strong></span> <span class='ocrx_word' id='word_1_824' title='bbox 3478 4941 3561 4987; x_wconf 91' lang='lat' dir='ltr'><strong>est</strong></span> <span class='ocrx_word' id='word_1_825' title='bbox 3590 4933 3692 4986; x_wconf 88' lang='lat' dir='ltr'><strong>im-</strong></span> 
     </span>
    </p>
   </div>
   <div class='ocr_carea' id='block_1_112' title="bbox 2111 5027 3691 5096">
    <p class='ocr_par' dir='ltr' id='par_1_112' title="bbox 2111 5027 3691 5096">
     <span class='ocr_line' id='line_1_112' title="bbox 2111 5027 3691 5096; baseline -0.003 -14"><span class='ocrx_word' id='word_1_826' title='bbox 2111 5027 2458 5083; x_wconf 87' lang='lat' dir='ltr'><strong>mortalitatis</strong></span> <span class='ocrx_word' id='word_1_827' title='bbox 2491 5027 2680 5082; x_wconf 89' lang='lat' dir='ltr'><strong>stolam</strong></span> <span class='ocrx_word' id='word_1_828' title='bbox 2705 5043 2720 5092; x_wconf 93' lang='lat'><strong>;</strong></span> <span class='ocrx_word' id='word_1_829' title='bbox 2750 5041 2917 5095; x_wconf 90' lang='lat' dir='ltr'><strong>quare</strong></span> <span class='ocrx_word' id='word_1_830' title='bbox 2943 5041 3145 5096; x_wconf 91' lang='lat' dir='ltr'><strong>pauper</strong></span> <span class='ocrx_word' id='word_1_831' title='bbox 3173 5041 3280 5080; x_wconf 90' lang='lat' dir='ltr'><strong>non</strong></span> <span class='ocrx_word' id='word_1_832' title='bbox 3308 5034 3582 5080; x_wconf 88' lang='lat' dir='ltr'><strong>mereatur</strong></span> <span class='ocrx_word' id='word_1_833' title='bbox 3601 5040 3691 5079; x_wconf 88' lang='lat' dir='ltr'><strong>ac-</strong></span> 
     </span>
    </p>
   </div>
   <div class='ocr_carea' id='block_1_113' title="bbox 2109 5116 3690 5188">
    <p class='ocr_par' dir='ltr' id='par_1_113' title="bbox 2109 5116 3690 5188">
     <span class='ocr_line' id='line_1_113' title="bbox 2109 5116 3690 5188; baseline -0.001 -16"><span class='ocrx_word' id='word_1_834' title='bbox 2109 5119 2288 5188; x_wconf 82' lang='lat' dir='ltr'><strong>cipere</strong></span> <span class='ocrx_word' id='word_1_835' title='bbox 2314 5133 2508 5188; x_wconf 84' lang='lat' dir='ltr'><strong>panem</strong></span> <span class='ocrx_word' id='word_1_836' title='bbox 2546 5126 2720 5183; x_wconf 90' lang='lat' dir='ltr'><strong>tuum,</strong></span> <span class='ocrx_word' id='word_1_837' title='bbox 2747 5117 2840 5187; x_wconf 89' lang='lat' dir='ltr'><strong>qui</strong></span> <span class='ocrx_word' id='word_1_838' title='bbox 2870 5125 3049 5172; x_wconf 86' lang='lat' dir='ltr'><strong>tecum</strong></span> <span class='ocrx_word' id='word_1_839' title='bbox 3089 5117 3287 5171; x_wconf 90' lang='lat' dir='ltr'><strong>meruit</strong></span> <span class='ocrx_word' id='word_1_840' title='bbox 3328 5117 3572 5186; x_wconf 89' lang='lat' dir='ltr'><strong>accipere</strong></span> <span class='ocrx_word' id='word_1_841' title='bbox 3596 5116 3690 5170; x_wconf 88' lang='lat' dir='ltr'><strong>ba-</strong></span> 
     </span>
    </p>
   </div>
   <div class='ocr_carea' id='block_1_114' title="bbox 2108 5207 3691 5278">
    <p class='ocr_par' dir='ltr' id='par_1_114' title="bbox 2108 5207 3691 5278">
     <span class='ocr_line' id='line_1_114' title="bbox 2108 5207 3691 5278; baseline -0.001 -17"><span class='ocrx_word' id='word_1_842' title='bbox 2108 5209 2290 5278; x_wconf 89' lang='lat' dir='ltr'><strong>ptismi</strong></span> <span class='ocrx_word' id='word_1_843' title='bbox 2317 5215 2757 5263; x_wconf 88' lang='lat' dir='ltr'><strong>sacramentum:</strong></span> <span class='ocrx_word' id='word_1_844' title='bbox 2796 5223 2894 5262; x_wconf 93' lang='lat' dir='ltr'><strong>cur</strong></span> <span class='ocrx_word' id='word_1_845' title='bbox 2934 5208 3186 5278; x_wconf 80' lang='lat' dir='ltr'><strong>indignus</strong></span> <span class='ocrx_word' id='word_1_846' title='bbox 3223 5217 3308 5263; x_wconf 87' lang='lat' dir='ltr'><strong>est</strong></span> <span class='ocrx_word' id='word_1_847' title='bbox 3336 5207 3582 5277; x_wconf 84' lang='lat' dir='ltr'><strong>accipere</strong></span> <span class='ocrx_word' id='word_1_848' title='bbox 3607 5207 3691 5262; x_wconf 87' lang='lat' dir='ltr'><strong>vel</strong></span> 
     </span>
    </p>
   </div>
   <div class='ocr_carea' id='block_1_115' title="bbox 2109 5295 3691 5367">
    <p class='ocr_par' dir='ltr' id='par_1_115' title="bbox 2109 5295 3691 5367">
     <span class='ocr_line' id='line_1_115' title="bbox 2109 5295 3691 5367; baseline -0.001 -15"><span class='ocrx_word' id='word_1_849' title='bbox 2109 5297 2364 5367; x_wconf 85' lang='lat' dir='ltr'><strong>reliquias</strong></span> <span class='ocrx_word' id='word_1_850' title='bbox 2390 5298 2631 5352; x_wconf 90' lang='lat' dir='ltr'><strong>ciborum</strong></span> <span class='ocrx_word' id='word_1_851' title='bbox 2655 5305 2887 5362; x_wconf 87' lang='lat' dir='ltr'><strong>tuorum,</strong></span> <span class='ocrx_word' id='word_1_852' title='bbox 2917 5297 3008 5367; x_wconf 87' lang='lat' dir='ltr'><strong>qui</strong></span> <span class='ocrx_word' id='word_1_853' title='bbox 3034 5306 3208 5352; x_wconf 87' lang='lat' dir='ltr'><strong>tecum</strong></span> <span class='ocrx_word' id='word_1_854' title='bbox 3239 5306 3498 5352; x_wconf 86' lang='lat' dir='ltr'><strong>venturus</strong></span> <span class='ocrx_word' id='word_1_855' title='bbox 3519 5305 3605 5351; x_wconf 88' lang='lat' dir='ltr'><strong>est</strong></span> <span class='ocrx_word' id='word_1_856' title='bbox 3622 5295 3691 5350; x_wconf 86' lang='lat' dir='ltr'><strong>ad</strong></span> 
     </span>
    </p>
   </div>
   <div class='ocr_carea' id='block_1_116' title="bbox 2103 5388 3691 5462">
    <p class='ocr_par' dir='ltr' id='par_1_116' title="bbox 2103 5388 3691 5462">
     <span class='ocr_line' id='line_1_116' title="bbox 2103 5388 3691 5462; baseline -0.003 -16"><span class='ocrx_word' id='word_1_857' title='bbox 2103 5392 2407 5446; x_wconf 86' lang='lat' dir='ltr'><strong>convivium</strong></span> <span class='ocrx_word' id='word_1_858' title='bbox 2427 5391 2784 5462; x_wconf 87' lang='lat' dir='ltr'><strong>angelorum?</strong></span> <span class='ocrx_word' id='word_1_859' title='bbox 2817 5390 2961 5455; x_wconf 68' lang='lat' dir='ltr'><strong>&quot;me,</strong></span> <span class='ocrx_word' id='word_1_860' title='bbox 2987 5389 3202 5457; x_wconf 84' lang='lat' dir='ltr'><strong>fratres,</strong></span> <span class='ocrx_word' id='word_1_861' title='bbox 3231 5391 3485 5446; x_wconf 87' lang='lat' dir='ltr'><strong>attentius</strong></span> <span class='ocrx_word' id='word_1_862' title='bbox 3515 5388 3691 5444; x_wconf 85' lang='lat' dir='ltr'><strong>oonsi-</strong></span> 
     </span>
    </p>
   </div>
   <div class='ocr_carea' id='block_1_117' title="bbox 2104 5479 3692 5552">
    <p class='ocr_par' dir='ltr' id='par_1_117' title="bbox 2104 5479 3692 5552">
     <span class='ocr_line' id='line_1_117' title="bbox 2104 5479 3692 5552; baseline -0.003 -14"><span class='ocrx_word' id='word_1_863' title='bbox 2104 5484 2309 5546; x_wconf 87' lang='lat' dir='ltr'><strong>derate,</strong></span> <span class='ocrx_word' id='word_1_864' title='bbox 2342 5483 2454 5536; x_wconf 67' lang='lat' dir='ltr'><strong>haec</strong></span> <span class='ocrx_word' id='word_1_865' title='bbox 2477 5482 2594 5537; x_wconf 92' lang='lat' dir='ltr'><strong>sine</strong></span> <span class='ocrx_word' id='word_1_866' title='bbox 2619 5497 2767 5536; x_wconf 87' lang='lat' dir='ltr'><strong>mora</strong></span> <span class='ocrx_word' id='word_1_867' title='bbox 2802 5481 3024 5552; x_wconf 84' lang='lat' dir='ltr'><strong>implere</strong></span> <span class='ocrx_word' id='word_1_868' title='bbox 3054 5481 3322 5546; x_wconf 89' lang='lat' dir='ltr'><strong>festinate,</strong></span> <span class='ocrx_word' id='word_1_869' title='bbox 3348 5490 3407 5534; x_wconf 93' lang='lat' dir='ltr'><strong>ut</strong></span> <span class='ocrx_word' id='word_1_870' title='bbox 3431 5495 3554 5536; x_wconf 89' lang='lat' dir='ltr'><strong>cum</strong></span> <span class='ocrx_word' id='word_1_871' title='bbox 3575 5479 3692 5534; x_wconf 85' lang='lat' dir='ltr'><strong>dies</strong></span> 
     </span>
    </p>
   </div>
   <div class='ocr_carea' id='block_1_118' title="bbox 2101 5569 3690 5644">
    <p class='ocr_par' dir='ltr' id='par_1_118' title="bbox 2101 5569 3690 5644">
     <span class='ocr_line' id='line_1_118' title="bbox 2101 5569 3690 5644; baseline -0.001 -19"><span class='ocrx_word' id='word_1_872' title='bbox 2101 5574 2286 5643; x_wconf 86' lang='lat' dir='ltr'><strong>judicii</strong></span> <span class='ocrx_word' id='word_1_873' title='bbox 2319 5573 2542 5636; x_wconf 82' lang='lat' dir='ltr'><strong>venerit,</strong></span> <span class='ocrx_word' id='word_1_874' title='bbox 2574 5588 2700 5638; x_wconf 90' lang='lat' dir='ltr'><strong>non,</strong></span> <span class='ocrx_word' id='word_1_875' title='bbox 2737 5588 2859 5626; x_wconf 91' lang='lat' dir='ltr'><strong>cum</strong></span> <span class='ocrx_word' id='word_1_876' title='bbox 2883 5573 2964 5628; x_wconf 92' lang='lat' dir='ltr'><strong>eis</strong></span> <span class='ocrx_word' id='word_1_877' title='bbox 3007 5576 3098 5644; x_wconf 91' lang='lat' dir='ltr'><strong>qui</strong></span> <span class='ocrx_word' id='word_1_878' title='bbox 3125 5588 3267 5628; x_wconf 91' lang='lat' dir='ltr'><strong>nunc</strong></span> <span class='ocrx_word' id='word_1_879' title='bbox 3293 5586 3557 5641; x_wconf 85' lang='lat' dir='ltr'><strong>pauperes</strong></span> <span class='ocrx_word' id='word_1_880' title='bbox 3591 5569 3690 5624; x_wconf 88' lang='lat' dir='ltr'><strong>de-</strong></span> 
     </span>
    </p>
   </div>
   <div class='ocr_carea' id='block_1_119' title="bbox 2108 5660 3688 5736">
    <p class='ocr_par' dir='ltr' id='par_1_119' title="bbox 2108 5660 3688 5736">
     <span class='ocr_line' id='line_1_119' title="bbox 2108 5660 3688 5736; baseline -0.004 -16"><span class='ocrx_word' id='word_1_881' title='bbox 2108 5667 2358 5736; x_wconf 87' lang='lat' dir='ltr'><strong>spiciunt,</strong></span> <span class='ocrx_word' id='word_1_882' title='bbox 2411 5668 2731 5723; x_wconf 85' lang='lat' dir='ltr'><strong>audiamus:</strong></span> <span class='ocrx_word' id='word_1_883' title='bbox 2777 5666 3037 5722; x_wconf 68' lang='lat' dir='ltr'><strong>Discedite</strong></span> <span class='ocrx_word' id='word_1_884' title='bbox 3077 5687 3108 5722; x_wconf 90' lang='lat' dir='ltr'><strong>a</strong></span> <span class='ocrx_word' id='word_1_885' title='bbox 3155 5683 3258 5732; x_wconf 90' lang='lat' dir='ltr'><strong>me,</strong></span> <span class='ocrx_word' id='word_1_886' title='bbox 3304 5664 3590 5730; x_wconf 80' lang='lat' dir='ltr'><strong>maledicti,</strong></span> <span class='ocrx_word' id='word_1_887' title='bbox 3633 5660 3688 5714; x_wconf 78' lang='lat' dir='ltr'><strong>in</strong></span> 
     </span>
    </p>
   </div>
  </div>
