4040 6188
265 402 327 456 t7
1232 397 1539 454 nostth
1580 396 1667 451 DE
1705 393 1944 453 rasus
1981 392 2388 462 PR1EClPUlS,
2430 396 2580 451 me.
2696 390 2717 420 ι
3475 402 3555 455 ,8.

260 517 430 585 ignem
456 521 713 567 a'ternum
762 510 981 583 (Matth.
1004 510 1132 581 xxv)
1161 527 1176 576 ;
1206 511 1301 567 sed
1327 527 1449 566 cum
1484 510 1645 580 justis
1672 519 1726 565 et
1754 509 1853 567 mi-
1880 510 1931 569 Α
1957 522 2079 561 nem
2113 522 2236 561 cum
2274 507 2483 564 actibus
2511 508 2646 579 ejus,
2693 510 2784 578 qui
2836 510 3201 579 corrumpitur
3242 516 3563 570 sccundnnv

260 606 623 662 sericordibus
671 604 864 660 audire
916 618 1259 659 mereamur:
1333 600 1548 667 Venite,
1598 603 1850 658 benedicti

262 696 441 751 Patris
467 696 592 760 mei,
622 695 880 766 percipite
906 711 1119 764 regnum
1141 708 1161 747 :
1190 695 1313 766 quia
1337 693 1530 748 esuriri
1554 702 1603 748 et
1629 694 1846 749 dedistis

259 786 386 841 mihi
438 785 817 848 manducare;
874 784 1014 838 sitivi
1038 824 1054 849 ,
1116 793 1166 838 et
1218 784 1435 837 dedistis
1493 784 1622 838 mihi
1683 783 1850 838 bibere

264 876 473 948 (ἥξει).
505 876 681 943 Quam
709 874 1122 930 desiderabilem
1159 890 1344 929 vocem
1393 874 1653 931 concedat
1692 873 1848 931 nobis

259 968 467 1031 audire,
496 966 591 1037 qui
613 964 777 1020 hodie
806 972 965 1019 natus
1000 971 1103 1027 est,
1132 957 1463 1032 Redemptor
1488 970 1708 1021 noster:
1756 961 1851 1031 qui

256 1056 390 1110 vivit
415 1063 470 1111 et
496 1064 689 1125 regnat
722 1069 846 1108 cum
888 1052 1049 1107 Patre
1093 1052 1147 1107 in
1176 1051 1383 1107 unitate
1415 1048 1655 1122 Spiritus
1673 1050 1847 1107 sancti

257 1145 418 1211 Duas,
442 1159 542 1215 per
568 1144 753 1200 omnia
778 1142 973 1199 saecula
999 1141 1340 1196 szeculorum.
1368 1141 1561 1197 Amen.

862 1232 1144 1290 HOMlLlA
1179 1232 1269 1286 Vl.

786 1341 841 1380 ιθ(
870 1340 1096 1380 οετλνιε
1123 1338 1329 1379 DOIIINI.

323 1416 573 1472 Audistis
598 1415 760 1471 modo
787 1430 855 1470 ex
893 1412 1124 1469 lectione
1149 1411 1480 1483 evangeliea,
1510 1410 1710 1468 fratres
1728 1411 1850 1467 cha-

1949 597 2212 653 desideria
2261 599 2503 655 erroris:
2559 606 2615 658 et
2663 599 2958 655 induamini
3004 616 3200 657 novum
3245 602 3541 677 hominem,

1947 687 2040 757 qui
2077 696 2372 744 renovatur
2397 688 2464 746 de
2505 689 2595 744 die
2635 689 2691 745 in
2721 690 2861 745 diem
2908 691 3206 746 secundum
3250 692 3538 766 imaginem

1949 777 2068 847 ejus
2095 779 2187 849 qui
2215 780 2423 839 creavit
2445 794 2569 837 eum
2602 781 2815 853 (Ephes.
2843 781 2940 854 tv).
2963 783 3178 840 Veteris
3198 800 3350 855 ergo,
3379 788 3432 842 id
3457 798 3542 849 est

1949 870 2267 938 peccatoris,
2301 870 2537 926 hominis
2559 878 2711 926 actus
2738 879 2900 929 sunt:
2948 870 3242 942 lactantia,
3292 878 3538 944 avaritia,

1954 959 2256 1028 fernicatio,
2301 958 2667 1025 immunditiw,
2711 958 2962 1024 luxuritr,
2991 960 3253 1016 idolorum
3295 965 3539 1032 servitus,

1947 1048 2215 1118 veneficia,
2244 1048 2556 1114 inimicitia),
2584 1049 2960 1114 contentiones,
3008 1049 3392 1119 trntulationes,
3422 1054 3539 1121 iraz,

1948 1140 2095 1202 rixae,
2127 1140 2497 1204 dissensiones,
2524 1147 2698 1205 secttc,
2749 1138 2987 1209 inviditn,
3027 1141 3331 1210 homicidia,
3373 1144 3540 1216 furta,

1947 1230 2239 1293 ebrietates,
2281 1233 2699 1295 comessationes,
2749 1242 2797 1286 et
2846 1232 2926 1286 his
2961 1232 3202 1288 similia:
3248 1251 3367 1307 qua:
3398 1253 3542 1306 prte-

1945 1319 2067 1372 dico
2099 1320 2261 1387 vobis,
2289 1323 2538 1393 quoniam
2563 1321 2654 1392 qui
2695 1322 2824 1376 talia
2851 1332 3036 1393 agunt,
3070 1340 3285 1396 regnum
3310 1324 3409 1380 Dei
3436 1343 3544 1381 non

1947 1423 2328 1485 consequentur
2358 1411 2509 1487 (Gal.
2538 1413 2616 1486 v).
2656 1412 2792 1470 Novi
2841 1424 3018 1471 autem
3063 1415 3320 1482 hominis,
3360 1415 3413 1473 id
3460 1427 3547 1472 est

260 1504 478 1571 tissimi,
502 1519 727 1560 causam
756 1502 911 1557 istius
936 1501 1314 1557 sacratissima:
1331 1500 1639 1559 festivitatis
1661 1518 1675 1554 :
1698 1501 1844 1572 quia,
1942 1501 2100 1573 justi,
2127 1518 2290 1575 opera
2321 1513 2486 1561 sunt:
2519 1504 2773 1572 Charitas,
2808 1505 3084 1576 gaudium,
3142 1523 3269 1591 pax,
3305 1505 3546 1578 longani-

261 1610 315 1656 ιι
337 1598 558 1670 scripsit
574 1604 797 1653 sanctus
820 1596 995 1651 Lucas
1019 1594 1381 1666 evangelista:
1410 1592 1696 1668 Postquam
1719 1611 1848 1650 con-

259 1692 502 1748 summati
539 1698 662 1745 sunt
710 1689 821 1743 dies
852 1698 970 1743 octo
994 1694 1050 1741 ut
1079 1686 1538 1742 circumeideretur
1571 1702 1721 1758 puer,
1756 1703 1846 1742 vo-

261 1793 429 1837 catur
452 1790 530 1836 est
558 1796 747 1835 nomen
772 1779 887 1849 ejus
911 1778 1085 1844 Iesus,
1128 1778 1267 1849 quod
1294 1787 1529 1834 cacatum
1558 1787 1633 1834 est
1661 1778 1726 1834 ab
1751 1795 1850 1834 an-

1947 1598 2126 1663 mitas,
2157 1598 2382 1665 bonitas,
2419 1598 2728 1670 benignitas,
2767 1599 2921 1669 ﬁdes,
2951 1600 3229 1666 modestia,
3263 1603 3540 1672 patientia,

1948 1688 2287 1754 continentia,
2317 1690 2609 1756 humilitas,
2657 1690 2932 1757 sobrietas,
2978 1698 3035 1746 et
3063 1691 3149 1747 his
3178 1691 3376 1748 similia
3401 1709 3417 1757 ;
3449 1693 3543 1762 qui

1952 1785 2133 1834 autem
2161 1778 2216 1834 in
2246 1778 2333 1834 his
2356 1780 2742 1848 servit,placet
2768 1781 2902 1847 Deo,
2932 1788 2989 1836 et
3025 1783 3288 1852 probatus
3331 1792 3414 1839 est
3444 1784 3542 1841 ho-

262 1872 370 1942 gelo
408 1873 720 1943 priusquam
763 1872 820 1925 in
854 1879 999 1925 utero
1022 1871 1382 1941 conciperetur
1420 1869 1570 1942 (Luc.
1612 1870 1697 1942 ιι).
1753 1872 1847 1929 ille
1874 1857 1921 1917 Β
1947 1869 2200 1926 minibus.
2224 1869 2338 1926 Hac
2362 1871 2743 1941 rogo,l'ratres,
2765 1872 3177 1929 eireumdsione
3190 1874 3549 1944 vosmetipsos

263 1979 389 2033 puer
435 1963 688 2018 videlicet
742 1963 835 2031 qui
886 1971 997 2016 erat
1043 1962 1097 2015 in
1145 1961 1401 2032 principio
1459 1961 1599 2032 apud
1635 1962 1852 2021 Patrem

276 2053 520 2120 Verbum,
546 2065 594 2110 et
616 2053 762 2109 Deus
786 2064 898 2108 erat
943 2052 1183 2107 Verbum.
1224 2051 1340 2111 Hoc
1367 2062 1477 2109 erat
1515 2052 1570 2108 in
1596 2052 1852 2124 principio

264 2146 400 2215 apud
444 2145 635 2211 Deum,
658 2145 835 2199 omnia
861 2160 954 2215 per
976 2143 1146 2214 ipsum
1176 2141 1321 2212 facta
1359 2152 1501 2209 sunt,
1527 2152 1576 2199 et
1604 2144 1716 2199 sine
1740 2143 1853 2214 ipso

266 2237 455 2307 factum
477 2244 557 2290 est
586 2234 718 2290 nihil
749 2233 934 2306 (Joan.
952 2232 1015 2304 ι).
1041 2233 1148 2290 Sed
1168 2233 1296 2303 quid
1324 2233 1556 2298 esthoc,
1578 2240 1638 2289 ut
1664 2241 1853 2290 octava

267 2326 349 2383 die
369 2325 858 2381 circumcideretur
885 2339 1053 2395 puer,
1068 2323 1171 2379 nisi
1200 2323 1325 2394 quia
1354 2338 1479 2379 cum
1504 2339 1673 2380 verus
1707 2331 1854 2380 esset

267 2419 420 2482 Deus,
451 2424 513 2472 et
562 2423 683 2471 erat
718 2430 930 2486 semper
963 2415 1104 2487 apud
1130 2414 1344 2470 Patrem
1371 2432 1385 2468 :
1434 2415 1507 2469 ita
1542 2424 1661 2471 erat
1694 2430 1856 2471 verus

267 2509 420 2564 homo
443 2514 671 2579 propter
696 2520 796 2560 nos
827 2514 883 2560 et
903 2520 1086 2560 veram
1110 2519 1329 2560 carnem
1364 2505 1600 2572 suscepit
1637 2512 1858 2574 propter

267 2598 494 2654 salutem
517 2605 784 2651 nostram.
830 2594 896 2649 Et
932 2594 1007 2649 ita
1035 2602 1154 2648 erat
1193 2593 1442 2650 Christus
1468 2593 1723 2653 Dominus
1748 2608 1854 2648 una

266 2703 489 2759 persona
520 2688 576 2741 in
602 2686 813 2742 duabus
840 2684 1183 2750 substantiis,
1226 2684 1278 2741 id
1324 2692 1410 2741 est
1455 2683 1511 2741 in
1555 2684 1854 2741 substantia

265 2779 375 2844 Dei,
410 2787 464 2833 et
488 2778 544 2832 in
573 2777 880 2832 substantia
907 2777 1142 2832 hominis
1163 2777 1366 2846 absque
1391 2784 1650 2847 peccato;
1694 2784 1749 2833 et
1778 2767 1854 2832 ita

264 2878 344 2924 est
372 2885 561 2924 verum
611 2868 759 2937 quod
809 2867 1194 2938 subsequentia
1237 2867 1513 2939 Evangelii
1551 2866 1619 2923 de
1668 2881 1734 2922 eo
1766 2877 1848 2924 te-

262 2970 511 3016 stantur:
546 2959 616 3016 Et
643 2960 874 3026 uerbum,
910 2960 1099 3029 inquit,
1134 2975 1256 3013 caro
1282 2958 1477 3028 factum
1498 2967 1596 3024 est,
1633 2968 1681 3013 et
1706 2958 1856 3014 babi-

264 3052 389 3105 tavit
419 3052 474 3105 in
498 3051 672 3105 nobis.
704 3049 842 3117 Quia
872 3049 1036 3121 igitur
1076 3049 1405 3119 Redemptor
1450 3060 1635 3106 noster
1661 3048 1728 3105 ad
1754 3049 1857 3104 hoc

264 3141 319 3195 in
360 3141 564 3196 mundo
603 3141 757 3195 nasci
796 3140 987 3207 voluit,
1029 3147 1088 3194 ut
1129 3140 1422 3195 secundum
1462 3153 1659 3197 nomen
1698 3154 1856 3195 suum

1955 1958 2347 2025 circumcidito,
2376 1966 2441 2015 ut
2482 1958 2599 2029 ejus
2646 1960 2764 2017 ﬁeri
2807 1963 3050 2016 membra
3082 1962 3420 2025 mereamini,
3450 1964 3544 2033 qui

1955 2050 2119 2107 hodie
2160 2060 2383 2121 propter
2430 2066 2529 2107 nos
2556 2050 2868 2109 circumcidi
2914 2051 3117 2117 voluit,
3150 2060 3203 2110 et
3228 2068 3424 2109 nomen
3453 2068 3570 2108 (ιο-ς

1955 2140 2155 2211 cipere,
2182 2142 2335 2211 quod
2363 2141 2514 2211 prius
2541 2141 2791 2214 angelica
2813 2142 2892 2199 de
2921 2157 2988 2207 eo
3028 2142 3392 2213 praecinebant
3414 2158 3542 2201 ora-

1954 2229 2095 2291 cula,
2131 2227 2290 2285 Iesus
2316 2228 2565 2291 Christus
2592 2229 2832 2287 salvator
2857 2238 3080 2287 noster:
3107 2229 3198 2301 qui
3226 2246 3349 2287 cum
3381 2231 3558 2299 Patre,

1955 2326 2011 2374 et
2038 2318 2245 2390 Spiritu
2292 2328 2478 2376 sancto
2501 2319 2635 2376 vivit
2661 2327 2727 2375 et
2744 2329 2937 2392 regnat
2973 2320 3240 2394 Deusper
3272 2323 3455 2381 omnia
3483 2330 3559 2385 et-

1957 2410 2166 2467 iulinita
2195 2410 2410 2467 secula.
2443 2410 2637 2467 Amen.

2535 2498 2818 2557 HOMILIA
2842 2501 2953 2557 ΥΠ.

2464 2610 2518 2650 IN
2552 2611 2836 2651 EPIPHANIA
2860 2610 3066 2650 υοκικιε

2029 2683 2211 2755 Nuper
2250 2684 2646 2740 solemnitatem
2700 2684 2843 2739 illam
2888 2683 3300 2751 celebravimus,
3348 2687 3560 2740 fratres

1958 2778 2284 2844 eharissimi,
2333 2793 2439 2849 qua
2488 2778 2631 2834 Deus
2664 2777 2938 2834 hominem
2975 2793 3099 2833 cum
3143 2778 3548 2835 inﬁrmitatibus

1960 2870 2161 2936 induit;
2194 2885 2260 2926 ac
2303 2868 2462 2940 paulo
2500 2877 2624 2940 post
2658 2868 2800 2939 quod
2836 2868 3084 2925 eumdem
3114 2858 3429 2925 circumcidi
3452 2886 3543 2926 se-

1960 2958 2199 3015 cundum
2229 2958 2400 3029 legem
2424 2958 2611 3014 voluit.
2649 2956 2807 3013 Modo
2837 2972 2970 3013 vero
2997 2957 3125 3012 illud
3155 2958 3454 3017 excolimus
3479 2975 3545 3015 ac

1960 3050 2155 3108 divinis
2179 3050 2426 3106 laudibus
2450 3065 2795 3115 veneramur,
2824 3049 2966 3120 quod
2996 3065 3054 3105 se
3084 3049 3137 3104 in
3164 3049 3381 3107 homine
3406 3051 3553 3109 Deus

1959 3142 2251 3201 virtutibus
2275 3140 2590 3197 declaravit.
2641 3139 2769 3197 Haec
2794 3154 3008 3211 quoque
3047 3138 3311 3197 festivitas
3357 3140 3549 3201 Greco

264 3248 428 3302 genus
452 3231 695 3287 salvaret
712 3220 1033 3298 humanum,
1061 3231 1351 3301 unicuique
1396 3230 1573 3287 ordini
1615 3245 1676 3286 se
1708 3246 1858 3287 com-
1884 3215 1930 3279 Ο
1958 3232 2220 3291 vocabulo
2253 3230 2550 3302 Epiphania
2601 3239 2975 3301 nuncupatur:
3016 3231 3157 3301 quod
3183 3247 3284 3287 nos
3326 3233 3551 3302 manife-

263 3333 505 3392 petenter
532 3324 761 3395 aptavit.
792 3322 1117 3379 Circumcidi
1151 3323 1444 3379 secundum
1469 3322 1640 3392 legem
1666 3322 1860 3389 voluit,

265 3422 322 3467 ut
354 3430 451 3470 eos
472 3416 567 3484 qui
607 3413 710 3469 sub
733 3414 851 3485 lege
892 3422 1047 3468 erant
1084 3414 1394 3470 redimeret.
1424 3413 1640 3471 Hostias
1663 3430 1763 3484 pro
1796 3430 1857 3471 se

269 3506 447 3575 tem;in
478 3505 745 3560 Dominus
790 3521 897 3559 non
930 3505 1135 3574 respuit
1160 3503 1366 3569 offerri,
1415 3512 1474 3559 ut
1522 3519 1708 3561 eorum
1750 3505 1860 3561 Re-

269 3594 517 3664 demptor
542 3602 835 3664 appareret
887 3594 979 3663 qui
1022 3593 1089 3648 ab
1132 3593 1353 3648 exordio
1387 3595 1570 3650 mundi
1598 3608 1769 3665 usque
1787 3594 1856 3648 ad

267 3696 508 3758 tempora
535 3688 680 3743 datae
729 3686 1177 3752 circumcisionis,
1226 3686 1310 3741 vel
1358 3695 1481 3756 post
1529 3686 1708 3740 datam
1749 3686 1856 3745 cir-

154 3814 161 3817 -
266 3779 672 3843 cumcisionem,
701 3777 771 3832 tle
803 3776 925 3831 aliis
953 3776 1261 3831 nationibus
1285 3776 1396 3833 Deo
1434 3772 1770 3846 placuerunt,
1802 3786 1858 3832 et

265 3870 341 3922 rel
370 3870 672 3925 hostiarum
700 3868 1083 3931 oblationibus,
1122 3866 1204 3923 vel
1244 3856 1391 3924 certe
1432 3868 1544 3924 sola
1578 3868 1701 3925 ﬁdei
1747 3870 1859 3925 vir-

262 3968 372 4013 tute
397 3976 530 4014 suas
578 3972 911 4027 suorumque
947 3959 1155 4013 animas
1198 3957 1441 4016 Creatori
1471 3960 1856 4017 commendau-

262 4057 360 4111 tes.
394 4069 425 4105 a
457 4052 623 4122 primi
650 4059 838 4106 reatus
884 4050 1110 4105 vinculis
1152 4051 1431 4106 absolvere
1462 4050 1741 4107 curabant.
1772 4050 1857 4107 Ad

260 4151 568 4195 extremum
592 4156 831 4210 quoque,
877 4141 931 4194 id
975 4149 1059 4195 est
1088 4140 1200 4210 jam
1243 4140 1515 4196 tricesimo
1543 4142 1718 4197 aetatis
1745 4158 1857 4198 sum

260 4245 426 4293 anno,
450 4230 759 4300 baptizatus
798 4246 830 4284 a
872 4228 1100 4296 Joanne,
1129 4239 1188 4285 ut
1214 4232 1612 4287 demonstraret
1656 4241 1857 4289 nostra:

258 4320 540 4377 munditiae
564 4336 684 4376 esse
728 4328 1028 4385 auctorem,
1072 4329 1128 4377 et
1170 4322 1313 4391 quod
1348 4322 1463 4392 ipse
1499 4332 1642 4378 esset
1676 4323 1855 4396 Agnus

253 4410 346 4477 qui
378 4410 521 4464 tollit
545 4421 755 4479 peccata
783 4412 952 4466 totius
987 4411 1170 4465 mundi
1216 4412 1398 4484 (Joan.
1440 4412 1502 4483 ι).
1539 4412 1644 4469 Sed
1670 4422 1725 4469 et
1753 4414 1857 4470 hoc

252 4498 384 4568 quia
410 4499 607 4553 eodem
633 4500 719 4555 die
745 4515 858 4554 sua:
894 4500 1322 4558 eircnmcisionis
1365 4517 1561 4559 nomen
1598 4511 1659 4558 ut
1695 4503 1854 4562 Jcsus

1955 3325 2231 3382 stationem
2262 3323 2604 3394 interpretari
2630 3338 2937 3394 possumus,
2968 3338 3066 3393 pro
3095 3338 3163 3378 eo
3198 3323 3341 3393 quod
3361 3324 3415 3377 in
3445 3323 3552 3380 hac

1958 3414 2045 3477 die
2066 3414 2133 3471 de
2161 3413 2300 3468 ctelo
2328 3413 2496 3469 stella:
2538 3420 2690 3469 ortus
2718 3413 2898 3469 divina
2948 3413 3137 3469 nuntia
3177 3413 3429 3484 praebuit,
3477 3428 3545 3470 ac

1958 3505 2140 3576 Magos
2169 3504 2456 3575 diligenter
2497 3512 2803 3574 qurerentes
2839 3503 2909 3563 ad
2944 3504 3211 3561 cunabula
3249 3504 3541 3576 perduxit:

1957 3597 2073 3656 sive
2110 3596 2254 3667 quod
2286 3596 2340 3653 in
2376 3594 2641 3653 Jordanis
2673 3596 2837 3652 undis
2875 3596 3123 3652 Salvator
3158 3612 3421 3665 aquarum
3447 3611 3549 3652 na-

1958 3694 2133 3741 turam
2159 3685 2225 3739 ad
2257 3684 2653 3753 reparationem
2678 3684 2897 3741 humani
2922 3685 3135 3755 generis
3156 3685 3548 3755 suo~baptismo

1956 3774 2311 3839 consecravit,
2351 3788 2415 3828 ac
2454 3772 2687 3843 Spiritus
2727 3772 2903 3829 sancti
2943 3773 3177 3830 adventu
3225 3782 3281 3829 et
3307 3783 3548 3845 paterna:

1956 3866 2106 3921 vocis
2150 3864 2421 3934 prteconio
2453 3878 2614 3918 verus
2647 3864 2790 3919 Deus
2842 3864 3106 3921 innotuit:
3157 3865 3272 3922 sive
3315 3867 3461 3938 quod
3490 3868 3546 3923 in

1956 3956 2106 4014 Cana
2130 3955 2362 4011 Galilmai
2400 3955 2455 4011 in
2482 3955 2731 4012 convivio
2758 3956 3007 4026 nuptiali,
3039 3973 3236 4029 aquam
3276 3959 3332 4014 in
3360 3960 3546 4015 vinum

1956 4049 2264 4116 convertit;
2295 4056 2370 4114 et,
2414 4048 2556 4105 sicut
2600 4048 2950 4121 Evangelium
2999 4057 3251 4117 testatur,
3296 4051 3451 4108 initio
3475 4053 3552 4106 si-

1956 4157 2187 4214 gnorum
2231 4157 2451 4199 suorum
2489 4140 2862 4199 manilestavit
2889 4142 3115 4212 gloriam
3146 4158 3323 4211 suam,
3348 4151 3405 4200 et
3430 4159 3548 4200 cre-

1956 4232 2211 4289 diderunt
2239 4232 2292 4288 in
2313 4246 2438 4287 eum
2462 4231 2707 4302 discipuli
2728 4231 2876 4301 ejus:
2909 4234 3024 4290 sive
3045 4235 3168 4303 quia
3186 4235 3423 4304 quinque
3449 4251 3547 4305 pa-

1957 4322 2118 4379 nibus
2161 4323 2399 4392 quinque
2446 4322 2615 4379 millia
2646 4323 2924 4381 hominum
2971 4324 3224 4389 satiavit;
3272 4332 3328 4380 et
3375 4326 3547 4382 turst

1956 4411 2325 4482 professione:
2353 4410 2457 4466 Hic
2494 4422 2569 4468 est
2610 4428 2724 4467 rere
2764 4417 3037 4483 propheta,
3067 4415 3157 4484 qui
3191 4423 3439 4471 venturus
3468 4427 3545 4472 est

1956 4504 2012 4558 in
2048 4503 2305 4571 mundum
2345 4501 2529 4574 (Joan.
2555 4502 2652 4575 vi),
2683 4503 3008 4573 praedicatus
3032 4511 3134 4559 est.
3165 4503 3261 4561 His
3286 4521 3417 4577 ergo
3446 4522 3543 4562 au-

252 4599 553 4645 rocaretur
576 4592 807 4661 accepit,
835 4592 902 4645 ad
934 4580 1286 4650 imitationem
1318 4595 1554 4664 antiquae
1591 4596 1851 4652 observa-
1880 4565 1932 4625 Β
1958 4565 2365 4651 όὶιίεηοωιιὶὺιιέ
2391 4565 2765 4656 sacramentis,
2796 4592 2940 4648 sicut
2981 4594 3151 4649 sancti
3177 4565 3544 4665 patresvnobis

250 4683 425 4738 tionis
457 4674 621 4739 fecit:
666 4684 796 4753 quia
839 4684 1144 4751 Abraham,
1187 4685 1279 4756 qui
1316 4686 1524 4756 primus
1568 4687 1856 4744 circumci-

249 4774 472 4829 sionem
516 4776 747 4846 accepit,
796 4776 987 4831 eodem
1032 4776 1118 4832 die
1165 4792 1276 4833 sum
1315 4779 1742 4836 circumeisionis
1785 4781 1857 4837 ob

250 4864 522 4920 meritum
567 4881 776 4937 magna:
816 4865 963 4932 fidei,
999 4866 1299 4935 Abraham,
1325 4867 1378 4922 id
1413 4877 1498 4924 est
1532 4878 1688 4939 pater
1714 4871 1853 4925 mul-

250 4963 436 5011 tarum
465 4958 735 5026 gentium,
760 4959 1028 5014 nominari
1057 4961 1357 5030 promeruit
1384 4959 1536 5034 (Gen.
1559 4964 1733 5037 xvn);
1764 4966 1855 5036 qui
1894 5009 1901 5016 .

251 5056 415 5102 antea
456 5058 615 5119 pater
651 5047 888 5104 excelsus
931 5049 1109 5105 dictus
1148 5060 1254 5116 est,
1299 5060 1356 5106 et
1388 5052 1462 5106 ita
1502 5052 1555 5107 in
1599 5053 1736 5125 lege,
1765 5054 1859 5124 qui

247 5138 350 5191 sub
380 5137 514 5208 lege
553 5148 733 5204 erant,
763 5140 1122 5208 circumcisis,
1155 5143 1336 5198 statim
1368 5144 1585 5198 nomina
1619 5144 1862 5216 impone—

247 5227 402 5283 ὗσαι.
454 5231 526 5285 Et
557 5231 641 5286 sic
661 5230 955 5288 Christiani
977 5235 1158 5299 modo,
1179 5235 1369 5289 eodem
1397 5235 1664 5306 exemplo,
1687 5236 1864 5293 solent

248 5329 512 5393 tempore
542 5324 889 5393 baptismatis
920 5326 1207 5396 baptizatis
1230 5327 1448 5382 nomina
1481 5327 1779 5397 imponere,
1801 5337 1861 5383 ut

243 5414 580 5469 auctoritati
610 5415 918 5481 conveniat,
942 5417 1067 5486 quia
1098 5416 1284 5488 religio
1318 5417 1675 5472 commendat.
1720 5418 1861 5486 Quid

241 5518 434 5564 autem
485 5509 612 5564 hate
657 5509 1002 5565 circumcisio
1050 5509 1236 5581 legalis
1265 5509 1548 5580 signiticet,
1597 5511 1859 5580 propheta

242 5599 506 5654 ostendit
539 5598 769 5655 dicens:
821 5599 1189 5657 Circumcidite
1223 5600 1385 5656 corda
1420 5610 1611 5665 vestra,
1654 5610 1703 5655 et
1753 5617 1857 5654 non

239 5706 510 5760 corpora.
569 5688 749 5757 Quam
807 5691 1272 5748 circumcisiouem
1333 5691 1514 5747 cordis
1570 5690 1859 5762 Apostolus

241 5779 408 5836 nobis
434 5780 839 5837 commendat:
876 5782 1155 5854 Deponite,
1187 5783 1380 5854 inquit,
1407 5792 1644 5838 veterem
1677 5782 1857 5838 homio

1960 4682 2318 4747 tradiderunt,
2372 4681 2632 4739 hodierna
2684 4680 2800 4736 dies
2846 4683 3170 4741 venerabilis
3207 4685 3433 4749 exstitit,
3478 4700 3544 4742 eo

1959 4775 2103 4846 quod
2128 4774 2327 4831 talibus
2350 4774 2569 4830 indiciis
2599 4773 2759 4833 hodie
2783 4773 2926 4835 Deus
2964 4775 3018 4830 in
3049 4776 3267 4833 homine
3292 4777 3544 4834 Christus

1960 4864 2338 4925 manifestatus
2375 4874 2482 4920 est.
2528 4864 2743 4920 Habent
2795 4865 3015 4935 quidem
3058 4881 3247 4923 omnes
3293 4867 3411 4924 ista:
3454 4883 3544 4926 res

1961 4956 2219 5027 mysteria
2249 4955 2577 5021 veneranda,
2605 4956 2701 5011 sed
2745 4963 2875 5011 tunc
2901 4956 3044 5012 nihil.
3078 4957 3223 5015 aliud
3260 4958 3543 5018 nobiscum

1963 5056 2131 5119 agunt
2155 5063 2316 5117 quam
2346 5047 2487 5116 quod
2528 5046 2689 5103 fidem
2722 5046 3043 5103 catholicam
3082 5049 3240 5105 nobis
3264 5064 3542 5106 commen-

1964 5138 2111 5203 dent,
2141 5137 2286 5194 illam
2313 5136 2565 5192 videlicet
2587 5151 2708 5207 qute
2746 5151 2845 5207 per
2877 5136 3218 5195 dilectionem
3245 5148 3539 5210 Oper-ater;

1965 5239 2019 5286 et
2043 5245 2144 5287 nos
2171 5228 2350 5283 taliter
2380 5227 2562 5283 vivere
2602 5227 2855 5293 doceant,
2900 5235 2961 5282 ut
2990 5235 3176 5287 nostro
3221 5243 3317 5298 per
3359 5229 3539 5285 onmia

1962 5321 2272 5390 placeamus
2297 5317 2566 5374 Creatori.
2600 5316 2707 5374 Sed
2743 5316 2895 5386 libet,
2920 5316 3136 5384 fratres,
3164 5317 3366 5388 aliquid
3390 5317 3542 5375 vobis

1964 5415 2145 5470 dicere
2170 5414 2236 5469 de
2260 5412 2369 5468 illis
2409 5412 2581 5469 tribus
2621 5412 2936 5469 muneribus
2959 5428 3081 5483 qua:
3106 5412 3242 5484 Magi
3282 5412 3540 5469 hodierna

1963 5507 2050 5563 die
2081 5505 2431 5575 Redemptori
2463 5514 2650 5561 nostro
2692 5504 3010 5561 olierebaut.
3058 5505 3378 5562 Obtulerunt
3420 5503 3546 5572 qui.

1963 5597 2084 5652 dem
2113 5597 2209 5662 illi,
2246 5597 2390 5653 sicut
2410 5578 2845 5660 modoxaudistis,
2875 5610 2999 5650 cum
3036 5592 3377 5663 evangelium
3398 5592 3539 5665 lege-

1961 5700 2132 5755 retur,
2162 5704 2372 5755 aurum,
2397 5688 2524 5743 thus
2546 5695 2602 5742 et
2641 5687 2935 5758 myrrham.
2965 5685 3072 5741 Sed
3108 5684 3333 5740 istorum
3374 5685 3549 5756 tripli»

1961 5782 2106 5837 cium
2149 5796 2434 5837 munerum
2471 5778 2665 5849 triplex
2713 5779 3037 5850 signiﬁcatio
3083 5777 3436 5833 continetur:
3485 5776 3540 5831 in
