4040 6188
484 405 549 461 l9
1141 405 1202 460 Β.
1242 404 1494 462 ΒΑΒΑΝἷ
1530 402 1746 459 MAURI
1784 400 2097 457 ARCIllEP.
2139 400 2444 458 MOGUNT.
2482 402 2764 460 OPERUM
2803 402 2979 458 PARS
3017 401 3077 455 Γ.
3674 406 3741 462 ‘20

481 518 643 574 thure
685 517 995 573 obtulerunt
1037 504 1271 574 Christo
1297 518 1393 573 Dei
1441 519 1701 573 honorem
1736 533 1752 583 ;
1795 517 1851 572 in
1898 531 2050 582 auro,
2080 519 2131 579 Α
2158 531 2376 583 remus;
2421 517 2494 571 ita
2522 518 2686 572 etiam
2737 518 2893 573 beata
2931 517 3161 587 genitrix
3209 517 3372 581 illius,
3419 533 3516 587 pro
3563 532 3745 576 ostcu-

481 609 686 680 regiam
712 609 1022 678 dignitatem
1048 626 1061 675 ;
1092 610 1145 663 in
1172 610 1409 679 myrrha,
1436 609 1678 679 corporis
1703 608 2051 678 sepulturam.

480 698 783 754 Oﬂ‘eramus
811 713 939 768 ergo
967 707 1021 752 et
1053 712 1174 763 nos,
1214 697 1549 753 dilectissimi
1586 697 1803 761 fratres,
1845 699 2055 753 sincera

480 796 536 841 et
556 795 739 841 sancta
764 801 989 840 munera
1018 787 1129 841 Deo
1153 795 1356 852 nostro,
1391 787 1445 842 id
1474 796 1579 852 est,
1613 787 1791 851 ﬁdem,
1825 802 1973 855 spem
2001 796 2059 841 et

479 880 819 935 cbaritatem.
849 879 1149 935 Oﬁ'eramus
1172 896 1359 935 aurum
1391 881 1687 950 sapientiae,
1709 882 1833 935 thus
1849 881 2056 937 devota:

478 970 755 1035 orationis,
789 972 1062 1041 myrrham
1111 971 1166 1025 in
1213 971 1624 1027 mortiﬁcatione
1672 972 1870 1028 carnis.
1914 971 2056 1027 Oﬁ‘e-

480 1074 662 1113 ramus
709 1060 1045 1115 devotionem
1095 1063 1302 1127 carnis,
1362 1062 1695 1117 honestatem
1749 1062 2053 1128 locutionis,

474 1154 792 1224 probitatem
822 1156 1018 1226 operis.
1052 1156 1351 1213 OtYeramus
1383 1158 1671 1226 puritatem
1721 1160 1935 1225 mentis,
1967 1176 2057 1215 ca-

476 1242 716 1298 stitatem
770 1247 1013 1314 corporis
1060 1258 1114 1301 et
1168 1247 1465 1301 custodiam
1518 1248 1854 1303 humilitatis.
1910 1248 2053 1305 0111)-

476 1348 660 1387 ramus
685 1335 1142 1403 compatientiam,
1180 1337 1639 1408 longanimitatem
1680 1346 1735 1393 et
1776 1340 2056 1395 continen—

475 1424 627 1479 tiam.
659 1424 961 1481 Olferamus
1006 1427 1410 1497 benignitatem,
1442 1428 1787 1483 sobrietatem
1816 1439 1870 1484 et
1898 1431 2058 1485 mise-

474 1514 784 1569 ricordiam.
836 1516 962 1571 Haec
1003 1526 1125 1571 sunt
1168 1519 1308 1572 enim
1354 1519 1553 1588 placita
1599 1522 1710 1577 Deo
1753 1521 1913 1587 dona,
1943 1523 2059 1577 haec

473 1610 625 1673 grata
652 1616 895 1671 munera,
926 1621 1045 1674 qua:
1082 1606 1152 1659 illi
1192 1607 1406 1675 quidem
1437 1608 1753 1674 oll'eruntur,
1800 1612 1894 1666 sed
1923 1611 2055 1666 olfe-

474 1694 718 1749 rentibns
743 1704 1008 1765 prosunt:
1056 1697 1197 1750 nulla
1247 1698 1387 1751 enim
1424 1712 1480 1752 re
1510 1698 1613 1761 ille,
1666 1700 1811 1754 nullo
1834 1716 2060 1756 munere

472 1792 628 1855 cget‘;
660 1788 752 1840 sed
783 1786 885 1841 hoc
912 1786 987 1840 illi
1015 1803 1208 1843 munus
1234 1788 1495 1857 optimum
1524 1796 1609 1844 est
1638 1800 1697 1843 ut
1732 1805 1925 1845 causas
1953 1793 2055 1845 ha—

2156 608 2331 663 dendo
2358 608 2681 663 humilitatis
2706 610 2972 679 exemplo,
2996 609 3257 677 legalibus
3281 610 3436 663 subdi
3461 626 3567 665 non
3600 612 3745 667 retu-

2155 699 2233 767 git
2264 699 2546 753 institutis.
2592 699 2659 752 Et
2690 710 2746 753 ut
2782 700 2989 764 darent,
3036 700 3232 769 inquit,
3259 699 3502 764 hostiam,
3554 719 3739 757 secun-

2156 788 2280 843 dum
2305 790 2442 860 quod
2471 791 2668 844 dictum
2696 802 2769 844 est
2815 791 2870 843 in
2902 789 3011 861 lege
3056 790 3285 857 Domini,
3327 808 3426 861 par
3446 802 3742 856 turturum,

2156 891 2246 935 aut
2276 883 2407 936 duos
2441 880 2611 951 pullos
2644 881 3020 935 columbarum.
3066 880 3248 936 Hostia
3298 883 3413 937 hrec
3440 898 3740 953 pauperum

2154 981 2287 1037 erat,
2318 974 2675 1043 praecepitque
2728 973 2986 1028 Dominus
3036 974 3089 1028 in
3121 974 3236 1044 lege
3276 983 3335 1028 ut
3373 976 3462 1044 qui
3494 986 3741 1045 possent,

2158 1052 2353 1134 agnum
2394 1079 2492 1133 pro
2522 1064 2630 1118 ﬁlio
2660 1064 2740 1118 vel
2791 1064 2920 1130 ﬁlia,
2950 1064 3106 1118 simul
3136 1073 3188 1118 et
3216 1073 3477 1120 turturem
3509 1067 3625 1121 sive
3650 1081 3743 1122 co-

2158 1152 2391 1208 lumbam
2429 1153 2715 1208 oﬂ‘errent:
2743 1154 2834 1224 qui
2885 1170 3011 1208 vero
3037 1156 3139 1209 hoc
3178 1170 3283 1209 non
3329 1164 3571 1225 possent,
3606 1156 3747 1214 duos

2152 1243 2263 1313 jam
2296 1255 2530 1300 turtures
2552 1245 2637 1299 vel
2661 1246 2793 1300 duos
2836 1245 3006 1314 pullos
3036 1246 3295 1301 columba:
3323 1246 3599 1303 oﬂ‘errent.
3629 1247 3740 1302 Re-

2158 1334 2407 1405 demptor
2456 1335 2638 1405 itaque
2691 1344 2893 1398 noster,
2934 1350 3031 1405 per
3075 1337 3255 1390 omnia
3304 1346 3502 1391 nostra:
3553 1337 3741 1393 salutis

2158 1440 2386 1489 memor,
2411 1441 2513 1479 non
2541 1424 2710 1479 solum
2740 1426 2903 1479 homo
2947 1423 3081 1489 ﬁeri,
3110 1440 3231 1478 cum
3263 1426 3403 1480 Deus
3433 1434 3611 1491 esset;
3644 1426 3738 1481 sed

2158 1513 2342 1578 etiam,
2373 1529 2493 1567 cum
2514 1514 2663 1567 dives
2688 1521 2851 1577 esset,
2880 1528 3083 1583 panper
3106 1512 3218 1566 ﬁeri
3248 1513 3414 1567 voluit
3439 1529 3535 1582 pro
3560 1515 3738 1578 nobis,

2158 1616 2218 1662 ut
2242 1622 2342 1662 nos
2366 1593 2682 1677 paupertate
2715 1621 2813 1659 sua
2856 1605 3049 1659 divites
3079 1602 3296 1667 faceret,
3325 1613 3375 1657 et
3407 1604 3739 1659 humanitate

2159 1713 2253 1753 sua
2284 1696 2393 1752 Deo
2441 1696 2577 1751 ﬁlios
2626 1697 2925 1766 adoptaret.
2975 1693 3079 1749 Sed
3109 1694 3235 1762 quia
3265 1691 3425 1748 hodie
3475 1692 3740 1747 adventus

2160 1788 2456 1844 Salvatoris
2482 1803 2603 1843 cum
2642 1787 2900 1857 genitrice
2932 1801 3028 1841 sua
3071 1785 3138 1839 ad
3173 1784 3429 1853 templum
3476 1782 3736 1839 solemnia

473 1876 596 1930 heat
628 1876 1028 1929 remunerandi.
1062 1876 1204 1931 Nihil
1229 1892 1260 1929 a
1287 1877 1443 1932 nobis
1462 1877 1691 1948 amplius
1710 1879 1893 1950 exigit,
1922 1880 2054 1935 nihil
2082 1866 2128 1925 Β
2156 1879 2405 1944 colimus,
2437 1878 2713 1934 imitemur
2739 1892 2837 1931 nos
2868 1890 3127 1945 personas
3156 1874 3275 1929 illas
3292 1889 3411 1943 quas
3433 1874 3645 1930 obviam
3685 1874 3736 1929 ei

473 1965 700 2037 amplius
720 1966 875 2035 petit,
903 1967 1004 2021 nisi
1033 1967 1257 2021 salutem
1279 1977 1517 2023 nostram
1544 1986 1555 2020 :
1581 1969 1761 2023 omnia
1790 1970 1932 2023 enim
1954 1970 2054 2024 sibi

471 2072 502 2109 a
534 2056 689 2110 nobis
716 2056 960 2126 prmstari
989 2064 1159 2127 putat,
1192 2058 1238 2112 si
1287 2057 1362 2111 ita
1390 2073 1488 2112 nos
1515 2059 1783 2128 egerimus
1816 2067 1876 2112 ut
1901 2059 2056 2114 nobis

471 2146 541 2200 ab
566 2145 656 2200 illo
682 2153 873 2201 cuncta
897 2155 1240 2215 pnestentur.
1271 2146 1377 2202 Sed
1408 2146 1585 2201 abillo
1612 2147 1767 2217 hujus
1799 2149 1875 2203 rei
1902 2150 2055 2205 nobis

473 2239 696 2306 petenda
721 2246 804 2292 est
844 2235 1102 2303 eﬁleacia,
1136 2244 1195 2291 ut
1230 2236 1599 2292 misericordia
1638 2236 1755 2305 ejus
1799 2253 1897 2293 nos
1922 2254 2058 2308 pra:-

472 2333 673 2398 veniat,
721 2340 777 2387 et
822 2332 1192 2388 misericordia
1230 2332 1347 2403 ejus
1389 2334 1749 2404 subsequatur
1796 2352 1897 2391 nos
1942 2353 2057 2391 om-

471 2424 628 2478 nibus
678 2424 869 2480 diebus
913 2425 1036 2479 vita:
1063 2434 1283 2491 nostrae,
1315 2434 1374 2479 ut
1410 2426 1772 2484 inhabitemus
1813 2430 1866 2484 in
1898 2430 2057 2486 domo

472 2514 681 2569 Domini
732 2516 787 2570 in
837 2515 1225 2586 longitudinem
1275 2518 1527 2572 dierum:
1575 2519 1718 2588 quod
1773 2520 1886 2590 ipse
1922 2537 2058 2592 prte-

470 2611 617 2659 stare
645 2604 894 2674 dignetur
922 2607 1013 2675 qui
1063 2607 1195 2661 vivit
1237 2615 1293 2662 et
1338 2616 1522 2678 regnat
1554 2610 1608 2663 in
1655 2611 1847 2666 sarcula
1889 2627 2057 2668 saecu-

470 2693 664 2749 lorum.
695 2694 885 2749 Amen.

1049 2786 1320 2843 HOMIUA
1356 2788 1485 2845 VIII.

541 2889 598 2933 ικ
624 2892 922 2934 ΠΥΡΔΡΑΝΤΙ
952 2893 1068 2933 διγε
1099 2894 1394 2935 OBLA'I'IONE
1436 2897 1620 2937 DOIllNI
1665 2898 1718 2937 IN
1749 2899 1980 2940 TEIIPLO.
2017 2922 2024 2930 -

547 2965 802 3023 Sanctam
827 2983 890 3024 ac
914 2969 1321 3025 celeberrimam
1356 2972 1753 3028 solemnitatem
1783 2974 2057 3030 hodierna:

473 3053 820 3121 celebritatis,
851 3054 1046 3112 fratres
1074 3058 1397 3123 charissimi,
1434 3074 1540 3129 qua
1590 3061 2054 3131 quadragesimam

471 3143 764 3199 Dominicze
792 3144 1100 3201 Nativitatis
1124 3148 1265 3203 diem
1285 3149 1479 3205 debitis
1501 3165 1823 3206 veneramur
1842 3151 2051 3218 oﬁiciis,

472 3235 708 3289 maxima
733 3235 972 3305 ejusdem
1018 3237 1228 3293 Domini
1259 3238 1543 3295 salvatoris
1572 3241 1767 3308 nostri,
1813 3240 1972 3296 simul
2001 3251 2054 3297 et

470 3326 807 3381 intemerata:
858 3327 1133 3397 genitricis
1181 3327 1297 3397 ejus
1356 3329 1654 3386 humilitate
1706 3330 2005 3386 dedicatam
2038 3372 2053 3398 ,

472 3431 630 3471 sacra
661 3417 933 3486 Evangelii
956 3418 1112 3474 lectio
1139 3434 1259 3488 qua:
1286 3420 1444 3475 modo
1470 3420 1747 3491 legebatur
1772 3421 2045 3492 designat;
2089 3482 2094 3493 ,

471 3518 749 3576 exponens
778 3522 872 3562 eos
896 3508 988 3576 qui
1023 3508 1122 3579 legi
1154 3509 1229 3563 nil
1276 3509 1556 3576 debebant,
1590 3510 1871 3582 implendis
1897 3527 1955 3567 se
1980 3512 2055 3567 le~

472 3596 684 3666 galibus
712 3611 827 3666 ~per
870 3598 1050 3653 omnia
1108 3598 1409 3654 subdidisse
1461 3600 1731 3655 decretis:
1786 3608 1841 3655 et
1881 3600 1950 3656 ob
1976 3601 2051 3665 id,

472 3696 687 3757 tempus
711 3690 1043 3760 purgationis
1072 3692 1362 3746 secundum
1387 3691 1556 3763 legem
1587 3691 1753 3763 Moysi
1781 3692 1939 3748 modo
1961 3708 2055 3748 eos

473 3777 795 3833 observasse
861 3789 1269 3835 commemorat.
1344 3783 1604 3854 Pra‘cepit
1673 3798 1905 3853 namque
1967 3783 2053 3839 lex

476 3866 667 3939 (Leuit.
704 3868 804 3935 xu)
836 3878 895 3922 ut
918 3869 1111 3923 mulier
1135 3885 1254 3939 quae
1283 3883 1530 3941 suscepto
1572 3875 1777 3929 semine
1817 3875 2055 3945 peperis~

472 3965 557 4012 set
586 3957 775 4023 ﬁlium,
806 3957 1080 4013 immunda
1125 3967 1269 4012 esset
1314 3969 1520 4028 septem
1565 3962 1774 4026 diebus,
1802 3976 1858 4017 et
1885 3965 1939 4018 in
1967 3965 2055 4019 die

472 4054 669 4100 octavo
693 4045 1105 4101 circumcideret
1131 4046 1449 4102 infantulum
1495 4064 1796 4121 nomenque
1822 4060 2050 4121 aptaret.

473 4137 677 4192 Deinde
701 4137 866 4191 etiam
893 4138 1014 4193 aliis
1044 4139 1261 4208 triginta
1304 4140 1476 4195 tribus
1500 4140 1689 4197 diebus
1713 4143 1780 4197 ab
1808 4143 2053 4213 ingressu

473 4227 658 4298 templi
685 4243 750 4284 ac
777 4228 876 4283 viri
907 4237 1026 4285 toro
1076 4230 1390 4295 abstineret,
1424 4231 1593 4287 donec
1640 4233 2054 4305 quadragesimo

474 4320 776 4375 nativitatis
803 4320 888 4375 die
910 4319 1077 4375 ﬁlium
1106 4336 1226 4377 cum
1255 4322 1448 4378 hostiis
1473 4323 1541 4378 ad
1569 4323 1821 4394 templum
1843 4324 2053 4380 Domini

473 4410 728 4466 deferret.
795 4411 1215 4483 Primogenitnm
1277 4422 1457 4468 autem
1506 4429 1719 4469 omnem
1772 4416 2053 4471 masculini

474 4515 656 4567 sexus,
682 4510 926 4556 sanctum
979 4504 1203 4559 Domino
1248 4505 1452 4571 vocari,
1500 4514 1661 4576 atque
1705 4507 1826 4562 ideo
1852 4507 2050 4561 munda

475 4606 702 4661 quaeque
725 4592 907 4648 oﬁ'erri
938 4593 1065 4659 Deo,
1102 4594 1372 4650 immunda
1404 4603 1580 4651 autem
1612 4597 1825 4653 mundis
1854 4599 2049 4653 mutari

476 4682 560 4737 vel
583 4683 797 4750 occidi;
831 4694 887 4739 et
916 4685 1152 4740 hominis
1192 4687 1604 4759 primogenitum
1633 4689 1869 4759 quinque
1907 4690 2052 4744 siclis

477 4774 688 4847 argenti
716 4774 914 4832 debere
932 4778 1149 4843 redimi,
1174 4785 1230 4833 et
1256 4778 1460 4849 reliqua
1484 4794 1603 4849 qua:
1626 4779 1761 4834 liber
1783 4779 2054 4836 Leviticus

476 4876 760 4921 enumerat
785 4867 1131 4923 suﬁicienter.
1164 4867 1299 4923 Cum
1322 4871 1463 4925 enim
1493 4870 1638 4925 dicat
1663 4869 1747 4925 lex
1775 4870 2053 4926 mulierem

476 4971 598 5026 qua:
626 4966 873 5028 suscepto
898 4959 1106 5013 semine
1126 4959 1438 5029 peperisset,
1460 4959 1788 5015 immundam
1814 4960 2050 5027 decerni,

478 5053 534 5098 et
569 5061 668 5115 per
712 5046 867 5115 longa
902 5055 1141 5115 tempora
1189 5047 1347 5102 simul
1388 5063 1511 5103 cum
1553 5048 1703 5119 prole
1746 5065 1909 5119 quam
1960 5065 2051 5119 ge-

482 5138 710 5204 nuisset,
752 5136 948 5194 oblatls
974 5140 1083 5194 Deo
1120 5139 1373 5205 victimis,
1409 5141 1604 5197 debere
1627 5141 1897 5207 mundari,
1928 5158 2051 5213 pro-

480 5230 623 5285 t'ecto
651 5237 799 5299 patet
826 5230 951 5300 quia
997 5229 1141 5285 illam
1174 5244 1293 5300 qua:
1336 5230 1453 5286 sine
1496 5230 1666 5285 virilis
1713 5232 2051 5300 susceptione

479 5320 702 5376 seminis
729 5320 881 5391 virgo
907 5321 1135 5391 peperit,
1158 5335 1266 5375 una
1287 5335 1408 5375 cum
1434 5319 1544 5374 ﬁlio
1564 5321 1657 5391 (ιυί
1686 5329 1843 5376 natus
1866 5329 1950 5376 est
1975 5321 2045 5387 ei,

478 5424 657 5480 neque
686 5410 1014 5465 immundam
1043 5410 1332 5475 describat,
1360 5423 1535 5478 neque
1576 5425 1674 5480 per
1723 5411 1928 5467 hostias
1958 5412 2052 5467 do-

479 5509 604 5554 ceat
637 5515 757 5555 esse
782 5500 1163 5556 mundandam.
1209 5499 1335 5565 Sed,
1385 5500 1525 5556 sicut
1556 5501 1813 5557 Dominus
1842 5517 1907 5556 ac
1951 5501 2056 5556 sal-

480 5600 639 5646 vator
666 5600 868 5659 noster,
897 5592 989 5661 qui
1022 5592 1192 5662 legem
1221 5592 1479 5647 divinitus
1508 5591 1675 5658 dedit,
1708 5608 1975 5663 apparens
2000 5593 2053 5647 in

483 5679 725 5747 homine,
761 5682 877 5737 ﬁeri
916 5684 1085 5739 voluit
1127 5684 1225 5738 sub
1261 5683 1398 5755 lege,
1439 5692 1498 5738 ut
1523 5697 1617 5738 eos
1657 5684 1749 5753 qui
1798 5684 1897 5739 sub
1937 5684 2056 5754 lege

487 5779 644 5826 erant
689 5774 1004 5842 redimeret,
1061 5786 1118 5831 ut
1171 5775 1512 5847 adoptionem
1574 5774 1805 5831 ﬁliorum
1849 5775 2055 5847 recipe-

2156 1971 2281 2025 illuc
2310 1979 2588 2031 venerunt,
2620 1969 2759 2024 sicut
2792 1967 2951 2022 modo
2970 1982 3035 2020 ex
3079 1965 3360 2036 evangelio
3397 1965 3735 2030 audivimus;

2155 2060 2295 2128 quod
2323 2066 2540 2114 sanctus
2567 2056 2804 2121 Simeon,
2845 2072 2875 2110 a
2920 2053 3121 2124 Spiritu
3153 2061 3337 2110 sancto
3382 2053 3436 2107 in
3480 2052 3737 2123 templum

2155 2152 2436 2215 adductus,
2470 2150 2525 2204 in
2561 2148 2716 2203 ulnas
2760 2160 2887 2203 suas
2927 2162 3153 2217 puerum
3181 2144 3469 2213 acceperit,
3497 2152 3550 2198 et
3569 2142 3738 2198 bene-

2155 2242 2352 2297 dixerit
2386 2239 2707 2301 Dominum;
2762 2244 2819 2292 et
2860 2236 2986 2306 quia
3035 2236 3188 2289 Anna
3238 2233 3483 2304 religiosa
3536 2232 3738 2287 femina

2156 2338 2319 2400 atque
2341 2330 2523 2394 vidua,
2563 2327 2751 2383 eadem
2794 2327 2929 2382 hora
2956 2324 3339 2395 superveniens
3381 2321 3741 2378 conﬁtebatur

2155 2421 2264 2475 Deo
2289 2428 2343 2475 et
2366 2419 2687 2488 loquebatur
2710 2417 2776 2473 de
2807 2431 2873 2472 eo
2923 2416 3173 2472 omnibus
3213 2414 3306 2484 qui
3352 2414 3741 2483 exspectabant

2156 2509 2575 2579 redemptionem
2603 2506 2785 2563 lsrael.
2821 2506 3113 2563 Veniamus
3131 2512 3186 2559 et
3222 2519 3316 2559 nos
3343 2503 3555 2559 obviam
3584 2502 3738 2565 Jesn,

2155 2612 2209 2658 et
2237 2602 2565 2658 exsultantes
2594 2601 2949 2671 suscipiamus
2985 2614 3108 2654 eum
3139 2597 3279 2653 ulnis
3310 2598 3569 2652 bonorum
3608 2610 3740 2665 ope-

2158 2710 2312 2749 rum:
2364 2702 2419 2750 et
2445 2693 2799 2749 conﬁteamnr
2840 2691 3043 2745 nomini
3072 2689 3189 2759 ejus
3236 2703 3451 2759 magno,
3484 2697 3538 2742 et
3572 2702 3736 2742 enar-

2155 2801 2335 2841 remus
2378 2783 2810 2839 misericordiam
2846 2780 2980 2850 ejus,
3036 2789 3092 2835 et
3138 2779 3403 2833 mirabilia
3457 2779 3573 2849 ejus
3617 2791 3738 2846 qua:

2156 2876 2283 2932 fecit
2310 2874 2590 2930 nobiscum
2632 2872 2881 2928 omnibus
2909 2872 2999 2941 qui
3043 2878 3360 2940 exspectant
3404 2868 3732 2937 redemptio-

2154 2983 2276 3023 nem
2306 2965 2603 3022 Jerusalem
2645 2973 2701 3019 et
2724 2963 3143 3018 consolationem
3179 2960 3361 3016 lsrael.
3403 2958 3572 3027 Quam
3602 2973 3737 3013 con-

2156 3059 2473 3115 solationem
2498 3055 2780 3111 Psalmista
2808 3054 2862 3108 in
2891 3051 3094 3122 Spiritu
3124 3050 3443 3122 praevidens,
3478 3050 3591 3104 ait:
3624 3047 3740 3101 La:-

2156 3150 2380 3222 tiﬁcabis
2417 3164 2527 3212 nos,
2553 3147 2798 3207 Domine,
2822 3145 2876 3198 in
2905 3143 3100 3211 gaudio
3128 3158 3243 3195 cum
3273 3139 3416 3194 vultu
3447 3148 3556 3203 tuo,
3596 3136 3739 3191 dele-

2158 3245 2407 3298 ctationes
2436 3242 2491 3294 in
2538 3240 2752 3292 dextera
2800 3246 2892 3289 tua
2936 3250 3098 3305 usque
3138 3234 3192 3286 in
3221 3232 3398 3301 ﬁnem.
3438 3227 3740 3288 Oﬁ‘eramus

2156 3334 2230 3389 illi
2261 3330 2658 3402 simplicitatem
2703 3326 2922 3391 mentis,
2970 3324 3112 3394 quod
3142 3322 3408 3394 signiﬁcat
3447 3320 3738 3383 columba;

2154 3422 2442 3480 oﬁ'eramus
2470 3419 2713 3491 corporis
2748 3417 3074 3481 castitatem,
3102 3415 3243 3485 quod
3274 3422 3456 3468 turtur
3494 3412 3730 3483 ﬁgurat;

2152 3515 2441 3571 offeramus
2489 3512 2564 3566 illi
2618 3525 2745 3566 cum
2798 3508 3091 3565 sobrietate
3135 3504 3561 3562 conversationis
3590 3517 3739 3558 com-

2153 3606 2494 3677 punctionem
2532 3603 2729 3665 cordis,
2762 3615 2925 3671 quam
2952 3597 3217 3668 signiﬁcat
3242 3604 3432 3651 cantus
3461 3602 3736 3649 utrarum-

2153 3712 2257 3767 que
2286 3696 2462 3749 avium
2494 3710 2509 3759 ;
2538 3693 2667 3747 dicit
2704 3692 2848 3746 enim
2899 3689 3177 3759 Scriptura
3203 3702 3218 3741 :
3268 3685 3599 3755 Sacriﬁcium
3629 3683 3737 3739 Deo

2152 3788 2365 3857 spiritus
2392 3783 2771 3839 contribulatum
2797 3797 2815 3834 :
2862 3798 2951 3836 cor
2991 3781 3271 3834 contritum
3313 3786 3360 3832 et
3406 3774 3737 3831 liumiliatum

2152 3878 2294 3933 Deus
2334 3892 2438 3930 non
2479 3875 2670 3945 spernit
2701 3870 2871 3945 (Psal.
2896 3870 2971 3942 ι).
3010 3870 3113 3925 Ista
3142 3877 3268 3923 sunt
3291 3868 3448 3931 dona,
3481 3866 3583 3921 ista
3610 3874 3739 3921 sunt

2154 3969 2441 4033 sacriﬁcia,
2467 3968 2662 4037 quibus
2682 3965 2927 4020 Christus
2965 3962 3263 4018 delectatur
3289 3968 3345 4015 et
3374 3958 3589 4030 gaudet.
3643 3953 3740 4010 Ve-

2153 4070 2263 4113 tera
2287 4059 2631 4121 transierunt,
2662 4072 2776 4109 ecce
2799 4054 2972 4107 omnia
3011 4052 3150 4122 facta
3185 4060 3305 4105 sunt
3350 4066 3481 4104 nova
3505 4065 3525 4110 ;
3547 4047 3736 4117 sicque

2156 4150 2253 4220 ipsi
2277 4149 2479 4204 erimus
2512 4148 2688 4202 hostia
2732 4154 2885 4215 grata
2937 4142 3068 4205 Deo,
3121 4141 3165 4197 si
3210 4140 3483 4211 praeterita
3511 4144 3733 4207 peccata

2154 4247 2339 4294 nostra
2369 4236 2578 4292 fletibus
2619 4246 2674 4291 et
2702 4234 3085 4290 misericordia:
3131 4231 3384 4301 operibus
3411 4229 3731 4292 abluamus;

2152 4340 2209 4384 et
2243 4329 2385 4399 quod
2411 4340 2657 4397 superum
2703 4322 3053 4380 beatitudinis
3094 4319 3360 4375 desiderio
3404 4316 3733 4387 compuncti,

2153 4419 2290 4473 bene
2318 4417 2582 4481 viventes,
2635 4412 2875 4483 quotidie
2924 4413 3033 4467 Deo
3076 4411 3129 4465 in
3160 4410 3408 4465 oratione
3448 4409 3732 4463 dicamus:

2155 4507 2326 4563 Sitirit
2355 4507 2531 4560 anima
2560 4522 2674 4559 mea
2695 4503 2764 4557 ad
2790 4502 2958 4556 Deum
2994 4503 3182 4564 vivum,
3205 4499 3415 4570 quando
3455 4498 3657 4553 veniam
3683 4508 3735 4552 et

2154 4596 2409 4669 apparebo
2435 4604 2554 4650 ante
2578 4595 2765 4665 faciem
2814 4592 2950 4647 Dei?
2975 4592 3146 4661 (Psal.
3174 4592 3310 4661 xu.)
3342 4590 3493 4658 Quod
3522 4589 3738 4645 deside-

2156 4689 2295 4744 rium
2322 4698 2566 4743 nostrum
2582 4686 2655 4741 ad
2680 4684 2928 4740 eﬂ‘ectnm
2952 4684 3232 4754 perducat,
3271 4682 3360 4753 qui
3392 4690 3610 4751 propter
3635 4693 3741 4735 nos

2156 4778 2467 4834 incarnatus
2489 4785 2591 4843 est,
2615 4785 2672 4831 et
2707 4775 3054 4845 semetipsum
3098 4774 3319 4829 tradidit
3360 4780 3420 4827 ut
3446 4772 3742 4828 redimeret

2156 4884 2255 4924 nos
2283 4868 2337 4923 in
2366 4867 2624 4939 sanguine
2669 4882 2790 4932 suo,
2832 4864 3081 4920 Christus
3128 4864 3366 4919 salvator
3394 4872 3593 4927 noster,
3639 4860 3737 4931 qui

2156 4961 2287 5015 vivit
2315 4968 2370 5015 et
2396 4966 2588 5030 regnat
2625 4974 2749 5014 cum
2798 4959 2908 5012 Deo
2943 4956 3101 5011 Patre
3148 4957 3201 5010 in
3244 4956 3452 5011 unitate
3498 4954 3739 5025 Spiritus

2157 5051 2350 5116 sancti,
2374 5066 2472 5120 per
2496 5050 2675 5105 omnia
2702 5048 2897 5103 scecula
2920 5047 3256 5102 steculorum.
3293 5046 3486 5102 Amen.

2745 5158 3025 5215 HOMILIA
3059 5158 3146 5213 IX.

2524 5267 2573 5304 IN
2602 5266 2853 5306 DOIINICA
2880 5266 2899 5304 ι
2921 5260 3358 5314 ΩυΑυΒΔΟΕειὶΙᾸΞ.

2159 5343 2237 5398 De
2247 5344 2458 5414 jejunio
2490 5342 2698 5397 Domini
2718 5352 2765 5396 et
2798 5343 2999 5414 ratione
3025 5340 3492 5414 quadragesimalis
3512 5339 3737 5414 jejunii,

2227 5410 2273 5468 et
2297 5410 2530 5483 castitate
2552 5422 2705 5483 atque
2727 5410 3046 5483 continentia
3064 5430 3181 5467 cum
3209 5410 3432 5483 propriis
3462 5410 3736 5466 uxoribus.

2228 5483 2450 5555 (Evang.
2478 5481 2689 5553 Matth,
2720 5499 2835 5552 cap.
2864 5481 2961 5555 tv.)

2228 5591 2411 5647 Lectio
2441 5592 2611 5646 sancti
2648 5591 2922 5663 Evangelii
2949 5609 3111 5663 quam
3153 5593 3314 5649 modo
3337 5590 3584 5654 audistis,
3632 5589 3740 5645 fra-

2158 5690 2269 5739 tres
2316 5683 2644 5748 charissimi,
2702 5683 2860 5754 hujus
2915 5684 3296 5740 sacratissima:
3338 5681 3742 5747 observationis

2160 5773 2361 5831 revelat
2394 5775 2716 5843 exordium;
2759 5793 2880 5833 cum
2911 5776 3173 5835 Dominici
3228 5774 3384 5832 nobis
3422 5772 3613 5845 jejunii
3640 5786 3736 5831 exc
