4040 6188
350 408 414 466 ει
1310 407 1614 464 IIOMILIAS
1653 407 1740 462 DE
1776 406 1938 463 FES’I

2054 407 2457 477 PRASCIPUIS,
2496 409 2647 467 ETC.
3540 419 3620 474 ἓξ

351 522 507 593 ponit
548 527 971 575 sacramentum.
1023 518 1219 572 Narrat
1265 520 1407 573 enim
1444 528 1663 573 sanctus
1709 534 1939 590 cvange-
1964 525 2012 584 Α
2042 523 2243 591 gesima
2268 536 2397 576 vero
2426 538 2529 577 non
2576 521 2843 591 jejunare,
2874 535 3151 594 peccatum
3196 537 3296 583 est.
3331 529 3451 586 Alio
3479 540 3615 587 ιριιμ

352 612 479 667 lista
509 610 792 667 Hattbams
807 610 951 679 quod
980 609 1228 664 Salvator
1252 618 1435 664 noster
1461 617 1582 678 post
1608 608 1931 679 baptismum

352 722 513 762 suum
541 714 599 760 et
645 711 767 773 post
814 703 1218 758 descensionem
1265 701 1500 771 Spiritus
1548 702 1719 756 sancti
1775 717 1935 771 super

352 812 556 867 ipsum,
586 795 655 850 ab
680 796 873 850 eodem
909 793 1115 864 Spiritu
1161 793 1355 847 ductus
1396 792 1466 847 sit
1496 793 1550 847 in
1578 794 1845 848 desertum
1878 802 1935 846 ut

353 895 657 943 tentaretur
684 900 715 939 a
746 883 996 948 diabolo;
1023 892 1078 937 et
1120 898 1239 938 cum
1261 881 1559 952 jejunasset
1581 882 1934 952 quadraginta

351 978 544 1034 diebus
574 984 631 1031 et
651 975 1005 1045 quadraginta
1034 973 1304 1037 noctibus,
1335 980 1517 1042 postea
1543 972 1747 1038 esuriit,
1787 986 1936 1025 eum-

349 1081 459 1137 que
486 1074 725 1121 tentator
760 1065 966 1127 adiens,
994 1062 1316 1117 tentaverit:
1345 1063 1437 1116 sed
1467 1062 1611 1116 veris
1656 1062 1936 1116 sententiis

349 1159 548 1213 divina:
569 1158 706 1229 legis
731 1157 922 1219 victus,
940 1163 995 1207 et
1017 1154 1222 1209 Domini
1250 1155 1502 1209 mandato
1525 1154 1788 1225 repulsus,
1819 1156 1937 1208 abs-

346 1249 610 1312 cesserit,
659 1257 714 1301 et
761 1253 882 1315 post
926 1245 1222 1299 discessum
1270 1244 1488 1309 diaboli,
1538 1245 1713 1314 angeli
1763 1245 1934 1299 sancti

349 1343 703 1405 accedentes,
731 1338 1076 1409 Rcdemptori
1122 1346 1324 1402 nostro,
1360 1345 1418 1391 ut
1465 1353 1595 1392 vero
1627 1337 1854 1392 Domino
1882 1346 1936 1393 et

347 1434 645 1496 conditori,
677 1431 1123 1487 ministraverint.
1159 1428 1322 1484 Nobis
1344 1442 1472 1499 ergo
1501 1428 1554 1481 in
1579 1428 1664 1483 his
1689 1428 1937 1483 omnibus

350 1526 684 1594 Redemptor
731 1530 931 1585 noster,
982 1519 1179 1574 fratres
1233 1517 1584 1583 dilectissimi,
1636 1516 1936 1587 exemplum

348 1618 528 1681 dedit,
566 1617 694 1685 quia
722 1614 879 1669 nobis
909 1611 1190 1682 jejunavit,
1221 1611 1374 1665 nobis
1401 1618 1587 1665 contra
1617 1618 1937 1665 tentatorem

347 1708 614 1774 conﬂixit,
638 1708 899 1776 nobisque
926 1705 1218 1775 superavit.
1257 1702 1492 1757 Victoria
1528 1702 1727 1758 Christi
1768 1702 1936 1774 gloria

348 1810 433 1855 est
457 1808 649 1855 nostra
675 1818 687 1852 :
725 1798 909 1866 sicque
930 1811 1026 1851 nos
1052 1809 1148 1865 per
1186 1794 1564 1849 abstinentiam
1595 1809 1938 1865 carnemque-

2034 624 2165 678 pore
2187 609 2277 678 qui
2295 609 2523 679 jejunat,
2561 613 2788 682 accipiet
2814 613 3199 686 indulgentiam
3227 637 3239 671 :
3290 619 3341 673 in
3372 620 3619 687 Quadrav

2035 697 2237 767 gesima
2267 712 2499 766 quoque,
2532 700 2621 767 qui
2665 709 2864 770 potest,
2899 713 2955 757 ct
3004 721 3109 759 non
3152 704 3389 778 jejunat,
3422 714 3617 767 sentiet

2034 800 2271 854 ptenam.
2318 785 2385 839 Et
2432 787 2546 855 ipse
2574 795 2751 845 tamen
2780 792 2873 860 qui
2916 792 3164 863 jejunare
3208 811 3313 851 non
3344 802 3618 869 praevalet,

2035 876 2299 930 secretius
2328 876 2430 931 sibi
2452 878 2571 943 soli,
2602 889 2695 935 aut
2722 882 2766 936 si
2792 892 2875 938 est
2904 884 3040 940 alius
3066 886 3314 943 infirmus
3336 905 3457 944 cum
3480 892 3619 962 ipsi».

2035 968 2136 1024 sibi
2173 970 2225 1023 in
2253 970 2411 1025 domo
2439 988 2534 1027 sua
2558 983 2823 1045 praeparet
2848 978 2989 1047 quod
3012 980 3241 1049 accipiat
3264 998 3278 1046 ;
3308 992 3363 1037 et
3389 983 3508 1038 illos
3526 991 3617 1054 qui

2028 1057 2274 1128 jejunare
2296 1062 2610 1130 praevalent,
2642 1064 2709 1118 ad
2736 1066 3016 1134 prandium
3046 1083 3152 1122 non
3182 1070 3395 1135 invitet,
3426 1088 3494 1127 ne
3514 1075 3614 1129 sibi

2034 1160 2226 1221 augeat
2247 1153 2409 1207 etiam
2440 1154 2506 1208 de
2530 1154 2750 1210 alterius
2772 1157 2893 1226 gula
2934 1169 3233 1227 peceatum.
3280 1161 3614 1228 Castitatem,

2036 1241 2253 1307 fratres,
2301 1259 2423 1299 cum
2475 1247 2711 1315 propriis
2763 1250 3022 1305 uxoribus
3075 1260 3301 1318 tenete;
3356 1257 3618 1312 ecclesias

2037 1331 2374 1402 frequentate
2401 1351 2415 1399 ;
2465 1335 2532 1389 ad
2560 1344 2854 1392 nocturnas
2893 1339 3104 1410 vigilias
3131 1344 3398 1400 maturius
3424 1361 3618 1401 exsur-

2035 1426 2183 1494 gite;
2214 1425 2279 1480 ad
2310 1441 2465 1481 sacra
2498 1428 2784 1484 missarum
2830 1432 3112 1501 solemnia,
3152 1437 3196 1491 si
3236 1439 3490 1507 possibile
3530 1443 3617 1505 sit,

2037 1518 2276 1586 quotidie
2301 1521 2610 1587 convenite;
2640 1524 2868 1578 orationi
2898 1528 3380 1598 saepeincumbitc;
3409 1535 3621 1589 veniam

2035 1619 2378 1678 peccatorum
2407 1614 2709 1669 vestrorum
2741 1615 3110 1674 indesinenter
3141 1622 3305 1689 petite
3330 1640 3344 1689 ;
3393 1624 3625 1679 cleemo-

2036 1712 2290 1769 synarum
2321 1700 2568 1772 largitate
2610 1717 2954 1773 peccatorum
2985 1708 3226 1767 ﬂammas
3254 1716 3619 1787 exstinguite;

2035 1802 2134 1857 per
2156 1789 2297 1843 bona
2324 1805 2489 1859 opera
2515 1794 2782 1849 conditori
2802 1806 2979 1852 vestro
3008 1803 3344 1857 reconciliari
3376 1806 3620 1871 studetc;

350 1901 520 1946 stram
548 1890 962 1953 mortiﬁcantes,
1008 1887 1218 1942 animas
1265 1898 1478 1941 nostras
1518 1886 1774 1941 debemus
1803 1901 1938 1955 prte-
1968 1875 2009 1933 Β
2037 1894 2223 1947 pacem
2255 1896 2377 1935 cum
2402 1884 2652 1940 omnibus
2699 1887 2929 1955 habete;
2965 1900 3231 1959 quatenus
3260 1895 3339 1950 sic
3371 1907 3625 1953 sanctum

348 1999 548 2052 parare
581 1984 650 2038 ad
684 1982 1061 2044 tentationem,
1089 1988 1143 2032 et
1165 1993 1260 2048 per
1281 1978 1579 2034 orationem
1610 1984 1664 2032 et
1691 1976 1786 2030 Dei
1818 1993 1937 2031 ver-

351 2075 477 2127 bum
506 2072 789 2128 victoriam
819 2070 1112 2139 capientes,
1147 2077 1403 2124 aeternam
1443 2083 1565 2122 cum
1609 2067 1811 2123 sanctis
1835 2082 1934 2121 an-

351 2162 488 2232 gelis
511 2163 563 2216 in
586 2160 725 2217 coelo
750 2175 973 2231 sperare
1000 2159 1406 2215 beatitudinem.
1442 2156 1549 2213 Sed
1583 2157 1709 2227 quia
1750 2157 1938 2213 diebus

352 2252 437 2308 his
459 2252 619 2307 lectio
643 2250 930 2322 congruit:
969 2265 1093 2304 nam
1136 2248 1492 2317 quadraginta
1519 2248 1729 2303 dierum
1771 2247 1940 2302 absti-

351 2345 595 2399 nentiam
627 2343 797 2397 nostri
830 2341 1203 2411 Redemptoris
1231 2339 1551 2403 audivimus,
1579 2340 1670 2409 qui
1699 2340 1937 2410 quadra-

350 2436 573 2507 gesimze
598 2443 805 2503 tempus
846 2433 1186 2496 inchoamus,
1236 2430 1630 2485 discutiendum
1675 2431 1830 2486 nobis
1857 2440 1941 2486 est;

350 2539 447 2579 cur
489 2523 611 2578 haec
654 2523 767 2593 ipsa
814 2522 1141 2577 abstinentia
1180 2536 1278 2592 per
1324 2519 1677 2590 quadraginta
1729 2521 1938 2576 dierum

350 2626 639 2666 numerum
667 2611 987 2667 custoditur.
1032 2609 1243 2681 Moyses
1279 2611 1540 2676 enim,.ut
1581 2608 1751 2681 legem
1789 2610 1939 2665 acci-

352 2712 503 2772 peret
524 2703 788 2767 secundo,
830 2702 1021 2756 diebus
1048 2701 1401 2772 quadraginta
1439 2699 1701 2770 jejunavit
1740 2700 1936 2773 (Exod.

352 2794 499 2862 xxiv)
527 2810 543 2859 ;
570 2793 722 2848 Elias
740 2793 797 2847 in
826 2792 1043 2848 deserto
1072 2793 1426 2863 quadraginta
1465 2792 1653 2849 diebus
1682 2794 1943 2849 abstinuit

354 2883 472 2954 (111
504 2882 634 2955 Reg.
668 2883 809 2955 xxx).
849 2883 968 2953 Ipse
1016 2893 1205 2938 auctor
1251 2883 1531 2937 hominum
1580 2884 1647 2938 ad
1694 2883 1941 2939 homines

351 2974 575 3030 veniens
600 2974 657 3027 in
691 2973 1046 3044 quadraginta
1073 2972 1262 3027 diebus
1286 2971 1489 3026 nullum
1519 2972 1739 3027 omnino
1761 2972 1942 3027 cibum

350 3067 600 3136 sumpsit,
645 3081 743 3121 nos
764 3080 1001 3136 quoque,
1031 3066 1086 3120 in
1109 3074 1371 3136 quantum
1414 3079 1719 3135 possumus,
1761 3068 1943 3120 annuo

354 3166 602 3228 tempore
625 3155 1063 3227 Quadragesimte
1102 3170 1322 3210 carnem
1367 3164 1612 3210 nostram
1652 3170 1750 3226 per
1776 3153 1944 3210 absti-

351 3249 591 3304 nentiam
622 3246 860 3318 afﬂigere
889 3262 1165 3301 conamur.
1213 3245 1323 3303 Cur
1358 3262 1487 3318 ergo
1531 3246 1585 3302 in
1616 3245 1942 3303 abstinentia

350 3340 840 3411 quadragenarium
895 3353 1177 3393 numerum
1226 3338 1557 3394 custodimus
1582 3378 1599 3404 ,
1656 3338 1760 3395 nisi
1811 3339 1941 3408 quia

354 3443 544 3490 contra
592 3441 863 3503 praecepta
891 3431 1124 3497 Domini,
1152 3431 1265 3486 sive
1304 3445 1404 3501 per
1431 3429 1673 3499 corporis
1697 3429 1942 3500 volupta-

352 3536 478 3589 tem,
505 3541 602 3580 seu
631 3540 734 3595 per
760 3522 982 3578 aﬂectus
1009 3523 1177 3578 animi
1209 3521 1482 3578 fecimus?
1520 3521 1579 3576 In
1604 3522 1707 3577 hoc
1740 3523 1940 3593 quippe

354 3615 568 3670 mortali
606 3628 837 3684 corpore
861 3627 927 3667 ex
952 3623 1183 3683 quatuor
1220 3611 1521 3678 elementis,
1562 3611 1617 3666 id
1658 3620 1744 3667 est
1772 3620 1937 3676 terra,

354 3722 512 3777 aqua,
544 3706 670 3777 igne
694 3713 749 3759 et
796 3717 941 3769 aere,
972 3702 1317 3757 subsistimus
1342 3718 1357 3767 ;
1382 3710 1439 3758 et
1478 3709 1711 3771 quatuor
1737 3700 1939 3757 all‘ecti-

352 3797 456 3852 bus
482 3795 675 3861 animi,
716 3794 767 3848 id
790 3802 876 3849 est
918 3801 1087 3859 metu,
1114 3792 1430 3863 cupiditate,
1467 3791 1686 3846 tristitia
1713 3799 1768 3847 et
1810 3806 1941 3862 gau-

352 3892 442 3949 dio
465 3890 751 3946 adﬁcimur.
781 3888 1059 3958 Praecepta
1099 3895 1280 3942 autem
1329 3886 1607 3941 Dominiea
1636 3900 1734 3956 per
1775 3885 1939 3939 deca-

353 3984 534 4055 logum
562 3989 690 4038 sunt
715 3989 972 4051 accepta:
1011 3979 1102 4048 qui
1145 3995 1275 4049 ergo
1300 3994 1398 4049 per
1446 3977 1629 4033 carnis
1672 3975 1941 4032 desideria

356 4087 518 4147 atque
533 4076 762 4132 affectus
776 4074 939 4129 animi
963 4074 1199 4144 decalogi
1222 4072 1471 4128 mandata
1487 4070 1936 4141 contempsimus,

354 4166 577 4238 dignum
606 4173 691 4221 est
721 4173 782 4219 ut
813 4163 1055 4219 eamdem
1083 4178 1299 4218 carnem
1325 4177 1422 4231 per
1458 4159 1723 4231 jejunium
1747 4167 1802 4214 et
1826 4174 1942 4229 pm—

358 4259 601 4313 nitentiae
643 4258 848 4313 luctmn
878 4265 1070 4326 quater
1117 4256 1298 4310 decies
1328 4253 1644 4324 aﬂligamus.
1685 4253 1941 4321 Quamvis

356 4352 424 4405 de
451 4351 552 4406 hoc
581 4348 1019 4420 Quadragesimm
1050 4355 1290 4416 tempore
1319 4345 1389 4399 sit
1414 4344 1559 4399 aliud
1603 4343 1778 4399 adhuc
1798 4344 1939 4414 quod

354 4443 526 4512 possit
566 4440 790 4511 intelligi
819 4458 830 4493 :
860 4455 890 4493 a
914 4438 1161 4509 prmsenti
1203 4437 1403 4492 etenim
1435 4436 1520 4491 die
1546 4451 1717 4505 usque
1745 4435 1808 4488 ad
1851 4451 1943 4505 pa-

355 4535 556 4591 schalis
581 4532 943 4589 solemnitatis
968 4532 1157 4601 gaudia
1190 4546 1285 4585 sex
1314 4530 1666 4585 hebdomadte
1694 4528 1931 4589 veniunt,

356 4643 585 4697 quarum
609 4626 865 4681 videlicet
891 4624 1007 4679 dies
1050 4623 1403 4693 quadraginta
1441 4628 1495 4675 et
1538 4622 1643 4675 duo
1692 4618 1847 4682 ﬁunt,
1873 4635 1936 4673 ex

354 4719 553 4790 quibus
574 4720 703 4774 dum
743 4734 835 4773 sex
862 4717 1124 4771 Dominici
1153 4715 1489 4770 abstinentiae
1532 4713 1939 4777 subtrahuntur,

353 4827 467 4867 non
488 4811 609 4883 plus
623 4809 738 4879 jam
766 4809 818 4863 in
846 4807 1165 4863 abstinentia
1189 4821 1352 4875 quam
1382 4804 1600 4871 triginta
1626 4811 1681 4858 et
1706 4818 1799 4857 sex
1829 4802 1942 4857 dies

354 4908 656 4957 remanent.
683 4898 819 4953 Dum
852 4912 979 4952 vero
1026 4911 1123 4965 per
1169 4902 1440 4949 trecentos
1480 4903 1535 4947 et
1582 4892 1860 4963 sexaginta
1889 4901 1945 4946 et

352 4991 595 5061 quinque
626 4989 745 5044 dies
768 5003 940 5043 annus
979 4988 1207 5050 ducitur,
1240 5001 1340 5041 nos
1380 4992 1557 5039 autem
1602 4999 1698 5053 per
1723 4983 1941 5054 triginta

349 5092 408 5138 et
433 5097 528 5137 sex
555 5081 674 5137 dies
698 5079 1001 5150 afﬂigimur,
1028 5079 1183 5148 quasi
1207 5076 1332 5132 anni
1363 5074 1530 5131 nostri
1566 5076 1800 5131 decimas
1826 5075 1936 5131 Deo

351 5174 547 5229 damus
569 5187 669 5244 per
715 5170 1142 5241 temperantiam,
1183 5168 1467 5240 justitiam,
1507 5167 1844 5237 prudentiam
1883 5175 1939 5222 et

352 5262 748 5319 fortitudinem.
789 5261 855 5316 Et
893 5260 984 5330 qni
1025 5259 1420 5329 nobismetipsis
1445 5258 1497 5312 in
1522 5257 1804 5312 desideriis
1842 5272 1940 5328 per

349 5366 528 5413 totum
558 5369 764 5410 annum
788 5353 1042 5419 viximus,
1066 5351 1270 5407 auctori
1295 5361 1479 5404 nostro
1501 5348 1552 5401 in
1575 5346 1691 5415 ejus
1716 5346 1939 5404 decimis

348 5462 451 5519 per
464 5445 847 5502 abstinentiam
869 5458 1084 5499 carnem
1111 5451 1352 5496 nostram
1375 5438 1779 5493 mortificrmus.
1808 5437 1936 5491 Nul-

346 5539 545 5610 lusque
572 5538 626 5592 in
655 5537 757 5591 isto
783 5530 1149 5590 sacratissimo
1174 5541 1435 5601 tempore,
1478 5527 1717 5598 exceptis
1757 5526 1937 5582 Domi-

347 5629 489 5683 nicis
514 5627 727 5691 diebus,
755 5625 1022 5695 prandere
1046 5632 1352 5693 przesumat,
1382 5620 1482 5675 nisi
1510 5619 1646 5673 forte
1667 5618 1753 5671 ille
1773 5632 1933 5686 quem

347 5717 643 5772 infirmitas
666 5715 913 5785 jejunare
944 5729 1048 5769 non
1096 5712 1397 5782 permittit:
1428 5710 1554 5781 quia
1586 5708 1705 5762 aliis
1744 5708 1933 5762 diebus

342 5806 592 5881 jt-junare
616 5816 709 5861 aut
742 5804 1038 5860 remedium
1066 5813 1145 5858 est
1169 5810 1258 5857 aut
1280 5803 1578 5872 pnemium,
1610 5799 1662 5854 in
1689 5798 1927 5866 Quadra-

2037 1968 2241 2026 Pascha
2277 1982 2652 2042 expectantes,
2700 1979 2927 2045 gratiam
2967 1980 3021 2035 in
3049 1994 3336 2053 conspectu
3386 1988 3618 2044 Redeat»

2035 2061 2204 2131 ptoris
2237 2065 2403 2117 nostri
2458 2065 2699 2121 invenire
2750 2068 2990 2135 valeatis,
3041 2072 3133 2142 qui
3185 2090 3308 2129 cum
3360 2077 3520 2134 Patre
3568 2090 3623 2135 ct

2038 2151 2240 2223 Spiritu
2271 2163 2458 2211 sancto
2486 2157 2619 2213 vivit
2660 2168 2714 2215 et
2741 2169 2947 2232 regnat
2969 2162 3131 2228 Deus,
3171 2180 3269 2235 per
3311 2170 3490 2225 omnia
3522 2186 3622 2225 sa:-

2037 2245 2154 2301 eula
2178 2245 2513 2302 saeculorum.
2543 2246 2733 2305 Amen.

2623 2358 2900 2416 HOMILIA
2942 2362 3009 2418 Χ.

2374 2464 2427 2503 ΙΝ
2468 2464 2724 2505 DOMINICA
2763 2468 2802 2506 ll
2840 2468 3283 2516 QUADRAGESIHE.

2040 2535 2117 2591 De
2135 2536 2433 2618 pauitantia
2469 2555 2535 2618 ea}
2580 2540 2749 2618 corda
2777 2541 3022 2618 facientia
3072 2554 3121 2618 et
3174 2545 3663 2618 elqcmosynarmn‘

2391 2606 2649 2679 largitate.
2677 2606 2902 2681 (Evang;
2931 2612 3121 2667 Matth.
3146 2614 3261 2687 xv.)

2110 2697 2544 2768 Quadragesima:
2575 2708 2785 2770 tempus
2805 2703 2964 2759 modo
2994 2704 3238 2772 colimus,
3264 2706 3404 2761 sicut
3426 2707 3621 2775 nostis,

2042 2790 2243 2846 fratres
2262 2790 2588 2858 ebarissimi,
2612 2793 2754 2863 quod
2776 2793 2844 2848 ab
2869 2793 3037 2864 ipsius
3064 2796 3275 2852 Domini
3306 2798 3622 2869 magisterio

2041 2880 2373 2948 ordinatum,
2421 2891 2478 2937 et
2522 2884 2591 2938 ab
2638 2884 2893 2954 apostolis
2934 2895 3095 2957 atque
3138 2890 3446 2959 apostolicis
3488 2890 3619 2947 viris
3668 2910 3671 2915 ν

2043 2975 2497 3041 commendatum,
2521 2975 2787 3032 catholica
2814 2993 2915 3048 per
2937 2986 3109 3035 totum
3130 2982 3315 3037 orbem
3348 2989 3615 3037 terrarum

2043 3073 2334 3122 veneratur
2361 3065 2620 3123 Ecclesia.
2646 3066 2801 3135 Quod
2836 3068 2973 3124 bene
3009 3078 3065 3124 et
3103 3078 3226 3141 apte
3257 3068 3411 3139 juxta
3451 3071 3617 3127 conti;

2046 3156 2194 3212 nium
2216 3155 2509 3213 Dominicte
2538 3158 2804 3227 passionis
2830 3159 3108 3214 observari
3157 3175 3188 3214 a
3240 3161 3487 3231 patribus
3529 3161 3624 3216 de-

1970 3227 2015 3289 C
2045 3254 2255 3303 cretum
2298 3254 2400 3313 est,
2431 3258 2511 3314 ut,
2539 3247 2831 3304 secundum
2886 3248 3197 3320 Apostolum
3223 3227 3258 3317 ,—
3283 3251 3624 3321 passionibus

2042 3336 2243 3394 Christi
2270 3338 2755 3405 communicantes,
2782 3336 2899 3407 ejus
2922 3354 3231 3395 mereamur
3270 3340 3622 3396 resurrectio-

2040 3429 2128 3485 nis
2152 3429 2269 3484 tieri
2298 3436 2597 3485 consortes.
2626 3428 2782 3496 Quod
2819 3436 2948 3484 tunc
2973 3427 3135 3500 digne
3170 3430 3233 3485 lit
3272 3430 3340 3495 si,
3367 3444 3433 3485 ex
3459 3430 3623 3484 corde

2039 3521 2398 3592 ptenitentes,
2446 3529 2672 3577 cunctas
2722 3520 2847 3576 vita:
2897 3521 3184 3592 praeterita:
3236 3521 3475 3577 maculas
3536 3521 3622 3576 bis

2041 3612 2247 3669 sanctis
2272 3612 2461 3669 diebus
2499 3627 2599 3683 per
2615 3611 2881 3683 jejunium
2905 3620 2961 3667 et
2987 3613 3327 3683 quotidianas
3348 3626 3541 3683 preces
3566 3618 3625 3665 et

2039 3704 2306 3776 laerymas
2344 3704 2658 3758 studeamus
2686 3701 2937 3767 abluere,
2963 3702 3102 3756 sicut
3129 3710 3184 3755 et
3211 3715 3309 3754 nos
3339 3702 3495 3754 docet
3515 3701 3622 3756 Do-

2039 3794 2219 3848 minus
2246 3807 2345 3861 per
2371 3791 2689 3863 prophetam
2737 3790 2961 3844 dicens:
2990 3788 3366 3845 Convertimini
3410 3789 3483 3854 ad
3513 3806 3616 3855 me,

2040 3884 2230 3953 inquit,
2256 3883 2309 3936 in
2336 3890 2442 3935 toto
2467 3880 2621 3935 corde
2647 3891 2835 3945 vestro,
2858 3879 2911 3933 in
2926 3880 3136 3951 jejunio
3158 3888 3206 3934 et
3227 3881 3376 3950 ﬂetu,
3398 3880 3620 3951 etplan-

2040 3983 2123 4028 ctu
2152 3986 2171 4024 :
2206 3980 2254 4026 et
2277 3970 2497 4025 scindit:
2522 3969 2681 4024 corda
2705 3978 2873 4023 vestra
2898 3978 2947 4022 et
2976 3985 3080 4023 non
3103 3970 3401 4024 vestimenta
3428 3980 3619 4034 vestra,

2038 4074 2087 4118 et
2111 4061 2466 4119 convertimini
2501 4061 2571 4115 ad
2601 4060 2882 4116 Dominum
2918 4060 3083 4116 Deum
3108 4070 3353 4128 vestrum,
3386 4064 3511 4135 quia
3533 4064 3621 4119 bc-

2040 4155 2228 4224 nignus
2267 4162 2316 4208 et
2359 4152 2652 4207 misericors
2682 4160 2777 4217 est,
2809 4152 3009 4222 patiens
3037 4162 3085 4207 et
3121 4153 3300 4209 multa:
3333 4155 3622 4209 misericor-

2040 4244 2226 4311 diam?!
2254 4244 2566 4315 pra'stabilis
2598 4260 2753 4314 super
2775 4243 3032 4299 malitiam
3059 4245 3216 4312 ('Joel.
3242 4245 3322 4314 ιι).
3352 4246 3418 4301 Ει
3443 4247 3568 4301 item
3603 4267 3615 4300 :

2044 4337 2204 4403 Nolo,
2228 4338 2421 4408 inquit,
2443 4346 2660 4391 mortem
2686 4336 2988 4406 peccatoris,
3011 4336 3102 4388 sed
3131 4346 3186 4389 ut
3210 4347 3539 4391 convertatur
3569 4350 3616 4391 et

2039 4428 2413 4499 vivat'(EzecIt.
2440 4426 2656 4498 χχχιιι).
2685 4426 2793 4481 Sed
2816 4425 2953 4479 forte
2986 4422 3182 4493 aliquis
3215 4424 3268 4477 in
3318 4426 3485 4479 corde
3521 4442 3619 4482 suo

2042 4518 2116 4572 ita
2150 4518 2549 4574 dicit:Vellem
2604 4516 2816 4586 quidem
2862 4513 3135 4585 jejunare,
3180 4517 3276 4572 sed
3337 4533 3443 4571 non
3493 4533 3620 4589 pos-

2043 4624 2195 4674 sum;
2249 4608 2437 4664 vellem
2480 4624 2511 4662 a
2553 4619 2718 4663 carne
2765 4614 2819 4661 et
2871 4604 2999 4659 vino
3046 4605 3349 4673 abstinere,
3376 4610 3468 4664 sed
3510 4624 3611 4665 non

2043 4700 2307 4769 permittit
2334 4715 2421 4754 me
2447 4697 2751 4753 infirmitas.
2780 4695 2915 4750 Nam
2949 4704 3003 4750 et
3053 4694 3107 4749 in
3161 4696 3265 4750 hoc
3318 4697 3386 4752 do
3441 4700 3618 4753 consi-

2045 4791 2218 4845 lium:
2254 4790 2395 4860 Ergo
2452 4790 2497 4843 si
2553 4803 2659 4842 non
2693 4794 2845 4856 potes
2888 4784 3164 4857 jejunarc,
3217 4787 3614 4858 eleemosynam

2045 4881 2249 4945 tribue;
2298 4889 2353 4934 et
2390 4886 2591 4949 quanto
2625 4877 2890 4932 infirmior
2914 4891 2973 4931 es
2995 4877 3049 4931 in
3073 4893 3202 4942 uno,
3227 4885 3375 4932 tanto
3417 4878 3616 4951 largior

2043 4971 2118 5027 sis
2148 4973 2202 5026 in
2226 4971 2412 5025 altero.
2436 4968 2639 5023 Bonum
2668 4976 2751 5023 est
2773 4967 3041 5039 jejunare,
3067 4966 3281 5031 fratres,
3308 4968 3402 5023 sed
3423 4968 3614 5025 melius

2041 5075 2126 5121 est
2148 5064 2541 5135 eleemosynam
2580 5063 2729 5118 dare.
2774 5064 2831 5117 Si
2871 5061 3066 5132 aliquis
3091 5069 3378 5132 utrumque
3412 5071 3612 5132 potest,

2043 5156 2300 5227 optimum
2326 5164 2410 5209 est
2432 5169 2447 5220 ;
2480 5152 2528 5208 si
2554 5168 2684 5209 vero
2704 5168 2810 5207 non
2840 5159 3038 5223 potest,
3055 5151 3248 5205 melius
3273 5158 3357 5205 est
3381 5150 3614 5207 eleemo-

2043 5262 2232 5317 synam
2259 5247 2406 5311 dare,
2434 5245 2560 5315 quia
2588 5243 2693 5299 tale
2729 5251 2814 5298 est
2836 5242 3101 5314 jejunium
3127 5241 3242 5296 sine
3269 5240 3612 5311 eleemOSyna

2043 5337 2219 5408 qualis
2246 5336 2361 5391 sine
2390 5335 2511 5391 oleo
2542 5341 2626 5390 est
2651 5334 2889 5388 lucerna.
2924 5331 3057 5385 Nam
3083 5331 3223 5386 sicut
3251 5331 3469 5385 lucerna
3490 5344 3613 5399 qua:

2041 5430 2160 5485 sine
2185 5429 2305 5484 oleo
2344 5428 2682 5488 accenditur,
2716 5424 2923 5479 fumare
2960 5431 3162 5493 potest,
3193 5423 3365 5478 lucem
3412 5422 3615 5478 habere

2040 5535 2147 5574 non
2191 5526 2385 5588 potest,
2423 5518 2498 5573 ita
2536 5514 2796 5585 jejunium
2838 5513 2953 5567 sine
3001 5511 3338 5589 eleemosyna
3391 5524 3611 5569 carnem

2036 5610 2253 5681 quidem
2292 5612 2513 5674 cruciat,
2544 5612 2637 5665 sed
2660 5607 2945 5663 charitatis
2984 5607 3187 5661 lumine
3224 5606 3459 5660 animam
3502 5622 3608 5661 nou

2034 5701 2301 5766 illustrat;
2343 5702 2485 5755 unde
2507 5699 2766 5768 scriptum
2794 5705 2877 5752 est
2908 5714 2920 5749 :
2960 5694 3094 5748 Date
3120 5694 3496 5765 eleemosyuam
3522 5740 3538 5764 ,
3561 5702 3613 5751 et

2034 5811 2147 5849 acre
2167 5793 2342 5849 munia
2368 5791 2561 5846 munda
2584 5800 2701 5845 sum
2735 5789 2874 5844 vobis
2903 5786 3051 5858 (Luc.
3079 5785 3176 5861 χι).
3206 5787 3313 5844 Sed
3337 5789 3472 5844 forte
3492 5789 3603 5844 lum
