4040 6188
379 370 451 427 25
1016 369 1078 424 Β.
1119 369 1369 426 RABANI
1409 369 1627 426 MAURI
1664 371 1980 427 ARCIIIEP.
2023 371 2330 428 MOCUNT.
2371 373 2651 432 ΟΡΕῆοΜ
2691 375 2869 434 PARS
2899 376 2967 434 ll.

379 484 602 540 audiens
627 485 838 554 aliquis,
870 485 1008 554 apud
1038 500 1098 540 se
1132 486 1202 539 ita
1232 486 1457 555 cogitat,
1487 487 1668 542 dicens
1699 504 1712 540 :
1746 485 1945 542 Vellem
1971 489 2022 548 Α

378 576 771 646 eleemosynam
800 577 948 640 dare,
978 576 1070 630 sed
1098 591 1202 630 non
1243 576 1415 632 habeo
1443 578 1661 633 omnino
1679 577 1821 647 quod
1845 576 1942 631 tri-

378 665 559 719 buam.
591 665 854 735 lllisergo
877 666 967 734 qui
1015 681 1119 721 non
1170 665 1458 721 habuerint
1499 669 1641 723 unde
1685 668 1944 733 tribuant,

379 753 572 810 sufﬁcit
592 754 838 810 voluntas
859 753 1018 820 bona,
1041 756 1332 810 secundum
1360 755 1487 810 illud
1517 757 1658 826 quod
1687 759 1944 828 scriptum

377 858 484 915 est,
510 847 688 902 Gloria
717 849 771 902 in
789 848 1004 903 excelsis
1025 848 1158 914 Deo,
1177 859 1223 904 et
1254 851 1309 904 in
1335 861 1474 906 terra
1506 868 1613 922 pax
1650 853 1943 908 hominibus

377 937 525 992 bona’
552 937 825 991 voluntatis
858 936 1008 1008 (Luc.
1035 937 1117 1010 tt).
1144 937 1249 994 Sed
1283 940 1406 1010 quis
1445 940 1646 1010 estqui
1687 956 1746 1013 se
1787 956 1946 996 excu-

377 1043 496 1083 sare
519 1035 710 1097 potest,
741 1043 861 1082 cum
883 1029 1045 1082 etiam
1069 1043 1166 1098 pro
1191 1029 1359 1084 calice
1388 1044 1540 1099 aqua:
1573 1027 1778 1100 frigida:
1802 1046 1942 1086 mer-

375 1116 561 1171 cedem
619 1133 678 1173 se
734 1117 988 1172 Dominus
1043 1118 1352 1188 promiserit
1408 1119 1740 1174 reddimrum
1788 1122 1943 1176 esse?

375 1203 588 1273 (Matth.
619 1205 698 1277 ι.)
723 1206 787 1260 Ει
811 1221 978 1276 quare
1003 1207 1209 1277 frigida:
1232 1208 1384 1275 dixit,
1413 1225 1482 1263 ne
1510 1208 1652 1264 forte
1681 1226 1738 1266 se
1761 1221 1944 1282 posset

373 1295 568 1366 aliquis
597 1312 800 1366 pauper
832 1299 897 1354 de
942 1299 1206 1369 lignorum
1256 1301 1478 1370 penuria
1523 1316 1803 1368 excusare,
1849 1313 1942 1358 aut

371 1394 517 1441 certe
543 1387 721 1442 dicere
742 1404 801 1444 se
828 1390 1101 1444 vasculum
1129 1391 1221 1445 ubi
1261 1407 1457 1461 aquam
1503 1391 1780 1449 calefaciat
1833 1409 1938 1449 non

373 1476 590 1530 habere.
617 1476 854 1547 Denique
889 1489 942 1533 et
966 1494 1063 1549 per
1090 1482 1402 1551 prophetam
1435 1484 1505 1537 ita
1531 1483 1790 1539 Dominus
1815 1485 1940 1540 hor-

369 1572 534 1628 tatur,
559 1575 614 1620 et
663 1583 728 1621 eo
775 1569 931 1622 modo
985 1569 1238 1625 admonet
1285 1572 1679 1643 eleemosynam
1719 1573 1856 1640 ﬁeri,
1881 1585 1942 1630 ut

369 1668 536 1724 prope
558 1653 733 1709 nullus
763 1671 965 1724 pauper
992 1658 1061 1711 sit
1099 1659 1188 1727 qui
1223 1674 1281 1720 se
1305 1675 1563 1716 excusare
1595 1663 1796 1730 valeat;
1860 1666 1940 1720 sic

367 1744 510 1800 enim
540 1745 616 1800 ait
654 1760 669 1799 :
703 1745 814 1799 Hoc
839 1757 914 1800 est
931 1748 1197 1818 jejunium
1224 1752 1364 1821 quod
1405 1753 1566 1824 elegi,
1591 1755 1718 1809 dicit
1759 1756 1939 1810 Domi-

2632 488 2909 544 liOMlLlA
2947 490 3038 546 XI.

2368 594 2422 632 IN
2457 594 2708 634 DOMINICA
2749 595 2809 634 111
2859 595 3297 644 QUADBAGESIME.

2049 686 2126 741 De
2151 688 2458 759 assiduitate
2483 690 2752 754 orationis,
2782 701 2830 744 et
2858 692 2997 759 quod
3023 692 3092 745 ad
3125 693 3395 748 ecclesiam
3433 712 3614 753 conue-

2117 758 2384 833 nientium,
2417 769 2464 812 et
2506 760 2642 833 quod
2680 777 2786 833 non
2825 758 2944 813 licet
2987 763 3229 833 cuiquam
3267 775 3506 822 uenatum
3536 766 3613 822 vel

2116 827 2259 882 aleas
2287 831 2342 882 in
2363 827 2555 882 sanctis
2584 829 2763 883 diebus
2791 846 3049 884 exercere.

2113 934 2398 1005 Apostolus
2441 937 2636 992 Petrus
2677 940 2995 994 exhortatur
3036 957 3154 1008 nos,
3183 942 3376 999 fratres
3399 945 3612 1001 charis-

2045 1021 2187 1089 simi,
2211 1025 2354 1094 quod
2387 1027 2530 1080 cauti
2564 1026 2730 1082 simus
2759 1043 2822 1083 ac
2846 1029 3059 1084 solliciti
3084 1045 3212 1101 erga
3244 1033 3470 1088 salutem
3494 1036 3612 1090 ani-

2043 1126 2254 1166 marum
2280 1122 2606 1180 nostrarum,
2631 1130 2700 1171 ne
2721 1115 2880 1184 forte,
2906 1133 3004 1187 per
3025 1119 3246 1176 insidias
3272 1121 3442 1178 hostis
3466 1126 3610 1180 anti-

2041 1203 2134 1272 qui
2166 1203 2539 1272 circumventi,
2566 1215 2912 1276 peccatorum
2957 1208 3164 1278 laqueis
3193 1211 3524 1280 irretiamur,
3555 1224 3612 1270 et

2041 1293 2246 1346 enormi
2274 1293 2535 1349 scelerum
2553 1303 2740 1350 catena
2761 1299 3274 1364 constricti,aaterno
3289 1303 3608 1372 deputemur

2044 1383 2298 1438 interitui.
2329 1383 2575 1456 Vigilate,
2603 1386 2798 1456 inquit,
2823 1398 2868 1441 et
2892 1399 3036 1443 orate
3055 1431 3068 1454 ,
3098 1401 3154 1444 ut
3196 1408 3298 1445 non
3327 1393 3524 1448 intretis
3552 1394 3611 1447 in

2040 1474 2391 1538 tentationem,
2437 1475 2562 1545 quia
2615 1477 2944 1532 adversarius
2989 1489 3152 1532 vester
3198 1481 3456 1548 diabolus,
3497 1495 3612 1541 tan-

2037 1581 2193 1636 quam
2214 1565 2292 1619 leo
2314 1567 2544 1636 rugiens,
2566 1567 2770 1632 circuit,
2796 1585 3032 1638 quarens
3061 1587 3208 1640 quem
3237 1571 3439 1626 devoret
3473 1587 3490 1625 :
3522 1574 3610 1629 cui

2039 1659 2258 1712 resistite
2283 1658 2440 1728 fortes
2466 1659 2518 1711 in
2537 1659 2643 1728 ﬁde
2677 1659 2727 1728 (1
2764 1658 2909 1714 Petr.
2941 1659 3014 1731 v).
3064 1661 3129 1715 Et
3154 1663 3274 1718 ideo
3301 1664 3444 1718 omni
3470 1672 3610 1720 tem-

2038 1766 2189 1820 pore,
2213 1749 2444 1804 maxime
2486 1759 2666 1805 autem
2713 1751 2797 1806 his
2834 1753 3212 1808 sacratissimis
3235 1753 3442 1822 diebus,
3473 1771 3604 1826 0pc-

368 1851 464 1888 nus
492 1848 510 1886 :
543 1833 754 1905 Frange
779 1839 1029 1891 esurienti
1050 1855 1235 1908 panem
1259 1851 1424 1905 tuum,
1453 1853 1502 1896 et
1543 1861 1728 1914 egenos
1757 1863 1938 1915 vagos-
1968 1830 2011 1888 Β
2040 1855 2154 1893 ram
2176 1838 2434 1894 debemus
2464 1839 2772 1910 impendere
2806 1841 3005 1912 vigiliis
3043 1851 3098 1896 et
3135 1844 3387 1910 orationi,
3421 1855 3609 1915 quate-

364 1943 461 1993 que
490 1926 648 1980 induc
671 1928 725 1981 in
767 1928 976 2002 domum
1013 1939 1157 1984 tuam
1208 1931 1342 2002 (Isa.
1367 1933 1540 2007 Lvm).
1573 1935 1688 1991 Non
1722 1939 1854 1992 dixit
1877 1948 1936 1993 ut

368 2013 631 2084 integrum
657 2030 850 2084 panem
884 2017 1054 2083 daret,
1079 2035 1200 2074 cum
1249 2020 1388 2077 forte
1416 2021 1504 2078 ille
1531 2039 1736 2095 pauper
1770 2027 1935 2082 alium

368 2119 473 2160 non
504 2105 748 2174 haberet,
773 2107 865 2162 sed
893 2109 1097 2178 frange,
1121 2111 1324 2181 inquit;
1375 2128 1440 2169 ac
1490 2114 1536 2169 si
1586 2115 1790 2172 diceret
1831 2135 1844 2170 :
1878 2117 1935 2172 Si

366 2202 514 2248 tanta
545 2195 638 2249 tibi
666 2205 954 2266 paupertas
979 2207 1061 2254 est
1098 2209 1157 2253 ut
1204 2216 1308 2256 non
1361 2203 1565 2259 habeas
1615 2205 1720 2259 nisi
1770 2221 1936 2260 unum

362 2300 577 2356 panem,
599 2301 664 2341 ex
686 2288 800 2357 ipso
822 2304 1034 2360 quoque
1060 2291 1267 2364 frange,
1289 2302 1344 2350 et
1365 2297 1688 2366 pauperibus
1716 2299 1895 2354 tribue
1918 2318 1931 2355 :

365 2377 434 2430 Et
466 2395 649 2448 egenos
677 2397 928 2452 vagosque
953 2383 1111 2437 induc
1137 2385 1191 2439 in
1214 2386 1425 2440 domum
1465 2397 1630 2453 tuam,
1662 2391 1814 2458 quasi
1860 2392 1937 2445 di-

363 2475 454 2522 cat
478 2485 489 2519 :
518 2468 574 2522 Si
616 2477 667 2523 te
692 2479 798 2524 tam
825 2487 1114 2542 pauperem
1150 2488 1270 2529 esse
1294 2478 1640 2545 conquereris
1665 2479 1804 2548 quod
1826 2495 1932 2534 non

364 2555 564 2612 habeas
588 2558 729 2613 unde
757 2562 979 2630 pauperi
1024 2563 1203 2618 cibum
1249 2566 1473 2631 tribuas,
1509 2567 1698 2622 saltem
1745 2568 1828 2623 vel
1880 2570 1932 2623 in

365 2663 470 2703 uno
495 2648 692 2720 angulo
721 2651 910 2718 domus
938 2661 1042 2707 tua:
1066 2656 1352 2724 peregrino
1376 2671 1618 2726 praepara
1655 2657 1928 2712 lectulum.

363 2735 421 2790 Si
466 2738 684 2802 videris,
718 2739 921 2808 inquit,
964 2743 1195 2809 nudum,
1227 2753 1361 2799 reste
1409 2749 1615 2817 conperi
1648 2765 1795 2813 eum,
1825 2765 1930 2804 non

362 2828 498 2883 dixit
530 2843 789 2898 purpura,
817 2831 900 2885 vel
927 2834 1178 2902 pretiosis
1200 2837 1460 2902 vestibus,
1485 2839 1645 2894 indue
1670 2855 1812 2906 eum,
1838 2840 1932 2895 sed

363 2919 567 2989 cooperi
586 2936 724 2986 eum,
756 2921 858 2976 hoc
881 2933 964 2977 est
989 2924 1335 2991 indumentis,
1354 2928 1598 2996 qualibus
1619 2931 1806 2996 babes,
1833 2947 1931 2985 nu-

362 3009 584 3063 ditatem
612 3009 727 3080 ejus
752 3021 887 3083 tege.
919 3013 985 3066 Et
1014 3031 1222 3070 carnem
1243 3026 1412 3084 tuam,
1439 3019 1638 3088 inquit,
1661 3038 1724 3074 ne
1757 3022 1934 3091 despe-

359 3102 518 3168 xeris,
549 3102 650 3157 hoc
676 3113 1005 3169 est,omnem
1035 3108 1304 3166 hominem
1328 3111 1419 3180 qui
1449 3120 1653 3166 natura:
1673 3122 1777 3167 ture
1801 3129 1928 3183 par-

364 3191 529 3262 ticeps
559 3201 660 3247 est.
705 3193 842 3262 Quid
888 3211 986 3251 nos
1011 3197 1077 3251 ad
1107 3199 1221 3254 haec
1244 3170 1438 3255 dict-uri
1464 3217 1670 3268 sumus,
1700 3170 1925 3269 fratres;
1957 3170 2000 3232 C

364 3281 444 3336 vel
479 3298 640 3351 quam
681 3287 1082 3342 excusationem
1111 3289 1312 3346 habere
1335 3292 1654 3362 poterimus,
1683 3294 1774 3363 qui
1820 3309 1933 3348 am-

362 3380 476 3448 plas
503 3390 558 3436 et
593 3382 854 3451 spatiosas
885 3383 1076 3438 domus
1105 3383 1382 3449 habentes,
1404 3384 1498 3438 vix
1529 3384 1817 3452 aliquando
1851 3384 1932 3438 di-

359 3486 588 3542 gnamur
614 3473 864 3542 excipere
906 3474 1244 3543 peregrinum
1273 3490 1285 3525 :
1314 3473 1643 3543 ignorantes,
1675 3475 1781 3528 imo
1825 3489 1928 3528 non

359 3563 661 3633 credentes,
691 3563 832 3632 quod
866 3563 918 3617 in
945 3564 1193 3618 omnibus
1215 3564 1515 3633 peregrinis
1542 3562 1790 3619 Christus
1814 3579 1931 3619 sus—

357 3630 591 3722 cipi‘tur,
643 3630 782 3708 sicut
817 3655 929 3724 ipse
966 3654 1141 3708 dixit:
1174 3630 1374 3723 Hospes
1421 3653 1499 3722 fui
1544 3661 1592 3707 et
1634 3654 1930 3723 suscepistis

341 3762 438 3798 -me
485 3744 698 3815 (Matth.
729 3747 887 3818 xxv);
929 3756 981 3802 et
1016 3763 1028 3798 :
1063 3745 1311 3810 Quandiu
1347 3745 1540 3814 fecistis
1567 3745 1658 3798 uni
1685 3762 1748 3800 ea:
1773 3745 1932 3799 mini-

358 3837 456 3889 mis
482 3837 614 3899 istis,
634 3835 761 3888 mihi
791 3836 984 3904 fecistis
1016 3835 1222 3906 (lbid.).
1248 3836 1597 3891 Laboriosum
1623 3845 1678 3890 et
1701 3834 1934 3891 fastidio-

358 3942 476 3980 snm
525 3925 680 3982 nobis
717 3933 802 3980 est
845 3925 898 3978 in
946 3924 1271 3993 pauperibus
1299 3925 1540 3993 recipere
1567 3926 1840 3980 Christum
1876 3927 1930 3981 in

360 4018 535 4087 patria
564 4025 771 4080 nostra,
795 4016 960 4071 timeo
993 4029 1060 4070 ne
1091 4015 1247 4070 nobis
1275 4015 1362 4069 ille
1388 4016 1585 4072 iterum
1608 4016 1782 4071 vicem
1814 4017 1930 4071 red-

359 4108 470 4166 dat,
495 4113 550 4159 et
571 4118 670 4158 nos
696 4117 802 4158 non
833 4103 1058 4171 recipiat
1087 4102 1141 4156 in
1167 4102 1551 4158 beatitudinem
1578 4117 1754 4158 suam.
1783 4102 1930 4160 Con-

358 4194 648 4248 temnimus
677 4192 825 4247 illum
855 4193 909 4246 in
937 4191 1155 4258 mundo,
1183 4192 1342 4246 timeo
1371 4209 1438 4253 ne
1464 4208 1564 4248 nos
1607 4193 1697 4248 ille
1734 4193 1931 4249 iterum

359 4294 674 4342 contemnat
701 4286 754 4341 in
781 4285 940 4350 coelo,
967 4284 1260 4340 secundum
1286 4284 1416 4340 illud
1444 4287 1586 4355 quod
1607 4285 1722 4356 ipse
1748 4285 1886 4340 dixit
1912 4302 1927 4340 :

361 4375 571 4430 Esurivi
599 4385 646 4430 et
675 4391 777 4430 non
805 4374 1020 4430 dedistis
1049 4373 1177 4427 mihi
1214 4373 1550 4438 manducare,
1575 4384 1623 4427 et
1646 4374 1830 4444 hospes
1851 4373 1932 4444 fui

359 4476 408 4520 ct
429 4483 532 4521 non
549 4467 843 4535 suscepistis
866 4483 980 4531 me;
1003 4474 1056 4521 et
1080 4483 1094 4519 :
1121 4463 1368 4531 Quandiu
1400 4479 1502 4517 non
1525 4464 1719 4534 fecistis
1745 4464 1837 4519 uni
1863 4481 1928 4519 ea:

360 4555 590 4610 minimis
618 4555 754 4620 istis,
773 4571 864 4609 nec
879 4557 1007 4608 mihi
1035 4556 1263 4625 fecistis;
1300 4564 1356 4610 et
1382 4554 1524 4624 quod
1555 4562 1681 4610 tunc
1699 4554 1784 4610 his
1815 4555 1928 4626 ipse

358 4647 520 4716 iudex
543 4647 703 4712 dicet,
733 4656 964 4711 avertat,
992 4647 1208 4714 fratres,
1235 4649 1375 4702 Deus
1399 4647 1501 4702 hoc
1526 4663 1556 4701 a
1582 4648 1737 4703 nobis
1765 4665 1778 4701 :
1807 4647 1930 4702 Dis-

361 4739 556 4804 cedite,
580 4738 779 4808 inquit,
811 4754 844 4790 a
874 4753 986 4801 me,
1015 4736 1314 4801 maledicti,
1362 4738 1417 4790 in
1445 4738 1613 4808 ignem
1644 4746 1924 4802 aeternum,

359 4831 449 4899 qui
467 4839 685 4900 paratus
707 4838 778 4884 est
808 4827 1015 4882 diabolo
1037 4837 1083 4881 et
1113 4827 1310 4897 angelis
1332 4828 1480 4897 ejus;
1519 4829 1661 4896 quod
1693 4843 1791 4882 nos
1819 4828 1928 4882 evi-

363 4932 496 4984 tare,
527 4929 582 4975 et
607 4919 735 4974 illud
771 4920 942 4990 magis
967 4917 1153 4974 audire
1189 4919 1330 4988 quod
1378 4920 1547 4976 beatis
1597 4929 1653 4974 et
1703 4920 1930 4975 eleemo-

361 5028 509 5084 synte
534 5012 878 5084 largitoribus
912 5011 1002 5066 ille
1020 5011 1261 5066 dicturus
1289 5018 1373 5066 est
1399 5027 1411 5063 :
1451 5009 1652 5077 Venite,
1677 5011 1928 5066 benedicti

363 5102 542 5158 Patris
569 5103 693 5168 mei,
717 5103 960 5173 percipite
985 5118 1218 5172 regnum,
1238 5101 1376 5172 quod
1421 5101 1557 5156 vobis
1585 5112 1827 5173 paratum
1853 5112 1928 5157 est

362 5195 428 5250 ab
456 5194 653 5265 origine
691 5193 894 5258 mundi,
924 5193 1034 5263 ipse
1061 5193 1457 5262 concedat,qui
1487 5193 1715 5249 redemit
1749 5209 1848 5250 nos
1872 5194 1925 5250 in

363 5285 623 5357 sanguine
641 5299 760 5350 suo,
789 5284 1054 5350 Christus,
1086 5285 1322 5340 salvator
1343 5292 1400 5340 et
1415 5285 1577 5355 judex
1605 5295 1811 5354 noster,
1835 5289 1927 5358 qui

367 5378 497 5435 vivit
540 5384 600 5434 et
650 5385 839 5448 regnat
880 5392 1002 5433 cum
1051 5377 1160 5434 Deo
1207 5376 1368 5433 Patre
1411 5385 1467 5432 et
1503 5377 1706 5448 Spiritu
1741 5387 1929 5435 sancto

363 5470 525 5539 Deus,
547 5485 645 5543 per
668 5470 847 5526 omnia
893 5470 1085 5527 saecula
1133 5471 1474 5552 saeculorum.
1511 5470 1703 5527 Amen.

1033 5713 1267 5728 μῆ*-

2037 1948 2139 1987 nus
2170 1947 2267 2001 per
2304 1932 2537 2002 gratiam
2565 1932 2765 1988 Christi
2803 1934 3086 1989 tentatoris
3114 1935 3470 1991 versutissimi
3511 1937 3608 1991 do-

2036 2023 2118 2078 los
2144 2031 2198 2077 et
2225 2023 2492 2091 nequitias
2518 2023 2786 2091 possimus
2810 2024 3039 2080 evadere
3067 2036 3122 2078 et
3159 2025 3212 2079 in
3248 2026 3344 2081 Dei
3389 2028 3608 2083 servitio

2036 2113 2219 2169 sedulo
2267 2127 2608 2183 permanere.
2658 2112 2814 2169 Omni
2866 2117 3082 2184 quidem
3131 2127 3371 2188 tempore
3414 2127 3468 2173 et
3522 2119 3610 2174 die

2035 2211 2322 2272 noctuque,
2371 2203 2486 2258 sine
2528 2218 2718 2258 somno
2766 2219 2832 2258 ac
2879 2205 2995 2259 sine
3041 2205 3255 2275 requie,
3283 2206 3525 2262 diabolus
3553 2215 3610 2262 et

2035 2293 2208 2364 angeli
2262 2292 2379 2361 ejus
2429 2295 2765 2348 circumeunt
2813 2295 3065 2364 populum
3117 2295 3504 2362 Christianum,
3554 2306 3610 2352 et

2033 2392 2279 2454 quaerunt
2307 2397 2467 2454 quem
2492 2385 2775 2439 venenatis
2803 2385 3010 2440 artibus
3044 2385 3152 2442 suis
3195 2385 3440 2455 decipere
3480 2401 3606 2456 pos-

2033 2475 2142 2529 sint
2171 2493 2183 2528 :
2213 2476 2446 2529 maxime
2475 2482 2654 2527 autem
2678 2482 2804 2529 tunc
2826 2473 3006 2528 infesti
3058 2482 3206 2538 sunt,
3249 2490 3370 2529 cum
3423 2475 3608 2531 vident

2032 2583 2218 2624 servos
2243 2568 2358 2632 Dei,
2389 2566 2680 2621 Ecclesiam
2712 2567 2961 2621 videlicet
2991 2565 3213 2631 Christi,
3241 2566 3440 2624 bellum
3465 2581 3601 2623 con-

2033 2668 2115 2712 tra
2144 2673 2202 2712 se
2231 2657 2531 2727 disponere,
2565 2665 2618 2711 et
2658 2657 2757 2711 sub
2781 2654 2996 2713 Christo
3053 2671 3181 2727 rege
3228 2657 3351 2711 totis
3403 2657 3610 2714 viribus

2033 2750 2264 2805 militare
2300 2749 2454 2804 velle.
2481 2748 2814 2819 Angustatur
2847 2746 2988 2802 enim
3012 2755 3141 2802 tunc
3168 2747 3338 2802 hostis
3367 2746 3456 2802 ille
3509 2763 3607 2801 ne-

2033 2843 2344 2912 quissimus,
2367 2841 2584 2911 quando
2608 2853 2735 2894 oves
2757 2838 3024 2909 quondam
3048 2854 3173 2892 suas
3199 2837 3448 2892 recedere
3469 2837 3606 2891 velle

2033 2933 2316 3003 conspicit,
2347 2931 2548 2994 fremit,
2573 2930 2844 2993 irascitur,
2878 2928 3096 2992 furit,et
3122 2929 3247 2982 totis
3276 2927 3482 2982 viribus
3512 2930 3607 2979 ad—

2032 3039 2221 3080 versus
2247 3038 2339 3078 eas
2369 3029 2756 3082 commovetur,
2779 3020 2954 3088 perire
2985 3019 3083 3074 sibi
3111 3019 3424 3073 existimans
3451 3017 3608 3087 quid-

2033 3113 2159 3182 quid
2185 3112 2399 3167 Christo
2427 3109 2682 3165 salvatur.
2707 3108 2841 3174 Quia
2863 3123 3010 3178 ergo,
3034 3108 3229 3162 fratres
3251 3106 3605 3175 dilectissimi,

2033 3205 2099 3259 ad
2133 3203 2344 3258 Domini
2376 3209 2773 3256 sacramentum
2818 3199 3216 3269 percipiendum
3247 3197 3602 3268 quadraginta

2031 3295 2238 3350 dierum
2256 3292 2458 3361 jejunio
2486 3304 2873 3362 pracparamur,
2907 3289 3096 3343 intenti
3122 3287 3291 3342 simus
3318 3287 3385 3341 ad
3406 3287 3606 3342 oratio—

2031 3400 2174 3449 nem,
2204 3385 2269 3438 ad
2302 3397 2485 3438 sacras
2512 3381 2767 3436 ecclesias
2797 3379 3242 3443 conveniendum,
3279 3378 3345 3433 ad
3379 3376 3607 3432 offeren-

2030 3475 2158 3528 dum
2192 3473 2265 3528 ibi
2295 3471 2520 3528 Domino
2557 3486 2744 3541 preces
2785 3479 2841 3524 et
2885 3469 3303 3538 supplicationes
3357 3467 3600 3521 devotas.

2031 3565 2340 3635 Jejunemus
2370 3573 2448 3619 tot
2478 3563 2662 3618 diebus
2691 3576 2788 3632 pro
2817 3562 3052 3632 peccatis
3080 3560 3300 3624 nostris,
3330 3567 3460 3628 quot
3502 3573 3602 3627 pro

2032 3655 2327 3711 sceleribus
2352 3652 2553 3708 nostris
2593 3651 2852 3706 Dominus
2878 3648 3160 3720 jejunavit.
3187 3647 3337 3701 illum
3365 3654 3482 3716 post
3507 3647 3602 3699 ba-

2029 3747 2284 3817 ptismum
2310 3743 2536 3800 tentavit
2569 3741 2838 3804 diabolus;
2883 3755 2988 3793 non
3030 3737 3235 3792 sciebat
3274 3735 3367 3792 Dei
3407 3735 3603 3789 Filium

2030 3851 2169 3901 esse,
2197 3844 2251 3889 et
2278 3843 2560 3904 propterea
2600 3840 2807 3886 tentare
2844 3825 3202 3898 prazsumebat
3231 3839 3244 3877 :
3278 3839 3375 3878 nos
3421 3829 3601 3877 autem

2031 3929 2155 3998 quia
2181 3926 2284 3982 scit
2326 3924 2463 3979 ﬁlios
2508 3923 2603 3978 Dei
2638 3921 2752 3976 fieri
2794 3919 3256 3987 velle,propterea
3298 3927 3604 3983 expugnare

2030 4019 2243 4084 nititur,
2271 4025 2326 4072 et
2364 4015 2518 4086 quasi
2568 4028 2790 4082 serpens
2852 4010 3118 4074 lubricus,
3169 4015 3383 4062 nostros
3435 4005 3604 4060 invol-

2030 4122 2156 4161 vere
2198 4107 2383 4176 pedes,
2422 4121 2490 4160 ne
2533 4104 2823 4159 ascendere
2867 4099 3138 4155 valeamus
3181 4097 3248 4151 ad
3283 4095 3502 4152 coelum.
3540 4094 3601 4152 Si

2031 4213 2158 4270 ergo
2192 4198 2478 4252 Dominum
2512 4204 2718 4251 tentare
2745 4207 2909 4248 ausus
2950 4199 3033 4248 est
3071 4187 3372 4260 versipellis
3412 4196 3468 4243 et
3512 4203 3604 4241 ne-

2030 4303 2214 4358 quam,
2242 4297 2443 4358 quanto
2472 4285 2645 4355 magis
2686 4299 2786 4338 nos
2818 4281 3066 4351 decipere
3113 4294 3218 4333 non
3267 4277 3512 4333 timebit?
3543 4275 3602 4332 Si

2031 4387 2219 4434 contra
2250 4376 2442 4431 Filium
2473 4374 2566 4429 Dei
2588 4382 2642 4428 et
2676 4371 2893 4444 figulum
2925 4384 3078 4424 suum
3107 4384 3202 4423 vas
3225 4368 3496 4438 perditum
3519 4381 3604 4422 re-

2032 4465 2310 4537 pugnavit,
2337 4472 2538 4532 quanto
2573 4462 2744 4532 magis
2765 4468 2953 4516 contra
2982 4474 3100 4523 nos,
3131 4459 3222 4529 qui
3259 4458 3380 4529 puri
3428 4458 3606 4512 homi-

2029 4577 2126 4617 nes
2151 4573 2357 4621 sumus,
2388 4555 2607 4612 audebit
2644 4553 2886 4609 irruere?
2937 4551 3044 4606 Sed
3089 4551 3224 4616 heu,
3252 4550 3388 4620 proh
3417 4548 3598 4604 dolor!

2028 4660 2152 4706 sunt
2181 4648 2346 4718 aliqui
2373 4646 2504 4700 tales
2529 4645 2618 4714 qui
2647 4645 2700 4698 in
2731 4643 2818 4698 his
2843 4641 3047 4698 sanctis
3083 4641 3268 4696 diebus
3297 4640 3467 4709 magis
3488 4647 3602 4693 stu-

2028 4745 2158 4799 dent
2181 4743 2406 4799 terrenis
2437 4740 2668 4810 negotiis
2702 4746 2794 4792 aut
2838 4737 2993 4792 vanis
3043 4734 3173 4790 aleae
3203 4733 3362 4798 ludis,
3389 4740 3484 4787 aut
3511 4748 3604 4788 ve-

2028 4836 2199 4900 natui,
2230 4843 2324 4888 aut
2356 4831 2634 4888 audiendis
2679 4830 2856 4884 causis
2903 4841 3118 4894 vacare,
3162 4842 3324 4897 quam
3375 4826 3601 4879 verbum

2029 4926 2124 4981 Dei
2158 4925 2344 4982 audire
2371 4932 2463 4978 aut
2489 4923 2720 4978 orationi
2759 4921 3028 4976 insistere.
3068 4917 3151 4972 An
3191 4916 3392 4988 putatis
3449 4915 3601 4971 illum

2023 5014 2293 5085 jejunare,
2323 5013 2542 5077 fratres,
2575 5012 2667 5082 qui
2703 5011 2880 5081 primo
2911 5005 3143 5064 diluculo
3177 5021 3282 5061 non
3325 5006 3390 5059 ad
3421 5003 3599 5061 eccle-

2029 5106 2163 5161 siam
2211 5103 2412 5174 vigilat,
2451 5116 2556 5156 non
2604 5101 2884 5155 beatorum
2925 5105 3218 5166 martyrum
3261 5093 3377 5147 loca
3415 5101 3599 5148 sancta

2028 5197 2320 5270 perquirit,
2347 5196 2439 5251 sed
2474 5210 2702 5266 surgens
2741 5199 3030 5263 congregat
3062 5189 3334 5254 servulos,
3363 5189 3601 5257 disponit

2031 5291 2187 5357 retia,
2211 5304 2372 5346 canes
2406 5288 2655 5359 producit
2679 5286 2946 5353 silvasque
2975 5282 3294 5352 perlustrat,
3317 5295 3381 5334 ac
3406 5293 3597 5332 servu-

2029 5381 2110 5436 los
2132 5396 2260 5436 suos
2281 5379 2550 5450 pertrahit
2569 5392 2772 5439 secum,
2804 5373 3034 5427 fortasse
3059 5372 3126 5426 ad
3166 5369 3449 5426 ecclesiam
3489 5382 3602 5422 ma-

2027 5473 2112 5542 gis
2142 5470 2472 5531 festinantes,
2502 5476 2559 5521 et
2595 5463 2955 5534 voluptatibus
3004 5461 3116 5516 suis
3161 5467 3382 5530 peccata
3436 5470 3599 5510 accu-

2029 5564 2198 5620 mulat
2223 5563 2412 5624 aliena,
2443 5559 2690 5614 nesciens
2714 5571 2771 5611 se
2797 5570 2945 5610 reum
2977 5551 3214 5606 futurum
3257 5558 3366 5604 tam
3403 5547 3468 5602 de
3499 5560 3600 5601 suo

2029 5657 2222 5713 delicto
2249 5653 2502 5724 quamde
2546 5649 2845 5720 perditione
2900 5643 3211 5701 servorum?
3259 5640 3393 5694 Tota
3437 5637 3599 5706 igitur

2030 5749 2114 5804 dic
2154 5745 2434 5802 venatibus
2461 5743 2794 5805 immoratur,
2828 5758 2966 5794 nunc
3014 5738 3301 5793 clamorem
3347 5733 3608 5786 immode-
