4040 6188
278 346 349 404 ss
1239 349 1549 409 HOMILUE
1587 349 1676 406 na
1715 349 1956 407 rasus
1993 338 2401 420 ΡΒίΕεῐΡυΙΒ,
2442 351 2596 411 mc.
3009 400 3012 404 .
3470 352 3544 408 es

276 476 453 524 ratum
497 462 758 530 ell‘erens,
805 480 953 521 nunc
997 465 1267 522 silentium
1319 468 1555 524 latenter
1586 470 1861 537 indicens;
1893 472 1941 532 Α
1969 469 2091 526 fans
2116 471 2347 527 mundus
2370 481 2476 539 est,
2500 472 2622 543 quis
2648 485 2708 528 se
2731 470 3027 529 immunem
3052 486 3085 528 a
3123 479 3350 543 peccato
3375 474 3544 529 aude-

276 545 434 615 lmtus
457 558 506 613 si
545 557 752 627 aliquid
778 558 1008 628 ceperit,
1031 559 1202 615 iratus
1225 561 1271 616 si
1306 561 1359 616 id
1388 561 1530 631 quod
1559 577 1671 617 non
1698 562 1866 617 habe-

283 653 373 708 bat
398 649 677 715 amiserit;
716 658 772 704 et
795 658 949 705 tanto
985 652 1164 707 studio
1200 653 1342 723 gerit
1365 653 1519 723 quasi
1563 654 1684 708 ideo
1727 653 1866 709 indi-

282 752 427 798 ctum
462 739 731 810 jejunium
778 741 941 797 fuerit
992 751 1053 797 nt
1093 752 1339 798 venetur.
1374 744 1442 798 Et
1466 753 1594 800 sunt
1621 744 1867 815 plerique

281 835 370 904 qui
396 833 466 888 de
487 833 777 889 venatibus
801 833 1103 897 redeuntes,
1131 835 1301 905 magis
1328 851 1524 891 canum
1555 850 1717 905 quam
1747 850 1865 891 ser-

285 937 476 978 vorum
498 938 687 978 curam
712 931 932 994 gerunt,
951 932 1007 979 et
1028 923 1234 980 iaciunt
1255 941 1349 982 eos
1371 925 1528 995 juxta
1557 942 1618 983 se
1653 942 1867 982 recum-

287 1014 411 1068 bere
436 1012 521 1067 vel
561 1013 824 1078 dormire,
859 1014 1231 1083 quotidianum
1261 1016 1366 1073 illis
1403 1018 1585 1073 cibum
1618 1018 1700 1074 sui
1727 1032 1865 1088 prte-

286 1106 457 1162 seutia
504 1106 911 1172 ministrantes,
953 1106 1045 1176 qui
1084 1116 1267 1163 utrum
1321 1124 1509 1165 servus
1566 1109 1684 1180 ejus
1727 1109 1871 1165 fame

287 1197 552 1253 moriatur
576 1197 820 1267 ignorat;
850 1206 908 1254 et
934 1200 1079 1267 quod
1104 1209 1190 1256 est
1228 1201 1466 1271 gravius,
1495 1202 1540 1257 si
1583 1201 1871 1274 diligenter

289 1287 369 1343 bis
394 1296 760 1357 praeparatum
788 1302 894 1342 non
928 1288 1123 1354 fuerit,
1150 1305 1250 1359 pro
1292 1305 1427 1346 eane
1476 1306 1665 1347 servus
1713 1291 1870 1362 puni-

290 1388 393 1444 tur,
422 1378 509 1433 vel
544 1379 711 1434 etiam
733 1380 1019 1434 occiditur.
1047 1378 1313 1437 Videntur
1336 1383 1483 1437 enim
1510 1382 1564 1437 in
1587 1381 1871 1437 nonnullo-

290 1483 403 1524 rum
429 1468 686 1525 domibus
718 1469 873 1524 nitidi
909 1477 966 1525 et
1000 1472 1170 1527 crassi
1205 1487 1377 1529 canes
1405 1475 1735 1538 discurrere,
1768 1474 1869 1528 bo-

290 1559 458 1616 mines
493 1570 680 1615 autem
722 1560 990 1630 pallentes
1034 1571 1090 1618 et
1140 1564 1436 1621 titubantes
1473 1566 1742 1622 incedere.
1775 1566 1869 1621 lsti

290 1666 410 1725 ergo
436 1654 708 1723 quomodo
741 1644 1033 1726 aliquando
1060 1657 1385 1728 pauperibus
1403 1659 1679 1714 extraneis
1705 1659 1871 1713 mise-

293 1742 568 1807 rebantur,
596 1744 689 1813 qui
713 1744 939 1800 minime
973 1747 1205 1816 propriis
1257 1745 1475 1804 famulis
1524 1749 1877 1809 miserentur?

1966 560 2048 614 bit
2084 575 2330 617 asserere
2362 570 2420 617 et
2454 561 2786 632 poenitentia:
2840 562 3080 618 remedia
3127 562 3368 618 refutare
3418 577 3435 618 :
3478 563 3549 618 Et

1966 649 2158 703 beatus
2182 646 2416 705 Joannes
2444 649 2717 719 apostolus
2742 649 2814 703 ait
2848 648 2899 719 (Ι
2939 648 3103 704 Joan.
3130 648 3173 721 ι)
3203 668 3217 704 :
3249 649 3311 706 Si
3351 651 3548 705 dixeri-

1966 753 2082 791 mus
2121 738 2247 808 quia
2274 748 2542 808 peccatum
2566 755 2671 792 non
2694 738 2964 802 habemus,
2987 740 3087 808 ipsi
3108 756 3200 797 nos
3226 740 3547 806 seducimus,

1966 839 2015 882 et
2035 830 2229 883 veritas
2255 830 2310 883 in
2336 829 2482 883 nobis
2513 846 2615 884 non
2639 839 2732 883 est.
2760 828 2821 885 Si
2844 829 3184 905 conﬁteantur
3217 841 3431 901 peccata
3454 848 3549 885 no—

1966 932 2100 987 stra,
2123 921 2294 991 ﬁdelis
2316 932 2391 977 est
2412 932 2459 976 ct
2473 922 2671 991 justus,
2701 931 2757 976 ut
2777 921 3000 975 remittat
3026 922 3171 976 nobis
3207 932 3419 994 peccata
3451 939 3546 977 no-

1967 1025 2098 1081 stra,
2123 1025 2171 1069 et
2194 1014 2405 1069 mandet
2428 1032 2520 1069 nos
2542 1014 2605 1069 ab
2626 1015 2765 1068 omni
2787 1014 3075 1085 iniquitate.
3102 1013 3209 1070 Sed
3231 1015 3374 1084 quod
3394 1013 3549 1069 valde

1968 1103 2258 1160 dolendum
2303 1114 2405 1170 est,
2437 1104 2710 1170 nonnulli,
2739 1113 2961 1174 peccata
2991 1120 3088 1160 sua
3125 1104 3382 1161 oblivioni
3433 1113 3547 1160 tra-

1968 1195 2187 1255 dentes,
2213 1202 2269 1249 et
2294 1210 2391 1265 per
2426 1192 2745 1264 jactantiam
2796 1194 3120 1249 mundanam
3155 1195 3548 1264 superbientes,

1970 1298 2077 1337 non
2109 1283 2283 1339 solum
2314 1299 2371 1339 se
2398 1300 2520 1340 reos
2545 1300 2666 1340 esse
2690 1300 2792 1340 non
2825 1284 3079 1356 cogitant,
3111 1294 3168 1341 et
3189 1301 3246 1343 se
3271 1285 3551 1341 absolvere

1969 1389 2000 1428 a
2022 1375 2256 1444 propriis
2282 1374 2492 1431 delictis
2519 1391 2615 1446 per
2646 1375 3071 1431 misericordiam
3108 1376 3160 1431 in
3187 1374 3320 1430 alios
3346 1373 3544 1431 factam

1970 1484 2308 1540 nequaquam
2363 1477 2556 1525 curant
2596 1487 2609 1524 :
2660 1470 2769 1526 imo
2810 1477 3202 1540 praeceptorum
3247 1469 3550 1527 divinorum

1969 1564 2350 1625 immemores,
2376 1563 2448 1617 ita
2474 1561 2616 1618 circa
2656 1577 2841 1617 servos
2877 1577 3004 1618 suos
3049 1568 3104 1616 et
3156 1560 3399 1616 subditos
3446 1560 3555 1617 sibi

1969 1664 2293 1726 potestatem
2330 1654 2710 1710 dominationis
2735 1660 3017 1717 exercent,
3049 1660 3108 1708 ut
3132 1652 3185 1706 in
3227 1652 3327 1707 bis.
3358 1651 3559 1707 diebus

1968 1764 2077 1803 non
2124 1744 2638 1816 dubitentllagellis
2684 1759 2777 1799 eos
2825 1744 3049 1807 caedere,
3096 1741 3272 1811 pmnis
3314 1741 3553 1807 allicere,

290 1830 437 1889 Scire
484 1843 672 1889 autem
709 1835 1002 1903 debemus,
1040 1837 1255 1903 fratres,
1294 1839 1399 1894 hoc
1433 1848 1712 1908 acceptum
1749 1854 1871 1895 esse
1897 1821 1945 1881 Β
1972 1838 2323 1909 compedibus
2348 1835 2679 1906 prrepedire;
2712 1835 2756 1890 si
2782 1834 2920 1890 forte
2942 1849 3063 1890 cum
3091 1834 3159 1889 ad
3200 1832 3559 1891 reficiendum

292 1922 393 1979 Deo
423 1925 718 1996 jejunium,
750 1942 857 1983 non
883 1927 1055 1984 solum
1084 1936 1145 1983 ut
1172 1930 1500 1985 abstinentia
1546 1930 1871 2001 castigemus

290 2028 540 2084 corpora,
560 2018 656 2072 sed
680 2018 847 2073 etiam
870 2018 1175 2074 humilitate
1202 2020 1411 2075 animas
1440 2020 1744 2076 induamus.
1786 2019 1873 2075 Si-

290 2117 406 2158 mus
434 2103 507 2158 ad
536 2104 776 2160 servulos
807 2106 988 2171 mites,
1020 2106 1202 2161 blandi
1232 2108 1300 2162 ad
1331 2117 1634 2171 extraneos.
1662 2109 1873 2164 miseri-

290 2188 476 2244 cordes
512 2191 580 2244 ad
606 2206 900 2261 pauperes;
930 2201 1214 2264 surgentes
1232 2195 1409 2266 primo
1436 2197 1671 2253 diluculo
1694 2199 1760 2254 ad
1783 2214 1872 2254 ec-

292 2275 504 2333 clesiam
533 2278 875 2346 festinemus,
900 2282 1201 2340 referamus
1228 2287 1340 2341 Deo
1365 2288 1590 2357 gratias,
1623 2296 1873 2358 peccato-

291 2382 402 2421 rum
424 2368 647 2422 veniam
669 2370 1032 2438 postulemus,
1061 2382 1311 2444 rogantes
1344 2376 1633 2444 prasteritis
1662 2376 1872 2432 delictis

290 2456 694 2526 indulgentiam,
725 2460 990 2515 cautelam
1016 2462 1082 2516 de
1109 2461 1335 2530 futuris;
1371 2473 1485 2520 tota
1512 2466 1601 2521 die
1625 2466 1698 2520 sit
1715 2466 1870 2521 nobis

290 2548 496 2603 assidua
534 2549 623 2603 vel
676 2550 853 2605 oratio
899 2551 983 2607 vel
1027 2552 1189 2608 lectio
1221 2573 1232 2607 :
1264 2556 1356 2624 qui
1412 2555 1624 2611 litteras
1675 2558 1868 2624 nescit,

290 2649 532 2696 sanctum
570 2641 751 2697 virum
798 2659 864 2699 ac
914 2644 1126 2701 doctum
1167 2649 1509 2717 perquirens,
1541 2649 1659 2719 ejus
1687 2652 1871 2707 confa-

291 2729 558 2787 bulatione
583 2741 859 2803 pascatur.
876 2733 1092 2790 Nullum
1116 2746 1271 2792 actus
1291 2739 1469 2794 saeculi
1495 2756 1524 2794 a
1547 2741 1728 2796 divina
1757 2758 1873 2797 ser-

291 2822 456 2877 vitute
492 2824 815 2881 abstrahunt
840 2826 925 2880 vel
958 2827 1252 2899 impediant
1284 2849 1297 2885 :
1337 2848 1443 2886 non
1474 2832 1632 2890 ludus
1674 2834 1870 2890 tabulas

294 2926 521 2972 mentem
551 2929 777 2985 avocet;
829 2937 936 2977 non
963 2924 1209 2994 voluptas
1246 2941 1440 2983 canum
1471 2945 1661 2986 sensus
1697 2932 1867 2986 abdu-

296 3019 407 3076 cat;
436 3026 543 3068 non
570 3016 776 3086 negotii
802 3019 1179 3087 compendium
1205 3021 1440 3076 animam
1460 3023 1719 3080 aviditate
1748 3041 1873 3095 per-

295 3109 485 3156 vertat.
510 3102 785 3175 Quidquid
814 3108 957 3162 enim
982 3109 1034 3163 in
1066 3108 1154 3165 his
1182 3112 1532 3180 vanitatibus,
1560 3116 1644 3171 vel
1670 3117 1722 3170 in
1751 3117 1871 3173 aliis

295 3195 506 3266 ineptiis
526 3206 727 3267 praeter
753 3201 1062 3255 mandatum
1090 3202 1186 3258 Dei
1217 3203 1433 3270 feceris,
1461 3208 1707 3276 quamvis
1745 3210 1869 3264 abs-

294 3284 482 3350 tineas,
525 3302 632 3342 non
677 3287 911 3358 jejunus,
934 3291 1061 3360 quia
1087 3293 1416 3361 voluptatem
1458 3304 1603 3351 tuam
1626 3312 1869 3365 exerces,

296 3391 397 3431 non
426 3377 639 3435 Domini
667 3380 803 3435 facis
822 3381 1171 3439 voluntatem.
1207 3369 1317 3440 Hoc
1348 3395 1433 3441 est
1453 3388 1594 3441 enim
1635 3389 1873 3446 salutare

293 3465 571 3537 jejunium,
602 3478 663 3523 ut
689 3470 830 3525 sicut
854 3472 1088 3528 abstinet
1125 3490 1322 3544 corpus
1361 3478 1429 3532 ab
1478 3479 1670 3547 epulis,
1703 3480 1776 3534 ita
1819 3489 1875 3536 et

297 3561 469 3616 anima
500 3563 809 3619 refrenetur
837 3581 867 3620 a
916 3567 1097 3633 vitiis,
1127 3577 1186 3622 ut
1230 3569 1536 3641 jejunemus
1588 3574 1792 3643 pariter
1841 3591 1872 3630 a

297 3649 426 3707 cibis
453 3660 511 3706 et
537 3663 786 3721 peccato,
825 3662 885 3709 ut
932 3655 1087 3711 labor
1133 3666 1317 3714 noster
1355 3675 1454 3729 per
1499 3660 1595 3715 Dei
1644 3663 1875 3732 gratiam

300 3756 547 3798 coronam
579 3745 733 3801 nobis
753 3747 932 3817 pariat
956 3749 1361 3817 sempiternam.
1395 3751 1588 3808 Amen.

866 3836 1149 3894 HOMILIA
1189 3840 1299 3895 XII.

627 3944 682 3983 IN
717 3944 969 3984 DOHINICA
1006 3947 1061 3985 IV
1094 3947 1536 3995 QUADBAGESIM5.

300 4018 371 4071 De
393 4018 832 4097 misericordia__et
869 4022 1169 4097 remissione
1207 4024 1499 4097 debitorum
1535 4026 1741 4097 iniillis
1785 4028 1876 4097 qui

361 4097 544 4142 contra
569 4105 663 4143 nos
686 4088 992 4159 delinquunt
1028 4092 1288 4160 facienda.
1326 4094 1344 4166 (
1366 4094 1569 4167 Evang.
1593 4096 1722 4151 Luc.
1752 4088 1827 4153 vi.
1854 4096 1873 4168 )

363 4195 614 4265 Legimus
656 4198 713 4253 in
770 4198 1064 4272 Evangelio
1118 4201 1454 4259 Salvatorem
1502 4215 1749 4263 nostrum
1799 4210 1873 4263 ita

300 4291 613 4360 praecepisse
641 4288 922 4365 discipulis
943 4295 1054 4349 suis
1076 4304 1237 4365 atque
1259 4296 1459 4352 dixisse
1483 4314 1496 4350 :
1522 4297 1701 4353 Estote
1722 4300 1877 4354 mise—

300 4382 524 4439 ricordes
541 4424 560 4449 ,
583 4386 709 4456 quia
745 4394 797 4439 et
829 4385 993 4441 Pater
1020 4395 1181 4442 vester
1198 4386 1415 4443 caelestis
1438 4389 1730 4445 misericors
1754 4400 1873 4446 est:

1968 1930 2204 1993 venitur,
2230 1929 2417 1983 tardus
2442 1926 2688 1982 minister
2715 1925 2908 1990 fuerit,
2940 1925 3124 1982 statim
3151 1940 3273 1980 eum
3308 1923 3551 1980 verberi-

1969 2017 2071 2074 bus
2097 2017 2397 2081 laniare,et
2424 2018 2573 2087 prius
2601 2015 3021 2091 satiareservuli
3043 2015 3305 2086 sanguine
3327 2015 3561 2085 appetit,

1970 2126 2135 2183 quam
2161 2110 2393 2167 convivii
2420 2108 2717 2179 voluptate.
2751 2107 2957 2164 Horum
2981 2106 3141 2176 quale
3163 2104 3424 2177 jejunium
3444 2114 3554 2171 est,

1970 2201 2191 2268 fratres,
2219 2202 2362 2272 quod
2389 2201 2509 2257 ideo
2528 2198 2830 2269 jejunatum
2859 2206 2975 2263 est,
3015 2206 3076 2254 ut
3109 2213 3215 2255 non
3245 2197 3557 2253 Divinitatis

1969 2292 2397 2350 misericordiam
2441 2298 2818 2362 provocarent,
2848 2290 2942 2346 sed
2978 2297 3038 2345 ut
3065 2288 3357 2345 clamorem
3388 2287 3549 2343 fami-

1969 2383 2055 2439 lite
2082 2382 2488 2454 iugemiscentis
2519 2380 2874 2437 effunderent.
2906 2379 3161 2450 Quisquis
3188 2387 3368 2436 autem
3403 2380 3553 2449 cupit

1969 2476 2036 2531 de
2083 2475 2196 2531 Deo
2242 2472 2668 2529 misericordiam
2716 2470 3046 2542 promereri,
3072 2472 3188 2543 ipse
3216 2470 3376 2529 debet
3402 2469 3555 2540 prior

1971 2582 2092 2623 esse
2138 2565 2480 2629 misericors;
2531 2563 2794 2632 scriptum
2844 2570 2928 2618 est
2973 2562 3118 2618 enim
3148 2579 3166 2616 ς
3203 2559 3477 2614 Iudicium
3506 2560 3556 2614 ei

1968 2661 2080 2715 sine
2112 2656 2493 2722 misericordia,
2521 2657 2611 2727 qui
2657 2672 2762 2710 non
2808 2654 2935 2725 facit
2981 2651 3396 2709 misericordiam
3436 2649 3555 2721 (Ja-

1969 2753 2081 2806 cob.
2125 2748 2218 2822 n);
2272 2756 2329 2804 et
2367 2766 2380 2802 :
2423 2746 2483 2802 Si
2520 2746 2960 2823 non_remiseritis
3007 2741 3303 2798 hominibus
3344 2748 3555 2811 peccata

1968 2858 2169 2906 eorum,
2186 2855 2278 2894 nec
2299 2836 2463 2893 Pater
2490 2846 2654 2892 vester
2681 2836 2898 2891 celestis
2918 2834 3140 2890 dimittet
3167 2832 3306 2887 vobis
3342 2840 3554 2902 peccata

1967 2944 2138 2988 vestra
2169 2931 2383 3005 (Matth.
2409 2931 2508 3004 vr).
2541 2933 2683 3003 Ergo
2724 2946 2887 3001 quam
2934 2928 3227 2985 absurdum
3282 2933 3369 2982 cst
3409 2923 3555 2994 quod

1968 3022 2307 3080 Christianus
2333 3024 2583 3079 dominus
2611 3022 2919 3079 Christiano
2948 3021 3002 3075 in
3028 3020 3114 3075 his
3157 3016 3347 3073 diebus
3391 3031 3549 3072 servo

1972 3127 2079 3167 non
2112 3120 2320 3182 parcat,
2360 3113 2582 3167 minime
2635 3111 2933 3182 respiciens
2962 3110 3103 3179 quod
3153 3108 3200 3164 si
3243 3121 3437 3163 servus
3473 3116 3561 3161 cst
3606 3148 3615 3155 ,

1974 3206 2301 3270 conditione,
2332 3206 2506 3277 gratia
2535 3213 2713 3259 tamen
2737 3203 2906 3258 frater
2932 3210 3044 3267 est;
3071 3200 3271 3257 etenim
3307 3196 3558 3254 similiter

1972 3293 2247 3350 Christum
2287 3295 2481 3360 induit,
2506 3293 2696 3349 iisdem
2720 3291 3008 3362 participat
3033 3288 3428 3345 sacramentis:
3463 3300 3557 3340 eo-

1973 3388 2095 3443 dem
2124 3404 2233 3457 quo
2253 3396 2306 3442 et
2335 3398 2389 3442 tu
2416 3387 2587 3442 utitur
2621 3386 2733 3442 Deo
2770 3384 2954 3449 Patre,
2984 3399 3082 3439 cur
3126 3392 3179 3438 te
3218 3396 3324 3438 non
3369 3387 3556 3435 utatur

1972 3479 2172 3534 fratre?
2199 3479 2535 3549 Recogitate,
2559 3477 2777 3544 fratres,
2791 3477 3056 3547 originem
3086 3483 3321 3530 vestram
3352 3488 3367 3527 :
3394 3487 3557 3528 omne

1972 3572 2189 3642 quidem
2212 3572 2505 3626 humanum
2530 3583 2700 3641 genus
2719 3584 2783 3623 ex
2804 3584 2912 3623 uno
2934 3567 3175 3631 homine,
3192 3567 3244 3621 id
3265 3573 3348 3620 est
3359 3565 3555 3629 Adam,

1970 3671 2313 3733 procreatum
2348 3670 2432 3717 est
2455 3671 2510 3717 et
2538 3661 2773 3725 mortali,
2799 3660 3027 3715 mortale
3077 3660 3340 3728 genitum,
3371 3666 3427 3711 et
3477 3657 3555 3711 si-

1971 3754 2175 3808 militer
2201 3754 2495 3816 nascimur,
2520 3752 2769 3805 similiter
2808 3758 2864 3804 et
2909 3749 3193 3812 morimur,
3226 3747 3475 3803 similiter
3500 3754 3558 3803 et

1971 3842 2360 3913 putrescimus;
2412 3840 2509 3895 soli
2538 3848 2593 3894 et
2621 3839 2749 3893 nudi
2780 3838 2833 3893 in
2866 3839 3010 3893 hunc
3039 3838 3296 3892 mundum
3328 3837 3554 3894 intravi-

1973 3948 2115 3997 mus,
2134 3932 2234 3986 soli
2262 3939 2317 3987 et
2345 3931 2471 3985 nudi
2499 3930 2767 3986 exibimus
2796 3943 2811 3983 :
2844 3929 3180 3985 solummodo
3205 3930 3334 3984 hinc
3359 3944 3558 3985 exeun-

1974 4030 2056 4078 tes
2082 4023 2221 4079 bona
2248 4038 2412 4093 opera
2440 4020 2528 4076 vel
2556 4022 2698 4077 mala
2728 4038 2848 4092 qua:
2874 4023 2965 4077 hic
3009 4023 3273 4092 gessimus
3301 4037 3400 4078 nos
3428 4038 3555 4093 pro-

1974 4123 2301 4185 sequuntur,
2332 4123 2389 4169 et
2432 4114 2803 4184 unusquisque
2849 4121 3093 4168 nostrum
3142 4124 3267 4168 ante
3316 4112 3555 4167 tribunal

1973 4206 2170 4262 Christi
2192 4220 2292 4276 pro
2314 4220 2372 4260 se
2393 4203 2701 4260 redditurus
2735 4212 2819 4259 est
2849 4205 3133 4259 rationem.
3173 4204 3240 4258 Et
3266 4204 3422 4268 ideo,
3447 4202 3556 4258 fra-

1972 4304 2103 4364 tres,
2126 4298 2432 4367 quicunque
2480 4311 2546 4351 ex
2578 4295 2732 4351 vobis
2771 4295 2891 4350 aliis
2937 4301 3196 4364 praesunt,
3231 4308 3331 4362 per
3376 4293 3558 4348 chari-

1973 4397 2136 4446 tatem
2163 4390 2268 4446 illis
2299 4390 2596 4460 imperent;
2630 4391 2721 4459 qui
2743 4394 2922 4444 autem
2948 4388 3147 4443 subditi
3176 4394 3321 4451 sunt,
3344 4386 3398 4442 in
3426 4388 3556 4443 cha-

301 4470 539 4526 dimittite
552 4481 603 4526 et
628 4473 1121 4568 dimittetur‘uobis;
1159 4475 1281 4531 date
1301 4485 1354 4568 et
1378 4478 1592 4532 dabitur
1614 4479 1774 4535 vobis.
1804 4479 1872 4535 In
1900 4508 1951 4568 D
1976 4483 2135 4538 ritate
2157 4482 2265 4539 illis
2287 4482 2528 4541 serviant
2552 4482 2644 4551 qui
2670 4481 2772 4537 sibi
2800 4488 3058 4551 praesunt.
3085 4478 3322 4536 Audiant
3342 4494 3557 4550 quoque

299 4575 399 4624 qua
427 4577 670 4615 mensura
696 4564 864 4616 mensi
906 4562 1135 4632 fueritis,
1177 4566 1476 4620 remelietur
1513 4568 1673 4623 vobis.
1722 4569 1871 4625 Hauc
1902 4562 1939 4568 ⁷
1975 4588 2080 4627 non
2139 4587 2257 4639 me,
2323 4573 2419 4628 sed
2479 4571 2793 4642 Apostolum
2850 4570 2953 4625 sibi
3009 4571 3084 4626 ita
3147 4570 3555 4642 praecipientem

301 4648 421 4705 licet
453 4655 776 4708 sententiam
827 4654 1037 4710 Domini
1076 4671 1297 4714 servare
1322 4660 1467 4714 omni
1506 4668 1746 4732 tempore
1772 4678 1869 4719 ne-

299 4754 450 4796 cesse
475 4742 567 4808 sit,
590 4742 790 4800 fratres
821 4745 1148 4813 cbarissimi,
1174 4750 1407 4806 maxime
1439 4758 1615 4806 tamen
1642 4753 1730 4808 bis
1768 4754 1875 4809 die-

302 4828 420 4896 bus,
452 4831 504 4886 in
532 4833 729 4902 quibus
754 4835 968 4889 veniam
1011 4844 1355 4905 peccatorum
1400 4849 1708 4897 nostrorum
1749 4859 1876 4913 pro-

299 4923 489 4976 mereri
511 4930 568 4977 et
585 4925 1014 4981 misericordiam
1037 4926 1248 4984 Domini
1278 4932 1431 4986 nobis
1449 4934 1735 4990 conciliare
1762 4943 1876 4991 stu-

300 5009 505 5077 demus,
537 5028 659 5068 cum
689 5014 763 5069 ita
800 5017 1041 5085 quotidie
1074 5018 1185 5075 Deo
1220 5021 1275 5075 in
1321 5022 1566 5078 oratione
1610 5025 1874 5094 dicamus,

302 5101 608 5173 magisterio
632 5105 840 5162 caelesti
872 5108 1061 5164 imbuti
1088 5127 1101 5164 :
1134 5110 1352 5167 Dimitte
1390 5113 1537 5169 nobis
1573 5116 1746 5172 debita
1777 5135 1873 5173 no-

300 5200 407 5247 stra
422 5233 440 5257 ,
464 5195 598 5249 sicut
620 5206 670 5250 et
696 5214 790 5251 nos
814 5198 1124 5256 dimittimus
1168 5202 1485 5261 debitoribus
1530 5209 1759 5275 nostris;
1806 5226 1877 5266 ne

300 5295 398 5336 nos
418 5280 523 5339 hac
549 5287 818 5342 sententia
846 5289 1018 5359 magis
1047 5305 1305 5348 accusare
1333 5308 1493 5369 quam
1526 5299 1877 5355 reconciliare

303 5375 440 5461 apud
466 5375 755 5433 Dominum
790 5378 1093 5449 videamur,
1135 5383 1180 5439 si
1228 5393 1416 5441 contra
1459 5389 1711 5444 mandata
1756 5390 1877 5461 ejus

300 5460 466 5521 duros
490 5481 589 5523 nos
614 5476 669 5523 et
693 5469 931 5526 immites
949 5472 1208 5529 adversus
1232 5476 1508 5544 proximos
1531 5486 1746 5535 nostros
1763 5460 1873 5536 eri-

301 5567 509 5621 gamus.
536 5556 739 5615 Omnes
756 5561 902 5616 enim
930 5576 1091 5633 agere
1115 5562 1373 5621 debemus
1393 5567 1766 5636 paenitentiam
1787 5610 1801 5635 ,
1820 5578 1878 5626 et

298 5653 495 5699 omnes
525 5644 827 5718 indigemus
874 5649 1227 5722 indulgentia,
1257 5654 1386 5724 quia
1437 5671 1626 5713 omnes
1670 5660 1877 5714 erravi-

301 5745 424 5789 mus
447 5748 468 5787 :
495 5750 616 5792 nam
639 5740 684 5794 si
707 5738 1002 5811 Scriptura:
1025 5744 1331 5802 testimonio
1359 5763 1459 5805 nco
1488 5750 1646 5805 unius
1666 5749 1771 5806 diei
1793 5750 1871 5807 in-

1976 4662 2190 4736 (Ephes.
2216 4663 2291 4735 v1)
2321 4682 2334 4716 :
2368 4662 2537 4725 Servi,
2568 4662 2762 4731 inquit,
2790 4656 2991 4716 obedite
3010 4663 3233 4717 dominis
3254 4663 3556 4718 carnalibus

1974 4768 2092 4805 cum
2119 4760 2340 4807 tremore
2364 4760 2412 4805 et
2457 4752 2660 4815 timore,
2692 4750 2750 4804 in
2795 4751 3126 4822 simplicitate
3165 4752 3336 4807 cordis
3380 4753 3553 4817 vestri,

1973 4842 2108 4895 sicut
2140 4840 2368 4897 Christo.
2400 4840 2524 4896 Non
2544 4839 2614 4894 ad
2635 4840 2844 4895 oculum
2870 4842 3146 4896 servientes
3163 4883 3177 4905 ,
3206 4842 3358 4911 quasi
3385 4842 3557 4896 fronti-

1977 4933 2129 4988 nibus
2154 4933 2435 5004 placentes,
2459 4932 2551 4987 sed
2573 4941 2629 4987 ut
2661 4934 2796 4987 serui
2827 4932 3042 4998 Christi,
3083 4932 3331 5003 facientes
3370 4932 3557 4987 volun-

1976 5030 2133 5078 tatem
2163 5008 2259 5078 Dei
2281 5040 2345 5078 βω
2371 5024 2566 5078 animo.
2609 5022 2743 5078 Cum
2785 5025 2921 5078 bona
2961 5023 3223 5078 uoluntate
3257 5023 3550 5089 servientes,

1976 5116 2109 5170 sicut
2146 5116 2395 5180 Domino,
2420 5125 2469 5170 et
2509 5133 2613 5170 non
2651 5116 2965 5170 hominibus.
2993 5114 3223 5171 Scientes
3246 5118 3372 5187 quia
3398 5132 3557 5170 unus-

1975 5206 2190 5276 quisque
2209 5204 2551 5276 quodcunque
2573 5205 2752 5274 fecerit
2777 5205 2987 5269 bonum,
3016 5206 3112 5261 hoc
3134 5208 3343 5277 recipiet
3367 5223 3402 5260 a
3423 5206 3552 5272 Dec,

1976 5300 2083 5355 sive
2108 5314 2284 5353 servus
2302 5338 2316 5363 ,
2338 5298 2445 5351 sive
2484 5296 2632 5352 liber.
2674 5298 2770 5354 His
2798 5305 2979 5353 autem
3006 5299 3098 5369 qui
3128 5306 3366 5370 praesunt
3410 5299 3554 5353 idem

1979 5389 2253 5461 apostolus
2302 5388 2376 5443 ita
2408 5387 2537 5444 dicit
2568 5388 2715 5455 :Et,
2742 5388 2961 5453 domini,
3003 5389 3185 5444 eadem
3220 5389 3377 5459 facite
3420 5384 3554 5455 illis,

1980 5479 2294 5533 remittentes
2334 5478 2526 5542 minas,
2564 5479 2783 5532 scientes
2812 5478 2935 5550 quia
2965 5487 3014 5533 et
3060 5478 3271 5532 illorum
3299 5483 3350 5530 et
3393 5485 3559 5533 voster

1979 5570 2236 5625 Dominus
2258 5579 2333 5625 est
2355 5570 2411 5625 in
2445 5569 2608 5635 cortis,
2651 5579 2699 5625 et
2727 5586 3067 5642 personarum
3095 5568 3321 5638 acceptio
3349 5584 3456 5623 non
3478 5576 3558 5625 est

1982 5663 2123 5732 apud
2151 5662 2315 5718 Deum
2344 5676 2363 5716 :
2389 5664 2495 5718 sive
2523 5664 2655 5718 serui
2673 5703 2688 5727 ,
2734 5662 2838 5717 sive
2865 5662 3034 5726 liberi,
3071 5675 3233 5715 unum
3277 5676 3459 5715 sumus
3497 5664 3554 5717 in

1983 5752 2190 5810 Christo
2206 5753 2414 5827 (lbid.).
2434 5754 2655 5811 Talibus
2669 5754 2814 5810 enim
2829 5752 2987 5808 dictis
3004 5767 3070 5807 ex
3081 5750 3336 5822 Apostolo
3347 5750 3548 5807 Christi
