4040 6188
498 391 571 448 ει
1129 391 1189 447 B.
1226 384 1477 445 nsum
1516 384 1732 441 MAURI
1764 358 2082 440 meumr.
2122 378 2431 438 uocum“.
2468 377 2749 437 OPERUM
2785 379 2963 435 rans
2997 380 3060 435 ιι.
3667 383 3740 440 τε

500 507 756 564 admoniti
782 506 1000 572 fratres,
1022 501 1334 559 studeamus
1360 500 1501 553 inter
1529 508 1627 552 nos
1648 496 1963 551 charitatem
1983 502 2065 548 at-
2090 499 2138 556 Α
2166 503 2213 547 et
2238 503 2411 548 terrm.
2438 493 2494 547 In
2521 493 2709 562 primis
2737 492 2868 548 dicit
2894 492 3083 558 Credo,
3109 494 3232 562 quia
3264 493 3406 549 Deus
3427 506 3609 552 noster
3629 514 3737 554 non

498 616 605 671 que
649 601 908 655 unitatem
960 596 1182 666 spiritus
1232 595 1285 647 in
1333 590 1547 647 vinculo
1598 589 1746 658 pacis
1773 587 2061 642 custodire.

500 691 638 747 Nulli
656 691 726 746 sit
742 703 901 761 grave
915 688 1159 758 proximo
1176 687 1228 739 in
1247 681 1643 751 sedelinquenti
1672 680 1866 734 delicta
1888 692 2055 747 parva

499 780 787 841 dimittere,
808 775 897 844 qui
924 774 1156 828 maxima
1181 780 1236 825 et
1259 770 1500 826 enormia
1533 767 1673 838 apud
1705 768 1872 821 Deum
1917 765 2065 834 cupit

496 869 699 924 scelera
728 864 1038 919 dissolvere.
1068 861 1263 931 Sicque
1291 857 1557 930 jejunium
1594 867 1833 910 nostrum
1862 863 1918 908 et
1941 868 2065 907 ora-

497 958 573 1012 tio
608 965 769 1025 atque
813 954 1149 1023 eleemosyna
1194 952 1305 1005 Deo
1354 946 1702 1016 acceptabilis
1730 944 1856 1010 erit,
1887 944 1931 998 si
1968 958 2065 1013 per

495 1047 813 1101 charitatem
849 1041 1103 1106 offertur,
1133 1041 1258 1110 quia
1294 1039 1525 1092 charitas
1568 1036 1733 1106 aperit
1769 1032 2063 1088 multitudi-

496 1156 611 1193 nem
639 1147 963 1208 peccatorum
992 1135 1043 1206 (Ι
1080 1132 1222 1187 Petr.
1253 1131 1359 1202 tv);
1408 1139 1464 1185 et
1490 1149 1502 1183 :
1535 1129 1672 1183 Deus
1698 1129 1812 1198 ipse
1833 1126 2062 1180 charitas

492 1239 589 1294 est,
614 1239 660 1283 et
682 1230 768 1300 qui
795 1237 965 1281 ntanet
992 1229 1047 1281 in
1071 1225 1324 1279 charilate
1350 1225 1406 1276 in
1435 1222 1543 1275 Deo
1567 1228 1821 1284 manet,et
1844 1217 1983 1270 Deus
2005 1218 2061 1270 in

493 1339 553 1377 co
581 1322 631 1395 (1
654 1321 815 1376 Joan.
844 1324 939 1385 tv).
971 1320 1144 1387 Quam
1174 1333 1272 1373 nos
1301 1318 1391 1371 hic
1419 1315 1647 1369 feliciter
1671 1314 1888 1373 habere,
1919 1320 1973 1366 et
1995 1310 2061 1364 ad

491 1418 748 1466 aeternam
796 1409 1179 1464 beatitudinem
1218 1422 1316 1477 per
1355 1407 1495 1459 hanc
1522 1403 1705 1457 venire
1730 1403 1842 1471 ipse
1869 1415 2064 1456 conce-

493 1503 602 1564 t'at,
634 1501 724 1570 qui
758 1515 855 1554 nos
894 1515 992 1569 per
1022 1499 1191 1568 ipsam
1222 1495 1482 1559 redemit,
1511 1493 1789 1555 Christus,
1813 1491 2063 1546 Salvator

493 1600 693 1657 noster,
741 1592 833 1661 qui
883 1590 1012 1644 vivit
1050 1597 1104 1643 et
1139 1594 1331 1658 regnat
1363 1586 1505 1640 Deus
1533 1601 1631 1655 per
1658 1584 1838 1639 omnia
1868 1581 2061 1637 saecula

490 1684 829 1738 stt-culorum.
858 1681 1050 1735 Amen.

1055 1767 1333 1824 HOMILIA
1372 1766 1508 1821 XIII.

819 1881 871 1919 IN
910 1879 1162 1919 DOIINICA
1208 1879 1246 1918 Il
1293 1877 1732 1927 ριιιιιιιιειεεειιιιε.

491 1954 567 2009 De
594 1956 720 2024 ﬁdei
749 1954 1016 2009 catholica!
1057 1956 1266 2008 veritate
1308 1964 1355 2007 et
1401 1954 1653 2007 bonorum
1683 1968 1893 2023 operum
1936 1968 2059 2006 con-

1189 2023 1390 2076 cordia.

558 2137 784 2206 Oportet
799 2136 1004 2205 utique,
1018 2134 1351 2190 dilectissimi
1369 2133 1587 2198 fratres,
1603 2140 1662 2188 ut
1682 2132 1736 2187 in
1758 2133 1857 2187 hac
1881 2147 2060 2188 sacra-

489 2228 697 2283 tissima
726 2227 1103 2284 observatione
1126 2224 1557 2294 Quadragesima:
1576 2224 1718 2279 sicut
1742 2238 1935 2294 corpus
1962 2238 2059 2277 no-

488 2325 661 2372 strum
682 2316 1069 2372 mortificamus
1097 2330 1195 2385 per
1210 2313 1497 2386 jejunium,
1520 2313 1594 2368 ita
1615 2313 1823 2368 animas
1843 2320 2059 2367 nostras

491 2406 824 2461 viviﬁcemus
843 2420 939 2476 per
965 2405 1206 2475 spiritale
1228 2403 1465 2459 studium
1499 2412 1556 2458 et
1575 2402 1943 2457 illuminemus
1962 2417 2060 2471 per

489 2496 581 2551 Dei
596 2497 893 2562 verbum,ut
908 2495 1284 2565 perinterioris
1295 2493 1528 2549 hominis
1540 2493 1886 2557 voluntatem,
1900 2500 2060 2561 atque

487 2585 771 2642 exterioris
796 2584 1256 2640 conversationem
1274 2624 1288 2649 ,
1313 2584 1580 2655 possimus
1612 2583 1667 2637 in
1687 2582 1934 2637 omnibus
1953 2581 2062 2651 pla-

486 2691 611 2732 cere
628 2677 859 2732 creatori
876 2686 1079 2732 nostro.
1097 2677 1203 2732 Sed
1220 2677 1288 2731 ad
1306 2677 1439 2743 haec,
1453 2685 1578 2730 ante
1595 2675 1798 2740 omnia,
1813 2689 2060 2735 necessa-

495 2767 573 2822 ria
592 2768 749 2823 nobis
777 2775 861 2822 est
891 2766 1021 2823 ﬁdes
1050 2767 1376 2841 recta,quia,
1408 2766 1699 2821 secundum
1722 2764 2055 2835 Apostolum,

485 2857 803 2928 impossibile
842 2867 917 2912 est
953 2859 1063 2913 sine
1102 2857 1207 2927 ﬁde
1240 2857 1445 2927 placere
1484 2856 1592 2911 Deo
1629 2854 1815 2929 (Hebr.
1853 2855 1953 2927 ιι).
1990 2857 2058 2911 Et

487 2948 608 3004 ideo
636 2964 839 3019 quarso,
870 2948 1084 3014 fratres,
1115 2957 1175 3003 ut
1197 2949 1351 3004 nobis
1379 2948 1744 3012 reserantibus
1770 2948 2058 3019 expositio-

487 3055 608 3095 nem
637 3040 892 3112 symboli,
923 3042 1183 3095 attentius
1209 3042 1467 3104 audiatis,
1500 3041 1627 3111 quia
1652 3040 1895 3096 doctrina
1917 3056 2060 3112 sym-

488 3131 595 3187 boli
622 3132 795 3186 virtus
819 3141 901 3187 est
927 3133 1266 3196 sacramenti,
1298 3131 1615 3186 illuminatio
1641 3131 1857 3195 animae,
1886 3129 2058 3200 pleni-

486 3221 615 3278 tudo
640 3223 889 3278 credendi
922 3224 1086 3294 :quia
1111 3224 1252 3294 quod
1287 3224 1339 3278 in
1377 3238 1443 3279 eo
1481 3223 1705 3278 docetur
1729 3239 1794 3279 ac
1828 3222 2056 3278 discitur

484 3319 542 3366 et
567 3311 746 3366 unitas
775 3320 856 3366 est
891 3311 1198 3379 Trinitatis,
1239 3322 1295 3367 et
1331 3312 1567 3367 Trinitas
1593 3312 1844 3367 distincta
1871 3326 2058 3382 perso-

485 3400 591 3467 nis,
621 3409 677 3456 et
699 3401 1013 3456 excellentia
1043 3402 1334 3469 Creatoris,
1353 3410 1409 3459 et
1430 3402 1799 3458 misericordia
1828 3401 2057 3458 Redem-

484 3491 655 3562 ptoris
688 3510 701 3545 :
742 3493 846 3548 hoc
883 3507 1053 3548 nexus
1081 3493 1407 3549 infidelitatis
1442 3492 1765 3558 absolvitur,
1798 3492 1901 3548 hoc
1932 3492 2057 3548 vita:

483 3580 646 3650 ianua
672 3583 944 3653 panditur,
980 3584 1081 3638 hoc
1106 3582 1270 3654 gloria
1298 3592 1498 3638 aeterna
1530 3590 1897 3653 praaparatur;
1929 3582 2054 3647 hoc,

483 3672 732 3737 obsecro,
756 3670 984 3739 fratres,
1032 3674 1306 3729 memorias
1339 3679 1533 3728 vestra:
1570 3671 1677 3729 cito
1716 3686 1782 3726 ac
1831 3669 2057 3725 firmiter

483 3762 860 3818 commendato
904 3780 917 3817 :
958 3770 1013 3817 et
1059 3763 1104 3818 si
1137 3778 1273 3833 quos
1309 3761 1448 3818 ﬁlios
1485 3762 1570 3817 vel
1603 3760 1738 3817 filias
1766 3762 1819 3817 in
1853 3760 2058 3832 baptis-

486 3859 632 3905 tnate
668 3851 911 3920 proximo
949 3851 1147 3906 habere
1191 3852 1540 3918 desideratis,
1585 3851 1631 3907 si
1671 3850 2055 3922 intelligihilem

484 3950 698 3997 aetatem
730 3942 906 3996 adhuc
939 3941 1169 4007 habent,
1201 3940 1360 3996 fidem
1384 3957 1545 4010 quam
1582 3942 1825 4012 proﬁteri
1861 3941 2059 3997 debent

486 4032 968 4102 antevbaptismum
1007 4046 1099 4086 eos
1135 4032 1276 4086 scire
1308 4030 1545 4095 faciatis;
1586 4032 1670 4086 sin
1710 4040 1889 4086 autem
1926 4040 2058 4087 mtas

488 4123 581 4178 illa
607 4124 674 4178 ad
699 4124 799 4178 hoc
828 4123 1004 4177 minus
1026 4122 1215 4178 idonea
1238 4129 1345 4187 est,
1369 4137 1466 4177 vos
1487 4137 1699 4192 quoque
1727 4121 1874 4176 illam
1898 4121 2055 4177 ﬁdem

487 4228 649 4284 quam
680 4227 778 4282 pro
808 4213 886 4268 eis
920 4211 1159 4281 profiteri
1185 4211 1380 4278 vultis,
1419 4227 1539 4268 cum
1581 4211 1648 4266 ad
1682 4218 1896 4267 aetatem
1924 4226 2054 4265 con-

487 4319 674 4375 gruam
705 4302 1068 4374 pervenerint,
1100 4303 1426 4374 cognoscite,
1454 4303 1520 4363 ad
1549 4302 1923 4358 insinuandum
1953 4301 2057 4356 illis

2158 584 2313 653 jubet
2346 600 2447 640 nos
2466 586 2733 640 discutere
2762 585 2939 639 divina
2959 584 3182 652 judicia,
3212 588 3305 640 sed
3333 588 3554 643 credere
3583 608 3596 643 :
3629 606 3734 647 non

2163 674 2422 728 rationem
2458 675 2763 742 requirere,
2806 674 2899 728 sed
2935 674 3093 729 fidem
3130 675 3446 744 simpliciter
3465 687 3521 733 ct
3545 679 3739 736 immo-

2162 761 2343 816 hililer
2377 762 2651 818 exhibere.
2697 761 2763 816 In
2801 762 2968 816 Deum
3008 760 3222 818 Patrem
3258 779 3278 816 :
3319 782 3423 820 non
3453 782 3582 840 ergo
3609 781 3734 827 ante

2164 851 2306 906 Deus
2331 867 2451 907 esse
2486 853 2649 922 cmpit
2675 863 2732 907 et
2763 861 2946 922 postea
2976 854 3154 918 Pater,
3182 855 3275 912 scd
3308 859 3425 913 sine
3449 859 3558 914 ullo
3584 862 3736 916 initio

2164 950 2218 995 et
2247 943 2387 996 Deus
2414 958 2629 1013 semper
2652 952 2709 997 et
2735 943 2897 998 Pater
2922 952 3035 1008 est;
3066 945 3188 1013 quia
3218 961 3347 1017 ergo
3383 962 3598 1018 semper
3633 949 3735 1005 fuit

2164 1030 2342 1097 Pater,
2371 1047 2582 1103 semper
2608 1034 2795 1088 habuit
2820 1033 3035 1099 Filium,
3062 1036 3146 1090 cui
3170 1035 3330 1091 Pater
3348 1047 3452 1093 est.
3479 1038 3733 1110 Omnipo-

2162 1133 2351 1178 tentem
2386 1139 2517 1178 vero
2556 1124 2723 1189 dicit,
2757 1126 2880 1194 quia
2912 1127 3092 1180 omnia
3132 1135 3338 1197 potest,
3377 1130 3572 1199 cuique
3598 1131 3734 1185 nihil

2163 1214 2493 1283 impossibile
2516 1223 2631 1280 est;
2658 1216 2749 1284 qui
2775 1215 2994 1280 caelum,
3032 1225 3256 1279 terram,
3287 1233 3459 1283 mare,
3490 1220 3735 1276 homines

2162 1314 2324 1374 atque
2348 1306 2529 1360 omnia
2552 1321 2671 1375 quze
2692 1315 2835 1370 sunt,
2858 1307 3062 1373 vivunt,
3087 1309 3326 1363 sentiunt
3348 1319 3509 1380 atque
3533 1312 3741 1367 discer-

2165 1407 2331 1465 nunt,
2358 1415 2465 1454 non
2492 1400 2672 1469 aliquo
2700 1401 2879 1471 operis
2910 1410 3050 1463 actu,
3083 1403 3176 1457 sed
3212 1404 3327 1458 solo
3360 1407 3505 1461 verbi
3530 1411 3738 1463 creavit

2163 1490 2408 1559 imperio.
2437 1491 2505 1544 Et
2534 1492 2588 1544 in
2612 1491 2793 1545 Jesum
2821 1490 3104 1558 Christum,
3136 1492 3336 1548 Filium
3359 1496 3471 1565 ejus
3498 1500 3735 1562 unicum,

2162 1587 2446 1643 Dominum
2470 1598 2730 1642 nostrum.
2756 1588 3033 1643 Advertitc
3060 1591 3203 1659 quod
3235 1595 3500 1661 quomodo
3540 1595 3593 1648 in
3633 1594 3738 1649 Pa-

2163 1689 2324 1744 trem,
2353 1680 2433 1734 sic
2451 1687 2506 1733 et
2530 1680 2582 1734 in
2608 1679 2801 1734 Filium
2828 1678 2944 1747 ejus
2965 1681 3182 1736 unicum
3205 1683 3529 1739 credendum
3554 1686 3655 1751 sit;
3681 1694 3741 1740 et

2162 1770 2287 1839 quia
2316 1787 2438 1826 cum
2466 1771 2628 1826 Patre
2655 1772 2878 1841 aequalis
2898 1781 2982 1827 est
3006 1772 3266 1829 Dominus
3284 1773 3585 1843 majestate,
3618 1786 3740 1831 tan-

2084 1849 2130 1909 Β
2160 1868 2271 1915 tum
2302 1861 2425 1931 ipsi,
2455 1871 2717 1930 quantum
2746 1869 2801 1916 et
2839 1861 3007 1925 Patri,
3047 1863 3292 1929 honoris,
3328 1872 3533 1919 tantum
3569 1866 3736 1922 debe-

2161 1964 2282 2004 mus
2307 1958 2365 2005 et
2391 1949 2688 2005 servitutis.
2711 1948 2866 2005 Jcsus
2891 1950 3120 2006 salvator
3145 1952 3548 2022 interpretatur,
3573 1954 3736 2010 Chri-

2160 2048 2276 2094 stus
2307 2054 2437 2095 vero
2482 2054 2514 2093 a
2558 2041 2852 2096 chrismate
2888 2042 3087 2097 dicitur
3128 2061 3141 2097 :
3179 2045 3307 2114 quia
3343 2046 3481 2101 sicut
3526 2048 3736 2116 antiqui

2161 2144 2314 2200 reges
2342 2145 2372 2184 a
2413 2130 2783 2185 sacerdotibus
2818 2147 2974 2187 sacro
3001 2132 3121 2189 oleo
3145 2134 3620 2204 perfundehantur,
3655 2139 3738 2194 sic

2160 2220 2418 2277 Dominus
2457 2232 2643 2278 noster
2665 2221 2824 2279 Iesus
2855 2224 3102 2281 Christus
3129 2225 3360 2296 Spiritus
3390 2230 3561 2284 sancti
3597 2229 3739 2285 infu-

2161 2313 2312 2368 sione
2341 2312 2578 2382 repletus
2610 2322 2713 2369 est.
2754 2314 2859 2380 Qui
2885 2325 3160 2385 conceptus
3182 2327 3257 2371 est
3287 2316 3352 2371 de
3383 2317 3587 2388 Spiritu
3611 2337 3739 2376 san-

2159 2412 2274 2468 clo,
2320 2412 2472 2456 natus
2507 2419 2572 2457 ea:
2609 2403 2785 2458 Maria
2806 2406 3001 2475 virgine
3036 2422 3054 2459 :
3091 2422 3195 2461 non
3226 2421 3353 2476 ergo
3385 2424 3451 2463 ex
3486 2410 3626 2464 virili
3650 2425 3741 2467 se-

2160 2491 2324 2556 mine,
2350 2493 2444 2546 sed
2465 2490 2701 2562 Spiritus
2722 2494 2893 2548 sancti
2918 2510 3102 2564 opere,
3123 2510 3253 2550 eam
3278 2496 3477 2552 Christi
3505 2499 3558 2553 in
3579 2508 3736 2556 utero

2162 2582 2396 2654 Virginis
2416 2582 2644 2638 formata
2669 2592 2782 2651 est;
2805 2593 2859 2640 et
2888 2586 3008 2642 ideo
3034 2602 3154 2656 qua:
3180 2589 3502 2645 salvatorem
3529 2594 3734 2661 genuit,

2158 2683 2215 2729 et
2240 2674 2389 2744 virgo
2414 2672 2516 2729 fuit
2545 2674 2599 2728 in
2634 2682 2821 2744 partu,
2850 2685 2906 2731 et
2932 2676 3081 2747 virgo
3121 2679 3417 2747 permansit
3452 2691 3574 2749 post
3606 2696 3737 2751 par-

2162 2771 2293 2819 tum.
2331 2764 2533 2820 Passus
2569 2766 2667 2820 sub
2699 2764 2891 2821 Pontio
2931 2765 3109 2822 Pilato
3146 2783 3166 2821 :
3207 2771 3310 2825 iste
3343 2771 3547 2828 Pilatus
3568 2773 3735 2844 judex

2159 2855 2353 2910 eratin
2374 2856 2465 2912 illo
2491 2864 2751 2927 tempore,
2779 2857 2848 2913 ab
2882 2858 3209 2929 imperatore
3227 2861 3432 2931 positus
3451 2862 3502 2916 in
3525 2862 3732 2927 Judaca,

2159 2946 2259 3001 sub
2288 2962 2395 3017 quo
2424 2947 2682 3004 Dominus
2716 2964 2909 3019 passus
2948 2956 3060 3015 est,
3092 2951 3247 3021 cujus
3282 2953 3483 3007 mentio
3522 2961 3735 3009 tantum

2159 3034 2248 3090 hic
2268 3036 2337 3091 ad
2365 3037 2624 3107 temporis
2654 3038 3098 3109 significationem
3126 3040 3376 3110 pertinet.
3410 3041 3733 3111 Cruci/imus,

2160 3135 2394 3182 mortuus
2418 3138 2467 3182 et
2491 3128 2723 3198 sepultus
2753 3142 2772 3179 :
2799 3144 3014 3184 crucem
3044 3129 3190 3184 illam
3217 3130 3269 3185 in
3301 3147 3408 3202 qua
3443 3132 3531 3187 ille
3555 3135 3737 3191 cruci-

2080 3201 2126 3265 C
2157 3216 2295 3271 fixus
2321 3225 2404 3273 est
2430 3233 2676 3288 carpam,
2711 3234 2809 3274 nos
2830 3234 2929 3288 per
2952 3201 3354 3277 similitudinem
3380 3232 3655 3294 gestamus
3675 3225 3732 3279 in

2156 3305 2361 3373 fronte,
2389 3316 2447 3364 et
2468 3322 2564 3378 per
2585 3310 2725 3365 hanc
2747 3309 3086 3366 defendimur
3114 3312 3183 3367 ab
3215 3313 3399 3379 hoste,
3429 3323 3485 3369 et
3508 3315 3649 3370 sicut
3678 3316 3735 3371 in

2155 3396 2382 3452 veritate
2417 3406 2577 3453 natus
2604 3406 2687 3454 est
2721 3397 2996 3465 Christus,
3037 3401 3111 3456 ita
3147 3408 3202 3456 et
3223 3402 3277 3456 in
3318 3404 3545 3459 veritate
3587 3421 3737 3460 mor-

2156 3493 2280 3541 tuus
2308 3495 2365 3541 et
2384 3487 2628 3557 sepultus
2654 3497 2758 3543 est.
2793 3488 2967 3543 Tertia
2993 3490 3078 3545 die
3103 3494 3383 3547 resurrexit
3409 3510 3442 3547 a
3467 3497 3688 3551 mortuis
3711 3509 3735 3550 :

2155 3578 2419 3633 triduana:
2455 3580 2744 3649 sepultura:
2786 3595 2937 3636 mora
2984 3582 3261 3638 evidenter
3305 3585 3541 3640 ostendit
3586 3589 3734 3656 quod

2155 3670 2280 3724 dum
2310 3686 2507 3741 corpus
2539 3672 2594 3726 in
2634 3671 2882 3742 sepulcro
2907 3671 3105 3741 jacuit,
3146 3675 3327 3730 anima
3364 3675 3453 3730 illa
3491 3676 3558 3731 de
3594 3674 3735 3733 infe-

2155 3763 2229 3818 ris
2260 3763 2629 3833 triumphavit.
2672 3764 2918 3819 Ascendit
2947 3765 3017 3819 ad
3045 3765 3199 3821 cados
3243 3782 3263 3822 :
3303 3767 3424 3823 ideo
3458 3767 3733 3825 conditio-

2154 3866 2276 3907 nem
2304 3860 2513 3908 naturze
2548 3860 2747 3909 nostra:
2766 3894 2780 3919 ,
2807 3869 2968 3923 quam
2999 3855 3067 3909 de
3110 3856 3327 3911 homine
3366 3865 3539 3911 matre
3571 3866 3735 3915 natus

2154 3944 2464 4014 assumpsit,
2492 3958 2653 4015 super
2672 3944 2838 4000 caelos
2859 3946 2912 4000 in
2941 3946 3162 4002 dextera
3186 3946 3301 4013 Dei,
3322 3947 3425 4003 hoc
3447 3956 3533 4003 est
3556 3948 3611 4003 in
3634 3949 3736 4005 ho-

2156 4054 2285 4095 nore
2310 4038 2405 4094 Dei
2433 4038 2636 4104 Patris,
2663 4038 2982 4105 collocavit,
3006 4050 3067 4095 ut
3100 4057 3201 4111 pro
3227 4042 3381 4097 nobis
3406 4044 3733 4113 propitiator

2153 4132 2427 4185 existeret.
2465 4130 2600 4185 Inde
2638 4141 2882 4186 venturus
2909 4132 3152 4202 judicare
3184 4135 3322 4188 rivos
3364 4143 3411 4189 et
3446 4146 3680 4191 mortuos
3711 4156 3731 4191 :

2136 4221 2207 4275 ‘in
2236 4222 2351 4291 ipso
2375 4236 2601 4291 corpore
2626 4231 2884 4277 venturus
2923 4231 3007 4279 est
3035 4225 3101 4279 ad
3124 4225 3381 4295 judicium
3422 4226 3475 4281 in
3501 4244 3608 4298 quo
3637 4243 3729 4284 as-

2154 4311 2335 4366 cendit
2373 4311 2427 4365 in
2463 4310 2688 4375 cmlum;
2725 4311 3060 4367 Christianos
3083 4314 3344 4381 judicabit
3378 4325 3433 4371 et
3466 4331 3728 4387 paganos,

488 4413 585 4454 vos
610 4398 880 4454 debitores
902 4412 1042 4453 esse.
1072 4397 1168 4453 Est
1194 4406 1371 4452 autem
1396 4397 1693 4467 symbolum
1726 4396 1858 4462 tale,
1890 4399 2054 4467 quod,
2148 4400 2324 4470 justos
2351 4408 2408 4455 et
2440 4408 2773 4470 peccatores,
2801 4401 2985 4458 fideles
3006 4412 3061 4457 et
3086 4403 3296 4473 impios.
3330 4404 3496 4460 Credo
3521 4408 3575 4462 in
3599 4407 3722 4478 Spi-

488 4491 556 4546 ab
577 4491 830 4559 apostolis
850 4491 1281 4547 commendatum
1296 4530 1313 4556 ,
1337 4498 1522 4545 sancta
1545 4490 1770 4545 firmiter
1790 4497 1935 4545 tenet
1960 4489 2057 4545 Ec-

486 4579 651 4635 clesia
681 4598 693 4634 :
722 4579 889 4634 Credo
914 4582 969 4635 in
990 4580 1155 4636 Deum
1183 4580 1395 4635 Patrem
1418 4581 1830 4649 omnipotentem,
1855 4589 2055 4634 creato-

488 4686 600 4727 rem
627 4670 740 4726 cazli
768 4681 816 4725 et
845 4681 1026 4736 terrm;
1056 4681 1103 4726 et
1137 4674 1193 4726 in
1214 4673 1396 4728 Iesum
1421 4671 1684 4727 Christum
1714 4669 1910 4725 Filium
1938 4671 2053 4740 ejus

488 4762 720 4828 unicum,
742 4762 1023 4817 Dominum
1049 4772 1284 4816 nostrum
1304 4781 1323 4817 :
1343 4764 1432 4833 qui
1456 4771 1730 4831 conceptus
1747 4772 1820 4816 est
1845 4761 1909 4815 de
1932 4761 2054 4831 Spi-

490 4855 596 4909 ritu
620 4865 822 4919 sancto,
846 4863 998 4907 natus
1018 4869 1081 4907 ea:
1103 4851 1278 4907 Maria
1296 4853 1511 4922 uirgine,
1534 4868 1718 4922 passus
1743 4851 1836 4905 sub
1860 4850 2051 4905 Pontio

491 4945 696 5009 Pilato,
725 4944 1027 5012 cruciﬁxus,
1056 4952 1291 4997 mortuus
1318 4952 1365 4997 et
1394 4943 1666 5013 sepultus:
1692 4942 1953 4997 descendit
1980 4941 2050 4994 ad

487 5036 734 5105 inferna;
763 5036 917 5090 tertia
947 5035 1032 5089 die
1062 5033 1343 5089 resurrexit
1368 5050 1401 5088 a
1430 5034 1650 5088 mortuis
1671 5073 1684 5098 ,
1714 5032 1946 5087 ascendit
1983 5032 2053 5085 ad

488 5127 671 5195 caios,
701 5127 842 5181 sedet
880 5127 948 5180 ad
982 5126 1248 5201 dexteram
1283 5123 1381 5178 Dei
1424 5121 1602 5179 Patris
1639 5122 2002 5191 omnipotentis
2032 5135 2050 5174 :

487 5222 612 5277 inde
636 5231 879 5277 venturus
900 5220 1141 5290 judicare
1165 5218 1304 5272 vivos
1324 5226 1373 5270 et
1395 5225 1645 5270 mortuos.
1668 5212 1836 5269 Credo
1857 5214 1911 5266 in
1933 5210 2054 5281 Spi-

489 5311 650 5366 ritum
670 5320 907 5366 sanctum
924 5350 939 5374 ,
963 5319 1199 5364 sanctam
1232 5304 1520 5360 Ecclesium
1548 5304 1857 5360 catholicam
1874 5342 1889 5368 ,
1924 5319 2051 5356 san-

485 5412 689 5458 ctorum
718 5400 1160 5464 communionem,
1184 5396 1535 5453 remissionem
1557 5404 1908 5465 peccatorum,
1936 5408 2054 5446 car—

486 5496 574 5550 nis
591 5492 1031 5555 resurrectionem,
1051 5490 1205 5545 vitam
1227 5498 1494 5544 internum.
1510 5487 1693 5541 Amen.
1713 5484 2054 5557 Repetendus

487 5593 574 5639 cst
593 5584 764 5650 vobis,
787 5583 1140 5648 dilectissimi,
1169 5594 1349 5637 sermo
1374 5579 1600 5650 symboli
1622 5578 1800 5647 hujus,
1824 5577 2056 5647 qualiter

491 5688 553 5726 ea
581 5690 701 5743 qua:
736 5675 963 5729 dicimus
996 5673 1192 5728 vestris
1225 5670 1473 5726 sensibus
1505 5668 1695 5724 melius
1730 5669 2050 5723 inseramus.

497 5763 660 5817 (.‘redo
684 5764 737 5818 in
767 5765 929 5819 Deum
963 5762 1170 5820 Patrem
1193 5764 1611 5834 omnipotentem,
1638 5770 1917 5814 creatorem
1943 5757 2054 5811 caeli

2156 4493 2316 4546 ritum
2335 4501 2576 4547 sanctum
2605 4505 2623 4544 :
2648 4493 2910 4549 advertite
2937 4495 3080 4564 quod
3119 4497 3260 4551 sicut
3292 4498 3344 4552 in
3379 4498 3590 4555 Patrem
3609 4542 3624 4565 ,
3652 4503 3729 4557 ita

2156 4588 2213 4636 ct
2241 4582 2294 4636 in
2320 4580 2532 4647 Filium,
2556 4590 2613 4636 et
2639 4582 2693 4636 in
2719 4581 2978 4651 Spiritum
3003 4595 3246 4640 sanctum
3273 4588 3343 4642 sit
3366 4590 3727 4654 credendum;

2156 4685 2281 4725 nam
2305 4671 2396 4740 qui
2427 4670 2511 4725 vel
2537 4686 2698 4726 unam
2726 4671 2793 4726 de
2819 4671 3085 4729 Trinitate
3106 4691 3388 4744 personam
3417 4693 3524 4733 non
3556 4684 3732 4737 credi-

2155 4759 2314 4826 derit,
2339 4760 2393 4814 in
2413 4758 2618 4815 duabus
2638 4760 2713 4814 illi
2731 4761 3026 4818 credidisse
3053 4778 3156 4819 non
3182 4766 3439 4834 proderit.
3470 4766 3727 4826 Sanctam

2155 4848 2445 4905 Ecclesium
2471 4852 2782 4906 catholicam
2808 4866 2827 4904 :
2854 4854 3129 4910 sciendum
3154 4864 3237 4911 est
3262 4859 3403 4926 quod
3431 4858 3728 4923 Ecclesium

2155 4938 2396 5005 credere,
2425 4956 2530 4994 non
2563 4948 2740 4997 tamen
2762 4941 2816 4995 in
2844 4942 3134 4997 Ecclesiam
3163 4946 3383 5000 credere
3410 4949 3727 5016 debeamus,

2158 5032 2285 5103 quia
2308 5033 2546 5088 Ecclesia
2570 5049 2676 5088 non
2700 5034 2842 5089 Deus
2862 5073 2875 5097 ,
2900 5034 2995 5089 sed
3021 5035 3210 5089 domus
3245 5035 3339 5091 Dei
3364 5047 3465 5093 est.
3491 5039 3730 5097 Catholi-

2158 5139 2273 5177 cam
2299 5125 2458 5188 dicit,
2495 5125 2546 5178 id
2571 5132 2685 5189 est,
2716 5132 2829 5178 toto
2855 5123 2985 5180 orbe
3012 5124 3257 5180 diffusam
3291 5145 3303 5180 :
3335 5130 3462 5197 quia
3486 5133 3729 5190 diverso-

2157 5231 2276 5271 rum
2323 5216 2694 5270 hmreticorum
2731 5215 2987 5273 Ecclesiae
3025 5215 3144 5270 ideo
3182 5218 3459 5275 catholica:
3500 5237 3608 5276 non
3646 5226 3729 5279 di-

2157 5315 2382 5370 cuntur,
2426 5306 2552 5374 quia
2602 5319 2699 5375 per
2739 5303 2857 5358 loca
2903 5314 3065 5373 atque
3112 5320 3208 5373 per
3243 5322 3368 5364 suas
3416 5312 3727 5382 provincias

2156 5397 2499 5454 continentur
2530 5413 2546 5451 :
2576 5397 2692 5453 hare
2721 5410 2848 5452 vero
2877 5411 2908 5449 a
2944 5395 3072 5451 solis
3108 5408 3229 5453 ortu
3267 5415 3436 5471 usque
3470 5405 3537 5457 ad
3563 5418 3728 5461 occa-

2154 5504 2273 5545 sum
2319 5490 2480 5544 unius
2521 5488 2645 5543 tidei
2686 5487 2969 5557 splendore
3019 5486 3351 5545 dill‘unditur.
3406 5491 3724 5549 Sanctorum

2154 5579 2585 5642 communionem,
2612 5578 2663 5632 id
2694 5585 2797 5641 est,
2836 5576 3049 5632 illorum
3074 5577 3167 5646 qui
3198 5578 3252 5633 in
3282 5581 3385 5635 hac
3406 5579 3508 5635 ﬁde
3532 5581 3723 5637 defun-

2154 5668 2227 5722 cti
2252 5677 2396 5731 sunt,
2427 5668 2734 5724 societatem
2761 5667 2815 5721 in
2840 5665 2993 5722 oculis
3024 5680 3321 5734 speramus.
3348 5667 3725 5725 Retnissionem

2152 5771 2503 5831 peccatorum,
2531 5775 2648 5829 qum
2674 5758 2828 5813 nobis
2854 5765 3137 5827 prmstatur
3157 5772 3376 5812 munere
3399 5758 3722 5830 Redemptu-
