4040 6188
383 325 452 381 29

1301 322 1608 381 HOMILIAE
1642 325 1730 385 DE
1769 327 2015 387 FESTIS
2056 329 2460 405 PRAECIPUIS,
2502 336 2656 394 ETC.

3575 352 3650 406 50

384 441 457 494 ris
478 437 710 509 pleniter
747 437 805 492 in
837 437 1106 531 baptismo
1139 453 1240 509 per
1274 438 1434 531 ﬁdem
1452 481 1468 505 ,
1503 452 1561 498 et
1596 458 1660 498 ea
1688 460 1809 514 qum
1842 454 1965 516 post
1990 448 2041 508 Α
2066 454 2152 502 est
2181 447 2235 501 in
2263 447 2594 505 Hierusalem
2620 451 2920 520 caelestem,
2951 457 3222 526 possimus
3246 460 3465 518 intrare.
3491 463 3645 531 Quod

385 531 704 601 baptismum
728 530 1125 586 committimus
1148 545 1248 600 per
1271 530 1668 589 confessionem
1694 545 1750 591 et
1779 551 1964 592 veram

383 627 755 696 pmnitentiam
794 643 858 684 ac
894 627 1034 683 bona
1073 644 1234 698 opera
1278 644 1558 699 speramus
1586 629 1802 684 dimitti.
1834 629 1967 684 Car-

383 721 463 773 nis
498 721 934 775 resurrectionem
973 737 992 775 :
1024 736 1242 775 carnem
1283 721 1535 776 videlicet
1562 736 1725 790 quam
1771 722 1823 776 in
1863 722 1965 777 hac

382 813 492 866 vita
513 813 615 866 sub
638 812 855 865 mortali
882 812 1186 867 conditione
1208 820 1507 880 portamus,
1534 820 1963 866 resurrecturam

383 915 500 955 esse
522 901 885 956 immortalem
914 916 978 956 ac
1004 905 1268 957 rationem
1293 903 1623 958 reddituram
1645 918 1744 973 pro
1770 903 1964 958 animm

384 992 657 1047 consortio
700 991 1007 1047 credamus.
1060 991 1229 1045 Vitam
1261 1002 1528 1046 wternam.
1565 993 1749 1046 Amen.
1780 991 1963 1046 Vitam

384 1096 594 1152 quoque
622 1090 884 1136 aeternam
922 1081 1127 1136 debetis
1160 1083 1383 1137 credere
1415 1083 1469 1136 in
1508 1083 1694 1147 cmlis,
1742 1083 1958 1149 fratres,

383 1172 670 1238 veraciter,
701 1173 845 1242 quod
875 1172 1141 1243 signiﬁcat
1163 1173 1348 1237 Amen,
1381 1188 1477 1227 vos
1501 1174 1778 1243 percipere
1804 1188 1961 1242 posse

384 1276 500 1316 eum
527 1261 747 1317 Christo
776 1271 829 1317 et
858 1262 1059 1317 sanctis
1081 1261 1197 1331 ejus
1215 1302 1229 1324 ,
1258 1263 1303 1316 si
1332 1263 1473 1316 hanc
1502 1278 1661 1332 quam
1688 1263 1842 1317 vobis
1869 1278 1963 1316 ex-

382 1353 659 1422 posuimus
699 1352 860 1407 ﬁdem
896 1352 1129 1407 ﬁdeliter
1171 1352 1403 1407 teneatis
1444 1368 1509 1407 ac
1555 1353 1710 1407 bonis
1750 1354 1960 1408 actibus

380 1444 715 1498 eonservetis
744 1461 756 1496 :
782 1458 952 1512 quam
980 1443 1206 1498 obsecro
1241 1454 1300 1496 ut
1329 1442 1606 1497 memoriae
1644 1444 1778 1497 bene
1812 1458 1960 1497 com-

380 1534 643 1590 mendetis
663 1551 728 1589 ac
753 1537 915 1606 digna
938 1537 1347 1591 conversatione
1370 1536 1600 1605 probare
1620 1543 1675 1588 et
1693 1551 1863 1605 usque
1889 1536 1956 1590 ad

378 1625 534 1680 ﬁnem
562 1625 688 1679 vitae
716 1625 876 1680 istius
896 1626 1190 1694 perducere
1214 1627 1552 1680 contendatis
1568 1666 1582 1690 ,
1607 1633 1661 1679 ut
1684 1639 1784 1695 per
1816 1627 1957 1681 hanc

376 1726 570 1772 acterna
593 1717 819 1788 praemia
841 1717 1099 1787 consequi
1121 1716 1592 1774 Christo-donante
1614 1717 1949 1793 mereamini.

375 1809 563 1865 Amen.
1130 1807 1402 1841 "9”"
1505 1798 1755 1852 oni;

930 1900 1211 1958 HOMILIA
1250 1900 1388 1956 XIV.
1448 1890 1458 1901 ’
1574 1900 1591 1910 “
1621 1902 1636 1910 ’
1665 1890 1699 1905 “’

817 2008 881 2047 ια
948 1996 1058 2047 n‘re
1087 2008 1096 2019 '
1123 2008 1509 2049 pineta-un.

884 2070 1108 2155 (διέρρεοέ
1140 2072 1442 2146 καθάπερ,
1490 2100 1509 2127 ε

444 2171 726 2229 Hodierna:
742 2174 1076 2229 celebritatis
1095 2175 1402 2230 observatio
1421 2174 1550 2244 quid
1569 2173 1724 2230 nobis
1743 2174 1948 2237 innuat,

375 2280 477 2319 non
514 2264 871 2336 incongruum
907 2266 1148 2329 videtur,
1192 2265 1389 2320 fratres
1433 2266 1768 2331 charissimi,
1815 2267 1955 2321 inter

376 2357 484 2411 habe
530 2371 689 2411 sacra
722 2357 1005 2412 missarum
1040 2358 1297 2413 solemnia
1334 2358 1489 2413 vobis
1528 2357 1766 2413 breviter
1788 2372 1955 2428 expo-

373 2449 663 2516 nere,quia
684 2446 847 2516 aliqui
870 2455 1109 2502 vestrum
1130 2447 1290 2519 hujus
1309 2447 1430 2502 festi
1454 2447 1715 2501 rationem
1740 2448 1948 2501 sciunt:

376 2538 537 2608 aliqui
562 2552 695 2592 vero
717 2539 861 2608 quod
897 2539 1002 2592 ritu
1032 2538 1207 2594 cultus
1243 2553 1366 2594 cum
1403 2537 1615 2592 caeteris
1652 2536 1783 2591 foris
1811 2537 1954 2608 geri-

378 2636 481 2691 tnr,
520 2627 798 2682 intellectu
838 2629 1019 2683 cordis
1053 2627 1273 2683 minime
1304 2628 1460 2694 intus
1496 2634 1713 2682 norunt.
1759 2626 1955 2682 Narrat

377 2720 588 2789 quidem
631 2728 880 2775 sanetum
925 2719 1271 2790 Evangelium
1315 2718 1459 2789 quod
1497 2718 1824 2788 Redemptor
1858 2733 1955 2773 no-

377 2822 519 2876 ster,
560 2811 1028 2882 appropinquante
1069 2819 1310 2880 tempore
1353 2826 1462 2865 sum
1491 2810 1787 2880 passionis,
1829 2817 1955 2864 ante

376 2918 468 2957 sex
495 2904 614 2959 dies
645 2903 1072 2974 Hierosolymam
1101 2919 1351 2974 pergens,
1380 2919 1478 2973 per
1506 2902 1802 2974 discipulos
1828 2919 1954 2959 suos

379 2992 594 3047 asellum
628 2992 730 3048 sibi
767 2993 961 3048 adduci
992 2991 1245 3062 jusserit,
1285 2992 1375 3062 qui
1415 3006 1537 3045 cum
1576 2992 1836 3046 adductus
1870 3006 1957 3046 es-

376 3093 479 3150 set,
508 3084 735 3154 apostoli
765 3097 928 3154 super
947 3097 1069 3137 eum
1096 3083 1418 3138 vestimenta
1445 3097 1544 3138 sua
1574 3081 1951 3151 imposuerint,

376 3183 431 3231 et
466 3175 662 3249 Iesum;
696 3176 928 3246 desuper
973 3174 1159 3230 sedere
1201 3173 1425 3229 fecerint
1465 3190 1479 3226 :
1511 3172 1740 3243 plurima
1775 3179 1952 3225 autem

378 3268 527 3323 turba
557 3267 815 3322 straverit
856 3268 1175 3321 vestimenta
1214 3280 1309 3320 sua
1347 3264 1403 3318 in
1431 3264 1547 3329 via;
1577 3263 1666 3317 alii
1706 3277 1836 3318 vero
1868 3277 1956 3317 ra.

379 3375 493 3415 mos
530 3360 598 3415 de
641 3358 928 3415 arboribus
962 3359 1261 3424 caedentes,
1290 3356 1541 3412 similiter
1570 3356 1710 3411 viam
1741 3364 1952 3410 sterne-

376 3461 516 3515 rent,
539 3457 810 3521 quatenus
838 3450 1023 3505 asinus
1052 3449 1141 3504 ille
1175 3449 1291 3505 sine
1312 3445 1634 3502 offendicula
1658 3446 1949 3500 incederet.

375 3539 451 3595 illi
479 3550 660 3595 autem
692 3541 784 3610 qui
813 3541 1107 3610 praeibam,
1137 3546 1192 3593 et
1215 3537 1307 3609 qui
1338 3537 1730 3605 sequebantur,
1754 3533 1953 3589 clama-

376 3645 567 3691 verunt
590 3636 835 3691 dicentes
866 3654 880 3689 :
910 3633 1163 3689 Hosanna
1184 3633 1294 3702 ﬁlio
1320 3632 1489 3687 David
1505 3673 1520 3697 ,
1549 3631 1843 3686 benedictus
1862 3631 1953 3702 qui

377 3728 506 3782 venit
536 3728 590 3780 in
622 3727 830 3780 nomine
856 3725 1066 3780 Domini
1091 3741 1185 3779 rex
1212 3722 1400 3789 Israel,
1426 3722 1681 3779 Hosanna
1706 3725 1762 3777 in
1787 3724 1954 3779 excel-

374 3820 465 3872 sis.
492 3817 558 3871 Et
594 3817 737 3887 quod
765 3831 888 3872 cum
916 3815 1007 3870 tali
1042 3815 1314 3883 triumpho
1343 3813 1600 3869 Dominus
1630 3812 1785 3869 Jesus
1820 3813 1949 3869 Hie-

377 3909 696 3980 rosolymam
741 3908 1018 3980 ingressus
1058 3908 1127 3962 sit
1171 3924 1185 3960 :
1239 3908 1352 3961 haec
1398 3907 1613 3976 quidem
1657 3907 1951 3962 secundum

377 4000 654 4053 historiam
679 3998 752 4052 ita
778 3997 1228 4063 facta,’hodierno
1248 4006 1534 4062 conventu,
1557 3997 1609 4051 in
1635 3998 1949 4051 memoriam

377 4088 748 4157 Redemptoris
776 4087 947 4143 nostri
976 4087 1394 4151 celebravimus,
1425 4094 1782 4156 opportunum
1806 4086 1950 4141 aesti-

375 4191 581 4238 mantes
605 4182 734 4252 quid
762 4182 879 4236 haec
904 4180 1175 4250 spiraliter
1208 4179 1510 4251 signiﬁcent
1546 4178 1699 4234 vobis
1737 4179 1950 4235 intima-

376 4290 452 4329 re.
490 4274 687 4329 Asinus
721 4274 919 4343 quippe
962 4272 1049 4328 hic
1084 4288 1246 4343 super
1281 4288 1440 4343 quem
1484 4274 1746 4329 Dominus
1787 4275 1946 4342 sedit,

374 4366 623 4435 gentilem
652 4364 908 4434 populum
939 4363 1203 4435 signiﬁcat
1230 4365 1371 4420 unde
1397 4380 1496 4420 nos
1524 4381 1711 4421 sumus
1744 4384 1756 4421 :
1786 4383 1946 4438 quem

376 4457 595 4526 apostoli
621 4472 720 4527 per
743 4457 1177 4527 praedicationem
1197 4456 1492 4527 Evangelii,
1518 4458 1585 4512 ab
1607 4457 1809 4512 inimici
1834 4459 1947 4512 vin-

376 4549 531 4613 culis,
566 4548 619 4603 id
648 4556 732 4604 est
759 4547 980 4614 diaboli,
1005 4546 1359 4612 absolventes,
1382 4549 1448 4602 ad
1474 4548 1745 4603 Christum
1775 4549 1946 4603 addu-

376 4650 605 4707 xerunt;
654 4639 1099 4710 imponentesque
1139 4654 1301 4708 super
1327 4654 1448 4694 eum
1476 4640 1792 4694 vestimenta
1825 4655 1946 4707 sua,

377 4731 431 4787 id
458 4740 567 4799 est,
604 4731 890 4803 praeceptis
915 4730 1208 4785 Dominicis
1246 4739 1301 4786 et
1334 4731 1505 4801 gratia
1537 4730 1767 4800 spiritali
1802 4731 1950 4786 nudi-

376 4830 539 4877 tatem
567 4831 913 4893 peccatorum
948 4821 1062 4890 ejus
1091 4822 1365 4886 velantes,
1407 4821 1689 4875 Dominum
1721 4822 1952 4891 desuper

374 4914 578 4979 sedere,
596 4915 650 4970 id
669 4925 775 4981 est,
790 4914 1034 4970 habitare
1049 4922 1102 4969 et
1125 4915 1407 4986 imperare,
1422 4912 1686 4968 fecerunt.
1712 4914 1949 4970 Plurima

373 5018 551 5064 autem
567 5009 745 5074 turba,
759 5025 878 5079 quae
890 5010 1203 5064 vestimenta
1218 5023 1314 5063 sua
1330 5008 1604 5063 sternebat
1618 5008 1669 5061 in
1682 5007 1792 5073 via,
1810 5024 1952 5063 mar-

376 5110 523 5170 tyres
562 5100 867 5171 signiﬁcat,
903 5099 995 5169 qui
1024 5113 1246 5169 corpora
1289 5113 1385 5153 sua
1418 5112 1517 5167 pro
1542 5096 1759 5152 Christo
1786 5099 1950 5153 morti

375 5191 746 5255 tradiderunt,
788 5191 1051 5260 nobisque
1077 5189 1380 5260 exemplum
1412 5188 1703 5254 dederunt,
1742 5189 1833 5258 qui
1859 5190 1950 5260 ju-

376 5291 556 5337 menta
587 5282 798 5337 Domini
827 5296 1043 5348 sumus,
1072 5290 1130 5336 ut
1151 5296 1250 5352 pro
1277 5281 1477 5336 Christi
1504 5281 1608 5336 ﬁde
1630 5288 1823 5336 cuncta
1852 5283 1950 5338 ad-

376 5388 529 5429 versa
566 5374 838 5443 patienter
874 5371 1180 5427 toleremus.
1225 5370 1306 5426 llli
1343 5380 1525 5427 autem
1551 5372 1641 5442 qui
1680 5386 1861 5427 ramos
1889 5373 1954 5429 de

376 5464 663 5519 arboribus
686 5462 1001 5527 fructiferis,
1029 5463 1079 5517 id
1102 5469 1204 5526 est,
1227 5462 1504 5532 prophetis
1532 5462 1840 5517 testimonia
1869 5478 1956 5518 sa-

378 5570 471 5610 cra
499 5563 773 5610 sumentes
791 5595 807 5622 ,
838 5554 991 5609 nobis
1020 5552 1260 5625 quotidie
1291 5553 1433 5608 viam
1471 5561 1746 5621 sternunt,
1772 5553 1826 5608 id
1852 5561 1952 5620 est,

378 5646 521 5700 viam
548 5655 785 5700 nostram
812 5646 1062 5701 ordinant
1089 5653 1357 5715 quatenus
1396 5645 1512 5699 sine
1535 5644 1736 5699 oﬁ‘ensa
1767 5659 1956 5715 pecca-

381 5745 582 5805 torum,
609 5737 711 5793 sub
737 5751 947 5793 sessore
967 5735 1212 5803 Domino,
1243 5736 1295 5790 in
1317 5744 1557 5792 sanctam
1584 5736 1880 5804 civitatem,
1903 5737 1954 5791 id

2064 545 2244 591 autem
2270 537 2346 591 illi
2384 541 2474 608 qui
2507 541 2798 609 praeibam,
2828 552 2881 598 et
2907 546 2997 614 qui
3026 550 3408 619 sequebantur,
3438 552 3641 608 clama-

2063 623 2195 680 bant
2232 639 2248 678 :
2289 624 2544 681 "osanna
2572 629 2684 697 ﬁlio
2720 630 2923 699 David,
2960 635 3229 706 signiﬁcat
3268 640 3388 697 illos
3424 652 3643 698 sanctos

2063 715 2157 786 qui
2180 725 2307 771 ante
2335 719 2623 774 adventum
2652 722 2862 778 Domini
2889 726 2943 779 in
2970 743 3133 784 carne
3154 744 3564 800 praecesserunt,
3589 741 3646 792 et

2063 820 2156 861 eos
2184 808 2275 877 qui
2312 818 2435 879 post
2471 814 2840 869 ascensionem
2882 818 2998 887 ejus
3022 822 3295 877 subsecuti
3330 835 3481 889 sunt,
3517 843 3646 881 con-

2063 896 2299 950 corditer
2338 898 2525 954 laudes
2562 900 2679 969 ejus
2714 919 2999 961 resonasse
3035 918 3088 963 et
3123 910 3457 979 majestatem
3497 915 3642 972 illius

2061 987 2383 1054 praedicasse
2420 991 2684 1046 veraciter
2729 1012 2741 1047 :
2782 996 2907 1064 quia
2944 1000 3085 1066 quod
3124 1004 3399 1071 propheta:
3440 1014 3495 1059 et
3539 1021 3636 1074 pa.

2062 1076 2315 1133 triarchm
2347 1079 2413 1134 de
2439 1096 2504 1135 eo
2532 1083 2901 1150 praedixerunt
2923 1086 3181 1152 futurum,
3207 1091 3309 1146 hoc
3339 1096 3564 1163 apostoli
3585 1103 3643 1151 et

2061 1167 2402 1237 evangelista:
2430 1171 2723 1227 narrabant
2742 1172 2855 1240 jam
2882 1191 2999 1232 esse
3018 1181 3362 1249 completum.
3389 1184 3514 1239 llaec
3541 1186 3641 1256 igi-

2061 1263 2149 1310 tur
2172 1259 2608 1328 considerautes,
2645 1262 2845 1321 fratres
2877 1268 3180 1326 charissimi
3199 1313 3212 1336 ,
3243 1277 3640 1343 perpendamus

2060 1347 2485 1404 misericordiam
2515 1354 2811 1410 conditoris
2834 1358 3030 1423 nostri,
3059 1360 3149 1429 qui
3180 1362 3328 1430 prius
3350 1380 3446 1421 nos
3469 1366 3640 1422 bonos

2057 1444 2113 1490 et
2150 1436 2481 1496 immortales
2515 1445 2745 1510 creavit,
2790 1455 2845 1501 et
2876 1456 2996 1515 post
3031 1452 3525 1518 praevaricationem
3572 1471 3639 1511 ac

2057 1527 2265 1598 lapsum
2293 1530 2511 1601 fragiles
2539 1549 2605 1590 ac
2643 1536 2898 1592 mortales
2923 1537 3126 1606 factos,
3161 1556 3191 1595 a
3217 1551 3485 1612 potestate
3518 1546 3635 1600 dia-

2056 1617 2165 1672 boli
2197 1626 2251 1672 et
2274 1629 2619 1689 peccatorum
2647 1625 2872 1681 vinculis
2898 1642 2995 1696 per
3022 1628 3362 1699 Unigenitum
3390 1648 3547 1689 suum
3575 1633 3640 1688 li-

2055 1708 2285 1767 beravit.
2321 1710 2676 1768 llumiliemus
2702 1731 2801 1771 nos
2827 1717 2927 1772 sub
2953 1726 3100 1774 tanto
3129 1734 3368 1785 sessore,
3402 1724 3525 1792 quia
3549 1724 3638 1795 ju«

1980 1788 2180 1869 Βεῖκυιιι
2210 1803 2326 1875 ejus
2359 1820 2523 1860 suave
2550 1815 2605 1867 et
2640 1822 2777 1863 onus
2802 1809 2970 1878 ipsius
2996 1810 3112 1865 leve
3147 1820 3257 1878 est;
3300 1788 3634 1881 Studeamus,

2031 1902 2316 1962 aquarium
2352 1912 2639 1965 possumus
2657 1938 2671 1963 ,
2698 1908 2760 1954 ut
2788 1916 2911 1955 eum
2938 1910 3216 1970 portantes
3235 1944 3252 1969 ,
3288 1913 3637 1973 peccatorum

2053 1984 2372 2041 offendicula
2415 2002 2721 2045 caveamus.
2764 1990 3036 2047 Habemus
3077 1993 3217 2048 viam
3259 2004 3634 2064 praeparatam,

2016 2076 2380 2153 ,παίειοωῦ
2423 2064 2701 2150 Scriptura
2741 2081 2998 2138 divinitus
3037 2083 3295 2154 inspirata
3334 2100 3398 2140 ac
3435 2087 3634 2141 dictata

2032 2167 2295 2223 "ddeetet-
2313 2170 2534 2224 instruit
2560 2185 2687 2235 nos,
2723 2171 2957 2239 qualiter
2987 2180 3136 2228 recto
3161 2190 3323 2230 cursu
3348 2190 3639 2246 pergamus

2054 2260 2120 2314 ad
2140 2260 2373 2329 patriam
2402 2270 2665 2328 nostram,
2694 2271 2749 2317 et
2767 2264 2910 2318 bono
2934 2265 3138 2330 studio,
3161 2280 3256 2334 per
3283 2265 3462 2332 ﬁdem,
3485 2280 3638 2336 spem

2052 2361 2110 2408 et
2132 2352 2476 2419 charitatem,
2497 2355 2776 2413 veniamus
2800 2357 2865 2411 ad
2889 2366 3197 2412 creatorem
3223 2368 3487 2415 nostrum.
3512 2358 3638 2423 .Jam

2053 2444 2394 2513 approximat
2421 2445 2536 2499 dies
2563 2455 2783 2502 sanctus
2820 2447 3040 2503 Pascha:
3072 2468 3085 2502 :
3118 2449 3233 2506 haec
3274 2450 3631 2518 hebdomada,

2052 2533 2269 2599 fratres,
2292 2551 2405 2605 prae
2429 2537 2639 2592 caeteris
2665 2538 2827 2593 totius
2846 2539 2972 2593 anni
2996 2541 3333 2610 septimanis,
3360 2543 3635 2612 mysteriis

2054 2630 2366 2685 cmlestibus
2391 2630 2550 2699 plena
2576 2638 2660 2685 est
2688 2649 2701 2684 :
2737 2632 2837 2686 hac
2872 2632 3204 2688 hebdomada
3238 2632 3487 2688 Salvator
3506 2649 3640 2703 quo-

2054 2721 2185 2777 tidie
2218 2735 2389 2790 usque
2429 2723 2496 2775 ad
2532 2729 2742 2792 tempus
2779 2722 3048 2792 passionis
3076 2737 3186 2777 suae
3224 2723 3277 2776 in
3310 2724 3507 2793 templo
3542 2724 3639 2780 do-

2054 2816 2193 2878 cuit;
2226 2814 2280 2868 in
2308 2814 2409 2868 hac
2434 2814 2653 2884 quippe,
2684 2814 2738 2868 id
2771 2823 2873 2879 est,
2906 2814 3094 2884 quinta
3126 2813 3261 2868 feria
3289 2812 3447 2882 hujus
3472 2815 3639 2884 septi-

2055 2920 2228 2960 mana:
2254 2945 2268 2970 ,
2309 2904 2362 2958 in
2392 2918 2546 2959 creua
2577 2904 2830 2974 mystica,
2874 2904 3119 2974 corporis
3149 2913 3202 2958 et
3242 2904 3517 2975 sanguinis
3553 2904 3638 2959 sui

2055 3003 2393 3053 sacramenta
2442 2997 2556 3050 suis
2601 2995 2879 3065 discipulis
2928 2996 3043 3065 ipse
3089 2996 3320 3065 primum
3376 2995 3633 3060 tradidit,

2056 3087 2269 3155 quando
2297 3072 2353 3141 et
2382 3100 2569 3139 eorum
2597 3085 2759 3154 pedes
2788 3084 2950 3150 lavit;
2982 3084 3036 3139 in
3072 3093 3223 3140 sexta
3252 3083 3386 3139 feria
3422 3098 3638 3155 quoque

2056 3178 2235 3233 crucis
2263 3193 2327 3232 ac
2348 3177 2618 3247 passionis
2643 3192 2754 3231 suae
2782 3177 3038 3247 mysteria
3063 3175 3384 3253 complevit;
3412 3177 3639 3233 sabbato

2053 3282 2184 3323 vero
2217 3268 2270 3322 in
2306 3267 2559 3338 sepulcro
2599 3266 2882 3336 requievit.
2923 3266 3240 3337 Quicunque
3277 3282 3407 3339 ergo
3439 3267 3496 3322 in
3534 3269 3639 3323 hac

2053 3357 2474 3429 Quadragesima
2498 3373 2669 3427 usque
2697 3359 2855 3413 modo
2880 3359 3017 3415 bene
3045 3358 3436 3424 laboravimus,
3463 3373 3637 3430 usque

2053 3449 2120 3504 ad
2151 3447 2310 3503 ﬁnem
2335 3448 2452 3516 ejus
2471 3449 2523 3502 in
2547 3448 2651 3503 hoc
2673 3462 3021 3518 perseverare
3040 3449 3371 3505 Studeamus.
3401 3448 3635 3518 Quicun.

2051 3552 2155 3607 que
2184 3552 2313 3609 ergo
2351 3540 2614 3595 hactenus
2651 3538 2905 3594 desidiosi
2926 3538 3173 3603 fuimus,
3205 3541 3394 3615 saltem
3432 3540 3486 3595 in
3517 3540 3637 3597 istis

2050 3638 2258 3701 septem
2297 3630 2487 3685 diebus
2523 3645 2646 3685 cum
2681 3628 2904 3700 jejuniis
2946 3638 3002 3683 et
3043 3630 3397 3700 eleemosynis
3434 3630 3633 3700 largis,

2050 3738 2173 3777 cum
2208 3722 2405 3790 vigiliis
2444 3729 2499 3776 et
2534 3721 2807 3784 oratione,
2844 3735 2966 3774 cum
2997 3718 3253 3789 laerymis
3282 3727 3338 3773 et
3376 3734 3634 3789 compun-

2050 3811 2228 3866 ctione
2251 3811 2450 3875 cordis,
2478 3808 2903 3864 misericordiam
2930 3808 3071 3878 apud
3097 3807 3509 3879 Redemptorem
3536 3825 3633 3865 no—

2049 3910 2223 3957 strum
2268 3900 2509 3955 invenire
2544 3906 2852 3970 satagamus
2892 3916 2905 3951 :
2946 3908 3008 3953 ut
3057 3899 3111 3952 in
3153 3906 3342 3954 sancto
3385 3898 3629 3965 Pascha,

2047 3993 2264 4063 quando
2306 3991 2373 4046 ad
2414 4006 2655 4046 mensam
2705 4005 2915 4046 sacram
2967 3991 3180 4051 Domini
3222 3998 3495 4047 accessuri
3537 4003 3633 4044 su-

2048 4098 2203 4147 mus,
2242 4081 2381 4138 oculi
2422 4080 2538 4149 ejus
2576 4082 2630 4136 in
2666 4080 2813 4135 nullo
2861 4089 3108 4137 nostrum
3145 4079 3517 4148 offendantur,
3563 4098 3633 4139 ne

2048 4174 2189 4230 forte
2216 4174 2265 4229 ei
2293 4174 2437 4229 dicat
2476 4190 2489 4226 :
2520 4172 2715 4235 Amice,
2748 4171 2816 4225 ad
2852 4171 2977 4242 quid
2998 4172 3179 4225 venisti
3203 4188 3222 4225 :
3246 4173 3504 4242 quomodo
3531 4172 3632 4227 huc

2046 4265 2256 4318 intrasti
2288 4280 2391 4317 non
2425 4262 2616 4317 habens
2647 4272 2830 4316 vestem
2859 4259 3182 4330 nuptialem?
3200 4260 3353 4329 cujus
3374 4262 3510 4316 iram
3534 4274 3635 4316 nos

2048 4352 2311 4415 devitarc,
2344 4360 2400 4406 et
2423 4352 2651 4422 gratiam
2680 4351 2797 4420 ejus
2821 4350 2992 4419 magis
3012 4348 3276 4413 invenire,
3300 4349 3415 4418 ipse
3438 4364 3633 4405 conce-

2050 4446 2161 4511 dat,
2191 4446 2282 4514 qui
2308 4460 2408 4499 nos
2438 4444 2687 4508 redemit,
2713 4442 2980 4504 Christus,
3007 4440 3257 4497 Salvator
3282 4450 3462 4497 noster
3492 4459 3506 4495 :
3535 4443 3630 4511 qui

2050 4553 2174 4593 cum
2212 4537 2373 4591 Patre
2412 4545 2467 4591 et
2507 4534 2707 4604 Spiritu
2751 4542 2939 4589 sancto
2975 4533 3109 4588 vivit
3143 4541 3197 4589 et
3231 4542 3421 4605 regnat
3456 4533 3627 4600 Deus,

2050 4642 2146 4698 per
2171 4627 2352 4682 omnia
2378 4625 2576 4682 szecula
2604 4623 2943 4680 saeculorum.
2972 4624 3166 4681 Amen.

2620 4735 2902 4793 HOMILIA
2935 4735 3051 4790 XV.

2517 4845 2582 4884 IN
2637 4845 2827 4884 C(ENA
2888 4844 3146 4884 DOIIINI.

2552 4919 2780 4992 (Evang.
2803 4920 2962 4974 Joan.
2988 4918 3131 4990 xm.)

2122 5009 2241 5065 Non
2278 5008 2799 5079 prmtermittendum
2837 5018 2952 5074 est,
2997 5008 3192 5063 fratres
3229 5008 3531 5065 charissimi
3565 5018 3637 5065 ac

2052 5101 2147 5156 Dei
2179 5099 2271 5155 ﬁlii
2297 5100 2576 5166 nominati,
2598 5101 2725 5170 quin
2758 5100 2989 5169 aliquam
3019 5098 3358 5154 allocutionis
3388 5098 3630 5154 admoni-

2053 5193 2253 5249 tionem
2283 5193 2350 5248 de
2376 5191 2479 5247 hoc
2505 5201 2691 5248 sancto
2720 5199 2774 5247 et
2795 5192 3032 5262 pretioso
3061 5192 3147 5247 die
3181 5192 3452 5247 hodierna:
3483 5191 3631 5249 festi-

2051 5282 2235 5338 vitatis
2256 5282 2407 5338 vobis
2429 5281 2711 5347 faciamus,
2734 5298 2895 5351 quam
2919 5291 3111 5338 cuncta
3134 5283 3228 5338 Dei
3249 5283 3506 5348 Ecclesia,
3531 5297 3632 5353 per

2053 5380 2227 5427 totum
2271 5372 2528 5427 mundum
2566 5371 2784 5437 diffusa,
2815 5372 3053 5427 celebrat
3088 5381 3143 5427 et
3178 5374 3410 5427 honorat
3446 5389 3460 5425 :
3498 5371 3626 5441 quia

2055 5463 2195 5519 sicut
2218 5477 2414 5532 corpus
2439 5460 2554 5517 sine
2583 5462 2896 5531 quotidiano
2921 5463 3062 5517 victu
3092 5478 3195 5517 non
3218 5469 3398 5530 potest
3422 5461 3629 5529 vivere,

2054 5554 2129 5608 ita
2155 5568 2256 5608 nec
2280 5553 2477 5616 anima,
2508 5568 2627 5622 quae
2647 5552 2799 5606 valde
2819 5552 3155 5622 pretiosioris
3175 5558 3256 5605 est
3282 5551 3627 5619 conditionis,

2053 5644 2173 5700 sine
2197 5644 2291 5698 Dei
2321 5645 2506 5699 verbo.
2536 5641 2671 5696 Nam
2701 5644 2843 5697 sicut
2867 5657 2994 5696 caro
3025 5641 3165 5695 redit
3196 5641 3262 5694 ad
3295 5648 3494 5695 terram
3515 5682 3530 5705 ,
3563 5642 3630 5697 de

2056 5752 2161 5807 qua
2186 5735 2410 5807 sumpsit
2443 5734 2727 5805 originem,
2760 5734 2830 5788 ita
2860 5733 3038 5787 anima
3065 5732 3133 5787 ad
3163 5732 3380 5802 cmlum,
3405 5734 3451 5790 si
3488 5749 3627 5790 sem-
