4040 6188
383 393 441 445 5³
1038 387 1100 440 Β.
1141 384 1392 443 RABANI
1430 381 1648 438 MAURI
1682 379 1995 434 ARClllEP.
2040 377 2350 436 MOGUNT.
2391 376 2673 436 OPERUM
2713 380 2894 436 PARS
2933 380 2995 435 ll.

3563 382 3650 437 52

381 519 481 574 per
504 503 683 556 divino
707 502 952 570 eloquio,
985 499 1127 568 quod
1155 496 1270 565 ejus
1290 497 1440 552 cibus
1469 503 1582 558 est,
1611 501 1865 563 pascatur
1890 507 1954 546 ac
1981 496 2029 556 Α
2057 491 2351 555 concessit,
2384 499 2440 546 et
2467 493 2822 562 quodcunque
2855 493 3091 547 solveret
3133 492 3185 546 in
3222 492 3412 558 terris,
3445 493 3637 549 fuisset

385 594 680 654 reﬁciatur.
713 592 836 661 quia
867 591 968 645 hoc
994 603 1208 642 omnem
1239 585 1556 641 suavitatem
1581 591 1800 652 superat
1825 582 1956 636 mel-

382 685 469 748 lis,
504 691 736 737 testante
762 681 1018 750 propheta
1061 677 1228 731 David
1251 717 1265 741 ,
1295 675 1384 746 qui
1422 674 1498 729 ait
1527 693 1540 727 :
1575 674 1746 739 Quam
1779 671 1956 725 dulcia

383 772 623 843 faucibus
649 773 775 824 meis
805 769 1006 838 eloquia
1031 778 1144 832 tua,
1170 767 1410 830 Domine,
1438 781 1592 834 super
1611 762 1712 817 mel
1738 763 1818 816 ori
1842 778 1955 816 meo

383 859 554 933 (Psal.
585 858 793 928 cxvm).
836 856 1132 924 Unicuique
1160 871 1288 925 ergo
1316 854 1519 908 homini
1546 853 1618 907 sit
1653 860 1858 906 certum
1890 865 1956 905 ac

381 959 566 1005 notum
604 949 730 1018 quia
775 948 914 1002 sicut
953 955 1112 1000 natus
1151 953 1235 1000 est
1281 945 1334 998 in
1379 945 1522 998 hunc
1558 943 1845 1006 mundum,
1878 941 1953 995 ita

381 1040 639 1094 mundum
678 1037 928 1108 reliquit,
970 1044 1259 1091 attestante
1295 1033 1621 1105 evangelista
1657 1031 1864 1088 Joanne
1889 1032 1956 1084 de

379 1130 518 1186 Filio
547 1129 642 1183 Dei
672 1129 725 1182 in
755 1129 858 1183 liae
893 1127 1199 1197 evangelica
1233 1125 1462 1182 lectione
1496 1140 1655 1194 quam
1693 1124 1852 1178 modo
1880 1124 1956 1179 le-

379 1237 506 1294 gere
536 1221 782 1286 audistis,
813 1220 891 1275 sic
921 1218 1106 1273 dicens
1139 1236 1150 1271 :
1179 1219 1311 1272 Ante
1338 1217 1475 1270 diem
1496 1216 1684 1285 festum
1713 1215 1951 1280 Pasclue,

380 1315 544 1367 sciens
572 1311 729 1365 Jesus
768 1311 892 1381 quia
925 1309 1061 1363 venit
1101 1307 1232 1362 hora
1265 1307 1378 1376 ejus
1409 1316 1467 1360 ut
1504 1315 1733 1360 transeat
1762 1320 1828 1359 es:
1856 1307 1954 1359 hoc

379 1403 574 1459 mundo
599 1403 668 1456 ad
698 1400 932 1455 Patrem.
963 1399 1055 1453 Dei
1085 1398 1254 1453 Filius
1280 1413 1531 1466 namque,
1556 1399 1621 1452 de
1647 1411 1754 1466 quo
1778 1397 1955 1451 omnis

377 1494 555 1548 honor
589 1508 653 1548 ac
679 1500 922 1562 potestas
950 1490 1220 1560 procedit,
1253 1489 1305 1543 in
1338 1487 1520 1542 multis
1551 1488 1711 1542 rebus
1736 1495 1956 1556 propter

377 1599 478 1640 nos
503 1585 885 1640 delionestatus
908 1591 1011 1648 est,
1040 1581 1261 1653 ﬂagellis
1292 1579 1607 1650 ﬁageli‘atus,
1636 1579 1806 1649 alapis
1831 1595 1951 1649 pcr-

375 1689 586 1739 cussus,
621 1673 674 1727 in
704 1669 840 1727 facie
869 1681 1078 1741 sputus,
1103 1687 1200 1740 per
1228 1684 1420 1723 manus
1453 1669 1686 1734 vinctus,
1712 1669 1952 1739 spineam

2056 581 2288 635 solutum
2319 582 2370 636 in
2396 581 2569 636 ctelis.
2595 581 2746 635 Tunc
2767 582 2990 635 nimium
3014 591 3234 636 sanctus
3253 582 3448 638 Petrus
3469 599 3635 654 expa-

2054 671 2252 734 vescit,
2288 670 2431 740 quod
2470 669 2639 724 Filius
2664 670 2761 724 Dei
2783 711 2797 735 ,
2839 672 3088 726 conditor
3119 672 3201 727 sui
3234 679 3289 727 et
3316 682 3636 729 cunctarum

2055 773 2257 823 rerum,
2290 758 2562 813 debuisset
2585 760 2750 827 pedes
2773 759 2854 813 sui
2885 761 3025 814 servi
3056 761 3258 826 lavare,
3289 770 3344 816 et
3369 762 3446 816 ait
3475 781 3488 816 :
3523 763 3635 819 Do-

2053 849 2190 902 mine
2208 889 2222 913 ,
2249 858 2306 902 tu
2341 866 2609 920 nunquam
2643 850 2772 904 mihi
2800 850 2945 904 lavas
2972 852 3166 920 pedes?
3191 854 3316 922 quia
3345 861 3400 908 tu
3430 871 3489 910 es
3523 852 3640 911 Do-

2053 937 2261 1002 minus,
2298 945 2354 992 et
2388 953 2488 1008 ego
2525 952 2745 1004 servus;
2786 946 2842 992 tu
2881 939 3052 1004 Deus,
3088 955 3186 1009 ego
3226 942 3415 1008 homo;
3458 951 3514 998 tu
3543 958 3633 998 re-

2054 1027 2334 1097 demptor,
2378 1043 2480 1099 ego
2519 1038 2791 1099 peccator.
2833 1030 3127 1099 Respondit
3164 1032 3213 1086 ei
3250 1031 3445 1088 Jesus:
3478 1033 3642 1099 Quod

2052 1135 2144 1187 ego
2171 1119 2310 1187 facio
2332 1160 2347 1182 ,
2380 1129 2437 1173 tu
2470 1122 2634 1174 nescis
2665 1121 2818 1174 modo
2839 1162 2854 1186 ,
2880 1123 3011 1176 scies
3036 1132 3211 1176 autem
3237 1136 3444 1193 postea;
3477 1127 3634 1196 quasi

2053 1208 2315 1263 dixisset:
2353 1209 2446 1265 Sic
2478 1210 2637 1279 hujus
2663 1210 2792 1267 facti
2828 1213 3147 1283 mysterium
3181 1216 3408 1270 necdum
3427 1217 3636 1279 intelli-

2052 1297 2167 1366 gis,
2195 1298 2288 1352 sed
2316 1308 2502 1368 postea
2533 1299 2906 1356 intellecturus
2933 1303 3043 1358 eris
3063 1344 3077 1369 ,
3107 1305 3233 1374 quia
3266 1306 3313 1360 si
3335 1323 3436 1360 non
3462 1306 3646 1362 lavero-

2052 1387 2146 1442 tibi
2185 1389 2358 1458 pedes,
2388 1407 2492 1444 non
2525 1391 2735 1446 habebis
2759 1402 2959 1462 partem
2987 1410 3210 1448 mecum.
3233 1395 3429 1451 lterum
3455 1407 3636 1453 autem

2051 1477 2324 1546 prohibuit
2347 1479 2563 1535 dicens:
2591 1498 2695 1535 non
2716 1481 2915 1536 lavabis
2936 1485 3064 1538 milii
3087 1501 3318 1555 unquam
3337 1487 3521 1557 pedes;
3541 1488 3647 1543 sed:

2053 1569 2244 1634 tertio,
2273 1571 2339 1626 de
2375 1587 2625 1628 sermone
2659 1573 2871 1632 Domini
2906 1575 3167 1642 territus,
3203 1577 3332 1646 quia
3368 1579 3506 1633 dixit
3534 1594 3548 1633 :
3578 1579 3638 1635 Si

2052 1676 2156 1714 non
2188 1659 2362 1715 lavero
2405 1662 2498 1716 tibi
2529 1664 2714 1732 pedes,
2757 1681 2860 1720 non
2911 1666 3123 1721 habebis
3161 1677 3363 1738 partem
3400 1687 3636 1736 mecum,

375 1773 598 1833 portans
624 1777 900 1828 coronam,
926 1762 1194 1826 venditus,
1224 1768 1280 1815 et
1307 1759 1387 1814 sic
1411 1758 1626 1812 tandem
1653 1773 1750 1828 per
1775 1760 1952 1848 crucis
1971 1833 2011 1848 μ
2038 1753 2329 1848 ἐξὼὶειειλὶῑ
2350 1753 2795 1848 ξουςςηίηρεηηρνξ
2815 1766 3020 1848 tantum
3055 1759 3209 1829 pedes
3227 1800 3242 1825 ,
3269 1761 3358 1814 sed
3379 1771 3426 1814 et
3449 1779 3650 1816 manus.

374 1855 680 1925 passionem
709 1861 938 1908 mortem
968 1852 1285 1921 suscipiens,
1311 1859 1363 1906 et
1387 1867 1418 1906 a
1445 1861 1621 1906 morte
1644 1837 1952 1939 τεειμξεῇξ.

2123 1833 2644 1939 “pugnauimus
2973 1848 3174 1903 nullam
3205 1859 3377 1905 tecum
3409 1851 3649 1908 habeam»

374 1945 616 1999 ascendit
642 1945 709 1999 ad
739 1944 957 1998 Patrem
981 1958 1136 1996 suum
1165 1943 1218 1996 in
1240 1941 1458 2008 caelum,
1483 1941 1624 1996 unde
1643 1929 1948 2007 desééridit‘;
1974 1928 1993 1974 ἶ

375 2038 456 2092 sic
485 2045 541 2090 et
577 2051 676 2091 nos
715 2035 783 2090 ad
815 2043 1058 2089 nostrum
1097 2034 1310 2088 Patrem
1333 2073 1348 2099 ,
1380 2033 1522 2102 quod
1563 2031 1676 2118 ipse
1705 2030 1980 2118 Cbristus.

371 2135 484 2190 est,
515 2127 751 2181 transire
792 2125 1050 2179 debemus
1093 2123 1160 2178 de
1187 2124 1289 2178 hoc
1331 2123 1532 2178 mundo
1548 2103 1580 2187 ,’
1613 2103 2015 2210 iniquitatem}

373 2217 645 2271 dimittere
663 2223 720 2270 et
733 2213 1000 2283 justitiam
1023 2215 1200 2270 facere
1219 2231 1234 2281 ;
1262 2214 1458 2285 largire
1475 2214 1620 2269 bona
1633 2208 1950 2283 ténipbrﬁit‘a
1970 2208 1988 2239 ³

372 2315 594 2376 propter
619 2315 853 2370 aeterna;
883 2305 1123 2374 linquere
1151 2305 1420 2359 diabolum
1443 2313 1498 2359 et
1519 2305 1635 2374 ejus
1659 2303 1798 2357 mala
1823 2318 1950 2374 ope-

375 2413 466 2461 ra,
495 2404 549 2450 ct
573 2411 694 2466 quae
730 2395 838 2450 Deo
873 2403 997 2450 sunt
1032 2394 1231 2465 placita
1269 2410 1430 2466 agere
1454 2403 1508 2449 et
1537 2409 1748 2458 amare;
1780 2393 1949 2448 Deum

369 2504 436 2542 ex
462 2496 575 2543 toto
598 2490 758 2543 corde
783 2496 837 2542 et
859 2488 1004 2542 omni
1032 2497 1210 2542 mente
1237 2488 1488 2558 diligere;
1516 2488 1820 2556 proximum
1847 2501 1947 2541 no-

370 2587 564 2643 strum,
589 2579 732 2647 quod
762 2579 1126 2648 unusquisque
1154 2578 1493 2632 Christianus
1520 2587 1626 2641 est,
1656 2577 1797 2631 sicut
1825 2591 1952 2630 nos-

373 2669 662 2737 metipsos;
703 2667 980 2722 mendacia
1012 2669 1219 2730 vitare,
1261 2668 1594 2736 superbiam,
1640 2667 1947 2731 homicidia,

371 2754 792 2820 fornicationes,
828 2755 966 2808 furta
996 2764 1050 2809 et
1078 2766 1272 2810 caetera
1312 2771 1431 2824 qua:
1462 2756 1546 2809 bis
1575 2764 1701 2810 sunt
1731 2757 1944 2813 similia.

373 2848 429 2902 Si
460 2848 573 2903 haec
601 2863 728 2919 ergo
754 2863 976 2918 agamus
999 2849 1161 2914 bona,
1186 2858 1240 2904 et
1259 2849 1488 2904 vitemus
1509 2849 1648 2903 mala
1671 2864 1788 2918 qum
1815 2851 1948 2914 dixi,

372 2940 651 2994 imitamur
679 2950 732 2994 ct
754 2956 851 2994 nos
878 2941 971 2994 Dei
1001 2940 1216 3005 Filium,
1242 2941 1490 2996 similiter
1509 2943 1860 2998 ascendentes
1880 2944 1949 2998 ad

369 3029 584 3084 Patrem
623 3039 864 3084 nostrum
905 3032 994 3100 qui
1034 3032 1086 3086 in
1122 3032 1274 3088 emlis
1302 3041 1416 3098 est,
1455 3033 1546 3101 qui
1582 3033 1736 3087 simul
1767 3034 1948 3088 omnia

371 3121 510 3190 regit
550 3131 604 3176 et
629 3121 824 3176 .habet.
867 3123 1124 3191 Sequitur
1160 3141 1173 3176 :
1224 3123 1356 3177 Cum
1396 3123 1661 3179 dilexisset
1699 3142 1822 3179 suos
1859 3126 1946 3196 qui

2053 1919 2494 1989 ὁοπιίιτεῖνιΐσιὶεἱῆ
2516 1919 2741 2005 prope;
2764 1920 3020 1995 lavandos
3047 1940 3212 2009 pedes
3231 1982 3246 2006 ,
3276 1958 3420 1997 nunc
3445 1959 3544 2013 pro
3571 1959 3648 1999 eo

2051 2023 2196 2104 quod
2217 2022 2495 2104 .aliquam.
2509 2027 2935 2104 mmnmuipnis:
2959 2034 3067 2102 tua!
3122 2038 3331 2099 partem
3382 2033 3644 2097 habeam,

3122 2087 3364 2192 corporis
3402 2087 3635 2195 partem:

2033 2199 2348 2274 iﬁespbridit
2384 2200 2543 2260 Risus
2585 2199 2905 2272 E'Quiulotus
2929 2219 3038 2276 est,
3078 2228 3180 2265 non
3220 2213 3412 2281 indiget
3449 2216 3551 2270 nisi
3579 2224 3638 2270 ut

2048 2294 2200 2363 pedes
2225 2293 2380 2362 lavet,
2409 2296 2497 2350 sed
2524 2307 2600 2350 est
2631 2299 2859 2355 mundus
2888 2310 3048 2356 totus.
3074 2301 3424 2373 Signiﬁcabat
3452 2316 3637 2363 autem

2052 2385 2186 2440 hoc:
2211 2385 2529 2456 Quicunque
2558 2403 2688 2460 ergo
2718 2391 2785 2446 ad
2817 2406 3030 2446 sacrum
3053 2394 3261 2448 venerit
3283 2395 3643 2465 baptismum,

2049 2488 2102 2533 et
2133 2478 2186 2532 in
2217 2479 2320 2534 hoc
2348 2479 2575 2536 mittitur
2604 2481 2657 2534 in
2698 2483 2914 2538 nomine
2941 2483 3137 2551 Patris,
3171 2493 3225 2540 ct
3260 2486 3402 2552 Filii,
3430 2497 3485 2543 et
3516 2488 3637 2559 Spi-

2049 2569 2186 2624 ritus
2212 2571 2404 2634 sancti,
2437 2572 2619 2626 statim
2654 2581 2797 2627 totus
2826 2583 2908 2629 est
2936 2577 3166 2631 mundus
3185 2618 3199 2642 ,
3227 2587 3338 2633 tam
3373 2579 3426 2633 in
3451 2581 3632 2637 anima

2051 2675 2211 2728 quam
2239 2660 2294 2716 in
2330 2675 2556 2730 corpore
2589 2679 2601 2716 :
2635 2663 2760 2732 quia
2797 2664 2849 2718 in
2890 2665 3140 2734 baptismi
3172 2667 3384 2724 lavacro
3414 2679 3634 2740 peccata

2047 2746 2325 2803 hominum
2362 2750 2706 2808 dimittuntur
2751 2763 2806 2807 et
2844 2753 3124 2822 delentur;
3174 2774 3298 2813 nam
3343 2769 3636 2832 antequam

2048 2837 2371 2907 baptizetur,
2397 2840 2538 2894 ﬁlius
2567 2842 2783 2908 diaboli,
2806 2853 2991 2914 postea
3023 2862 3147 2902 vero
3175 2848 3317 2905 ﬁlius
3342 2851 3435 2906 Dei
3462 2853 3636 2907 nomi-

2047 2937 2224 2982 natur.
2268 2928 2380 2985 lloc
2416 2931 2744 3001 signiﬁcavit
2772 2934 3028 2991 Dominus
3055 2951 3176 2992 cum
3205 2939 3336 2994 dicit
3367 2959 3381 2993 ε
3419 2941 3522 3009 Qui
3549 2942 3632 2998 lo-

2049 3029 2131 3072 tus
2159 3030 2264 3086 est,
2293 3038 2396 3076 non
2425 3022 2652 3093 indiget,
2685 3025 2785 3078 nisi
2814 3035 2867 3079 ut
2890 3027 3042 3096 pedes
3068 3027 3196 3083 lavet
3215 3069 3230 3096 ,
3264 3033 3354 3084 sed
3381 3042 3454 3087 est
3483 3049 3644 3087 muns

2047 3112 2145 3168 dus
2171 3123 2328 3170 totus.
2360 3113 2496 3181 Quia
2529 3117 2666 3172 sicut
2695 3118 2882 3187 pedes,
2911 3120 3003 3188 qui
3030 3130 3230 3176 terram
3256 3122 3486 3191 calcant,
3517 3125 3640 3182 sine

369 3223 516 3267 erant
542 3215 595 3268 in
617 3214 832 3280 mundo,
853 3216 906 3268 in
929 3216 1085 3284 ﬁnem
1109 3216 1290 3270 dilexit
1312 3233 1416 3271 eos.
1439 3217 1496 3270 ln
1520 3225 1724 3273 tantum
1749 3219 1948 3288 quippe
1978 3191 2020 3251 C
2053 3204 2230 3273 aliqua
2253 3208 2412 3261 sorde
2431 3221 2550 3262 esse
2572 3223 2678 3262 ηοη
2701 3219 2945 3277 Possum,
2963 3211 3042 3265 5Ῐο
3063 3227 3220 3279 nemo
3243 3214 3295 3268 i"
3317 3215 3419 3269 hoc
3438 3215 3645 3270 8³301110

373 3301 630 3355 Dominus
656 3302 846 3357 dilexit
875 3318 1000 3358 suos
1029 3305 1120 3373 qui
1147 3315 1300 3359 erant
1325 3305 1378 3359 in
1407 3306 1510 3359 hoc
1533 3307 1751 3371 mundo,
1779 3319 1839 3361 ut
1865 3323 1948 3363 se-

372 3392 547 3462 ipsum
582 3393 743 3449 etiam
770 3393 1018 3449 tradebat
1038 3405 1257 3466 propter
1295 3411 1388 3452 eos
1417 3396 1470 3450 in
1510 3406 1738 3453 mortem
1772 3416 1786 3452 :
1820 3399 1946 3468 quia

370 3481 622 3546 majorem
649 3482 975 3536 dilectionem
1015 3501 1163 3538 nemo
1195 3485 1378 3551 habet,
1407 3503 1564 3556 quant
1591 3489 1680 3558 qui
1711 3489 1944 3543 animam

370 3589 522 3626 suam
549 3573 639 3626 dat
667 3590 761 3643 pro
787 3575 971 3628 amicis
999 3576 1108 3629 suis
1136 3575 1315 3645 (Joan.
1340 3575 1451 3647 xv).
1483 3577 1634 3633 Tunc
1661 3594 1813 3634 cmna
1848 3595 1946 3648 pa-

371 3672 486 3718 rata
513 3672 614 3729 est,
637 3673 694 3718 ut
725 3666 1106 3720 convenientes
1125 3666 1375 3736 discipuli
1397 3683 1518 3722 cum
1542 3669 1822 3740 magistro,
1845 3677 1950 3725 sta-

373 3756 468 3809 tim
497 3755 742 3812 diabolus
765 3759 911 3812 misit
931 3758 985 3812 in
1012 3772 1105 3813 cor
1131 3758 1283 3813 Judee
1306 3767 1366 3814 ut
1391 3761 1627 3816 traderet
1655 3777 1808 3817 suum
1835 3777 1949 3817 ma-

371 3847 596 3916 gistrum
639 3857 696 3903 et
729 3849 1016 3903 Dominum
1055 3860 1301 3906 nostrum
1343 3853 1546 3910 Judaeis
1585 3873 1598 3909 :
1643 3856 1765 3925 quia
1810 3857 1952 3912 sicut

375 3935 528 3990 malis
555 3945 611 3990 et
644 3935 861 4004 iniquis,
892 3946 952 3991 ut
973 3937 1140 3993 Judas
1169 3939 1301 4005 fuit,
1333 3942 1574 3999 diabolus
1603 3945 1771 4001 malas
1799 3948 1946 4018 cogi-

374 4025 606 4080 tationes
627 4025 894 4090 immittit,
919 4025 995 4080 ita
1025 4025 1260 4096 Spiritus
1287 4039 1508 4086 sanctus
1534 4032 1693 4088 bonis
1717 4033 1950 4101 etjustis

369 4115 489 4186 pias
516 4122 798 4184 rectusque
829 4117 1185 4185 cogitationes
1212 4118 1465 4186 innectit;
1498 4122 1638 4176 sicut
1665 4124 1776 4178 suis
1801 4139 1948 4179 sem-

369 4219 470 4275 per
497 4203 698 4259 fecerat
724 4203 1002 4275 discipulis
1021 4244 1035 4269 ,
1068 4207 1288 4262 mittens
1313 4222 1406 4263 eos
1434 4210 1499 4265 ad
1541 4225 1694 4279 reges
1730 4220 1784 4266 et
1813 4229 1948 4283 pra:-

373 4295 538 4362 sides,
567 4296 703 4350 dixit
729 4314 742 4349 :
780 4295 918 4350 Dum
942 4298 1186 4351 steteritis
1216 4308 1336 4352 ante
1359 4316 1467 4365 eos,
1492 4300 1650 4355 nolite
1674 4304 1950 4372 prarmedi-

373 4391 477 4442 tari
515 4389 773 4460 quomodo
805 4397 896 4443 aut
917 4389 1041 4461 quid
1066 4389 1373 4460 loquamini,
1403 4394 1526 4462 quia
1559 4393 1772 4448 dabitur
1804 4395 1945 4450 vobis

369 4479 428 4535 in
454 4479 548 4534 illa
577 4480 708 4532 hora
734 4480 859 4550 quid
893 4479 1180 4550 loquamini
1210 4479 1361 4551 (Luc.
1387 4481 1536 4554 xxv).
1571 4483 1818 4539 Traditor
1849 4485 1942 4540 Dei

2049 3302 2103 3348 et
2140 3295 2196 3348 in
2223 3296 2323 3351 hac
2354 3297 2569 3352 mortali
2605 3314 2770 3354 carne
2809 3310 2984 3370 potest
3026 3302 3143 3356 sine
3180 3314 3401 3373 peccato
3430 3307 3635 3372 vivere,

2049 3388 2113 3441 D.
2145 3385 2351 3442 Joanne
2379 3391 2619 3459 apostolo
2641 3401 2934 3451 attestante
2967 3414 2979 3448 :
3016 3395 3076 3452 Si
3101 3398 3410 3466 dixerimus,
3438 3403 3635 3471 inquit,

2049 3478 2170 3546 quia
2200 3489 2468 3547 peccatum
2509 3497 2611 3535 non
2651 3483 2929 3551 habemus,
2977 3489 3210 3556 nosipsos
3252 3490 3536 3560 decipimus
3585 3506 3636 3548 et

2049 3569 2238 3623 veritas
2268 3569 2322 3622 in
2352 3571 2496 3624 nobis
2523 3588 2628 3626 non
2660 3584 2734 3627 est
2767 3573 2819 3646 (I
2846 3575 3008 3631 Joan.
3049 3579 3112 3648 1).
3144 3579 3315 3635 Homo
3342 3597 3470 3638 vero
3510 3599 3636 3639 cum

2050 3669 2170 3728 post
2199 3659 2522 3728 baptismum
2551 3677 2649 3732 per
2679 3664 2894 3734 aliquod
2926 3668 3126 3725 malum
3147 3687 3282 3741 opus
3304 3674 3634 3742 sordidatur,

2050 3747 2248 3805 iterum
2274 3765 2495 3805 necesse
2521 3759 2604 3807 est
2628 3767 2724 3823 per
2754 3756 3000 3811 eamdem
3038 3760 3268 3829 gratiam
3302 3762 3497 3818 divinae
3531 3763 3634 3818 bo-

2049 3838 2236 3895 nitatis
2261 3842 2579 3910 emundari,
2609 3844 2663 3898 id
2693 3853 2806 3912 est,
2838 3861 2961 3901 cum
2993 3851 3240 3918 pecunia,
3271 3852 3632 3925 eleemosyna,

2049 3928 2321 3994 oratione,
2353 3929 2480 3986 ﬁere
2508 3948 2733 4005 pravum
2771 3937 2914 4004 quod
2942 3944 3142 4006 gessit,
3167 3957 3411 4011 quaerere
3434 3946 3636 3999 bonum

2049 4018 2191 4090 quod
2232 4023 2504 4090 peccando
2547 4023 2746 4080 amisit.
2790 4024 3116 4097 Spiritaliter
3153 4041 3332 4088 autem
3368 4033 3640 4092 Dominus

2048 4111 2286 4180 quotidie
2311 4116 2476 4183 pedes
2503 4126 2718 4174 nostros
2743 4119 2916 4187 lavat,
2947 4137 3071 4178 cum
3099 4126 3266 4181 Deum
3301 4127 3516 4183 Patrem
3548 4129 3634 4184 in-

2047 4205 2294 4274 terpcllat
2321 4221 2420 4275 pro
2446 4209 2620 4263 nobis.
2652 4208 2913 4267 Similiter
2936 4229 3035 4268 nos
3068 4216 3168 4286 ipsi
3199 4219 3436 4288 quotidie
3466 4220 3647 4289 pedes.

2047 4304 2261 4350 nostros
2287 4296 2470 4353 lavare
2497 4299 2778 4367 debemus,
2809 4304 3112 4362 conﬁtendo
3142 4308 3194 4362 in
3223 4311 3382 4364 corde
3410 4321 3631 4380 peccata

2047 4394 2228 4440 nostra
2262 4402 2382 4442 cum
2408 4387 2663 4445 Oratione
2688 4391 2968 4449 Dominica
3003 4413 3015 4449 :
3046 4397 3262 4452 Dimitte
3291 4400 3436 4454 nobis
3459 4402 3635 4456 debita

2048 4466 2254 4542 nostra,
2296 4479 2430 4533 sicut
2474 4490 2521 4534 et
2564 4498 2657 4536 nos
2699 4483 3009 4541 dimittimus
3055 4489 3371 4546 debitoribus
3418 4496 3632 4551 nostris.

368 4564 538 4625 Judag
567 4575 621 4622 et
646 4544 892 4638 prouisor-
925 4544 993 4624 δὴ
1013 4544 1319 4626 convivium
1346 4544 1639 4629 venii'sine
1669 4573 1792 4641 ﬁde,
1818 4576 1943 4646 quia
1969 4544 2021 4603 D
2050 4567 2199 4623 Tunc
2226 4569 2320 4624 Dei
2344 4569 2512 4626 Filius
2533 4573 2749 4641 quando
2777 4574 2894 4632 haec
2917 4578 3098 4632 omnia
3123 4595 3244 4648 quae
3268 4544 3637 4638 vobis—nume:-

369 4659 417 4713 si
446 4659 710 4713 veraciter
748 4657 906 4713 ﬁdem
945 4659 1252 4729 habuisset,
1291 4679 1568 4734 nunquam
1605 4681 1728 4722 eum
1770 4668 1949 4739 impiis

369 4746 571 4802 Judaeis
597 4747 923 4802 tradidisset.
948 4745 1128 4804 Sciens
1154 4761 1325 4808 autem
1347 4754 1500 4810 Iesus
1522 4756 1645 4826 quia
1667 4756 1807 4812 Deus
1838 4756 1948 4812 Pa-

371 4851 451 4894 ter
475 4840 648 4894 omnia
674 4840 815 4894 dedit
847 4841 895 4894 ei
918 4841 974 4895 in
998 4851 1321 4912 potestatem,
1354 4854 1409 4901 et
1432 4847 1606 4918 ipsum
1633 4849 1949 4904 traditorem

371 4946 561 4996 suum,
594 4945 656 4986 ac
691 4931 939 4987 conscius
976 4932 1105 5002 quid
1139 4933 1318 4989 facere
1348 4951 1448 5005 pro
1479 4939 1668 4993 amicis
1706 4940 1818 4995 suis
1852 4941 1949 4996 de-

371 5020 607 5087 buisset,
636 5033 684 5076 et
722 5023 846 5092 quia
869 5040 902 5077 a
931 5022 1039 5076 Deo
1076 5023 1232 5079 Patre
1261 5026 1314 5079 in
1344 5026 1480 5081 hunc
1517 5029 1768 5083 mundum
1797 5047 1950 5084 vene-

374 5121 478 5177 rat,
505 5121 684 5168 tamen
711 5113 763 5168 in
787 5112 986 5168 deitate
1010 5114 1156 5169 illum
1180 5130 1284 5169 non
1310 5116 1617 5186 relinquens
1647 5136 1659 5172 :
1689 5128 1737 5172 et
1759 5119 1946 5174 iterum

372 5202 441 5254 ad
469 5217 586 5255 eum
616 5218 914 5256 reversurus
935 5243 947 5267 ,
979 5219 1254 5272 nunquam
1293 5220 1392 5259 nos
1420 5206 1484 5261 de
1517 5223 1612 5262 sua
1644 5208 1817 5279 gratia
1853 5209 1949 5266 de-

372 5306 590 5356 serens;
631 5293 796 5361 surgit
837 5311 866 5346 a
901 5310 1076 5358 cwna,
1112 5304 1160 5348 et
1198 5296 1342 5365 ponit
1373 5298 1671 5353 vestimenta
1705 5317 1840 5368 sua;
1881 5316 1945 5356 ac

372 5383 552 5435 statim
581 5383 744 5452 οωρίι
770 5382 950 5437 lavare
976 5383 1140 5454 pedes
1168 5384 1552 5456 discipulorum
1569 5426 1582 5451 ,
1610 5386 1839 5458 implens
1865 5387 1946 5443 of-

372 5470 552 5525 ﬁcium
579 5472 756 5538 servi,
796 5473 1041 5542 quamvis
1069 5481 1282 5529 creator
1309 5473 1548 5529 omnium
1575 5486 1756 5543 esset,
1788 5478 1948 5534 cmle-

371 5562 556 5628 stium,
585 5564 921 5621 terrestrium
949 5573 1004 5619 et
1032 5564 1384 5620 infernorum.
1425 5564 1530 5620 Sed
1562 5575 1688 5623 tunc
1711 5569 1943 5638 primum

375 5655 518 5708 venit
548 5659 615 5712 ad
643 5659 882 5723 Petrum,
907 5659 1032 5728 quia
1054 5674 1294 5714 summus
1316 5668 1371 5715 et
1394 5659 1646 5730 princeps
1675 5670 1791 5716 erat
1817 5678 1946 5732 apo-

373 5747 672 5813 stolorum;
710 5761 764 5806 et
804 5751 978 5819 juste,
1024 5753 1114 5820 qui
1153 5752 1329 5808 claves
1376 5753 1525 5822 regni
1567 5753 1828 5810 cmlorum
1870 5755 1941 5810 illi

2047 4661 2160 4716 ravi
2191 4676 2249 4716 se
2279 4661 2570 4720 humilians
2605 4667 2924 4737 complevit,
2955 4671 3034 4726 ait
3055 4672 3123 4727 ad
3147 4687 3242 4729 eos
3273 4692 3286 4727 :
3316 4673 3476 4729 Scitis
3504 4677 3640 4746 quid

2047 4750 2256 4819 fecerim
2285 4754 2425 4808 vobis
2463 4767 2482 4805 .'
2519 4757 2566 4810 si
2601 4773 2723 4828 ergo
2761 4758 3018 4817 Dominus
3052 4773 3099 4817 et
3134 4765 3380 4835 magister
3417 4765 3521 4821 lavi
3550 4783 3637 4821 ve-

2045 4851 2182 4897 stros
2205 4843 2392 4914 pedes,
2422 4855 2470 4900 et
2493 4863 2579 4901 vos
2615 4847 2810 4904 debetis
2839 4849 2974 4906 alter
3000 4852 3216 4908 alterius
3254 4853 3430 4910 lauare
3453 4856 3643 4926 pedes,

2048 4942 2104 4986 ut
2143 4935 2580 5018 quemadmodum
2631 4955 2724 5010 ego
2777 4941 2878 5009 feci
2913 4943 3082 5008 vobis,
3131 4944 3206 4998 ita
3235 4955 3285 5000 et
3324 4963 3411 5000 vos
3456 4948 3634 5018 facia-

2050 5024 2151 5088 tis;
2181 5015 2337 5094 quasi
2365 5025 2591 5082 dixisset
2621 5028 2696 5083 ita
2727 5046 2740 5082 :
2775 5029 2833 5085 Si
2859 5047 2958 5103 ego
2994 5032 3136 5096 Deus
3170 5043 3227 5089 et
3262 5015 3520 5093 Dominus
3545 5039 3632 5093 di-

2048 5117 2171 5172 misi
2197 5117 2347 5172 vobis
2367 5128 2588 5188 peccata
2615 5132 2812 5189 vestra,
2839 5131 2991 5179 tanto
3027 5127 3198 5197 magis
3222 5137 3276 5184 et
3302 5145 3399 5184 vos
3425 5131 3638 5186 debetis

2047 5207 2183 5263 alter
2219 5208 2442 5264 alterius
2483 5221 2707 5281 peccata
2747 5214 3036 5272 dimittere.
3077 5217 3229 5284 Quod
3273 5229 3454 5277 autem
3500 5223 3637 5278 dicit

2046 5300 2374 5372 evangelista
2413 5301 2702 5360 Dominum
2748 5310 3050 5365 surrexisse
3087 5326 3116 5363 a
3153 5327 3340 5379 cmna,
3381 5315 3486 5369 hoc
3523 5323 3628 5378 est,

2048 5395 2261 5464 quando
2287 5395 2383 5452 Dei
2412 5397 2581 5455 Filius
2620 5399 2686 5455 de
2721 5401 2928 5458 cmlesti
2968 5404 3102 5461 solio
3134 5404 3314 5462 Patris
3354 5407 3639 5464 descendit

2048 5486 2114 5540 ad
2142 5493 2366 5554 terram,
2393 5497 2636 5546 nostram
2659 5491 2760 5547 sibi
2785 5509 3004 5549 carnem
3027 5497 3307 5552 sumendo.
3329 5497 3387 5552 In
3408 5497 3511 5551 hoc
3532 5511 3634 5552 sua

2045 5575 2202 5647 ponit
2227 5578 2566 5645 vestimenta,
2593 5581 2856 5650 quoniam
2879 5597 2937 5637 se
2971 5583 3274 5639 humiliavit
3297 5593 3352 5640 et
3371 5584 3640 5641 obediens

2048 5665 2156 5721 Deo
2185 5665 2331 5721 Patri
2366 5677 2492 5723 erat
2513 5685 2683 5740 usque
2709 5671 2777 5727 ad
2807 5682 3055 5729 mortem.
3097 5674 3288 5730 Linteo
3318 5689 3376 5729 se
3408 5675 3634 5746 prociné

2048 5760 2146 5824 xit,
2178 5761 2303 5829 quia
2334 5759 2560 5816 formam
2589 5764 2730 5820 servi
2759 5766 3013 5835 suscepit.
3046 5767 3189 5822 Misit
3213 5783 3408 5838 aquam
3441 5767 3494 5822 in
3524 5765 3640 5836 pcl-
