4040 6188
381 278 468 334 ‘53

1330 270 1638 329 llOMiLUE
1680 271 1777 328 DE
1805 270 2043 330 FESTIS
2076 268 2482 338 PRAECIPUIS,
2519 271 2671 328 ETC.
3585 275 3654 332 δι

380 395 506 449 vim
528 430 543 456 ,
571 391 788 460 quando
817 387 1133 460 sanguinem
1165 400 1326 442 suum
1365 386 1514 442 misit
1548 386 1602 440 in
1642 394 1841 441 terram
1861 426 1877 452 ,
1916 393 1977 440 ut
2002 390 2046 448 Α
2077 400 2215 449 mus,
2258 387 2583 452 charissimi,
2614 388 2757 457 quod
2794 389 2919 444 dum
2961 388 3135 444 sancti
3165 388 3380 461 paschae
3403 391 3658 448 solemni-

393 481 682 536 mundaret
718 479 942 550 vestigia
983 479 1039 533 in
1077 492 1137 534 se
1175 478 1541 545 credentium,
1583 493 1702 548 quae
1746 478 1977 533 terrenis

391 571 634 641 peccatis
674 570 890 626 sordida
941 569 1110 626 fuere.
1156 571 1309 625 Tunc
1346 571 1510 626 linteo
1541 572 1703 642 pedes
1730 570 1977 634 extersit,

392 661 613 731 quando
636 675 756 714 cum
794 660 1011 730 propria
1038 660 1284 730 corporis
1313 660 1394 715 sui
1422 676 1587 716 carne
1622 660 1828 716 scelera
1852 672 1979 728 pec-

391 761 639 807 catorum
668 760 976 805 nostrorum
1004 760 1222 821 propter
1250 766 1348 805 nos
1393 752 1672 806 moriendo
1709 752 1973 819 purgavit.

390 842 451 898 In
500 844 606 899 hoc
655 843 841 912 itaque
892 842 1055 910 pedes
1099 842 1488 912 discipulorum
1528 841 1669 898 lotos
1713 843 1975 907 habebat,

390 934 611 1003 quando
647 948 746 1003 per
783 932 866 988 sui
911 933 1189 1002 sanguinis
1235 931 1551 988 effusionem
1599 933 1976 1002 purgationem

388 1032 594 1076 nostra:
624 1023 1004 1092 redemptionis
1031 1023 1290 1091 implevit.
1318 1023 1471 1091 Quod
1495 1033 1674 1079 autem
1704 1025 1801 1089 ait,
1830 1042 1977 1080 acce-

385 1115 461 1182 pit
492 1115 795 1168 uestimenta
816 1131 944 1179 sua,
970 1115 1072 1168 hoc
1097 1124 1200 1179 est,
1229 1116 1371 1185 quod
1409 1116 1465 1171 in
1504 1117 1592 1171 die
1617 1116 1774 1170 tertia
1801 1116 1868 1171 de
1896 1131 1977 1171 se-

384 1205 578 1275 pulcro
601 1220 724 1260 cum
751 1204 938 1260 eodem
962 1216 1195 1274 corpore
1223 1220 1330 1275 quo
1355 1206 1689 1261 moriebatur
1711 1205 1765 1260 in
1790 1219 1972 1271 cruce,

386 1311 706 1367 resurgens,
729 1297 921 1351 iterum
941 1296 1169 1351 vestitus
1183 1304 1244 1351 et
1261 1297 1586 1352 immortalis
1603 1296 1796 1353 factus.
1821 1296 1975 1364 Quod

388 1396 571 1444 autem
614 1388 921 1458 evangelica
962 1387 1121 1442 lectio
1163 1388 1316 1453 dicit,
1345 1387 1528 1443 Iesum
1575 1389 1770 1445 iterum
1814 1403 1967 1443 recu-

382 1479 570 1534 buisse
589 1520 604 1545 ,
633 1478 900 1548 signiﬁcat
934 1481 1059 1549 quia
1096 1480 1294 1535 iterum
1323 1482 1566 1536 ascendit
1595 1482 1648 1535 in
1673 1481 1869 1536 caelum
1906 1484 1974 1536 ad

384 1569 603 1624 Patrem
632 1584 791 1623 suum
820 1569 963 1623 unde
991 1569 1288 1634 descendit,
1312 1572 1507 1633 sedens
1532 1572 1585 1625 in
1605 1573 1826 1628 dextera
1854 1573 1968 1638 Dei,

384 1670 438 1715 et
462 1661 519 1715 in
552 1660 835 1729 majestate
860 1667 1101 1730 paterna:
1127 1660 1442 1727 divinitatis,
1465 1662 1607 1717 unde
1628 1663 1822 1718 iterum
1844 1679 1971 1718 ven-

2080 486 2245 532 tatcm
2270 478 2515 542 colimus,
2545 478 2740 534 futurae
2772 480 3186 536 resurrectionis
3228 482 3473 551 speciem
3493 482 3545 537 in
3570 497 3658 537 re-

2078 570 2220 624 natis
2253 568 2366 637 jam
2404 570 2671 631 videmus.
2694 572 2823 628 Hoc
2860 573 3043 643 itaque
3072 574 3369 640 admoneo,
3417 573 3661 631 dilectis-

2078 659 2202 713 simi
2230 659 2447 726 fratres,
2500 670 2560 715 ut
2591 664 2803 730 quoties
2833 664 3101 733 paschalis
3141 664 3454 720 solemnitas
3480 669 3654 731 venit,
3721 696 3737 709 ο

2078 751 2382 820 quicunque
2420 752 2543 817 viri,
2568 767 2901 824 quaecunque
2935 756 3193 812 mulieres
3221 758 3287 811 de
3314 771 3470 812 sacro
3504 755 3654 814 fonte

2078 840 2217 897 ﬁlios
2244 843 2559 913 spiritaliter
2587 854 2934 914 exceperunt,
2964 857 3294 917 cognoscant
3318 862 3376 902 se
3394 863 3493 918 pro
3519 850 3652 919 ipsis

2077 930 2419 1001 ﬁdeiussores
2447 935 2589 1002 apud
2635 934 2801 989 Deum
2847 937 3142 1001 exstitisse,
3180 947 3236 992 et
3266 937 3389 993 ideo
3433 952 3652 1008 semper

2078 1021 2182 1076 illis
2205 1022 2619 1079 sollicitudinem
2642 1039 2781 1079 vera:
2804 1025 3088 1080 charitatis
3114 1026 3443 1095 impendant,
3467 1027 3652 1081 admo-

2076 1122 2240 1169 neant
2273 1123 2329 1169 et
2365 1116 2666 1186 castigent,
2706 1127 2868 1188 atque
2903 1118 3219 1187 corripiant,
3245 1126 3306 1172 ut
3347 1119 3650 1173 castitatem

2075 1204 2402 1270 custodiant,
2432 1205 2801 1276 virginitatem
2836 1222 3009 1277 usque
3037 1207 3106 1261 ad
3148 1206 3364 1277 nuptias
3411 1216 3653 1271 servent,

2075 1307 2106 1345 a
2128 1292 2411 1349 maledicto
2432 1294 2515 1348 vel
2544 1309 2576 1349 a
2596 1294 2836 1366 periurio
2856 1296 3095 1367 linguam
3119 1296 3413 1363 refrencnt,
3441 1298 3652 1353 cantica

2076 1384 2253 1454 turpia
2288 1385 2371 1441 vel
2401 1386 2676 1442 luxuriosa
2707 1403 2775 1443 ex
2807 1403 2903 1444 ore
2931 1405 3041 1444 non
3074 1387 3384 1459 proferant,
3424 1404 3530 1445 non
3561 1404 3657 1445 su-

2074 1473 2357 1542 perbiant,
2407 1490 2515 1529 non
2547 1474 2854 1540 invideant,
2890 1476 3225 1532 iracundiam
3264 1477 3348 1531 vel
3384 1478 3567 1533 odium
3598 1479 3653 1534 in

2074 1566 2235 1620 corde
2254 1582 2361 1620 non
2388 1574 2636 1632 teneant,
2664 1569 2885 1640 auguria
2918 1583 3024 1624 non
3058 1570 3370 1636 observent,
3394 1570 3654 1640 philacte-

2072 1659 2153 1713 ria
2190 1667 2247 1714 et
2281 1660 2624 1716 characteres
2661 1661 2958 1717 diabolicos
2986 1677 3087 1717 nec
3122 1664 3225 1718 sibi
3263 1678 3365 1718 nec
3400 1664 3512 1717 suis
3553 1662 3655 1717 ali-

388 1759 543 1803 turus
584 1758 669 1803 est
690 1748 937 1818 judicare
964 1750 1117 1805 vivos
1140 1758 1194 1804 et
1232 1760 1493 1806 mortuos.
1525 1751 1606 1806 Ad
1650 1754 1753 1808 hoc
1780 1762 1971 1808 ventu-
1998 1730 2045 1788 B
2073 1749 2287 1818 quando
2334 1751 2693 1820 suspendant,
2731 1761 3150 1821 praecantatores
3190 1752 3335 1807 velut
3372 1753 3650 1809 ministros

381 1856 503 1895 rum
519 1839 809 1909 judicium,
837 1841 1011 1910 ipsum
1040 1841 1206 1895 Deum
1229 1856 1350 1896 cum
1380 1844 1591 1898 czcteris
1613 1843 1700 1912 qui
1724 1841 1970 1911 judirant

382 1932 571 1985 orbem
614 1939 770 1985 terra:
808 1931 860 1984 in
898 1931 1186 2000 mquitate,
1226 1932 1411 1986 mitem
1454 1941 1510 1986 et
1550 1933 1696 2004 pium
1727 1934 1970 1988 invenire

381 2022 732 2087 mereamini,
763 2028 821 2077 ut
862 2037 986 2076 cum
1024 2036 1090 2078 eo
1124 2038 1350 2093 regnare
1382 2024 1433 2077 in
1466 2032 1669 2079 aeterna
1710 2024 1968 2079 felicitate

381 2116 606 2183 possitis
631 2115 685 2169 in
712 2114 908 2170 saecula
934 2115 1274 2170 saeculorum.
1303 2116 1498 2170 Amen.

910 2278 911 2281 γ
945 2205 1228 2262 HOMlLlA
1263 2205 1404 2260 1m.
1488 2268 1499 2276 _

756 2314 808 2353 IN
846 2314 1083 2354 SABBATO
1112 2315 1315 2355 SANCTO
1345 2317 1576 2356 ΡΑεεηιε.

830 2390 1053 2463 (Evang.
1080 2390 1273 2446 Matth.
1301 2394 1518 2465 xxvm.)

454 2480 615 2546 Ecce,
647 2477 844 2535 fratres
878 2482 1210 2547 charis-simi,
1260 2484 1350 2537 diu
1394 2485 1702 2540 desiderata
1748 2486 1981 2540 advenit

378 2570 714 2635 solemnitas,
748 2570 804 2624 in
847 2587 951 2640 qua
1005 2570 1253 2626 Salvator
1276 2583 1458 2628 noster
1478 2575 1694 2646 alligato
1722 2577 1964 2647 principe

376 2662 749 2724 tenebrarum,
791 2670 846 2716 et
886 2661 1178 2718 confractis
1221 2666 1395 2733 portis
1424 2667 1633 2730 mortis,
1676 2667 1964 2737 ablataque

376 2753 561 2822 praeda
593 2763 903 2808 sanctarum
924 2755 1249 2820 animarum,
1275 2756 1344 2810 de
1368 2755 1578 2811 inferno
1604 2758 1958 2826 triumphans,

376 2843 682 2897 resurrexit
729 2844 784 2897 in
834 2843 1025 2913 gloria.
1071 2843 1129 2899 In
1172 2846 1274 2901 hac
1313 2846 1531 2916 quidem
1569 2857 1762 2912 nocte,
1822 2848 1961 2902 sicut

376 2932 541 2987 modo
580 2948 645 2987 ex
677 2934 998 3005 Evangelica
1019 2935 1250 2991 lectione
1272 2937 1604 3002 audivimus,
1647 2947 1961 3008 resurgente

374 3024 741 3096 Redemptore
780 3036 994 3093 nostro,
1025 3038 1352 3083 terrwmotus
1387 3028 1558 3098 factus
1583 3038 1658 3083 est
1689 3046 1909 3100 magnus
1938 3044 1956 3081 :

374 3115 594 3186 angelus
623 3126 799 3171 autem
827 3117 1040 3172 Domini
1074 3118 1338 3173 descendit
1362 3119 1428 3172 de
1452 3119 1601 3186 caelo,
1631 3129 1679 3173 et
1707 3120 1957 3175 accedens

375 3207 591 3261 revolvit
622 3206 850 3277 lapidem
869 3209 934 3263 ab
957 3210 1089 3262 ostio
1115 3212 1456 3275 monumenti,
1479 3211 1787 3283 sedebatque
1807 3228 1964 3283 super

370 3315 518 3363 eum,
551 3314 712 3368 quem
745 3297 916 3355 Judaei
945 3301 1014 3355 ob
1038 3299 1316 3371 perﬁdiam
1341 3301 1631 3356 maximam
1657 3302 1962 3372 appositum

372 3388 752 3458 signaverunt,
779 3396 835 3444 et
865 3390 1176 3444 munierunt
1202 3390 1511 3460 sepulcrum
1559 3406 1680 3447 cum
1722 3394 1964 3448 custodi-

375 3477 500 3533 bus.
526 3479 779 3549 Aspectus
799 3489 981 3534 autem
1010 3480 1184 3550 angeli
1206 3490 1317 3536 erat
1340 3482 1473 3536 sicut
1504 3481 1706 3552 fulgur,
1741 3491 1790 3536 et
1810 3482 1963 3536 vesti-

374 3578 554 3624 menta
578 3571 713 3624 sicut
742 3571 852 3624 nix.
879 3568 1003 3625 Prte
1025 3573 1210 3626 timore
1240 3581 1414 3627 autem
1448 3571 1564 3642 ejus
1588 3573 1822 3627 exterriti
1842 3582 1963 3628 sunt

370 3658 639 3725 custodes,
679 3669 726 3714 et
764 3661 894 3730 [acti
934 3671 1054 3716 sunt
1090 3661 1225 3717 velut
1257 3663 1468 3717 mortui.
1496 3662 1810 3721 Mulieribus
1830 3680 1965 3734 quo-

374 3765 506 3820 que,
558 3766 678 3821 quae
727 3750 1024 3809 Salvatoris
1057 3769 1243 3809 amore
1279 3769 1543 3822 accensae,
1570 3755 1639 3811 ad
1660 3756 1963 3825 sepulcrum

372 3838 664 3909 venerunt,
688 3841 831 3899 idem
851 3845 1075 3916 angelus
1104 3846 1278 3902 dixit:
1311 3845 1489 3902 Nolite
1512 3847 1694 3902 timere
1721 3865 1828 3914 vos,
1854 3852 1964 3903 scio

372 3933 516 3988 enim
558 3935 699 4005 quod
736 3933 925 3990 Jesum’
962 3939 1052 4008 qui
1090 3939 1378 4009 cruciﬁxus
1419 3948 1495 3995 est
1542 3941 1779 4011 quwritis
1813 3959 1831 3997 :
1860 3959 1965 3997 non

370 4032 454 4078 est
476 4023 580 4088 hic,
610 4026 843 4079 surrexit
870 4027 1004 4081 sicut
1031 4027 1203 4094 dixit;
1228 4030 1396 4084 uenite
1417 4039 1466 4084 et
1492 4031 1659 4086 videte
1678 4031 1850 4086 locum
1875 4032 1964 4086 ubi

372 4114 577 4186 positus
594 4123 706 4168 erat
733 4113 991 4170 Dominus
1025 4130 1045 4169 .'
1070 4126 1117 4170 et
1147 4117 1248 4171 cito
1275 4127 1455 4173 euntes
1483 4119 1668 4174 discite
1691 4119 1963 4191 discipulis

372 4207 494 4276 ejus
527 4208 651 4279 quia
687 4209 938 4275 surrexit,
968 4219 1016 4264 et
1038 4226 1155 4265 ecce
1180 4211 1434 4281 prtecedct
1460 4229 1546 4267 eos
1566 4213 1622 4268 in
1644 4210 1920 4269 Galilteam
1942 4232 1964 4281 ;

374 4302 471 4355 ubi
501 4317 620 4355 eum
647 4300 899 4365 videbitis,
935 4317 1051 4355 ecce
1087 4301 1496 4373 pnedixivobis.
1546 4301 1710 4359 Nobis
1733 4305 1878 4359 enim
1909 4312 1967 4360 et

376 4405 481 4496 pro
507 4391 665 4492 nobis
693 4389 941 4448 Christus
968 4392 1228 4458 nascitur,
1253 4394 1473 4464 patitur,
1504 4395 1759 4496 resurgit,
1788 4403 1847 4450 ut
1867 4411 1967 4452 nos
1991 4434 2045 4496 Β

378 4480 439 4535 in
486 4480 593 4535 vita
634 4496 734 4550 per
777 4482 952 4551 ipsum
1004 4497 1355 4538 renascamur
1394 4500 1408 4537 :
1458 4483 1639 4538 omnia
1689 4485 1835 4539 enim
1861 4499 1967 4556 per

376 4573 558 4644 ipsum
601 4573 657 4628 in
694 4572 798 4629 hac
843 4582 1002 4630 nocte
1025 4582 1330 4630 restaurata
1379 4583 1524 4631 sunt.
1555 4575 1614 4630 ln
1639 4575 1744 4631 bac
1765 4576 1963 4646 quippe

378 4674 567 4732 nocte,
597 4665 749 4736 quasi
784 4666 1037 4736 primitiae
1073 4665 1478 4732 dormientium,
1509 4664 1757 4722 Christus
1784 4656 1964 4722 resur-

382 4757 553 4823 rexit;
593 4758 650 4812 in
689 4759 793 4813 hac
817 4767 977 4813 nocte
1009 4758 1298 4828 captivitas
1322 4765 1509 4814 nostra
1538 4758 1786 4824 solvitur,
1813 4759 1923 4814 vita
1943 4799 1959 4825 ,

383 4851 440 4906 in
477 4849 646 4905 Adam
669 4851 887 4916 amissa,
919 4858 1285 4917 restaurator;
1313 4851 1367 4905 in
1393 4852 1495 4906 hac
1516 4859 1673 4906 nocte
1691 4850 1963 4920 protopla-

385 4950 503 4998 stus
540 4943 796 5012 antiquus
827 4944 1146 5015 peregrinus
1170 4945 1328 5000 rediit
1351 4946 1420 5000 ad
1444 4945 1680 5015 paradisi
1708 4946 1962 5016 patriam,

384 5034 603 5090 Christo
643 5035 902 5092 cherubin
933 5045 1181 5091 movente
1215 5054 1229 5090 :
1270 5035 1339 5090 ab
1368 5037 1471 5092 hac
1509 5036 1653 5091 enim
1686 5045 1845 5092 nocte
1868 5036 1970 5091 Do-

384 5128 600 5183 minicxe
639 5130 1050 5186 resurrectionis
1070 5130 1354 5200 paradisus
1398 5137 1565 5200 patet,
1592 5130 1723 5185 nulli
1764 5130 1967 5185 claudi-

386 5228 496 5284 tur,
522 5220 629 5274 nisi
658 5234 688 5273 a
714 5221 924 5289 seipse;
956 5221 1088 5275 nulli
1126 5222 1388 5291 aperitur,
1422 5223 1525 5277 nisi
1562 5238 1592 5278 a
1616 5222 1856 5279 Christo.
1883 5223 1966 5279 Ad

383 5310 493 5365 hoc
534 5311 679 5365 enim
718 5310 879 5365 hodie
925 5312 1183 5367 Dominus
1228 5314 1548 5382 resurrexit,
1574 5324 1635 5370 ut
1675 5316 1961 5387 imaginem

382 5401 544 5456 nobis
564 5400 763 5456 futurae
790 5404 1201 5460 resurrectionis
1223 5407 1564 5471 ostenderet;
1586 5416 1643 5461 et
1663 5407 1784 5462 ideo
1805 5408 1964 5463 hodie

381 5490 536 5545 vitali
583 5490 805 5547 lavacro
838 5508 1125 5563 resurgens
1152 5495 1247 5550 Dei
1277 5496 1526 5566 populus,
1558 5498 1626 5550 ad
1666 5498 1839 5553 instar
1879 5512 1967 5552 re-

383 5582 775 5648 surrectionis,
840 5583 1137 5639 Ecclesiam
1196 5597 1436 5641 nostram
1493 5587 1778 5658 splendore
1822 5588 1965 5642 nivei

382 5673 639 5731 candoris
681 5676 966 5732 illuminat.
1000 5677 1216 5735 Gratias
1246 5677 1356 5734 Deo
1392 5688 1580 5735 nostro
1613 5694 1776 5751 agere
1807 5679 1970 5735 debe-

2068 1839 2266 1895 diaboli
2302 1838 2534 1909 fugiant,
2570 1839 2730 1895 ﬁdem
2767 1842 3087 1897 catholicam
3116 1852 3354 1907 teneant,
3378 1843 3445 1896 ad
3471 1843 3644 1899 eccle-

2067 1935 2202 1988 siam
2243 1933 2583 2004 frequentius
2617 1943 2870 2000 currant,
2919 1944 3230 2005 contempta
3268 1936 3598 1993 verbositate
3622 1976 3639 2003 ,

2067 2024 2325 2080 lectiones
2368 2025 2579 2080 divinas
2629 2025 2886 2080 attentius
2927 2024 3151 2080 auribus
3199 2026 3451 2091 audiant,
3489 2042 3645 2097 pere-

2065 2117 2249 2187 grinos
2294 2117 2596 2187 excipiant,
2641 2125 2697 2171 et
2735 2118 3027 2172 secundum
3071 2117 3213 2188 quod
3248 2119 3302 2171 in
3345 2117 3645 2187 Scripturis

2064 2208 2417 2263 constitutum
2456 2216 2556 2271 est,
2603 2208 2875 2277 hospitum
2914 2208 3079 2278 pedes
3114 2208 3324 2274 lavent,
3358 2222 3545 2278 pacem
3585 2218 3644 2263 et

2064 2298 2166 2369 ipsi
2219 2306 2463 2362 teneant,
2508 2308 2563 2353 et
2585 2298 2864 2354 discordes
2896 2300 2963 2353 ad
2992 2299 3347 2353 concordiam
3392 2314 3653 2354 revocare

2063 2389 2391 2443 contendant
2426 2388 2797 2444 sacerdotibus
2843 2397 2897 2444 et
2939 2390 3252 2459 parentibus
3279 2390 3540 2445 honorem
3589 2399 3648 2446 et

2063 2494 2303 2539 amorem
2341 2495 2484 2534 vera:
2514 2479 2799 2534 charitatis
2827 2480 3142 2548 impendant
3177 2497 3190 2532 :
3227 2480 3342 2535 haec
3366 2495 3499 2551 ergo
3532 2495 3652 2535 om-

2063 2571 2171 2633 nia,
2224 2576 2282 2623 et
2320 2569 2404 2624 his
2450 2570 2679 2633 similia,
2719 2569 2858 2624 filios
2882 2577 2937 2624 et
2965 2569 3103 2623 ﬁlias
3133 2578 3339 2624 vestras
3358 2570 3653 2626 admonere

2062 2664 2352 2725 condecet,
2399 2670 2461 2715 ut
2504 2677 2627 2718 cum
2670 2662 2801 2731 ipsis
2848 2662 2915 2716 ad
2953 2670 3214 2715 aeternam
3260 2661 3649 2716 beatitudinem

2063 2751 2292 2807 feliciter
2322 2751 2569 2805 veniatis.
2593 2750 2763 2805 Nemo
2785 2766 2845 2805 se
2867 2750 3277 2815 circumveniat,
3300 2748 3495 2805 fratres
3514 2751 3647 2807 cha-

2063 2843 2284 2908 rissimi,
2301 2842 2477 2897 nullus
2498 2844 2659 2897 homo
2687 2843 2787 2898 sibi
2815 2842 3149 2896 solummodo
3175 2842 3338 2905 vivat,
3363 2843 3484 2906 sed,
3501 2842 3649 2901 sicut

2059 2932 2371 3002 frequenter
2392 2932 2650 3003 suggessi,
2673 2940 3118 3001 quantoscunque
3132 2931 3326 3001 aliquis
3344 2948 3440 3001 per
3458 2947 3643 2987 exem-

2060 3025 2205 3096 plum
2246 3032 2450 3079 sanctae
2492 3024 2613 3079 vita:
2660 3024 3043 3089 aediﬁcaverit,
3090 3038 3213 3078 cum
3258 3025 3424 3079 tantis
3448 3032 3503 3078 ct
3541 3039 3642 3094 pro

2070 3114 2237 3170 tantis
2289 3113 2589 3168 mercedem
2638 3113 2808 3169 beatae
2842 3114 3213 3169 retributionis
3263 3114 3524 3184 accipiet;
3592 3122 3652 3169 et

2067 3206 2498 3277 quantiscunque
2574 3206 2879 3276 exemplum
2950 3205 3106 3261 malae
3181 3206 3647 3273 conversationis,

2065 3296 2282 3354 etiamsi
2324 3296 2400 3350 illi
2433 3311 2539 3351 non
2566 3310 2690 3349 eum
2718 3304 3036 3366 sequantur,
3059 3297 3377 3365 praebuerit,
3405 3312 3504 3366 pro
3530 3306 3654 3351 tan—

2066 3389 2137 3444 tis
2163 3403 2223 3445 se
2252 3387 2518 3443 rationem
2543 3388 2753 3442 noverit
2776 3387 3132 3453 redditurum,
3153 3388 3281 3458 quia
3307 3389 3650 3444 occasionem

2064 3481 2145 3536 eis
2174 3481 2322 3537 dedit
2362 3482 2554 3537 mortis
2600 3490 2657 3538 et
2699 3496 2916 3538 causam
2949 3483 3163 3554 paravit
3206 3481 3544 3553 perditionis.
3581 3480 3653 3537 Et

2066 3573 2191 3629 ideo
2226 3574 2369 3630 sicut
2396 3572 2512 3643 jam
2550 3589 2711 3644 supra
2761 3575 3037 3646 suggessi,
3086 3574 3370 3644 neophytis
3418 3572 3645 3640 nostris,

2063 3664 2356 3719 auxiliante
2384 3665 2634 3730 Domino,
2672 3663 2974 3733 exemplum
3008 3662 3161 3716 bona:
3185 3661 3633 3726 conversationis,

2064 3763 2328 3826 quantum
2354 3769 2663 3826 possumus,
2691 3754 2950 3808 debemus
2980 3751 3289 3815 ostendere,
3320 3756 3381 3804 ut
3406 3763 3514 3805 non
3538 3765 3645 3821 pro

2064 3844 2278 3900 illorum
2305 3844 2673 3915 destimetiope
2699 3856 2917 3913 pcenam
2964 3840 3229 3911 recipere,
3256 3839 3353 3896 sed
3388 3854 3488 3910 pro
3521 3840 3653 3896 aedi-

2066 3936 2320 4001 ﬁcatione
2364 3935 2435 3991 ad
2482 3926 2893 4019 mauigentia‘m-i
3290 3941 3608 4019 plostrorum
3630 3971 3654 3999 ,

2065 4027 2295 4093 Domino
2336 4034 2630 4098 prastante
2647 4065 2663 4091 ,
2688 4010 3428 4108 nemnem.ng
3444 4022 3653 4101 gaudia

2064 4118 2587 4189 aeternapossidem,
2613 4114 2807 4189 Muell;
2872 4196 2877 4199 1
3180 4110 3187 4113 ⁷
3270 4115 3285 4129 “
3331 4106 3349 4142 ⁵
3374 4106 3392 4146 ⁵
3412 4114 3443 4155 5
3466 4122 3517 4171 Ὗ

2308 4218 2319 4226 ’γ
2391 4234 2405 4240 ί
2472 4214 2495 4256 εί
2524 4221 2544 4266 ί
2574 4214 2904 4312 enemies
2940 4212 3167 4312 svmv-
3202 4244 3220 4312 ς
3263 4258 3282 4273 υ

2483 4338 2537 4379 ut
2574 4336 2663 4377 nn:
2697 4304 3264 4390 nouimcs‘riécméig
3302 4318 3321 4387 ξ
3364 4304 3399 4397 ΜΞ
3422 4304 3579 4393 “is;

2136 4413 2346 4471 Pascha
2376 4421 2641 4480 nostrum,
2676 4410 3037 4478 dilectissimi,
3064 4402 3264 4465 Christi
3292 4400 3374 4466 est
3400 4402 3652 4468 rasam.

2067 4506 2177 4562 ctio
2214 4524 2229 4563 :
2263 4504 2472 4562 Pascha
2494 4505 2690 4576 quippe
2725 4503 2977 4559 transitus
3006 4503 3415 4573 interpretatur,
3461 4504 3653 4562 videli-

2068 4604 2157 4654 cet
2188 4596 2256 4652 de
2279 4605 2455 4651 morte
2493 4594 2560 4649 ad
2588 4595 2778 4659 vitam,
2813 4593 2879 4649 dc
2907 4594 3159 4663 passione
3197 4592 3264 4648 ad
3298 4594 3545 4665 gloriam,
3582 4596 3653 4653 de

2067 4684 2281 4742 inferno
2318 4686 2385 4741 ad
2425 4685 2757 4757 paradisum.
2805 4682 2863 4738 ln
2891 4699 2956 4741 eo
2991 4685 3191 4758 quippe
3216 4688 3359 4759 quod
3397 4686 3652 4744 Christus

2069 4784 2319 4832 mortuus
2361 4784 2466 4840 est,
2513 4788 2661 4828 mors
2700 4781 2883 4829 nostra
2919 4775 3193 4831 destructa
3242 4784 3355 4843 est;
3409 4784 3466 4833 et
3503 4777 3651 4847 quod

2069 4865 2185 4936 ipse
2210 4865 2530 4928 resurrexit,
2562 4864 2717 4918 nobis
2748 4865 3060 4934 rcsurgendi
3088 4865 3399 4922 facultatem
3433 4866 3649 4934 tribuit,

2068 4971 2272 5027 nosque
2302 4954 2533 5011 transire
2575 4954 2702 5009 fecit
2724 4954 2791 5009 de
2816 4954 3131 5011 inﬁdelitate
3156 4956 3225 5011 ad
3265 4956 3425 5012 ﬁdem
3455 4957 3649 5013 catho—

2066 5047 2250 5112 licam,
2279 5047 2345 5102 de
2372 5044 2671 5101 idololatria
2697 5044 2765 5099 ad
2779 5045 2938 5100 unius
2961 5046 3054 5101 Dei
3078 5046 3301 5112 cultum,
3330 5048 3395 5103 de
3425 5057 3654 5118 peccato

2069 5135 2137 5190 ad
2152 5134 2437 5206 justitiam,
2464 5135 2531 5188 de
2553 5147 2741 5188 errore
2768 5132 2835 5186 ad
2863 5133 3170 5201 veritatem,
3192 5134 3261 5191 de
3283 5135 3551 5191 discordia
3579 5138 3651 5193 ad

2066 5240 2279 5297 pacem,
2307 5224 2373 5281 de
2398 5223 2572 5279 servis
2596 5222 2875 5279 inutilibus
2895 5231 2953 5279 et
2973 5223 3169 5281 diaboli
3198 5226 3423 5281 servitio
3447 5226 3651 5282 manci-

2066 5318 2209 5388 patis
2232 5317 2285 5371 in
2308 5329 2591 5371 numerum
2616 5313 2850 5370 ﬁliorum
2870 5313 2988 5381 Dei,
3004 5315 3071 5371 de
3091 5316 3283 5373 exsilio
3307 5317 3374 5371 ad
3390 5317 3648 5387 patriam,

2070 5410 2135 5464 de
2170 5420 2333 5478 poma
2367 5406 2434 5461 ad
2461 5420 2741 5462 coronam.
2773 5405 2842 5460 Et
2867 5404 3009 5471 ideo,
3041 5406 3398 5470 dilectissimi,
3442 5404 3646 5476 pascha

2068 5496 2268 5551 Christi
2303 5510 2530 5567 regnum
2564 5504 2650 5550 est
2694 5494 2837 5559 cteli,
2876 5495 3027 5550 salus
3056 5497 3263 5559 mundi,
3305 5507 3528 5549 occasus
3561 5492 3647 5546 in-

2068 5586 2228 5653 ferni,
2256 5588 2425 5659 gloria
2455 5602 2834 5660 supernorum,
2863 5589 2971 5665 vita
3002 5588 3358 5665 credentium,
3404 5601 3645 5640 resurre-

2070 5681 2181 5735 ctio
2229 5690 2587 5747 mortuorum,
2621 5676 2986 5736 testimonium
3023 5678 3387 5734 miserationis
3425 5676 3640 5738 divinat.
