4040 6188
432 258 502 315 35
1068 255 1128 310 Β.
1172 253 1423 310 RABANI
1458 251 1677 310 MAURI
1715 253 2033 311 ARCHIEP.
2077 252 2384 312 MOCUN'I‘.
2416 256 2699 314 OPERUM
2735 257 2913 313 PARS
2954 258 3012 313 Il.
3620 265 3691 322 36

427 372 661 445 pretium
683 370 1073 443 redemptionis
1095 371 1367 435 humanae,
1389 369 1647 425 contritio
1671 371 1862 426 mortis
1887 370 2012 426 abo-
2037 376 2089 436 Α

428 465 526 518 lita
553 471 637 518 est
660 460 810 534 [Dele
835 461 1034 516 abolita
1055 461 1185 533 est].
1211 461 1340 529 Quae
1367 459 1655 525 festivitas,
1678 461 1774 515 Dei
1793 469 2009 516 sacrata

428 553 710 624 mysterio,
741 552 997 606 virtutem
1024 551 1319 605 Dominicae
1347 550 1762 606 resurrectionis
1786 567 1885 621 per
1907 566 2005 607 an-

426 644 580 715 gelos
603 643 827 705 indicat,
849 656 947 712 per
971 641 1199 711 populos
1236 639 1563 705 manifestat,
1595 655 1691 710 per
1709 643 1871 697 corda
1896 658 2009 698 cre-

424 737 667 791 dentium
711 737 852 790 bona
887 734 1229 805 multiplicat.
1277 734 1378 789 llic
1425 743 1509 789 est
1554 735 1717 806 igitur
1758 737 1875 792 dies
1919 736 2009 792 ille

429 827 495 880 de
541 840 648 894 quo
698 824 983 878 Psalmista
1026 824 1152 878 olim
1204 825 1556 895 praecinebat,
1597 827 1783 882 dicens
1827 826 2006 881 :Ila’c

424 916 536 969 dies
581 931 739 984 quant
776 914 897 983 fecit
935 913 1221 980 Dominus,
1252 914 1571 970 exsultemus
1598 926 1646 970 et
1675 916 1914 971 lit-temur
1950 918 2007 972 in

420 1022 483 1057 ea
507 1002 679 1074 (Psal.
707 1002 897 1074 cxvu).
927 1002 1137 1059 Celsior
1176 1006 1404 1069 eunetis,
1440 1006 1667 1061 lucidior
1698 1006 1965 1061 universis
1987 1047 2002 1072 ,

423 1096 477 1149 in
502 1110 606 1164 qua
631 1094 890 1149 Dominus
932 1096 1232 1149 resurrexit
1265 1115 1278 1149 :
1311 1096 1364 1151 in
1397 1112 1501 1165 qua
1530 1112 1723 1151 novam
1752 1097 1855 1151 sibi
1897 1096 2009 1167 ple-

426 1185 568 1247 l:em,
610 1193 671 1238 ut
699 1183 770 1237 ibi
801 1184 1013 1249 videtis,
1061 1185 1489 1255 regenerationis
1514 1186 1705 1256 spiritu
1731 1188 2006 1256 conquisi-

422 1278 529 1340 vit;
559 1278 610 1331 in
638 1294 743 1346 qua
768 1278 1100 1347 singulorum
1125 1290 1333 1335 mentes
1359 1280 1554 1349 gaudio
1575 1289 1631 1334 et
1647 1280 2008 1336 exsultatione

420 1365 678 1434 perfudit.
709 1366 808 1420 llic
843 1382 973 1436 ergo
1006 1369 1122 1423 dies
1148 1369 1567 1423 resurrectionis
1587 1368 1788 1423 Christi
1816 1367 2008 1423 defun-

434 1456 536 1508 ctis
557 1455 686 1519 vita,
713 1457 1085 1525 peccatoribus
1115 1458 1293 1523 venia,
1317 1459 1520 1512 sanctis
1539 1467 1622 1512 est
1645 1458 1833 1528 gloria.
1865 1458 2010 1525 Quo-

432 1545 590 1600 modo
631 1562 757 1617 ergo
790 1548 955 1601 Maria
985 1549 1152 1619 virgo,
1191 1546 1629 1616 mater‘Domini,
1660 1551 1802 1606 inter
1820 1566 2009 1606 omnes

425 1636 681 1690 mulieres
709 1638 1072 1707 principatum
1098 1647 1268 1703 tenet,
1293 1640 1367 1693 ita
1394 1649 1449 1693 et
1474 1640 1526 1693 in
1556 1643 1716 1695 terris
1736 1642 1855 1696 dies
1887 1643 2003 1696 haec

423 1728 663 1781 omnium
687 1729 896 1782 dierum
915 1739 1075 1798 caput
1090 1739 1202 1784 est:
1223 1732 1428 1785 etsicnt
1444 1732 1640 1787 Sancta
1667 1744 1998 1799 sanctorum,
2031 1728 2076 1748 ”
2096 1728 2392 1821 Ῑθίιιηίίεξι
2425 1728 2713 1809 δίηὶριίοῖιρ
2752 1728 2932 1812 cavbis
2957 1728 3159 1813 ᾖοξιηη
3196 1728 3506 1830 ιηιιωξιηυει

423 1819 510 1872 vel
535 1818 756 1874 Cantica
791 1821 1126 1876 canticorum
1156 1822 1209 1876 in
1252 1822 1546 1893 Scripturis
1575 1823 1820 1895 legimus,
1851 1826 1925 1879 ita
1947 1834 2003 1879 et

422 1910 564 1965 hanc
609 1911 1007 1966 solemnitatem
1053 1913 1454 1967 solemnitatum
1496 1914 1690 1969 merito
1748 1916 1997 1970 dicimus.

423 1999 634 2070 lgneam
667 2002 811 2055 illam
848 2003 1212 2073 rhomphzeam
1235 2006 1543 2075 etparadisi
1560 2007 1805 2075 januam,
1837 2023 2001 2078 quam

422 2093 603 2147 nullus
627 2094 800 2162 potuit
827 2093 1134 2166 effringere,
1175 2096 1334 2151 modo
1364 2096 1613 2152 Christus
1640 2112 1763 2152 cum
1793 2098 2003 2154 latrone

422 2186 684 2239 reseravit
707 2202 720 2238 :
744 2195 898 2254 porta
927 2187 1185 2256 paradisi,
1214 2204 1334 2258 quae
1368 2188 1497 2243 nulli
1541 2200 1671 2245 ante
1693 2191 2000 2261 passionem

423 2274 638 2328 Domini
678 2286 864 2345 aperta
896 2286 1017 2342 est,
1051 2292 1117 2331 ex
1153 2292 1220 2332 eo
1261 2286 1501 2349 tempore
1529 2295 1636 2348 quo
1676 2295 1868 2350 passus
1919 2291 2003 2337 est

422 2365 681 2420 Dominus
704 2380 873 2434 usque
902 2367 967 2421 ad
990 2376 1308 2438 przesentem
1332 2369 1472 2424 diem
1490 2379 1546 2425 et
1565 2370 1747 2427 clausa
1770 2382 1825 2426 et
1852 2388 2002 2428 rese-

427 2464 541 2509 rata
567 2463 681 2521 est;
708 2456 890 2511 clausa
919 2466 1003 2512 est
1036 2460 1414 2528 peccatoribus
1439 2471 1497 2516 et
1522 2462 1834 2531 incredulis,
1862 2479 2005 2520 rese-

426 2557 543 2603 rata
569 2556 652 2602 est
688 2548 850 2617 justis
889 2559 942 2605 et
979 2551 1321 2608 credentibus
1362 2571 1376 2606 :
1408 2569 1506 2624 per
1542 2555 1683 2610 hanc
1728 2556 2004 2628 ingressus

423 2644 508 2690 est
545 2636 761 2703 Petrus,
792 2652 890 2708 per
920 2640 1060 2695 hanc
1091 2640 1366 2712 ingressus
1386 2650 1470 2697 est
1493 2641 1711 2709 Paulus,
1737 2660 1834 2714 per
1863 2646 2004 2699 hanc

427 2742 618 2781 omnes
631 2727 803 2781 sancti
820 2736 1087 2798 martyres
1102 2728 1460 2794 intraverunt,
1483 2744 1580 2801 per
1600 2732 1739 2787 hanc
1763 2733 2004 2803 quotidie

424 2816 495 2872 de
530 2825 643 2872 toto
675 2818 878 2873 mundo
911 2819 1179 2889 iustorum
1205 2821 1399 2876 anima:
1444 2822 1836 2892 ingrediuntur.
1876 2824 2003 2880 Dum

421 2905 567 2959 enim
591 2915 759 2974 porte
783 2915 928 2971 sunt,
956 2916 1112 2977 porta
1143 2910 1401 2979 paradisi,
1440 2920 1496 2966 et
1520 2921 1677 2981 porta
1705 2913 1961 2970 Ecclesia:
1984 2929 1999 2968 :

423 3013 525 3065 per
569 3007 779 3067 portam
824 2998 1082 3054 Ecclesia:
1126 3001 1446 3056 intravimus
1483 3004 1768 3072 primitus,
1811 3004 1866 3059 id
1897 3014 1975 3059 est

425 3102 522 3155 per
549 3087 708 3141 ﬁdem
756 3100 810 3142 et
849 3087 1211 3158 baptismum,
1241 3092 1365 3159 quia
1400 3091 1640 3162 quidem,
1686 3095 1732 3148 si
1775 3093 2005 3150 ﬁdeliter

424 3179 862 3245 permanebimus
912 3181 1049 3235 bene
1093 3189 1416 3250 operantes,
1460 3192 1585 3253 post
1622 3184 1827 3239 exitum
1881 3186 2005 3241 vitae

425 3280 637 3339 portam
660 3272 982 3328 intrabimus
1005 3275 1261 3345 paradisi.
1293 3277 1533 3333 Ecclesia
1556 3294 1771 3349 quoque
1817 3290 2002 3336 sancta

425 3360 544 3414 sine
586 3360 748 3418 dubio
782 3363 972 3419 domus
1017 3364 1111 3418 Dei
1133 3374 1236 3431 est,
1259 3374 1315 3420 et
1339 3367 1415 3421 ita
1439 3367 1698 3424 debemus
1723 3370 1907 3426 vivere
1934 3387 2001 3426 ne

431 3452 715 3521 ejiciamur
736 3454 802 3508 de
828 3455 986 3511 domo
1012 3455 1124 3521 illa,
1164 3466 1220 3511 et
1245 3457 1404 3527 ejecti
1448 3458 1597 3515 foras
1626 3476 1656 3514 a
1704 3461 1912 3527 bestiis,
1950 3462 2004 3516 id

427 3551 511 3596 est
555 3543 806 3613 malignis
848 3544 1147 3615 spiritibus,
1186 3546 1527 3615 devoremur,
1561 3551 1626 3605 de
1647 3551 1841 3620 quibus
1879 3568 2003 3621 pro-

370 3678 377 3683 .
423 3635 585 3705 pheta
607 3633 920 3705 dicit(Psal.
946 3636 1154 3707 xxxvii)
1184 3655 1196 3690 :
1229 3636 1312 3693 Ne
1331 3639 1531 3706 tradas,
1562 3638 1799 3705 Domine,
1829 3641 2002 3696 bestiis

428 3730 629 3784 animas
665 3729 964 3798 conﬁtentes
1007 3731 1121 3785 tibi.
1164 3730 1397 3786 Assidue
1444 3747 1572 3804 ergo
1629 3748 1909 3789 versemur
1946 3734 2002 3789 in

427 3817 539 3882 illa,
581 3833 700 3886 qua:
727 3819 966 3873 omnium
1005 3829 1248 3875 nostrum
1273 3833 1596 3905 materies?!
1614 3816 1800 3905 mest,
1824 3825 2002 3882 Ecclev

426 3908 531 3974 sia,
565 3909 938 3996 quatenus,ad
969 3894 1816 3996 Distrig’ieteini,_:._dpi'iosiipsa
1864 3917 2002 3973 ﬁlios

426 3982 1594 4080 adoption‘gég'gﬁu'u'tzgtﬁmanitﬁ"peivenire
1620 3982 1870 4080 regnum.
1895 4006 1999 4061 Ce-

426 4064 716 4152 1ευὶςέτῖῡέ
731 4064 875 4142 balbe
892 4064 1328 4174 'sac'ratissimain
1897 4097 2001 4151 sic.

426 4188 486 4233 ut
515 4177 1148 4269 apostolusyaulusonos
1184 4161 1383 4269 tinguit»,
1411 4161 1788 4266 ᾣξέἧέίποῆ
1800 4161 1998 4256 iii'fer-

427 4252 1016 4354 ηιθιιιρονρὶῌξηξίιειξ
1043 4254 1124 4335 tuo
1140 4252 1390 4339 [eripiente
1415 4252 1631 4328 malitiae
1667 4284 1714 4328 et
1759 4252 1999 4347 nequitia:

2654 373 2935 432 HOMILIA
2966 376 3151 433 XVIII.

2182 497 2234 537 IN
2271 496 2497 540 OCTAVIS
2535 500 2744 541 PASCIIE
2766 528 2781 552 ,
2832 502 2947 542 SIVE
2985 505 3038 543 IN
3072 503 3316 547 CETERIS
3352 508 3624 556 DOIIINICIS

2601 573 2787 612 DIEBUS
2823 573 2953 613 POST
2988 574 3185 616 PASCKA
3195 600 3211 616 .

2178 663 2271 718 Isti
2302 667 2576 732 suntdies,
2600 667 2796 722 fratres
2818 668 3146 737 charissimi,
3176 688 3312 743 quos
3337 675 3407 731 ob
3432 677 3692 737 honorem

2108 754 2401 810 Dominicm
2433 759 2846 813 resurrectionis
2881 775 2980 829 per
3010 769 3182 818 totum
3213 767 3397 822 orbem
3426 778 3692 830 terrarum

2110 845 2373 899 catholica
2418 856 2709 901 veneratur
2755 848 3017 915 Ecclesia,
3049 853 3173 920 quia
3215 853 3465 912 Salvator
3500 862 3694 917 hoster

2108 942 2231 1003 post
2270 938 2722 991 resurrectionem
2770 954 2944 1006 suam,
2995 942 3136 997 sicut
3171 946 3360 1004 beatus
3403 948 3580 1006 Lucas
3609 961 3691 1008 te-

2110 1035 2286 1081 statur
2310 1027 2449 1099 (Act.
2477 1028 2540 1100 l),
2562 1046 2654 1099 per
2681 1032 2790 1084 dies
2812 1032 3163 1104 quadraginta
3189 1040 3297 1093 suis
3337 1040 3608 1113 discipulis
3634 1045 3693 1099 in

2108 1116 2286 1170 multis
2316 1120 2636 1187 argumentis
2669 1123 2933 1190 apparuit,
2970 1132 3024 1177 et
3068 1127 3348 1183 veritatem
3378 1148 3488 1186 sua:
3513 1113 3692 1189 resur-

2112 1206 2365 1261 rectionis
2416 1208 2520 1262 illis
2571 1210 2968 1280 manifestavit;
3015 1224 3069 1269 et
3100 1216 3220 1272 ideo
3256 1231 3565 1281 sanctorum
3597 1240 3691 1296 pa-

2108 1304 2253 1351 trum
2294 1299 2604 1365 traditione,
2631 1300 2890 1358 debemus
2914 1318 3103 1361 omnes
3153 1308 3269 1363 dies
3305 1311 3437 1366 istos
3468 1312 3691 1371 festivos

2110 1388 2330 1456 habere,
2368 1399 2423 1444 et
2452 1406 2573 1444 cum
2604 1392 2833 1461 spiritali
2859 1397 3050 1464 gaudio
3080 1399 3305 1467 gloriam
3338 1407 3688 1461 resurrectio-

2109 1479 2194 1533 nis
2221 1479 2420 1535 Christi
2460 1481 2755 1549 celebrare,
2802 1501 2976 1555 neque
2997 1486 3326 1558 jejuniorum
3355 1494 3585 1565 rigorem
3634 1496 3688 1550 in

2110 1568 2214 1625 illis
2239 1579 2446 1638 tenere,
2471 1572 2596 1633 licet
2615 1574 2877 1631 sobrietas
2897 1580 3041 1632 omni
3075 1587 3316 1651 tempore
3341 1586 3564 1640 tenenda
3594 1588 3684 1642 sit.

2108 1660 2540 1732 Quadragesimze
2580 1680 2709 1736 ergo
2739 1674 2969 1736 tempus,
3009 1670 3150 1737 quod
3185 1680 3311 1726 ante
3340 1675 3541 1742 pascha
3565 1690 3688 1730 cum

3552 1781 3689 1835 prae-

2103 1842 2273 1896 sentis
2293 1842 2474 1897 saeculi
2506 1851 2685 1915 typum
2708 1855 2871 1910 tenet,
2899 1847 2951 1901 in
2974 1863 3078 1916 quo
3098 1864 3194 1918 per
3216 1851 3687 1909 mortiﬁcationem

2100 1935 2342 2006 corporis
2366 1937 2534 1991 nostri
2569 1938 2911 2006 passionibns
2932 1939 3130 1995 Christi
3161 1944 3560 2000 communicare
3586 1946 3679 2001 de-

2099 2027 2322 2082 bemus:
2354 2028 2496 2084 istud
2521 2045 2648 2084 vero
2672 2039 2880 2102 tempus
2903 2033 3043 2101 quod
3065 2043 3185 2103 post
3204 2037 3401 2105 pascha
3429 2052 3601 2108 usque
3626 2038 3682 2093 in

2101 2126 2342 2173 sanctam
2373 2118 2725 2175 Pentecosten
2766 2123 3133 2190 observamus,
3179 2135 3398 2197 propter
3437 2142 3682 2184 resurre-

2100 2209 2333 2264 ctionem
2368 2208 2590 2277 Christi,
2631 2211 2820 2267 futura:
2848 2213 2970 2268 vitae
3018 2215 3305 2285 imaginem
3336 2216 3573 2286 praefert,
3624 2218 3681 2273 in

2101 2316 2207 2371 quo
2248 2301 2433 2357 laudes
2474 2302 2588 2358 Deo
2656 2318 2779 2357 cum
2830 2318 3021 2375 magna
3068 2305 3253 2365 laetitia
3293 2307 3685 2375 decantamus;

2100 2391 2326 2447 Alleluia
2351 2393 2515 2456 enim,
2546 2395 2689 2463 quod
2720 2394 2838 2450 istis
2861 2396 3050 2452 diebus
3079 2397 3131 2451 in
3157 2398 3405 2454 laudibus
3436 2400 3529 2454 Dei
3562 2416 3690 2454 san-

2103 2490 2188 2536 cta
2216 2482 2526 2553 frequentat
2561 2485 2824 2552 Ecclesia,
2872 2489 3139 2543 canticum
3168 2490 3393 2547 caeleste
3414 2502 3516 2558 est,
3547 2493 3690 2547 sicut

2101 2572 2336 2629 Joannes
2367 2576 2642 2645 apostolus
2671 2577 2723 2631 in
2764 2578 3084 2650 Apocalypsi
3121 2596 3216 2635 sua
3244 2590 3474 2637 testatur
3498 2580 3682 2654 (Apoc.

2105 2662 2242 2733 xxx),
2284 2672 2339 2719 et
2386 2664 2580 2720 futurae
2627 2666 2751 2721 vitae
2801 2667 3025 2737 gloriam
3087 2670 3243 2725 nobis
3287 2679 3684 2740 prmmonstrat,

2105 2754 2320 2823 quando
2340 2755 2405 2809 ad
2427 2755 2732 2826 exemplum
2769 2755 3146 2829 Redemptoris
3180 2762 3370 2824 nostri,
3401 2776 3429 2814 a
3457 2761 3687 2817 mortuis

2104 2854 2446 2916 resurgentes
2468 2847 2521 2901 in
2551 2856 2754 2902 aeterna
2776 2850 3108 2906 beatitudine
3130 2868 3251 2907 cum
3290 2855 3493 2909 sanctis
3522 2870 3688 2926 ange-

2104 2937 2170 2993 lis
2191 2938 2307 2993 sine
2333 2941 2638 2996 cessatione
2657 2940 2841 2996 laudes
2869 2945 3096 2998 creatori
3120 2953 3305 2999 nostro
3331 2947 3384 3001 in
3422 2955 3683 3001 internum

1985 3045 2002 3070 ν
2029 3047 2074 3110 C
2104 3030 2462 3085 cantabimus.
2494 3030 2598 3087 Sed
2625 3032 2749 3102 quia
2773 3035 3025 3102 paschale
3049 3047 3256 3107 tempus
3281 3039 3456 3102 modo,
3486 3038 3686 3095 fratres

2105 3119 2440 3184 charissimi,
2486 3120 2842 3189 celebramus,
2890 3124 2967 3177 sic
2997 3125 3328 3180 cxsnltemus
3373 3127 3425 3180 in
3470 3142 3564 3196 spe
3625 3134 3687 3181 ut

2103 3212 2481 3282 perveniamus
2528 3215 2596 3269 ad
2642 3230 2755 3269 rem
2807 3232 2820 3269 :
2868 3218 3095 3285 utquod
3138 3217 3251 3287 jam
3306 3221 3582 3287 praecessit
3629 3219 3686 3275 in

2104 3305 2282 3374 capite
2305 3314 2511 3372 nostro,
2536 3306 2637 3377 ipsi
2659 3322 2871 3377 quoque
2894 3309 2944 3361 in
2973 3307 3061 3362 die
3090 3310 3375 3363 novissima
3408 3312 3688 3381 percipere

2103 3411 2409 3451 mereamur
2436 3415 2449 3450 :
2482 3397 2667 3468 sicque
2693 3399 2905 3469 corpori
2929 3408 3114 3455 nostro
3137 3398 3467 3467 relaxemus,
3488 3410 3543 3454 ut
3588 3418 3683 3471 pu-

2104 3488 2238 3542 ritas
2259 3487 2458 3542 mentis
2486 3503 2592 3542 non
2622 3488 2934 3545 obfuscetur
2960 3508 2976 3545 :
3013 3492 3106 3546 sed
3135 3492 3311 3561 potius
3353 3493 3687 3548 abstinentes

2104 3577 2173 3631 ab
2223 3576 2369 3630 omni
2417 3575 2559 3642 lusu,
2608 3578 2890 3644 ebrietate,
2941 3579 3159 3635 lascivia
3210 3596 3275 3636 ac
3335 3582 3685 3652 turpitudine,

2103 3664 2293 3720 demus
2329 3680 2546 3735 operam
2579 3667 2772 3722 sobria:
2798 3668 3103 3725 remissioni
3140 3685 3205 3725 ac
3225 3680 3424 3727 sancte
3458 3671 3686 3726 sinceri-

2104 3758 2217 3821 tati,
2261 3764 2321 3812 ut
2359 3758 2617 3828 quidquid
2660 3760 2821 3814 modo
2866 3763 3134 3830 corporali
3181 3764 3505 3819 abstinentia
3572 3780 3683 3819 non

2102 3848 2453 3917 acquirimus,
2500 3848 2762 3903 mentium
2810 3851 3045 3920 puritate
3085 3859 3141 3906 et
3172 3867 3381 3908 morum
3415 3853 3688 3923 probitate

2101 3952 2424 4007 qumramus.
2456 3938 2651 3993 Audite
2681 3954 2786 4005 me,
2822 3939 3037 4004 fratres,
3078 3957 3269 3998 omnes
3302 3944 3392 4013 qui
3443 3946 3599 4000 statis
3626 3945 3683 4001 in

2100 4029 2348 4093 Domino,
2394 4029 2700 4099 apostolicis
2751 4033 2933 4087 verbis
2966 4048 3060 4087 vos
3090 4034 3369 4104 alloquor:
3403 4035 3542 4090 Ecce
3578 4052 3687 4091 nos:

2098 4121 2368 4189 processit,
2399 4121 2509 4175 dies
2542 4131 2718 4176 autem
2760 4126 3189 4195 appropinquat-it
3219 4140 3237 4178 :
3270 4126 3493 4196 Abjicite
3524 4144 3684 4199 Opera

2100 4211 2449 4277 tenebrarum,
2483 4223 2530 4265 et
2565 4214 2765 4268 induite
2809 4232 2896 4269 vos
2940 4233 3090 4269 arma
3124 4216 3278 4281 lucis,
3328 4219 3462 4272 sicut
3497 4219 3550 4271 in
3593 4220 3680 4274 die

2098 4298 2308 4353 honeste
2354 4299 2708 4362 ambulemus:
2738 4320 2840 4358 non
2868 4306 2922 4359 in
2952 4307 3412 4361 comessationibus
3446 4316 3493 4361 et
3519 4308 3687 4364 ebrie-

427 4352 660 4441 (ζᾸῙδναέ
674 4355 891 4468 "lim?
914 4368 1162 4463 βδῑνᾟθη
1276 4361 1632 4467 ξ¹¹¹¹³τίι¹¹άίξ¹θ
1658 4364 1872 4468 {nanum
1899 4367 1990 4421 hu‘
2023 4401 2075 4459 1)
2101 4392 2309 4455 tatibus,
2340 4409 2442 4446 non
2470 4393 2526 4445 in
2556 4394 2811 4449 cubilibus
2838 4405 2887 4449 et
2933 4398 3292 4468 impudicitiis,
3321 4416 3422 4452 non
3452 4400 3506 4453 in
3550 4416 3684 4455 con-

425 4465 619 4515 manae,
651 4454 743 4505 sed
767 4452 819 4504 in
851 4452 1157 4507 sinceritate
1184 4453 1376 4507 divinae
1410 4456 1740 4523 sanctitatis,
1772 4473 1891 4528 qua:
1915 4470 1997 4515 est

426 4542 663 4607 castitas,
698 4545 990 4611 humilitas,
1018 4548 1250 4613 bonitas,
1304 4548 1692 4615 misericordia,
1744 4553 1993 4608 humani-

427 4641 531 4696 tas,
561 4631 790 4701 justitia,
836 4635 1061 4700 lenitas,
1094 4638 1373 4704 patientia,
1416 4639 1638 4706 veritas,
1669 4656 1792 4709 pax,
1844 4644 1997 4698 beni-

425 4722 621 4791 gnitas.
670 4721 795 4776 [hec
834 4733 917 4777 est
947 4740 1123 4778 massa
1158 4729 1457 4786 sanctitatis
1491 4731 1805 4787 Christiana:
1830 4749 1995 4803 quam

426 4815 673 4870 humana:
704 4815 921 4870 malitia:
952 4815 1274 4872 fermentum
1308 4821 1630 4891 corrumpit,
1659 4823 1760 4878 hoc
1783 4832 1884 4888 est,
1926 4826 1993 4879 li-

423 4907 567 4974 bido,
610 4910 881 4979 superbia,
924 4910 1141 4975 invidia,
1186 4911 1460 4981 iniquitas,
1509 4916 1760 4981 avaritia,
1804 4916 1998 4972 intem-

424 5000 689 5068 perantia,
718 5002 1076 5068 mendacium,
1104 5003 1391 5071 discordia,
1414 5007 1617 5072 odium,
1646 5024 1780 5062 vana
1804 5009 1993 5079 gloria,

424 5094 718 5149 crudelitas
744 5103 798 5153 et
826 5097 1119 5167 injustitia;
1155 5112 1273 5166 quae
1294 5101 1475 5153 omnia
1519 5102 1883 5170 corruptionis
1905 5118 1997 5174 ge-

425 5198 553 5238 nera
593 5184 768 5240 aliena
806 5186 962 5242 nobis
994 5186 1220 5254 efﬁciat,
1263 5197 1318 5242 et
1356 5189 1715 5246 sinceritatem
1753 5193 1995 5249 veritatis

423 5290 535 5330 sua:
562 5276 675 5345 ipse
714 5276 769 5330 in
805 5278 960 5333 nobis
995 5280 1283 5344 custodiat,
1328 5290 1514 5335 auctor
1533 5292 1587 5336 et
1613 5283 1836 5355 largitor
1874 5300 1994 5339 om-

423 5367 571 5420 nium
598 5366 935 5425 bonorumet
959 5368 1180 5425 elfector
1203 5371 1361 5426 istius
1380 5375 1758 5431 sacratissima:
1787 5377 1993 5432 festivi-

425 5458 572 5523 tatis,
617 5456 775 5515 Jesus
807 5459 1077 5528 Christus,
1124 5461 1366 5517 Salvator
1403 5472 1603 5531 noster,
1635 5468 1726 5536 qui
1765 5469 1896 5522 vivit
1942 5478 1997 5523 et

424 5558 614 5614 regnat
635 5565 756 5605 cum
772 5550 880 5627 Deo
904 5551 1061 5607 Patre
1090 5552 1144 5606 in
1172 5553 1377 5608 unitate
1396 5553 1630 5624 Spiritus
1647 5560 1816 5615 sancti
1832 5560 1992 5626 Deus,

425 5649 518 5706 per
545 5641 723 5695 omnia
751 5642 944 5698 szecula
966 5644 1303 5700 seculorum.
1334 5646 1525 5701 Amen.

2104 4484 2330 4537 tentione
2378 4493 2427 4537 et
2475 4485 2839 4551 trmulatione;
2886 4489 2980 4542 sed
3030 4490 3229 4543 induite
3263 4506 3348 4545 vos
3397 4490 3685 4546 Dominum

2102 4573 2282 4627 Iesum
2308 4571 2593 4639 Christum,
2631 4586 2681 4630 et
2706 4579 2879 4632 carnis
2906 4596 3085 4633 curam
3115 4596 3176 4633 ue
3218 4581 3441 4650 feceritis
3474 4582 3528 4635 in
3558 4599 3686 4636 con-

2103 4664 2429 4733 cupiscentiis
2453 4663 2630 4735 (Rom.
2666 4667 2807 4737 xui),
2836 4676 2893 4721 ut
2915 4677 2969 4723 et
2994 4671 3157 4724 vitam
3181 4679 3439 4726 :etcrnam
3485 4681 3540 4726 et
3570 4680 3685 4726 sto-

2102 4751 2207 4807 lam
2236 4753 2658 4811 immortalitatis
2700 4757 2951 4824 indualis,
2984 4760 3050 4814 ad
3094 4776 3254 4829 quam
3278 4762 3680 4831 percipiendam

2103 4843 2158 4897 in
2212 4844 2479 4914 baptismo
2527 4849 2827 4916 regenerati
2873 4848 3007 4902 estis
3062 4867 3073 4901 :
3126 4848 3387 4919 Quotquot
3432 4851 3571 4904 enim
3625 4853 3682 4907 in

2101 4933 2305 4988 Christo
2349 4935 2597 5004 baptizati
2634 4939 2777 5001 estis,
2818 4936 3082 4992 Christum
3111 4939 3356 4993 iuduistis
3397 4938 3539 5011 (Gal.
3570 4941 3680 5010 ιιι),

2098 5035 2154 5081 et
2184 5025 2300 5094 ejus
2323 5028 2560 5083 membra
2588 5027 2715 5082 facti
2739 5029 2887 5083 estis.
2920 5029 3052 5096 Quia
3078 5044 3207 5099 ergo
3231 5030 3470 5084 membra
3518 5029 3683 5085 Chri-

2098 5118 2167 5171 sti
2195 5119 2345 5183 estis,
2392 5120 2656 5174 admoneo
2708 5136 2805 5175 vos
2832 5130 2893 5174 ut
2932 5121 3676 5190 attendatis‘vobismctipsis,

2100 5220 2169 5261 ne
2197 5205 2333 5261 forte
2364 5208 2509 5261 illam
2535 5210 2849 5280 dignitatem
2880 5210 3132 5280 perdatis.
3190 5210 3378 5281 Magna
3394 5208 3583 5265 autem
3623 5221 3681 5266 et

2097 5292 2489 5352 inaestimabilis
2528 5298 2762 5368 dignitas
2804 5307 2887 5353 est
2952 5298 3065 5353 ﬁeri
3123 5299 3261 5354 ﬁlios
3307 5301 3425 5365 Dei,
3476 5299 3680 5356 fratres

2101 5392 2280 5437 autem
2318 5385 2519 5439 Christi
2563 5405 2576 5440 :
2610 5397 2784 5441 cavete
2824 5397 2999 5441 autem
3025 5387 3090 5441 ab
3132 5389 3427 5442 hominibus
3453 5387 3674 5460 (Matth.

2099 5476 2179 5546 ι),
2206 5490 2311 5529 non
2337 5477 2458 5531 dico
2490 5485 2669 5533 tamen
2699 5495 2728 5533 a
2751 5479 2991 5549 paganis,
3031 5479 3115 5535 vel
3143 5480 3361 5543 Judasis,
3384 5478 3469 5534 vel
3498 5481 3676 5535 haere-

2102 5568 2245 5633 ticis,
2267 5568 2359 5622 sed
2385 5569 2549 5624 etiam
2576 5585 2605 5624 a
2626 5572 2781 5626 malis
2801 5571 3096 5634 catholicis,
3129 5572 3217 5642 qui
3243 5571 3556 5640 conﬁtentur
3585 5586 3678 5624 ore

2100 5654 2283 5721 Deum,
2328 5657 2482 5726 [actis
2526 5668 2698 5713 autent
2749 5671 2936 5729 negant
2976 5660 3099 5731 (Tit.
3131 5662 3190 5731 ι).
3226 5660 3414 5731 Eligite
3439 5660 3591 5715 vobis
3620 5660 3676 5714 in
