4040 6188
219 292 278 349 31
1116 276 1428 335 IlOMlLlE
1468 277 1556 332 DE
1590 274 1833 333 FES'HS
1869 274 2275 352 ΡιιεΕει-Ρυιε,
2319 281 2470 337 ETC.
3378 287 3446 345 58

215 402 386 478 populo
415 398 513 468 Dei
542 411 681 467 quos
726 392 1033 457 imitemini,
1080 407 1205 447 nam
1249 392 1294 446 si
1326 390 1538 446 turbam
1574 389 1775 444 imitari
1802 395 1850 452 Α
1879 390 1933 445 in
1972 389 2285 447 fortitudine
2322 393 2601 448 clamasse.
2632 392 2802 450 Omne
2841 395 3197 473 Ninivitarum
3223 414 3446 471 regnum

221 490 486 554 volueritis,
527 488 693 542 timeo
712 485 861 555 quod
889 499 919 538 a
946 497 1077 537 vero
1103 481 1349 536 devictis.
1392 480 1534 535 Inter
1572 494 1776 549 paucos

220 598 329 652 ergo
350 588 635 652 angustam
660 577 806 630 viam
845 573 1180 629 ambulantes
1215 572 1395 642 eligite
1420 586 1555 640 quos
1585 586 1778 640 sequa-

221 673 362 730 mini:
388 671 515 741 qnia
545 676 693 721 arcta
736 675 785 719 et
834 674 1059 734 angusta
1103 663 1184 717 via
1222 673 1298 717 est
1341 679 1457 733 qua:
1510 662 1654 715 ducit
1706 660 1776 715 ad

220 767 375 825 vitam,
403 770 451 815 et
475 758 630 829 pauci
667 757 867 811 intrant
891 769 984 823 per
1009 769 1124 805 eam
1151 768 1169 806 :
1198 751 1308 804 lata
1334 760 1382 804 et
1405 752 1638 819 spatiosa
1659 767 1776 820 qua:

220 858 340 909 ducit
365 853 434 905 ad
463 860 704 912 mortem,
745 857 795 901 et
839 845 991 900 multi
1038 846 1233 899 vadunt
1254 860 1346 914 per
1370 842 1519 896 illam
1557 841 1772 913 (Matth.

220 946 318 1017 vn).
345 944 390 999 Δ
428 940 666 1011 rapinis,
701 955 732 992 a
760 936 1061 997 fraudibus,
1099 949 1130 988 a
1173 933 1426 1004 perjuriis
1475 933 1772 998 abstinete;

219 1036 434 1108 gurgites
458 1031 788 1088 ebrietatum
825 1026 1154 1096 repellantur
1177 1025 1416 1093 aqvobis;
1463 1022 1774 1079 fornicatio-

222 1129 398 1186 nessic
425 1126 594 1198 fugite
621 1121 892 1193 quomodo
936 1128 1186 1184 mortem,
1231 1127 1462 1174 mortem
1510 1133 1616 1172 non
1656 1134 1778 1186 qua:

223 1224 429 1278 animam
456 1218 625 1273 solvit
650 1232 680 1270 a
707 1228 953 1284 corpore,
1003 1214 1098 1268 sed
1118 1212 1208 1267 ubi
1236 1213 1417 1266 anima
1445 1226 1659 1281 semper
1690 1225 1780 1264 ar-

222 1313 343 1367 debit
378 1326 502 1365 cum
528 1321 775 1378 corpore.
799 1305 941 1371 Quid
974 1305 1215 1374 prodest,
1243 1303 1462 1368 fratres,
1487 1303 1628 1371 quod
1678 1302 1779 1357 Sa-

224 1415 352 1457 tanas
370 1400 510 1455 levia
540 1398 672 1452 dicit
703 1412 823 1451 esse
853 1405 1096 1464 peccata,
1123 1410 1244 1462 qua:
1269 1393 1519 1448 Christus
1542 1392 1779 1447 ostendit

223 1492 395 1560 gravia.
430 1488 571 1542 Dicit
592 1486 735 1540 enim
758 1484 1025 1550 diabolus,
1059 1484 1242 1538 carnis
1269 1492 1490 1552 peccata
1522 1497 1628 1536 non
1654 1488 1779 1537 sunt

225 1596 420 1652 magna;
478 1578 687 1632 licitum
713 1584 797 1631 est
821 1590 993 1645 usque
1018 1576 1087 1629 ad
1125 1575 1427 1629 satietatem
1457 1574 1779 1628 manducare

223 1671 467 1725 acbibere
499 1677 702 1723 etcum
731 1665 959 1719 muliere
989 1664 1368 1729 concumbere,
1410 1670 1465 1717 et
1503 1661 1582 1716 sic
1604 1661 1779 1716 .sedu-

1878 494 2005 539 tunc
2032 484 2324 550 interisset,
2354 486 2458 540 nisi
2483 485 2608 540 illud
2633 488 2949 556 paenitentia
2976 497 3204 558 patrona
3238 506 3450 548 servas-

1877 583 1979 629 set.
2015 575 2119 639 Sed
2143 592 2239 630 cur
2256 575 2572 646 jejunabant
2596 578 2830 633 infantes
2858 587 2912 634 et
2932 580 3193 650 jumenta,
3219 597 3448 651 quorum

1879 681 1984 721 non
2015 675 2317 734 arguuntur
2345 668 2601 736 peccata?
2624 667 2909 739 Jejunabat
2932 670 3189 740 parvulus
3215 679 3273 726 ut
3295 652 3449 726 'eva-o

1877 755 2031 811 deret
2072 757 2289 822 senior;
2325 756 2641 827 jcjunabant
2680 761 3026 826 innocentes,
3060 769 3120 815 ut
3154 777 3262 816 non
3310 763 3451 831 peri-

1880 857 2000 901 rent
2047 857 2360 917 peccatores
2408 862 2423 901 :
2466 862 2656 902 omnes
2705 850 2909 919 pariter
2956 851 3334 915 abstinebant,
3393 860 3451 907 ut

1877 946 2097 1008 peccata
2122 954 2241 1007 quae
2270 939 2337 993 ab
2367 938 2634 1008 aliquibus
2654 940 2938 994 commissa
2976 938 3207 1005 fuerant,
3242 941 3311 996 ab
3338 958 3453 997 om-

1878 1031 2039 1086 nibus
2078 1030 2433 1085 solverentur.
2464 1030 2541 1084 Ita
2569 1039 2623 1083 et
2657 1045 2776 1094 nos,
2820 1030 3033 1095 fratres,
3070 1048 3190 1086 cum
3228 1047 3453 1087 consen-

1881 1122 2138 1176 tientibus
2171 1123 2366 1176 animis
2400 1131 2455 1175 et
2475 1123 2765 1193 conspirati
2795 1122 2895 1178 [ide
2937 1124 3231 1180 clamemus
3258 1127 3323 1180 ad
3351 1126 3452 1180 Do-

1881 1212 2086 1266 minum
2136 1214 2305 1267 Deum
2357 1221 2599 1267 nostrum
2630 1232 2643 1267 :
2676 1214 2965 1268 Adoremus
3019 1226 3066 1268 et
3120 1218 3453 1286 procidamns

1878 1314 2001 1359 ante
2039 1304 2224 1367 Deum,
2276 1305 2537 1374 plorcmus
2566 1323 2740 1360 coram
2789 1306 3013 1361 Domino
3058 1309 3145 1378 qui
3187 1308 3303 1377 fecit
3337 1326 3451 1371 nos,

1877 1396 2004 1464 quia
2048 1394 2156 1465 ipse
2184 1405 2258 1449 est
2288 1396 2542 1449 Dominus
2569 1395 2711 1451 Deus
2739 1407 2909 1450 noster
2956 1397 3128 1466 (Psal.
3161 1398 3328 1469 xcrv),
3364 1416 3455 1468 pa-

1884 1484 2021 1538 tiens
2040 1492 2093 1537 et
2119 1484 2344 1538 multum
2373 1486 2701 1540 misericors.
2741 1486 3031 1541 Precemur
3055 1488 3199 1542 illum
3228 1505 3349 1545 cum
3377 1489 3458 1545 la-

1880 1576 2079 1646 crymis
2126 1584 2180 1629 et
2227 1577 2449 1653 gemitu,
2502 1586 2561 1629 ut
2599 1585 2971 1639 convertatur,
3008 1587 3060 1632 et
3090 1578 3352 1648 ignoscat,
3401 1587 3458 1635 et

1882 1675 2183 1720 revertatur
2203 1681 2232 1718 a
2262 1664 2441 1720 furore
2464 1666 2557 1720 ira?
2576 1681 2706 1730 suae,
2734 1674 2785 1719 et
2810 1682 2914 1721 non
2939 1684 3238 1737 pereamus.
3264 1671 3455 1741 igitur,

224 1764 298 1817 cit.
339 1762 425 1817 Sic
483 1760 615 1815 fecit
655 1766 844 1814 contra
896 1757 1129 1827 primum
1188 1756 1462 1811 hominem
1509 1755 1594 1810 cui
1636 1754 1777 1808 Deus
1810 1748 1851 1806 Β
1880 1753 2096 1819 fratres,
2137 1756 2277 1824 quod
2317 1755 2471 1810 valde
2523 1755 2809 1809 dolendum
2852 1767 2952 1820 est,
3001 1759 3162 1827 aliqui
3213 1769 3454 1813 vestrum

223 1854 451 1909 dixerat:
494 1850 612 1916 Qua
653 1850 738 1903 die
765 1848 1204 1902 manducaveritis
1235 1863 1299 1901 ex
1343 1864 1425 1911 eo,
1461 1856 1624 1900 morte
1667 1862 1779 1899 mo-

224 1944 398 1997 riemini
431 1940 586 2013 (Gen.
626 1940 719 2012 n);
753 1940 901 1993 venit
946 1938 1196 1993 inimicus
1229 1947 1283 1993 et
1313 1938 1426 1992 ait:
1460 1936 1583 1990 Non
1618 1946 1781 1990 morte

224 2034 512 2097 moriemini,
537 2030 631 2086 sed
654 2030 969 2101 aperientur
989 2028 1130 2084 oculi
1170 2029 1360 2094 vestri,
1387 2035 1443 2082 et
1480 2028 1623 2081 eritis
1648 2027 1780 2080 sicut

223 2126 285 2178 dii
316 2124 520 2195 (lbid.).
563 2121 795 2176 Dimissa
833 2128 919 2176 est
967 2119 1192 2174 minatio
1222 2119 1337 2184 Dei,
1370 2126 1426 2173 et
1471 2117 1651 2172 audita
1700 2124 1784 2171 est

224 2217 491 2289 promissio
516 2215 733 2270 diaboli.
785 2211 1038 2283 Nunquid
1079 2212 1299 2282 profuit,
1341 2211 1466 2281 quia
1494 2211 1630 2267 dixit
1668 2225 1785 2264 mu-

227 2310 344 2366 lier:
374 2307 597 2379 Serpens
614 2306 813 2376 decepit
840 2320 954 2370 me;
995 2302 1238 2373 nunquid
1275 2300 1598 2356 defendebat
1623 2316 1786 2355 excu-

226 2400 361 2463 satio,
403 2406 462 2451 et
493 2412 601 2452 non
647 2404 731 2451 est
762 2402 951 2451 secuta
991 2393 1299 2450 damnatio?
1340 2391 1516 2448 Nolite
1547 2392 1787 2461 recipere

227 2489 647 2561 pollicitationem
671 2486 889 2549 diaboli,
915 2485 1007 2554 qui
1038 2499 1164 2539 vere
1204 2483 1455 2538 inimicus
1475 2490 1560 2537 est
1584 2490 1784 2546 vester,

227 2582 306 2637 sed
349 2580 525 2635 audite
556 2578 732 2649 magis
785 2584 1111 2647 praeceptum
1139 2575 1341 2631 Christi
1387 2574 1479 2645 qui
1507 2588 1603 2628 vos
1634 2574 1787 2629 rede-

226 2674 331 2739 mit,
370 2682 423 2727 et
451 2670 841 2741 sempiternum
881 2668 1034 2723 vobis
1062 2666 1210 2723 dedit
1252 2681 1495 2737 regnum.
1530 2663 1623 2721 Sic
1664 2678 1789 2734 per-

226 2765 352 2834 agite
383 2764 499 2819 dies
522 2763 658 2817 istos
702 2760 922 2826 laetitiae,
947 2767 1007 2814 ut
1032 2758 1098 2814 ad
1124 2772 1309 2813 veram
1339 2759 1395 2812 in
1421 2756 1574 2812 cretis
1601 2770 1790 2827 perve-

228 2857 331 2911 nire
370 2854 584 2927 possitis
624 2852 893 2918 lmtitiam,
923 2858 980 2904 et
1019 2851 1098 2905 sic
1121 2849 1328 2903 Pascha
1355 2848 1498 2903 istud
1526 2846 1786 2901 transito-

232 2950 356 3004 rium
393 2949 549 3004 modo
571 2945 862 3001 celebretis
880 2985 895 3009 ,
924 2942 1159 3014 qualiter
1183 2956 1306 2996 cum
1329 2940 1544 2996 Christo
1579 2951 1637 2994 et
1664 2953 1791 2993 san-

230 3039 539 3111 ctisangelis
588 3037 708 3108 ejus
750 3037 806 3091 in
833 3044 1093 3092 teterimm
1146 3033 1452 3105 gaudeatis,
1500 3039 1789 3103 prazstante

230 3134 332 3203 ipso
358 3132 715 3201 Redemptore
759 3139 965 3194 nostro,
1015 3128 1107 3198 qui
1150 3144 1274 3183 cum
1300 3128 1462 3183 Patre
1489 3136 1544 3182 et
1584 3125 1788 3197 Spiritu

230 3236 400 3282 sancto
426 3225 560 3280 vivit
582 3231 642 3279 et
665 3229 857 3294 regnat
878 3221 1040 3287 Deus,
1068 3235 1163 3292 per
1190 3220 1374 3277 omnia
1405 3218 1602 3275 sarcula
1622 3232 1793 3274 saecu-

230 3319 406 3376 lorum.
442 3318 637 3373 Amen.

768 3384 1052 3443 HOMILIA
1088 3383 1232 3440 XIX.

824 3494 877 3533 IN
914 3492 1169 3534 LITANIIS.

296 3573 527 3643 Oportet,
579 3570 778 3625 fratres
823 3568 1162 3634 charissimi,
1210 3574 1270 3623 ut
1312 3576 1607 3624 conventus
1640 3568 1795 3624 istius

237 3681 434 3720 causam
468 3679 578 3719 non
623 3662 907 3735 ignoretis,
939 3648 1062 3732 quo,
1090 3661 1385 3717 secundum
1407 3670 1621 3732 patrum
1661 3677 1797 3732 pne-

241 3755 853 3820 ccdentiumconstituta,
875 3768 1063 3810 omnes
1094 3754 1146 3808 in
1172 3768 1337 3807 unum
1364 3752 1463 3806 viri
1488 3762 1545 3807 et
1564 3752 1794 3819 feminae,

241 3848 371 3915 pueri
410 3855 465 3901 et
500 3861 682 3912 senes,
716 3843 1069 3900 convenistis.
1109 3842 1193 3897 Ad
1242 3841 1638 3899 conciliandum
1670 3858 1799 3915 ergo

242 3938 380 3992 nobis
426 3937 519 3991 Dei
573 3934 1000 3990 misericordiam
1050 3941 1262 4004 tempus
1295 3942 1380 3988 est
1418 3941 1796 4003 opportunum,

245 4036 292 4079 ut
315 4042 405 4097 per
434 4026 637 4097 jejunia
677 4034 734 4080 et
774 4024 1185 4095 castigationem
1209 4023 1468 4093 corporis,
1491 4038 1588 4093 per
1612 4037 1801 4094 preces

244 4128 292 4171 et
325 4118 781 4189 compunctionem
815 4116 995 4171 cordis
1041 4115 1414 4170 remissionem
1459 4122 1802 4183 peccatorum

246 4221 557 4275 nostrorum,
586 4216 641 4263 et
682 4209 911 4281 gratiam
956 4207 1012 4263 in
1059 4214 1350 4277 conspectu
1405 4205 1522 4275 ejus
1565 4206 1805 4269 invenire

246 4316 549 4356 mercamur.
598 4301 849 4372 Legimus
880 4299 1023 4354 enim
1070 4300 1127 4353 in
1182 4298 1459 4370 pr0phetis
1509 4299 1635 4368 quia
1680 4313 1804 4353 cum

246 4392 418 4449 Ninive
464 4395 672 4449 civitati
721 4394 1003 4449 subversio
1046 4392 1306 4447 divinitus
1358 4392 1702 4457 immineret,
1751 4398 1808 4446 et

238 4481 377 4555 juxta
403 4486 730 4542 sententiam
757 4483 967 4539 Domini
996 4483 1143 4556 (Jan.
1185 4481 1291 4555 ιιι),
1321 4483 1634 4539 destruendi
1656 4483 1803 4538 illam
1831 4462 1883 4522 D

245 4586 440 4648 tempus
479 4578 778 4647 ingrueret,
818 4575 1175 4631 consistentes
1200 4576 1255 4628 in
1302 4590 1365 4630 ea
1395 4574 1540 4629 aliud
1569 4590 1675 4629 non
1703 4575 1805 4628 ha-

246 4668 409 4723 buisse
445 4669 753 4740 pmsidium
798 4666 902 4721 nisi
948 4651 1040 4731 ut,
1078 4666 1303 4736 abjectis
1344 4666 1575 4736 cepiosis
1603 4665 1805 4736 epulis,

240 4754 424 4825 jejunio
481 4758 793 4811 continuata
843 4757 1198 4826 susciperent,
1244 4764 1299 4810 et
1339 4756 1649 4811 divitiarum
1696 4771 1811 4810 am-

246 4852 435 4905 bition:
474 4850 741 4920 deposita,
785 4850 1141 4904 humilitatem
1187 4866 1245 4905 se
1271 4851 1601 4921 paupertatis
1633 4851 1814 4905 indue-

245 4942 386 4997 rent‘
411 4942 641 5006 scilicet,
667 4950 726 4995 ut
754 4941 946 4996 exinde
968 4942 1263 4996 remedium
1296 4942 1636 5011 perciperent
1671 4940 1814 4995 unde

244 5033 319 5087 his
338 5034 569 5103 perditio
584 5032 934 5104 contingebat
955 5049 970 5097 ;
996 5034 1097 5087 hoc
1124 5044 1227 5099 est,
1246 5042 1305 5088 ut
1330 5034 1465 5088 iram
1484 5033 1811 5100 Divinitatis,

242 5140 393 5194 quant
444 5123 770 5178 luxuriando
815 5114 1256 5193 provocaverant,
1314 5124 1635 5180 abstinendo
1681 5123 1817 5179 leni-

246 5224 373 5279 rent,
405 5223 464 5269 et
488 5213 749 5270 offensam
777 5230 941 5285 quam
972 5215 1024 5268 in
1054 5229 1148 5270 eos
1172 5216 1421 5286 superbia
1447 5224 1811 5282 contraxerat,

245 5307 517 5363 humilitas
540 5308 830 5379 mitigaret.
858 5307 1066 5361 Dicitur
1091 5307 1234 5363 enim
1274 5308 1327 5362 in
1355 5307 1442 5362 illa
1474 5307 1818 5363 tribulatione

244 5399 349 5469 ipse
378 5415 478 5455 rex
504 5399 747 5471 deposita
777 5398 1040 5469 imperiali
1060 5414 1315 5470 purpura,
1339 5399 1503 5470 regali
1524 5399 1821 5456 ambitione

244 5493 516 5556 submota,
553 5494 795 5548 membra
840 5507 936 5547 sua
978 5492 1156 5547 cilicio
1194 5492 1538 5562 przecinxisse
1568 5500 1732 5563 atque
1765 5493 1820 5547 in

242 5598 397 5638 sacco
420 5588 480 5639 et
506 5582 689 5639 cinere
709 5599 769 5639 se
794 5583 986 5639 diebus
1009 5599 1072 5639 ac
1097 5584 1346 5639 noctibus
1384 5582 1677 5648 volutasse,
1720 5584 1819 5638 ho-

247 5673 412 5731 mines
447 5684 509 5730 et
529 5672 769 5743 iumenta
797 5676 1000 5747 pariter
1034 5676 1327 5747 jejunassc,
1359 5685 1521 5747 atque
1545 5676 1611 5731 ad
1653 5675 1821 5731 Deum

1879 1861 1984 1899 non
2034 1846 2207 1899 solum
2248 1846 2299 1898 in
2331 1846 2415 1900 his
2452 1846 2654 1900 sanc'is
2697 1847 2885 1901 diebus
2917 1849 3031 1902 haec
3058 1864 3163 1902 non
3206 1848 3455 1914 faciunt,

1880 1936 1994 2003 sed,
2037 1938 2178 2007 quod
2209 1938 2363 2007 pejus
2389 1946 2491 2002 est,
2531 1952 2644 2006 prae
2666 1939 2877 1993 caeteris
2905 1940 3092 1994 diebus
3123 1942 3335 2009 turpius
3379 1942 3457 1995 vi-

1879 2037 2034 2093 vunt,
2050 2028 2364 2083 sceleratius
2385 2036 2566 2097 agunt.
2596 2027 2729 2082 Nam
2755 2045 2876 2083 cum
2893 2030 2982 2084 isti
3005 2031 3119 2085 dies
3142 2032 3455 2097 adveniunt,

1883 2120 2157 2175 instruunt
2200 2119 2302 2173 sibi
2329 2119 2592 2184 convivia,
2620 2128 2926 2189 prmparant
2963 2120 3172 2186 domos,
3202 2130 3265 2175 ut
3307 2122 3460 2176 luxu—

1884 2210 1962 2263 ria
2014 2209 2068 2263 in
2115 2209 2194 2264 eis
2234 2209 2540 2279 diligentius
2574 2219 2920 2277 exerceatur;
2953 2219 3008 2266 et
3048 2227 3152 2267 non
3194 2213 3248 2267 in
3286 2213 3461 2269 saccis

1883 2317 2057 2374 neque
2079 2305 2134 2362 in
2162 2302 2372 2375 lugubri
2403 2304 2606 2368 habitu,
2642 2306 2735 2359 sed
2763 2305 2965 2375 compti
2997 2313 3053 2360 et
3074 2306 3251 2363 ornati
3278 2306 3331 2362 in
3356 2323 3458 2378 pu-

1887 2395 2086 2451 blicum
2130 2394 2234 2449 viri
2287 2394 2607 2464 feminmque
2651 2397 2981 2465 procedunt,
3008 2399 3159 2467 quasi
3189 2399 3306 2453 dies
3354 2399 3466 2454 sint

1886 2488 2084 2543 laatitta:
2111 2498 2167 2542 et
2187 2502 2293 2540 non
2316 2486 2488 2556 magis
2518 2487 2866 2555 poenitentiae.
2897 2487 3031 2542 Cum
3058 2497 3234 2543 autem
3263 2498 3465 2543 sancue

1886 2592 2076 2633 cruces
2120 2585 2176 2633 et
2201 2581 2515 2631 sanctorum
2564 2575 2806 2646 reliquis:
2854 2592 2976 2631 cum
3024 2577 3227 2631 litaniis
3256 2593 3287 2632 a
3317 2577 3469 2634 clero

1887 2675 2280 2739 exportantur,
2341 2668 2444 2738 ipsi
2489 2681 2596 2723 non
2640 2667 2897 2723 insistunt
2945 2670 3230 2739 precibus,
3289 2683 3469 2740 neque

1888 2771 2188 2833 sequuntur
2239 2761 2494 2816 vexillum
2542 2770 2743 2816 sancte
2799 2762 2979 2817 crucis
3017 2776 3139 2817 cum
3181 2761 3466 2827 laudibus,

1889 2856 1985 2913 sed
2028 2871 2190 2927 super
2232 2854 2542 2925 phaleratos
2592 2844 2842 2909 resiliunt
2900 2868 3067 2923 equos
3093 2895 3109 2919 ,
3157 2855 3466 2910 discurrunt

1888 2962 1988 3018 per
2008 2961 2251 3017 campos,
2291 2959 2386 2999 ora
2418 2943 2715 2999 dissolvunt
2766 2945 2895 3008 risu,
2945 2946 3369 3016 alterutrumque
3413 2962 3471 3001 se

1892 3054 2228 3111 przecurrere
2275 3037 2531 3110 gestiunt,
2567 3036 2623 3091 in
2670 3036 2837 3090 altum
2885 3036 3175 3091 clamorem
3210 3053 3330 3091 cum
3377 3052 3465 3091 ca-

1891 3133 2093 3188 chinno
2119 3127 2402 3193 extollunt,
2446 3135 2503 3181 et
2550 3141 2657 3181 non
2695 3126 2866 3181 solum
2916 3125 3032 3180 haac
3082 3124 3328 3180 faciendo
3373 3126 3473 3195 ipsi

1893 3222 2111 3279 inutiles
2155 3222 2311 3285 fiunt,
2358 3218 2453 3274 sed
2496 3217 2661 3272 etiam
2700 3218 2834 3271 alios
2876 3217 2944 3271 ab
2994 3216 3295 3270 intentione
3345 3231 3473 3287 pre-

1894 3330 2017 3370 cum
2060 3310 2358 3383 impediunt
2390 3327 2405 3364 :
2434 3316 2721 3379 postquam
2768 3319 2948 3361 autem
2979 3308 3198 3362 domum
3230 3306 3477 3372 veniunt,

1894 3412 2196 3463 convocant
2239 3402 2306 3456 ad
2349 3400 2656 3456 convivium
2703 3413 2810 3453 non
2863 3413 3148 3468 pauperes,
3178 3396 3264 3453 vel
3307 3411 3479 3452 etecos

1897 3508 1990 3552 aut
2032 3494 2270 3558 debiles,
2328 3491 2624 3547 secundum
2679 3498 3005 3560 pneceptum
3052 3488 3262 3544 Domini
3321 3486 3476 3558 (Luc.

1896 3587 2033 3659 xiv),
2070 3586 2166 3642 sed
2195 3584 2403 3639 vicinos
2436 3598 2500 3637 ac
2536 3581 2748 3637 sodales
2785 3595 2911 3635 suos
2949 3580 3039 3650 qui
3087 3580 3195 3634 sint
3238 3580 3477 3650 ejusdem

1896 3680 2007 3734 voti
2044 3685 2205 3746 atque
2245 3674 2486 3745 ejusdem
2526 3672 2690 3726 studii
2733 3689 2745 3725 :
2786 3678 2979 3725 vacant
3017 3669 3188 3739 epulis
3230 3671 3476 3724 student-

1899 3785 2003 3841 que
2021 3766 2281 3823 calicibus
2300 3763 2613 3834 epotandis;
2641 3760 2984 3830 acquiruntsi
3005 3767 3227 3830 possunt
3255 3760 3483 3815 musico-

1899 3875 2019 3916 rum
2040 3859 2418 3918 instrumcnta,
2444 3860 2775 3922 tympanum,
2801 3850 3083 3914 citharam,
3113 3850 3298 3905 tibiam
3324 3860 3380 3906 et
3405 3850 3484 3923 ly-

1901 3965 2040 4004 ram.
2066 3946 2212 4000 lnter
2240 3959 2359 4014 qua:
2389 3942 2553 3996 nimia
2590 3940 2803 4011 pocula,
2829 3949 3048 3996 cantant
3083 3942 3321 3997 carmina
3372 3944 3482 3998 da:-

1903 4052 2124 4094 monum
2152 4044 2270 4091 arte
2298 4033 2546 4089 confecta
2564 4075 2578 4098 ,
2610 4033 2795 4101 sicque
2818 4032 2957 4087 diem
2983 4040 3155 4086 totum
3181 4049 3303 4088 cum
3326 4042 3485 4089 nocte

1904 4136 2247 4187 consumunt.
2295 4126 2420 4182 llaec
2456 4124 2605 4197 ergo,
2636 4125 2852 4191 fratres,
2890 4125 3018 4196 quid
3048 4134 3173 4181 sunt
3204 4126 3349 4181 aliud
3384 4128 3489 4182 nisi

1905 4220 2113 4289 antiqui
2128 4218 2302 4274 hostis
2316 4216 2750 4271 machinamenta
2765 4230 2827 4270 ac
2840 4215 3140 4269 dmmonum
3157 4214 3493 4279 ludibria,se-

1909 4312 2093 4383 parari
2114 4327 2143 4365 a
2170 4311 2281 4366 Deo
2306 4318 2360 4364 et
2381 4307 2634 4378 conjungi
2664 4307 2897 4373 diabolo,
2927 4307 3128 4379 privari
3153 4309 3261 4361 vita
3282 4317 3337 4362 et
3361 4323 3493 4363 con-

1908 4403 2048 4459 sumi
2093 4409 2286 4465 morte,
2321 4415 2509 4455 carere
2544 4398 2680 4454 cmlo
2704 4406 2757 4453 et
2792 4398 2997 4451 retrudi
3038 4397 3090 4450 in
3126 4396 3372 4453 inferno?
3398 4399 3488 4454 isti

1908 4495 2053 4549 enim
2066 4535 2080 4559 ,
2096 4493 2391 4548 secundum
2409 4490 2741 4561 Apostolum,
2759 4503 2863 4542 non
2884 4489 3127 4543 serviunt
3139 4487 3271 4555 Deo,
3286 4488 3380 4545 sed
3394 4506 3491 4545 suo

1906 4587 2080 4643 ventri
2098 4604 2113 4652 ;
2143 4602 2247 4641 non
2263 4584 2497 4648 Christo,
2513 4584 2605 4637 sed
2622 4580 2805 4635 Belial.
2821 4578 3058 4636 Obsecro
3072 4590 3250 4636 autem
3263 4581 3493 4647 vos,fra-

1910 4688 2045 4742 tres,
2062 4688 2122 4731 ut
2147 4676 2332 4731 talium
2358 4690 2534 4729 mores
2558 4682 2611 4727 et
2637 4672 2908 4727 consortia
2925 4673 3171 4728 devitetis
3192 4681 3247 4727 et
3274 4674 3319 4727 si
3346 4688 3439 4728 eos
3462 4690 3491 4727 a

1914 4771 2112 4826 talibus
2137 4767 2354 4838 ineptiis
2377 4765 2688 4821 abstrahere
2709 4765 2950 4836 possitis,
2987 4766 3253 4836 satagite;
3285 4766 3369 4820 sin
3401 4781 3496 4819 au-

1919 4869 2050 4924 tem,
2079 4866 2267 4913 cavete
2292 4871 2359 4910 ne
2377 4870 2499 4910 cum
2523 4853 2718 4909 talibus
2744 4856 3000 4925 pereatis,
3028 4856 3142 4909 dies
3164 4854 3306 4909 enim
3335 4854 3497 4908 modo

1920 4945 2348 5017 compunctionis
2389 4951 2443 4998 et
2485 4943 2815 5014 pmnitentia:
2859 4944 3215 4998 celebramus.
3260 4943 3328 4998 Et
3371 4943 3499 4997 licet

1918 5039 2066 5094 omni
2104 5047 2347 5105 tempore
2372 5075 2388 5100 ,
2441 5035 2637 5088 fratres
2677 5035 3013 5099 charissimi,
3059 5034 3213 5090 nobis
3250 5043 3499 5103 oporteat

1920 5130 2018 5186 Dei
2053 5127 2481 5185 misericordiam
2525 5140 2751 5196 corpore
2798 5126 3031 5180 contrito
3057 5134 3114 5181 et
3148 5126 3310 5181 corde
3350 5142 3499 5181 com-

1918 5232 2120 5295 puncto
2142 5220 2437 5291 requirere,
2470 5227 2524 5273 et
2546 5217 2722 5273 abillo
2745 5217 3133 5287 indulgentiam
3154 5225 3498 5287 peccatorum

1925 5315 2154 5369 fideliter
2186 5310 2460 5383 postulare
2499 5327 2512 5362 :
2556 5316 2697 5363 nunc
2745 5317 2926 5362 tamen
2969 5316 3189 5377 preptcr
3216 5308 3499 5363 imminen-

1922 5413 2030 5459 tem
2062 5400 2299 5475 peccatis
2335 5400 2534 5456 nostris
2577 5398 2812 5454 debitam
2852 5406 2906 5453 et
2938 5398 3311 5468 gravissimam
3341 5397 3500 5451 sicci-

1921 5504 2108 5559 tatem,
2141 5490 2538 5546 infestationem
2567 5503 2921 5559 paganorum,
2952 5496 3115 5557 atque
3141 5485 3498 5555 pestilentiam

1921 5602 2043 5642 eum
2074 5582 2422 5646 mortalitate,
2456 5579 2660 5652 ingenti
2690 5578 2868 5649 rugitu
2897 5578 2981 5633 vel
3017 5578 3238 5649 gemitu,
3264 5574 3499 5631 assiduis

1923 5676 2255 5732 orationibus
2308 5683 2363 5730 et
2414 5671 2736 5741 largioribus
2792 5669 3182 5740 eleemosynis,
3240 5667 3494 5724 debemus
