4040 6188
521 303 598 360 59
1154 289 1221 347 B.
1255 284 1508 346 RABANI
1548 279 1765 339 MAURI
1802 271 2121 333 ARCHIEP.
2163 264 2472 329 MOGUNT.
2505 264 2788 323 OPERUM
2823 262 3004 320 PARS
3042 260 3105 318 ll.
3708 262 3781 320 ιο

522 424 618 481 Dei
645 413 1068 479 misericordiam
1103 408 1411 479 implorare,
1440 410 1500 456 ut
1530 400 1643 470 ipse
1666 394 1822 451 nobis
1843 401 1899 448 et
1922 392 2092 447 bene-
2119 389 2174 452 Α
2196 385 2436 448 diantur,
2462 377 2588 450 quia
2623 376 2938 432 exercendae
2972 375 3170 444 lingua:
3196 373 3400 444 potius,
3425 386 3587 481 qua't‘n
3620 389 3784 429 mun-

524 514 813 573 dictionem
850 519 1114 579 aquarum
1156 498 1457 557 caelestium
1489 493 1711 554 tribuat,
1751 501 1940 560 pacem
1976 484 2100 539 reda-

523 606 653 661 dere
703 577 973 671 dignetur,
1017 599 1363 664 peccatorum
1414 579 1802 653 indulgentiam
1845 577 1995 639 dare,
2043 581 2099 629 et

523 665 785 767 prospera
807 688 1054 759 dignetur
1089 696 1187 753 pro
1213 693 1307 734 sua
1336 676 1539 747 pietate
1568 668 1885 728 concedere.
1924 666 1984 721 In
2015 665 2099 720 his

522 759 795 855 praecipue
826 778 1045 840 diebus,
1076 770 1267 827 otiosis
1294 767 1489 823 fabulis
1516 764 1675 820 linem
1702 774 1964 818 conemur
1993 759 2097 813 im-

522 852 743 947 ponere,
789 880 842 928 et
870 876 1129 939 quantum
1162 864 1307 919 vires
1347 865 1656 929 suppetunt,
1697 870 1854 911 orare
1883 852 2100 908 studea-

524 981 646 1021 mus
673 973 727 1018 et
761 959 1010 1033 psallere,
1055 956 1235 1012 sobrio
1279 953 1427 1009 victu
1470 950 1684 1014 vivere;
1729 955 1784 1002 et
1815 947 1859 1002 si
1911 958 2100 1016 pacem

525 1070 829 1130 temporum
861 1053 1231 1110 desideramus
1265 1047 1529 1118 accipere,
1562 1059 1668 1097 non
1700 1038 2101 1096 dissimulemus

520 1128 713 1222 pacem
737 1162 860 1203 cum
874 1143 1134 1216 proximis
1144 1139 1416 1197 custodire
1441 1154 1454 1190 :
1484 1144 1672 1191 contra
1695 1131 1897 1187 nullum
1927 1128 2101 1184 homi-

523 1257 648 1297 nem
672 1238 927 1295 desaeviat
946 1237 1026 1290 ira
1045 1241 1253 1296 nostra,
1284 1238 1339 1285 et
1353 1229 1463 1284 cito
1478 1244 1507 1282 a
1525 1227 1683 1282 nobis
1707 1223 1938 1280 cessabit
1962 1222 2102 1276 indi-

522 1332 707 1402 gnatio
732 1329 912 1384 divina
931 1368 946 1393 ,
977 1321 1274 1381 secundum
1302 1321 1445 1375 illam
1468 1316 1884 1389 promissionem
1912 1311 2102 1368 Salva-

522 1423 678 1479 toris.
712 1418 793 1485 Si,
823 1417 997 1489 inquit
1020 1456 1035 1481 ,
1062 1411 1366 1469 dimiseritis
1393 1417 1606 1481 peccata
1633 1420 1813 1461 eorum
1834 1444 1849 1470 ,
1876 1402 2103 1456 dimittet

522 1527 572 1570 et
600 1514 741 1569 vobis
788 1510 945 1565 Pater
971 1516 1135 1563 vester
1171 1504 1387 1559 calestis
1425 1510 1635 1572 peccata
1673 1507 1843 1553 vestra
1881 1493 2098 1568 (Matth.

524 1607 634 1679 vi);
675 1605 851 1660 nullus
898 1601 999 1657 sibi
1046 1616 1112 1655 ex
1156 1596 1425 1657 industria
1470 1593 1683 1663 aliquas
1721 1588 2101 1660 occupationes

526 1677 793 1766 inquirat,
829 1708 926 1763 per
958 1706 1093 1760 quas
1122 1703 1181 1744 se
1211 1689 1278 1743 de
1310 1684 1564 1741 Ecclesiae
1599 1688 1863 1738 conventu
1901 1677 2101 1735 subdu-

523 1796 645 1851 cat;
693 1786 809 1853 sine
835 1784 996 1839 dubio
1022 1788 1367 1853 peccatorum
1401 1790 1622 1832 suorum
1661 1773 1881 1828 vulnera
1908 1771 2101 1842 diligit,

525 1880 616 1949 qui
646 1879 698 1932 in
731 1877 848 1931 istis
879 1874 1066 1930 diebus
1094 1872 1264 1927 tribus
1287 1868 1610 1939 jejunando,
1645 1865 1849 1933 orando
1870 1871 1930 1929 et
1963 1861 2104 1933 psal-

524 1969 721 2036 lcndo,
776 1967 1168 2024 medicamenta
1224 1959 1487 2032 spiritalia
1538 1974 1646 2013 non
1707 1956 1954 2025 requirit.
2011 1951 2105 2007 Isti

525 2060 672 2117 enim
703 2058 819 2113 dies
861 2072 891 2111 a
940 2054 1143 2111 sanctis
1185 2050 1426 2123 patribus
1449 2048 1653 2105 nostris
1684 2045 1828 2100 veris
1863 2052 2106 2113 tempore

525 2152 596 2206 ob
617 2152 722 2207 hoc
759 2149 944 2205 statuti
970 2155 1096 2203 sunt
1120 2143 1449 2206 celebrandi,
1478 2149 1538 2197 ut
1560 2148 1686 2195 ante
1707 2150 1970 2193 novarum
1995 2135 2106 2189 fru-

525 2258 652 2312 gum
681 2240 1047 2295 maturitatem
1068 2278 1083 2304 ,
1112 2245 1165 2292 et
1202 2244 1327 2289 ante
1351 2247 1565 2289 omnem
1592 2237 1769 2285 actum
1799 2227 2001 2283 (astatis
2021 2225 2107 2280 vel

526 2330 793 2397 autumni,
839 2341 1276 2400 praeoccupemus
1316 2324 1508 2380 faciem
1543 2321 1757 2377 Domini
1796 2321 1850 2375 in
1893 2319 2107 2374 confes-

526 2424 698 2487 sione,
727 2429 782 2477 et
805 2422 856 2475 in
884 2418 1412 2491 psalmisjubilemus
1434 2416 1482 2470 ei
1516 2413 1688 2487 (Psal.
1722 2411 1889 2484 serv),
1915 2419 1975 2465 ut
2001 2410 2104 2465 mi-

527 2513 823 2569 sericordia
847 2510 964 2580 ejus
992 2512 1348 2579 subsequatur
1375 2522 1473 2563 nos
1492 2506 1741 2562 omnibus
1768 2504 1958 2560 diebus
1980 2502 2106 2557 vitae

526 2607 757 2671 nostris,
790 2616 1056 2675 quatenus
1088 2603 1202 2673 ipse
1226 2602 1314 2657 det
1352 2601 1507 2655 nobis
1547 2598 1772 2653 salutem
1803 2598 2105 2651 animarum

525 2704 833 2752 nostrarum
855 2737 867 2759 ,
899 2694 1188 2771 sanitatem
1226 2706 1511 2761 corporum
1531 2688 1915 2763 ,Jl'ertilitatem
1944 2700 2103 2757 agro-

527 2805 648 2845 rum
676 2796 839 2859 atque
859 2787 1139 2841 vinearum
1158 2825 1174 2852 ,
1201 2785 1548 2840 securitatem
1571 2782 1827 2845 hostium,
1852 2789 1906 2834 et
1936 2777 2106 2848 repel-

526 2881 605 2936 lat
638 2880 862 2935 insidias
901 2878 1145 2933 omnium
1186 2876 1544 2941 inimicorum,
1588 2881 1749 2944 atque
1789 2887 1884 2942 per
1932 2879 2105 2926 totum

510 2980 731 3027 .anbum
769 2971 950 3042 quiete
997 2976 1298 3040 temporum
1345 2975 1399 3023 et
1437 2982 1570 3037 pace
1602 2980 1889 3028 concessa,
1924 2962 1979 3017 in
2007 2976 2105 3018 suo

527 3070 718 3118 sancto
764 3060 982 3117 servitio
1029 3075 1129 3115 nos
1173 3058 1444 3117 custodire
1488 3057 1754 3129 dignetur.
1811 3054 2106 3110 Curramus

525 3155 755 3227 singuli,
787 3169 1068 3210 curramus
1092 3169 1281 3208 omnes
1310 3153 1558 3208 semitam
1589 3150 1969 3206 mandatorum
2003 3147 2108 3204 Do-

528 3247 684 3313 mini,
723 3253 779 3302 et
806 3245 860 3300 in
887 3245 1346 3316 viapeccatorum
1377 3259 1484 3297 non
1514 3250 1739 3305 stemus,
1777 3249 1961 3295 contra
1992 3239 2107 3294 dia-

523 3337 636 3395 boli
674 3338 899 3393 insidias
935 3337 1103 3392 armis
1141 3352 1240 3392 nos
1278 3334 1610 3407 spiritalibus
1652 3335 1982 3397 muniamus,
2018 3349 2108 3387 su-

528 3449 738 3488 mamus
774 3440 978 3486 scutum
1010 3430 1157 3500 ﬁdei,
1198 3430 1416 3484 loricam
1449 3429 1677 3499 justitiae
1708 3437 1755 3481 et
1784 3426 1985 3497 galeam
2013 3443 2104 3479 sa-

527 3522 675 3586 lutis,
698 3533 744 3577 et
768 3521 1004 3593 gladium
1024 3521 1257 3591 spiritus,
1284 3519 1422 3590 quod
1442 3529 1517 3574 est
1537 3519 1744 3574 verbum
1766 3518 1864 3572 Dei
1886 3516 2101 3588 (Ephes.

526 3617 624 3688 vi).
663 3616 893 3674 Oremus
938 3625 1000 3671 ut
1046 3632 1154 3671 non
1199 3614 1467 3670 intremus
1512 3615 1568 3669 in
1608 3616 1990 3676 tentationem,
2038 3629 2107 3669 ne

527 3706 1017 3764 circumveniamur
1051 3720 1082 3760 a
1122 3703 1355 3771 Satana,
1386 3721 1454 3760 ne
1491 3704 1828 3776 periclitetur
1866 3704 1975 3758 vita
2012 3719 2107 3759 no—

528 3809 674 3865 stra,
727 3814 797 3854 ne
846 3799 1084 3868 peccatis
1121 3798 1322 3855 nostris
1364 3799 1703 3871 exigentibus
1735 3799 2014 3854 tradantur
2050 3799 2104 3854 in

529 3891 825 3948 adversarii
858 3897 1201 3959 potestatem,
1238 3898 1293 3944 et
1327 3891 1381 3945 in
1412 3907 1687 3947 carcerem
1723 3890 2020 3955 mittamur,
2051 3890 2106 3946 in

530 3985 707 4057 ignem
745 3981 996 4037 videlicet
1038 3988 1326 4045 aeternum,
1379 3979 1434 4035 in
1488 3983 1747 4037 tenebras
1784 3982 2104 4048 exteriores,

528 4075 621 4132 ubi
660 4076 766 4131 erit
806 4071 963 4128 fletus
987 4080 1043 4127 et
1072 4072 1275 4127 stridor
1302 4071 1542 4128 dentium
1578 4092 1591 4127 :
1622 4072 1781 4128 dolor
1825 4073 1943 4129 sine
1978 4072 2103 4140 line,

529 4173 585 4222 et
604 4163 963 4235 sempiternus
984 4161 1233 4217 interitus
1254 4202 1271 4227 ,
1307 4160 1400 4231 qui
1428 4171 1762 4232 prmparatus
1783 4171 1867 4218 est
1895 4161 2107 4219 diabolo

529 4264 585 4312 et
620 4254 823 4328 angelis
849 4251 964 4322 eius
989 4250 1204 4325 (Matth.
1254 4268 1381 4317 vui,
1426 4236 1585 4325 xm),
1603 4269 1767 4324 quem
1807 4270 1905 4312 nos
1934 4255 2108 4312 vitare

529 4355 587 4404 et
628 4346 698 4402 ad
738 4353 997 4401 aeternam
1029 4341 1415 4398 beatitudinem
1457 4342 1841 4415 caelestemque
1879 4344 2107 4415 gloriam

2198 473 2377 533 dando
2388 472 2570 527 animo
2590 469 2722 525 dant
2740 481 2979 537 operam.
2999 465 3113 520 Scit
3128 464 3289 529 enim,
3305 463 3495 534 inquit,
3514 458 3678 518 Pater
3690 479 3779 519 ve-

2198 577 2306 622 ster
2321 563 2446 636 quid
2460 561 2600 617 vobis
2617 558 2963 615 necessarium
2981 557 3071 622 sit,
3093 565 3373 626 antequam
3386 555 3574 624 petatis
3594 554 3659 609 ab
3682 570 3783 621 eo;

2199 668 2257 713 et
2284 656 2352 713 de
2380 657 2496 726 ipso
2528 652 2784 721 scriptum
2816 656 2941 704 est:
2973 646 3146 702 Homo
3181 647 3317 702 videt
3345 646 3400 701 in
3427 646 3594 716 facie,
3633 645 3783 702 Deus

2199 760 2373 806 autem
2385 750 2617 803 intuetur
2637 762 2728 800 cor
2748 744 2801 817 (Ι
2814 743 2941 814 Reg.
2969 741 3080 814 xv!)
3101 759 3115 808 ;
3142 750 3194 796 et
3218 741 3346 796 item
3372 758 3387 797 :
3418 740 3673 795 Dominus
3686 757 3784 794 no-

2199 843 2269 897 vit
2291 840 2631 911 cogitationes
2652 837 2942 899 hominum,
2962 848 3234 905 quwvana:
3256 842 3372 885 sunt
3395 829 3566 902 (Psal.
3598 830 3777 901 xcm).

2202 932 2345 987 Deus
2380 943 2511 1000 ergo
2549 926 2809 983 Dominus
2846 933 3034 1001 noster
3066 937 3172 977 non
3211 922 3495 976 verborum
3533 920 3783 974 multitu-
3876 926 3885 937 ‘

2201 1023 2384 1079 dinem
2409 1019 2635 1091 quaarit,
2665 1020 2820 1090 quasi
2854 1018 3075 1089 ignarus
3111 1024 3311 1070 nostrae
3336 1014 3649 1079 voluntatis,
3693 1014 3785 1073 cui

2201 1116 2457 1171 universa
2515 1120 2643 1168 nota
2689 1118 2818 1167 sunt
2868 1118 3156 1178 antequam
3202 1106 3335 1162 ﬁant
3357 1146 3373 1172 ,
3421 1107 3599 1161 omnia
3643 1106 3787 1159 enim

2201 1207 2347 1262 nuda
2369 1215 2417 1261 et
2446 1213 2629 1277 aperta
2649 1212 2771 1259 sunt
2798 1201 2964 1257 oculis
2984 1197 3315 1272 ejus.(Hebr.
3346 1197 3420 1269 Iv)
3438 1237 3454 1262 ,
3479 1196 3574 1252 sed
3609 1195 3787 1251 nostri

2200 1299 2381 1355 cordis
2410 1298 2681 1353 internum
2707 1309 2772 1350 ac
2795 1308 2991 1365 purum
3022 1290 3220 1362 quaerit
3249 1287 3502 1344 affectum
3526 1304 3541 1342 :
3566 1287 3674 1350 Sic,
3701 1287 3791 1341 in-

2201 1390 2356 1462 quit,
2396 1387 2612 1444 orabitis
2641 1400 2661 1439 :
2687 1384 2852 1440 Pater
2884 1391 3088 1447 noster,
3126 1382 3217 1453 qui
3245 1397 3299 1436 es
3337 1381 3397 1434 in
3433 1377 3606 1444 colis;
3643 1393 3711 1434 ac
3736 1378 3788 1433 si

2201 1481 2471 1539 monendo
2506 1480 2733 1537 dixisset
2770 1476 2929 1534 nobis
2956 1494 2970 1531 :
3000 1474 3081 1531 Ad
3116 1487 3370 1543 magnum
3410 1486 3578 1541 genus
3610 1468 3789 1541 perti-

2200 1588 2335 1630 nere
2356 1571 2622 1642 empistis,
2660 1569 2824 1625 nolite
2860 1568 3127 1623 inhaerere
3154 1564 3403 1628 terrenis,
3449 1563 3541 1633 qui
3567 1561 3791 1616 Patrem

2203 1664 2488 1721 invenistis
2516 1663 2569 1718 in
2600 1661 2755 1718 caelis
2784 1679 2797 1716 :
2824 1674 3011 1715 omnes
3043 1658 3187 1713 enim
3217 1656 3378 1712 docet
3417 1654 3613 1710 fratres
3652 1669 3794 1708 una-

2206 1758 2382 1813 nimes
2408 1771 2526 1812 esse
2548 1755 2640 1825 qui
2665 1769 2828 1809 unum
2855 1752 3071 1807 Patrem
3098 1739 3267 1805 Déum
3288 1747 3538 1804 volumus
3561 1747 3789 1802 habere.

2206 1850 2319 1906 Sub
2338 1850 2442 1904 isto
2472 1824 2656 1912 Patre,
2690 1843 2888 1900 fratres
2911 1851 3060 1908 sunt,
3091 1841 3340 1897 dominus
3362 1847 3418 1895 et
3451 1824 3659 1903 servus,
3688 1838 3796 1891 im-

2205 1950 2425 2015 perator
2452 1947 2508 1996 et
2538 1937 2715 2003 miles,
2752 1937 2901 1992 dives
2927 1942 2984 1991 et
3012 1948 3238 2005 pauper.
3270 1932 3470 1989 Omnes
3495 1929 3795 1985 Christiani

2205 2032 2396 2102 fideles
2433 2031 2673 2086 diversos
2702 2027 2903 2083 habent
2930 2032 3114 2097 patres
3136 2025 3192 2079 in
3220 2032 3365 2079 terra
3383 2063 3398 2088 ,
3441 2021 3531 2076 alii
3561 2018 3790 2083 nobiles,

2207 2126 2299 2183 alii
2331 2122 2613 2197 ignobiles,
2660 2135 2827 2176 unum
2855 2132 2987 2174 vero
3011 2116 3229 2172 Patrem
3267 2115 3542 2177 invocant,
3581 2109 3675 2181 qui
3709 2116 3800 2164 est

2204 2222 2263 2276 in
2288 2219 2471 2285 ctelis;
2501 2226 2556 2273 et
2580 2215 2626 2271 si
2654 2214 2726 2270 ibi
2753 2224 2839 2270 est
2865 2214 3028 2269 Pater
3047 2220 3252 2276 noster,
3296 2209 3370 2265 ibi
3400 2207 3556 2264 nobis
3583 2220 3800 2277 praepa-

2208 2321 2360 2369 ratur
2396 2310 2688 2367 haareditas
2713 2326 2726 2361 :
2753 2307 2880 2378 quia
2921 2320 3050 2377 ergo
3092 2302 3394 2359 audivimus
3434 2315 3465 2354 a
3501 2314 3612 2369 quo
3641 2305 3800 2369 peta-

2207 2420 2349 2470 mus,
2382 2403 2619 2459 sciamus
2643 2399 2758 2471 jam
2784 2398 2914 2469 quid
2942 2404 3209 2465 petamus,
3241 2407 3309 2447 ne
3335 2391 3475 2446 forte
3503 2389 3662 2444 talem
3690 2386 3795 2440 Pa-

2206 2504 2370 2561 trem,
2399 2492 2541 2547 male
2564 2489 2828 2564 petendo,
2860 2486 3213 2545 oﬂ'endamus.
3245 2483 3426 2538 Prima
3447 2496 3577 2550 ergo
3601 2479 3798 2548 petitio

2207 2596 2311 2651 est,
2353 2584 2708 2653 sanctiﬁcetur
2753 2597 2939 2636 nomen
2973 2568 3126 2633 tuum
3156 2593 3174 2631 :
3205 2590 3400 2636 nomen
3441 2573 3537 2628 Dei
3576 2586 3800 2641 semper

2208 2686 2454 2734 sanctum
2498 2682 2608 2739 est;
2654 2687 2823 2745 quare
2858 2686 2987 2742 ergo
3024 2668 3259 2739 petimus
3295 2674 3356 2721 ut
3397 2662 3794 2727 sanctiticetur,

2206 2771 2310 2828 nisi
2332 2780 2392 2827 ut
2424 2785 2524 2826 nos
2551 2782 2649 2840 per
2689 2766 2861 2837 ipsum
2896 2760 3319 2824 sanctiﬁcemur,
3349 2765 3405 2813 et
3433 2753 3801 2812 sanctiﬁcatio

2208 2864 2301 2919 Dei
2346 2867 2604 2934 appareat
2639 2866 2695 2914 et
2731 2863 3047 2929 permaneat
3086 2854 3141 2908 in
3175 2850 3351 2907 nobis.
3389 2847 3645 2917 Sequitur
3683 2845 3799 2900 alia

2206 2958 2428 3030 petitio,
2457 2953 2696 3010 adveniat
2736 2965 2952 3022 regnum
2982 2958 3131 3003 tuum
3158 2961 3176 2999 :
3208 2944 3322 3000 sive
3354 2951 3603 3013 petamus
3625 2982 3640 3006 ,
3677 2940 3801 2995 sive

2133 3077 2179 3140 ρ
2210 3066 2315 3105 ηοη
2343 3056 2612 3118 petamus,
2636 3051 2922 3123 venturum
2945 3048 3031 3095 est
3058 3052 3281 3108 regnum
3309 3034 3427 3089 Dei.
3457 3031 3639 3099 Quare
3663 3045 3801 3100 ergo

2206 3141 2462 3210 petimus,
2502 3137 2605 3192 nisi
2636 3144 2697 3191 ut
2723 3133 2907 3189 veniat
2937 3140 2993 3188 et
3028 3131 3186 3186 nobis
3214 3126 3358 3198 quod
3396 3134 3684 3180 venturum
3709 3132 3803 3179 est

2208 3230 2458 3286 Omnibus
2495 3226 2738 3283 sanctis?
2766 3232 2824 3279 ut
2851 3230 2905 3279 et
2937 3237 3037 3279 nos
3063 3220 3205 3275 Deus
3230 3218 3285 3273 in
3318 3230 3547 3272 numero
3572 3221 3797 3270 sancto-

2208 3343 2328 3381 rum
2364 3338 2585 3380 suorum
2620 3321 2840 3385 habeat,
2882 3316 3078 3388 quibus
3113 3321 3401 3369 venturum
3444 3318 3528 3365 est
3563 3322 3799 3379 regnum

2207 3420 2342 3490 ejus.
2375 3417 2613 3472 Dicimus
2644 3413 2803 3469 tertia
2833 3409 3120 3480 petitione,
3152 3406 3247 3475 fiat
3269 3404 3505 3459 volutatus
3532 3410 3623 3455 tua
3654 3400 3797 3453 sicut

2208 3513 2263 3567 in
2289 3510 2413 3566 caelo
2442 3519 2490 3565 et
2524 3510 2580 3562 in
2602 3517 2742 3561 terra
2770 3518 2788 3556 :
2818 3502 2948 3574 quid
2974 3514 3259 3572 precamur
3280 3498 3369 3552 hic
3393 3495 3536 3550 aliud
3555 3535 3571 3560 ,
3602 3492 3708 3548 nisi
3733 3500 3800 3546 ut

2208 3601 2476 3673 quomodo
2507 3598 2609 3655 sibi
2638 3595 2883 3652 serviunt
2908 3592 3080 3664 angeli
3114 3591 3167 3645 in
3196 3587 3367 3653 coelo,
3397 3586 3470 3642 ita
3495 3594 3549 3641 et
3574 3600 3678 3640 nos
3714 3582 3797 3638 illi

2209 3692 2510 3749 serviamus
2536 3689 2589 3743 in
2631 3697 2811 3751 terra;
2857 3684 3048 3754 Angeli
3090 3690 3273 3738 autem
3311 3690 3367 3736 et
3403 3680 3573 3750 ipsius
3617 3676 3797 3732 sancti

2208 3782 2467 3838 obediunt
2487 3779 2583 3843 illi,
2606 3794 2712 3833 non
2739 3775 2887 3831 illum
2915 3774 3213 3839 oll'endunt,
3240 3787 3345 3827 non
3375 3769 3534 3825 irasci
3560 3768 3795 3835 faciunt,

2210 3862 2303 3930 sed
2338 3872 2545 3927 faciunt
2569 3867 2686 3939 ejus
2714 3868 2865 3939 jussa
2903 3864 3133 3921 amando
3168 3879 3291 3920 cum
3317 3878 3332 3916 :
3360 3862 3465 3916 hoc
3489 3875 3620 3931 ergo
3662 3874 3795 3914 ora-

2210 3980 2330 4020 mus
2377 3969 2435 4016 ut
2465 3967 2521 4016 et
2557 3974 2657 4015 nos
2702 3967 3027 4028 praeceptum
3068 3955 3163 4010 Dei
3204 3953 3471 4010 charitate
3503 3950 3795 4006 faciamus.

2208 4054 2430 4119 lterum,
2473 4051 2637 4107 verba
2681 4049 2785 4104 ista
2822 4057 2879 4102 et
2899 4046 3056 4101 aliter
3093 4044 3317 4115 intelligi
3358 4051 3618 4113 possunt,
3663 4054 3799 4095 nam

2209 4145 2408 4201 ccelum
2442 4144 2498 4197 in
2542 4141 2696 4197 nobis
2742 4140 2919 4195 anima
2964 4148 3078 4203 est,
3119 4146 3264 4192 terra
3309 4137 3362 4191 in
3393 4135 3550 4191 nobis
3593 4147 3798 4204 corpus

2210 4249 2312 4298 est.
2347 4239 2484 4307 Quid
2522 4245 2607 4292 est
2632 4252 2784 4308 ergo,
2825 4234 2919 4305 ﬁat
2944 4231 3181 4289 voluntas
3211 4241 3301 4285 tua
3332 4230 3466 4284 sicut
3499 4228 3552 4281 in
3592 4224 3719 4280 caelo
3742 4235 3795 4279 et

2208 4337 2267 4390 in
2296 4332 2480 4389 terra?
2513 4331 2616 4386 nisi
2645 4339 2706 4405 nt
2730 4330 2869 4384 sicut
2904 4342 3002 4382 nos
3029 4326 3332 4381 audivimus
3363 4328 3630 4393 praecepta
3668 4318 3794 4384 Dei,

531 4453 631 4493 nos
656 4437 938 4508 pervenire
960 4450 1148 4508 posse,
1180 4434 1295 4505 ipse
1317 4450 1411 4490 sua
1439 4435 1608 4505 gratia
1640 4413 1902 4506 praestare
1927 4437 2112 4508 digne.
2135 4422 2188 4482 D
2214 4426 2293 4480 sic
2323 4432 2379 4479 et
2405 4423 2561 4479 nobis
2586 4420 2890 4477 consentiat
2917 4434 3045 4473 caro
3072 4428 3287 4481 nostra,
3316 4431 3384 4471 ne
3411 4413 3537 4468 dum
3566 4420 3799 4468 conten-

533 4536 651 4592 tur,
687 4528 776 4597 qui
814 4542 936 4582 cum
964 4525 1124 4582 Patre
1153 4535 1209 4583 et
1238 4524 1441 4598 Spiritu
1474 4535 1661 4582 sancto
1689 4527 1819 4582 vivit
1843 4535 1898 4583 et
1925 4536 2114 4601 regnat

533 4620 696 4688 Deus,
717 4634 816 4692 per
835 4619 1017 4675 omnia
1043 4619 1238 4676 saecula
1267 4619 1603 4676 saeculorum.
1634 4622 1826 4677 Amen.

1102 4708 1386 4765 HOMILIA
1423 4710 1543 4766 XX.

1058 4816 1187 4856 ΠἜΙ
1230 4816 1284 4855 IN
1322 4818 1577 4858 LITANIIS.

707 4892 787 4948 De
809 4889 1060 4948 Oratione
1092 4892 1365 4948 Dominica
1394 4893 1627 4966 (Evang.
1670 4891 1796 4949 Luc.
1823 4893 1932 4965 ξι).

605 4983 783 5050 Modo,
818 4983 1016 5039 fratres
1058 4983 1399 5051 cbarissimi,
1433 5000 1555 5039 cum
1585 4984 1933 5056 Evangelium
1968 4984 2111 5054 lege-

535 5086 727 5143 retur,
786 5077 1088 5132 audivimus
1145 5074 1480 5131 Salvatorem
1537 5088 1779 5132 nostrum
1841 5077 2106 5132 dicentem

534 5185 599 5225 ac
648 5169 803 5225 nobis
854 5168 1249 5239 praecipientem
1300 5185 1314 5221 ε
1362 5164 1532 5222 Petite
1571 5177 1618 5222 et
1672 5168 1884 5222 dabitur
1928 5168 2104 5236 vobis,

533 5261 749 5331 quaerite
773 5268 821 5314 et
849 5259 1116 5314 invenietis
1138 5299 1153 5326 ,
1181 5257 1386 5330 pulsate
1413 5266 1461 5312 et
1489 5260 1752 5329 aperietur
1787 5259 1948 5313 vobis.
1985 5256 2109 5313 0m-

536 5351 616 5405 nis
648 5350 785 5405 enim
808 5351 895 5421 qui
931 5350 1084 5420 petit,
1111 5349 1297 5419 accipit
1324 5366 1343 5414 ;
1374 5360 1422 5404 et
1449 5350 1538 5419 qui
1568 5351 1775 5422 quaerit,
1802 5350 2031 5415 invenit;
2061 5358 2107 5404 et

534 5441 766 5513 pulsanti
792 5440 1053 5513 aperietur
1079 5440 1230 5511 (Luc.
1256 5440 1356 5515 χι).
1382 5441 1448 5496 Ει
1474 5457 1582 5497 non
1605 5441 1775 5498 solum
1798 5458 1898 5498 nos
1925 5450 2110 5512 petere

538 5533 714 5602 jussit,
745 5536 836 5589 sed
863 5535 1023 5588 etiam
1048 5534 1171 5589 alibi
1188 5543 1373 5605 petere
1399 5535 1581 5589 docuit
1618 5553 1631 5586 :
1670 5534 1894 5590 Orantes
1914 5544 2106 5601 autem,

536 5625 632 5688 ait,
660 5625 814 5680 nolite
837 5625 1058 5680 multum
1084 5626 1253 5697 loqui,
1285 5626 1417 5680 sicut
1446 5626 1634 5680 ethnici
1663 5626 1863 5694 faciunt
1893 5624 2108 5697 (Matth.

541 5712 649 5791 v9;
677 5718 1008 5775 arbitrantur
1036 5719 1177 5777 enim
1198 5718 1341 5799 quod
1369 5719 1423 5773 in
1453 5717 1789 5788 multiloquio
1815 5733 1913 5775 suo
1946 5734 2112 5799 exau—

2212 4517 2346 4573 dunt
2372 4530 2501 4572 caro
2526 4522 2581 4570 et
2614 4512 2840 4583 spiritus
2862 4552 2877 4576 ,
2917 4519 3187 4582 prmccpla
3216 4507 3313 4562 Dei
3356 4506 3532 4561 minus
3564 4503 3798 4573 implere

2210 4607 2501 4680 possimus.
2532 4605 2654 4661 istae
2685 4620 2814 4676 ergo
2841 4612 2950 4659 tres
2984 4600 3273 4673 petitiones
3297 4600 3570 4670 pertinent
3592 4596 3678 4651 'ad
3708 4595 3797 4649 vi-

2211 4709 2325 4756 tam
2352 4706 2613 4753 aeternam
2632 4737 2647 4763 ,
2682 4695 2807 4767 quia
2836 4703 3038 4750 aeterna
3070 4693 3123 4747 in
3156 4692 3236 4747 eis
3268 4689 3503 4762 petimus
3534 4706 3547 4742 :
3578 4702 3801 4758 semper

2210 4790 2360 4847 enim
2394 4798 2449 4844 et
2490 4788 2607 4843 sine
2636 4786 2747 4842 ullo
2781 4785 2887 4841 line
2921 4785 3179 4840 debemus
3215 4782 3524 4838 desiderare
3550 4777 3798 4834 sanctill-

2212 4880 2324 4936 cari
2366 4880 2419 4935 in
2451 4879 2670 4934 nomine
2696 4877 2941 4944 Domini,
2973 4884 3029 4931 et
3059 4889 3286 4947 regnum
3310 4872 3426 4942 ejus
3451 4871 3566 4926 ﬁeri
3602 4870 3658 4925 in
3696 4885 3802 4925 no-

2210 4968 2328 5038 bis,
2369 4980 2425 5027 et
2456 4971 2787 5027 voluntatem
2814 4968 2930 5038 eius
2964 4967 3175 5039 impleri
3210 4985 3223 5021 :
3253 4975 3463 5022 camera:
3500 4977 3628 5018 vero
3658 4976 3800 5031 qua-

2213 5076 2335 5120 tuor
2380 5071 2667 5133 sequentes
2706 5061 2975 5131 pertinent
3003 5063 3070 5115 ad
3110 5058 3276 5113 vitam
3307 5064 3649 5128 praesentem.
3688 5052 3795 5108 Se-

2210 5154 2394 5226 quitur
2421 5155 2473 5209 in
2502 5152 2759 5210 Oratione
2786 5152 3088 5216 Dominica,
3126 5149 3327 5204 Panem
3355 5159 3587 5202 nostrum
3618 5145 3798 5215 quoti-

2208 5259 2425 5314 dianum
2468 5259 2539 5313 da
2573 5258 2727 5339 nobis!
2758 5256 2911 5311 hodie
2946 5272 2967 5310 :
3007 5254 3121 5310 sive
3153 5253 3539 5310 exhibitionem
3573 5250 3793 5320 corpori

2212 5350 2446 5420 petimus
2482 5349 2847 5405 necessariam
2884 5364 2914 5402 a
2958 5347 3070 5403 Deo
3098 5347 3281 5413 Patre,
3319 5347 3372 5400 in
3402 5359 3541 5416 pane
3576 5342 3795 5413 signiti-

2211 5452 2399 5499 cantes
2423 5440 2682 5512 quidquid
2718 5438 2875 5494 nobis
2899 5447 2984 5494 est
3023 5438 3418 5502 necessarium;
3458 5435 3572 5501 sive
3612 5434 3798 5505 quoti-

2213 5534 2432 5589 dianum
2468 5546 2663 5604 panem
2702 5529 3064 5601 intelligamus
3102 5528 3250 5584 illum
3278 5544 3400 5585 esse
3437 5543 3595 5598 quem
3637 5540 3800 5581 accc-

2212 5625 2357 5695 pturi
2384 5640 2569 5679 sumus
2588 5623 2654 5679 de
2682 5622 2857 5677 altari.
2889 5621 3029 5690 Quid
3050 5631 3134 5678 est
3155 5624 3298 5678 enim
3322 5623 3463 5692 quod
3486 5636 3711 5677 oramus
3733 5629 3800 5676 ut

2214 5717 2305 5775 det
2330 5715 2485 5772 nobis
2505 5730 2653 5785 eum,
2686 5715 2789 5771 nisi
2809 5731 2878 5772 ne
2906 5716 3032 5772 mali
3059 5714 3258 5786 aliquid
3282 5713 3626 5771 admittamus
3649 5711 3796 5766 unde
