4040 6188
972 114 1023 165 ..ι

346 198 414 286 ἰι
1265 220 1572 288 bonum
1610 230 1697 287 as
1731 222 1971 286 rss'rts
2009 217 2420 296 MAECIPUIS,
2451 221 2610 286 'src‘.
3509 230 3582 296 η

352 364 381 400 s
417 343 500 399 tali
529 356 669 413 pane
691 352 1027 412 separemur.
1058 341 1124 398 Et
1144 342 1367 397 verbum
1394 340 1921 411 Deiqnod'quotidie
1945 353 1996 410 Α
2023 338 2545 409 illam‘proferamus,
2571 354 2637 398 ac
2663 341 2822 397 Lo’nis
2839 342 3095 412 operibus
3121 344 3292 416 ipsam
3312 362 3588 407 conamen.

352 434 683 507 praedicatur,
699 433 857 502 panis
869 440 951 487 est
967 449 981 486 :
996 442 1104 487 non
1117 431 1263 487 enim
1275 432 1403 502 quia
1416 447 1521 485 non
1534 430 1785 500 estpanis
1796 446 1918 486 ven-

351 526 457 587 tris.
481 523 601 578 ideo
635 537 743 577 non
769 531 857 577 est
878 522 1034 591 panis
1066 522 1262 578 mentis
1288 539 1304 577 :
1327 536 1448 577 cum
1472 529 1651 577 autem
1678 522 1785 576 vita
1814 520 1918 576 ista

349 613 636 679 transierit,
651 626 751 668 nec
764 626 959 683 panem
973 611 1122 668 illum
1143 612 1438 683 quaerimus
1450 627 1610 682 quem
1625 611 1819 688 quaerit
1834 610 1917 666 fa-

351 718 476 769 mes,
498 716 597 757 nec
616 709 1016 758 sacramentum
1032 701 1219 757 altaris
1232 702 1494 758 habemus
1505 703 1773 772 accipere,
1793 700 1917 770 quia

349 790 415 846 ibi
426 790 629 846 erimus
638 804 760 845 cum
772 788 1175 860 Christo,cujus
1184 803 1381 862 corpus
1391 789 1854 863 modoaccipimus
1866 789 1918 844 in

349 886 703 935 sacramento.
729 876 843 934 Nec
864 879 1024 934 verba
1049 877 1155 934 ista
1177 894 1209 934 a
1235 879 1390 936 nobis
1416 887 1543 936 tunc
1567 879 1674 935 diei
1698 879 1915 942 habent,

346 982 458 1037 qua;
493 982 639 1023 nunc
687 966 919 1022 dicimus
952 967 1124 1022 vobis.
1164 967 1276 1023 Nec
1308 968 1480 1024 codex
1526 969 1785 1040 legendus
1814 978 1919 1034 est,

345 1058 552 1128 quando
564 1056 740 1126 ipsum
756 1056 1171 1125 videbimus,qui
1185 1057 1504 1113 estVerbum
1516 1058 1631 1120 Dei,
1647 1073 1745 1128 per
1758 1074 1919 1128 quem

346 1148 479 1203 facta
494 1155 621 1202 sunt
634 1147 813 1202 omnia
823 1162 951 1217 ,quo
964 1159 1262 1216 pascuntur
1272 1148 1470 1218 angeli,
1486 1164 1594 1219 quo
1616 1149 1921 1203 illuminan-

347 1250 425 1294 tur
451 1238 764 1307 archangeli
792 1278 807 1303 ,
838 1253 947 1308 quo
983 1239 1255 1309 sapientes
1279 1240 1416 1294 ﬁunt
1443 1254 1631 1295 omnes
1662 1222 1920 1295 caelorum

344 1329 588 1391 virtutes,
614 1342 721 1380 non
744 1333 1046 1396 quaerentes
1062 1328 1224 1382 verba
1250 1316 1535 1383 locutionis
1555 1329 1920 1394 infructuosaa,

343 1418 431 1473 sed
473 1417 725 1471 bibentes
764 1417 985 1472 unicum
1019 1417 1274 1481 verbum,
1312 1425 1369 1473 et
1403 1417 1526 1473 inde
1556 1418 1757 1487 impleti
1800 1435 1923 1473 eru-

344 1516 489 1562 ctant
537 1506 760 1571 laudes,
800 1514 857 1561 et
906 1522 1012 1562 non
1048 1507 1304 1563 deﬁciunt
1359 1508 1412 1562 in
1456 1508 1721 1563 laudibus.
1772 1507 1922 1563 Beati

341 1598 505 1661 enim,
532 1596 612 1651 ait
644 1595 912 1666 psalmus,
938 1596 1029 1666 qui
1056 1595 1296 1650 habitant
1322 1597 1377 1651 in
1400 1582 1553 1651 domo
1582 1608 1694 1662 tua,
1723 1599 1778 1661 iu
1815 1615 1919 1653 sa:-

2016 428 2228 491 demrts.
2264 430 2380 485 Scit
2405 431 2551 486 enim
2581 430 2670 487 ille
2709 433 2799 500 qui
2831 432 3010 489 taliter
3043 433 3205 504 jussit
3246 451 3345 492 nos
3379 445 3589 509 petere,

2018 515 2145 587 quid
2173 519 2480 574 nohis‘ntile
2507 528 2590 574 est
2620 522 2916 576 concedere
2956 538 2969 575 τ
3007 523 3131 592 quin
3152 530 3482 598 quaecunque
3501 543 3593 599 po-

2014 607 2398 663 stulaverimus
2435 612 2729 666 secundum
2769 612 3098 669 voluntatem
3138 604 3275 684 ejus,
3309 620 3457 674 audit
3491 633 3589 676 nos

2020 698 2152 768 ipse,
2179 699 2431 757 videlicet
2454 701 2721 757 mediator
2743 703 2837 759 Dei
2858 713 2912 760 et
2937 705 3235 774 hominum,
3263 705 3418 766 Jesus
3436 712 3454 766 l
3470 711 3591 765 'hri.‘

2019 797 2134 844 stus
2174 791 2434 848 Dominus
2468 798 2672 857 noster,
2712 794 2803 863 qui
2844 795 2976 849 vivit
3013 804 3068 851 et
3102 807 3293 869 regnat
3322 814 3446 855 cum
3482 798 3592 857 Deo

2022 878 2178 934 Patre
2200 880 2254 934 in
2281 880 2489 936 unitate
2515 879 2750 951 Spiritus
2772 884 2943 939 sancti
2968 883 3132 952 Deus,
3162 902 3259 956 per
3284 889 3466 948 omnia
3486 903 3591 947 sata

2019 970 2139 1025 cula
2168 972 2513 1027 sm‘culmum.
2550 973 2743 1028 Amen.
3151 1002 3187 1037 η
3236 1011 3252 1022 -

2576 1068 2858 1140 HOMILIA
2896 1078 3035 1141 χχι.

2478 1171 2530 1210 IN
2576 1162 2891 1211 ASCENSIONE
2938 1163 3141 1212 unum.

2508 1243 2733 1315 (Evang.
2771 1245 2937 1299 Marc.
2965 1262 3053 1302 xvt
3083 1246 3102 1317 )

2092 1328 2487 1401 Sacratissimai
2507 1333 2839 1401 festivitatis,
2862 1336 3059 1391 fratres
3082 1338 3407 1405 charissimi,
3430 1350 3592 1411 quam

2023 1420 2183 1476 hodie
2231 1422 2584 1488 celebramus,
2624 1425 2885 1482 lectiones
2928 1442 3098 1484 sacrm
3130 1444 3251 1500 qua:
3296 1430 3438 1486 inter
3482 1431 3595 1488 haec

2023 1514 2313 1570 missarum
2357 1516 2618 1573 solemnia
2668 1519 2907 1575 recitata:
2953 1528 3098 1586 sunt,
3151 1523 3394 1592 pandunt
3437 1538 3596 1579 exor.

2025 1603 2193 1658 dium.
2225 1604 2365 1661 Ante
2395 1607 2510 1663 dies
2531 1610 2661 1679 ergo
2691 1610 3042 1680 quadraginta
3070 1611 3350 1668 Dominico
3373 1609 3596 1669 Pascha:

344 1688 456 1743 culo
488 1686 808 1743 saeculorum
859 1686 1149 1741 laudabunt
1179 1695 1230 1741 te
1269 1685 1441 1757 (Psal.
1484 1688 1731 1758 sxum).
1779 1687 1921 1755 Ergo
1955 1688 1996 1746 Β
2026 1694 2440 1751 resurrectionis
2486 1696 2698 1751 Domini
2738 1700 2949 1769 tempus
2975 1699 3387 1767 celebravimus,
3434 1702 3595 1757 hodie

344 1781 394 1834 in
430 1780 534 1835 hac
575 1780 687 1833 vita
724 1778 959 1848 petimus
1001 1778 1144 1849 quod
1195 1778 1441 1849 sequitur
1472 1797 1485 1834 :
1522 1778 1921 1837 Dimittenobis

346 1871 518 1925 debita
551 1878 733 1923 nostra
754 1908 771 1934 ,
802 1869 936 1923 sicut
966 1878 1013 1923 et
1037 1885 1129 1923 nos
1156 1868 1470 1924 dimittimus
1489 1868 1805 1922 debitoribus
1832 1882 1924 1921 no-

343 1963 459 2016 stris
507 1975 527 2012 :
583 1960 638 2015 in
699 1958 968 2029 baptismo
1023 1960 1205 2015 omnia
1260 1959 1459 2025 debita,
1523 1958 1577 2015 id
1625 1966 1746 2023 est,
1801 1971 1925 2028 pec-

344 2064 457 2110 cata
502 2052 710 2116 omnia,
756 2067 979 2123 prorsus
1024 2051 1373 2107 dimittuntur
1417 2050 1609 2116 nobis;
1659 2049 1754 2105 sed
1798 2047 1924 2120 quia

344 2147 428 2203 hic
464 2161 625 2202 nemo
652 2151 833 2214 potest
863 2145 1044 2199 vivere
1086 2143 1205 2200 sine
1243 2150 1487 2213 peccato,
1525 2141 1647 2198 etsi
1679 2156 1788 2197 non
1812 2154 1924 2196 ma—

344 2256 444 2312 gno
487 2241 740 2305 crimine,
781 2238 924 2294 unde
968 2243 1290 2308 separentur
1333 2235 1401 2292 ab
1439 2235 1529 2291 illo
1574 2249 1750 2306 pane,
1798 2239 1926 2288 tunc

345 2346 497 2386 nemo
526 2338 709 2400 potest
743 2328 861 2385 sine
890 2326 1126 2399 peccatis
1151 2339 1272 2382 esse
1304 2324 1359 2380 in
1393 2325 1495 2380 hac
1523 2333 1667 2381 terra
1687 2364 1703 2390 ,
1734 2332 1789 2379 et
1817 2337 1924 2378 non

347 2437 631 2492 possumus
674 2421 937 2492 accipere,
986 2419 1091 2473 nisi
1134 2432 1301 2473 unum
1344 2417 1669 2488 baptismum
1719 2414 1918 2472 simul:

348 2513 399 2566 in
435 2513 687 2567 oratione
730 2519 912 2566 autem
951 2508 1277 2577 accipiemus
1323 2506 1466 2562 unde
1500 2504 1740 2576 quotidie
1780 2502 1926 2559 lave-

346 2618 481 2666 mur,
528 2610 591 2656 ut
629 2600 789 2655 nobis
816 2605 1037 2670 peccata
1072 2604 1258 2652 nostra
1298 2594 1538 2666 quotidie
1561 2592 1920 2649 dimittantur.

345 2691 445 2747 Sed
486 2693 590 2747 hoc
618 2689 680 2746 ﬁt
719 2691 766 2746 si
806 2688 1067 2744 faciamus
1100 2686 1244 2757 quod
1273 2684 1536 2759 sequitur,
1579 2685 1712 2738 sicut
1740 2692 1789 2738 et
1831 2700 1922 2737 nos

343 2784 654 2837 dimittimus
684 2780 1003 2835 debitoribus
1048 2779 1259 2833 nostris.
1295 2776 1513 2848 Itaque,
1553 2775 1750 2831 fratres
1787 2774 1919 2839 mei,

344 2887 534 2927 moneo
560 2887 681 2936 vos,
718 2871 773 2924 in
806 2870 897 2924 Dei
927 2869 1098 2939 gratia
1128 2867 1269 2923 ﬁlios
1297 2882 1466 2931 meos,
1498 2875 1554 2921 et
1578 2865 1677 2920 sub
1706 2864 1794 2918 illo
1819 2862 1922 2917 Pa-

345 2975 423 3019 tre
463 2963 666 3018 fratres
706 2975 875 3025 meos,
915 2973 1108 3014 moneo
1135 2972 1232 3014 vos
1268 2966 1326 3012 ut
1353 2942 1570 3027 quando
1595 2970 1691 3010 vos
1727 2953 1922 3023 aliquis

2022 1781 2259 1850 ejusdem
2275 1785 2646 1856 Redemptoris
2672 1787 2843 1843 nostri
2860 1787 3206 1844 Ascensionis
3227 1789 3490 1847 solemnia
3505 1803 3597 1846 ve-

2024 1886 2279 1928 neramur
2309 1891 2323 1928 :
2352 1875 2477 1944 quia
2508 1873 2754 1931 Salvator
2791 1887 2975 1931 noster
2998 1886 3119 1946 post
3147 1879 3595 1936 resurrectionem

2025 1975 2198 2028 suam,
2232 1977 2333 2033 per
2357 1963 2474 2019 dies
2491 1963 2843 2035 quadraginta
2866 1974 3132 2035 apparens
3152 1966 3434 2038 discipulis
3463 1970 3594 2032 suis,

2025 2055 2293 2110 veraditer
2318 2068 2378 2111 se
2400 2056 2762 2112 resarrexisse
2782 2056 2835 2111 in
2864 2057 3046 2125 multis
3069 2060 3404 2129 argumentis
3426 2060 3599 2116 mani-

2026 2143 2273 2212 festavit;
2307 2144 2595 2201 novissime
2622 2146 3059 2202 recumbentibus
3090 2146 3197 2203 illis
3224 2148 3478 2204 undecim
3499 2165 3596 2220 ap-

2023 2235 2224 2306 paruit,
2264 2244 2321 2292 et
2364 2236 2525 2291 verba
2577 2236 2975 2306 praedicationis
3016 2238 3087 2293 ob
3134 2239 3598 2295 conﬁrmationem

2024 2339 2209 2381 eorum
2224 2326 2336 2395 jam
2358 2326 2680 2381 ascensurus
2700 2327 2756 2381 in
2777 2328 2995 2394 cmlum,
3030 2329 3343 2399 impertivit,
3367 2329 3598 2400 ﬁdeique

2024 2417 2448 2487 magnitudinem
2487 2418 2747 2484 ostendit,
2786 2434 2850 2474 ac
2875 2420 3027 2490 signa
3061 2435 3180 2489 qua:
3217 2435 3317 2491 per
3337 2422 3599 2493 pradica-

2025 2506 2224 2560 tionem
2249 2518 2434 2561 eorum
2467 2506 2768 2563 credituros
2793 2508 3081 2565 subsecuta
3106 2519 3304 2575 erant,
3328 2512 3600 2582 praedixit,

2022 2596 2209 2666 eisque
2253 2596 2598 2661 benedicens,
2634 2596 2866 2668 Spiritus
2902 2601 3074 2655 sancti
3121 2602 3367 2670 promisit
3393 2602 3596 2658 adven-

2022 2692 2158 2739 tum.
2195 2683 2324 2740 Pos't
2347 2686 2463 2742 hazc
2496 2697 2676 2741 autem
2696 2726 2712 2751 ,
2738 2687 3032 2744 videntibus
3056 2688 3163 2744 illis
3183 2689 3410 2747 elevatus
3427 2703 3524 2758 est,
3547 2702 3600 2747 et

2022 2776 2182 2830 nubes
2203 2778 2428 2846 suscepit
2454 2792 2571 2830 eum
2596 2775 2661 2831 ab
2692 2776 2860 2832 oculis
2889 2794 3068 2833 eorum
3085 2817 3103 2845 ,
3127 2791 3522 2852 assumptusque
3545 2784 3602 2837 iu

2020 2863 2228 2928 cretum,
2259 2875 2310 2918 et
2336 2865 2481 2919 sedet
2510 2882 2543 2918 α
2571 2865 2767 2920 dextris
2796 2865 2910 2931 Dei,
2960 2868 3014 2922 in
3053 2868 3240 2925 eadem
3271 2870 3603 2927 humanitate

2021 2966 2277 3011 venturus
2299 2956 2544 3026 judicare
2573 2958 2628 3011 in
2672 2956 2777 3013 ﬁne
2812 2959 3130 3015 saeculorum
3174 2962 3324 3017 vivos
3356 2973 3420 3017 ac
3453 2978 3600 3018 mor-

342 3054 560 3111 oﬁ‘endit
598 3062 656 3108 et
686 3048 875 3123 peccat
913 3051 968 3105 in
1005 3065 1122 3115 vos,
1160 3057 1215 3105 et
1253 3049 1416 3112 venit,
1449 3056 1505 3101 ct
1530 3048 1836 3125 conﬁtetur.
1869 3052 1923 3100 et
1950 3032 1995 3093 C
2029 3056 2168 3114 tuos,
2198 3064 2303 3119 qua
2335 3049 2490 3105 hodie
2519 3051 2779 3114 ascendit,
2811 3053 2951 3107 sicut
2978 3062 3034 3108 et
3077 3056 3352 3125 apostolis,
3388 3058 3441 3113 in
3486 3072 3603 3114 cm—

341 3146 473 3215 pelit
501 3162 532 3199 a
561 3122 719 3199 vobis
759 3141 972 3197 veniam
994 3181 1010 3205 ,
1039 3148 1098 3193 ut
1128 3138 1420 3208 ignoscatis
1447 3134 1556 3201 illi,
1585 3122 1922 3191 et'continuo

340 3250 404 3290 es
434 3235 599 3291 corde
628 3230 936 3295 dimittatis,
984 3244 1052 3285 ne
1081 3229 1234 3286 vobis
1261 3243 1290 3282 a
1320 3228 1431 3283 Deo
1463 3227 1673 3282 veniam
1699 3226 1919 3279 venien-

340 3333 445 3380 tem
488 3321 829 3395 prohibeatis
870 3339 882 3373 :
932 3320 979 3397 si
1018 3320 1162 3374 enim
1191 3335 1299 3373 non
1336 3304 1633 3373 dimittetis’
1658 3331 1777 3381 vos,
1822 3329 1921 3370 nec

341 3415 426 3469 ille
448 3414 688 3469 dimittet
716 3411 888 3467 vobis.
925 3411 1066 3482 Ergo
1091 3419 1148 3465 ct
1174 3411 1276 3464 hoc
1308 3408 1362 3463 in
1391 3408 1491 3462 ista
1526 3408 1635 3461 vita
1665 3408 1919 3477 petimus,

340 3505 464 3573 quia
493 3503 588 3558 hic
611 3510 840 3573 possunt
868 3501 1064 3556 dimitti
1093 3499 1184 3554 ubi
1211 3506 1438 3571 possunt
1460 3497 1645 3553 haberi
1668 3504 1885 3568 peccata
1905 3535 1920 3560 ,

342 3596 393 3649 in
422 3594 516 3649 illa
543 3601 729 3648 autem
769 3591 879 3645 vita
901 3606 1007 3646 non
1031 3590 1407 3653 dimittuntur,
1435 3587 1561 3657 quia
1587 3602 1689 3641 nec
1722 3585 1924 3641 haben-

344 3694 446 3739 tur.
489 3682 699 3737 Deindc
728 3682 962 3752 petimus
984 3680 1245 3745 dicentes,
1280 3695 1341 3733 ne
1368 3695 1460 3732 nos
1490 3677 1709 3732 inducas
1736 3676 1792 3730 in
1820 3674 1927 3729 teu-

341 3777 594 3828 tationem
624 3785 643 3824 :
676 3773 817 3828 Deus
861 3770 1003 3825 enim
1049 3785 1154 3825 non
1205 3785 1303 3840 per
1354 3769 1586 3838 scipsum
1624 3764 1830 3822 inducit
1872 3765 1923 3819 in

344 3865 723 3928 teutationem,
755 3863 850 3919 sed
878 3860 1057 3916 induci
1080 3862 1285 3931 patitur
1316 3875 1437 3914 eum
1466 3854 1626 3930 quem
1652 3874 1752 3913 suo
1773 3848 1926 3913 auxi-

2026 3137 2137 3192 lum
2161 3147 2378 3194 euntem
2413 3139 2562 3194 illum
2608 3141 2960 3207 intuentibus,
2994 3143 3102 3199 duo
3138 3144 3311 3214 angeli
3341 3149 3604 3216 praedixe—

2025 3238 2151 3283 runt
2195 3247 2209 3282 :
2257 3229 2394 3295 Viri,
2441 3229 2637 3300 inquit,
2668 3227 2901 3297 Galilei,
2948 3233 3075 3304 quid
3111 3237 3261 3289 statis
3299 3237 3604 3306 aspicientes

2023 3318 2078 3372 in
2117 3319 2301 3373 caelum
2324 3320 2350 3372 .9
2386 3318 2491 3373 Hic
2530 3320 2688 3375 Iesus
2707 3322 2805 3391 qui
2828 3327 3124 3394 assuutptus
3157 3334 3233 3379 est
3270 3328 3498 3390 a'oobis,
3527 3328 3603 3381 sic

2024 3411 2188 3465 veniet
2226 3411 2665 3482 quemadmodum
2699 3413 2901 3469 vidistis
2925 3429 3042 3471 eum
3078 3426 3282 3471 cuidem
3314 3419 3370 3473 iu
3393 3417 3598 3473 calum.

2025 3501 2185 3565 Ecce,
2217 3518 2339 3558 cum
2379 3502 2664 3559 Dominum
2705 3503 2761 3558 in
2802 3505 2999 3561 emtum
3038 3508 3344 3563 ascendisse
3386 3509 3604 3574 auditis,

2025 3596 2078 3650 in
2130 3596 2387 3652 cordibus
2424 3598 2623 3652 vestris
2665 3598 2927 3653 immensa
2978 3599 3164 3653 laetitia
3200 3601 3599 3669 exhilaramini,

2025 3687 2211 3742 laudes
2253 3687 2462 3743 debitas
2506 3702 2602 3742 ore
2647 3687 2996 3756 depromitis,
3055 3689 3311 3759 gaudium
3362 3680 3602 3748 vestrum

2026 3776 2188 3829 etiam
2219 3775 2273 3829 in
2317 3776 2467 3829 vultu
2505 3775 2806 3837 ostenditis,
2848 3776 2974 3845 quia
3022 3778 3359 3849 maiestatem
3400 3779 3604 3837 Christi

2026 3871 2077 3915 et
2105 3862 2329 3933 gloriam
2370 3863 2518 3933 regni
2556 3861 2792 3918 omlestis
2834 3873 3016 3919 mente
3048 3867 3376 3937 recogitetis.
3409 3869 3477 3924 Et
3513 3885 3599 3925 re-

343 3959 413 4012 lio
442 3956 776 4022 destituerit,
802 3946 867 4011 ac
900 3955 1222 4017 deseruerit,
1245 3952 1434 4009 ordine
1458 3951 1842 4016 occultissimo,
1870 3958 1927 4003 at
2028 3965 2155 4006 vera
2197 3965 2393 4022 magna
2417 3958 2503 4006 est
2533 3959 2589 4007 et
2617 3950 2902 4008 ineﬂ‘abilis
2943 3968 3108 4010 causa
3148 3957 3434 4027 gaudendi,
3475 3971 3602 4016 cum

344 4035 557 4105 meritis
586 4047 873 4117 causisque
910 4059 1051 4115 saepe
1090 4043 1412 4099 manifestis.
1444 4043 1601 4098 Aliud
1632 4050 1717 4097 est
1746 4040 1924 4096 autem
2028 4041 2277 4097 audimus
2321 4049 2377 4096 et
2416 4040 2581 4123 corde
2612 4040 2832 4109 credulo
2857 4049 3186 4109 tractamus,
3220 4047 3362 4114 quod
3396 4047 3449 4101 in
3476 4061 3603 4103 coa-

342 4140 525 4196 induci
548 4140 605 4194 in
629 4138 996 4203 tentationem,
1022 4136 1167 4192 aliud
1190 4143 1275 4192 est
1300 4128 1495 4191 tentari
1520 4153 1533 4190 :
1559 4134 1681 4205 quia
1706 4133 1924 4197 tentari,
2026 4142 2214 4207 specta
2248 4143 2451 4191 sancte
2483 4132 2864 4201 multitudinis,
2906 4149 3069 4206 supra
3112 4139 3354 4194 omnium
3391 4148 3597 4197 creatu-

346 4229 583 4297 probare
624 4235 739 4293 est;
783 4226 923 4282 unde
948 4223 1210 4297 scriptum
1236 4233 1321 4280 est
1352 4243 1365 4279 :
1405 4223 1544 4279 Vasa
1568 4223 1716 4295 ﬁguli
1746 4222 1927 4293 probat
2031 4241 2214 4283 rarum
2244 4225 2548 4283 celestium
2579 4225 2896 4297 dignitatem
2914 4228 3136 4283 humani
3168 4230 3381 4299 generis
3407 4240 3600 4289 natura

339 4320 562 4388 (emax,
589 4327 638 4372 et
666 4317 901 4372 homines
909 4316 1085 4387 justas
1116 4315 1332 4371 teutotio
1363 4313 1711 4369 tribulationis
1733 4313 1920 4386 (Eccli.
1951 4367 2002 4388 ἢ
2032 4316 2442 4381 conscenderit,
2496 4330 2844 4386 supergressa
2914 4315 3183 4387 angelioos
3244 4318 3463 4377 ordines
3481 4360 3498 4387 ,
3546 4328 3603 4378 et

342 4410 538 4481 nm).
577 4406 762 4464 induci
813 4408 993 4463 autem
1034 4407 1088 4463 in
1129 4400 1502 4474 tentationem,
1550 4414 1635 4462 est
1681 4400 1922 4477 superari
1954 4400 2004 4427 ν
2028 4407 2169 4463 ultra
2199 4414 2516 4463 cunctarum
2544 4405 2879 4463 altitudinem
2914 4412 3237 4475 potestatum
3268 4406 3496 4475 elevata,
3533 4413 3601 4468 ad

342 4501 651 4556 tentatione
688 4506 847 4569 atque
888 4496 1183 4568 corrumpi.
1232 4492 1338 4553 Sid
1373 4496 1535 4552 libera
1563 4513 1657 4550 nos
1700 4513 1732 4551 o
1763 4488 1923 4558 malo,
2028 4497 2124 4553 Dei
2153 4495 2328 4552 Patris
2352 4504 2602 4566 provecta
2626 4503 2711 4551 est
2736 4508 3069 4549 consessum.
3108 4493 3244 4562 Quia
3266 4495 3428 4568 igitur
3451 4496 3592 4554 Chri

340 4592 446 4647 hoc
475 4597 566 4647 est
596 4589 666 4644 ab
685 4590 833 4646 omni
855 4597 1100 4659 peccato,
1122 4589 1235 4645 sive
1259 4588 1421 4647 etiam
1463 4588 1532 4645 ab
1556 4599 1775 4644 auctore
1803 4603 1925 4658 pec—
2028 4588 2097 4643 sti
2134 4587 2379 4643 aswnsio
2424 4594 2611 4642 nostra
2649 4584 2924 4655 provectio
2957 4591 3062 4650 est,
3102 4594 3159 4642 et
3182 4600 3288 4656 quo
3327 4590 3601 4658 praecessit

337 4681 472 4747 cati,
506 4682 616 4736 hoc
641 4688 745 4745 est,
779 4679 991 4735 diabolo
1012 4720 1028 4743 ,
1056 4693 1124 4735 ne
1156 4679 1247 4735 ille
1274 4695 1373 4735 nos
1401 4679 1513 4735 suis
1540 4680 1926 4736 tentationibus
2029 4676 2198 4747 gloria
2224 4676 2416 4746 capitis
2436 4689 2502 4731 co
2523 4689 2648 4745 spes
2672 4673 2844 4730 tendit
2868 4682 2925 4730 et
2943 4675 3209 4744 corporis,
3232 4675 3407 4746 dignis
3426 4678 3599 4733 exsul-

339 4773 574 4829 seducat
620 4780 785 4843 atque
829 4769 1079 4841 decipiat.
1133 4766 1406 4825 Orandum
1447 4779 1533 4825 est
1580 4769 1724 4825 enim
1773 4769 1928 4824 nobis
2031 4775 2207 4822 tentus
2251 4764 2478 4837 gaudiis,
2527 4772 2584 4819 et
2619 4764 2706 4834 pia
2747 4764 3044 4835 gratiarum
3091 4764 3302 4820 actione
3336 4763 3599 4822 laetemur.

337 4865 589 4935 quandiu
631 4878 817 4920 sumus
846 4863 900 4918 in
935 4861 1188 4934 praasenti
1224 4862 1356 4928 vita,
1388 4870 1450 4915 ut
1484 4876 1588 4917 non
1616 4861 1785 4916 solum
1822 4876 1925 4915 non

337 4956 672 5011 inducamur
700 4954 757 5009 in
784 4952 982 5007 malum
1002 4967 1110 5023 quo
1137 4965 1407 5014 caremus,
1436 4952 1531 5006 sed
1557 4951 1624 5005 ab
1652 4952 1739 5007 illo
1761 4952 1927 5006 ctiam

333 5043 644 5102 liberemur
670 5057 778 5114 quo
797 5042 913 5114 jam
941 5041 1141 5097 inducti
1161 5032 1348 5097 sumus
1373 5058 1386 5094 :
1415 5039 1558 5109 quod
1579 5054 1698 5095 cum
1730 5039 1928 5095 factum

335 5135 538 5203 fuerit,
593 5133 731 5190 nihil
789 5133 1088 5189 remanebit
1134 5130 1564 5195 formidolosum,
1625 5130 1750 5200 quia
1806 5140 1930 5183 tunc

332 5229 605 5302 gaudium
628 5235 874 5283 nostrum
901 5223 1006 5281 erit
1026 5225 1263 5296 plenum.
1290 5222 1443 5279 Hanc
1471 5237 1599 5295 ergo
1619 5221 1927 5277 Orationem

334 5317 711 5383 Dominicam,
741 5315 936 5373 fratres
959 5314 1294 5380 charissimi,
1323 5326 1443 5383 qua:
1471 5312 1539 5367 ab
1571 5312 1687 5382 ipso
1714 5322 1933 5366 auctore

336 5419 542 5466 nostro
578 5417 637 5465 et
680 5408 935 5479 largitore
960 5406 1202 5463 omnium
1238 5396 1502 5461 bonorum
1544 5403 1789 5461 instituta
1826 5415 1929 5466 ess,

337 5504 395 5558 in
441 5500 716 5557 memoria
760 5514 947 5554 omnes
990 5505 1290 5562 teneamus,
1337 5503 1392 5550 et
1434 5492 1707 5550 intellectu
1756 5490 1933 5548 cordis

336 5611 467 5651 eam
503 5592 711 5650 habere
744 5588 1085 5652 festinemus;
1123 5602 1260 5659 puro
1288 5601 1384 5644 ore
1417 5580 1471 5641 et
1496 5583 1721 5657 paciﬁca
1755 5592 1931 5639 mente

680 5684 951 5743 Funus.
997 5678 1129 5742 CX.

2029 4857 2200 4915 Hodie
2237 4857 2382 4914 enim
2416 4871 2523 4913 non
2562 4856 2734 4912 solum
2754 4844 3006 4925 paradisi
3036 4870 3376 4929 possessores
3405 4855 3603 4912 ﬁrmati

2029 4963 2238 5014 sumus,
2263 4947 2358 5003 sed
2385 4947 2549 5001 etiam
2578 4945 2836 5001 ctelorum
2865 4946 2919 5000 in
2945 4945 3159 5001 Christo
3184 4960 3416 5022 superna
3435 4961 3602 5016 pene-

2030 5039 2314 5104 trabimus,
2356 5037 2619 5106 ampliora
2663 5034 2840 5108 adepti
2890 5051 2987 5106 per
3032 5035 3355 5093 ineffabilem
3402 5037 3605 5094 Christi

2030 5126 2282 5198 gratiam,
2336 5139 2498 5194 quam
2536 5138 2634 5195 per
2672 5123 2874 5180 diaboli
2919 5123 3273 5180 amiseramus
3318 5125 3600 5181 invidiam.

2038 5218 2173 5274 Nam
2203 5231 2341 5288 quos
2376 5215 2677 5271 virulentus
2704 5213 2958 5272 inimicus
2987 5216 3148 5285 primi
3174 5215 3463 5274 habitaculi
3488 5215 3601 5271 felio

2037 5314 2200 5369 citate
2239 5306 2452 5378 deiecit,
2487 5322 2582 5364 eos
2619 5307 2721 5363 sibi
2750 5317 3067 5377 corporatus
3092 5307 3187 5363 Dei
3214 5307 3379 5364 Filius
3399 5307 3469 5363 ad
3504 5306 3609 5361 Pa-

2040 5403 2137 5456 tris
2166 5400 2445 5469 dexteram
2470 5386 2756 5471 collocavit
2784 5415 2798 5451 :
2827 5394 3218 5476 ascendamus,
3253 5390 3606 5475 dilectissimi.

2038 5511 2160 5549 cum
2187 5493 2404 5549 Christo
2446 5493 2663 5559 interim
2697 5490 2880 5556 corde,
2926 5506 3048 5545 cum
3088 5489 3201 5545 dies
3228 5486 3344 5555 ejus
3380 5488 3612 5559 promis-

2040 5600 2133 5640 sus
2156 5582 2450 5648 advenerit,
2476 5556 2768 5653 sequemur
2794 5588 2849 5634 et
2868 5554 3114 5647 corpore.
3145 5554 3295 5631 Scire
3518 5554 3611 5632 de-

3101 5669 3140 5727 2

2354 5775 2399 5799 *Α
2422 5779 2463 5795 δι.
2492 5783 2549 5796 l-‘I

2504 5804 2545 5813 α.
