4040 6188
410 258 473 320 ιδ
1033 258 1090 312 s.
1134 256 1384 311 RABANI
1425 254 1640 310 metu
1677 251 1981 325 ARCHIEP.

2082 251 2339 308 COGUNT.
2376 247 2655 309 OPEliil“
2696 251 2875 312 ινιιης
2913 250 2974 310 ll.
3586 256 3651 317 44

404 379 616 440 bemus,
649 373 869 433 fratres,
903 370 1028 439 quia
1069 384 1191 424 eum
1217 367 1430 422 Christo
1468 381 1571 419 non
1602 363 1846 418 ascendit
1875 377 1970 414 su-
2002 372 2048 427 Α
2076 361 2252 415 ctione
2303 361 2537 427 Domini,
2579 378 2686 431 quo
2731 362 2966 431 Spiritus
3009 363 3324 432 paraclitus,
3359 378 3424 418 ex
3466 365 3656 423 (ἐι-ποθ

401 467 608 538 perbia,
651 478 755 518 non
781 460 1030 523 avaritia,
1063 472 1168 512 non
1197 456 1428 519 luxuria,
1461 469 1568 508 non
1596 453 1828 516 invidia;
1857 450 1975 504 nul-

404 558 515 609 lum
557 553 746 608 vitium
787 557 1031 604 nostrum
1075 545 1320 602 ascendit
1354 559 1477 598 cum
1513 541 1722 596 medico
1764 547 1971 594 nostro.

405 647 470 700 Et
493 644 616 700 ideo
636 642 682 698 si
703 649 826 713 post
846 638 1110 694 medicum
1133 642 1377 689 nostrum
1398 632 1768 688 desideramus
1792 643 1978 684 ascen-

401 739 553 800 dere,
604 735 858 789 debemus
905 729 1036 783 vitia
1094 727 1178 783 vel
1228 734 1448 795 peccata
1500 724 1770 792 deponere
1810 737 1822 772 ε
1861 720 1975 774 lucc

401 828 572 892 enim,
615 824 768 894 quasi
807 821 1126 891 quibusdam
1173 817 1521 888 compedibus
1564 829 1661 869 nos
1701 821 1972 882 premunt,

357 907 360 910 ’
401 930 454 975 et
473 927 817 990 peccatorum
845 927 945 967 nos
965 911 1169 966 retibus
1195 911 1365 981 ligare
1388 905 1737 963 contendunt.
1766 904 1832 957 Et
1853 905 1975 958 ideo

399 1027 523 1067 cum
553 1011 646 1066 Dei
693 1007 994 1077 adiutorio,
1034 1003 1328 1060 secundum
1363 1001 1505 1070 quod
1536 999 1612 1053 ait
1637 997 1920 1052 Psalmista
1957 1012 1971 1048 :

402 1101 802 1171 Disrumpamus
847 1094 1054 1150 vincula
1111 1107 1291 1147 eorum
1337 1087 1509 1162 (Psal.
1544 1088 1629 1159 ιι),
1687 1097 1746 1141 ιιι
1797 1085 1975 1140 securi

399 1191 668 1260 possimus
693 1188 874 1243 dicere
897 1185 1160 1239 Domino:
1186 1181 1468 1249 Disrupisti
1489 1177 1693 1233 vincula
1717 1195 1830 1231 mea
1851 1177 1975 1230 :tibi

400 1276 709 1346 sacriﬁcabo
747 1275 968 1328 hostiam
1002 1271 1176 1324 laudis
1213 1267 1385 1342 (Psal.
1423 1265 1570 1337 ων).
1608 1265 1975 1319 Ascendentes

400 1376 578 1422 autem
615 1381 722 1420 non
747 1362 1090 1425 extollamur,
1120 1375 1224 1415 nec
1249 1359 1317 1413 de
1349 1355 1553 1412 nostris
1575 1355 1729 1425 quasi
1755 1354 1820 1408 de
1848 1367 1975 1422 pro-

398 1459 533 1530 priis
566 1456 777 1511 meritis
800 1465 1209 1524 praesumamus.
1243 1448 1474 1504 Sursum
1493 1447 1636 1502 enim
1661 1459 1755 1498 cor
1777 1442 1977 1497 habere

399 1550 676 1612 debemus,
723 1546 817 1601 sed
848 1543 912 1597 ad
941 1541 1226 1596 Dominum
1261 1556 1275 1592 :
1314 1552 1530 1593 sursum
1555 1535 1700 1590 enim
1730 1548 1844 1598 cor,
1869 1545 1976 1589 non

398 1641 466 1695 ad
515 1638 822 1701 Dominum,
873 1633 1104 1701 erigere,
1149 1627 1400 1698 superbia
1445 1635 1709 1687 vocatur;
1760 1635 1977 1676 sursum

2081 454 2361 519 vocabulo,
2411 455 2502 524 qui
2560 453 2858 508 consolator
2905 454 3314 524 interpretatur,
3358 459 3658 514 secundum

2077 545 2488 613 promissionem
2544 544 2744 600 Christi
2796 559 2958 614 super
3013 545 3282 613 apostolos
3335 548 3659 615 descendit,

2077 654 2370 708 eorumque
2413 640 2576 693 corda
2612 637 2824 690 ﬂamma
2852 637 3136 692 charitatis
3159 653 3270 692 sua:
3295 640 3568 718 accendit,
3601 649 3658 696 et

2079 728 2280 782 lumine
2310 729 2474 781 totius
2498 728 2738 782 scientiae
2767 743 2863 782 eos
2891 727 3184 786 illustrans.
3213 728 3354 782 inter
3380 731 3660 799 angustias

2078 819 2516 887 persequentium
2559 816 2864 871 Judxeorum
2912 817 3236 872 constitutos
3280 819 3484 873 caelesti
3531 820 3660 875 fecit

2077 909 2376 962 exuberare
2401 905 2603 960 laetitia.
2632 905 2686 959 ln
2714 905 2903 974 primis
2931 906 3074 959 enim
3110 906 3385 960 sciendum
3408 916 3491 961 est
3514 909 3660 978 quod

2078 999 2193 1052 hate
2226 997 2539 1052 solemnitas
2573 1011 2680 1049 non
2721 995 3046 1065 evangelicis
3092 1003 3299 1049 tantum
3341 1008 3659 1052 consecrata

2079 1089 2515 1151 charismatibus,
2563 1102 2750 1142 verum
2783 1087 2947 1141 etiam
2989 1087 3249 1156 legalibus
3273 1087 3383 1155 jam
3412 1089 3536 1143 olim
3575 1101 3660 1144 est

2078 1179 2401 1251 praesignata
2425 1178 2721 1250 mysteriis,
2749 1193 2812 1232 ac
2836 1178 3062 1232 Domino
3079 1179 3322 1246 jubente,
3352 1195 3448 1248 per
3468 1195 3661 1235 omnes

2079 1285 2249 1323 annos
2270 1269 2440 1324 sacris
2466 1270 2753 1323 observata
2777 1269 3136 1322 caeremoniis.
3165 1267 3436 1323 Hodierna
3457 1272 3657 1324 etenim

2079 1361 2185 1424 die,
2210 1369 2268 1413 ut
2289 1360 2553 1423 novimus,
2574 1359 2760 1428 positis
2786 1359 2836 1410 in
2861 1358 3138 1412 caenaculo
3161 1359 3457 1428 discipulis,
3483 1361 3663 1416 factus

2079 1458 2162 1504 est
2188 1459 2410 1518 repente
2439 1448 2505 1501 de
2528 1447 2665 1501 coelo
2687 1462 2872 1510 sonus,
2902 1455 2957 1500 et
2981 1445 3216 1515 Spiritus
3242 1457 3465 1502 sanctus
3494 1449 3546 1502 in
3580 1450 3662 1502 vi»

2079 1539 2230 1593 sione
2278 1538 2419 1608 ignis
2466 1550 2751 1606 apparens,
2802 1535 3083 1589 scientiam
3129 1535 3236 1590 illis
3273 1537 3512 1589 omnium
3558 1537 3661 1590 lin-

2080 1647 2305 1703 gnarum
2331 1632 2553 1686 tradidit
2576 1632 2711 1701 (Art.
2737 1630 2818 1702 ιι).
2840 1631 3000 1685 Facta
3025 1641 3204 1684 autem
3228 1632 3328 1685 hac
3353 1648 3506 1698 voce,
3531 1650 3662 1686 con-

399 1739 577 1784 autem
609 1742 703 1782 cor
741 1727 810 1779 ad
836 1721 1120 1778 Dominum
1166 1718 1388 1780 habere,
1429 1712 1697 1782 ΐεῖυϐίιιιῐι
1731 1719 1974 1766 vocali"-
2011 1731 2053 1788 B
2082 1738 2280 1778 venere
2317 1724 2418 1776 viri
2457 1723 2694 1792 religiosi
2725 1723 2816 1791 qui
2847 1722 2914 1776 de
2949 1724 3176 1778 diversis
3201 1725 3510 1780 nationibus
3537 1725 3664 1780 Hie-

398 1822 605 1886 Videte,
627 1818 844 1882 fratres,
867 1825 1122 1883 magnum
1142 1806 1459 1863 miraculum
1487 1822 1501 1858 :
1527 1803 1668 1857 altus
1693 1809 1777 1855 est
1799 1800 1970 1854 Deus:

397 1913 562 1981 erigis
599 1919 678 1974 te,
725 1915 780 1962 et
819 1903 956 1974 fugit
997 1916 1030 1954 a
1060 1909 1150 1964 te;
1191 1897 1446 1954 humilias
1490 1903 1562 1959 te,
1605 1900 1662 1947 et
1699 1887 1970 1945 descendit

390 2004 462 2056 ad
491 2011 564 2056 te.
593 1998 773 2066 Quare
810 1995 950 2050 hoc?
981 1991 1118 2058 Quia
1153 1986 1384 2043 excelsus
1427 1994 1522 2051 est,
1563 1992 1610 2037 et
1649 1981 1868 2036 humilia
1898 1995 1979 2032 re-

397 2093 563 2163 spicit,
603 2099 651 2144 et
679 2088 789 2142 alta
820 2085 885 2139 de
909 2083 1060 2153 longe
1090 2077 1349 2149 cognoscit
1371 2073 1542 2147 (Psal.
1585 2073 1847 2144 cxxxvn);
1881 2069 1978 2121 bu-

401 2160 545 2238 milia
589 2181 654 2236 de
692 2177 937 2249 proximo
983 2169 1222 2242 respicit,
1255 2174 1316 2222 ut
1347 2164 1589 2229 attollat;
1635 2161 1764 2225 alta,
1808 2160 1860 2212 id
1897 2164 1981 2212 est

398 2271 650 2343 superba,
696 2248 762 2322 de
811 2265 968 2335 longe
1005 2258 1300 2332 cognoscit,
1342 2262 1404 2310 ut
1443 2250 1730 2323 deprimat.
1776 2248 1978 2302 Resur—

398 2338 538 2422 resit
583 2360 726 2418 enim
771 2356 1018 2413 Christus
1057 2360 1120 2406 ut
1152 2363 1301 2420 spem
1348 2343 1503 2400 nobis
1539 2342 1695 2396 daret
1729 2338 1854 2408 quia
1895 2350 1980 2390 re-

399 2465 587 2526 surget
625 2455 787 2508 homo
823 2449 914 2519 qui
949 2444 1196 2509 moritur,
1243 2455 1312 2496 ne
1340 2435 1621 2493 moriendo
1668 2433 1982 2500 desperare-

403 2565 538 2614 mus,
584 2555 641 2602 et
684 2545 850 2599 vitam
891 2547 1135 2594 nostram
1181 2539 1356 2588 morte
1400 2527 1610 2584 ﬁnitam
1641 2532 1978 2596 putaremus,

400 2639 617 2699 solliciti
663 2638 730 2692 de
776 2633 949 2690 salute
995 2629 1188 2684 animae
1235 2631 1292 2679 et
1335 2620 1519 2691 requie
1562 2625 1685 2688 post
1729 2621 1978 2669 mortem.

400 2728 656 2788 Ascendit
692 2725 781 2780 ille
810 2723 866 2777 in
902 2718 1099 2776 coelum
1141 2711 1450 2770 videntibus
1482 2705 1757 2778 apostolis,
1798 2711 1854 2758 et
1898 2714 1983 2756 se-

402 2822 491 2876 det
516 2835 546 2873 a
587 2813 792 2872 dextris
820 2809 936 2874 Dei,
957 2816 1012 2863 et
1056 2816 1278 2860 securos
1301 2814 1400 2854 nos
1444 2796 1577 2854 fecit
1613 2793 1754 2864 quod
1783 2806 1880 2846 nos
1928 2789 1980 2842 in

403 2913 592 2967 dextra
613 2921 709 2961 sua
735 2901 1094 2960 collocaturus
1111 2894 1237 2950 erit.
1258 2893 1327 2947 Et
1347 2891 1466 2945 ideo
1489 2893 1703 2958 oportet
1726 2899 1824 2939 nos
1847 2882 1984 2936 inte-

404 3001 506 3054 rim
532 2995 774 3059 credere,
813 2998 873 3044 ut
910 2994 1094 3058 postea
1137 2996 1238 3053 per
1269 2980 1430 3034 ﬁdem
1471 2976 1638 3030 Deum
1677 2985 1984 3028 mereamur

2031 1847 2041 1857 ι
2077 1815 2403 1886 rosolymam
2434 1815 2703 1884 paschalis
2725 1814 3034 1870 festivitatis
3061 1816 3232 1885 gratia
3260 1816 3660 1883 confluxerant,

2077 1907 2472 1976 smpebantque
2510 1905 2789 1969 mirantes,
2818 1904 3073 1972 quoniam
3093 1905 3344 1959 audiebat
3369 1909 3662 1976 unusquis-

2077 2011 2182 2065 que
2194 1994 2371 2064 lingua
2385 2009 2478 2047 sua
2495 1993 2614 2046 illos
2627 1992 2906 2061 loquentes
2922 1993 3189 2063 magnalia
3205 1995 3319 2050 Dei.
3336 1995 3659 2065 Exponenti-

2076 2086 2178 2140 bus
2199 2094 2379 2138 autem
2395 2083 2671 2152 discipulis
2686 2083 2815 2152 quia
2838 2083 3072 2154 Spiritus
3091 2095 3308 2140 sanctus
3321 2096 3466 2141 esset
3486 2091 3662 2156 gratia

2078 2190 2238 2244 quam
2253 2174 2570 2235 cernebant,
2593 2173 2719 2227 olim
2736 2174 2951 2243 quidem
2973 2191 3104 2231 voce
3128 2179 3512 2247 prophetarum
3536 2197 3664 2249 pro-

2079 2269 2266 2334 missa,
2285 2280 2411 2323 tunc
2431 2277 2611 2323 autem
2633 2267 2834 2323 Christi
2862 2284 3083 2324 munere
3106 2271 3290 2337 missa,
3313 2273 3666 2328 crediderunt

2079 2374 2142 2415 ex
2158 2361 2238 2414 eis
2251 2361 2354 2413 tria
2368 2359 2532 2412 millia
2547 2359 2872 2423 virorum,et
2887 2360 3144 2428 baptizati
3161 2361 3325 2414 etiam
3343 2361 3445 2430 ipsi
3459 2361 3663 2416 donum

2078 2457 2250 2513 sancti
2273 2455 2507 2526 Spiritus
2535 2462 2875 2523 acceperunt.
2909 2454 3032 2509 Haec
3059 2463 3140 2508 est
3164 2455 3269 2510 diei
3298 2455 3457 2523 huius
3481 2471 3664 2510 annua

2079 2547 2386 2611 celebritas,
2416 2547 2530 2600 haec
2568 2546 2755 2615 grati'e
2783 2544 3020 2600 caelestis
3041 2559 3258 2614 semper
3275 2555 3428 2614 grata
3457 2545 3667 2600 festivi-

2082 2648 2183 2693 tas.
2207 2636 2287 2692 Ob
2316 2637 2477 2707 hujus
2508 2637 2826 2690 memoriam
2869 2636 3113 2691 ﬁdelibus
3165 2638 3418 2692 cordibus
3462 2639 3670 2693 arctius

2082 2731 2518 2799 imprimendam,
2568 2728 2965 2798 pulcherrimus
3003 2736 3204 2783 sancta:
3247 2728 3500 2782 Ecclesia:
3548 2745 3670 2783 mos

2081 2821 2324 2886 inolevit,
2349 2829 2410 2875 ut
2441 2819 2598 2874 annis
2629 2818 2853 2888 singulis
2873 2819 2927 2872 in
2948 2833 3010 2873 ea
3041 2818 3383 2888 baptismatis
3407 2819 3670 2889 mysteria

2080 2914 2453 2978 celebrentur;
2489 2911 2792 2980 ablutisque
2841 2909 2990 2965 fonte
3033 2910 3255 2965 salutari
3295 2910 3667 2973 credentibus,

2083 3003 2480 3075 supervenienti
2533 3001 2754 3071 Spiritui
2799 3008 2988 3063 sancto
3045 3000 3300 3069 templum
3363 3000 3675 3055 venerabile

405 3090 668 3160 aspicere.
700 3081 1018 3140 Mundemus
1035 3090 1134 3147 per
1158 3067 1553 3166 ﬁdemoculum
1580 3064 1760 3120 c0rdis
1783 3059 1978 3166 nostri,
2009 3073 2052 3135 ρ
2084 3059 2306 3166 b'a'remr
2341 3112 2352 3147 ε
2383 3107 2448 3147 ac
2471 3059 2694 3161 νεῖ-1100
2721 3105 2826 3145 non
2875 3059 3045 3145 80mm
3074 3059 3274 3143 vel'cris
3319 3089 3442 3144 facti
3478 3103 3671 3143 τοροτ-

405 3152 529 3250 quia
571 3176 650 3231 sic
692 3167 1028 3229 solummodo
1073 3166 1240 3224 Deum
1281 3159 1466 3215 videre
1503 3169 1809 3227 possumus,
1843 3152 1984 3208 sicut

407 3242 524 3337 ipsa
542 3263 760 3321 Veritas
789 3259 926 3316 dixit
959 3273 975 3310 :
1005 3255 1158 3312 Beati
1181 3252 1376 3309 mundo
1407 3250 1578 3310 corde,
1603 3247 1853 3318 quoniam
1875 3242 1975 3310 ipsi

408 3332 578 3408 Deum
599 3351 843 3408 videbunt
860 3340 1528 3418 (Matth.v).Humiliemus
1547 3355 1642 3393 nos
1664 3338 1758 3392 sub
1779 3332 1978 3403 potenti

411 3460 575 3499 manu
596 3445 710 3509 Dei,
729 3452 788 3496 ut
813 3457 904 3495 nos
922 3437 1118 3494 exultet
1149 3436 1206 3488 in
1230 3433 1314 3486 die
1334 3431 1653 3486 uisitationis
1675 3429 1717 3496 (l
1736 3428 1880 3482 Petr.
1900 3424 1976 3491 v);

405 3535 497 3606 qui
526 3533 668 3587 enim
708 3529 868 3583 modo
904 3524 1148 3582 ascendit
1193 3518 1513 3589 tranquillus
1555 3525 1612 3570 et
1647 3521 1978 3576 mansuetus,

408 3643 536 3688 tunc
581 3628 761 3685 veniet
795 3624 1069 3680 districtus
1109 3627 1166 3675 et
1195 3615 1530 3673 manifestus.
1575 3611 1721 3682 Ignis
1762 3610 1818 3663 in
1859 3623 1983 3661 con-

407 3733 578 3794 spectu
609 3721 724 3790 ejus
751 3715 974 3780 ardebit,
1015 3720 1065 3767 et
1095 3711 1152 3764 in
1177 3707 1401 3763 circuitu
1435 3703 1548 3774 ejus
1574 3709 1846 3772 tempestas
1887 3714 1982 3752 va-

407 3790 514 3868 lida
537 3808 710 3882 (Psal.
741 3805 914 3874 XLIX),
956 3812 1011 3857 et
1039 3798 1248 3856 sedebit
1279 3798 1333 3851 in
1364 3795 1490 3851 sede
1525 3790 1822 3860 maiestatis
1849 3802 1977 3851 suae,

408 3915 460 3958 et
487 3878 956 3971 congregabantur
984 3899 1109 3946 ante
1135 3903 1259 3944 eum
1286 3902 1477 3941 omnes
1516 3892 1723 3955 gentes,
1761 3889 1823 3934 ut
1845 3878 1984 3934 reci-

410 3996 524 4064 piat
549 3987 915 4057 unusquisque
935 3988 1096 4054 prout
1116 3978 1303 4051 gessit,
1336 3976 1450 4031 sive
1472 3975 1694 4037 bonum,
1721 3973 1836 4026 sive
1864 3984 1981 4024 ma-

415 4086 544 4138 lum.
570 4081 673 4146 Qui
702 4094 822 4149 vero
846 4077 970 4130 bene
989 4078 1225 4144 egerunt,
1261 4068 1405 4121 ibunt
1428 4067 1485 4118 in
1511 4065 1669 4142 vitam
1700 4071 1983 4124 aeternam;

408 4177 496 4247 qui
543 4184 716 4227 autem
757 4168 922 4235 male,
962 4168 1018 4220 in
1041 4168 1212 4236 ignem
1253 4170 1502 4214 wternum
1541 4155 1720 4228 (Joan.
1753 4153 1826 4225 v).
1867 4153 1984 4222 ipse

409 4243 539 4338 ergo
589 4273 674 4321 cst
714 4260 870 4317 nobis
907 4257 993 4313 via
1017 4296 1032 4322 ,
1083 4256 1198 4326 ipse
1241 4259 1326 4307 est
1349 4257 1404 4306 et
1430 4248 1606 4319 patria
1639 4262 1654 4300 :
1687 4243 1984 4301 secundum

412 4337 683 4414 hominem
723 4355 827 4418 via,
876 4348 1172 4406 secundum
1211 4345 1380 4399 Deum
1408 4341 1600 4412 patria.
1653 4338 1708 4393 Si
1759 4337 1986 4392 ﬁdeliter

413 4450 710 4507 currimus,
739 4461 837 4514 per
863 4445 1041 4513 ipsum
1065 4441 1234 4503 imus;
1267 4435 1312 4491 si
1339 4436 1393 4489 in
1420 4447 1582 4488 cursu
1608 4443 1989 4501 perseverave-
2013 4408 2065 4468 Ῑ)

415 4527 615 4605 rimus,
644 4538 710 4592 ad
741 4538 914 4605 ipsum
945 4531 1339 4604 perveniemus.
1371 4527 1523 4593 Quod
1555 4524 1667 4594 ipse
1693 4537 1788 4577 sua
1816 4521 1986 4590 gratia

416 4632 572 4689 nobis
599 4635 859 4700 praestare
879 4624 1149 4694 dignetur,
1180 4620 1270 4690 qui
1293 4617 1452 4673 hodie
1479 4629 1640 4686 super
1667 4626 1856 4669 omnes
1879 4625 1988 4666 εω-

418 4724 498 4778 los
519 4718 780 4782 ascendit,
809 4725 863 4770 et
891 4727 1040 4784 spem
1071 4711 1197 4765 vitae
1219 4709 1373 4765 nobis
1400 4717 1614 4762 aeternae
1641 4703 1808 4766 dedit,
1831 4700 1988 4754 Jesus

415 4815 662 4872 Christus
691 4809 949 4865 Dominus
974 4811 1157 4860 noster
1181 4843 1195 4866 ,
1226 4801 1318 4870 qui
1349 4815 1471 4855 cum
1509 4798 1670 4852 Patre
1697 4803 1753 4850 et
1783 4792 1987 4863 Spiritu

417 4915 606 4962 sancto
635 4902 770 4958 vivit
799 4910 854 4956 et
881 4903 1068 4968 regnat
1103 4894 1243 4948 Dens
1271 4906 1368 4961 per
1391 4889 1570 4946 omnia
1597 4885 1793 4942 saecula
1820 4897 1986 4937 saecu-

418 4998 610 5051 lorum.
642 4993 834 5048 Amen.

963 5075 1244 5135 HOMILIA
1278 5072 1441 5128 XXII.

907 5186 960 5224 IN
994 5185 1079 5224 DIE
1107 5178 1493 5222 PENTEGOS'I'ES.

488 5265 770 5325 Hodiernte
799 5261 1126 5320 celebritatis
1169 5257 1382 5330 gaudia,
1421 5254 1614 5309 fratres
1660 5246 1984 5308 charissimi,

420 5345 620 5432 quanto
673 5357 793 5429 plus
843 5355 1122 5427 capimus,
1178 5359 1326 5406 tanto
1379 5348 1499 5417 plus
1554 5345 1884 5416 appetimus;
1936 5349 1992 5396 et

419 5461 618 5522 quanto
638 5449 848 5508 avidius
872 5447 988 5528 ejus
1007 5445 1325 5502 suavitatem
1349 5442 1603 5504 bibimus,
1625 5446 1773 5493 tanto
1799 5434 1991 5490 arden-

421 5546 526 5612 tius
563 5543 679 5613 eius
711 5541 801 5598 siti
829 5548 1136 5596 aestuamus.
1175 5535 1531 5591 Pentecosten
1557 5546 1687 5603 ergo
1711 5531 1871 5586 hodie
1904 5542 1992 5583 ce-

420 5632 706 5699 lebramus,
742 5633 843 5689 hoc
867 5639 949 5688 est
976 5625 1477 5700 quinquagesimum
1518 5625 1657 5680 diem
1690 5639 1719 5675 a
1752 5635 1992 5676 resurre-

2083 3187 2250 3250 datio,
2277 3200 2463 3240 verum
2490 3183 2654 3238 etiam
2701 3181 2755 3236 in
2801 3195 2969 3236 novos
2999 3179 3302 3249 adoptionis
3327 3179 3467 3233 ﬁlios
3496 3194 3671 3232 novus

2083 3277 2135 3331 in
2167 3291 2229 3330 ea
2262 3275 2494 3344 Spiritus
2538 3273 2711 3326 sancti
2759 3271 3063 3326 celebratur
3110 3271 3393 3325 adventus.
3425 3269 3674 3335 Qualiter

2081 3383 2208 3438 ergo
2264 3365 2387 3420 huic
2431 3370 2630 3418 nostra:
2680 3360 2958 3417 festivitati
3007 3359 3197 3430 legalis
3243 3358 3363 3413 festi
3415 3368 3569 3428 typus
3612 3368 3674 3413 et

2082 3460 2252 3532 ﬁgura
2295 3456 2599 3520 concinnat,
2642 3453 2880 3508 Charitas
2909 3459 3089 3506 vestra
3127 3451 3403 3505 attendat:
3454 3449 3671 3504 liberati

2082 3554 2150 3607 de
2173 3550 2427 3621 Egyptia
2458 3546 2717 3601 servitute
2756 3544 2849 3597 ﬁlii
2890 3543 3072 3607 Israel,
3100 3550 3222 3612 post
3243 3541 3674 3596 immolationem

2082 3645 2203 3715 agni
2241 3641 2532 3713 paschalis,
2563 3640 2814 3695 exierunt
2851 3652 2947 3708 per
2990 3637 3261 3692 desertum
3315 3645 3374 3690 ut
3419 3637 3673 3690 venirent

2081 3738 2150 3793 ad
2175 3746 2378 3792 terram
2430 3731 2885 3804 repromissionis,
2909 3737 3374 3800 perveneruntque
3404 3730 3469 3782 ad
3517 3745 3672 3784 mor-

2086 3835 2191 3882 tem
2233 3824 2418 3888 Sinai;
2472 3830 2525 3877 et
2568 3820 2897 3876 descendens
2948 3820 3205 3874 Dominus
3246 3820 3298 3873 in
3347 3820 3467 3889 igne
3504 3835 3674 3888 super

2084 3924 2343 3981 montem,
2367 3913 2658 3969 comitante
2685 3910 2865 3966 sonitu
2893 3910 3153 3974 buccinae,
3187 3909 3438 3964 tonitruis
3461 3923 3526 3963 ac
3556 3908 3670 3963 ful-

2083 4006 2323 4078 guribus,
2367 4001 2813 4073 quinquagesimo
2857 3999 2943 4053 die
2988 3999 3192 4068 peracti
3240 3999 3482 4062 Pascha},
3531 3998 3671 4069 legis

2084 4096 2396 4165 decalogum
2427 4094 2506 4149 eis
2553 4099 2737 4162 aperta
2789 4104 2920 4145 voce
2951 4089 3211 4159 disposuit
3247 4089 3440 4161 (Exod.
3489 4103 3556 4142 xx
3589 4099 3608 4160 )
3653 4107 3671 4146 :

2085 4192 2246 4254 atque
2281 4184 2334 4237 in
2365 4182 2679 4236 memoriam
2725 4180 2865 4234 data:
2908 4179 3042 4249 legis
3084 4179 3272 4234 statuit
3313 4194 3377 4234 eo
3421 4179 3526 4243 die,
3572 4196 3676 4248 per

2085 4288 2254 4330 annos
2281 4271 2536 4345 singulos,
2585 4271 2685 4326 sibi
2733 4270 3060 4325 sacriﬁcium
3103 4285 3302 4324 novum
3333 4271 3398 4325 de
3426 4269 3675 4340 frugibus

2089 4366 2328 4438 ejusdem
2351 4363 2497 4422 anni.
2523 4378 2690 4432 panes
2717 4361 2967 4416 videlicet
3010 4361 3369 4432 primitiarum
3402 4363 3555 4426 duos,
3602 4362 3674 4415 ad

2094 4457 2264 4512 altare
2293 4454 2510 4511 deferri.
2557 4453 2648 4508 Sic
2691 4468 2904 4524 quoque
2937 4461 3059 4522 post
3097 4453 3516 4507 immolationem
3553 4455 3675 4508 veri

2093 4549 2252 4619 Agni,
2278 4548 2382 4602 hoc
2404 4554 2486 4601 est
2506 4543 2726 4610 Christi,
2753 4544 2876 4614 quia
2900 4545 3094 4613 pascha
3112 4552 3346 4596 nostrum
3369 4542 3674 4597 immolatus

2093 4650 2165 4694 est
2185 4637 2419 4694 Christus
2449 4634 2501 4707 (1
2525 4633 2647 4689 Cor.
2674 4634 2749 4705 v),
2779 4633 3222 4704 quinquagesimo
3245 4647 3396 4701 teque
3426 4631 3532 4695 die,
3564 4631 3677 4687 hoc

2092 4738 2173 4784 est
2194 4729 2372 4793 hodie,
2401 4727 2523 4782 data
2553 4735 2636 4780 est
2661 4725 2830 4794 gratia
2886 4722 3118 4792 Spiritus
3157 4723 3326 4778 sancti
3366 4721 3674 4790 discipulis,

2094 4821 2148 4874 in
2169 4819 2450 4874 cmnaculo
2477 4816 2802 4879 constitutis,
2835 4815 2938 4870 hoc
2964 4824 3046 4870 est
3073 4815 3126 4869 in
3157 4813 3484 4868 sublimitate
3507 4813 3678 4870 caele-

2095 4910 2254 4964 stium
2283 4914 2671 4976 praeceptorum
2702 4922 2716 4958 ;
2757 4905 2880 4974 quia
2912 4912 3203 4973 apparente
3231 4901 3364 4958 foris
3390 4904 3510 4973 igne
3542 4903 3679 4957 visi-

2094 5001 2210 5065 bili,
2238 4999 2578 5054 invisibiliter
2611 5012 2796 5051 eorum
2826 5006 3042 5067 pectora
3086 4996 3204 5050 luce
3249 4996 3486 5050 scientia:
3534 4995 3676 5050 irra-

2093 5091 2280 5154 diavit,
2309 5098 2363 5143 et
2385 5087 2805 5158 inexstinguibili
2825 5087 3106 5142 charitatis
3127 5087 3319 5141 ardore
3351 5087 3670 5142 succendit:

2095 5197 2397 5251 novumque
2443 5181 2625 5236 statim
2669 5179 2992 5234 sacrificium
3024 5178 3122 5247 ipsi
3159 5191 3373 5246 quoque
3416 5177 3674 5246 apostoli,

2095 5289 2216 5327 mox
2265 5282 2489 5341 accepto
2532 5273 2672 5326 dono
2704 5271 2939 5340 Spiritus
2965 5269 3160 5333 sancti,
3194 5268 3247 5321 in
3275 5268 3484 5321 duobus
3512 5266 3675 5321 obtu-

2092 5362 2269 5418 lerunt
2299 5365 2547 5434 panibus,
2576 5363 2678 5416 hoc
2702 5369 2786 5416 est
2823 5360 3031 5414 duobus
3075 5358 3300 5429 populis,
3346 5373 3466 5412 cum
3503 5371 3673 5410 evan-

2091 5454 2379 5524 gelizantes
2405 5454 2489 5508 his
2542 5452 2633 5523 qui
2682 5457 3064 5513 convenerant,
3092 5450 3353 5519 plurimos
3381 5457 3674 5503 converte-

2093 5544 2308 5598 runtad
2345 5543 2526 5609 ﬁdem,
2561 5552 2616 5598 et
2648 5543 2746 5597 hos
2773 5541 2836 5596 de
2871 5540 3019 5594 fonte
3061 5537 3401 5609 baptismatis
3450 5545 3671 5592 renatos

2093 5651 2155 5689 ac
2201 5633 2433 5703 Spiritus
2481 5634 2650 5703 gratia
2700 5631 3084 5697 sanctiﬁcatos,
3115 5632 3262 5684 vivas
3304 5629 3488 5697 utique
3532 5625 3671 5682 Novi
