4040 6188
329 251 385 308 t5
1167 241 1473 310 nonam
1516 246 1602 308 ut;
1641 245 1879 309 rEsris
1915 241 2322 320 Pammenis,
2362 245 2516 310 E'l‘C.
2699 253 2701 256 ‘
3469 243 3536 307 te

335 372 612 424 Testamenta
659 368 954 438 primitias,
990 370 1056 423 ad
1103 370 1535 424 communionem
1596 368 1854 424 Dominici
1885 375 1932 432 Α
1960 365 2388 420 cumlibamentis
2426 367 2537 420 suis
2577 367 2635 420 in
2664 367 2871 420 odorem
2900 367 3260 418 suaussimum
3287 365 3525 430 Domina,

335 459 484 516 altaris
520 458 847 514 obtulerunt.
896 460 1005 516 Nos
1029 476 1178 532 ergo,
1215 459 1432 524 fratres,
1471 460 1583 514 hate
1608 460 1855 514 conside-

337 559 495 610 rantes,
526 557 685 618 atque
707 565 838 618 pura
859 559 1037 604 mente
1072 565 1136 604 ac
1163 548 1390 618 simplici
1417 549 1522 602 flde
1545 556 1856 611 tractantes,

336 639 604 694 mandemus
646 654 747 692 nos
790 640 858 692 ab
905 639 1049 693 omni
1093 639 1498 708 inquinamento
1548 637 1746 702 carnis,
1801 646 1861 690 ut

336 730 547 800 Spiritum
577 737 823 782 sanctum
850 729 1145 798 promereri
1189 737 1244 782 et
1282 728 1529 797 accipere
1573 728 1858 796 possimus.

337 815 380 874 Si
418 834 524 889 ergo
567 819 712 872 hunc
763 819 1020 871 mundum
1070 817 1458 887 relinquamus,
1487 831 1586 870 nos
1628 815 1859 870 similem

337 911 616 980 pararletum
640 910 783 964 sicut
819 909 1064 978 apostoli,
1113 908 1166 962 id
1195 915 1279 961 est
1308 906 1572 977 Spiritum
1597 907 1860 970 veritatis,

335 1015 458 1069 quem
479 1000 646 1053 mittet
685 999 841 1053 nobis
874 998 1056 1062 Pater,
1090 996 1436 1064 accipiemus,
1471 995 1722 1064 quoniam
1755 1010 1862 1047 non

334 1099 396 1144 est
417 1103 748 1158 personarum
789 1089 1027 1157 acceptio
1080 1088 1222 1157 apud
1269 1087 1437 1140 Deum
1483 1085 1718 1149 Patrem,
1772 1085 1864 1139 sed

335 1180 554 1248 promissa
579 1179 942 1248 apostolorum
993 1179 1147 1234 nobis
1183 1178 1490 1248 proﬁciunt,
1537 1176 1582 1230 si
1622 1190 1782 1244 opera
1811 1182 1866 1229 et

337 1270 554 1322 desideria
582 1278 634 1322 et
671 1277 824 1323 actus
870 1270 1128 1338 gerimus,
1161 1268 1303 1337 quod
1349 1267 1574 1336 apostoli
1603 1267 1861 1320 fecerunt.

335 1355 378 1413 Si
393 1375 493 1413 vero
513 1359 679 1428 legem
714 1360 925 1414 Domini
947 1359 1363 1424 immaculatam,
1389 1366 1441 1413 et
1467 1366 1866 1413 convertentem

335 1449 520 1512 animas,
575 1449 845 1518 implendo
895 1452 1142 1503 mandata
1172 1448 1309 1518 ejus,
1347 1449 1708 1519 perﬁciamus,
1743 1463 1868 1501 nos-

335 1539 546 1608 metipsos
599 1541 840 1594 haercdes
889 1541 1098 1594 Domini
1135 1550 1191 1595 et
1219 1541 1526 1596 colneredes
1568 1539 1767 1594 Christi
1799 1540 1867 1593 ad

334 1628 655 1684 hereditatem
723 1631 1104 1700 sempiternam
1167 1641 1220 1686 et
1267 1632 1358 1702 ad.
1390 1631 1862 1686 commorationem

1961 463 2065 508 etc.
2115 453 2321 524 (lbid.).
2367 456 2495 520 Quae
2545 455 2726 509 omnia
2776 469 2988 523 quoque
3018 454 3332 523 spiritaliter
3380 457 3538 510 modo

1961 544 2248 598 observare
2301 551 2357 597 et
2409 544 2588 598 facere
2632 544 2889 596 debemus
2942 543 2996 596 in
3046 551 3231 596 sancta
3276 543 3538 616 Ecclesia,

1961 632 2287 702 manipulum
2313 634 2666 702 primitiarum
2698 635 2887 688 messis
2909 642 3102 688 nostra:
3115 635 3182 688 ad
3202 634 3537 688 sacerdotem

1963 729 2204 774 nostrum
2235 720 2530 786 offerimus,
2562 736 2682 774 cum
2725 721 2882 774 ﬁdem
2933 721 3224 775 Dominicae
3268 719 3536 790 passionis

1964 825 2027 864 ac
2051 810 2480 873 resurrectionis,
2504 811 2596 878 qui
2641 809 2934 864 resurrexit
2972 810 3221 879 primitiae
3266 810 3537 865 dormitm»

1967 902 2119 964 tium,
2150 902 2266 970 ipso
2320 900 2587 956 sacerdoti
2631 916 2844 957 summo
2896 901 3201 967 offerimus;
3235 918 3397 972 quam
3447 900 3540 958 ille

1963 993 2194 1048 elevabit
2235 1003 2294 1047 ut
2328 994 2674 1062 acceptabilis
2701 993 2774 1049 sit
2817 1008 2998 1048 coram
3045 994 3289 1058 Domino,
3321 994 3446 1062 quia
3477 1000 3537 1048 ut

1965 1082 2196 1137 Joannes
2221 1083 2296 1136 ait
2321 1102 2335 1137 :
2358 1083 2679 1138 Advocatum
2721 1083 2966 1137 habemus
2987 1083 3128 1154 apud
3174 1082 3407 1148 Patrem,
3443 1082 3538 1135 Ιει

1963 1191 2078 1228 sum
2108 1172 2369 1228 Christum
2401 1175 2630 1245 justum,
2674 1179 2764 1245 qui
2811 1184 3024 1245 apparet
3053 1191 3190 1229 nunc
3232 1173 3395 1228 vultui
3448 1175 3542 1228 Dei

1964 1280 2057 1334 pro
2101 1265 2264 1327 nobis,
2313 1273 2360 1318 et
2390 1265 2499 1334 ipse
2527 1265 2586 1332 ﬁt
2613 1264 2910 1334 propitiatio
2944 1281 3038 1334 pro
3076 1264 3300 1334 peccatis
3352 1266 3543 1317 nostris

1963 1355 2018 1424 (Ι
2048 1355 2205 1408 Ιοαη.
2241 1355 2323 1426 ιι).
2357 1355 2695 1410 Sacriﬁcium
2739 1370 2938 1409 novum
2989 1354 3218 1408 Domino
3263 1353 3538 1410 offerimus

1965 1462 2032 1501 ea
2080 1449 2330 1502 omnibus
2377 1447 2697 1502 habitaculis
2747 1446 2968 1511 nostris,
3015 1461 3136 1501 cum
3174 1447 3544 1516 unusquisque

1967 1549 2208 1595 nostrum
2257 1541 2473 1611 propria
2524 1541 2820 1605 voluntate,
2872 1543 3165 1597 secundum
3233 1541 3542 1612 evangelica

1968 1633 2222 1685 mandata
2276 1631 2408 1684 Novi
2433 1632 2783 1696 Testamenti,
2813 1632 3280 1687 mortificationem
3304 1633 3545 1702 corporis

332 1723 598 1794 angelorum
639 1739 764 1778 cum
808 1725 979 1795 gratia
1015 1724 1210 1779 Christi
1260 1723 1665 1780 committimus.
1705 1722 1856 1778 Unde
1886 1720 1931 1778 Β
1959 1719 2039 1774 sui
2067 1719 2223 1775 oilcrt
2253 1722 2379 1776 Deo.
2413 1719 2578 1777 Vetus
2602 1723 2744 1777 enim
2775 1722 2860 1777 lex
2902 1723 3142 1792 praecipit
3176 1740 3190 1775 :
3235 1721 3458 1778 Crescite
3495 1731 3547 1778 et

332 1813 514 1867 obsecro
544 1829 656 1877 vos,
701 1811 900 1867 fratres
931 1813 1256 1877 charissimi,
1285 1820 1344 1866 ut
1373 1812 1475 1866 ﬁde
1517 1813 1721 1881 integra
1764 1810 1865 1864 Pa-

334 1909 458 1963 trem,
491 1912 541 1956 et
582 1903 798 1967 Filium,
827 1912 880 1956 et
923 1901 1178 1971 Spiritum
1207 1913 1472 1966 sanctum,
1507 1916 1669 1954 unum
1697 1900 1864 1955 Deum

335 1994 376 2047 in
399 1995 661 2059 Triaitatc,
695 2005 750 2049 et
792 1995 1108 2048 Trinitatem
1157 1995 1208 2047 in
1246 1995 1474 2054 unitate.
1505 1993 1754 2056 credatis,
1800 2007 1868 2046 ne

333 2086 775 2150 pedesvestrorutn
802 2100 1056 2139 sensuum
1087 2085 1410 2149 claudicent,
1447 2093 1540 2138 aut
1561 2084 1698 2138 oculi
1736 2099 1864 2153 pra-

334 2185 431 2224 vum
464 2174 689 2239 videant,
722 2181 818 2227 aut
866 2190 1056 2228 manus
1099 2174 1263 2228 aridae
1310 2173 1458 2227 fiant.
1496 2173 1682 2228 Omnis
1724 2173 1868 2227 enim

333 2262 402 2327 qui
427 2259 571 2316 fidem
599 2263 918 2318 catholicam
966 2278 1069 2315 non
1113 2262 1251 2316 bene
1290 2261 1553 2330 sequitur,
1582 2261 1746 2328 pedes
1771 2260 1869 2314 de-

335 2349 442 2403 biles
486 2352 663 2417 halzct,
713 2367 968 2407 manuum
1025 2352 1276 2405 ariditate
1332 2351 1582 2406 siccatur.
1632 2349 1689 2404 ld
1741 2365 1870 2420 ergo

335 2440 463 2506 agite,
482 2442 831 2508 dilectissimi,
856 2443 907 2498 id
933 2442 1222 2507 elaborate,
1262 2458 1329 2497 ne
1374 2441 1552 2511 aliqua
1601 2442 1870 2496 membro-

337 2544 429 2582 rutn
463 2540 757 2586 vestrorum
777 2533 952 2602 portio
972 2533 1074 2587 hac
1105 2533 1379 2588 debilitate
1411 2533 1657 2596 vitietur;
1687 2547 1754 2586 ne
1779 2540 1872 2584 aut

335 2618 432 2686 gula
470 2620 518 2674 in
576 2623 720 2677 vobis
758 2623 995 2685 horreat.
1038 2632 1131 2678 aut
1174 2623 1399 2677 avaritia
1427 2621 1728 2692 displiceat,
1779 2629 1872 2674 aut

335 2705 590 2764 infidelitas
623 2711 896 2781 langueat,
928 2721 986 2767 ut
1029 2711 1301 2765 emundati
1337 2711 1549 2780 penitus
1579 2725 1643 2765 ac
1685 2709 1872 2780 puriﬁ-

334 2798 436 2861 cali,
461 2800 817 2855 habitaculum
847 2801 940 2855 Dei
970 2800 1296 2866 eﬁiciamini,
1323 2811 1377 2855 ct
1400 2801 1633 2870 Spiritus
1656 2809 1873 2855 sanctus

334 2887 406 2953 qui
432 2889 764 2944 descendisse
789 2891 949 2944 hodie
991 2890 1043 2944 in
1075 2891 1346 2960 apostolos
1377 2891 1590 2961 legitur,
1640 2891 1693 2944 in
1721 2890 1873 2944 vobis

335 2989 430 3030 esse
447 2993 650 3047 semper
665 2980 940 3049 dignetur,
971 2989 1260 3049 praestante
1287 2980 1514 3034 Domino
1538 2988 1724 3034 nostro
1745 2977 1871 3033 Jcsu

1965 1811 2403 1882 multiplicamini,
2435 1824 2482 1866 et
2514 1813 2699 1883 replete
2725 1823 2920 1866 terram
2951 1811 3102 1884 (Gen.
3132 1831 3149 1869 ι
3177 1813 3228 1885 );
3277 1823 3332 1869 et
3375 1815 3501 1870 item
3528 1822 3541 1868 ε

1967 1902 2025 1957 Si
2052 1903 2314 1958 volueritis
2342 1915 2388 1957 et
2412 1906 2686 1958 audieritis
2731 1921 2829 1967 me,
2856 1905 2990 1958 bona
3038 1914 3192 1960 terra:
3240 1905 3543 1968 comedetis,

1967 1996 2040 2048 ait
2066 1995 2318 2049 Dominus
2342 1996 2479 2050 Deus
2512 1995 2644 2067 (Isa.
2683 1995 2754 2067 i);
2782 1995 2987 2051 Novum
3020 2004 3198 2050 autem
3231 1995 3547 2050 Testa’men»

1971 2095 2080 2140 tum
2121 2087 2190 2140 ita
2223 2087 2463 2157 praecipit
2506 2106 2519 2141 :
2571 2086 2878 2142 Contendite
2905 2105 2996 2158 per
3043 2097 3318 2156 angustam
3345 2096 3549 2156 portam

1968 2175 2164 2229 intrare
2191 2175 2338 2246 (Luc.
2375 2177 2525 2245 xm);
2552 2177 2640 2247 qui
2667 2177 2795 2242 vult,
2823 2177 2998 2245 inquit
3019 2176 3298 2241 Dominus,
3321 2186 3436 2246 post
3469 2189 3551 2230 ms

1969 2267 2159 2330 venire,
2199 2270 2410 2337 abreget
2441 2270 2765 2338 semetipsum
2795 2280 2840 2323 et
2887 2269 3035 2322 tollat
3073 2285 3276 2323 crucem
3305 2282 3475 2332 suam,
3503 2275 3551 2322 et

1969 2367 2215 2426 sequatur
2257 2372 2338 2410 me
2387 2357 2536 2428 (Luc.
2586 2358 2702 2430 ix);
2747 2369 2801 2413 et
2829 2360 3116 2428 Apostolus
3161 2377 3173 2413 ε
3229 2359 3333 2425 Qui
3377 2369 3552 2413 autem

1969 2455 2089 2499 sunt
2119 2445 2333 2511 Christi,
2381 2466 2588 2503 carnem
2639 2466 2790 2504 suam
2831 2451 3204 2518 cruciﬁxerunt
3254 2461 3372 2503 cum
3408 2448 3551 2504 vitiis

1970 2546 2018 2590 et
2049 2540 2479 2608 concupiscentiis
2515 2538 2655 2612 (Gal.
2687 2541 2763 2610 v).
2809 2542 2980 2596 Panes
3019 2542 3377 2610 primitiarum
3413 2542 3551 2597 duos

1973 2627 2198 2683 Domino
2225 2628 2502 2686 offerimus
2528 2649 2541 2685 :
2574 2647 2695 2686 cum
2720 2631 2917 2703 Legem
2944 2641 2998 2686 et
3019 2633 3384 2704 Evangelium,
3431 2648 3552 2703 quae

1973 2732 2101 2773 vere
2130 2728 2256 2774 sunt
2301 2721 2408 2775 cibi
2460 2721 2760 2776 animarum
2799 2731 3132 2789 nostrarum,
3188 2739 3286 2794 pro
3334 2723 3552 2778 modulo

1975 2819 2182 2876 nostro,
2208 2821 2470 2881 quantum
2505 2828 2810 2882 possumus,
2850 2814 3236 2884 adimplcmus;
3265 2815 3355 2884 qui
3387 2829 3553 2884 panes

1975 2907 2101 2953 sunt
2147 2914 2214 2952 ex
2256 2899 2462 2955 duabus
2502 2901 2725 2958 decimis
2752 2903 2944 2959 similae
2976 2903 3328 2968 fermentata,
3362 2917 3430 2958 ex
3457 2903 3554 2958 do-

1978 2989 2148 3042 ctrina
2171 2988 2419 3045 videlicet
2445 3007 2564 3061 quae
2585 2993 2878 3061 perfectam
2904 2993 3104 3048 Christi
3131 2994 3465 3049 divinitatem
3495 3001 3552 3048 et

335 3063 538 3128 Christo.
579 3070 663 3138 qui
695 3071 942 3124 eumdem
972 3071 1232 3140 Spiritum
1262 3079 1506 3126 sanctum
1535 3084 1588 3126 et
1611 3071 1874 3140 promisit.
1905 3056 1948 3118 (Σ
1982 3080 2373 3155 iii-inanitatem
2405 3056 2600 3148 aiat;
2619 3098 2716 3139 nec
2739 3083 2892 3138 aliter
2924 3085 3079 3153 coqui
3111 3086 3214 3141 nisi
3262 3100 3357 3156 per
3391 3085 3552 3141 talem

337 3171 532 3226 regnans
558 3176 674 3215 cum
706 3161 868 3215 Patre
898 3163 951 3215 in
982 3162 1185 3216 unitate
1215 3160 1450 3229 ejusdem
1494 3160 1729 3231 Spiritus
1757 3176 1879 3215 sau-

336 3246 412 3309 cti,
441 3265 526 3319 per
555 3251 730 3306 omnia
764 3251 958 3305 Siccula
990 3251 1330 3305 saeculorum.
1357 3250 1546 3305 Amen.

839 3360 1118 3416 HOMILIA
1167 3360 1351 3414 XXIII.

711 3445 777 3484 DE
813 3446 1020 3486 JFJUNIO
1046 3446 1240 3494 QUARTI
1272 3444 1476 3485 MENSIS.

393 3513 506 3572 Post
531 3519 642 3573 dies
670 3520 788 3574 illas
823 3520 1019 3575 lietitiat
1061 3521 1256 3589 quibus
1281 3520 1526 3575 Salvator
1553 3533 1737 3577 noster
1764 3530 1880 3592 post

342 3613 754 3668 resurrectionem
788 3629 939 3667 suam
989 3629 1108 3668 cum
1141 3613 1420 3683 discipulis
1469 3615 1580 3668 suis
1628 3629 1884 3684 corpora-

341 3693 440 3751 liter
479 3701 528 3754 in
569 3709 705 3756 terra
733 3711 1080 3758 conversatus
1128 3713 1230 3766 est,
1275 3711 1328 3758 et
1355 3711 1477 3773 post
1515 3719 1882 3759 ascensronem

341 3783 521 3844 Domini
565 3800 616 3846 et
659 3792 950 3847 adventum
1007 3792 1238 3862 Spiritus
1293 3793 1467 3848 sancti
1529 3808 1649 3863 quae
1702 3793 1884 3848 omnia

340 3877 535 3936 solemni
583 3882 945 3938 celebratione
990 3887 1237 3939 venerari
1289 3885 1507 3953 dignum
1553 3893 1710 3948 erat,
1757 3900 1884 3939 san-

342 3971 400 4023 cti
445 3983 612 4041 patres
663 3975 838 4032 nostri
897 3991 963 4031 ex
1008 3977 1327 4032 auctoritate
1390 3977 1523 4047 legis
1576 3977 1885 4042 admoniti,

343 4068 389 4111 et
437 4065 728 4136 evangelica
786 4066 1014 4122 veritate
1089 4068 1336 4123 instructi
1374 4109 1389 4133 ,
1437 4067 1886 4132 constituerunt,

344 4145 512 4206 fratres
542 4155 868 4220 charissimi,
893 4155 1154 4226 jejunium
1178 4156 1476 4221 celebrare,
1500 4171 1607 4226 quo
1654 4157 1887 4212 creatori

345 4247 504 4293 nostm
530 4259 718 4299 munus
744 4244 1044 4300 devotionis
1069 4254 1265 4301 nostra:
1298 4247 1349 4301 in
1378 4248 1594 4302 modum
1626 4248 1890 4318 primitia-

345 4343 464 4393 rum,
491 4348 602 4401 qua:
629 4335 772 4390 circa
801 4336 900 4391 hoc
923 4344 1132 4406 tempus
1155 4337 1378 4391 Domino
1399 4337 1691 4392 secundum
1716 4338 1888 4407 legem

345 4419 712 4490 deferebantur,
773 4427 1064 4483 offerimus.
1113 4428 1376 4499 Prmeepit
1445 4444 1572 4499 ergo
1635 4429 1892 4485 Dominus

345 4507 509 4582 Moysi,
534 4517 603 4570 ita
629 4516 857 4572 dicens:
895 4516 1121 4587 Loquere
1166 4518 1293 4588 ﬁliis
1337 4517 1508 4572 Israel
1555 4528 1603 4573 et
1631 4519 1770 4573 dices
1823 4521 1892 4575 ad

343 4616 459 4654 eos:
495 4604 618 4659 Cum
643 4607 862 4676 ingressi
888 4607 1089 4676 fueritis
1113 4608 1167 4662 in
1193 4618 1383 4663 terram
1410 4626 1568 4680 quant
1618 4627 1710 4680 ego
1757 4611 1892 4664 dabo

343 4693 483 4754 vobis,
513 4706 558 4748 et
580 4698 896 4751 messuaritis
935 4708 1124 4769 segetes
1151 4708 1303 4753 terra:
1333 4710 1532 4765 vestrm,
1561 4699 1735 4768 feretis
1781 4715 1895 4752 ma-

272 4818 274 4820 -
345 4784 528 4850 sipulos
549 4790 807 4858 spicarum
837 4790 1093 4859 primitias
1129 4791 1306 4844 messis
1340 4801 1521 4845 vestrm
1561 4791 1630 4844 ad
1651 4791 1894 4844 sacerdo-

341 4887 450 4941 tem,
477 4883 563 4948 qui
591 4883 776 4937 levabit
813 4882 1122 4952 fasciculum
1139 4899 1316 4937 coram
1347 4881 1565 4936 Domino
1587 4891 1642 4934 ut
1662 4891 1897 4950 accepta-

344 4967 448 5022 bilis
472 4973 536 5024 sit
563 4991 654 5041 pro
683 4974 823 5028 vobis
876 4973 1061 5045 (Leuit.
1112 4973 1299 5045 xxrn);
1342 4981 1397 5028 et
1423 4973 1582 5043 paulo
1607 4985 1746 5044 post,
1776 4987 1897 5026 cum

341 5056 400 5112 de
432 5061 513 5115 die
560 5063 879 5132 expletionis
923 5064 1270 5120 hebdomadas
1306 5065 1550 5134 septimae
1604 5064 1842 5134 disputat
1884 5081 1898 5117 ;

343 5142 592 5216 Olentis,
625 5153 817 5222 inquit.
850 5154 1166 5222 sacriﬁcium
1196 5171 1380 5210 novum
1407 5154 1630 5208 Domino
1657 5171 1722 5209 ex
1745 5157 1905 5209 omni-

339 5234 426 5290 bus
452 5240 763 5297 habitaculis
803 5243 1003 5308 vestris,
1058 5261 1218 5314 panes
1263 5245 1616 5314 primitiarum
1657 5245 1788 5298 duas
1839 5245 1904 5299 de

341 5328 535 5386 duabus
557 5335 767 5388 decimis
812 5333 998 5388 simin
1040 5334 1383 5404 fermentatte,
1420 5352 1547 5405 quos
1572 5337 1798 5405 coquetis
1847 5337 1901 5388 in

340 5422 589 5486 primitias
639 5424 850 5478 Domini
902 5441 920 5478 :
970 5425 1294 5495 o/I'eretisque
1326 5442 1442 5479 cum
1470 5427 1690 5494 panibus
1745 5443 1904 5496 agnos

343 5509 695 5576 inmaculatos
743 5524 935 5585 septem
985 5515 1289 5580 anniculos,
1337 5523 1384 5569 et
1429 5515 1650 5569 vitulum
1704 5515 1768 5570 de
1825 5533 1907 5569 ar-

345 5613 509 5658 mento
541 5623 717 5674 unum,
746 5618 794 5662 et
823 5608 1008 5662 arietes
1037 5608 1187 5675 duos,
1213 5618 1260 5662 et
1288 5618 1437 5663 erunt
1466 5608 1519 5662 in
1545 5609 1906 5663 holocaustum

1921 4395 1969 4453 D

1982 3169 2278 3224 doctrinam
2318 3180 2559 3239 possunt.
2590 3171 2983 3243 Oﬁ‘erimusque
3012 3189 3134 3229 cum
3163 3176 3279 3231 istis
3323 3176 3556 3246 panibus

1982 3269 2184 3328 septem
2203 3274 2371 3330 agnos
2393 3261 2782 3326 immaculatos,
2824 3279 2946 3318 cum
2981 3264 3364 3330 innocentiam,
3394 3282 3555 3336 quam

1982 3349 2311 3417 septifortnis
2340 3353 2508 3422 gratia
2569 3352 2801 3422 Spiritus
2847 3356 3018 3410 sancti
3062 3357 3112 3410 in
3163 3357 3315 3413 nobis
3357 3357 3555 3425 efﬁcit;

1982 3440 2319 3494 concorditer
2374 3441 2474 3511 legi
2541 3452 2596 3497 et
2659 3444 2943 3514 Evangelio
2989 3445 3044 3499 in
3108 3445 3202 3501 Dei
3267 3456 3559 3516 compectu

1983 3531 2316 3586 exhibemus.
2354 3531 2640 3589 Ofl‘erimus
2686 3542 2738 3588 et
2774 3535 3002 3588 vitulum
3033 3535 3099 3589 de
3133 3544 3396 3600 armento,
3436 3551 3559 3590 cum

1983 3621 2256 3678 Christum
2299 3639 2364 3681 ex
2413 3625 2841 3693 patriarcharum
2870 3624 3076 3693 origine
3116 3625 3406 3680 secundum
3436 3641 3561 3680 car-

1983 3727 2106 3765 nem
2146 3714 2408 3781 genitum,
2437 3728 2501 3767 ac
2531 3727 2630 3781 pro
2657 3713 2811 3767 nobis
2839 3711 3180 3778 cruciﬁxum,
3215 3715 3558 3772 conﬁtemur.

1985 3799 2269 3855 Oﬁcrimus
2313 3810 2367 3856 et
2400 3802 2533 3855 duos
2559 3801 2778 3865 arietes,
2823 3816 2944 3856 cum
2984 3799 3361 3858 excellentiam
3403 3820 3562 3860 man-

1985 3890 2134 3954 data,
2171 3905 2288 3958 quae
2318 3891 2468 3958 sequi
2506 3890 2641 3945 alias
2683 3891 2910 3946 virtutes
2956 3892 3103 3946 velut
3148 3909 3276 3949 oves
3329 3902 3563 3964 oportet,

1985 3980 2277 4050 adimplere
2327 3981 2624 4045 studemus,
2657 3989 2713 4036 ut
2747 3990 2830 4036 est
2859 3982 2986 4037 illud
3020 4000 3033 4036 :
3073 3982 3132 4038 Si
3185 3985 3259 4038 vis
3309 3985 3566 4054 perfectus

1987 4089 2114 4134 esse,
2148 4071 2293 4137 vade,
2322 4071 2480 4132 vende
2501 4074 2679 4125 omnia
2707 4089 2823 4142 qua:
2855 4074 3032 4136 habes,
3055 4085 3101 4128 et
3129 4075 3198 4127 da
3221 4077 3562 4144 pauperibus,

1988 4167 2094 4214 etc.
2124 4157 2334 4229 (Matth.
2361 4157 2510 4230 XIX);
2541 4169 2597 4214 et
2617 4159 2744 4215 illud
2790 4174 2804 4213 :
2857 4159 3067 4231 Diligite
3094 4163 3329 4216 inimicos
3352 4174 3562 4230 vestros,

1988 4264 2034 4306 et
2073 4251 2355 4320 benefacite
2382 4254 2462 4306 his
2506 4253 2595 4323 qui
2621 4253 2843 4307 oderunt
2870 4269 2983 4317 vos,
3010 4263 3064 4308 et
3095 4253 3296 4322 reliqua
3350 4255 3564 4326 (Matth.

1991 4342 2067 4413 v).
2096 4343 2295 4397 Horum
2322 4357 2450 4414 ergo
2479 4343 2739 4398 sacriﬁcia
2761 4350 2816 4396 et
2843 4342 3044 4406 libatio,
3075 4343 3298 4397 scientia
3319 4345 3564 4401 videlicet

1994 4442 2048 4489 et
2073 4434 2333 4502 operatio,
2383 4433 2518 4487 odor
2548 4432 2828 4488 suavitatis
2876 4433 3123 4496 Domino,
3173 4441 3234 4488 ut
3280 4433 3567 4504 Apostolus

1995 4526 2090 4589 ait,
2111 4523 2302 4578 Christi
2323 4524 2485 4577 bonus
2509 4523 2640 4576 odor
2658 4538 2838 4575 sumus
2868 4521 2994 4576 Deo.
3029 4521 3154 4578 Haec
3178 4524 3341 4578 etiam
3371 4525 3572 4581 oblatio

1993 4611 2130 4667 festo
2181 4611 2526 4666 Pentecostes
2569 4612 2846 4680 competit,
2882 4613 3006 4681 quia
3055 4614 3570 4670 consummationem

1994 4700 2159 4755 totius
2214 4699 2560 4770 perfectionis
2611 4697 2845 4768 Spiritus
2884 4701 3127 4768 paracliti
3175 4710 3326 4771 grate
3361 4701 3568 4758 tribuit.

1994 4790 2139 4856 ldeo,
2173 4790 2386 4854 fratres,
2419 4791 2589 4845 sancti
2639 4798 2821 4859 patres
2865 4790 3051 4851 nostri,
3085 4791 3294 4860 expleta
3332 4791 3573 4847 celeber-

2000 4882 2135 4936 rima
2185 4881 2476 4937 festivitate
2527 4880 2890 4943 Pentecostes,
2933 4881 3034 4934 hoc
3063 4879 3274 4935 salubre
3307 4880 3571 4951 jejunium

2000 4980 2315 5035 sanxerunt,
2350 4978 2407 5023 ut
2429 4983 2524 5038 per
2548 4969 2927 5022 abstinentiam
2953 4976 3007 5022 et
3046 4967 3460 5038 supplicationes
3488 4971 3572 5025 in-

2003 5067 2179 5114 lentas
2201 5059 2308 5113 Deo
2334 5057 2690 5126 acceptabilcs
2720 5073 2816 5111 nos
2836 5057 3140 5112 offeramus.
3173 5056 3398 5125 Quidam
3425 5074 3574 5124 vero,

2004 5166 2070 5206 ex
2105 5150 2411 5220 evangelica
2441 5149 2760 5203 auctoritate
2790 5149 3060 5214 instructi,
3088 5149 3141 5202 in
3165 5150 3267 5203 hoc
3285 5150 3426 5219 quod
3457 5148 3578 5205 Sal-

2007 5248 2162 5294 vator
2187 5238 2474 5294 Pharisaeis
2497 5247 2552 5291 ct
2577 5237 2852 5306 discipulis
2879 5236 3101 5291 Joannis
3125 5237 3578 5308 interrogantibus

2009 5347 2104 5384 cur
2152 5329 2393 5398 discipuli
2443 5329 2557 5396 ejus
2603 5344 2704 5380 non
2746 5327 3071 5397 jeinnarent,
3118 5327 3408 5396 respondit,
3455 5325 3578 5380 Non

2008 5433 2216 5494 possunt
2249 5423 2346 5491 ﬁlii
2370 5423 2544 5492 sponsi
2568 5420 2741 5491 lugere
2765 5420 2996 5488 quandiu
3025 5435 3142 5472 cum
3177 5419 3280 5471 illis
3319 5426 3393 5470 est
3423 5435 3582 5487 spon-

2009 5534 2096 5571 sus
2123 5516 2358 5568 :venient
2387 5523 2560 5566 autent
2581 5513 2691 5566 dies
2719 5529 2836 5565 cum
2865 5510 3132 5579 auferetur
3156 5509 3220 5560 ab
3249 5509 3320 5561 eis
3341 5525 3583 5577 sponsus,

2010 5618 2056 5661 et
2081 5617 2202 5659 tunc
2220 5603 2535 5674 jejnnabunt
2559 5600 2770 5670 (Matth.
2815 5600 2924 5671 rx);
2965 5600 3085 5654 inde
3115 5599 3480 5666 instituerunt,
3531 5609 3589 5652 ut
