4040 6188
385 298 457 352 Π
1028 302 1090 355 Β.
1133 302 1385 358 RABANI
1424 305 1642 361 MAUIU
1680 305 1994 360 ARCHIEP.
2039 306 2345 363 MOGUNT.
2387 308 2669 367 OPERUM
2708 307 2886 366 PARS
2918 312 2981 371 Il.
3575 320 3646 377 48

381 424 503 487 post
524 416 895 472 ascensionem
921 417 1156 481 Domini,
1183 418 1277 487 qui
1305 420 1493 474 matris
1523 419 1775 475 Ecclesiae
1798 434 1961 475 verus
1989 430 2036 489 Α
2064 438 2178 476 oves
2243 423 2309 476 ab
2361 422 2525 479 turdis
2547 442 2568 490 ;
2626 441 2741 480 oves
2796 438 2949 497 ponet
3005 428 3074 482 ad
3126 430 3416 498 dexteram,
3471 434 3650 492 bardos

381 514 465 563 cst
484 520 736 576 sponsus,
776 513 829 559 et
858 515 978 575 post
1005 508 1147 567 diem
1177 507 1523 563 Pentecostes
1552 510 1736 564 statim
1763 510 1848 564 die
1876 510 1958 563 al-

384 606 497 651 tera
511 595 776 667 jejunium
811 596 1144 665 incipientes,
1169 613 1340 666 usque
1365 598 1433 653 ad
1462 597 1817 668 quadraginta
1848 601 1963 655 dies

383 687 512 742 illud
535 687 878 758 protendant.
912 685 1027 742 Hoc
1054 702 1181 742 vero
1209 688 1301 757 qui
1322 703 1430 743 non
1456 689 1708 754 voluerit,
1737 698 1827 742 aut
1855 707 1959 743 non

382 779 730 847 potueritpcr
751 776 1120 834 infirmitatem
1162 780 1348 834 carnis
1373 780 1579 843 facere,
1608 781 1798 834 saltem
1832 781 1978 847 istosf

383 876 501 923 tres
551 866 668 921 dies
710 865 1055 921 continentiae
1115 867 1367 924 salutaris
1418 869 1654 941 legitime
1698 871 1956 925 exsolvat.

378 954 872 1028 lejuniumquidem
893 958 1072 1027 quarti
1094 958 1293 1014 mensis
1314 967 1398 1014 est
1408 961 1550 1028 quod
1565 961 1720 1015 nobis
1734 962 1963 1031 prophe-

382 1057 556 1102 tarum
586 1045 744 1101 lectio
763 1046 1124 1113 commendat,
1149 1054 1204 1101 et
1219 1047 1350 1102 nulli
1374 1048 1576 1107 violare
1591 1048 1733 1103 licet.
1759 1050 1962 1103 Idcirco

379 1146 569 1208 quarta
599 1146 668 1192 et.
689 1146 843 1191 sexta
871 1138 1007 1191 feria
1027 1146 1084 1192 et
1112 1138 1339 1192 sabbato
1379 1139 1434 1193 in
1480 1139 1585 1194 hac
1627 1140 1958 1194 hcbdomada

382 1229 529 1284 vobis
575 1225 925 1296 jejunandum
981 1237 1081 1293 est,
1141 1227 1281 1282 sicut
1309 1237 1511 1283 sanctae
1562 1237 1617 1283 et
1653 1230 1962 1298 apestoliee

380 1318 633 1375 Ecclesiae
663 1318 918 1385 Romana:
945 1319 1242 1373 auctoritas
1275 1335 1343 1373 ex
1374 1320 1611 1389 antiquis
1637 1320 1962 1390 temporibus

377 1411 683 1466 ordinabat.
734 1410 885 1464 Nunc
911 1424 1041 1480 ergo
1084 1410 1285 1477 venite,
1326 1410 1683 1477 dilectissimi,
1713 1414 1958 1475 obsecro,

377 1501 439 1555 in
464 1499 667 1555 sanctis
691 1498 886 1553 diebus
908 1499 975 1552 ad
992 1513 1162 1559 sacra
1191 1498 1478 1554 missarum
1510 1499 1794 1563 solemnia,
1842 1498 1962 1553 l‘un-

375 1590 489 1649 iite
508 1590 585 1647 ibi
614 1603 802 1658 preces
822 1596 1180 1651 vesti-ascum
1219 1587 1474 1660 lacrymis
1499 1602 1678 1645 coram
1711 1587 1961 1653 Domino,

378 1687 618 1748 vetantes
645 1678 762 1747 ejus
805 1676 1235 1735 miscricordiam
1266 1685 1327 1732 ut
1364 1677 1458 1746 qui
1486 1691 1583 1732 vos
1636 1676 1688 1730 in
1739 1691 1963 1732 venera-

2058 520 2233 565 autem
2264 512 2334 566 ad
2355 513 2622 568 sinistram
2656 514 2872 586 (Matth.
2902 517 3052 590 xxv).
3078 518 3478 579 Commemorat
3507 528 3650 583 bona

2058 614 2222 669 opera
2237 600 2476 667 illorum,
2495 602 2739 674 increpat
2754 605 2890 660 mala
2908 606 3153 675 istorum,
3170 626 3238 666 ne
3251 610 3467 684 longum
3485 614 3654 673 facia-

2060 704 2182 744 mus
2204 704 2532 756 sermonem,
2559 694 2700 747 dicet
2721 695 2800 749 eis
2822 695 2915 764 qui
2938 697 3005 751 ad
3027 697 3306 754 dexteram
3326 700 3443 769 ejus
3465 714 3591 760 sunt
3625 724 3638 760 :

2069 777 2265 843 Venite,
2298 779 2552 835 benedicti
2587 780 2766 837 Patris
2813 786 2934 848 mei,
2971 788 3219 857 percipite
3262 807 3473 861 regnum
3507 813 3648 867 quoa

2061 867 2202 921 vobis
2241 880 2484 938 paratum
2521 880 2595 923 est
2647 872 2712 924 ab
2742 874 2941 943 origine
2969 877 3187 942 mundi;
3222 878 3275 932 in
3306 879 3409 936 hac
3449 884 3649 956 quippe

2062 958 2318 1014 memoria
2351 971 2553 1015 aeterna
2580 963 2681 1015 erit
2719 962 2916 1031 justus.
2968 964 3121 1021 Dicet
3149 976 3203 1022 et
3233 970 3470 1027 sinistris
3502 993 3517 1028 :
3565 975 3651 1032 Ite

2060 1047 2115 1100 in
2142 1049 2312 1118 ignem
2341 1058 2589 1104 wternum
2621 1053 2709 1120 qui
2753 1064 2969 1122 paratus
3006 1066 3081 1109 est
3122 1057 3330 1113 diabolo
3364 1073 3411 1114 et
3449 1063 3649 1134 angelis

2060 1138 2213 1206 ejus;
2244 1138 2312 1192 ab
2344 1140 2444 1193 hoc
2468 1139 2651 1193 auditu
2685 1142 2828 1196 malo
2848 1158 2953 1198 non
2981 1145 3225 1213 timebit;
3263 1158 3317 1203 et
3352 1151 3453 1207 hoc
3482 1156 3650 1223 unde,

2061 1227 2162 1281 nisi
2210 1228 2336 1297 quia
2383 1227 2472 1282 hic
2514 1230 2724 1297 positus
2766 1235 3003 1286 creatori
3047 1250 3143 1289 suo
3186 1238 3324 1292 bene
3367 1241 3651 1298 timoratus

2061 1325 2217 1371 antea
2244 1319 2656 1388 obtemperavit.
2685 1321 2796 1375 Non
2826 1323 3078 1394 ignorare
3103 1343 3196 1383 vos
3217 1331 3404 1393 credo.
3428 1332 3645 1399 fratres,

2064 1405 2221 1474 hujus
2274 1408 2600 1462 sanctissimi
2656 1410 2754 1464 viri
2805 1414 3247 1482 probatissimum
3296 1434 3522 1491 agonem
3578 1439 3645 1477 ac

2062 1497 2471 1552 celeberrimam
2508 1500 2809 1567 victoriam,
2862 1503 2976 1572 qui,
3039 1507 3331 1561 secundum
3393 1511 3649 1568 Veritatis

2062 1600 2249 1641 vocem
2267 1587 2628 1642 beatitudinis
2655 1600 2779 1644 octo
2815 1602 3081 1663 praecepta
3118 1610 3371 1665 sequens,
3410 1600 3648 1656 beatitu-

2061 1677 2241 1732 dinem
2272 1693 2455 1733 veram
2482 1691 2804 1739 conmzcutus
2825 1692 2926 1738 est.
2960 1683 3093 1739 Nam
3135 1688 3395 1745 Dominus
3435 1691 3566 1746 dicit
3591 1693 3647 1747 in

376 1771 519 1831 tione
544 1769 836 1827 Dominieac
857 1767 1277 1824 resurrectionis
1313 1768 1381 1822 ad
1412 1775 1619 1836 tempus
1642 1766 1957 1821 consolaba—
1989 1777 2035 1836 Β
2062 1766 2351 1839 Evangelia
2377 1782 2392 1821 :
2437 1768 2590 1823 Beati
2626 1787 2878 1839 pauperes
2900 1775 3112 1844 spiritu,
3136 1779 3383 1846 quoniam
3411 1780 3646 1850 ipsorum

377 1868 487 1925 tur,
518 1858 577 1919 in,
620 1872 852 1928 superna
903 1855 1022 1926 ejus
1070 1857 1274 1912 visione
1304 1857 1357 1911 in
1387 1866 1649 1911 aeternum
1679 1857 1959 1912 consolare

376 1950 644 2021 dignetur.
703 1946 932 2005 Peracto
983 1954 1165 2000 autem
1220 1946 1400 2001 missae
1468 1943 1665 2010 cilicio,
1717 1960 1841 1999 cum
1892 1944 1961 1999 ad

374 2040 703 2101 sanandum
765 2039 910 2094 domi
968 2037 1353 2105 eonveneritis,
1402 2053 1508 2093 non
1568 2035 1960 2093 obliviscamini

376 2146 690 2203 pauperum,
720 2132 813 2186 sed
842 2129 1144 2200 portionem
1167 2144 1355 2184 eorum
1375 2129 1456 2185 eis
1480 2129 1637 2195 detis,
1662 2129 1801 2184 sicut
1819 2142 1961 2197 saepe

376 2223 830 2290 voscommonui,
868 2223 993 2292 quia
1028 2223 1305 2294 indignum
1329 2231 1414 2279 est
1465 2233 1525 2279 ιιι
1550 2224 1768 2295 quando
1796 2223 1961 2278 mise-

377 2316 663 2375 ricordiam
693 2316 787 2371 Dei
809 2316 1077 2371 intentius
1098 2316 1372 2385 expetitis,
1388 2315 1489 2387 ipsi
1506 2315 1966 2372 immisericordes

376 2418 561 2466 mitra
591 2408 866 2478 proximos
892 2416 1105 2463 vestros
1133 2407 1505 2465 inveniamini.
1558 2407 1832 2476 Scriptum
1881 2413 1966 2461 est

375 2500 558 2557 cuitu:
586 2499 717 2553 Date
743 2496 1123 2568 eleemosynam
1159 2507 1205 2552 et
1253 2514 1368 2552 ecce
1393 2498 1569 2552 omnia
1604 2496 1800 2551 munda
1838 2507 1962 2550 sunt

376 2591 513 2645 vobis
539 2588 693 2663 (Luc.
723 2588 822 2660 x1),
849 2589 999 2658 quia,
1029 2589 1164 2642 sicut
1200 2605 1338 2659 aqua
1366 2588 1645 2659 exstinguit
1675 2587 1862 2657 ignem,
1888 2586 1962 2639 ita

375 2684 697 2752 eleemosyna
725 2681 1007 2751 exstinguit
1046 2690 1334 2752 peccatum,
1365 2680 1592 2733 citat-itas
1637 2695 1752 2733 vero
1800 2678 1962 2747 operit

386 2774 772 2829 multitudine»:
792 2784 1148 2842 peccatorum.
1172 2775 1337 2837 (Eccl.
1364 2775 1467 2844 tu).
1490 2774 1658 2841 Cujus
1680 2774 1854 2830 abund
1865 2789 1952 2827 an-

387 2869 513 2921 tiam
555 2868 703 2920 vobis
742 2867 855 2933 ipse
890 2867 1128 2923 tribuere
1171 2868 1443 2937 dignetur,
1484 2870 1577 2938 qui
1608 2868 1791 2922 dilexit
1854 2883 1947 2921 nos

387 2968 435 3012 rt
486 2959 613 3012 (erit
659 2975 751 3012 nos
792 2976 825 3012 a
880 2958 1107 3026 peccatis
1146 2960 1337 3013 nostris
1368 2960 1421 3012 in
1445 2962 1702 3030 sanguine
1752 2976 1846 3012 suo
1891 2958 1949 3026 (Ι

392 3046 532 3100 Patr.
565 3046 662 3116 iv).
698 3044 855 3101 Iesus
881 3047 1127 3102 Christus
1154 3044 1405 3102 Salvator
1437 3058 1642 3110 noster,
1701 3051 1789 3115 qui
1823 3063 1949 3101 cum

2059 1865 2134 1911 est
2162 1873 2378 1927 regnum
2403 1856 2647 1913 caelorum
2673 1859 2888 1930 (Matth.
2913 1863 2990 1934 v).
3041 1864 3208 1932 Ecce,
3234 1866 3452 1934 fratres,
3506 1886 3649 1925 nun-

2061 1949 2190 2019 quid
2213 1963 2320 2003 non
2345 1949 2447 2003 iste
2471 1958 2691 2005 sanctus
2715 1967 2920 2024 pauper
2952 1954 3054 2011 fuit
3078 1957 3290 2027 spiritu,
3312 1960 3404 2028 qui
3427 1969 3649 2030 sponta-

2062 2052 2217 2093 neam
2244 2046 2617 2107 paupertatem
2659 2040 2885 2111 eligens,
2935 2045 3095 2100 rebus
3124 2049 3357 2117 propriis
3400 2058 3453 2104 et
3480 2050 3650 2119 patri-

2063 2129 2267 2191 monio,
2294 2129 2538 2199 cognatis
2560 2139 2614 2182 et
2641 2134 2957 2199 parentibus
2981 2133 3270 2201 derelictis,
3297 2139 3420 2194 huic
3445 2145 3650 2197 mundo

2062 2219 2216 2290 quasi
2245 2229 2489 2275 mortuus
2510 2219 2749 2289 perfecte
2778 2225 3109 2281 renuntiavit
3148 2244 3161 2281 :
3198 2229 3472 2285 humiliter
3514 2247 3648 2287 con-

2061 2324 2286 2365 versans
2319 2317 2375 2365 et
2412 2311 2664 2367 nobiliter
2693 2313 2969 2382 exsulans,
3000 2324 3054 2372 et
3101 2318 3155 2373 in
3202 2321 3647 2389 peregrinatione

2062 2398 2236 2455 solum
2274 2399 2546 2455 Christum
2581 2402 2786 2457 studuit
2825 2403 3160 2472 lucrifacere,
3192 2416 3253 2463 ut
3278 2423 3501 2477 regnum
3533 2424 3647 2465 ca:-

2061 2488 2234 2544 lorum
2259 2505 2381 2544 cum
2419 2503 2485 2545 eo
2511 2492 2897 2562 perpetualiter
2939 2496 3203 2564 potuisset
3229 2498 3448 2553 habere.
3493 2499 3648 2554 Beati

2061 2581 2231 2646 mites,
2261 2582 2507 2653 quoniam
2533 2584 2633 2653 ipsi
2667 2584 2999 2653 possidebunt
3046 2597 3275 2654 terram;
3330 2589 3419 2645 hic
3453 2591 3642 2661 utique

2062 2674 2208 2729 mitis
2235 2682 2370 2738 erat,
2401 2675 2527 2745 quia
2561 2676 2690 2730 nulli
2736 2679 2946 2744 nocuit,
2971 2679 3102 2734 nulli
3141 2681 3463 2735 calumniam
3492 2681 3643 2746 fecit,

2062 2765 2173 2821 imo
2198 2767 2265 2820 ab
2292 2766 2413 2822 aliis
2438 2766 2539 2821 sibi
2568 2766 2703 2821 facta
2738 2769 3127 2837 patientissime
3152 2771 3403 2825 toleravit
3435 2790 3448 2825 :
3482 2772 3647 2826 male-

2061 2856 2365 2912 dicentibus
2403 2857 2507 2912 sibi
2561 2872 2664 2912 non
2706 2858 3061 2923 remaledixit,
3110 2860 3202 2915 sed
3256 2862 3427 2932 magis
3478 2862 3645 2917 bene-

2060 2947 2218 3012 dixit,
2245 2955 2299 3002 et
2328 2964 2425 3018 pro
2450 2950 2899 3019 persequentibus
2915 2954 3191 3013 exoravit;
3217 2954 3286 3007 ob
3310 2954 3411 3007 hoc
3430 2968 3648 3022 quoque

2059 3054 2180 3094 cum
2197 3040 2399 3095 sanctis
2421 3040 2621 3111 angelis
2643 3049 2840 3095 terram
2858 3042 3150 3097 viventium
3166 3044 3218 3096 in
3239 3053 3495 3097 mternum
3523 3059 3649 3113 pos-

388 3136 545 3191 pane
577 3147 631 3191 ει
655 3137 863 3208 spiritu
899 3148 1087 3192 sancio
1136 3139 1265 3192 vim
1314 3150 1367 3190 ρι
1414 3149 1603 3209 regum
1652 3138 1810 3198 Deus,
1860 3153 1955 3208 per
1986 3133 2030 3194 C
2063 3127 2276 3182 sidebit.
2302 3127 2450 3181 Beati
2477 3129 2566 3199 qui
2590 3129 2763 3199 lugent
2793 3147 2947 3194 nunc,
2979 3130 3227 3201 quoniam
3265 3133 3363 3201 ipsi
3407 3131 3648 3187 consola-

388 3233 574 3286 oiunia
605 3232 803 3287 saecula
835 3233 1176 3287 sa-cnlornm.
1198 3232 1391 3287 Amen.

907 3314 1185 3370 IIOMILIA
1230 3315 1416 3370 XXIV.

588 3420 640 3459 IN
677 3419 871 3459 NA'I'ALI
912 3419 1103 3458 SANCTI
1154 3419 1414 3459 BONll-‘ACII
1457 3419 1742 3459 ιιλιιτνιιιε.

445 3496 734 3552 Prtescutis
764 3494 865 3550 diei
900 3494 1160 3558 laititiam,
1202 3494 1396 3549 fratres
1433 3495 1759 3559 cbarissimi,
1808 3494 1959 3549 vobis

374 3585 734 3648 audientibus,
766 3594 1129 3655 opportunum
1155 3599 1278 3640 reor
1313 3600 1561 3642 sermone
1590 3586 1801 3655 placido
1834 3599 1957 3640 cum

376 3676 663 3732 dilectione
689 3686 870 3731 vestra
904 3683 1158 3741 tractare,
1189 3684 1244 3731 et
1272 3676 1586 3731 memoriam
1613 3677 1755 3732 beati
1774 3674 1956 3745 ponti-

377 3769 495 3825 ﬁcis
518 3776 566 3823 et
595 3770 850 3837 martyris
875 3767 1077 3822 Christi
1121 3766 1387 3822 Bonifacii
1424 3768 1481 3822 in
1529 3776 1765 3821 mentem
1806 3781 1960 3821 revo-

375 3874 525 3922 care,
555 3857 786 3927 qualiter
835 3856 1092 3927 temporis
1135 3858 1259 3911 vitae
1307 3873 1525 3912 cursum
1568 3873 1853 3929 peragens,
1891 3856 1958 3910 ad

377 3946 759 4004 beatitudinem
785 3945 1123 4015 pervenisset
1164 3953 1499 4015 perpetuam.
1534 3947 1601 3999 Et
1628 3947 1846 4016 dignum
1877 3954 1961 4001 est

378 4047 436 4094 ut
481 4035 741 4091 memoria
788 4035 857 4090 de
909 4049 974 4088 eo
1019 4035 1239 4104 cogitet,
1288 4050 1449 4105 quem
1495 4036 1754 4090 memoria
1814 4045 1960 4092 tenet

377 4136 610 4192 acterna;
644 4142 771 4182 nam
810 4128 862 4181 in
910 4128 1118 4197 psalmo
1161 4128 1423 4199 scriptum
1451 4136 1535 4183 est
1570 4145 1586 4182 :
1616 4127 1681 4182 In
1710 4130 1961 4183 memoria

378 4228 574 4272 adorna
618 4218 714 4272 erit
751 4218 955 4288 justus,
1002 4218 1071 4272 ab
1116 4219 1383 4273 auditione
1425 4218 1566 4273 mala
1620 4237 1722 4274 non
1765 4221 1961 4274 timebit

381 4308 553 4378 ξΡεαΙ.
617 4310 751 4382 cxr).
806 4308 906 4364 Hic
951 4325 1080 4381 ergo
1130 4326 1338 4374 versus,
1390 4309 1607 4377 fratres,
1658 4311 1794 4366 bene
1851 4320 1960 4364 tam

380 4411 569 4458 sancto
596 4402 716 4458 viro
742 4404 1018 4469 convenit,
1063 4402 1157 4475 qui
1185 4419 1290 4457 non
1320 4403 1491 4458 solum
1520 4403 1784 4474 justitiam
1836 4403 1961 4458 dili-

2062 3216 2287 3281 buntur;
2323 3227 2379 3271 et
2424 3218 2511 3272 hic
2549 3234 2671 3272 cum
2709 3221 3035 3290 pauperibus
3058 3221 3259 3276 Christi
3285 3223 3456 3293 magis
3484 3222 3650 3295 elegit

2060 3306 2461 3361 tribulationem
2504 3317 2558 3361 et
2600 3324 2907 3378 pressuram
2958 3311 3011 3364 in
3056 3312 3157 3367 hoc
3197 3313 3393 3367 mundo
3421 3312 3644 3379 habere,

2059 3412 2220 3465 quam
2251 3412 2373 3451 cum
2421 3398 2675 3452 divitibus
2725 3399 2890 3467 hujus
2931 3400 3111 3455 smculi
3161 3401 3291 3455 falsa
3344 3402 3528 3456 laetitia
3575 3404 3645 3458 ad

2059 3497 2271 3558 tempus
2306 3489 2499 3551 ridere,
2553 3498 2607 3543 et
2659 3502 2843 3559 postea
2890 3492 2942 3545 in
2972 3499 3233 3547 :cternum
3267 3493 3469 3562 lugere.
3508 3494 3645 3548 Nam

2058 3593 2180 3634 cum
2221 3580 2289 3633 ab
2315 3580 2603 3648 apostolica
2648 3583 2773 3635 sede
2800 3582 3085 3653 episcopus
3131 3593 3214 3639 est
3255 3587 3555 3650 ordinatus,
3592 3595 3647 3642 et

2042 3670 2176 3725 'vice
2214 3670 2507 3741 apostolica
2564 3671 2767 3741 legatus
2813 3673 3166 3729 Germanius
3203 3677 3270 3730 ad
3312 3676 3645 3758 Francorum

2058 3769 2274 3830 gentem
2302 3768 2387 3815 est
2414 3761 2734 3826 destinatus,
2769 3762 2895 3817 illud
2921 3762 3325 3836 Psalmographi
3369 3766 3424 3819 in
3453 3781 3511 3821 se
3543 3767 3648 3820 im-

2058 3852 2225 3920 plevit
2255 3852 2642 3918 testimonium,
2675 3853 2817 3921 quod
2865 3854 2932 3908 de
2982 3855 3427 3922 praedicatoribus
3469 3859 3645 3912 sancti

2059 3938 2334 4012 Evangelii
2358 3941 2562 3997 dictum
2585 3950 2668 3996 est
2702 3960 2714 3994 :
2749 3942 2944 3996 Euntes
2990 3943 3133 3996 ibant
3161 3952 3209 3996 et
3248 3944 3468 4014 ﬂebant,
3523 3948 3647 3999 mit-

2060 4044 2223 4089 tentes
2251 4035 2448 4089 semina
2474 4051 2605 4101 sua;
2636 4035 2892 4089 venientes
2919 4044 3093 4087 autem
3122 4037 3320 4089 uenient
3357 4037 3414 4090 in
3462 4037 3637 4090 exsul-

2061 4124 2276 4189 tatione,
2303 4134 2567 4194 portantes
2594 4123 2889 4194 manipulos
2916 4140 3037 4177 suos
3077 4123 3247 4194 (Psal.
3280 4124 3462 4196 cxxv).
3492 4123 3647 4181 Beati

2059 4217 2149 4287 qui
2174 4216 2410 4269 esuriant
2433 4226 2480 4269 et
2507 4217 2693 4270 sitiunt
2714 4217 2999 4286 justitiam,
3021 4217 3269 4286 quoniam
3308 4217 3406 4287 ipsi
3430 4228 3648 4272 satura—

2063 4307 2274 4360 buntur.
2306 4304 2420 4360 Hoc
2450 4306 2525 4359 illi
2548 4307 2874 4361 desiderium
2901 4322 3114 4378 semper
3147 4307 3266 4376 fuit,
3300 4310 3401 4366 hoc
3438 4311 3650 4366 esuries

2062 4398 2282 4463 mentis,
2320 4398 2424 4453 hoc
2454 4398 2575 4453 sitis
2600 4399 2795 4452 animae
2820 4409 2878 4454 ut
2898 4399 3314 4469 justiticationes
3354 4403 3646 4457 mandato—

381 4494 543 4562 gebat
563 4501 761 4559 mente,
784 4495 915 4565 quin
941 4495 1105 4550 etiam
1134 4497 1387 4551 servabat
1410 4495 1466 4550 in
1497 4495 1877 4565 praedicatione
1904 4504 1957 4548 et
1983 4489 2034 4547 D
2061 4509 2180 4547 rum
2224 4492 2434 4546 Domini
2480 4492 2535 4546 in
2584 4508 2641 4547 se
2683 4494 2996 4559 custodiret,
3022 4502 3076 4551 et
3116 4496 3253 4551 alios
3286 4497 3417 4551 item
3467 4497 3651 4558 facere

382 4584 669 4640 exercebat
698 4585 751 4638 in
782 4600 947 4655 opere
977 4604 991 4639 :
1036 4596 1198 4656 atque
1223 4588 1292 4642 ob
1316 4588 1418 4642 hoc
1440 4586 1615 4640 anima
1642 4586 1771 4656 justi
1806 4585 1963 4656 hujus

386 4675 545 4731 modo
563 4675 697 4730 vivit
733 4678 785 4730 in
816 4676 1002 4747 requie
1026 4693 1147 4732 cum
1178 4679 1402 4745 sanctis,
1439 4688 1645 4733 remota
1672 4687 1726 4733 et
1754 4687 1960 4733 secreta

384 4767 452 4821 ab
477 4766 728 4821 omnibus
771 4767 950 4837 poenis
998 4781 1059 4822 ac
1108 4767 1344 4823 tenebris
1393 4769 1700 4837 impiorum.
1748 4767 1804 4822 In
1856 4769 1961 4824 line

385 4866 562 4911 autem
590 4856 770 4912 saeculi
809 4866 1024 4926 recepto
1054 4871 1299 4926 corpore,
1324 4872 1428 4913 non
1456 4857 1670 4912 mortali
1714 4858 1807 4912 sed
1856 4858 1961 4912 im-

386 4945 625 5012 mortali,
657 4961 763 5000 non
790 4946 1009 5001 animali
1046 4947 1139 5002 sed
1180 4947 1407 5016 spiritali
1436 4946 1585 5018 (quia
1613 4947 1754 5016 quod
1795 4947 1961 5002 semi-

384 5045 548 5091 natur
573 5036 630 5090 in
656 5036 1004 5102 contumelia,
1051 5044 1296 5108 resurget
1342 5037 1396 5090 in
1438 5037 1630 5108 gloria)
1661 5035 1963 5106 aequabitur

387 5125 594 5196 angelis
634 5125 748 5191 Dei,
793 5127 926 5180 etin
975 5125 1090 5195 ipsa
1127 5125 1386 5180 memoria
1411 5135 1611 5180 κιαι-ιη
1639 5126 1743 5180 erit
1763 5123 1959 5193 justus.

390 5215 495 5271 Sed
514 5229 549 5270 ιι
582 5230 691 5285 quo
716 5216 897 5270 auditu
921 5216 1065 5269 male
1097 5230 1202 5269 non
1230 5214 1454 5280 timebit,
1477 5226 1531 5271 et
1557 5217 1657 5271 hoc
1680 5216 1876 5275 audite,
1906 5224 1959 5269 et

388 5309 470 5364 sic
524 5309 666 5379 agite
717 5317 778 5361 ut
815 5309 882 5362 ab
930 5308 1111 5362 auditu
1165 5307 1308 5362 malo
1349 5324 1455 5362 non
1506 5309 1757 5364 timeatis.
1823 5309 1963 5363 Dicit

388 5401 533 5457 enim
560 5401 818 5456 Dominus
848 5409 1030 5455 noster
1054 5399 1212 5454 Jesus
1235 5400 1481 5455 Christus
1500 5402 1625 5469 quia
1653 5417 1759 5455 non
1788 5409 1965 5469 potest

391 5493 500 5547 falli
528 5494 619 5563 qui
649 5493 916 5547 neminem
965 5491 1117 5545 fallit.
1158 5489 1291 5544 Cum
1344 5492 1557 5556 venerit,
1596 5491 1789 5560 inquit,
1817 5492 1963 5559 ﬁlius

390 5584 615 5639 hominis
664 5587 719 5639 in
766 5585 941 5657 gloria
997 5601 1110 5647 sua,
1167 5582 1613 5653 congregabantur
1664 5593 1782 5637 ante
1846 5601 1962 5638 eum

393 5687 567 5727 omnes
596 5685 787 5745 gentes,
819 5684 867 5729 et
920 5674 1179 5745 separabit
1209 5690 1294 5727 eos
1322 5672 1455 5726 sicut
1502 5682 1682 5741 pastor
1730 5686 1964 5745 segregat

2062 4584 2434 4654 persuaderet,
2454 4592 2516 4637 ut
2531 4582 2758 4639 Domino
2780 4599 2902 4639 cum
2923 4584 3191 4655 Propheta
3216 4594 3400 4656 posset
3420 4587 3605 4643 dicere
3632 4608 3644 4641 :

2061 4673 2176 4745 Ego
2189 4682 2361 4727 autem
2374 4689 2489 4727 cum
2497 4673 2709 4743 justitia
2723 4675 2978 4743 apparebo
2996 4677 3048 4729 in
3062 4685 3332 4747 conspectu
3347 4685 3436 4730 tuo
3449 4692 3468 4731 :
3484 4678 3653 4730 satia-

2061 4765 2153 4819 bor
2183 4764 2307 4817 dum
2342 4763 2761 4832 manifestabitur
2792 4763 2960 4833 gloria
2992 4775 3082 4819 tua
3119 4763 3290 4837 (l’sal.
3328 4767 3463 4837 xvi).
3493 4765 3650 4821 Beati

2061 4855 2439 4921 misericordes,
2454 4856 2700 4926 quoniam
2716 4856 2815 4926 ipsi
2828 4857 3236 4911 misericordiam
3249 4866 3648 4927 consequentur.

2062 4945 2126 4998 Et
2153 4945 2291 5001 unde
2325 4953 2533 5000 tantum
2574 4944 2815 5000 laborem
2838 4945 3015 5000 exsilii
3059 4945 3377 5015 praedicator
3401 4946 3503 5001 iste
3529 4946 3653 5002 cxi-

2063 5035 2202 5089 mius
2224 5035 2409 5102 subiit,
2427 5037 2530 5092 nisi
2554 5036 2680 5105 quia
2698 5034 3081 5092 misericordia:
3098 5037 3394 5092 visceribus
3422 5037 3651 5107 instiga—

2065 5139 2170 5195 tus,
2188 5131 2414 5185 aliorum
2437 5133 2633 5187 damna
2654 5140 2713 5185 ut
2735 5147 2830 5185 sua
2846 5130 3033 5196 doluit,
3049 5138 3105 5185 et
3125 5132 3244 5189 ideo
3266 5134 3331 5187 de
3352 5132 3650 5191 multorum

2067 5221 2404 5291 correctione
2424 5220 2849 5276 misericordiam
2870 5223 3252 5290 sempiternam
3276 5236 3459 5276 coram
3476 5221 3654 5280 oculis

2068 5312 2161 5366 Dei
2179 5313 2399 5366 invenit.
2419 5311 2569 5367 Beati
2589 5311 2782 5366 mundo
2803 5313 2974 5376 corde,
2999 5314 3243 5382 quoniam
3268 5313 3365 5382 ipsi
3388 5311 3553 5365 Deum
3571 5312 3655 5366 vi-

2065 5404 2255 5459 debunt
2298 5417 2315 5455 :
2361 5405 2594 5458 mundus
2619 5405 2780 5459 corde
2808 5404 2924 5468 fuit,
2954 5404 3046 5473 qui
3096 5413 3299 5458 tantum
3349 5405 3527 5459 lumen
3559 5419 3655 5458 sa-

2066 5493 2281 5564 pienti-.e
2310 5493 2363 5546 in
2391 5501 2568 5547 mente
2608 5492 2826 5558 habuit;
2857 5494 2997 5547 unde
3027 5492 3151 5547 alibi
3206 5494 3464 5562 scriptum
3493 5500 3578 5547 est
3634 5512 3655 5547 :

2070 5586 2259 5640 Anima
2273 5586 2409 5656 justi
2438 5585 2582 5639 sedes
2621 5594 2693 5638 est
2715 5585 3018 5654 sapientiw;
3068 5587 3157 5655 qui
3206 5594 3384 5639 autem
3430 5584 3656 5652 sapien—

2069 5677 2198 5730 tiam
2222 5690 2403 5730 veram
2434 5674 2690 5743 possidet,
2718 5673 2962 5730 frustrari
2983 5674 3077 5730 Dei
3102 5683 3389 5743 conspectu
3415 5672 3653 5728 nullate-
