4040 6188
340 407 408 463 ta
1237 405 1542 464 noenum
1584 404 1671 461 ne
1710 404 1948 462 rasus
1985 404 2392 475 PRIECIPUIS,
2433 408 2588 465 mc.
3539 394 3608 468 ἐς)

347 541 441 581 nus
459 530 662 595 potest.
691 522 846 578 Beati
871 524 1100 595 paciﬁci,
1120 526 1370 594 quoniam
1392 525 1491 594 ipsi
1524 524 1624 593 ﬁlii
1655 524 1749 578 Dei
1779 539 1929 577 raca-
1957 523 2004 580 Α
2032 524 2125 578 sed
2146 537 2350 578 corona
2374 524 2621 596 martyrii
2652 524 2711 579 fit
2736 535 3016 599 perpetua.
3042 526 3194 582 Beati
3226 526 3391 598 igitur
3411 540 3609 600 marty-

348 614 571 671 huttur:
598 629 795 685 pacem
841 615 943 669 iste
986 623 1194 685 martyr
1246 616 1497 684 primitus
1541 616 1596 669 in
1635 615 1926 683 semetipso
2032 628 2119 669 res
2147 615 2251 670 sibi
2277 614 2550 682 vixerunt,
2592 624 2648 671 et
2696 619 2891 672 mortui
2936 618 3242 688 exemplum
3290 618 3447 676 nobis
3485 619 3609 674 reli-

346 705 485 771 fecit,
510 720 639 760 cum
661 719 855 761 omnes
882 713 1060 768 motus
1081 706 1260 760 carnis
1285 716 1398 761 sua:
1437 706 1662 775 spiritus
1702 705 1927 774 imperio
2028 712 2282 773 querunt,
2327 705 2469 759 bene
2518 705 2746 762 vivendo
2770 747 2785 773 ,
2832 708 3279 774 conversationis,
3330 704 3607 764 tolerando

346 795 665 867 subjugavit,
695 804 754 851 et
788 794 872 849 sic
914 795 1135 850 verbum
1164 794 1620 850 reconciliationis
1644 794 1765 848 aliis
1792 808 1928 863 prze-
2029 795 2263 863 fortiter,
2293 798 2582 867 passionis.
2634 797 2769 854 Nam
2827 799 2950 855 ideo
3004 801 3265 856 Dominus
3309 814 3406 871 per
3440 806 3611 859 totum

348 887 539 942 dicavit
583 888 751 953 unde,
802 896 860 941 et
903 888 1107 956 peccati
1158 901 1325 956 regno
1374 886 1675 949 destructo,
1731 884 1928 939 multos
2029 889 2289 943 mundum
2312 888 2542 943 diversis
2563 890 2741 958 pretiis
2762 888 2873 959 pati
2902 886 3169 961 martyres
3193 891 3385 956 voluit,
3414 899 3473 947 ut
3493 899 3613 948 tal-

347 976 479 1032 filios
524 990 624 1047 per
681 977 1012 1046 baptismum
1058 985 1115 1031 et
1158 977 1597 1048 praedicationem
1650 974 1927 1044 Evangelii
2029 990 2192 1048 quam
2208 978 2389 1034 ideaei
2422 986 2590 1034 testes
2608 980 2898 1050 praesentia
2926 981 3156 1051 quadam
3204 982 3327 1037 ﬁdei
3365 976 3611 1052 exemplo

347 1068 451 1123 Deo
490 1066 804 1138 acquisivit.
866 1066 1016 1121 Beati
1061 1067 1151 1137 qui
1202 1067 1609 1136 persecutionem
1658 1066 1931 1136 patiuntur
2001 1082 2141 1131 eum
2158 1071 2516 1128 confessionis
2538 1080 2847 1143 arguerent,
2873 1073 3181 1127 uthumana
3197 1072 3614 1144 fragilita‘s,quac

344 1168 549 1229 propter
557 1156 851 1226 justitiam,
880 1156 1125 1227 quoniam
1162 1157 1395 1226 ipsorum
1440 1164 1515 1210 est
1541 1166 1757 1229 regnum
1782 1151 1931 1211 coelo-

349 1267 457 1304 ram
502 1263 522 1301 :
566 1248 1005 1320 persecutionem
1055 1247 1220 1317 igitur
1261 1253 1481 1317 propter
1519 1244 1786 1314 justitiam
1820 1259 1930 1299 non

346 1340 561 1395 solum!
584 1339 831 1410 paganis,
858 1339 968 1393 imo
996 1339 1160 1394 etiam
1187 1339 1255 1394 ab
1275 1337 1550 1394 haereticis
1571 1345 1627 1392 et
1666 1337 1931 1392 schisma-

345 1428 484 1490 ticis,
517 1444 621 1482 nec
649 1443 757 1483 non
791 1436 847 1483 et
892 1442 924 1482 a
961 1427 1109 1483 falsis
1137 1427 1460 1484 Christianis
1487 1442 1681 1497 passus
1706 1434 1810 1491 est,
1837 1426 1930 1495 qui

345 1534 460 1572 eum
485 1517 681 1573 validis
726 1518 1132 1574 insectabantur
1157 1519 1315 1583 odiis,
1366 1517 1853 1588 vituperationibus
1874 1524 1933 1572 et

344 1609 601 1664 conviciis
628 1608 926 1673 laniabant,
971 1617 1133 1678 atque
1160 1609 1369 1665 insidiis
1404 1608 1702 1680 dispositis,
1728 1608 1933 1664 interfi-

344 1712 464 1752 cere
486 1697 788 1767 saepissime
808 1697 1151 1769 cogitabant;
1187 1699 1282 1754 sed
1312 1699 1576 1755 Dominus
1622 1699 1771 1753 illum
1800 1713 1929 1769 pro-

348 1787 578 1859 tegebat,
610 1794 671 1842 ut
706 1788 981 1857 Evangelii
1029 1789 1379 1844 seminarium
1427 1789 1589 1845 latius
1639 1797 1927 1846 cresceret.

2030 1163 2400 1232 pmdicationi
2422 1164 2714 1218 Duminicae
2744 1163 2935 1218 auditn‘
2952 1163 3182 1235 longiori
3207 1163 3295 1217 vix
3315 1163 3508 1230 credit,
3532 1164 3614 1218 vel

2031 1253 2084 1308 in
2124 1254 2411 1323 praesentia
2456 1255 2766 1311 testimonio
2812 1256 3052 1326 martyrii
3107 1256 3368 1310 crederet.
3413 1253 3615 1310 Cuncti

2030 1344 2196 1414 igitur
2221 1350 2490 1415 martyres
2509 1344 2858 1400 devotissime
2874 1346 3086 1400 colendi
3115 1355 3263 1410 sunt,
3286 1347 3378 1402 sed
3407 1346 3616 1418 specia-

2031 1433 2155 1489 liter
2172 1434 2229 1489 hi
2242 1431 2540 1490 venerandi
2555 1444 2683 1491 sunt
2699 1451 2730 1491 a
2751 1437 2907 1493 nobis
2921 1450 3148 1507 quorum
3166 1437 3423 1507 reliquias
3445 1439 3617 1508 possi-

2031 1525 2239 1581 demus.
2270 1525 2348 1580 llli
2372 1526 2517 1581 enim
2538 1541 2639 1582 nos
2664 1527 3000 1582 orationibus
3025 1527 3302 1597 adjuvant,
3335 1527 3426 1582 isti
3442 1528 3614 1584 etiam

2032 1615 2289 1685 adjuvant
2312 1616 2603 1686 passione:
2627 1631 2751 1672 cum
2775 1616 2864 1672 his
2892 1621 3071 1671 autem
3098 1617 3257 1672 nobis
3276 1615 3618 1671 familiaritas

2030 1707 2278 1776 quaedam
2291 1713 2395 1771 est,
2413 1720 2627 1776 semper
2644 1706 2791 1760 enim
2816 1700 3098 1761 nobiscum
3110 1715 3256 1771 sunt,
3270 1706 3376 1761 hoc
3390 1712 3473 1760 est
3489 1708 3548 1760 et
3562 1705 3618 1759 in

2031 1812 2261 1868 corpore
2271 1798 2516 1854 viventes
2535 1796 2867 1862 custodiunt,
2889 1804 2945 1851 et
2964 1797 3031 1851 de
3050 1810 3278 1867 corpore
3300 1796 3616 1851 recedentes

349 1874 644 1933 Novissime
686 1893 841 1944 vero,
894 1893 1014 1933 cum
1066 1877 1351 1934 Frisonum
1392 1880 1539 1950 genti
1563 1880 1786 1935 verbum
1832 1878 1928 1935 Dei

2034 1889 2306 1958 excipiunt
2327 1906 2340 1941 :
2364 1888 2484 1952 hic,
2514 1903 2583 1943 ne
2623 1884 2968 1957 peccatorum
2990 1885 3140 1941 labes
3173 1892 3454 1941 assumant
3484 1893 3619 1947 nos.

345 1969 681 2037 praedicaret,
712 1984 834 2023 cum
862 1968 1038 2038 palma
1062 1969 1309 2039 martyrii
1329 1969 1395 2025 ad
1415 1969 1701 2026 Dominum
1730 1970 1930 2041 migra-

347 2058 433 2111 vit.
482 2058 629 2113 Ecce
678 2058 927 2125 audistis,
959 2057 1156 2115 fratres
1185 2061 1511 2128 citatissimi,
1564 2075 1662 2130 per
1691 2061 1931 2133 singulas

345 2150 547 2220 species
570 2150 924 2206 beatitudinis
944 2152 1176 2221 qualiter
1201 2153 1303 2208 iste
1336 2162 1559 2209 sanctus
1585 2155 1813 2209 antistes
1836 2154 1928 2209 Dei

344 2252 394 2296 ct
414 2254 624 2315 martyr
646 2245 987 2314 proficiebat,
1015 2255 1070 2301 et
1097 2247 1165 2301 ad
1194 2259 1358 2316 quam
1385 2246 1768 2317 perfectionem
1807 2258 1931 2318 p‘er—

347 2332 611 2387 veniebat.
640 2334 923 2389 lmitemur
949 2350 1068 2400 nos,
1099 2336 1189 2405 qui
1220 2335 1424 2393 alumni
1452 2335 1571 2406 ejus
1596 2351 1807 2402 sumus,
1826 2352 1931 2408 pro

348 2421 558 2475 modulo
598 2431 808 2488 nostro,
847 2423 1149 2494 profectum
1196 2422 1346 2493 ejus;
1388 2440 1680 2496 sequamur
1727 2426 1930 2482 monita

351 2506 505 2574 illius,
536 2508 595 2564 et
622 2509 724 2576 sic,
743 2508 859 2566 Deo
903 2511 1219 2582 opitulante,
1260 2516 1640 2584 perveniemus
1684 2515 1752 2569 ad
1795 2528 1933 2583 prte-

348 2596 510 2651 mium
539 2596 680 2668 ejus.
734 2597 1038 2654 Laudemus
1083 2599 1139 2654 in
1192 2600 1418 2658 Domino
1462 2603 1699 2658 animam
1740 2596 1929 2671 ipsius,

351 2687 470 2756 quia
498 2689 661 2744 modo
686 2705 811 2744 cum
845 2690 1048 2744 sanctis
1074 2690 1278 2760 angelis
1308 2692 1521 2748 laetatur
1542 2693 1598 2747 in
1642 2701 1931 2762 conspectu

353 2775 480 2846 ejus.
508 2777 855 2836 Honoremus
889 2782 1050 2836 etiam
1079 2795 1276 2851 corpus
1322 2781 1491 2849 illius,
1535 2783 1662 2853 quia
1704 2784 1933 2854 pretiosa

353 2877 431 2923 est
455 2871 510 2923 in
539 2882 821 2941 conspectu
853 2871 1065 2928 Domini
1092 2890 1233 2927 mors
1260 2882 1561 2928 sanctorum
1590 2872 1705 2944 ejus
1757 2871 1927 2944 (Psal.

353 2958 490 3029 ειν).
520 2958 1021 3018 Commemoremus
1044 2963 1353 3033 passionem
1381 2962 1518 3032 ejus,
1544 2971 1599 3017 et
1625 2962 1704 3018 sic
1730 2962 1783 3016 in
1812 2962 1932 3019 loco

356 3049 697 3119 reliquiarum
727 3051 872 3107 illius
901 3053 1232 3109 celebremus
1261 3053 1485 3126 gloriam
1509 3052 1763 3123 triumphi
1791 3052 1928 3122 ejus.

358 3139 464 3196 Non
491 3143 634 3197 enim
662 3159 818 3198 aram
861 3145 1238 3200 constituimus
1267 3152 1525 3215 tanquam
1571 3144 1682 3199 Deo
1717 3141 1934 3198 Bonifa-

2031 1979 2108 2036 ibi
2137 1993 2206 2035 ne
2233 1978 2431 2034 inferni
2460 1979 2657 2034 horror
2696 1978 2933 2033 invadat.
2978 1975 3115 2031 Nam
3164 1975 3287 2031 ideo
3329 1991 3363 2031 a
3398 1973 3619 2044 majori-

2029 2070 2132 2126 bus
2163 2071 2267 2125 hoc
2279 2068 2557 2138 provisum
2571 2073 2729 2123 estut
2739 2075 3051 2123 sanctorum
3071 2066 3284 2123 ossibus
3302 2070 3489 2119 nostra
3502 2078 3619 2120 cor-

2029 2176 2160 2233 pora
2177 2161 2467 2226 sociemus,
2482 2167 2543 2214 ut
2562 2159 2691 2214 dum
2705 2154 2825 2214 illos
2848 2166 3087 2214 tartarus
3110 2156 3323 2222 metuit,
3340 2166 3436 2210 nos
3452 2166 3616 2225 poena

2031 2265 2139 2307 non
2170 2258 2384 2322 tangat;
2424 2251 2552 2306 dum
2595 2250 2717 2305 illos
2754 2247 3005 2304 Christus
3047 2242 3340 2310 illuminat,
3383 2258 3414 2299 ι
3464 2244 3625 2300 nobis

2033 2342 2384 2396 tenebrarum
2411 2339 2591 2410 caligo
2617 2338 2878 2409 diffugiat.
2920 2336 3053 2392 Cum
3085 2335 3287 2391 sanctis
3312 2348 3444 2405 ergo
3480 2339 3625 2387 mar—

2032 2430 2242 2502 tyribus
2258 2430 2623 2498 quiescentes,
2649 2427 2939 2484 evademus
2966 2424 3161 2480 inferni
3186 2423 3462 2488 tenebras,
3490 2430 3547 2477 et
3568 2424 3620 2477 si

2030 2535 2139 2575 non
2167 2518 2402 2589 propriis
2428 2518 2640 2575 meritis
2657 2558 2673 2583 ,
2710 2512 2952 2572 attamen
2980 2516 3105 2571 fidei
3135 2510 3365 2569 veritate
3389 2522 3446 2567 et
3479 2524 3613 2569 σαι-

2032 2609 2187 2664 sortii
2237 2608 2547 2663 sanctitate.
2583 2606 2850 2678 Martyres
2885 2605 3033 2661 enim
3069 2602 3267 2659 inferni
3307 2609 3463 2673 porta
3507 2615 3620 2656 non

2032 2698 2300 2768 possidet,
2341 2697 2601 2768 quoniam
2638 2710 2735 2753 eos
2771 2695 3008 2767 paradisi
3035 2694 3261 2764 regnum
3294 2700 3458 2747 tenet.
3485 2689 3621 2746 Nam

2033 2790 2275 2845 videmus
2303 2803 2398 2844 eos
2440 2787 2531 2844 hic
2558 2788 2743 2859 utique
2766 2786 2879 2856 jam
2920 2800 3182 2857 regnare;
3232 2784 3623 2839 eernimuseos

2033 2876 2348 2948 frequenter
2393 2878 2462 2932 ab
2503 2876 2954 2932 immundissimis
2995 2874 3328 2929 daemonibus
3370 2874 3625 2928 Obsessos

2033 2967 2280 3023 homines
2302 2967 2570 3033 liberare;
2617 2967 2861 3022 videmus
2889 2976 2947 3021 et
2978 2969 3048 3019 ab
3069 2966 3149 3020 eis
3180 2968 3388 3021 naturae
3420 2966 3621 3019 nam

2028 3057 2404 3114 inﬁrmitatem
2435 3058 2686 3124 relevari,
2716 3058 2821 3114 hoc
2838 3065 2927 3113 est
2949 3066 3121 3113 cauos
3147 3055 3458 3122 illuminari,
3486 3070 3614 3111 sur-

2032 3147 2118 3204 dis
2143 3148 2384 3203 auditum
2409 3148 2656 3219 praeberi,
2698 3147 2904 3204 claudis
2928 3161 3178 3218 gressum
3220 3147 3425 3215 tribui,
3452 3145 3621 3202 mutis

357 3235 459 3298 cio,
501 3233 593 3288 sed
630 3248 765 3326 vero
795 3233 906 3326 Deo
952 3250 1102 3289 aram
1149 3234 1375 3291 fecimus
1415 3233 1773 3326 Bonifacinm,
1804 3233 1929 3305 quia
1958 3261 2007 3326 ρ
2037 3237 2326 3307 loquelam,
2354 3245 2410 3292 et
2434 3237 2700 3294 debilibus
2728 3236 3017 3295 sanitatem
3045 3235 3303 3293 conferri.
3328 3235 3458 3291 Haec
3484 3251 3619 3306 quo-

358 3328 504 3381 sedes
523 3326 711 3395 utique
737 3324 833 3380 Dei
859 3335 942 3381 est
976 3328 1156 3382 anima
1201 3327 1372 3397 ipsius
1413 3344 1426 3379 ε

361 3415 497 3470 dium
523 3434 621 3488 per
645 3416 949 3472 orationem
985 3417 1127 3473 illius
1150 3434 1251 3474 nos
1275 3417 1559 3490 pervenire
1604 3431 1765 3487 posse
1805 3430 1936 3472 con-

360 3505 526 3572 cedat,
551 3504 643 3576 qui
676 3503 830 3560 illnm
867 3508 1243 3579 triumpharat,
1292 3494 1451 3564 Jesus
1479 3505 1728 3563 Christus
1754 3505 1935 3561 Domi-

362 3610 458 3648 nus
481 3607 679 3662 noster,
706 3597 799 3665 qui
826 3596 953 3651 vivit
976 3605 1034 3652 et
1066 3605 1257 3668 regnat
1275 3610 1400 3651 cum
1422 3595 1532 3650 Deo
1552 3593 1714 3648 Patre
1732 3602 1790 3650 et
1815 3592 1936 3664 Spi-

363 3684 463 3740 ritu
512 3696 705 3744 sancto
736 3688 901 3755 Deus,
953 3703 1050 3759 per
1099 3687 1282 3744 omnia
1339 3685 1535 3742 smeula
1591 3684 1931 3742 saeculorum.

361 3774 547 3835 Amen.

898 3856 1179 3924 nonius
1210 3854 1381 3923 XXV.

628 3971 685 4014 ΠΨ
709 3974 908 4015 ιιΑτΑιι
930 3974 1117 4015 SANCTI
1143 3973 1332 4014 ALBANI
1359 3971 1626 4013 IARTYBIS

426 4047 620 4104 Sancta
668 4048 984 4104 solemnitas
1036 4047 1332 4104 beatissimi
1393 4045 1584 4100 Albani
1640 4042 1930 4119 martyris,

358 4151 475 4206 quae
510 4152 624 4202 nos,
655 4135 854 4192 fratres
879 4136 1211 4202 charissimi,
1243 4137 1295 4190 in
1332 4148 1549 4189 nomine
1577 4132 1787 4188 Domini
1811 4146 1935 4186 con-

359 4228 613 4297 gregavit,
652 4218 720 4282 de
757 4227 969 4282 meritis
997 4236 1052 4281 et
1078 4226 1249 4296 gloria
1294 4226 1427 4281 tanti
1478 4223 1732 4297 martyris
1770 4221 1938 4293 exigit

358 4314 559 4387 aliquid
586 4317 716 4383 dici,
764 4317 861 4373 sed
910 4332 1016 4372 non
1069 4325 1249 4388 potest
1299 4316 1501 4386 aliquid
1549 4316 1709 4386 digne
1754 4313 1859 4368 dici
1919 4326 1933 4366 :

358 4415 731 4462 verumtamen
766 4416 821 4461 et
855 4422 954 4462 nos
984 4406 1271 4462 devotione
1296 4408 1468 4478 magis
1493 4421 1657 4476 quam
1684 4404 1938 4460 facultate

354 4497 633 4553 laudemus
657 4513 803 4564 eum,
836 4498 946 4553 imo
975 4498 1258 4553 Dominum
1285 4498 1566 4553 laudemus
1598 4498 1652 4551 in
1695 4512 1784 4560 eo,
1832 4494 1937 4550 Do-

1479 3326 1546 3382 ad
1594 3323 1749 3394 cujus
1799 3339 1933 3396 gau-
1979 3323 2006 3326 "
2037 3343 2145 3399 que
2161 3335 2216 3383 et
2246 3326 2351 3382 alia
2378 3326 2637 3382 miracula
2656 3342 2757 3397 per
2774 3334 2995 3383 sanctos
3019 3326 3138 3382 ﬁeri
3154 3326 3413 3382 ‘omnibus
3436 3333 3620 3381 neten

2036 3427 2120 3476 est
2139 3457 2157 3487 ,
2185 3425 2241 3474 et
2270 3419 2421 3484 ideo,
2454 3417 2686 3485 fratres,
2723 3432 3046 3475 veneremur
3070 3434 3167 3476 eos
3194 3419 3248 3474 in
3281 3419 3384 3474 hoc
3404 3418 3621 3481 seculo.

2035 3524 2173 3580 quos
2199 3507 2511 3565 defensores
2539 3508 2742 3565 habere
2768 3508 3017 3579 cupimus
3044 3507 3103 3563 iu
3131 3507 3315 3563 futuro
3348 3525 3363 3560 :
3397 3514 3455 3562 et
3478 3505 3623 3560 sicut

2033 3612 2161 3653 cum
2193 3597 2275 3652 eis
2302 3597 2519 3653 ossibus
2549 3603 2834 3666 parentum
2864 3604 3176 3653 nostrorum
3213 3594 3514 3665 jungimur,
3542 3593 3620 3648 ita

2035 3696 2092 3744 et
2111 3688 2190 3743 eis
2210 3686 2336 3742 fidei
2361 3686 2667 3742 imitatione
2684 3683 2995 3754 jungamur.
3040 3683 3339 3754 Diligamus
3362 3682 3509 3753 quod
3535 3681 3618 3737 illi

2035 3776 2360 3841 dilexerunt,
2389 3783 2445 3830 et
2481 3774 2729 3837 odiamus
2751 3774 2896 3843 quod
2922 3773 2994 3829 illi
3021 3773 3279 3839 odorum;
3313 3782 3624 3843 quaeramus

2034 3865 2179 3936 quod
2210 3864 2311 3935 ipsi
2339 3864 2707 3933 quaesierunt,
2738 3872 2795 3919 et
2817 3862 3148 3934 refugiamus
3175 3863 3317 3933 quod
3346 3863 3447 3932 ipsi
3476 3863 3624 3919 reﬁt-

2036 3957 2271 4027 gierunt.
2317 3954 2633 4011 Dilexerunt
2656 3955 2874 4024 quidem
2902 3955 2977 4009 illi
3009 3955 3174 4009 Deum
3200 3970 3267 4010 ex
3295 3963 3411 4010 toto
3436 3954 3618 4015 earth,

2039 4052 2150 4099 tota
2177 4043 2355 4098 anima
2374 4083 2391 4108 ,
2432 4051 2542 4098 tota
2568 4042 2769 4100 virtute
2789 4083 2804 4109 ,
2832 4052 2889 4098 et
2906 4045 3183 4113 proximos
3209 4058 3340 4099 suos
3368 4052 3622 4112 tanquam

2037 4133 2277 4202 seipsos;
2318 4132 2392 4187 ita
2420 4142 2478 4188 et
2501 4147 2600 4188 nos
2624 4132 2760 4188 nihil
2793 4148 2980 4188 amore
3015 4132 3107 4188 Dei
3134 4148 3532 4203 praeponamus,
3565 4143 3623 4189 et

2036 4221 2311 4303 proximos
2335 4231 2551 4279 nostros
2574 4223 2631 4278 in
2654 4238 2972 4293 quocunque
2994 4224 3264 4293 possimus
3283 4222 3619 4291 adjuvemus.

2038 4312 2117 4366 llli
2135 4310 2365 4368 oderunt
2389 4313 2517 4368 vitia
2541 4353 2556 4380 ,
2581 4320 2637 4368 et
2664 4317 2969 4368 vitaverunt
2995 4320 3246 4382 peccata,
3280 4328 3381 4369 nos
3404 4325 3619 4384 quoque

2039 4403 2289 4459 similiter
2318 4404 2644 4459 detestemur
2670 4405 2836 4467 vitia,
2874 4413 2930 4457 et
2956 4402 3187 4457 vitemus
3213 4412 3457 4472 peccata.
3487 4403 3617 4473 ipsi,

2040 4491 2367 4563 refugientes
2406 4492 2592 4546 luxum
2623 4492 2784 4563 hujus
2810 4491 2968 4558 vitae,
2992 4506 3091 4562 per
3121 4491 3283 4546 fidem
3328 4502 3532 4549 rectam
3567 4503 3621 4551 ει

353 4588 560 4641 minum
586 4587 639 4641 in
670 4587 783 4653 illo,
810 4597 867 4642 et
892 4587 1040 4642 illum
1071 4588 1125 4642 in
1169 4588 1415 4643 Domino.
1446 4585 1584 4655 Quid
1609 4586 1750 4640 enim
1793 4592 1937 4640 esset
1964 4600 2016 4661 ι)
2040 4584 2182 4639 bona
2206 4598 2371 4654 opera
2410 4585 2741 4655 quaesierunt
2767 4583 2929 4638 vitam
2957 4591 3249 4651 aeternam;
3283 4600 3383 4642 nos
3407 4600 3622 4657 quoque

350 4676 475 4731 sine
517 4676 765 4744 Domino,
794 4692 898 4732 vox
936 4688 1234 4749 martyrum
1263 4674 1329 4733 de
1355 4676 1561 4748 psalmo
1589 4691 1710 4731 cum
1736 4672 1939 4745 legere-

350 4775 447 4821 tur
469 4766 649 4821 audita
681 4775 806 4821 est:
837 4766 1108 4822 Auxilium
1141 4777 1376 4823 nostrum
1402 4767 1456 4821 in
1480 4766 1685 4821 nomine
1731 4762 1939 4818 Domini

345 4854 531 4925 (Paul.
560 4857 774 4926 cum).
811 4854 869 4912 Si
902 4858 1158 4912 auxilium
1188 4858 1432 4912 omnium
1458 4866 1705 4911 nostrum
1734 4854 1788 4909 in
1839 4870 1937 4910 no—

342 4948 501 5003 mine
534 4947 767 5011 Domini,
796 4958 1001 5018 quanto
1036 4950 1204 5021 magis
1236 4959 1535 5020 martyrum
1582 4966 1594 5001 :
1645 4947 1737 5002 ubi
1767 4945 1939 5015 major

338 5046 555 5109 pugna,
588 5037 661 5091 ibi
708 5038 884 5108 majus
926 5039 1183 5094 auxilium
1227 5037 1591 5094 necessarium
1625 5044 1727 5092 est.
1754 5034 1937 5092 Facile

337 5140 457 5195 est,
486 5128 706 5195 fratres,
749 5138 1046 5203 martyrum
1074 5130 1332 5186 solemnia
1358 5129 1652 5192 celebrare,
1680 5129 1775 5184 sed
1801 5124 1937 5182 difii-

336 5220 453 5276 cilc
503 5230 589 5276 est
635 5226 939 5293 martyrum
972 5222 1250 5291 passiones
1297 5220 1516 5275 imitari.
1556 5220 1855 5291 Angustam
1884 5226 1940 5272 et

331 5324 561 5370 arctam
592 5312 1028 5369 Christianorum
1072 5316 1217 5370 viam
1255 5315 1373 5371 dua:
1402 5330 1490 5369 res
1538 5302 1761 5379 faciunt,
1810 5329 1939 5368 con-

332 5411 589 5475 temptas
615 5403 911 5475 voluptatis
936 5413 990 5459 et
1037 5404 1320 5461 tolerantia
1366 5404 1655 5475 passionis.
1685 5403 1940 5473 Quisquis

326 5494 515 5567 igitur
539 5494 725 5549 taliter
790 5495 1049 5565 confligit,
1107 5496 1243 5551 sciat
1300 5511 1359 5551 se
1407 5511 1528 5550 cum
1573 5502 1685 5549 toto
1738 5493 1939 5548 mundo

324 5580 662 5652 conﬂigere.
691 5580 830 5637 Nam
860 5583 906 5639 si
942 5585 1055 5639 haec
1085 5583 1192 5641 duo
1227 5584 1431 5649 vincat,
1470 5576 1522 5638 id
1548 5592 1651 5649 est,
1678 5582 1939 5653 quidquid

324 5674 630 5733 blanditur
655 5682 712 5729 et
740 5674 1003 5747 quidquid
1030 5677 1285 5743 minatur,
1314 5676 1388 5731 ita
1422 5675 1591 5731 vincit
1635 5675 1893 5731 mundum
1920 5694 1933 5729 :

322 5767 603 5839 voluptas
628 5766 777 5821 enim
810 5767 996 5821 mundi
1045 5766 1175 5824 falsa
1221 5775 1305 5823 est
1334 5770 1388 5821 et
1417 5780 1552 5837 pene
1599 5765 1934 5832 transitoria,

2041 4672 2202 4731 simili
2248 4671 2406 4729 modo
2451 4672 2821 4728 renuntiantes
2874 4672 3240 4743 voluptatibus
3289 4674 3513 4741 carnis.
3565 4674 3621 4729 in

2040 4759 2165 4826 fide,
2195 4776 2313 4831 qua:
2340 4775 2440 4830 per
2458 4761 2797 4816 dilectionem
2820 4770 3096 4833 operatur,
3118 4778 3425 4833 quaeramus
3451 4764 3621 4827 vitam

2040 4852 2255 4907 beatam
2278 4860 2335 4906 et
2362 4851 2557 4922 gaudia
2585 4850 2703 4906 sine
2731 4850 2838 4907 fine
2870 4867 3141 4907 mansura.
3168 4851 3225 4907 ln
3264 4851 3412 4908 nullo
3434 4852 3620 4908 videli-

2039 4955 2129 5004 cet
2154 4949 2221 5004 ab
2251 4947 2383 5018 ipsis
2417 4947 2658 5017 separari
2681 4947 3000 5018 poterimus,
3029 4947 3075 5002 si
3100 4948 3370 5005 sociemus
3394 4962 3497 5005 nos
3514 4947 3621 5004 illis

2044 5044 2154 5094 tam
2181 5038 2439 5109 religione
2465 5054 2626 5109 quam
2664 5052 2893 5107 corpore
2924 5056 2939 5092 :
2985 5037 3126 5108 quod
3155 5053 3252 5111 per
3274 5038 3620 5097 intercessio-

2042 5145 2165 5184 nem
2192 5138 2248 5184 et
2276 5130 2467 5185 merita
2495 5127 2636 5199 illius
2661 5128 2832 5182 sancti
2873 5127 3125 5199 martyris
3152 5128 3218 5182 ad
3251 5128 3406 5197 cujus
3433 5142 3618 5184 sacras

2043 5221 2300 5292 reliquias
2331 5218 2591 5285 astamus,
2620 5218 2735 5291 ipse
2760 5219 2913 5274 nobis
2941 5228 3198 5288 przcstare
3225 5219 3494 5289 dignetur,
3523 5220 3615 5289 qui

2042 5326 2165 5366 cum
2212 5309 2372 5365 Patre
2401 5319 2457 5365 et
2485 5308 2690 5379 Spiritu
2732 5316 2923 5365 sancto
2961 5308 3096 5363 vivit
3136 5316 3192 5362 et
3229 5317 3419 5382 regnat
3450 5308 3615 5372 Deus,
3693 5316 3695 5318 '

2041 5417 2138 5474 per
2166 5400 2343 5456 omnia
2377 5400 2572 5458 smcula
2602 5400 2942 5456 szeculorum.
2969 5401 3162 5455 Amen.

2573 5510 2855 5567 HOMILIA
2902 5509 3090 5566 XXVI.

2300 5598 2352 5636 ΙΝ
2391 5597 2584 5637 NATALI
2620 5594 3052 5656 SANC'I'IJOANNIS
3086 5589 3383 5632 BAPTISTE.

2113 5658 2232 5726 1am
2260 5666 2486 5728 Domino
2510 5670 2835 5747 propitiante
2857 5710 2874 5735 ,
2903 5668 3098 5723 fratres
3123 5665 3430 5721 charissimi
3450 5706 3468 5733 ,
3509 5681 3611 5721 non

2042 5778 2233 5832 parum
2261 5763 2563 5818 desiderata
2590 5761 2804 5817 advenit
2832 5759 3093 5814 festivitas
3120 5799 3133 5822 ,
3164 5766 3217 5810 ct
3241 5757 3364 5812 ideo
3392 5758 3601 5824 quiem}
