4040 6188
398 353 465 410 53
570 331 577 337 '
1305 327 1611 396 nomle
1651 337 1737 393 DE
1775 336 1970 391 rssn

2074 333 2455 402 ’IUECIPUIS,
2495 334 2646 390 ETC.
3568 334 3637 389 55

397 469 704 522 sanctorum
737 469 954 512 suorum
984 452 1224 509 eminere
1253 452 1380 506 fecit
1403 493 1418 517 ,
1457 465 1593 520 quos
1624 459 1732 505 ‘suo
1763 449 1966 517 judicio
1997 452 2039 509 Α
2071 462 2166 501 nos
2194 447 2484 511 habemus,
2516 447 2699 518 quales
2729 447 2890 501 duces
2915 445 3190 518 religionis
3211 453 3426 511 nostrae,
3451 447 3636 516 quales

400 552 449 605 in
477 557 679 604 tantam
711 544 934 616 gloriam
960 541 1231 598 exaltavit.
1265 540 1397 594 Nam
1430 541 1617 604 Petro,
1650 540 1791 593 sicut
1825 537 1966 590 bono

399 638 773 712 dispensatori,
823 635 1029 691 clavem
1072 634 1220 703 regni
1269 632 1506 688 ctelestis
1547 629 1730 694 dedit;
1779 629 1964 692 Paulo,

401 740 652 800 tanquam
703 727 899 783 idoneo
935 724 1140 779 doctori
1183 722 1546 791 magisterium
1591 720 1968 775 ecclesiasticae

399 819 748 878 institutionis
777 815 1010 886 iniunxit
1045 832 1058 869 :
1106 814 1311 870 scilicet
1336 821 1396 867 nt
1423 828 1560 883 quos
1585 812 1684 867 iste
1712 811 1970 866 erudierit

397 913 460 966 ad
493 910 746 976 salutem,
787 906 878 962 ille
917 903 1174 976 suscipiat
1215 904 1283 957 ad
1322 903 1593 973 quietem;
1635 908 1694 954 ut
1740 915 1966 970 quorum

396 1001 552 1058 corda
579 999 783 1055 Paulus
809 995 1137 1068 patefaceret
1161 994 1402 1050 doctrina
1435 991 1723 1047 verborum
1740 1029 1755 1053 ,
1780 1004 1968 1043 eorum

397 1089 675 1145 animabus
694 1087 891 1144 Petrus
920 1085 1124 1155 aperiat
1146 1098 1306 1154 regna
1335 1081 1612 1137 caelorum.
1640 1078 1822 1147 itaque
1845 1078 1968 1132 bea-

398 1191 480 1234 tus
508 1179 703 1235 Petrus
725 1187 780 1233 et
797 1175 994 1231 Paulus
1016 1174 1255 1230 eminent
1280 1172 1421 1228 inter
1443 1170 1728 1227 universos
1753 1174 1969 1238 aposto—

397 1269 500 1331 los,
539 1278 599 1323 et
645 1267 901 1338 peculiari
956 1265 1190 1337 quadam
1239 1262 1592 1333 praerogativa
1635 1258 1963 1330 prmcellunt.

398 1359 500 1413 Ver
513 1374 590 1412 rm
611 1359 755 1414 inter
779 1358 925 1428 ipsos
949 1356 1071 1426 quis
1093 1355 1178 1409 cui
1204 1361 1544 1425 praeponatur
1571 1352 1837 1406 incertum
1862 1357 1964 1402 est.

396 1450 527 1504 Puta
561 1449 710 1503 enim
757 1447 878 1502 illos
921 1445 1154 1516 mquales
1180 1459 1300 1500 esse
1329 1442 1556 1507 meritis,
1603 1441 1697 1511 qui
1737 1439 1969 1509 aequales

395 1550 517 1598 sunt
545 1542 827 1612 passione;
858 1547 916 1594 et
954 1538 1117 1594 simili
1147 1553 1244 1593 eos
1273 1535 1394 1590 ﬁdei
1428 1534 1709 1590 devotione
1745 1532 1966 1598 vixisse,

399 1648 530 1702 quos
561 1631 724 1686 simul
746 1631 990 1685 videmus
1015 1628 1082 1684 ad
1110 1627 1356 1699 martyrii
1381 1625 1604 1696 gloriam
1632 1623 1962 1694 pervenisse.

398 1723 508 1778 Non
535 1723 682 1778 enim
713 1723 832 1777 sine
855 1735 1017 1778 causa
1042 1719 1240 1774 factum
1262 1726 1511 1788 putemus
1539 1716 1683 1786 quod
1722 1729 1828 1769 una
1855 1715 1962 1778 die,

2069 536 2338 604 adjutores
2367 538 2546 608 gaudii
2573 537 2766 592 nostri.
2796 537 2860 590 Et
2898 537 3017 590 ideo
3052 536 3477 606 quotiescunque
3505 549 3633 590 san—

2067 634 2276 679 ctorum
2310 625 2670 694 apostolon
2707 624 2820 679 sive
2867 631 3162 694 martyrum
3189 621 3390 678 Christi
3433 635 3638 676 memo-

2070 714 2203 766 riam
2231 712 2584 776 celebramus,
2612 713 2991 782 praatermissis
3009 713 3256 767 omnibus
3285 711 3464 766 sreculi
3495 712 3632 766 aeti-

2067 803 2190 867 bus,
2215 803 2333 856 sine
2365 802 2545 872 aliqua
2579 802 2834 858 dilatione
2881 817 3284 858 eoneurramus.
3332 802 3638 856 Reddamus

2067 892 2172 947 illis
2201 891 2685 956 honoriﬁcentiam,
2709 893 2798 960 qui
2831 893 2983 946 nobis
3009 891 3230 946 salutem
3257 905 3356 961 pro
3376 891 3638 947 elfusione

2067 982 2151 1038 sui
2174 982 2449 1052 sanguinis
2477 991 2820 1051 pepererunt,
2853 982 2944 1051 qui
2975 990 3228 1050 tanquam
3257 989 3526 1035 sacratam
3547 980 3625 1036 ho

2067 1072 2226 1134 stiam
2247 1087 2346 1142 pro
2365 1080 2550 1126 nostra
2571 1072 2948 1140 propitiatione
2969 1086 3025 1126 se
3050 1070 3280 1125 Domino
3303 1071 3636 1136 obtulerunt,

2066 1164 2363 1234 prmsertim
2411 1179 2536 1220 cum
2563 1164 2709 1219 dicat
2756 1165 2822 1218 ad
2869 1170 3085 1220 sanctos
3135 1177 3262 1218 suos
3302 1163 3639 1232 omnipotens

2067 1255 2239 1310 Deus:
2267 1253 2369 1320 Qui
2391 1270 2475 1309 nos
2495 1255 2737 1320 honorat,
2765 1272 2844 1311 me
2861 1256 3117 1319 honorat;
3145 1264 3193 1310 et
3213 1256 3302 1326 qui
3323 1271 3412 1309 vos
3423 1255 3636 1324 spernit,

2066 1363 2147 1400 me
2165 1347 2360 1415 spernit
2386 1346 2536 1419 (Luc.
2567 1347 2645 1415 χ).
2669 1346 3005 1402 Honoremus
3033 1356 3250 1403 sanctos
3264 1348 3530 1416 apostolos
3560 1355 3642 1401 at-

2067 1450 2172 1504 que
2193 1443 2458 1506 martyres
2471 1435 2671 1492 Christi
2693 1436 2839 1492 cultu
2859 1437 3059 1492 celebri
3082 1455 3094 1490 :
3126 1437 3452 1493 honor-emus
3473 1437 3642 1491 laudi--

2066 1528 2187 1591 bus,
2203 1528 2529 1583 honoremus
2548 1528 2850 1592 devotione,
2870 1527 3197 1583 bonoremus
3221 1535 3280 1581 et
3303 1527 3603 1581 imitatione
3624 1544 3638 1591 ;

2065 1624 2120 1674 et
2157 1618 2236 1671 sie
2269 1631 2368 1687 per
2403 1632 2590 1673 eorum
2626 1617 2922 1673 orationem
2958 1619 3331 1686 perveniemus
3368 1618 3437 1672 ad
3463 1616 3642 1686 gaudii

2067 1711 2304 1779 ipsorum
2345 1718 2657 1779 perpetuam
2687 1710 3032 1773 societatem;
3065 1717 3351 1779 pnestante
3385 1711 3490 1764 hoc
3541 1723 3634 1761 au-

399 1829 499 1866 uno
534 1813 587 1866 in
627 1811 770 1876 loco,
815 1811 974 1866 unius
1025 1809 1237 1881 tyranni
1265 1783 1575 1862 toleravere
1624 1804 1962 1860 sententiam.
1997 1783 2042 1842 Β
2069 1807 2216 1855 ctore
2245 1809 2298 1854 et
2321 1799 2576 1870 largitore
2597 1799 2836 1853 omnium
2861 1799 3124 1854 bonorum
3155 1799 3382 1853 Domino
3405 1837 3420 1862 ,
3449 1797 3642 1852 videli-

402 1902 513 1959 Uno
540 1902 626 1956 die
653 1901 796 1970 passi
839 1909 984 1966 sunt,
1007 1906 1068 1953 ut
1095 1899 1163 1954 ad
1191 1897 1465 1952 Christum
1495 1894 1701 1964 pariter
1722 1891 1968 1963 perveni-

400 2000 546 2055 rent;
575 2006 683 2044 uno
713 1990 765 2043 in
793 1989 942 2053 loco,
971 2003 1037 2042 ne
1067 1986 1219 2040 alteri
1250 1985 1419 2038 Roma
1449 1984 1696 2046 deesset;
1732 1980 1834 2035 sub
1862 1995 1969 2034 uno

399 2090 769 2152 persecutore,
812 2088 870 2132 ut
916 2077 1138 2148 aequalis
1170 2074 1462 2130 crudelitas
1509 2081 1794 2140 utrumque
1843 2083 1970 2124 eon-

400 2172 683 2241 stringeret
713 2188 726 2222 :
763 2169 878 2222 dies
921 2183 1051 2238 ergo
1086 2181 1185 2235 pro
1210 2163 1404 2218 merito
1428 2201 1444 2226 ,
1475 2161 1625 2217 locus
1647 2175 1745 2230 pro
1771 2158 1967 2230 gloria,

399 2268 704 2329 persecutor
757 2257 1007 2312 decretus
1065 2262 1150 2310 est
1199 2269 1298 2323 pro
1333 2252 1552 2305 virtute.
1622 2248 1690 2302 Et
1749 2249 1803 2303 in
1863 2261 1971 2317 quo

402 2351 609 2404 laudent
663 2349 782 2404 loco
827 2347 1141 2418 martyrium
1181 2344 1550 2416 pertulerunt?
1599 2342 1658 2397 In
1704 2341 1838 2396 urbe
1865 2341 1972 2395 Ro—

401 2458 582 2505 mana,
633 2457 753 2510 qua:
802 2439 1160 2509 principatum
1215 2446 1268 2492 et
1317 2445 1481 2507 caput
1525 2437 1731 2491 obtinet
1789 2435 1968 2489 natio-

405 2545 520 2582 num
571 2548 585 2582 τ
633 2529 842 2584 scilicet
894 2537 952 2581 ut
1005 2527 1093 2580 ubi
1144 2535 1305 2596 caput
1359 2525 1759 2594 superstitionis
1813 2533 1967 2588 erat,

402 2621 504 2677 lllie
529 2628 691 2691 caput
728 2621 1036 2689 quiesceret
1070 2617 1414 2679 sanctitatis;
1469 2625 1523 2671 et
1562 2617 1652 2670 ubi
1693 2614 1969 2685 gentilium

401 2713 664 2784 principes
725 2711 1067 2773 habitarent,
1131 2709 1244 2762 illic
1292 2707 1649 2762 Ecclesiarum
1699 2705 1971 2774 principes

401 2812 756 2858 morarentur.
794 2800 958 2871 Cujus
994 2809 1173 2855 autem
1206 2800 1378 2853 meriti
1410 2799 1519 2854 sint
1547 2796 1840 2852 beatissimi
1868 2795 1971 2850 Pe-

403 2899 512 2943 trus
559 2899 613 2944 et
659 2889 899 2954 Paulus,
960 2890 1087 2945 hinc
1136 2903 1420 2959 possumus
1479 2887 1776 2956 intelligere
1828 2887 1970 2956 quod

407 2980 653 3034 Dominus
706 2979 943 3035 Orientis
1005 2981 1275 3052 regionem
1344 2981 1557 3050 propria
1623 2976 1969 3032 illustravcrit

403 3074 683 3140 passione;
744 3073 1067 3138 Occidentis,
1109 3089 1176 3128 ne
1222 3074 1348 3142 quid
1397 3072 1573 3126 minus
1626 3081 1800 3132 esset,
1856 3071 1970 3124 vice

2071 1903 2155 1949 cet
2187 1892 2315 1964 Jesu
2343 1891 2576 1958 Christo,
2603 1892 2694 1961 qui
2721 1907 2843 1946 eum
2867 1893 3030 1947 Patre
3055 1892 3188 1946 vivit
3207 1901 3260 1947 et
3291 1901 3481 1963 regnat
3502 1892 3643 1947 Dens

2071 1985 2124 2038 in
2152 1985 2357 2039 unitate
2382 1981 2615 2052 Spiritus
2639 1985 2845 2046 sancti,
2872 1998 2970 2053 per
2993 1984 3172 2038 omnia
3198 1982 3391 2038 saecula
3419 1981 3642 2039 caecide-

2071 2088 2212 2127 rum.
2244 2072 2433 2128 Amen.

2574 2165 2858 2222 HOMlLlA
2898 2165 3132 2222 XXVIII.

2468 2274 2525 2314 IN
2564 2274 2759 2314 NA'I'ALI
2799 2273 3016 2313 SANCTE
3058 2273 3259 2313 “Alli.

2141 2349 2308 2406 Adest
2335 2350 2526 2415 nobis,
2565 2348 2934 2412 dilectissimi,
2973 2355 3189 2417 optatus
3231 2346 3347 2402 dies
3374 2346 3546 2400 beata:
3583 2360 3644 2398 ac

2070 2439 2390 2496 venerabilis
2418 2454 2630 2510 semper
2650 2437 2871 2509 virginis
2892 2436 3074 2492 Mariae
3099 2456 3112 2491 :
3142 2434 3262 2491 ideo
3285 2450 3409 2491 cum
3437 2451 3642 2490 summa

2068 2530 2425 2586 exsultatione
2461 2531 2692 2603 gaudeat
2720 2537 2862 2584 terra
2897 2537 3083 2583 nostra
3123 2535 3287 2583 tantm
3315 2526 3540 2597 virginis
3580 2526 3644 2579 il-

2070 2621 2293 2677 lustrata
2323 2622 2625 2688 nativitate,
2653 2631 2706 2677 et
2734 2635 2829 2691 per
2855 2619 3010 2688 cujus
3031 2628 3245 2688 partum
3275 2624 3514 2672 mutatur
3546 2632 3645 2671 na-

2070 2721 2190 2767 tura
2215 2713 2531 2783 plastorum,
2559 2726 2664 2782 qua
2686 2711 2893 2766 deletur
2925 2719 2980 2765 et
3008 2709 3161 2779 culpa
3191 2727 3204 2762 :
3233 2707 3456 2778 praecisa
3489 2705 3646 2777 [pm-

2069 2801 2264 2874 cisum]
2304 2809 2386 2858 est
2422 2816 2654 2871 namque
2689 2801 2742 2854 in
2787 2815 2852 2855 ea
2897 2799 3026 2854 illud
3081 2798 3275 2853 divinae
3314 2795 3647 2851 infelicitatis

2067 2893 2296 2963 elogium
2335 2894 2476 2961 quod
2521 2891 2653 2947 dicit
2694 2909 2708 2946 :
2746 2890 2813 2944 In
2859 2890 3073 2944 tristitia
3111 2889 3282 2959 paries
3312 2885 3478 2956 ﬁlios,
3523 2885 3647 2954 quia

2069 2991 2171 3047 ista
2210 2989 2264 3044 in
2311 2989 2494 3043 laetitia
2524 2987 2807 3043 Dominum
2835 2984 3140 3056 parturivit.
3175 2982 3284 3036 Eva
3319 2980 3461 3036 enim
3495 2978 3646 3038 luxit,

2076 3083 2176 3138 ista
2210 3080 2530 3144 exsultavit;
2575 3079 2683 3133 Eva
2733 3075 3032 3147 laerymas,
3075 3073 3243 3127 Maria
3284 3070 3536 3142 gaudium
3593 3069 3646 3122 in

403 3163 500 3222 sui,
539 3163 904 3232 aprrstnlorum
937 3164 1194 3232 sanguine
1230 3163 1533 3217 illuminare
1567 3163 1815 3232 dignatus
1852 3168 1967 3225 est;
2000 3143 2043 3203 (ἶ
2070 3181 2262 3226 venire
2281 3169 2543 3241 portavit;
2582 3168 2706 3238 quia
2737 3165 2823 3220 ina
2844 3143 3205 3237 beccawrem,
3237 3161 3339 3216 ista
3373 3159 3540 3215 edidi;
3566 3158 3644 3212 ευ.

402 3264 453 3305 et
513 3253 633 3307 licet
683 3254 827 3308 illius
869 3255 1046 3322 passio
1099 3254 1251 3307 nobis
1299 3252 1527 3306 sullieiat
1591 3253 1658 3306 ad
1711 3252 1970 3315 salutem,

406 3355 577 3398 tamen
628 3354 685 3399 et
733 3345 1012 3398 amborum
1067 3344 1383 3412 martyrium
1433 3343 1587 3396 nobis
1637 3341 1866 3395 contulit
1909 3342 1974 3394 ad

403 3438 720 3507 exemplum.
773 3436 1039 3491 Hodierna
1080 3437 1164 3490 die
1208 3436 1370 3505 igitur
1406 3435 1547 3489 beati
1595 3433 1818 3504 apostoli
1849 3450 1974 3489 suu-

405 3527 612 3594 guinem
643 3525 1024 3594 profuderunt;
1058 3526 1152 3580 sed
1195 3527 1468 3581 videamus
1498 3540 1715 3579 causam
1746 3539 1844 3578 cur
1871 3524 1971 3578 ista

405 3617 636 3684 perpessi
667 3625 818 3680 sunt,
847 3615 1055 3670 scilicet
1090 3617 1231 3686 quod
1261 3617 1400 3670 inter
1443 3625 1638 3670 caetera
1684 3615 1972 3679 mirabilia,

406 3705 563 3759 etiam
603 3721 818 3775 magum
864 3705 1013 3759 illum
1060 3705 1333 3762 Simonem
1379 3706 1710 3761 orationibus
1749 3705 1862 3762 suis
1905 3706 1974 3760 de

405 3795 543 3848 aeris
602 3809 775 3848 vacuo
845 3795 1104 3864 praecipiti
1166 3796 1319 3849 ruina
1378 3795 1786 3865 prostraverint.
1840 3794 1975 3850 Cum

408 3886 544 3940 enim
595 3888 735 3941 idem
787 3885 972 3942 Simon
1017 3902 1077 3942 se
1123 3887 1392 3941 Christum
1445 3887 1683 3950 diceret,
1746 3893 1803 3940 et
1861 3893 1977 3938 tan—

410 3990 560 4045 quam
612 3975 781 4030 ﬁlium
812 3976 879 4030 ad
919 3986 1121 4047 patrem
1163 3985 1430 4031 assereret
1455 3975 1684 4030 volando
1721 3989 1779 4028 se
1818 3987 1978 4044 posse

409 4069 787 4132 conscendere,
815 4077 979 4137 atque
1008 4067 1179 4122 elatus
1201 4069 1378 4124 subito
1403 4067 1629 4138 magicis
1653 4067 1858 4121 artibus
1883 4083 1978 4120 vo-

409 4157 517 4213 lare
567 4161 850 4229 coepisset,
901 4170 1027 4214 tunc
1071 4159 1262 4215 Petrus
1303 4161 1424 4216 lixis
1461 4160 1685 4231 genibus
1726 4167 1978 4228 precatus

411 4257 489 4300 est
525 4249 840 4314 Dominum,
873 4257 929 4304 et
967 4251 1277 4318 precatione
1323 4259 1508 4306 sancta
1539 4250 1668 4304 vicit
1707 4249 1972 4316 magicam

409 4336 719 4392 lenitatem:
772 4340 924 4408 prius
966 4341 1128 4394 etiam
1174 4342 1417 4396 ascendit
1458 4341 1526 4396 ad
1573 4341 1740 4395 Deum
1799 4340 1976 4396 oratio

411 4443 562 4496 quam
591 4429 833 4493 volatus,
873 4439 928 4483 et
971 4440 1097 4486 ante
1129 4432 1372 4502 pervenit
1404 4430 1552 4500 justa
1587 4431 1777 4500 petitio
1812 4446 1972 4501 quam

413 4515 584 4586 iniqua
617 4520 990 4588 praesumptio;
1033 4531 1176 4585 ante,
1216 4520 1457 4589 inquam,
1482 4519 1695 4587 Petrus,
1731 4521 1786 4575 in
1819 4521 1978 4576 terris

409 4609 627 4676 positus,
649 4609 884 4664 obtinuit
899 4613 1038 4680 quod
1059 4613 1459 4682 petebat,quam
1475 4613 1658 4667 Simon
1674 4613 1982 4682 perveniret

410 4697 473 4752 ad
498 4699 734 4754 caelestia
761 4717 870 4771 quo
899 4704 1148 4758 tendebat
1175 4720 1189 4757 :
1217 4703 1378 4759 altius
1416 4704 1662 4759 ascendit
1705 4702 1980 4760 humilitas

411 4805 562 4857 quam
584 4793 868 4860 superbia;
898 4793 1127 4848 validius
1159 4793 1346 4850 intima
1384 4793 1647 4848 ccelorum
1675 4792 1980 4862 penetravit

411 4878 644 4933 charitas
671 4895 833 4950 quam
870 4890 1290 4953 praesumptuosa
1323 4882 1596 4952 iniquitas.
1635 4881 1834 4938 Deinde
1862 4881 1976 4951 ipsa

409 4961 606 5028 passio,
636 4963 764 5018 licet
793 4965 1006 5021 diversa
1033 4967 1087 5022 in
1123 4967 1348 5038 singulis
1389 4967 1591 5034 fuerit,
1645 4978 1821 5024 tamen
1858 4968 1974 5038 pari

411 5050 602 5107 referta
652 5063 739 5110 est
787 5057 976 5124 gratia:
1025 5059 1328 5114 sanctitate.
1385 5059 1521 5114 Nam
1572 5060 1762 5115 Petrus
1802 5060 1979 5114 crucis

409 5140 542 5196 sicut
593 5142 848 5199 Salvator
886 5147 1108 5201 exitium
1150 5149 1288 5215 tulit,
1331 5159 1383 5204 ct
1422 5149 1712 5204 Dominicze
1741 5149 1978 5204 devotio-

407 5233 491 5288 nis
517 5234 906 5302 similitudine,
937 5252 1035 5292 ncc
1065 5246 1237 5293 morte
1265 5239 1518 5310 deceptus
1542 5248 1654 5304 est,
1683 5239 1890 5295 scilicet
1920 5247 1977 5292 ut

403 5336 561 5393 quem
588 5325 908 5382 imitabatur
933 5326 1058 5393 ﬁde,
1083 5327 1384 5382 imitaretur
1408 5337 1463 5383 et
1483 5328 1750 5399 passione.
1780 5327 1978 5383 Paulus

401 5428 530 5469 vero
555 5417 736 5486 capite
761 5430 934 5471 caesus
957 5424 1060 5482 est,
1090 5418 1214 5487 quia
1245 5418 1492 5487 gentibus
1517 5427 1681 5486 caput
1709 5416 1830 5471 ﬁdei
1860 5431 1981 5471 esse

396 5506 758 5574 probabatur,
797 5517 852 5561 et
878 5516 936 5562 ut
959 5509 1266 5564 ostenderet
1289 5509 1535 5563 ﬁdelibus
1563 5523 1658 5579 per
1686 5509 1981 5563 truncatio—

399 5611 522 5650 nem
559 5599 758 5668 capitis
802 5608 964 5670 caput
1008 5615 1193 5654 verum
1219 5641 1232 5663 ,
1265 5600 1405 5672 quod
1445 5609 1527 5654 est
1559 5600 1835 5666 Christus,
1872 5615 1980 5656 non

395 5701 554 5758 posse
574 5689 682 5743 ullo
715 5690 877 5746 modo
903 5690 1097 5746 divelli.
1129 5691 1286 5758 Ecce,
1317 5692 1528 5758 fratres,
1552 5701 1780 5763 quantos
1798 5699 1981 5761 patro-

2075 3271 2354 3319 noeentem
2375 3301 2390 3327 ,
2423 3261 2681 3331 virgoque
2715 3259 2899 3327 genuit
2939 3265 2993 3311 et
3022 3256 3174 3327 virgo
3207 3252 3504 3325 permansit
3531 3259 3652 3322 post

2073 3360 2285 3421 partum
2330 3369 2344 3408 :
2395 3359 2682 3420 utrumque
2712 3348 3027 3404 miraculum
3051 3389 3066 3411 ,
3098 3347 3324 3414 fratres,
3354 3345 3497 3416 quod
3533 3343 3654 3399 sine

2074 3442 2420 3511 corruptione
2442 3441 2662 3512 gravida
2683 3481 2698 3507 ,
2725 3448 2779 3495 et
2806 3440 2858 3494 in
2888 3448 3042 3510 partu
3073 3439 3224 3509 virgo
3245 3446 3328 3493 est
3364 3450 3646 3508 puerpera.

2076 3533 2198 3595 Ave,
2226 3531 2400 3601 inquit
2432 3530 2655 3602 angelus
2678 3530 2746 3584 ad
2777 3544 2896 3585 eam
2917 3569 2934 3594 ,
2975 3531 3146 3600 gratia
3170 3527 3322 3598 plena
3347 3567 3364 3592 ,
3391 3527 3650 3580 Dominus

2073 3631 2274 3684 tecum;
2306 3629 2480 3676 tecum
2511 3620 2771 3676 Dominus
2799 3618 2852 3672 in
2881 3619 3046 3672 corde
3067 3657 3082 3680 ,
3121 3627 3296 3671 tecum
3337 3616 3392 3669 in
3424 3623 3643 3678 ventre,

2076 3720 2252 3766 tecum
2279 3711 2330 3764 in
2361 3721 2534 3775 utero,
2577 3719 2752 3764 tecum
2795 3709 2849 3762 in
2889 3707 3110 3763 auxilio.
3155 3707 3460 3773 Gratulare,
3492 3707 3651 3762 beata

2075 3806 2245 3876 virgo,
2278 3804 2524 3860 Christus
2550 3819 2646 3858 rex
2668 3817 2700 3858 e
2717 3801 2856 3858 etnlo
2881 3817 3002 3866 suo,
3031 3800 3085 3854 in
3116 3807 3277 3854 utero
3309 3806 3429 3863 tuo;
3453 3805 3511 3853 et
3532 3797 3651 3853 ideo

2074 3894 2355 3951 benedicta
2384 3894 2494 3949 eris
2521 3902 2574 3948 tu
2609 3893 2752 3948 inter
2784 3891 3057 3955 mulieres,
3085 3904 3205 3959 quae
3234 3887 3398 3942 vitam
3437 3895 3495 3942 et
3519 3886 3652 3940 viris

2076 4001 2141 4041 ac
2173 3985 2485 4041 mulieribus
2509 3982 2783 4055 peperisti.
2809 3981 2981 4038 Mater
2999 3980 3214 4052 generis
3238 3978 3408 4034 nostri
3435 3992 3654 4048 pinnam

2079 4077 2256 4132 intulit
2281 4077 2498 4140 mundo,
2529 4074 2764 4146 genitrix
2789 4073 3002 4128 Domini
3028 4071 3197 4126 nostri
3223 4069 3449 4126 salutem
3471 4068 3653 4123 attnuit

2077 4165 2274 4220 saaculo
2321 4182 2335 4218 :
2393 4164 2657 4235 percussit
2715 4162 2805 4217 illa
2832 4202 2848 4228 ,
2896 4161 2999 4218 ista
3045 4160 3364 4224 viviﬁcavit;
3434 4165 3651 4228 propter

2079 4255 2493 4311 inobedientiam
2549 4255 2695 4310 enim
2736 4252 3040 4308 obedientia
3081 4256 3461 4306 commutatur.
3503 4246 3647 4301 Lata

2079 4345 2242 4415 igitur
2279 4344 2442 4399 Maria
2471 4354 2646 4415 gestat
2680 4342 2972 4408 infantem,
3001 4339 3277 4396 exsultans
3317 4336 3651 4406 amplexatur

2081 4437 2270 4501 ﬁlium,
2293 4445 2525 4506 portata
2555 4451 2662 4505 quo
2687 4433 3020 4504 portabatur.
3051 4429 3248 4486 Audite
3266 4429 3438 4500 igitur
3463 4443 3650 4485 vocem

2079 4527 2367 4581 verborum
2413 4525 2557 4579 illius
2595 4539 2699 4592 qua
2741 4521 2875 4577 dixit
2915 4539 2929 4576 :
2971 4520 3281 4592 Magni/ient
3320 4519 3498 4577 animo
3535 4535 3649 4573 mea

2080 4615 2360 4669 Dominum
2379 4654 2394 4678 ,
2421 4623 2468 4669 ct
2495 4613 2768 4668 exsultavit
2800 4612 3015 4683 spiritus
3044 4629 3189 4667 meus
3209 4611 3266 4667 in
3290 4610 3402 4666 Deo
3429 4609 3656 4665 salutari

2079 4722 2193 4760 meo
2230 4719 2249 4757 :
2295 4706 2420 4776 quia
2463 4705 2683 4775 respexit
2729 4703 3070 4760 humilitatem
3113 4701 3320 4758 ancilla:
3350 4717 3460 4756 suat
3479 4716 3500 4765 ,°
3539 4715 3656 4755 ecce

2080 4797 2220 4851 enim
2248 4812 2314 4851 ea:
2350 4797 2446 4850 hoc
2485 4797 2688 4851 beatam
2729 4812 2810 4850 me
2851 4795 3023 4849 dicent
3052 4811 3226 4848 omnes
3269 4792 3652 4865 generationes,

2080 4887 2203 4957 quia
2232 4886 2353 4955 fecit
2378 4886 2506 4940 mihi
2552 4902 2743 4957 magna
2770 4886 2859 4955 qui
2887 4893 3066 4954 potens
3098 4893 3172 4938 est
3206 4881 3358 4955 (Luc.
3389 4882 3452 4954 ι).
3490 4881 3653 4938 Deni-

2083 4991 2190 5046 que
2234 4984 2355 5044 post
2383 4975 2510 5031 illud
2549 4975 2902 5031 benedicibile
2944 4975 3279 5046 praesagium,
3320 4974 3448 5027 dum
3489 4971 3653 5028 tacita

2082 5081 2263 5122 secum
2293 5067 2454 5138 Virgo
2504 5066 2698 5122 mentis
2749 5065 3104 5121 alternatione
3156 5062 3433 5132 conﬂigit,
3479 5062 3654 5134 qualis

2082 5167 2224 5214 esset
2268 5158 2368 5212 ista
2410 5157 2694 5224 salutatio,
2725 5157 2943 5212 nuntius
2979 5156 3190 5211 interim
3234 5154 3473 5209 cmlestis
3501 5168 3652 5210 exse-

2082 5250 2310 5320 quitur:
2345 5249 2428 5304 Ne
2471 5249 2676 5314 timeas,
2727 5247 2923 5313 Maria,
2972 5248 3210 5303 invenisti
3243 5248 3382 5302 enim
3426 5245 3652 5314 gratiam

2083 5339 2224 5408 apud
2251 5337 2416 5392 Deum
2462 5352 2480 5390 :
2519 5355 2634 5392 ecce
2667 5339 2921 5408 concipies
2947 5348 2994 5392 et
3019 5340 3189 5408 paries
3211 5337 3400 5406 ﬁlium,
3424 5345 3470 5389 et
3500 5350 3652 5389 uoca-

2086 5427 2162 5480 bis
2207 5443 2394 5481 nomen
2443 5427 2556 5497 ejus
2599 5428 2821 5492 Iesum;
2853 5436 2909 5481 at
2935 5427 3024 5482 illa
3063 5446 3076 5480 :
3121 5426 3411 5493 Quomodo,
3453 5423 3652 5496 inquit,

2085 5517 2172 5584 ﬂet
2200 5517 2360 5583 istud,
2391 5519 2636 5586 quoniam
2664 5519 2828 5572 virum
2864 5535 2968 5571 non
3011 5533 3257 5588 cognosco
3281 5517 3306 5570 ?
3332 5524 3387 5570 et
3430 5515 3652 5584 angelus

2086 5604 2153 5658 ad
2178 5619 2298 5660 eam
2333 5624 2343 5658 :
2387 5604 2610 5674 Spiritus
2641 5615 2872 5671 sanctus,
2913 5607 3008 5670 ait,
3039 5605 3356 5673 superueniet
3397 5606 3451 5660 in
3493 5614 3561 5671 te,
3599 5615 3647 5661 et

2085 5693 2245 5750 virtus
2277 5693 2526 5749 ditissimi
2553 5695 2872 5751 obumbratur
2906 5685 3035 5758 tibi;
3066 5693 3277 5764 ideoque
3304 5697 3442 5763 quod
3465 5712 3642 5752 nasce—
