4040 6188
369 383 441 448 ss
1010 382 1070 436 Β.
1116 382 1365 437 RABANI
1407 381 1626 439 nsum
1664 379 1982 437 ARCHIEP.
2027 379 2334 438 uocum.
2379 362 2663 438 oration
2703 382 2882 440 rans
2919 384 2981 440 ιι.
3563 388 3633 445 56

365 511 455 562 tur
478 515 543 554 ex
573 509 619 554 te
658 507 919 565 sanctum,
949 500 1216 564 vocabitur
1245 497 1417 554 Filius
1449 500 1567 560 Dei.
1621 499 1730 555 Nec
1773 514 1945 561 mora,
1976 501 2021 560 Α
2052 497 2295 552 Laudent
2355 513 2474 553 eam
2511 497 2708 570 angeli,
2735 504 3028 569 praedicent
3075 501 3402 573 archangeli,
3444 519 3636 561 omnes

368 589 657 650 revertitur
683 588 924 654 nuntius,
951 595 1006 641 et
1035 588 1346 658 virginalem
1377 587 1671 642 thalamum
1707 585 1943 656 ingredi-

366 689 455 737 tur
474 678 743 736 Christus.
775 677 1117 734 Gaudeamus
1146 693 1275 749 ergo
1303 687 1359 734 et
1389 693 1506 743 nos,
1538 678 1753 741 fratres,
1786 679 1839 731 in
1862 677 1948 731 die

367 777 528 827 tantae
556 769 823 838 Virginis,
865 783 987 838 quae
1017 768 1248 833 meruit,
1291 769 1403 824 sola
1430 768 1670 824 omnium
1721 767 1948 822 femina-

366 877 504 927 rum,
561 875 765 931 regem,
794 875 954 928 quem
1004 859 1144 922 cali,
1191 857 1356 924 term,
1387 874 1558 923 mare,
1605 871 1799 928 capere
1839 871 1944 911 non

367 960 590 1023 possunt
618 991 632 1017 ,
666 953 719 1005 in
751 965 905 1006 suam
933 950 1248 1021 virginalem
1276 944 1520 1005 castis'et
1547 948 1746 1003 sanctis
1770 946 1947 1001 visce-

366 1043 515 1102 ribus
539 1043 827 1112 concipere
851 1043 1089 1108 vulvam,
1122 1051 1184 1099 ut
1207 1043 1320 1113 ipsa
1347 1043 1433 1113 pia
1466 1042 1819 1097 interventrix
1849 1055 1949 1111 pro

365 1134 522 1194 nobis
563 1135 826 1190 consistat
868 1135 936 1190 ad
989 1135 1154 1191 tilium
1179 1176 1193 1200 ,
1232 1136 1323 1204 qui
1356 1150 1476 1190 eam
1503 1134 1801 1189 transvexit
1825 1147 1947 1188 cum

361 1224 509 1282 omni
537 1224 708 1296 gloria
733 1226 801 1281 ad
826 1225 948 1281 οωιί
975 1225 1254 1295 palatium,
1279 1233 1336 1280 et
1363 1240 1506 1283 nunc
1521 1223 1653 1278 vivit
1675 1234 1731 1279 et
1762 1230 1951 1296 regnat

362 1328 486 1371 cum
512 1329 582 1371 eo
604 1315 659 1373 in
689 1315 883 1370 saecula
909 1316 1250 1372 saeculorum.
1280 1315 1474 1370 Amen.

892 1427 1175 1506 norum
1218 1426 1411 1483 XXIX.

540 1511 594 1554 IN
635 1513 996 1555 AGSUIP'I'IONE
1035 1513 1254 1554 SANC'I'E
1291 1511 1472 1553 ΙΑΒΙΕ
1508 1509 1764 1552 νηρῖται.

429 1584 565 1643 Cum
610 1587 854 1642 omnium
898 1595 1211 1643 sanctarum
1267 1585 1536 1658 virginum
1583 1585 1902 1640 festivitates
1929 1627 1944 1652 ,

357 1690 480 1748 quae
509 1676 814 1733 castitatem
841 1680 1040 1733 mentis
1079 1687 1134 1734 et
1179 1679 1424 1747 corporis
1467 1692 1639 1747 usque
1687 1678 1754 1732 ad
1786 1664 1946 1732 tinem

359 1765 484 1824 vitae
511 1775 900 1833 servaverunt,
932 1777 988 1824 et
1023 1783 1122 1837 per
1145 1765 1238 1823 Dei
1283 1767 1708 1823 misericordiam
1738 1765 1806 1821 de
1842 1767 1946 1820 hoc

2049 591 2307 645 caelorum
2357 593 2583 648 virtutes
2631 603 2685 650 et
2731 610 2921 650 omnes
2985 602 3296 649 sanctorum
3353 601 3528 648 coitus
3577 595 3632 648 in

2049 678 2296 738 laudibus
2326 683 2442 752 ejus
2475 685 2774 752 exsultent;
2828 693 3065 739 attamen
3112 683 3289 738 adhuc
3321 682 3453 737 mibi
3485 682 3633 737 vide-

2050 781 2138 828 tur
2177 774 2440 830 excellere
2483 775 2717 846 dignitas
2747 774 3171 832 honorificentia
3201 773 3338 844 ejus.
3389 769 3494 828 Sed
3517 772 3638 829 haec

2048 853 2462 934 perpendentes,
2493 865 2714 930 fratres,
2758 882 2863 920 non
2894 861 3243 942 desperemus
3271 878 3371 918 nec
3400 862 3634 934 refugia-

2048 969 2188 1020 mus,
2224 955 2332 1010 imo
2381 957 2554 1027 magis
2587 957 2640 1012 in
2665 956 2878 1012 laudem
2901 955 3022 1026 ejus
3063 970 3169 1028 pro
3198 954 3415 1011 modulo
3447 963 3636 1010 nostro

2047 1043 2368 1110 excitemur,
2398 1053 2454 1100 et
2475 1041 2534 1099 in
2565 1044 2947 1116 praedicatione
2967 1037 3083 1116 ejus
3107 1043 3474 1120 exsultemus;
3505 1044 3632 1113 quia

2048 1131 2188 1202 quod
2216 1133 2394 1188 minus
2417 1141 2502 1188 est
2527 1134 2578 1188 in
2611 1134 2966 1210 possibilitate
3013 1142 3216 1206 nostra,
3237 1125 3486 1202 implebit
3539 1133 3635 1187 bo-

2049 1221 2191 1276 nitas
2234 1237 2353 1276 sua.
2381 1221 2697 1278 Mundemus
2729 1223 3116 1280 conscientiam
3138 1231 3383 1300 nostram
3413 1222 3482 1276 ab
3507 1235 3633 1292 ope-

2052 1312 2200 1368 ribus
2226 1313 2476 1379 mortuis,
2521 1321 2578 1369 et
2604 1329 2972 1385 praiparemus
2999 1329 3100 1370 nos
3133 1315 3200 1369 ad
3235 1314 3632 1370 confessionem

2051 1404 2180 1458 tanti
2207 1404 2459 1460 nominis.
2483 1404 2673 1461 Omnis
2705 1419 2934 1474 persona
2961 1414 3018 1461 et
3050 1407 3230 1461 omnis
3258 1415 3391 1460 aetas
3420 1405 3486 1458 ad
3516 1415 3634 1458 tan-

2051 1503 2157 1548 tam
2181 1483 2529 1550 fcstivitatem
2559 1495 2936 1552 celebrandam
2981 1497 3137 1552 bonis
3169 1497 3411 1552 moribus
3437 1510 3638 1550 ornare

2050 1601 2107 1640 se
2133 1586 2366 1650 studeat,
2391 1593 2448 1640 et
2490 1587 2544 1640 in
2574 1600 2683 1656 quo
2729 1594 2954 1641 vocatus
2981 1595 3084 1650 est,
3135 1587 3186 1640 in
3219 1601 3284 1640 eo
3315 1601 3635 1656 permanere

2049 1677 2308 1732 decertet.
2336 1676 2656 1747 Quicunque
2699 1694 2828 1749 ergo
2870 1679 2972 1733 viri
3003 1680 3120 1734 sive
3169 1680 3382 1733 feminze
3409 1680 3636 1750 virgini-

2051 1769 2178 1822 tatis
2204 1769 2536 1839 propositum
2571 1779 2776 1835 tenent,
2805 1771 2860 1824 in
2890 1785 2955 1825 eo
2989 1786 3336 1840 perseverare
3367 1780 3632 1842 satagant,

356 1855 554 1916 Saecqu
588 1872 821 1928 nequam
863 1855 1298 1927 triumpharunt,
1323 1857 1496 1926 digna:
1537 1855 1644 1910 sint
1671 1855 1939 1921 laudibus,
1973 1845 2019 1905 Β
2049 1867 2107 1913 ut
2132 1859 2239 1914 sint
2263 1869 2464 1914 sancta:
2494 1869 2547 1914 et
2577 1874 2803 1930 corpore
2827 1868 2881 1915 et
2919 1861 3111 1930 spiritu
3142 1880 3154 1913 :
3191 1861 3301 1915 sint
3339 1860 3636 1929 disciplinae

356 1946 692 2018 perpendite,
726 1945 942 2013 fratres,
975 1955 1176 2016 quanta
1204 1946 1550 2002 veneratione
1570 1945 1731 2016 digna
1757 1945 1828 1999 sit
1856 1959 1944 2000 so-

358 2033 615 2095 lemnitas
643 2035 728 2092 illa
748 2075 763 2100 ,
808 2050 914 2104 qua
944 2035 1107 2106 Virgo
1136 2035 1402 2106 virginum
1434 2049 1500 2090 ex
1527 2035 1629 2094 hac
1661 2035 1941 2104 temporali

359 2128 471 2182 vita
500 2136 757 2182 aeternam
795 2127 1049 2198 migravit
1092 2125 1159 2180 ad
1202 2127 1442 2195 requiem
1484 2143 1497 2178 :
1543 2141 1664 2180 cum
1704 2141 1810 2180 non
1852 2141 1942 2180 so-

356 2217 471 2276 lum
530 2217 804 2274 credimus
871 2216 1031 2272 illam'
1079 2216 1361 2272 nobiscum
1423 2231 1542 2272 esse
1605 2215 1937 2271 memorabi-

358 2309 461 2368 lem
481 2349 496 2374 ,
523 2308 617 2362 sed
647 2307 813 2362 etiam
834 2318 958 2362 cum
987 2306 1118 2376 ipsis
1146 2307 1352 2362 sanctis
1382 2306 1662 2375 spiritibus
1687 2305 1943 2376 angelicis

358 2401 478 2462 ﬁeri
525 2400 682 2456 valde
713 2400 1118 2463 honorabilcm,
1155 2399 1250 2469 qui
1277 2398 1474 2454 celebri
1506 2399 1629 2453 inde
1669 2396 1944 2453 exsultant

352 2495 569 2564 gaudio,
595 2507 719 2548 cum
744 2501 971 2548 matrem
993 2491 1208 2547 Domini
1231 2501 1395 2562 atque
1422 2489 1720 2552 conditoris
1745 2488 1942 2544 summi

354 2593 558 2643 interna
597 2583 932 2652 beatitudine
962 2597 1146 2639 secum
1176 2581 1383 2652 perfrui
1409 2581 1786 2650 conspiciunt;
1829 2593 1942 2632 ma-

355 2684 495 2730 trem
521 2673 771 2728 videlicet
804 2674 955 2730 illam
983 2687 1103 2742 qum
1132 2672 1372 2728 sobolem
1397 2672 1450 2728 in
1481 2680 1634 2725 utero
1672 2668 1941 2738 concepit,

355 2774 409 2823 et
433 2771 582 2821 casta
608 2771 692 2818 est
716 2779 732 2828 ;
764 2761 933 2816 illium
962 2761 1179 2832 genuit,
1217 2770 1272 2815 et
1298 2761 1452 2828 virgo
1479 2769 1593 2825 est;
1635 2769 1811 2814 mater
1841 2759 1944 2814 im-

356 2853 646 2918 maculata,
692 2860 863 2907 mater
899 2851 1232 2922 incorrupta,
1282 2859 1456 2905 mater
1499 2851 1721 2917 intacta,
1771 2859 1944 2904 mater

355 2943 619 3014 uuigeniti
668 2943 881 2998 Domini
933 2951 989 2996 et
1029 2942 1171 3010 regis
1216 2941 1478 3004 omnium,
1519 2940 1864 3009 plasmatoris
1889 2949 1945 2994 et

354 3036 620 3095 creatoris
672 3043 1020 3098 cunctorum;
1085 3033 1226 3089 illius
1279 3033 1371 3102 qui
1438 3033 1492 3087 in
1545 3031 1776 3088 excelsis
1828 3031 1945 3086 sine

355 3133 568 3191 matre,
615 3133 672 3179 et
718 3125 772 3178 in
819 3132 963 3182 terra
1010 3132 1094 3180 est
1137 3123 1255 3179 sine
1292 3123 1485 3188 Patre;
1539 3123 1708 3191 ipsius
1754 3123 1845 3194 qui
1887 3122 1942 3176 in

2046 1949 2140 2004 Dei
2187 1966 2474 2014 memores,
2514 1949 2779 2018 justitiam
2809 1966 2932 2006 cum
2970 1951 3228 2020 religione
3259 1959 3496 2016 teneant,
3527 1951 3635 2004 sint

2044 2041 2267 2097 stabiles
2313 2041 2365 2095 in
2399 2041 2522 2106 fide,
2558 2040 2789 2096 humiles
2813 2041 2866 2095 in
2901 2041 3121 2104 timore,
3166 2039 3233 2093 ad
3278 2054 3494 2094 omnem
3555 2047 3637 2092 to—

2047 2133 2334 2188 lerantiam
2360 2131 2552 2198 fortes,
2585 2133 2654 2188 ad
2676 2133 3048 2188 sustinendam
3076 2131 3327 2201 injuriam
3364 2131 3543 2193 mites,
3569 2131 3637 2188 ad

2046 2221 2349 2277 faciendam
2381 2223 2814 2278 misericordiam
2843 2222 3047 2287 faciles,
3084 2222 3317 2277 fraterna
3348 2237 3481 2292 pace
3505 2238 3638 2274 una-

2045 2315 2218 2370 nimes
2261 2323 2422 2385 atque
2452 2315 2768 2379 concordes,
2819 2324 2875 2369 et
2905 2317 2973 2370 ad
3015 2331 3174 2371 omne
3217 2316 3412 2368 bonum
3453 2328 3640 2381 prom-

2044 2405 2308 2476 ptissimi;
2341 2405 2431 2474 qui
2475 2415 2653 2460 autem
2687 2405 2956 2462 connubio
2982 2416 3110 2460 sunt
3136 2405 3320 2469 dediti,
3354 2404 3641 2474 virginita-

2047 2507 2153 2552 tem
2200 2506 2380 2551 tamen
2425 2497 2478 2550 in
2531 2496 2636 2550 ilde
2670 2505 2815 2551 recta
2857 2497 3112 2560 habeant,
3143 2496 3198 2548 in
3248 2511 3352 2564 qua
3385 2496 3638 2548 universa

2043 2587 2306 2652 Ecclesia,
2356 2601 2552 2656 sponsa
2585 2586 2677 2641 Dei
2715 2587 2931 2641 dicitur.
2967 2585 3121 2653 Quod
3177 2595 3357 2640 tamen
3396 2585 3638 2641 Ecclesia

2045 2676 2334 2741 catholica,
2367 2692 2487 2746 qua:
2537 2686 2754 2731 constat
2782 2693 2844 2732 ex
2886 2676 3187 2746 virginibus
3224 2686 3278 2730 et
3313 2676 3519 2745 mireris,
3569 2689 3636 2730 ex

2046 2767 2314 2822 maritatis
2367 2766 2580 2822 feminis
2633 2774 2686 2821 et
2741 2767 2984 2820 nxoratis
3029 2766 3197 2830 viris,
3251 2781 3377 2819 uno
3417 2764 3640 2819 nomine

2045 2859 2198 2930 virgo
2221 2866 2305 2913 est
2336 2858 2626 2928 appellata,
2675 2860 2799 2912 audi
2834 2855 3150 2928 Apostolum
3191 2858 3459 2912 dicentem
3491 2874 3504 2908 :
3537 2855 3640 2910 De-

2045 2951 2308 3019 sponsavi,
2338 2949 2533 3019 inquit,
2564 2965 2654 3003 vos
2683 2949 2774 3002 uni
2811 2949 2920 3002 viro
2961 2948 3216 3018 virginem
3256 2956 3456 3001 castam
3488 2947 3638 3000 exhi—

2047 3041 2164 3094 bere
2201 3037 2408 3094 Christo
2451 3039 2536 3111 (II
2585 3038 2708 3093 Cor.
2745 3039 2840 3112 XI).
2909 3039 3236 3094 Pudicitiam
3299 3037 3638 3109 coniugalem

2049 3139 2291 3194 servent,
2332 3129 2401 3185 ab
2457 3129 2658 3186 illicitis
2679 3129 3009 3195 abstineant,
3040 3131 3178 3184 bona
3213 3144 3376 3199 opera
3417 3128 3636 3190 faciant.

354 3215 510 3278 caelis
565 3214 862 3272 secundum
910 3214 1164 3269 όθὶῑίιιθιιι
1216 3215 1270 3268 ill
1313 3214 1432 3267 Si!!!)
1494 3221 1578 3268 est
1625 3213 1832 3282 patris.
1887 3203 2012 3266 etC
2045 3219 2470 3288 hospitalitatem
2502 3218 2749 3290 diligant,
2795 3227 2850 3272 et
2897 3218 3270 3290 eleemosynas
3301 3217 3482 3272 facere
3529 3233 3638 3272 non

357 3308 411 3361 in
449 3305 612 3364 terris
652 3305 948 3366 secundum
992 3305 1236 3374 corporis
1285 3303 1682 3375 susceptionem
1722 3303 1774 3357 in
1821 3303 1940 3356 sinu

355 3405 474 3458 erat
521 3396 735 3459 matris.
795 3394 966 3466 Hujus
1018 3395 1210 3464 itaque
1262 3393 1537 3464 Unigeniti
1593 3392 1688 3447 Dei
1748 3392 1944 3447 dicitur

356 3492 472 3554 limo
513 3499 690 3564 mater
731 3489 890 3560 Virgo
934 3487 1100 3542 Maria
1127 3528 1142 3553 ,
1187 3487 1346 3557 digna
1388 3485 1568 3556 digni,
1602 3482 1943 3539 immaculata

355 3583 529 3643 sancti
559 3621 577 3649 ,
659 3596 766 3651 upa
827 3581 1026 3643 unius,
1089 3581 1246 3634 unica
1320 3577 1468 3632 unici
1539 3594 1554 3631 :
1630 3590 1730 3631 nec
1800 3575 1943 3628 enim

355 3676 495 3734 alter
545 3674 859 3746 unigenitus
907 3671 1050 3727 Deus
1111 3687 1273 3740 super
1327 3679 1530 3726 terram
1591 3669 1769 3732 venit,
1853 3676 1948 3720 aut

357 3768 464 3828 tilia
489 3767 644 3837 virgo
669 3765 1001 3838 unigenitum
1029 3763 1234 3834 genuit.
1259 3761 1413 3818 Unde
1438 3769 1493 3817 et
1522 3759 1941 3832 magnitudinem

357 3859 475 3926 ejus
509 3858 846 3914 admirantes
873 3857 1053 3911 tacitis
1079 3857 1300 3910 vocibus
1355 3856 1554 3921 cordis,
1604 3853 1806 3920 taliter,
1836 3852 1946 3908 fra-

359 3961 472 4011 tres
497 3947 828 4012 cbarissimi,
861 3945 1232 4002 exclamemus
1256 3944 1311 3998 in
1345 3943 1576 4007 tandem,
1602 3953 1764 4012 atque
1797 3943 1946 3998 dica-

359 4054 480 4104 mus
510 4055 525 4092 :
559 4036 606 4094 0
655 4050 782 4094 vere
814 4036 972 4092 beata
1020 4033 1171 4103 virgo
1216 4032 1405 4097 Maria,
1438 4046 1672 4102 agnosce
1716 4032 1944 4102 gloriam

360 4141 526 4194 tuam,
553 4129 700 4188 illam
727 4127 977 4182 videlicet
1001 4125 1227 4197 gloriam
1251 4139 1414 4196 quam
1440 4125 1534 4180 tibi
1562 4123 1785 4196 angelus
1817 4139 1948 4178 nun-

359 4222 545 4288 tiavit,
579 4219 665 4277 vel
699 4217 937 4280 Joannes
963 4232 1059 4288 per
1083 4231 1146 4272 os
1163 4215 1470 4281 Elisabeth,
1493 4215 1731 4270 nondum
1758 4214 1949 4269 matris

359 4315 538 4376 adhuc
573 4313 640 4369 de
665 4319 880 4368 secreto
907 4308 1044 4364 uteri
1078 4305 1378 4380 [egressus]
1415 4305 1758 4376 proplietavit
1797 4321 1812 4358 :
1847 4303 1948 4358 Be-

358 4407 566 4470 nedicta
585 4407 763 4475 itaque
799 4411 855 4455 tu
877 4402 1012 4455 inter
1034 4399 1303 4464 mulieres,
1342 4407 1389 4451 et
1423 4395 1722 4450 benedictus
1745 4393 1948 4464 fructus

359 4496 550 4558 ventris
575 4496 674 4548 tui.
719 4494 798 4547 Tu
835 4507 1051 4563 quoque
1089 4491 1420 4562 promissum
1449 4489 1705 4543 universo
1748 4487 1948 4544 mundo

2045 3324 2237 3380 segnes
2290 3309 2438 3363 fiant.
2467 3309 2567 3375 Qui
2609 3309 2804 3364 divites
2833 3309 2887 3362 in
2915 3307 3020 3362 hoc
3047 3309 3250 3362 mundo
3280 3309 3395 3364 ﬁeri
3419 3307 3640 3361 videan-

2047 3409 2152 3464 tur,
2184 3414 2291 3454 non
2318 3400 2549 3469 superbe
2591 3401 2824 3469 sapiant,
2864 3415 2964 3454 nec
2991 3410 3211 3469 sperent
3241 3399 3293 3453 in
3316 3399 3523 3454 incerto
3546 3397 3638 3451 di-

2044 3488 2319 3552 vitiarum,
2376 3489 2471 3543 sed
2515 3489 2568 3543 in
2615 3489 2727 3543 Deo
2763 3490 2905 3555 vivo,
2951 3489 3041 3560 qui
3105 3497 3329 3560 praestat
3387 3489 3642 3543 omnibus

2045 3581 2402 3634 abundanter.
2428 3579 2649 3635 Discant
2673 3579 2810 3634 bene
2841 3595 3022 3650 agere,
3047 3579 3241 3635 divites
3279 3579 3395 3633 ﬁeri
3426 3580 3478 3633 in
3511 3595 3641 3649 ope-

2046 3673 2196 3726 ribus
2242 3671 2417 3736 bonis,
2443 3669 2600 3726 facile
2637 3671 2876 3728 tribuere
2934 3671 3338 3726 communicare
3365 3687 3485 3726 cum
3510 3686 3640 3742 pro-

2047 3765 2226 3830 ximis,
2257 3764 2627 3820 thesaurizent
2655 3764 2756 3820 sibi
2781 3763 3190 3820 fundamentum
3213 3765 3430 3829 bonum,
3460 3771 3518 3816 ut
3543 3778 3640 3834 ap-

2048 3856 2383 3926 prehendant
2423 3855 2589 3908 vitam
2634 3864 2913 3910 aeternam.
2982 3853 3085 3922 Qui
3148 3863 3327 3910 autem
3374 3868 3643 3924 pauperes

2049 3954 2195 4009 sunt,
2247 3943 2352 3999 fide
2400 3955 2505 3997 non
2536 3943 2813 4009 deﬁciant,
2859 3943 2952 3998 sed
3004 3943 3177 4015 magis
3236 3944 3526 3999 virtutibus
3552 3943 3640 3997 di-

2049 4037 2187 4092 vites
2235 4036 2351 4090 ﬁeri
2403 4039 2677 4102 studeant,
2729 4036 2870 4106 quod
2911 4035 3174 4106 scriptum
3219 4045 3302 4090 est
3333 4054 3344 4089 :
3375 4032 3642 4109 Pauperes

2048 4128 2199 4199 elegit
2238 4127 2380 4183 Deus
2402 4129 2457 4181 in
2501 4129 2594 4182 hoc
2618 4127 2831 4200 mundo,
2871 4126 3054 4181 divites
3079 4127 3132 4180 in
3157 4125 3286 4196 fide,
3319 4136 3366 4179 et
3403 4125 3640 4181 hrrredes

2052 4218 2216 4288 regni,
2253 4217 2391 4288 quod
2438 4217 2733 4285 repromisit
2767 4216 2908 4270 Deus
2937 4216 3269 4287 diligentibus
3301 4232 3355 4269 se
3383 4214 3524 4290 (Jac.
3550 4217 3640 4285 tt),

2051 4316 2104 4362 et
2158 4306 2426 4377 Propheta
2461 4308 2634 4362 dicit:
2665 4307 2860 4361 Iunior
2897 4307 2978 4376 fui
3013 4317 3060 4361 et
3097 4308 3270 4370 senui,
3307 4317 3353 4360 et
3395 4321 3498 4360 non
3533 4305 3643 4358 vidi

2042 4399 2250 4469 justum
2269 4397 2595 4464 derelictum,
2628 4415 2719 4452 nec
2753 4415 2926 4452 semen
2951 4399 3064 4467 ejus
3093 4415 3244 4468 egens
3281 4413 3416 4468 pane
3459 4394 3637 4467 (Psal.

2054 4489 2261 4560 xxxvi).
2321 4487 2447 4543 Sive
2470 4503 2600 4559 ergo
2632 4487 2836 4542 nobiles
2873 4487 3004 4551 sint,
3037 4487 3151 4541 sive
3202 4485 3489 4565 ignobiles,
3522 4484 3641 4539 sive

359 4603 458 4666 per
475 4593 626 4642 tanta
656 4593 801 4639 retro
822 4585 1020 4644 saecula
1047 4584 1320 4653 suscipere
1347 4580 1593 4637 meruisti
1617 4581 1942 4645 adventum;
1978 4560 2028 4618 D
2057 4582 2222 4647 servi,
2260 4581 2373 4637 sive
2403 4580 2578 4644 liberi,
2611 4578 2722 4633 sive
2739 4577 2863 4639 viri,
2905 4577 3018 4632 sive
3053 4562 3288 4639 feminae,
3317 4575 3430 4627 sive
3456 4587 3640 4637 senes,

364 4676 730 4745 habitantium
767 4673 1045 4734 immensa:
1089 4673 1390 4746 majestatis
1421 4674 1613 4731 effecta
1657 4689 1716 4729 es
1747 4692 1759 4726 :
1802 4687 1950 4743 spem

360 4781 654 4835 temrum,
684 4770 848 4825 decus
872 4767 1210 4831 saeculorum,
1240 4782 1526 4823 commune
1553 4766 1796 4821 omnium
1818 4779 1950 4836 gau-

361 4866 510 4924 dium
539 4861 798 4935 peculiari
822 4873 1044 4916 munere
1061 4873 1252 4915 novem
1274 4859 1550 4914 mensibus
1577 4858 1690 4914 sola
1717 4855 1958 4928 possedi-

361 4955 450 5015 iti.
489 4953 735 5013 lnitiator
781 4952 1021 5007 omnium
1061 4966 1239 5007 rerum
1271 4951 1368 5007 abs
1395 4960 1448 5007 te
1485 4951 1730 5007 initiatus
1757 4958 1862 5015 est,
1901 4956 1956 5003 et

361 5044 794 5128 prolundendum
835 5059 934 5114 pro
957 5043 1139 5100 mundi
1165 5043 1272 5097 vita
1298 5044 1613 5114 sanguinem
1643 5041 1707 5097 de
1729 5055 1954 5111 corpore

363 5153 461 5203 tuo
501 5138 744 5208 accepit;
795 5146 1099 5206 unopartu
1136 5142 1230 5190 tuo
1276 5134 1652 5192 universorum
1701 5144 1825 5188 nata
1870 5142 1954 5190 est

362 5236 474 5298 vita
499 5231 820 5291 mulorum
856 5248 870 5282 :
904 5229 1217 5299 angelorum
1238 5225 1456 5284 Patrem
1479 5227 1724 5281 meruisti
1755 5240 1984 5280 vocare-

363 5327 534 5391 tilium
580 5334 751 5378 tuum.
795 5321 936 5377 Ecce
967 5319 1200 5375 exaltata
1229 5333 1289 5396 es
1326 5331 1487 5387 super
1511 5317 1708 5374 choros
1735 5315 1950 5387 angelo-

365 5427 512 5482 rum,"
540 5415 696 5487 juxta
726 5426 910 5484 regem
934 5411 1120 5476 tilium,
1152 5409 1278 5466 felix
1311 5414 1509 5473 mater,
1540 5409 1726 5479 regina
1753 5422 1947 5477 regna-

365 5508 450 5572 bis
482 5509 536 5564 in
581 5518 862 5564 aeternum.
919 5504 986 5559 Et
1030 5503 1114 5558 cui
1144 5500 1443 5574 praestitisti
1483 5501 1621 5555 uteri
1653 5501 1727 5556 tui
1767 5501 1946 5572 hospi-

366 5601 524 5664 tium,
556 5599 671 5670 ipse
723 5591 818 5654 tibi
867 5595 1018 5651 dedit
1046 5609 1211 5666 regna
1259 5591 1541 5648 caelorum.
1571 5589 1678 5646 Sed
1714 5593 1829 5647 hinc
1869 5591 1950 5647 di-

363 5694 557 5757 cendo,
582 5685 802 5755 fratres,
835 5689 1014 5746 minus
1060 5687 1188 5744 mihi
1218 5685 1429 5739 videtur
1457 5684 1634 5739 omnis
1688 5683 1804 5746 laus
1833 5697 1952 5738 esse

367 5787 548 5864 gloria
577 5782 715 5858 ejus,
743 5793 795 5840 et
827 5765 1178 5842 succumbere
1204 5779 1380 5836 omnis
1401 5778 1574 5834 oratio
1599 5774 1789 5833 honori
1818 5773 1952 5844 ejus.

2055 4673 2170 4728 sive
2201 4670 2448 4739 juvenes,
2507 4681 2697 4723 omnes
2753 4665 2959 4737 pariter
3003 4664 3284 4719 audiamus
3323 4660 3643 4732 Apostolum

2056 4763 2323 4815 dicentem
2367 4777 2379 4812 :
2417 4757 2563 4813 State
2584 4757 2639 4811 in
2678 4757 2802 4824 ﬁde,
2847 4755 3073 4809 viriliter
3110 4755 3249 4825 agite
3283 4764 3330 4808 et
3366 4751 3641 4822 conforta—

2056 4854 2221 4918 mini;
2263 4852 2439 4906 omnia
2466 4861 2632 4906 vestra
2659 4865 2777 4904 cum
2811 4849 3065 4904 churitale
3094 4849 3224 4918 ﬁant
3260 4845 3311 4919 (1
3351 4845 3473 4900 Cor.
3504 4845 3642 4914 xvi).

2057 4946 2124 5000 Et
2176 4945 2222 4999 si
2269 4943 2447 4998 taliter
2472 4957 2570 4996 nos
2595 4940 2856 4996 facientes
2885 4948 3070 4995 sancta
3104 4938 3198 4993 Dei
3253 4937 3487 5009 genitrix
3529 4949 3646 4990 sua:

2058 5035 2402 5106 conspexerit
2451 5035 2638 5089 adesse
2662 5031 2964 5096 festivitati,
3015 5030 3173 5086 facile
3201 5029 3358 5085 nobis
3387 5029 3648 5098 impetra-

2058 5128 2136 5183 bit
2156 5137 2210 5182 ct
2237 5127 2290 5180 in
2313 5125 2564 5197 prmsenti
2599 5131 2961 5192 opportunum
3001 5121 3272 5196 solatium,
3296 5129 3350 5174 et
3379 5120 3431 5173 in
3461 5117 3644 5172 futuro

2060 5219 2223 5274 vitam
2272 5225 2564 5280 aeternam,
2632 5221 2924 5286 praestante
2986 5212 3216 5266 Domino
3276 5219 3461 5266 nostro
3512 5209 3645 5265 Jesu

2058 5311 2297 5375 Christo,
2327 5309 2419 5378 qui
2444 5307 2650 5364 vivitet
2676 5311 2867 5375 regnat
2893 5319 3015 5359 cum
3041 5303 3151 5358 Deo
3173 5303 3334 5358 Patre
3358 5303 3412 5356 in
3436 5300 3646 5356 unitate

2058 5403 2293 5474 Spiritus
2318 5400 2489 5460 sancti
2521 5397 2685 5457 Deus.
2713 5412 2808 5468 per
2835 5393 3016 5449 omnia
3052 5392 3248 5450 srecula
3297 5389 3640 5464 (iaculorum.

2056 5496 2244 5551 Amen.

2590 5575 2870 5633 HOMILIA
2912 5575 3078 5634 XXX.

2435 5691 2498 5729 DE
2538 5687 2746 5730 JEJUNIO
2785 5684 2974 5726 κιεΝδιε
3011 5682 3246 5724 εεῐιτωι.

2135 5767 2330 5822 Mensis
2351 5765 2564 5841 septimi
2596 5764 2891 5823 secundum
2919 5760 3113 5821 divinae
3139 5756 3274 5835 legis
3301 5752 3646 5816 sanetiott-"m
