4040 6188
306 316 369 371 57
1280 318 1597 385 ΗΟΜΙΜᾸΕ
1628 320 1716 376 DE
1754 320 1880 378 FES

1981 324 1996 379 ἱ
2033 323 2440 401 rumpitis,
2470 331 2626 390 ure.
3506 341 3571 394 58

306 432 497 524 fratres
521 430 853 501 cbarissimi,
885 449 1031 499 nunc
1050 433 1218 491 instat
1241 434 1550 501 celebritaS,
1567 452 1732 507 quam
1750 437 1892 493 diem
1920 442 1969 500 A
1998 439 2151 510 Quod
2192 453 2373 500 autem
2419 447 2487 503 de
2535 447 3006 505 tabernaculorum
3054 448 3356 513 festivitate
3405 466 3568 524 supra

307 522 673 595 expiationum
728 532 786 585 et
802 524 1212 589 soleumitatem
1244 527 1716 590 tabernaculortun
1750 538 1894 587 vete-

306 631 393 674 res
414 614 793 682 celebrabant,
816 632 921 681 nos
944 618 1134 688 utique
1154 627 1562 693 communentes
1611 628 1671 673 ut
1699 619 1895 675 intelli-

304 719 492 779 gamus
520 721 622 769 nos
650 706 705 769 in
727 707 1014 775 praesentis
1040 708 1166 763 vitae
1200 708 1661 778 peregrinatione,
1692 710 1761 765 ab
1781 725 1893 767 om-

302 796 357 852 ni
385 794 507 859 labe
556 804 912 866 peccatorum
938 812 1035 867 per
1066 798 1382 868 sanguinem
1427 800 1742 856 mediatoris
1789 816 1889 856 no-

300 887 395 949 stri
424 887 700 956 expiatos,
735 886 974 952 futuram
1004 889 1058 947 in
1097 887 1252 947 caelis
1278 905 1525 960 querere
1569 890 1769 948 debere
1794 908 1889 963 pa-

300 982 454 1043 triam
484 1000 499 1036 :
525 999 634 1041 non
677 984 820 1043 attint
862 982 1113 1043 habemus
1142 984 1228 1041 hic
1274 995 1568 1041 manantem
1604 985 1885 1062 ciuitatem,

298 1071 384 1127 sed
406 1071 649 1142 futuram
678 1073 994 1144 inquirimus
1019 1072 1207 1145 (Hebr.
1238 1074 1380 1146 xui).
1407 1073 1542 1131 Nam
1573 1084 1633 1131 ut
1662 1076 1779 1134 haec
1805 1070 1887 1132 lit-

1997 547 2566 604 commemoravnmus,
2619 539 2725 596 hoc
2749 539 3018 610 signiticet
3045 542 3187 611 quod
3238 557 3340 597 nos
3379 544 3474 613 qui
3500 546 3571 602 ab

1996 624 2317 696 iutelligibili
2356 628 2615 701 Egypto,
2648 631 2754 688 hoc
2803 640 2888 688 est
2916 632 3254 691 infidelitatis
3302 636 3567 703 tenebris,

1991 725 2050 772 et
2088 733 2120 772 a
2157 719 2420 789 spiritalis
2469 719 2769 778 Pharaonis
2797 724 3081 791 servitute,
3129 726 3221 795 qui
3272 729 3570 783 secundum

1991 810 2391 879 corruptionem
2412 810 2642 867 laterum
2673 815 2956 884 praesentis
2996 816 3177 871 saeculi
3198 825 3310 883 est,
3351 817 3564 873 liberati

1991 911 2197 962 sumus,
2228 915 2388 956 omne
2430 910 2643 972 tempus
2674 904 2832 959 istius
2868 905 3013 971 vitm,
3067 907 3208 975 quod
3256 910 3567 978 septenario

1987 989 2197 1046 dierum
2221 992 2495 1057 curriculo
2523 994 2775 1060 volvitur,
2800 997 2852 1051 in
2878 997 3239 1053 tabernaculis
3271 1001 3428 1069 quasi
3465 1015 3563 1070 pe-

1984 1080 2191 1151 regrini
2219 1082 2467 1139 habitare
2493 1085 2773 1151 debemus,
2796 1087 3038 1142 dicentes
3081 1102 3201 1143 cum
3241 1089 3563 1145 Psalmista:

298 1163 466 1219 cidius
486 1172 736 1255 pateant,
769 1164 884 1233 ipsa
911 1165 1074 1220 verba
1107 1164 1242 1235 legis
1260 1165 1517 1221 eharitati
1545 1176 1742 1223 vestra:
1763 1170 1889 1225 bre-
1986 1171 2173 1226 Incola
2220 1189 2314 1244 ego
2342 1191 2458 1241 sum
2485 1174 2540 1229 in
2587 1185 2750 1241 terra,
2775 1187 2825 1230 et
2849 1178 3176 1249 peregrinus,
3205 1180 3339 1234 sicut
3387 1196 3567 1238 omnes

297 1256 432 1310 riter
444 1270 887 1321 commemorare
916 1256 1094 1312 liceat.
1130 1256 1370 1313 Locutus
1398 1266 1485 1314 est
1529 1259 1884 1322 enimDomi-
1983 1270 2156 1330 patres
2198 1262 2372 1333 (Psal.
2404 1266 2633 1335 cxvm);
2663 1275 2720 1321 et
2749 1284 2762 1320 :
2793 1266 2961 1322 Credo
2982 1268 3155 1323 ridere
3183 1269 3317 1323 bona
3349 1269 3559 1324 Domini

297 1362 394 1403 nus
416 1348 489 1403 ad
518 1346 762 1418 Moysen,
792 1348 980 1404 dicens
1008 1366 1023 1403 :
1052 1348 1286 1421 Loquere
1314 1350 1439 1419 ﬁliis
1464 1350 1636 1406 Israel
1658 1366 1678 1405 :
1706 1353 1886 1409 Mense
1980 1350 2038 1405 in
2079 1360 2221 1405 terra
2257 1350 2538 1406 uiuentium
2559 1355 2649 1424 (ib.
2667 1356 2848 1427 xxvi);
2877 1356 3261 1428 imitantesque
3280 1367 3443 1428 caput
3466 1374 3568 1416 no-

297 1448 530 1518 “primo,
555 1448 732 1518 prima
751 1446 837 1500 die
861 1447 1074 1511 mensis,
1102 1448 1199 1500 erit
1224 1447 1366 1501 vobis
1387 1446 1661 1502 sabbatum
1681 1464 1881 1503 mmo-
1983 1449 2181 1508 strum,
2231 1443 2407 1514 ipsam
2442 1445 2763 1510 Veritatem,
2816 1462 2939 1516 qua:
2961 1446 3100 1502 dixit
3125 1464 3140 1502 :
3172 1446 3366 1519 Vulpes
3388 1451 3569 1519 foveas

297 1537 442 1603 ride,
463 1536 827 1607 derigentibus
851 1536 1012 1600 tubis,
1035 1545 1084 1595 et
1118 1536 1391 1591 vocabitur
1417 1546 1657 1592 sanctum
1683 1553 1700 1591 :
1728 1554 1881 1594 omne
1980 1530 2192 1597 habent,
2225 1543 2276 1586 ct
2309 1532 2541 1589 uolucres
2591 1535 2705 1589 caeli
2734 1536 2885 1591 nidos
2915 1550 2934 1588 :
2961 1536 3106 1606 ﬁlius
3142 1547 3316 1597 autem
3341 1538 3566 1594 hominis

298 1645 417 1698 opus
457 1625 649 1682 servile
682 1642 789 1681 non
831 1626 1038 1696 facietis
1057 1626 1112 1680 in
1145 1642 1229 1692 eo,
1272 1636 1322 1680 et
1367 1627 1599 1696 offeratis
1629 1626 1882 1682 holocau-
1982 1637 2087 1676 non
2129 1623 2280 1678 habet
2320 1626 2411 1679 ubi
2453 1636 2612 1696 caput
2640 1644 2796 1685 suum
2847 1627 3057 1683 reclinet
3088 1627 3240 1700 (Luc.
3294 1628 3412 1701 Ix);
3471 1631 3566 1700 qui

298 1730 428 1773 stum
470 1716 703 1772 Domino
735 1716 922 1786 (Leuit.
948 1715 1138 1787 XXIII);
1163 1724 1220 1772 et
1244 1716 1408 1788 paulo
1429 1725 1552 1787 post
1592 1736 1606 1769 :
1641 1716 1876 1783 Decima,
1982 1729 2082 1769 nos
2137 1716 2204 1769 ad
2230 1730 2518 1785 supernam
2563 1719 2791 1788 patriam
2834 1720 3162 1788 praecedens,
3195 1719 3444 1789 promisit
3472 1735 3568 1774 no-

298 1806 483 1876 iuquit,
530 1806 619 1861 die
664 1806 860 1861 mensis
901 1806 1061 1876 hujus
1102 1807 1329 1877 septimi,
1372 1807 1484 1862 dies
1522 1808 1878 1878 expiationum
1907 1804 1954 1863 B
1982 1803 2085 1867 bis,
2115 1806 2190 1859 ita
2221 1806 2450 1862 dicens:
2486 1807 2636 1862 Vada
2672 1824 2863 1878 parare
2896 1807 3037 1862 vobis
3064 1807 3260 1872 locum,
3301 1818 3347 1861 et
3370 1807 3562 1861 iterum

298 1899 389 1951 erit
430 1896 823 1962 celeberrimus,
865 1905 915 1952 et
961 1897 1235 1952 vocabitur
1253 1907 1468 1952 sanctus
1495 1912 1516 1951 :
1545 1899 1884 1970 aﬂigetisque

298 1991 497 2058 annuas
523 2000 724 2045 vestras
745 1990 801 2043 in
816 2005 901 2056 eo,
926 1998 978 2043 et
999 1988 1228 2058 oﬂ'eretis
1249 1989 1615 2044 holocaustum
1633 1988 1879 2043 Domino.

300 2054 462 2137 Om‘ne
500 2097 633 2151 opus
661 2096 769 2134 non
804 2054 1100 2149 facietis
1138 2089 1366 2149 tempore
1394 2078 1555 2148 hujus
1600 2078 1727 2144 diei,
1756 2079 1882 2148 quia

298 2176 401 2229 dies
440 2175 837 2245 propitiationis
865 2184 966 2240 est,
1016 2184 1071 2228 ut
1104 2175 1416 2245 prapitietur
1443 2175 1584 2228 vobis
1626 2174 1882 2229 Dominus

303 2264 433 2319 Deus
463 2276 647 2320 vester.
686 2263 875 2320 Omnis
898 2265 1077 2318 anima
1096 2278 1215 2329 quae
1237 2262 1426 2334 aﬁlicta
1460 2278 1565 2317 non
1591 2262 1749 2330 fuerit
1797 2262 1883 2317 die

298 2353 410 2419 hoc,
430 2354 619 2421 peribit
640 2354 707 2407 de
724 2352 931 2425 populis
965 2353 1093 2418 suis,
1119 2361 1176 2408 et
1207 2351 1414 2422 reliqua
1427 2352 1618 2424 (Ibid)
1638 2368 1653 2417 ;
1677 2360 1732 2407 et
1761 2360 1882 2422 post

300 2440 563 2510 aliquanta
598 2458 615 2494 :
639 2440 841 2507 Hense,
869 2442 1065 2512 inquit,
1099 2442 1318 2513 septimo
1340 2442 1473 2511 festa
1498 2441 1820 2497 celebrabitis
1834 2451 1881 2496 et

298 2532 595 2586 habitabilis
629 2532 685 2587 in
717 2532 1041 2587 umbraculis
1065 2524 1257 2603 septem
1289 2533 1512 2588 diebus:
1535 2533 1702 2589 omnis
1715 2534 1804 2604 qui
1819 2534 1882 2588 de

299 2639 475 2691 genere
500 2631 575 2677 est
597 2621 796 2689 Israel,
827 2624 1058 2678 manebit
1083 2625 1141 2677 in
1172 2622 1542 2688 tabernaculis,
1588 2633 1647 2678 ut
1674 2623 1881 2677 discant

298 2715 481 2782 posteri
527 2716 687 2769 uestri
729 2715 870 2785 quod
908 2716 967 2771 in
1005 2715 1357 2773 tabernaculis
1389 2715 1626 2773 habitare
1671 2716 1879 2786 fecerim

298 2804 428 2871 ﬁlios
457 2804 652 2870 Israel,
680 2821 800 2860 cum
840 2805 1112 2860 educerem
1134 2821 1221 2860 eos
1260 2804 1327 2860 de
1347 2815 1491 2859 terra
1515 2804 1757 2876 zEgypti,
1787 2822 1881 2876 ego

298 2895 546 2951 Dominus
583 2894 730 2950 Deus
771 2893 1192 2967 resteﬂlbid.)
1231 2895 1392 2957 Ecce,
1440 2894 1640 2951 fratres
1668 2896 1880 2951 cbaris-

299 2986 433 3051 simi,
484 2994 692 3058 quanta
746 2987 1070 3064 auctoritate
1116 2987 1255 3042 ritus
1303 2985 1464 3057 hujus
1524 2986 1881 3043 solemuitatis

1987 1898 2212 1962 veniam,
2264 1906 2315 1951 et
2348 1898 2603 1967 accipiam
2657 1914 2743 1953 vos
2787 1902 2856 1950 ad
2902 1898 3176 1967 meipsurn,
3220 1907 3275 1950 ut
3311 1898 3397 1950 ubi
3447 1912 3565 1950 sunt

1982 2004 2100 2059 ego,
2139 1996 2190 2041 et
2218 2004 2307 2043 uos
2340 1989 2456 2043 sitis
2485 1988 2666 2059 (Joan.
2713 1987 2846 2060 xiv).
2902 1987 3054 2041 lianc
3077 1987 3410 2049 iustissimam
3440 2001 3567 2057 pru-

1984 2079 2295 2135 missionem
2323 2078 2704 2148 Redemptoris
2733 2079 2904 2134 nostri
2934 2077 3313 2146 suscipientes,
3360 2076 3563 2137 fratres

1983 2172 2312 2238 cbarissimi,
2346 2181 2520 2233 totum
2550 2171 2878 2228 desiderium
2913 2179 3160 2225 nostrum
3190 2169 3243 2224 in
3270 2169 3388 2240 ejus
3416 2184 3566 2223 amo-

1983 2277 2098 2317 rem
2118 2269 2425 2328 vertamus;
2486 2277 2595 2317 non
2644 2262 2813 2316 simus
2840 2259 3041 2331 cupidi,
3080 2271 3256 2327 neque
3292 2258 3441 2320 elati,
3491 2259 3561 2313 ad

1983 2362 2303 2423 praesentem
2347 2353 2766 2423 prosperitatein
2820 2352 3182 2416 iuteudcntcs,
3242 2350 3339 2405 sed
3394 2349 3567 2421 magis

1984 2445 2300 2501 festinemus
2326 2460 2425 2514 per
2467 2445 2752 2514 pressantis
2788 2444 2912 2498 vitae
2949 2443 3190 2497 laborem
3216 2443 3284 2496 ad
3324 2440 3565 2511 requiem

1982 2535 2169 2590 venire
2209 2542 2529 2605 perpetuam
2559 2531 2703 2587 :Per
2746 2531 2944 2587 multas
2992 2531 3136 2586 enim
3199 2528 3563 2583 tribulationes

1981 2636 2179 2699 oportet
2216 2642 2310 2682 nos
2335 2628 2535 2681 intrare
2555 2626 2611 2679 in
2640 2640 2858 2695 regnum
2878 2622 3128 2694 Dei(Act.
3178 2618 3313 2693 xw).
3373 2618 3563 2675 Simus

1983 2718 2051 2772 ad
2078 2718 2474 2788 eleemosynam
2512 2716 2769 2787 prompti,
2825 2713 2959 2785 largi
2996 2713 3050 2767 in
3082 2710 3369 2766 tribuendo
3417 2708 3558 2763 sola-

1982 2807 2118 2862 tium
2167 2806 2448 2878 egentibus
2492 2805 2753 2875 proximis
2798 2803 3017 2859 nostris.
3050 2799 3188 2856 Nudi
3245 2798 3565 2854 intravimus

1983 2896 2037 2950 in
2090 2897 2237 2953 hunc
2281 2895 2560 2959 mundum,
2608 2893 2738 2948 nudi
2777 2891 3046 2949 exibimus
3089 2890 3157 2946 de
3202 2890 3306 2944 hoc
3359 2886 3562 2942 mundo

1984 2985 2129 3059 (Job.
2157 2987 2220 3061 ι).
2250 2985 2703 3043 Thesaurizemus
2730 2984 2887 3040 nobis
2915 2976 3186 3037 thesauros
3217 2980 3273 3034 in
3305 2976 3453 3042 cwlo,
3473 2975 3565 3031 ubi

298 3077 542 3147 primitus
571 3094 603 3132 a
639 3077 872 3134 Domino
914 3079 1243 3136 constitutus
1283 3088 1386 3144 est,
1444 3095 1606 3152 quem
1656 3081 1881 3138 minime
1925 3150 1937 3152 Α
1986 3093 2079 3132 nec
2116 3094 2314 3148 wrugo,
2351 3093 2444 3131 nec
2469 3077 2609 3130 tinea
2636 3072 2937 3138 demolitur,
2965 3088 3058 3127 nec
3093 3071 3236 3142 fures
3283 3067 3561 3137 effodiunt,

299 3169 492 3225 violare
515 3169 667 3235 licet,
691 3170 804 3225 imo
823 3186 947 3227 cum
973 3172 1119 3227 omni
1150 3150 1569 3228 honoriﬁcentia
1588 3171 1874 3238 virtutum,
1906 3150 1950 3212 (ἶ
1983 3181 2075 3218 nec
2112 3163 2361 3233 furantur
2402 3161 2618 3234 (Matth.
2665 3160 2760 3232 vi).
2809 3158 3147 3230 Castigemus
3201 3170 3423 3212 carnem
3468 3168 3564 3207 no-

300 3263 603 3319 sobrietatis
631 3278 851 3334 quoque
877 3270 933 3319 et
961 3264 1252 3332 castitatis,
1283 3262 1474 3334 jejuuii
1503 3272 1559 3319 ct
1595 3277 1875 3320 sacrarum

296 3354 621 3422 orationum,
685 3356 848 3427 digne
890 3357 1141 3412 venerari
1206 3357 1382 3413 decet.
1433 3356 1546 3413 Nec
1586 3370 1876 3412 onerosum

300 3442 457 3498 videri
489 3444 649 3499 debet
693 3445 968 3517 dilectioni
990 3455 1185 3503 vestra:
1211 3447 1256 3503 si
1292 3447 1473 3516 aliqua
1499 3447 1665 3503 verba
1692 3462 1760 3502 ex
1789 3463 1878 3502 su—

302 3535 582 3604 prapositis
607 3537 895 3593 sententiis
934 3552 1286 3608 exponamus,
1324 3537 1450 3607 quia
1504 3536 1714 3593 dulcius
1743 3536 1875 3592 illud

299 3625 655 3690 celebrabitis,
698 3630 855 3697 cuius
897 3628 1162 3683 rationem
1212 3628 1352 3684 bene
1398 3627 1748 3698 cognoscitis.
1779 3626 1878 3684 Se-

299 3718 569 3785 ptenarius
619 3734 753 3790 ergo
792 3735 1053 3776 numerus
1093 3720 1330 3793 primum
1378 3720 1685 3775 evidentem
1738 3719 1879 3792 gerit

1979 3262 2148 3307 stram
2172 3267 2294 3307 cum
2334 3249 2557 3322 jejuniis
2602 3259 2657 3304 et
2689 3249 2919 3322 vigiliis;
2974 3246 3367 3304 mortificemus
3409 3243 3560 3300 volu-

1978 3350 2180 3413 ptatum
2227 3340 2497 3412 corporis,
2544 3348 2604 3394 ut
2655 3338 2709 3393 in
2737 3338 2896 3393 nobis
2926 3337 3104 3408 vigeat
3139 3336 3311 3391 virtus
3349 3333 3561 3390 animus.

1980 3429 2162 3484 Omnis
2199 3430 2336 3484 enim
2403 3429 2581 3482 anima
2631 3444 2748 3499 quia
2786 3428 2977 3499 afﬂicta
3018 3443 3121 3480 non
3171 3424 3328 3495 {inerit
3380 3425 3437 3477 in
3474 3422 3562 3479 die

1976 3521 2093 3586 hoc,
2130 3521 2316 3590 peribit
2357 3519 2422 3575 de
2441 3517 2648 3591 populis
2670 3517 2798 3573 suis.
2831 3518 2945 3572 Hoc
2969 3526 3055 3572 est
3080 3523 3329 3586 patenter
3356 3515 3558 3581 dicere,

1976 3610 2230 3681 Quisquis
2249 3611 2305 3666 in
2348 3610 2603 3682 praesenti
2643 3609 2754 3663 vita
2778 3607 3031 3663 deliciose
3062 3616 3119 3660 et
3142 3606 3380 3676 segniter
3403 3605 3560 3669 vivit,

1974 3703 2424 3759 exterminabitur
2466 3700 2536 3755 de
2563 3707 2710 3754 cestu
2743 3705 3080 3760 sanctorum,
3121 3694 3339 3764 quando
3378 3692 3558 3763 justus

300 3807 643 3875 perfectionis
684 3825 749 3885 ac
791 3811 1278 3866 consummationis
1308 3809 1536 3882 ﬁguram
1570 3829 1583 3864 :
1615 3810 1729 3865 sive
1757 3824 1875 3880 spe-

1981 3791 2137 3860 iudex
2174 3790 2312 3845 bene
2337 3789 2675 3844 certantibus
2708 3787 2927 3861 praemia
2950 3783 3136 3839 reddet
3166 3791 3391 3847 mterna,
3424 3784 3564 3839 otio-

298 3897 500 3953 cialiter
562 3900 993 3971 uniuscujusque
1046 3909 1314 3967 nostrum,
1374 3901 1489 3956 sive
1552 3899 1879 3972 generaliter

299 3990 527 4044 omnium
554 3990 875 4058 electorum,
906 3992 1049 4062 quod
1099 3992 1284 4062 utique
1312 3990 1533 4047 denotat
1565 3989 1715 4057 illud,
1749 3990 1876 4065 quia

301 4078 433 4134 Deus
459 4080 513 4134 in
541 4080 629 4137 die
651 4082 880 4151 septima
919 4082 1154 4138 cessavit
1195 4082 1263 4137 ab
1285 4082 1540 4152 operibus
1574 4081 1709 4146 suis,
1737 4080 1874 4136 dans

301 4170 450 4224 nobis
474 4185 542 4224 ex
574 4172 687 4242 ipsa
728 4173 972 4242 requiem
1003 4182 1244 4228 nostram
1297 4171 1589 4241 conjicere,
1637 4171 1706 4227 de
1767 4184 1874 4241 qua

301 4256 489 4316 Paulus
526 4261 642 4315 ait:
673 4260 780 4327 Qui
800 4265 938 4316 enim
959 4263 1225 4333 ingressus
1261 4272 1339 4317 est
1358 4264 1415 4317 in
1441 4261 1589 4316 illam
1624 4262 1872 4334 requiem,

300 4352 533 4421 requiescit
573 4355 684 4427 ipse
722 4355 790 4407 ab
819 4355 1056 4409 omnibus
1083 4354 1323 4425 operibus
1355 4355 1487 4420 suis,
1527 4354 1662 4406 sicut
1699 4348 1731 4406 a
1757 4353 1869 4407 suis
1909 4405 1911 4408 ε

301 4438 432 4496 Deus
477 4442 668 4514 (Hebr.
703 4444 799 4516 iv).
832 4442 958 4511 (Sed
987 4444 1200 4500 initium
1228 4444 1711 4502 consummationis
1738 4453 1875 4500 tem-

1976 3882 2052 3937 sis
2080 3889 2261 3936 autem
2284 3888 2340 3936 et
2376 3876 2771 3950 negligentibus
2812 3874 3075 3945 supplicia
3106 3873 3308 3929 tribuet
3358 3873 3559 3943 sempi-

1974 3982 2149 4030 terna.
2196 3972 2256 4028 ln
2283 3972 2387 4028 hac
2412 3969 2626 4042 quidem
2659 3966 2913 4039 prmsenti
2963 3965 3288 4037 septimana,
3340 3962 3560 4028 fratres,

1975 4063 2271 4120 secundum
2297 4060 2740 4121 constitutionem
2766 4066 3077 4113 sanctorum
3101 4054 3344 4121 Patrum,
3368 4062 3564 4124 quarta

1974 4165 2030 4212 et
2058 4165 2213 4212 sexta
2238 4154 2393 4220 feria,
2424 4167 2528 4208 nec
2551 4166 2660 4207 non
2684 4157 2740 4205 et
2764 4149 3012 4215 sabbato,
3045 4146 3198 4202 nobis
3212 4145 3566 4216 jejunandum

1973 4258 2076 4312 est,
2104 4255 2164 4301 ut
2192 4246 2246 4301 in
2274 4245 2465 4301 diebus
2495 4239 2894 4314 propitiationis
2928 4254 3028 4310 per
3066 4238 3270 4310 jejunia
3312 4246 3370 4291 et
3425 4235 3569 4292 elec-

1973 4352 2361 4410 mosyuas,per
2383 4351 2577 4408 preces
2598 4345 2653 4390 et
2675 4332 3117 4404 supplicationes,
3141 4327 3567 4384 misericordiam

1976 4431 2031 4486 in
2060 4437 2358 4501 conspectu
2391 4426 2687 4484 conditoris
2724 4422 2897 4478 nostri
2954 4421 3199 4479 invenire
3230 4432 3557 4477 mereamur.

297 4504 503 4598 porum,
527 4504 852 4590 Domiui'est
881 4534 1183 4603 adventus;
1211 4534 1278 4589 de
1303 4550 1413 4606 quo
1436 4533 1672 4591 Joannes
1702 4549 1868 4591 evan-
1899 4504 1953 4564 Ῑ)
1976 4521 2166 4579 Nullus
2193 4535 2253 4578 se
2280 4529 2527 4576 nostrum
2565 4519 2620 4571 in
2664 4514 2943 4585 praedictis
2962 4513 3152 4606 diebus
3200 4512 3268 4567 ab
3315 4509 3561 4571 ecclesiis

295 4619 483 4689 gelista
510 4621 590 4676 ait
622 4641 635 4676 :
668 4621 842 4691 ﬁlioli,
863 4622 1144 4677 novissima
1178 4623 1316 4678 enim
1337 4624 1468 4678 hora
1487 4632 1564 4677 est
1592 4640 1610 4688 ;
1660 4623 1765 4679 hoc
1795 4623 1876 4677 vi-

295 4708 488 4765 delicet
519 4715 732 4782 tempus
752 4713 973 4782 septimi
996 4714 1199 4769 mensis
1218 4713 1324 4768 rite
1346 4712 1641 4784 significat,
1671 4713 1727 4768 in
1766 4727 1877 4784 quo

296 4801 535 4871 requiem
562 4803 768 4858 habere
793 4803 1134 4873 incipiemus,
1175 4803 1233 4860 id
1251 4811 1355 4869 est,
1401 4818 1591 4860 carere
1620 4792 1878 4873 operibus

294 4890 467 4963 malis,
515 4900 575 4947 et
597 4907 630 4947 a
668 4892 827 4964 gravi
880 4893 1092 4949 sarcina
1131 4902 1480 4963 peccatorum
1514 4892 1756 4948 liberari.
1819 4892 1877 4946 In

295 4981 395 5037 hoc
419 4997 551 5055 ergo
591 4983 721 5037 tuba
744 4983 1052 5054 apostolicae
1090 4983 1492 5055 praedicationis
1540 4983 1610 5037 ad
1643 4981 1882 5039 sanctiﬁ-

287 5072 556 5129 cationem
590 5088 693 5130 nos
720 5074 934 5141 invitat,
984 5082 1040 5131 et
1094 5074 1315 5131 servilia
1359 5087 1527 5144 opera
1572 5087 1734 5145 agere
1779 5088 1876 5131 ve-

290 5171 365 5219 tat
387 5182 404 5218 :
429 5180 536 5220 non
560 5174 649 5222 est
676 5166 823 5221 enim
849 5164 963 5237 jam
997 5173 1208 5236 tempus
1236 5179 1400 5236 opera
1431 5162 1647 5220 servilia
1671 5162 1873 5230 facere,

287 5255 414 5326 quia
442 5248 641 5312 sumcit
668 5256 1007 5327 praeteritum
1035 5265 1249 5327 tempus
1284 5255 1353 5310 ad
1381 5254 1714 5310 voluntatem
1744 5268 1877 5326 gen-

288 5346 441 5413 tium,
496 5347 557 5402 in
600 5332 711 5419 quo
736 5356 888 5417 gesta
927 5355 1054 5404 sunt
1083 5362 1149 5402 ea
1199 5361 1321 5417 qua:
1358 5352 1519 5402 erant
1568 5345 1787 5416 turpia;
1821 5353 1880 5402 et

284 5438 544 5499 debemus
576 5440 1037 5521 quemadmodum
1074 5439 1421 5509 exhibuimus
1468 5438 1714 5494 membra
1772 5452 1876 5494 no-

285 5539 400 5587 atra
441 5546 592 5587 arma
648 5530 962 5602 iniquitatis
984 5530 1051 5585 ad
1082 5529 1452 5599 iniquitatem,
1496 5526 1572 5582 ita
1618 5525 1878 5581 exhibere

286 5622 525 5679 membra
581 5632 776 5679 nostra
825 5635 977 5676 arma
1018 5619 1246 5695 iustitiae
1290 5620 1345 5673 in
1389 5616 1876 5674 sanctiﬁcationem

286 5710 457 5781 (Rom.
484 5714 583 5789 vi),
601 5715 823 5783 beast
847 5711 995 5771 enim
1019 5725 1207 5767 verum
1234 5709 1608 5766 holocaustum
1638 5706 1872 5764 Domini.

1975 4623 2243 4674 conventu
2271 4613 2582 4677 subtrahat,
2610 4610 2707 4665 sed
2734 4609 2908 4681 magis
2937 4597 3004 4665 se'
3020 4609 3218 4664 ibidem
3248 4608 3388 4663 inter
3410 4622 3564 4666 sacra

1978 4708 2268 4762 missarum
2323 4700 2587 4760 solemnia
2621 4700 2732 4755 Deo
2768 4714 2889 4754 cum
2915 4698 3176 4771 lacrymis
3200 4703 3255 4753 et
3305 4711 3567 4768 compun-

1978 4799 2159 4855 ctione
2187 4794 2368 4851 cordis
2413 4792 2621 4850 orando
2649 4791 3035 4847 commendare
3084 4790 3303 4846 studeat
3340 4796 3567 4859 :quate~

1981 4905 2083 4945 nus
2122 4886 2496 4943 remissionem
2553 4883 2951 4955 prmteritorum
2998 4889 3344 4951 peccatorum
3386 4879 3566 4950 perclo

1984 4982 2134 5055 piat,
2188 4988 2247 5035 et
2283 4992 2382 5049 per
2431 4976 2661 5049 gratiam
2706 4973 2922 5044 adjutus
2984 4973 3040 5028 in
3099 4972 3308 5040 futuro,
3368 4971 3562 5029 melius

1982 5088 2041 5129 se
2088 5088 2120 5127 a
2162 5068 2401 5143 peccatis
2446 5067 2700 5124 omnibus
2725 5067 3017 5123 observare
3040 5073 3202 5137 queat
3230 5083 3243 5120 :
3271 5069 3562 5135 przestaute

1982 5164 2099 5235 ipso
2118 5161 2480 5233 Redemptore
2496 5167 2687 5213 nostro
2713 5156 2841 5212 Jcsu
2866 5156 3108 5222 Christo,
3131 5155 3368 5227 quicum
3399 5152 3562 5210 Patre

1980 5261 2036 5309 et
2081 5251 2286 5323 Spiritu
2314 5257 2503 5306 sancto
2537 5247 2673 5304 vivit
2699 5256 2755 5302 et
2797 5255 2988 5317 regnat
3038 5247 3199 5313 Deus,
3238 5260 3339 5317 per
3381 5242 3562 5303 omnis

1981 5344 2174 5401 saecula
2212 5341 2552 5398 saeculorum.
2581 5339 2774 5394 Amen.

2516 5426 2799 5485 HOMILIA
2835 5425 3029 5483 XXX‘l.

2051 5538 2106 5577 IN
2144 5536 2502 5587 FESTIVITATE
2539 5534 2728 5575 SANCTI
2767 5532 3051 5573 IIICHAELIS
3090 5522 3445 5568 Ακοηλκῦειι.

2052 5611 2204 5667 Beati
2232 5610 2513 5667 Michaelis
2540 5608 2826 5685 solemnia,
2851 5606 3052 5660 fratres
3077 5599 3403 5666 cbarissimi,
3422 5599 3564 5655 cele-

1981 5706 2224 5770 brantes,
2287 5701 2418 5759 libet
2460 5714 2558 5757 nos
2598 5697 2800 5771 aliquid
2849 5694 3003 5751 vobis
3047 5693 3114 5749 de
3146 5692 3248 5751 hac
3275 5690 3564 5751 festivitate
