4040 6188
455 333 527 389 59
1086 338 1148 393 Β.
1188 338 1441 394 MBAN!
1478 337 1697 394 MAURI
1732 337 2046 393 ARCHIEP.
2091 337 2399 394 MOGUNT.
2437 335 2721 394 OPERUM
2760 336 2938 394 PARS
2977 338 3039 393 ll.
3628 344 3700 399 60

453 449 656 512 dicere,
683 455 948 518 quatenus
986 465 1139 505 mens
1165 461 1343 506 vestra
1370 467 1436 506 eo
1469 453 1734 507 valentior
1757 453 1824 506 ad
1855 452 2020 506 cmic-
2051 460 2092 515 Α
2122 453 2428 506 nominatur
2458 468 2471 502 :
2514 450 2662 505 illum
2704 451 2900 520 quippe
2927 449 3177 506 nuntiam
3205 451 3474 517 veniebat,
3507 455 3599 524 qui
3626 456 3697 511 ad

454 551 558 594 sua
580 556 639 596 se
665 542 856 610 erigat,
904 557 1014 612 quo
1066 557 1124 597 se
1169 543 1447 612 cognoscit
1481 557 1667 597 eorum
1707 543 2021 597 memoriam

453 632 701 689 venerari
730 633 784 688 in
841 637 1020 699 terris,
1053 650 1281 703 quorum
1321 635 1583 691 habitatio
1607 645 1692 691 est
1731 652 1943 705 semper
1969 638 2020 705 in

455 724 627 779 caelis.
667 725 810 779 Bene
835 738 966 795 ergo
1002 726 1288 794 prtevisnm
1317 737 1400 781 est
1455 728 1609 782 nobis
1639 743 1668 781 a
1692 728 1894 782 sanctis
1923 728 2024 780 Pa-

387 849 389 852 ι
456 815 646 880 tribus,
672 822 731 868 ut
769 815 861 883 qui
885 822 1197 870 sanctorum
1233 824 1531 886 martyrum
1563 826 1725 886 atque
1749 816 2024 871 confesso-

456 921 573 958 rum
601 921 698 974 per
742 913 911 960 totum
940 921 1139 959 annum
1183 907 1367 961 varias
1421 907 1811 962 celebrationes
1858 908 2023 961 habe-

455 1009 591 1056 mus,
618 991 671 1046 in
712 993 899 1048 diebus
944 993 1199 1048 natalium
1254 1010 1462 1059 eorum,
1519 996 1732 1064 quando
1759 996 1826 1051 de
1851 1004 2021 1050 morte

455 1081 922 1151 triumphaverunt
950 1091 1004 1136 et
1050 1083 1115 1137 ad
1148 1085 1312 1138 vitam
1367 1085 1540 1139 renati
1579 1095 1706 1139 sunt
1743 1095 2018 1150 aeternam,

451 1173 640 1226 saltem
683 1173 767 1227 vel
811 1189 916 1228 una
963 1175 1048 1228 die
1096 1185 1407 1230 sanctorum
1439 1175 1880 1247 archangelorum
1911 1193 2020 1231 mc-

452 1265 677 1318 moriam
703 1264 1010 1318 solemniter
1033 1280 1435 1331 veneraremur,
1487 1276 1545 1321 ut
1575 1283 1800 1336 quormn
1833 1283 2021 1322 omnes

451 1368 666 1423 semper
688 1355 986 1426 indigemus
1007 1356 1205 1410 auxilio
1233 1366 1419 1411 contra
1454 1358 1624 1412 hostis
1655 1359 1858 1427 antiqui
1890 1359 2022 1413 insi-

449 1444 587 1508 dias,
617 1445 779 1500 etiam
817 1444 871 1498 in
912 1445 1183 1500 communi
1213 1454 1479 1500 conventu
1511 1447 1716 1516 pariter
1761 1463 1948 1501 eorum
1987 1464 2017 1502 a

451 1531 678 1586 Domino
715 1533 1112 1604 postularemus
1156 1534 1428 1606 suli‘ragia.
1468 1535 1793 1606 Angelorum
1823 1537 2019 1606 quippe

449 1633 506 1678 et
547 1624 824 1678 hominum
873 1634 1120 1678 naturam
1163 1625 1229 1678 ad
1275 1628 1705 1696 cognoscendum
1753 1643 1811 1681 se
1842 1627 2020 1682 Domi-

448 1729 551 1768 nus
603 1714 863 1779 condidit,
915 1729 1076 1783 quam
1123 1713 1248 1768 dum
1294 1717 1590 1771 consistere
1637 1717 1702 1770 ad
1753 1726 2016 1772 aeternum

2124 543 2466 598 debellandas
2507 557 2694 597 aereas
2727 551 3020 613 potestates
3045 542 3264 598 humilis
3299 559 3559 613 apparere
3607 546 3694 600 di-

2123 641 2315 703 gnatus
2345 642 2444 687 est.
2481 632 2721 702 Raphael
2761 646 2995 702 quoque,
3025 633 3119 703 qui
3170 635 3236 688 ad
3266 635 3558 689 curandum
3587 634 3698 691 To-

2121 722 2222 775 biae
2244 722 2425 775 oculos
2455 722 2704 785 mittitur,
2731 721 2949 792 dignum
2973 722 3223 778 videlicet
3244 721 3345 776 fuit
3374 733 3432 777 ut
3458 723 3552 778 Dei
3583 740 3700 780 ute-

2120 812 2297 865 dicina
2343 820 2646 866 vocaretur.
2679 810 2968 866 Sciendum
3008 825 3139 880 ergo
3181 812 3430 881 estquod
3459 812 3560 882 ipsi
3594 829 3696 869 an-

2121 903 2272 972 gelici
2295 903 2534 973 spiritus,
2557 918 2678 958 cum
2710 903 2776 958 ad
2815 918 2915 958 nos
2941 904 3185 969 veniunt,
3212 905 3290 959 sic
3327 905 3566 960 exterius
3590 904 3697 959 im-

2120 993 2267 1063 plent
2312 995 2668 1049 ministerium
2701 1003 2760 1049 ut
2800 1002 2979 1049 tamen
3020 1009 3294 1063 nunquam
3335 995 3508 1049 desint
3552 995 3698 1051 inte-

2121 1083 2232 1138 rius
2268 1098 2365 1152 per
2389 1083 2913 1152 contemplationem.
2947 1084 3014 1138 Et
3038 1084 3322 1139 mittuntur
3344 1085 3507 1156 igitur
3529 1093 3588 1140 et
3605 1101 3697 1141 as-

2121 1173 2339 1238 sistunt,
2379 1175 2502 1243 quia
2544 1172 2652 1229 Deo
2708 1174 2906 1242 ubique
2953 1185 3244 1243 praesentes
3301 1187 3470 1230 sunt:
3507 1183 3696 1230 amant

2119 1270 2174 1315 et
2199 1263 2454 1316 obediunt
2495 1271 2658 1332 atque
2687 1263 2741 1317 in
2779 1263 3083 1317 humilitate
3117 1265 3450 1332 persistunt;
3505 1265 3695 1319 fruun-

2123 1361 2208 1406 tur
2256 1352 2395 1407 bono
2447 1353 2826 1418 inaestimabili,
2877 1363 2932 1408 et
2969 1353 3038 1407 ob
3065 1355 3170 1410 hoc
3218 1356 3451 1424 gaudent
3500 1355 3691 1410 laetitia

2119 1441 2489 1496 inenarrabili.
2532 1442 2727 1498 Pacem
2755 1443 2896 1497 inter
2933 1457 2990 1498 se
3033 1443 3233 1498 habent
3252 1452 3588 1514 perpetuam,
3635 1455 3695 1500 et

2116 1547 2305 1600 pacem
2334 1532 2611 1588 nobiseum
2661 1540 2849 1588 tenere
2879 1541 3081 1602 optant.
3149 1532 3289 1588 Sunt
3316 1534 3411 1603 pii,
3446 1535 3689 1605 benigni,

2116 1620 2515 1686 misericordes,
2534 1620 2677 1691 pleni
2705 1620 3011 1686 dilectione,
3041 1621 3175 1675 nihil
3203 1623 3312 1677 Deo
3339 1622 3556 1676 charius
3590 1623 3691 1676 du-

2117 1717 2264 1773 cunt,
2321 1718 2378 1764 et
2423 1710 2490 1764 ad
2523 1710 2669 1765 hunc
2707 1725 2944 1764 amorem
2989 1725 3088 1764 nos
3139 1711 3433 1766 accendere
3479 1709 3688 1764 volunt.

443 1803 630 1868 voluit,
687 1805 848 1860 etiam
879 1805 1066 1875 procul
1113 1807 1276 1861 dubio
1321 1808 1388 1860 ad
1414 1823 1566 1861 suam
1610 1809 2012 1864 similitudinem

2115 1798 2304 1852 Finem
2334 1797 2512 1869 gaudii
2541 1799 2623 1854 sui
2661 1815 2766 1855 non
2803 1801 3212 1870 pertimescunt,
3235 1809 3289 1856 et
3314 1802 3454 1856 hanc
3478 1801 3694 1856 securi-

443 1897 666 1950 creavit.
717 1897 916 1952 Novem
954 1913 1084 1952 vero
1124 1907 1247 1954 sunt
1283 1900 1502 1954 ordines
1545 1900 1880 1971 angelorum,
1917 1901 2014 1955 de-

445 1985 619 2040 cimus
652 2001 864 2055 quoque
910 1987 1071 2041 homo
1092 1997 1176 2041 est
1213 1997 1449 2052 creatus,
1480 1987 1571 2057 qui
1608 1989 1869 2043 conditori
1917 2003 2016 2042 suo

448 2090 548 2130 nec
571 2084 693 2144 post
727 2076 935 2146 culpam
964 2077 1144 2146 periit,
1175 2078 1298 2145 quia
1337 2077 1481 2132 hunc
1520 2087 1722 2132 acterna
1747 2079 2013 2148 sapientia

445 2181 543 2235 per
591 2181 811 2221 carnem
860 2168 1135 2222 miraculis
1161 2182 1476 2233 coruscans,
1519 2169 1672 2238 quasi
1719 2184 1786 2224 ex
1815 2168 2014 2223 lumine

445 2264 618 2319 testae,
664 2257 951 2325 reparavit.
982 2255 1116 2310 Nam
1145 2265 1372 2311 testante
1399 2273 1553 2312 sacro
1577 2258 1770 2328 elogio,
1813 2258 2014 2312 scimus

443 2345 683 2415 angelos,
735 2345 1106 2414 archangelos,
1162 2346 1406 2411 virtutes,
1445 2355 1761 2417 potestates,
1813 2347 2013 2416 princi-

442 2441 617 2500 putus,
647 2433 1056 2497 dominationes,
1097 2435 1338 2497 thronos,
1380 2434 1658 2489 cherubim
1685 2444 1846 2504 atque
1868 2450 2015 2490 sera-

444 2520 615 2587 phim,
669 2520 760 2589 qui
808 2520 862 2574 in
911 2521 1128 2591 superni
1163 2522 1305 2590 regis
1346 2522 1540 2576 castris
1586 2537 1800 2594 semper
1833 2524 2012 2579 devoti

441 2608 756 2675 persistunt,
795 2618 852 2664 et
913 2609 980 2662 ab
1015 2610 1131 2679 ejus
1169 2610 1327 2666 laude
1377 2626 1652 2680 nunquam
1703 2614 2009 2668 cessabunt.

444 2697 550 2752 Sed
599 2707 777 2752 tamen
808 2700 1084 2754 sciendum
1143 2701 1285 2770 quod
1336 2703 1649 2773 angelorum
1693 2705 2012 2760 vocabulum

441 2803 637 2844 nomen
667 2798 752 2843 est
775 2788 1073 2856 ollicii,non
1098 2800 1322 2845 naturtn.
1356 2792 1490 2846 Nam
1536 2793 1710 2848 sancti
1735 2793 1808 2847 illi
1855 2795 2013 2850 caele-

440 2878 540 2932 stis
561 2879 749 2947 patriae
771 2892 984 2946 semper
1008 2879 1222 2947 quidem
1259 2888 1384 2934 sunt
1407 2880 1652 2949 spiritus,
1681 2882 1776 2936 sed
1799 2897 2013 2953 semper

443 2969 618 3023 vocari
649 2969 820 3039 angeli
863 2985 1199 3040 nequaquam
1227 2979 1478 3040 possunt;
1529 2973 1653 3041 quia
1685 2981 1811 3028 tunc
1839 2974 2013 3029 solum

439 3067 568 3113 sunt
605 3059 802 3129 angeli,
845 3075 965 3114 cum
1008 3075 1104 3131 per
1131 3075 1224 3115 eos
1264 3059 1442 3129 aliqua
1485 3063 1820 3118 nuntiantur.
1855 3063 2009 3120 Unde

437 3157 496 3206 et
529 3165 626 3220 per
672 3149 1009 3205 Psalinistam
1044 3151 1239 3206 dicitur
1269 3168 1284 3205 :
1315 3151 1419 3217 Qui
1463 3153 1588 3222 facit
1628 3153 1839 3224 angelos
1883 3171 2006 3209 suos

437 3241 650 3312 spiritus
695 3237 865 3311 (Psal.
921 3240 1067 3311 cui);
1097 3256 1161 3294 ac
1209 3241 1253 3296 si
1282 3250 1534 3310 patenter
1559 3242 1704 3297 dicat
1737 3260 1750 3296 :
1779 3241 1880 3310 Qui
1911 3259 2004 3300 eos

437 3343 574 3400 quos
605 3345 815 3399 semper
844 3331 1003 3386 habet
1031 3331 1268 3403 spiritus,
1297 3331 1460 3386 etiam
1490 3347 1611 3386 cum
1631 3331 1882 3397 voluerit,
1908 3348 2006 3387 an-

436 3419 582 3492 gelos
610 3420 756 3476 facit.
797 3420 901 3474 Sed
946 3431 1121 3476 tamen
1150 3437 1266 3476 mos
1314 3421 1710 3478 ecclesiasticus
1752 3423 2008 3489 obtinuit,

436 3519 654 3580 propter
680 3510 1124 3581 signiﬁcationem
1149 3511 1492 3567 multifariam
1519 3528 1680 3582 quam
1721 3528 1886 3567 unum
1911 3528 2009 3566 no-

440 3617 562 3658 men
587 3601 806 3670 spiritus
831 3602 1094 3668 continet,
1127 3603 1267 3671 quod
1299 3601 1372 3657 illi
1398 3602 1637 3658 caelestis
1669 3601 2006 3657 Hierusalem

435 3694 585 3749 cives
618 3695 791 3765 angeli
822 3694 1144 3766 generaliter
1171 3703 1648 3764 nuncuparentur;
1691 3693 1878 3751 Graeca
1899 3702 2009 3750 ete-

441 3784 552 3838 nim
580 3782 776 3853 lingua,
827 3784 1022 3854 angeli,
1065 3785 1260 3849 nuntii,
1300 3785 1610 3856 archangeli
1652 3801 1779 3842 vero
1813 3787 2009 3842 summi

439 3875 613 3930 nuntii
657 3885 937 3930 vocantur.
998 3876 1064 3930 Hi
1106 3887 1282 3932 autem
1339 3879 1430 3946 qui
1481 3880 1704 3935 minima
1739 3879 2008 3945 nuntiant,

439 3963 614 4034 angeli
639 3981 653 4030 ;
701 3964 789 4033 qui
830 3979 958 4019 vero
986 3979 1194 4018 summa
1224 3965 1562 4031 annuntiant,
1589 3967 1894 4038 archangeli
1918 3983 2007 4024 vo-

439 4064 666 4122 cantur;
717 4057 806 4126 qui
831 4055 1032 4112 idcirco
1065 4059 1227 4111 etiam
1255 4058 1482 4128 privatis
1511 4057 1821 4113 nominibus
1879 4071 2009 4112 cen—

441 4153 650 4210 sentur,
675 4153 732 4199 ut
757 4145 1001 4216 signetur
1027 4161 1123 4216 per
1143 4146 1402 4201 vocabula
1429 4147 1592 4201 etiam
1619 4147 1673 4201 in
1700 4147 2012 4215 operatione

441 4236 571 4308 quid
621 4236 851 4290 valeant.
900 4235 1083 4306 Neque
1126 4236 1268 4290 enim
1314 4236 1368 4290 in
1407 4235 1495 4289 illa
1539 4244 1727 4290 sancta
1770 4235 2010 4301 civitate,

444 4342 605 4396 quam
633 4327 839 4383 visione
865 4327 1244 4398 omnipotentis
1271 4326 1365 4382 Dei
1412 4327 1566 4397 plena
1597 4326 1822 4380 scientia
1851 4326 2014 4395 perli-

441 4417 537 4482 cit,
581 4417 784 4474 idcirco
830 4417 1046 4488 propria
1081 4417 1297 4473 nomina
1335 4416 1654 4480 sortiuntur,
1707 4430 1774 4470 ne
1823 4429 2008 4470 eorum

2117 1899 2280 1945 tatem
2303 1905 2401 1945 nos
2428 1905 2610 1946 secum
2641 1892 2695 1946 in
2715 1892 2870 1949 caelis
2892 1893 3092 1947 habere
3116 1892 3355 1962 cupiunt.
3405 1891 3512 1946 Sed
3546 1892 3689 1958 haec,

2114 1982 2334 2047 fratres,
2363 1997 2450 2036 me
2477 1982 2746 2052 loquente,
2787 1984 3053 2038 introrsus
3083 1998 3179 2038 vos
3216 1984 3284 2038 ad
3331 1984 3693 2051 vosmetipsos

2116 2073 2374 2137 reducite,
2401 2080 2733 2128 secretorum
2763 2082 3066 2128 vestrorum
3092 2072 3284 2126 merita
3304 2072 3693 2141 cogitationes-

2115 2179 2220 2232 que
2255 2165 2524 2219 discutite.
2550 2165 2740 2219 Videte
2769 2165 2814 2219 si
2858 2163 2985 2234 quid
3005 2162 3120 2232 jam
3146 2164 3268 2218 boni
3295 2165 3572 2220 vobiscum
3606 2165 3691 2218 in-

2115 2263 2200 2308 tus
2247 2253 2425 2323 agitis,
2466 2252 2643 2307 videte
2681 2252 2725 2307 si
2778 2251 2832 2306 in
2879 2268 3104 2308 numero
3147 2253 3338 2308 horum
3383 2253 3684 2323 agminum,

2113 2358 2233 2414 qua:
2245 2343 2482 2398 breviter
2507 2342 2774 2414 tangendo
2801 2343 3235 2411 perstrinximus,
3252 2353 3454 2398 sortem
3489 2352 3685 2397 vestra:

2113 2433 2410 2489 vocationis
2432 2433 2702 2489 invenitis.
2737 2433 2828 2488 Va:
2851 2441 3028 2488 autem
3057 2433 3251 2487 anima:
3279 2448 3398 2502 qum
3438 2433 3490 2488 in
3526 2448 3585 2487 se
3613 2432 3685 2487 de

2111 2525 2197 2580 his
2247 2525 2401 2580 bonis
2427 2539 2547 2594 qua:
2573 2523 2868 2587 numeravi,
2902 2523 3122 2578 minime
3163 2521 3366 2591 aliquid
3418 2537 3683 2591 recogno-

2112 2616 2236 2681 scit,
2257 2615 2413 2684 eique
2457 2615 2633 2670 adhuc
2667 2628 2749 2668 van
2781 2613 3016 2669 deterius
3046 2612 3311 2678 imminet,
3343 2611 3387 2666 si
3409 2613 3678 2682 privatam

2112 2723 2172 2764 se
2198 2709 2351 2764 donis
2371 2707 2621 2780 intelligit
2641 2715 2696 2763 et
2709 2721 3044 2778 nequaquam
3067 2706 3249 2776 gemit.
3271 2703 3524 2773 Quisquis
3547 2717 3682 2772 ergo

2112 2799 2234 2853 talis
2255 2806 2358 2864 est,
2384 2797 2581 2853 fratres
2620 2798 2747 2864 mei,
2774 2797 3065 2868 gemendus
3090 2803 3172 2850 est
3199 2794 3374 2859 valde,
3413 2792 3538 2862 quia
3565 2804 3681 2845 non

2111 2887 2293 2956 gemit.
2320 2887 2616 2942 Pensemus
2644 2885 2808 2956 igitur
2838 2891 3058 2954 accepta
3108 2882 3401 2938 electorum
3433 2891 3678 2942 munera,

2109 2984 2165 3032 et
2190 2977 2390 3031 virtute
2431 2991 2539 3046 qua
2578 2989 2881 3045 possumus,
2935 2973 3002 3028 ad
3030 2986 3267 3027 amorem
3319 2978 3478 3024 tanta;
3514 2967 3684 3022 sortis

2111 3065 2444 3122 anhelemus.
2475 3064 2577 3131 Qui
2609 3065 2662 3118 in
2685 3080 2744 3121 se
2771 3055 3036 3118 donorum
3074 3061 3303 3130 gratiam
3331 3058 3550 3114 minime
3591 3072 3684 3112 re-

2034 3148 2080 3210 C
2110 3157 2401 3225 cognoscit,
2426 3164 2632 3227 gemat;
2661 3155 2753 3225 qui
2775 3170 2906 3211 vero
2934 3154 2988 3208 in
3016 3168 3075 3209 se
3097 3153 3358 3208 minorem
3381 3149 3682 3220 cognoscit,

2108 3241 2368 3312 majorem
2417 3243 2537 3298 aliis
2586 3259 2693 3298 non
2737 3244 2994 3308 invideat,
3047 3242 3172 3312 quia
3199 3249 3255 3296 et
3276 3253 3518 3311 superna:
3576 3238 3686 3292 illa:

2109 3333 2485 3390 distinctiones
2513 3334 2794 3390 beatorum
2837 3333 3125 3404 spirituum
3165 3333 3238 3387 ita
3271 3339 3396 3386 sunt
3428 3329 3681 3395 conditzc,

2109 3432 2168 3478 ut
2213 3423 2331 3478 alia:
2374 3422 2494 3479 aliis
2538 3424 2649 3479 sint
2685 3422 2940 3496 pralatze,
2993 3423 3088 3477 sed
3133 3430 3311 3475 tamen
3346 3434 3535 3475 omnes
3572 3434 3681 3474 una

2107 3515 2402 3583 eademque
2425 3513 2687 3568 charitate
2728 3513 2963 3569 sociatae.
3019 3511 3315 3582 Diligamus
3334 3523 3454 3574 nos,
3480 3507 3685 3562 fratres

2108 3603 2434 3669 cbarissimi,
2487 3603 2739 3669 invicem,
2784 3603 3070 3672 diligamus
3097 3611 3154 3657 et
3178 3601 3294 3656 illos
3322 3599 3560 3656 caelestis
3586 3613 3680 3668 pa-

2111 3695 2226 3750 tria:
2273 3682 2512 3766 Spiritus,
2542 3702 2599 3750 et
2625 3694 2839 3749 illorum
2867 3695 3142 3750 cmlestem
3191 3692 3684 3756 conversationem,

2108 3793 2367 3854 quantum
2429 3800 2732 3856 possumus,
2793 3786 2849 3840 in
2881 3785 3040 3841 bonis
3090 3785 3328 3840 moribus
3381 3783 3683 3839 imitemur.

2108 3879 2405 3950 Diligamus
2443 3886 2571 3933 ante
2614 3879 2796 3934 omnia
2833 3887 2888 3932 et
2925 3891 3088 3948 super
3113 3877 3297 3932 omnia
3347 3875 3685 3931 conditorem

2109 3979 2374 4036 nostrum,
2399 3971 2748 4040 deprecantes
2771 3968 2887 4038 ejus
2910 3967 3271 4033 clementiam,
3295 3965 3465 4034 utqui
3493 3980 3593 4018 nos
3615 3965 3689 4018 ab

2110 4062 2264 4116 initio
2312 4063 2452 4116 inter
2493 4069 2799 4117 sanctorum
2825 4061 3139 4131 angelorum
3181 4058 3453 4114 consortia
3479 4055 3683 4132 ascribi

2111 4152 2299 4216 voluit,
2357 4162 2668 4208 sanctorum
2694 4151 3145 4222 archangelorum
3179 4165 3398 4206 suorum
3424 4148 3687 4220 precibus

2109 4252 2388 4309 exoratus,
2417 4244 2487 4299 ad
2520 4259 2706 4300 eorum
2729 4245 3042 4300 societatem
3072 4258 3170 4298 nos
3190 4241 3472 4312 pervenire
3520 4239 3689 4294 faciat

2109 4332 2266 4388 Jesus
2285 4334 2532 4389 Christus
2544 4335 2805 4389 Dominus
2820 4343 3026 4398 noster,
3049 4333 3277 4403 quicum
3300 4330 3461 4386 Patre
3480 4339 3536 4385 et
3559 4329 3658 4398 Spi
3677 4360 3685 4368 -

2113 4423 2218 4478 ritu
2249 4434 2436 4479 sancto
2463 4423 2594 4480 vivit
2619 4431 2674 4479 et
2713 4432 2904 4496 regnat
2929 4424 3088 4487 Dens,
3120 4436 3216 4492 per
3253 4421 3435 4477 omnia
3487 4420 3685 4478 szecula

441 4505 658 4562 nomine
696 4521 939 4575 persona:
959 4507 1073 4562 sine
1093 4506 1398 4562 nominibus
1425 4505 1550 4560 sciri
1598 4520 1705 4560 non
1755 4505 1962 4576 possint
1989 4523 2002 4559 :
2035 4485 2086 4544 D
2109 4513 2449 4570 εωουιοτυιη,
2480 4513 2673 4569 Amen,

443 4594 537 4648 sed
563 4609 685 4648 cum
706 4594 774 4648 ad
803 4609 900 4648 nos
939 4595 1140 4664 aliquid
1189 4595 1546 4650 ministraturi
1593 4595 1831 4661 veniunt,
1861 4597 2004 4667 apud

444 4698 507 4739 se
545 4684 763 4738 nomina
805 4697 836 4736 a
880 4683 1194 4739 ministeriis
1243 4686 1404 4740 etiam
1446 4686 1709 4750 trahunt;
1757 4685 2006 4753 Michael,

447 4791 698 4846 namque,
731 4777 847 4846 quis
887 4775 1020 4830 sicut
1065 4775 1252 4831 Deus?
1295 4775 1510 4832 Gabriel
1536 4786 1717 4832 autem
1754 4778 2008 4847 fortitudo

442 4866 561 4931 Dei,
602 4865 842 4935 Raphael
871 4881 998 4922 vero
1038 4865 1234 4921 dicitur
1269 4868 1524 4921 medicina
1547 4868 1664 4922 Dei.
1695 4869 1761 4923 Et
1799 4871 2011 4939 quoties

445 4957 596 5012 mira:
638 4957 840 5027 aliquid
872 4957 1085 5013 virtutis
1123 4958 1316 5029 agitur,
1375 4957 1601 5014 Michael
1642 4959 1779 5014 mitti
1823 4959 2007 5029 perhi-

443 5047 622 5112 betur,
680 5056 739 5103 ut
775 5047 892 5118 ipso
921 5056 1044 5103 actu
1080 5055 1136 5103 et
1164 5047 1378 5103 nomine
1405 5048 1562 5105 detur
1608 5049 1833 5121 intelligi
1865 5050 2009 5121 quod

445 5137 622 5194 nullus
675 5147 848 5208 potest
891 5139 1068 5194 facere
1117 5139 1259 5208 quod
1309 5138 1484 5196 facere
1541 5141 1793 5212 praevalet
1844 5141 2006 5198 Deus.

447 5228 598 5288 Unde
618 5237 674 5282 et
709 5229 798 5284 ille
832 5229 1084 5296 antiquus
1127 5229 1318 5294 hostis,
1365 5229 1456 5299 qui
1495 5247 1552 5286 se
1586 5233 1652 5288 ad
1696 5231 2004 5287 similitudi-

443 5334 567 5375 nem
603 5318 716 5388 ejus
749 5319 1011 5390 superbus
1054 5319 1340 5384 extulerat,
1403 5320 1459 5374 in
1506 5321 1613 5377 line
1650 5323 1834 5377 mundi
1881 5338 2007 5379 cum

442 5410 702 5467 Michaele
745 5409 1070 5481 archangelo
1116 5410 1454 5481 praeliaturus
1499 5427 1618 5467 esse
1675 5414 2006 5482 perhibetur,

445 5509 503 5556 ut
529 5517 625 5571 per
642 5500 948 5558 Michaelem
975 5511 1283 5572 peremptus
1308 5503 1480 5558 discat
1524 5505 1650 5574 quia
1669 5507 1735 5560 ad
1763 5506 2011 5561 similitu-

445 5591 622 5645 dinem
657 5593 747 5646 Dei
779 5607 875 5661 per
914 5594 1220 5661 superbiam
1271 5593 1446 5649 nullus
1471 5604 1745 5666 exsurgat.
1782 5596 1864 5650 Ad
1900 5595 2009 5651 Ma-

447 5680 581 5733 riam
633 5696 843 5750 quoque
891 5681 1106 5739 Gabriel
1147 5684 1397 5750 mittitur,
1451 5685 1574 5755 quia
1623 5686 1711 5740 Dei
1756 5685 2010 5742 fortitudo

2606 4604 2887 4661 HOMILIA
2925 4603 3140 4660 XXXII.

2377 4715 2429 4754 IN
2468 4712 2836 4754 REVBLATIONE
2875 4713 3062 4754 SANCTI
3102 4711 3400 4754 ιιιειιλειιε.

2181 4787 2494 4844 Memoriam
2533 4788 2678 4844 beati
2725 4787 2998 4844 Michaelis
3044 4786 3356 4858 archangeli
3396 4794 3508 4842 toto
3551 4784 3690 4840 orbe

2111 4879 2474 4935 venerandam
2526 4879 2696 4949 ipsius
2741 4888 2798 4933 et
2830 4894 2995 4948 opere
3017 4878 3237 4934 condita
3278 4885 3334 4934 et
3367 4884 3688 4932 consecrata

2114 4971 2332 5026 nomine
2357 4970 2690 5045 demonstrat
2717 4969 2961 5026 ecclesia.
3010 4969 3142 5037 Quae
3190 4985 3297 5026 non
3343 4968 3689 5024 metallorum

2114 5059 2341 5131 fulgore,
2372 5060 2465 5115 sed
2512 5060 2787 5130 privilegio
2831 5060 3205 5115 commendata
3233 5060 3538 5130 signorum;
3591 5058 3690 5113 vili

2115 5148 2259 5203 facta
2293 5149 2586 5212 schemate,
2631 5149 2727 5204 sed
2757 5148 2968 5203 caelesti
3001 5157 3087 5202 est
3113 5149 3338 5219 praedita
3365 5148 3582 5212 virtute,
3627 5157 3692 5204 ut

2115 5248 2240 5308 pote
2264 5239 2388 5309 quia
2423 5238 2732 5310 fragilitatis
2785 5239 3031 5294 humana:
3073 5254 3282 5296 memor
3303 5238 3689 5308 archangelus,

2115 5342 2147 5387 e
2184 5328 2322 5383 coelo
2369 5328 2615 5394 veniens,
2685 5328 2754 5383 ad
2790 5329 3202 5398 promerendam
3246 5329 3319 5384 ibi
3366 5328 3692 5386 mortalibus

2115 5433 2468 5486 supernorum
2513 5417 2743 5488 gratiam
2795 5418 3078 5485 donorum,
3126 5419 3345 5490 propria
3373 5433 3538 5472 manu
3587 5434 3687 5475 sua

2115 5507 2348 5561 condere
2380 5506 2629 5577 dignatus
2665 5515 2769 5563 est.
2795 5505 3011 5563 Vertice
3049 5508 3317 5578 siquidem
3351 5507 3551 5561 montis
3585 5520 3680 5561 ex-

2115 5598 2241 5652 cclsi
2270 5599 2460 5667 posita,
2485 5598 2553 5652 de
2581 5614 2804 5669 corpore
2831 5597 3072 5668 ejusdem
3097 5615 3281 5665 saxea,
3309 5599 3578 5670 spelunca:
3603 5597 3691 5654 in-

2116 5696 2228 5744 star
2242 5698 2545 5760 praacavata
2567 5691 2886 5745 ostenditur.
2910 5691 3005 5747 Est
3022 5701 3198 5747 autem
3217 5691 3363 5753 locus
3389 5692 3445 5747 in
3456 5689 3689 5760 Campa-
