4040 6188
338 376 398 431 σι
1302 378 1610 440 HOMILIA‘Z
1649 383 1738 438 DE
1777 382 2017 439 FESTIS
2055 382 2464 451 PRECIPUIS,
2505 384 2663 442 ETC.

3545 394 3616 451 6‘2

336 497 438 554 nia:
472 493 669 550 ﬁnibus
693 493 785 548 ubi
819 493 964 548 inter
989 492 1167 548 sinum
1208 492 1547 550 Adriaticum
1598 502 1653 550 et
1680 505 1917 550 montem
1948 502 1994 558 Α
2022 512 2193 566 usque
2237 500 2610 567 sequentibus,
2644 507 2807 569 atque
2837 505 3075 554 extrema
3118 515 3346 572 qumque
3381 507 3593 562 cedenti

334 588 637 659 Garganum
685 586 880 641 civitas
920 585 1195 656 Sepontus
1222 587 1398 655 posita
1426 595 1532 652 est,
1581 587 1674 656 qui
1705 602 1734 641 a
1792 600 1929 640 mu:-
2025 589 2123 643 hus
2151 591 2498 656 adversariis,
2526 588 2724 645 muenia
2751 590 2965 645 tandem
2996 604 3105 645 sua:
3127 591 3278 647 urbis
3302 595 3613 652 moribundi

334 680 487 734 nibus
546 676 789 733 civitatis
827 676 1076 731 ducentis
1113 676 1393 731 duodecim
1428 676 1747 731 milliaribus
1796 690 1923 745 por-

333 778 555 831 rectus,
611 767 667 821 in
717 767 1008 822 cacumine
1065 780 1318 836 supremo
1350 807 1364 831 ,
1420 766 1565 821 beati
1614 765 1920 835 arebangcl‘

328 858 605 931 pmfatam
653 867 837 931 gestat
878 858 1188 914 ecclesiam.
1242 857 1394 912 Hanc
1448 857 1769 913 mortalibus
1820 859 1924 912 hoc

328 954 483 1009 modo
519 952 818 1024 cognitam,
869 951 1083 1006 libellus
1129 950 1184 1006 in
1225 950 1414 1005 eadem
1446 950 1656 1020 positus
1697 950 1915 1005 indicat.

326 1044 451 1099 Erat
471 1043 529 1098 in
552 1056 619 1097 ea
657 1042 881 1098 civitate
921 1041 1186 1111 praedives
1214 1041 1430 1111 quidam
1474 1041 1692 1096 nomine
1718 1040 1919 1112 Garga-

325 1150 443 1200 nus,
474 1134 657 1206 quiet
691 1149 758 1189 ex
785 1141 981 1188 eventu
1029 1147 1129 1187 suo
1173 1131 1342 1187 monti
1388 1131 1707 1186 vocabulum
1750 1132 1913 1187 dedit.

324 1223 489 1293 Hujus
532 1225 664 1279 dum
691 1239 913 1294 pecora,
941 1238 1169 1293 quorum
1200 1221 1408 1276 infinita
1439 1220 1781 1276 multitudine
1808 1222 1917 1291 pol-

321 1314 481 1381 lebat,
510 1314 715 1383 passim
751 1328 851 1383 per
878 1311 1065 1367 devexi
1096 1309 1296 1365 montis
1344 1308 1511 1364 latera
1537 1318 1911 1380 pascerentur,

321 1405 547 1478 contigit
584 1416 801 1461 taurum
847 1403 1075 1458 armenti
1117 1401 1294 1474 gregis
1334 1401 1608 1456 consortia
1655 1415 1914 1471 spernen-

321 1505 443 1561 tem,
472 1496 806 1567 singularem
855 1494 1106 1549 incedere
1151 1491 1386 1557 solitum,
1414 1499 1469 1546 et
1513 1489 1578 1544 ad
1608 1499 1912 1547 extremum

321 1586 577 1643 redeunte
604 1600 803 1657 pecore
831 1585 1050 1640 domum
1083 1598 1189 1638 non
1217 1598 1339 1638 esse
1378 1596 1704 1655 regressum.
1737 1581 1909 1650 Quem

319 1677 584 1741 dominus,
607 1674 833 1730 collecta
867 1687 1144 1747 servorum
1175 1686 1396 1727 suorum
1426 1671 1788 1738 multitudine,
1812 1686 1910 1742 per

320 1768 466 1824 devia
488 1782 718 1838 quaeque
767 1764 1078 1836 requirens,
1109 1763 1316 1819 invenit
1361 1765 1575 1819 tandem
1610 1762 1665 1819 in
1704 1763 1906 1819 vertice

2023 677 2353 742 snbintrant,
2383 678 2475 749 qui
2507 687 2702 748 queant
2733 678 2964 734 evadere
2992 679 3290 748 periculum
3321 698 3334 735 :
3365 696 3610 752 comper-

2024 774 2136 821 tum
2166 769 2308 824 enim
2340 776 2462 824 erat
2484 769 2628 838 quod
2679 770 2902 841 angelus
2940 771 3035 827 Dei
3067 772 3120 825 in
3166 771 3492 841 adiutorium
3523 789 3613 830 ve-

2021 857 2102 911 nit
2130 856 2472 912 Christianis.
2504 857 2639 912 Nam
2665 870 2721 912 et
2749 869 3034 915 sexcentos
3062 859 3232 919 ibt-me
3257 879 3477 920 suorum
3507 865 3608 920 l'ul-

2019 948 2164 1003 mine
2187 949 2443 1003 videbant
2470 949 2817 1015 interl'ectos;
2852 950 2986 1021 Regi
3017 967 3203 1024 regum
3232 955 3450 1012 Christo
3480 974 3609 1014 con-

2018 1039 2169 1094 tinuo
2197 1040 2334 1095 colla
2358 1041 2754 1107 submittentes,
2782 1042 2949 1098 armis
2975 1043 3271 1101 induuntur
3294 1048 3439 1105 ﬁdei.
3468 1052 3604 1108 Cum

2015 1143 2146 1183 vero
2176 1130 2229 1184 hi
2283 1130 2499 1186 domum
2548 1131 2777 1187 fuissent
2825 1135 3030 1188 reversi
3056 1135 3311 1203 victores,
3350 1148 3473 1196 vota
3504 1142 3605 1199 Do-

2015 1220 2163 1274 mino
2208 1221 2503 1292 gratiarum
2551 1222 2617 1275 ad
2656 1222 2911 1293 templum
2964 1223 3229 1281 referrent
3258 1230 3603 1303 archangclo,

2013 1311 2199 1366 vident
2246 1312 2583 1383 manejuxta
2621 1312 2845 1381 januam
2896 1317 3393 1385 septentrionalem,
3438 1337 3604 1392 quam

2012 1404 2274 1474 praedixi,
2332 1406 2507 1460 instar
2556 1406 2859 1475 posteriora
2910 1408 3102 1476 pusilla
3154 1411 3305 1480 quasi
3371 1413 3605 1470 hominis

2009 1494 2262 1566 vestigia,
2316 1511 2589 1552 marmore
2635 1495 2838 1551 arctius
2882 1496 3163 1568 impressa,
3199 1513 3605 1574 agnoscuntque

2008 1588 2227 1643 beatum
2276 1588 2590 1645 Michaelem
2624 1592 2725 1647 hoc
2765 1593 3067 1663 prasentiae
3099 1608 3210 1649 sua:
3254 1595 3466 1666 signum
3502 1613 3597 1651 vo-

2008 1679 2171 1735 luisse
2198 1688 2522 1747 monstrare,
2560 1681 2651 1738 ubi
2685 1691 2873 1753 postea
2919 1682 3134 1739 culmen
3191 1685 3511 1755 appositum,
3545 1697 3601 1744 et

2007 1769 2177 1825 altare
2204 1771 2536 1840 impositum,
2562 1773 2785 1843 ipsaque
2810 1773 3038 1830 ecclesia
3066 1774 3136 1830 ob
3159 1774 3312 1845 signa
3340 1777 3597 1848 vestigio-

318 1859 511 1917 montis
553 1873 671 1930 prae
714 1857 924 1912 foribus
967 1854 1246 1925 cujusdam
1296 1854 1567 1925 spelunca:
1616 1854 1902 1921 assistere;
1934 1844 1981 1904 Β
2010 1876 2151 1915 rum.
2184 1859 2483 1931 Oppidania
2506 1872 2592 1917 est
2618 1871 2831 1917 vocata.
2860 1862 3023 1917 Multa
3064 1844 3328 1918 dubitatio
3368 1844 3600 1921 erat'in-

319 1951 492 2021 itaque
535 1958 817 2021 permotus
866 1963 963 2003 cur
1017 1947 1288 2017 solivagus
1331 1945 1642 2009 incederet,
1688 1953 1904 2014 arrepto
2009 1960 2093 2007 ter
2121 1950 2445 2020 Sepontinos
2465 1951 2592 2023 quid
2619 1954 2685 2008 de
2710 1952 2829 2008 loco
2859 1962 3103 2025 agerent,
3133 1962 3188 2008 et
3214 1954 3258 2008 si
3285 1954 3491 2009 intrare
3510 1957 3594 2011 vel

319 2058 462 2106 arcu,
483 2040 713 2111 appetiit
741 2038 890 2093 illum
920 2038 1114 2107 sagitta
1138 2035 1390 2100 loxicata,
1418 2050 1560 2107 qum,
1584 2035 1729 2091 velut
1756 2035 1901 2089 venti
2006 2041 2257 2097 dedicare
2302 2041 2412 2097 illic
2460 2041 2746 2098 ecclesiam
2805 2042 3052 2098 debeant.
3107 2042 3260 2099 Unde
3307 2043 3596 2100 collatione

317 2132 523 2189 ﬂamine
555 2140 786 2195 retorta,
817 2146 942 2185 eum
988 2145 1019 2183 a
1051 2145 1158 2199 quo
1186 2128 1333 2198 jacta
1377 2136 1459 2182 est
1503 2143 1629 2182 mox
1682 2141 1900 2183 reversa
2004 2130 2170 2198 facta,
2198 2132 2267 2187 ad
2294 2132 2559 2188 orientem
2588 2132 2690 2187 loci
2715 2132 2859 2187 illius
2887 2133 3029 2188 beati
3055 2132 3198 2187 Petri
3224 2134 3593 2203 apostolorum

316 2222 595 2294 percussit.
651 2219 877 2275 Turbati
936 2218 1081 2274 cives
1117 2226 1172 2273 et
1193 2215 1479 2286 stupefacti
1530 2216 1761 2286 qualiter
1813 2231 1901 2272 res
2003 2223 2262 2293 principis
2302 2224 2522 2280 nomine
2556 2224 2793 2279 condunt
2827 2222 3113 2279 ecclesiam
3148 2233 3204 2280 et
3238 2225 3507 2291 dedicant,
3535 2226 3589 2281 in

316 2317 461 2373 ﬁeret
485 2315 703 2380 eﬂ’eetu,
734 2329 844 2369 non
882 2313 1026 2369 enim
1055 2313 1276 2383 propius
1320 2313 1577 2367 accedere
1605 2311 1895 2366 audebant.

315 2407 590 2465 Consuluit
614 2407 932 2479 episcopum
963 2405 1092 2475 quid
1118 2403 1261 2461 facto
1294 2419 1430 2476 opus
1453 2403 1544 2469 sit,
1576 2403 1669 2474 qui
1696 2403 1898 2457 indicto

307 2497 503 2570 jejunio
550 2498 826 2562 triduano,
878 2511 909 2550 a
936 2496 1048 2551 Deo
1091 2495 1300 2550 monuit
1338 2508 1459 2549 esse
1496 2493 1845 2565 quaerendum
1878 2510 1892 2547 :

310 2602 412 2660 quo
429 2596 656 2659 peracto
683 2594 906 2641 sanctus
932 2584 1144 2640 Domini
1196 2583 1556 2656 archangelus
1582 2585 1893 2654 episcopum

308 2694 400 2751 per
444 2678 718 2735 visionem
766 2674 1057 2744 alloquitur
1115 2674 1303 2729 dicens
1335 2692 1347 2727 :
1378 2671 1499 2727 Jam
1553 2672 1889 2740 benel'eeisti,

310 2769 444 2837 quod
470 2768 727 2823 homines
770 2765 997 2832 latebat,
1022 2779 1052 2818 a
1084 2764 1193 2819 Deo
1236 2762 1526 2833 qua:rendo
1553 2763 1888 2835 mysterium,

310 2860 553 2915 videlicet
569 2858 850 2914 hominem
873 2873 971 2913 suo
996 2856 1103 2911 telo
1134 2870 1452 2927 percussum
1478 2855 1682 2921 sciatis,
1710 2855 1890 2911 ethoc

308 2965 420 3009 mea
447 2957 666 3022 gestum
691 2947 990 3004 voluntate.
1034 2947 1147 3015 Ego
1186 2945 1330 3002 enim
1379 2960 1497 3001 sum
1529 2944 1756 3000 Michael
1801 2961 1889 3000 ar-

307 3039 617 3111 changelus,
644 3038 737 3109 qui
773 3038 827 3094 in
865 3045 1155 3107 conspectu
1190 3035 1401 3090 Domini
1430 3051 1644 3106 semper
1669 3037 1885 3104 assiste,

305 3130 586 3201 locumque
616 3129 763 3187 hunc
789 3129 843 3183 in
873 3128 1035 3183 terris
1060 3126 1298 3182 incolere
1346 3133 1625 3197 tutumque
1669 3141 1885 3183 servare

2002 2330 2108 2385 qua
2141 2316 2304 2370 etiam
2333 2313 2508 2370 beatae
2549 2330 2764 2385 semper
2807 2314 3035 2385 virginis
3082 2313 3264 2370 Maria:
3309 2317 3592 2386 sanctique

1999 2408 2257 2478 Baptistae
2294 2404 2519 2464 Joannis
2550 2405 2742 2460 altaria
2775 2413 3036 2461 statuunt.
3070 2405 3311 2461 Tandem
3338 2406 3588 2471 antistes,

1999 2497 2205 2555 salubri
2252 2506 2466 2569 reperto
2493 2496 2743 2562 consilio,
2773 2495 3079 2550 Romanum
3114 2496 3428 2567 episcopum
3458 2499 3588 2569 quid

1998 2589 2173 2644 dehis
2195 2587 2463 2659 agendum
2491 2586 2562 2642 sit
2588 2601 2685 2655 per
2711 2586 2930 2641 nuntios
2973 2586 3305 2651 sciscitatur,
3336 2588 3427 2657 qui
3459 2596 3585 2643 tunc

1998 2678 2136 2734 forte
2160 2678 2215 2733 in
2262 2686 2443 2733 monte
2491 2676 2785 2747 Saraptim,
2816 2677 3262 2747 quinquagesimo
3306 2676 3421 2733 fere
3463 2677 3584 2731 mil-

1995 2767 2153 2825 liario
2177 2784 2209 2823 a
2247 2769 2492 2823 Romana
2532 2766 2669 2823 urbe
2702 2766 2955 2831 distabat,
2984 2781 3143 2836 quem
3190 2764 3379 2820 incolae
3410 2766 3581 2821 sancti

1996 2858 2241 2915 Silvestri
2266 2857 2587 2930 cognomine
2620 2865 2834 2924 vocant,
2870 2872 2937 2913 eo
2971 2857 3111 2926 quod
3155 2857 3271 2927 ipse
3307 2856 3579 2927 quondam

1993 2947 2069 3004 ibi
2098 2948 2251 3003 exsul
2282 2962 2380 3018 pro
2404 2946 2529 3003 ﬁdei
2570 2945 2945 3018 persecutione
2988 2945 3264 3001 delituerit
3305 2946 3358 3000 in
3397 2952 3581 3001 monte

1991 3036 2097 3092 hoc
2123 3035 2419 3107 Saraptim,
2457 3034 2658 3105 quique
2685 3034 2812 3092 talia
2856 3032 3110 3088 mandata
3144 3032 3370 3091 remisit.
3403 3032 3461 3089 Si
3483 3034 3574 3088 ho-

1993 3127 2155 3182 minis
2182 3135 2266 3182 est
2290 3126 2437 3181 illam
2463 3125 2715 3182 dedicare
2755 3123 3056 3190 basilicam,
3085 3125 3190 3180 hoc
3227 3125 3462 3180 maxime
3489 3124 3578 3180 die

302 3194 608 3285 instituens,
658 3219 764 3274 hoc
810 3216 954 3272 volui
1002 3216 1234 3288 probare
1260 3213 1485 3284 judicio,
1515 3194 1755 3269 omnium
1799 3230 1887 3271 me
1913 3194 1959 3258 Ο
1989 3231 2098 3287 quo
2141 3216 2368 3273 victoria
2395 3216 2520 3271 data
2549 3225 2652 3283 est,
2681 3213 2801 3271 ﬁeri
2847 3224 3089 3285 oportet;
3120 3206 3206 3270 sin
3234 3222 3415 3269 autem
3441 3214 3576 3272 alias

304 3325 417 3381 qua:
440 3310 515 3366 ibi
547 3317 816 3381 geruntur
836 3309 1110 3380 ipsiusque
1135 3307 1238 3362 loci
1266 3322 1386 3362 esse
1419 3307 1778 3377 inspectorem
1804 3313 1887 3361 at-
1986 3314 2175 3362 sancto
2211 3305 2478 3385 provisori
2509 3304 2613 3361 loci
2643 3303 2930 3375 placuerit,
2953 3305 3143 3360 eodem
3167 3305 3273 3371 die,
3306 3304 3579 3376 prmcipue

304 3417 405 3473 que
433 3401 742 3456 custodem.
774 3398 869 3454 [iis
913 3399 1236 3454 revelatione
1277 3399 1569 3469 compertis
1601 3407 1887 3453 consuetu-
1985 3398 2131 3454 illius
2166 3406 2251 3454 est
2282 3397 2337 3453 in
2367 3399 2470 3454 hoc
2498 3396 2747 3455 voluntas
2772 3397 3082 3469 quaerenda.
3128 3396 3243 3452 Hoc
3272 3412 3404 3469 ergo
3433 3405 3575 3453 tem-

302 3494 475 3549 dinem
501 3493 753 3548 iecerunt
791 3492 937 3547 cives
969 3491 1060 3546 hic
1100 3490 1268 3545 Deum
1308 3489 1583 3560 precibus,
1611 3497 1885 3544 samtum-
1983 3504 2116 3560 pore
2139 3488 2472 3552 imminente,
2511 3502 2733 3560 agamus
2763 3487 2923 3543 ambo
2951 3487 3259 3542 triduanum
3286 3503 3407 3542 cum
3435 3486 3570 3543 civi-

305 3600 402 3654 qne
436 3586 736 3660 deposcere
781 3581 1118 3648 Michaelem,
1166 3582 1303 3637 duas
1331 3581 1546 3650 quidem
1579 3579 1652 3637 ibi
1691 3580 1885 3651 januas
1982 3582 2084 3639 bus
2110 3579 2312 3637 nostris
2350 3577 2638 3651 jejunium,
2668 3586 2912 3634 sanctam
2953 3577 3273 3633 Trinitatem
3320 3584 3572 3651 rogantes

305 3683 603 3741 cementes,
633 3688 865 3745 quarum
896 3672 1166 3738 australis,
1197 3686 1317 3741 qua:
1339 3679 1395 3725 et
1423 3670 1598 3741 major
1612 3681 1756 3736 erat,
1785 3669 1884 3724 ali-
1981 3682 2042 3728 ut
2070 3687 2295 3728 munera
2326 3687 2447 3741 qua:
2474 3684 2574 3742 per
2597 3685 2866 3726 summum
2896 3685 3006 3726 suae
3035 3670 3179 3725 sedis
3207 3669 3567 3725 ministerium

305 3775 428 3838 quot
446 3768 710 3839 gradibus
737 3767 793 3822 in
818 3779 1070 3821 occasum
1116 3763 1465 3841 vergentibus
1488 3760 1624 3816 adiri
1650 3769 1879 3832 poterat.
1980 3762 2229 3820 conferre
2249 3762 2500 3830 dignatus
2523 3767 2629 3826 est,
2661 3759 2727 3816 ad
2757 3768 2963 3816 certum
2990 3775 3162 3830 usque
3191 3760 3350 3814 linem
3372 3760 3572 3831 perdu-

306 3857 406 3915 θαι
452 3873 556 3914 nec
587 3857 731 3913 ultra
752 3855 821 3911 ad
862 3862 1187 3929 praeruptam
1213 3861 1457 3929 cryptam
1506 3853 1711 3909 intrare
1740 3853 1880 3917 ausi,
1981 3862 2089 3909 cat.
2123 3852 2460 3922 Factumque
2499 3859 2583 3907 est
2627 3861 2687 3907 ut
2726 3861 3071 3924 suggesserat
3100 3853 3329 3909 antistes
3362 3871 3376 3908 :
3407 3863 3569 3910 nocte

304 3965 410 4025 pra:
433 3949 643 4005 foribus
670 3946 912 4019 quotidie
938 3945 1170 4001 orationi
1200 3946 1487 3999 vacabant.
1783 3940 1823 4011 if
1978 3958 2110 4000 vero
2133 3944 2414 4000 constituti
2442 3942 2632 4014 jejunii
2661 3958 2906 3999 summus
2930 3943 3151 4017 angelus
3177 3943 3407 4008 Domini,
3435 3958 3562 3998 san-

366 4037 490 4094 Hasc
519 4038 664 4093 inter
693 4034 1011 4106 Neapolitana,
1034 4033 1261 4105 paganis
1289 4033 1467 4088 adhuc
1495 4032 1692 4088 ritibus
1718 4033 1879 4088 ober-
1978 4043 2098 4091 ctus
2128 4033 2378 4100 Michael,
2426 4034 2679 4104 episcopo
2728 4032 3025 4105 Sepontino
3055 4050 3152 4104 per
3182 4035 3443 4090 visionem
3466 4050 3563 4109 ap-

304 4137 503 4194 tantes,
549 4125 879 4200 Sepontinos
912 4131 968 4178 et
1010 4121 1420 4185 Beueventlnos,
1472 4121 1563 4191 qui
1613 4121 1880 4194 quinqua—
1975 4140 2195 4197 parens.
2223 4124 2340 4181 Non
2369 4131 2473 4191 est,
2510 4124 2707 4197 inquit,
2730 4125 2884 4181 vobis
2919 4140 3054 4196 opus
3084 4126 3225 4180 hanc
3264 4141 3426 4195 quam
3462 4140 3562 4193 ego

302 4219 443 4293 ginta
474 4217 715 4273 millibus
740 4233 771 4271 a
796 4213 1031 4287 Seponto
1060 4215 1284 4279 distant,
1311 4213 1453 4271 bello
1473 4212 1740 4268 lacessere
1770 4221 1881 4267 ten-
1977 4215 2239 4272 aediﬁcavi
2271 4214 2518 4273 dedicare
2562 4215 2839 4273 basilicam
2867 4232 2881 4270 :
2905 4215 3020 4289 ipse
3045 4216 3189 4271 enim
3211 4215 3304 4289 qui
3345 4214 3561 4271 condidi

301 4320 451 4378 tant;
477 4311 571 4382 qui
599 4308 861 4365 antistitis
888 4306 970 4363 sui
994 4306 1212 4361 monitis
1239 4304 1439 4370 edocti,
1483 4303 1662 4359 triduo
1689 4310 1879 4374 petunt
1975 4307 2140 4363 etiam
2163 4306 2407 4364 dedicavi
2436 4326 2449 4361 :
2476 4322 2573 4363 vos
2604 4316 2811 4365 tantum
2838 4305 3055 4375 intrate,
3084 4316 3139 4362 et
3162 4321 3248 4362 me
3274 4307 3563 4365 assistente

301 4401 561 4465 inducias,
591 4409 655 4455 ut
680 4399 934 4455 triduano
945 4395 1150 4467 jejunio
1188 4395 1396 4461 liceret,
1425 4394 1578 4465 quasi
1608 4393 1764 4451 ﬁdele
1784 4409 1878 4466 pa-

302 4492 623 4556 trocinium,
674 4488 849 4544 sancti
889 4485 1165 4541 Michaelis
1211 4486 1500 4556 implorare
1541 4485 1870 4560 praesidium.

300 4579 412 4647 Quo
437 4590 681 4651 tempore
722 4578 916 4650 pagani
961 4576 1102 4633 ludis
1133 4577 1399 4644 obscenis,
1436 4577 1693 4633 falsorum
1742 4577 1875 4632 invi-

299 4677 411 4724 tmt
454 4668 654 4723 auxilia
705 4667 949 4723 deorum.
998 4665 1139 4721 Ecce
1162 4675 1342 4721 autem
1390 4673 1549 4722 nocte
1593 4666 1708 4736 ipsa
1751 4679 1872 4736 qua:

298 4759 418 4816 belli
462 4760 792 4831 βακκάρι-ει
820 4758 982 4823 diem,
1017 4756 1171 4813 adest
1197 4756 1251 4811 in
1276 4756 1484 4812 visione
1518 4764 1737 4811 sanctus
1778 4754 1874 4809 Mi-

299 4850 447 4905 chael
473 4849 724 4913 antistiti,
751 4862 941 4918 preces
962 4846 1098 4903 dixit
1122 4846 1426 4911 exauditas,
1448 4845 1732 4901 victoriam
1754 4859 1872 4915 spo-

298 4939 479 5013 pondit
518 4937 841 4998 adfuturam,
867 4945 922 4991 et
948 4942 1139 5005 quarta
1166 4933 1272 4988 diei
1301 4934 1436 4988 hora
1475 4932 1614 4988 bello
1642 4947 1871 5003 praemo-

298 5038 384 5084 net
428 5029 677 5083 hostibus
715 5028 1128 5083 occurrendum.
1156 5022 1291 5080 Laeti
1323 5038 1454 5095 ergo
1496 5039 1674 5090 mane,
1700 5031 1757 5080 et
1803 5023 1870 5080 de

296 5119 531 5193 angelica
559 5118 697 5174 certi
741 5118 987 5183 victoria,
1013 5117 1232 5172 obvlant
1275 5113 1570 5171 Christiani
1621 5116 1868 5191 paganis,

298 5218 453 5281 atque
495 5210 554 5265 in
599 5209 779 5281 primo
821 5203 943 5265 belli
995 5214 1254 5282 apparatu
1274 5207 1552 5278 Garganus
1578 5222 1734 5264 mons
1773 5209 1869 5262 im-

298 5315 477 5356 menso
504 5308 743 5356 tremore
763 5298 1083 5362 (mentitur,
1114 5296 1329 5367 fulgura
1366 5296 1558 5356 crebra
1588 5296 1790 5363 volant,
1813 5304 1868 5351 et

297 5392 463 5463 caligo
497 5392 790 5448 tenebrosa
842 5397 1013 5445 totum
1062 5389 1261 5445 montis
1312 5396 1570 5443 cacumen
1617 5388 1863 5443 obduxit.

297 5479 544 5553 inpletur
569 5480 852 5553 prophetia
884 5494 1002 5549 qua:
1034 5477 1205 5534 Deum
1235 5477 1481 5545 laudans,
1510 5478 1585 5533 ait
1610 5490 1625 5532 :
1657 5476 1763 5545 Qui
1784 5479 1866 5549 [an

296 5573 361 5625 sit
386 5573 598 5644 angelos
628 5589 751 5626 suos
774 5573 1011 5642 spiritus,
1054 5579 1103 5625 et
1150 5570 1416 5624 ministros
1444 5586 1567 5624 suos
1594 5571 1865 5641 ﬂammam

293 5663 421 5732 ignis
450 5662 625 5734 (Psal.
669 5663 819 5731 cm);
855 5662 1061 5733 fugiunt
1105 5661 1319 5733 pagani,
1360 5660 1558 5730 partim
1601 5659 1745 5716 ferro
1772 5661 1867 5716 ho—

289 5755 469 5821 ﬂium,
491 5755 692 5829 partim
725 5751 967 5824 igniferis
991 5751 1201 5823 impulsi
1228 5750 1460 5822 sagittis,
1492 5760 1552 5804 ut
1586 5748 1864 5825 Neapolim

1898 4538 1952 4598 D

1974 4406 2223 4470 patrono,
2270 4398 2521 4473 precibus
2545 4396 3125 4468 locum‘trequentate;
3154 4405 3209 4452 et
3258 4405 3312 4452 te
3338 4395 3559 4470 quidem

1976 4502 2099 4543 cras
2140 4487 2215 4542 ibi
2262 4487 2484 4543 missam
2519 4486 2844 4552 celebrante,
2878 4485 3107 4559 populus
3142 4485 3299 4558 juxta
3352 4501 3559 4545 morem

1977 4577 2338 4633 communicet
2367 4595 2380 4632 :
2405 4591 2586 4634 meum
2616 4583 2797 4631 autem
2826 4574 2934 4630 erit
2976 4576 3265 4632 ostendere
3289 4577 3561 4649 quomodo

1974 4683 2075 4739 per
2121 4667 2496 4740 memetipsum
2544 4666 2719 4723 locum
2751 4668 3187 4722 consecraverim
3226 4666 3422 4741 ipsum.
3447 4666 3557 4724 Ad-

1973 4761 2199 4815 veniunt
2225 4773 2384 4814 mane
2429 4775 2552 4816 cum
2579 4757 2964 4827 oblationibus,
2992 4768 3048 4816 et
3080 4774 3273 4831 magna
3301 4759 3557 4815 instantia

1972 4866 2196 4926 precum
2244 4851 2448 4906 intrant
2491 4858 2700 4922 portam
2747 4849 3061 4906 australem.
3109 4850 3178 4907 Et
3222 4864 3351 4906 ecce
3394 4848 3553 4923 longa

1973 4943 2217 5015 porticus
2244 4941 2300 4996 in
2344 4940 2645 5012 aquilonem
2691 4950 2963 5019 porrecta,
3013 4950 3178 5012 atque
3215 4940 3361 5005 illam
3390 4942 3555 4997 attin--

1971 5049 2103 5106 gens
2146 5032 2476 5104 posterulam
2505 5032 2727 5103 januam
2772 5042 2924 5087 extra
2962 5049 3124 5103 quam
3151 5034 3379 5105 vestigia
3408 5050 3551 5090 mar.

1969 5140 2122 5181 more
2145 5124 2380 5180 diximus
2419 5123 2702 5193 impressa.
2733 5121 2839 5179 Sed
2867 5122 3184 5194 priusquam
3231 5125 3337 5181 huc
3365 5139 3551 5196 perve-

1968 5215 2107 5280 nias,
2155 5221 2378 5285 apparet
2403 5210 2471 5268 ad
2518 5212 2783 5267 orientem
2831 5212 3054 5268 basilica
3101 5212 3457 5284 praegrandis,
3481 5213 3552 5267 ad

1967 5316 2129 5375 quam
2155 5317 2251 5377 per
2276 5301 2472 5376 gradus
2500 5299 2831 5355 ascenditur.
2859 5296 2988 5356 Haec
3030 5315 3154 5355 cum
3197 5302 3311 5372 ipsa
3336 5300 3548 5370 porticu

1968 5408 2063 5447 sua
2089 5392 2410 5467 quingentos
2454 5390 2566 5445 fere
2610 5390 2856 5446 homines
2882 5406 3076 5460 capere
3116 5391 3397 5447 videbatur
3433 5387 3550 5445 ςδι-

1967 5490 2087 5536 tare
2131 5478 2496 5535 venerandum
2522 5519 2538 5544 ,
2603 5479 2875 5553 rubroque
2928 5487 3232 5536 contectum
3284 5475 3502 5549 palliolo
3528 5518 3545 5544 ,

1965 5585 2132 5641 prope
2157 5578 2276 5627 erat
2299 5569 2534 5624 medium
2559 5568 2802 5643 parietis,
2832 5561 3112 5624 meridiem
3133 5567 3425 5625 ostendens
3450 5585 3464 5623 :
3490 5568 3545 5627 in

1967 5677 2099 5735 gyro
2150 5671 2328 5717 autem
2377 5662 2494 5730 ipso
2532 5661 2722 5715 domus
2766 5660 3046 5728 angulosa,
3093 5657 3291 5713 nonin
3336 5673 3544 5717 morem

1966 5753 2146 5827 operis
2174 5751 2394 5807 humani
2422 5750 2716 5824 parietibus
2740 5749 2957 5815 erectis,
2997 5749 3093 5804 sed
3128 5748 3301 5810 instar
3330 5749 3540 5819 spelun-
