4040 6188
412 328 485 387 65
1047 321 1109 376 Bt
1150 319 1405 377 RABANI
1451 319 1673 375 MAURI
1710 320 2027 375 ARCHIEP.
2068 315 2379 374 MOGUNT.
2418 309 2704 367 OPERUM
2739 305 2917 362 PARS
2955 305 3017 361 ll.
3609 308 3679 365 ει

415 452 494 497 car
528 433 835 507 pratruptls,
859 442 916 487 et
956 429 1151 500 sepius
1188 428 1552 485 eminentibus
1580 438 1824 497 asperato
1870 443 1987 482 sco-
2016 431 2060 490 Α
2089 426 2245 496 liqua'
2275 424 2330 478 in
2371 438 2507 492 opus
2534 418 2711 474 simile
2749 423 3181 485 consumpserat.
3217 416 3450 487 Arrepto
3497 420 3680 492 itaque

416 528 576 597 pulis,
607 525 840 584 culmine
865 537 1076 592 quoque
1119 521 1344 576 diversa:
1382 519 1699 583 altitudinis,
1725 520 1869 588 quod
1900 520 1990 573 hic

417 619 638 683 vertice,
669 615 794 671 alibi
822 629 982 669 manu
1026 613 1110 665 vix
1151 611 1322 681 possit
1349 610 1563 681 attingi.
1606 609 1780 666 Credo
1821 610 1986 680 quod,

417 712 643 767 docente
679 704 1004 776 archangelo
1028 703 1263 769 Domini,
1303 717 1410 758 non
1439 712 1691 758 ornatura
1729 702 1988 773 lapidum,

417 800 513 856 sed
545 798 724 855 cordis
766 810 1013 866 quaerere
1037 809 1103 849 ac
1133 794 1356 865 diligere
1387 794 1678 863 puritatem
1723 802 1986 863 oporteat.

422 889 618 945 Vertex
645 902 773 941 vero
806 885 1005 940 montis
1037 885 1375 938 extrinsecus
1401 883 1595 953 partim
1633 897 1834 939 cornea
1856 882 1988 937 silva

419 981 631 1050 tegitur,
675 977 870 1049 partim
898 975 1094 1031 virenti
1134 973 1354 1045 planitie
1389 973 1663 1028 dilatatur.
1705 972 1990 1027 Missarum

415 1070 598 1141 itaque
630 1066 994 1122 celebratione
1036 1064 1320 1134 completa,
1366 1078 1561 1133 magno
1603 1062 1815 1116 attoniti
1863 1077 1991 1132 gau-

417 1163 525 1227 dio,
555 1160 756 1231 quique
780 1158 1056 1212 redierunt
1082 1155 1137 1211 in
1162 1170 1260 1211 sua
1287 1154 1405 1209 loca
1433 1170 1447 1206 :
1476 1153 1758 1224 episeOpns
1787 1161 1986 1217 autem,

416 1256 662 1324 delegato
689 1252 1078 1315 ministrorum,
1108 1256 1389 1303 cantorum
1418 1245 1866 1313 sacerdotumque
1910 1243 1993 1297 of-

419 1343 558 1407 ticio,
588 1351 642 1398 et
669 1340 946 1396 mansione
980 1344 1307 1401 constructa,
1336 1350 1550 1391 omnem
1582 1333 1781 1390 ibidem
1810 1334 1990 1405 quoti.

417 1434 502 1488 die
528 1431 851 1501 psalmorum
902 1429 1299 1496 missarumque
1323 1439 1541 1480 cursum
1584 1437 1822 1494 congruo
1862 1439 1993 1493 pra:-

417 1524 559 1593 cepit
578 1522 767 1578 ordine
790 1518 1071 1575 celebrari.
1100 1516 1284 1575 Nullus
1303 1525 1485 1570 autem
1506 1514 1594 1569 hic
1616 1523 1698 1568 est
1727 1521 1991 1569 nocturno

419 1622 656 1682 tempore
679 1626 841 1665 ausus
866 1607 1099 1677 ingredi,
1126 1606 1219 1661 sed
1267 1620 1460 1659 aurora
1491 1612 1788 1669 transacta,
1814 1613 1988 1657 rnatu-

418 1704 556 1757 tinos
577 1702 652 1757 ibi
674 1701 964 1756 deeantant
992 1700 1241 1769 hymnos.
1267 1696 1347 1751 Ex
1377 1697 1492 1767 ipso
1520 1706 1700 1752 autem
1728 1711 1861 1751 saxo
1882 1712 1989 1765 quo

2092 515 2240 571 ferro
2269 528 2376 582 quo
2398 512 2671 567 accinctus
2693 519 2835 573 erat,
2863 508 3094 561 mediam
3123 507 3330 573 dividit,
3357 518 3678 581 partemque

2088 604 2139 660 ei
2176 602 2395 674 pauperi
2424 600 2633 664 tribuit,
2662 597 2865 666 reliqua
2908 612 3098 651 rursus
3127 596 3387 652 induitur.
3417 599 3519 666 Qui
3550 616 3677 656 eum

2089 707 2120 746 a
2154 689 2628 746 circumstantibus
2679 687 2873 742 irrisus
2911 694 3078 750 esset,
3107 686 3251 755 quod
3293 702 3414 742 cum
3446 688 3676 745 deformi

2089 792 2446 852 truncamque
2489 781 2676 837 habitu
2722 780 3018 843 videretur,
3058 780 3212 847 quasi
3255 780 3309 834 in
3341 781 3487 835 nullo
3515 780 3679 836 laesus

2090 875 2393 946 ignoscrus,
2425 873 2492 926 ad
2532 871 3021 927 remunerationem
3056 869 3368 925 attendebat
3413 870 3675 925 futuram.

2090 965 2255 1018 Nocte
2284 965 2445 1035 igitur
2494 962 2766 1032 sequenti.
2795 977 2918 1016 cum
2952 976 3011 1016 se
3050 962 3229 1031 sopori
3257 961 3513 1026 dedisset,
3543 964 3679 1019 vidit

2088 1053 2360 1110 Christum
2396 1052 2693 1121 chlamydis
2715 1065 2845 1114 sua),
2875 1066 2979 1120 qua
3006 1065 3297 1119 pauperem
3336 1061 3677 1119 contexerat,

2088 1154 2243 1213 parte
2297 1143 2591 1207 vestitum,
2648 1142 2845 1196 intueri
2899 1142 3314 1211 diligentissime
3365 1143 3678 1207 Dominum,

2091 1241 2403 1301 vestemque
2448 1246 2610 1300 quam
2658 1230 2901 1293 dederat,
2942 1230 3164 1301 jubetur
3207 1244 3521 1301 agnoscere.
3556 1230 3677 1286 Mox

2092 1322 2161 1376 ad
2188 1320 2498 1390 angelorum
2528 1319 2995 1374 circumstantium
3027 1319 3427 1375 multitudinem
3473 1320 3681 1374 audivit

2090 1409 2273 1466 Jesum
2322 1410 2471 1464 clara
2498 1424 2632 1464 voce
2681 1410 2948 1464 dicentem
2982 1429 2995 1463 :
3026 1408 3288 1464 Martinus
3325 1410 3501 1464 adhuc
3530 1420 3680 1464 cate-

2091 1504 2375 1556 chumenus
2411 1502 2509 1555 hac
2537 1517 2618 1555 me
2642 1510 2774 1556 veste
2820 1502 3065 1555 contexit.
3110 1500 3419 1566 Attenditis,
3454 1500 3677 1567 fratres,

2091 1606 2122 1645 a
2149 1598 2351 1660 quanta
2380 1588 2708 1660 perfectione
2753 1590 2856 1644 iste
2903 1590 2988 1645 vir
3015 1598 3235 1644 sanctus
3276 1591 3506 1660 coeperit
3547 1607 3679 1647 eon-

2091 1682 2413 1740 versationis
2442 1697 2553 1737 sua:
2575 1682 2818 1745 initium;
2849 1695 2974 1735 nam
3001 1680 3129 1736 hinc
3157 1679 3425 1748 conjicere
3449 1682 3678 1752 potestis

416 1790 616 1860 tegitur
643 1804 797 1844 sacra
839 1787 982 1842 ardes
1025 1788 1095 1843 ad
1138 1785 1440 1856 aquilonem
1483 1785 1693 1852 altaris,
1720 1785 1892 1841 dulcis
1936 1795 1988 1840 et

2092 1773 2159 1828 ad
2196 1788 2358 1844 quem
2403 1773 2565 1827 linem
2612 1786 2802 1826 cursus
2845 1770 2927 1825 sui
2950 1770 3281 1839 pertenderit
3323 1779 3543 1827 statum.
3581 1772 3678 1825 Vi-

416 1881 640 1935 nimiurn
664 1878 840 1933 lucida
868 1878 1117 1947 guttatim
1143 1892 1280 1946 aqua
1311 1876 1582 1940 dilabitur,
1612 1891 1775 1945 quam
1802 1875 1990 1930 incolte

377 1982 385 1990 '
417 1969 613 2023 stillam
650 1975 866 2022 vocant.
899 1965 982 2020 Ab
1016 1966 1122 2021 hoc
1148 1974 1204 2020 et
1230 1966 1460 2021 vitreum
1489 1979 1601 2031 vas,
1639 1962 1877 2032 ejusdem
1905 1979 1991 2020 re-

415 2057 593 2128 ceptui
621 2066 998 2127 praeparatum,
1032 2065 1287 2124 argentea
1326 2055 1523 2125 pendet
1547 2063 1738 2109 catena
1765 2068 1990 2123 suspen-

414 2164 555 2212 sum,
584 2146 857 2216 morisque
889 2153 973 2201 est
1019 2144 1213 2216 populo
1259 2144 1617 2200 communiter
1656 2143 1892 2215 singulos
1921 2141 1991 2197 ad

416 2237 515 2291 hoc
548 2234 824 2291 vasculum
848 2234 1138 2290 ascendere
1179 2248 1277 2302 per
1303 2233 1521 2304 gradus,
1546 2232 1857 2302 dominique
1881 2246 1991 2287 cm-

414 2327 565 2382 lestis
591 2327 877 2398 degustare
901 2326 1164 2395 liquorem
1189 2342 1203 2379 :
1235 2340 1359 2379 nam
1388 2336 1447 2381 et
1493 2336 1650 2394 gustu
1677 2325 1860 2381 suavis
1907 2333 1991 2381 est

415 2425 471 2469 et
498 2424 640 2471 tactu
672 2415 922 2471 salubris.
958 2414 1201 2485 Denique
1241 2415 1481 2470 nonnulli
1530 2424 1653 2485 post
1682 2416 1871 2488 longas
1906 2414 1988 2471 fe-

413 2509 589 2563 brium
609 2506 878 2574 tlammas,
907 2497 1049 2563 hanc
1086 2506 1332 2562 haustam
1357 2506 1572 2572 stillam,
1598 2506 1759 2562 celeri
1800 2506 1987 2563 confe-

411 2600 537 2655 stim
569 2599 849 2671 refrigerio
879 2600 1160 2669 potiuntur
1188 2598 1395 2654 salutis.
1430 2597 1732 2655 lunumcris
1775 2616 1989 2671 quoque

410 2697 467 2743 et
490 2687 609 2743 aliis
636 2689 810 2743 modis
858 2688 929 2743 ibi
975 2689 1167 2743 crebro
1191 2696 1453 2742 sanantur
1496 2689 1706 2759 aegroti,
1737 2696 1792 2743 et
1821 2688 1986 2743 multa

413 2776 665 2849 angelicae
707 2786 911 2833 tantum
939 2779 1225 2849 potestatis
1262 2778 1386 2834 licet
1422 2779 1538 2851 (sic)
1567 2780 1680 2851 geri
1728 2780 1987 2835 miracula

413 2867 831 2938 comprobantur
862 2886 877 2922 :
905 2868 1140 2923 maxime
1169 2876 1349 2923 tamen
1391 2868 1631 2935 ejusdem
1657 2870 1744 2925 die
1793 2870 1988 2926 natalis

412 2954 548 3023 ejus,
581 2970 706 3010 eum
732 2964 788 3011 et
822 2956 889 3011 de
930 2956 1223 3026 provmciis
1250 2956 1647 3027 circumpositis
1684 2958 1805 3028 plus
1829 2956 1987 3013 solito

414 3041 625 3097 conﬂua
668 3044 824 3099 turba
859 3053 1131 3111 occurrat,
1176 3054 1230 3100 et
1267 3044 1520 3116 angelica:
1554 3046 1768 3101 virtutis
1818 3045 1988 3115 major

2091 1864 2226 1933 ginti
2256 1879 2385 1935 ergo
2417 1877 2678 1917 annorum
2704 1860 2960 1931 baptismi
2985 1868 3382 1916 sacramentum
3416 1862 3677 1931 suscepit,

2091 1963 2147 2009 et
2179 1970 2285 2009 non
2310 1952 2478 2008 multo
2501 1960 2622 2022 post
2643 1951 2757 2005 lucc
2779 1950 3026 2004 militiam
3054 1948 3329 2015 deserens,
3362 1958 3551 2005 sancto
3579 1949 3677 2007 lli-

2091 2045 2227 2099 lario
2271 2042 2566 2098 confessori
2622 2041 2920 2103 atlltzerens,
2972 2039 3031 2093 tit
3083 2042 3413 2106 monachus;
3466 2041 3520 2094 in
3569 2056 3677 2109 quo

2090 2136 2365 2206 proposito
2394 2143 2502 2189 tam
2550 2133 2802 2189 nobiliter
2828 2133 3074 2204 degebat,
3107 2140 3166 2186 ut
3212 2133 3374 2187 etiam
3420 2133 3593 2201 signis
3622 2144 3678 2188 et

2092 2226 2366 2281 miraculis
2394 2226 2650 2280 Dominus
2674 2224 2793 2295 ejus
2820 2225 3191 2291 comprobaret
3223 2222 3479 2277 studium.
3532 2223 3677 2278 Inte-

2092 2333 2184 2372 rea
2213 2314 2607 2371 Turonensium
2656 2313 2911 2369 Ecclesiae
2954 2314 3240 2384 cpiscopus
3282 2314 3587 2379 ordinatur,
3620 2314 3674 2366 in

2091 2421 2197 2475 quo
2222 2405 2391 2473 gradu
2418 2404 2583 2458 etiam
2611 2403 2684 2457 ita
2730 2403 3051 2473 temperavit
3078 2402 3349 2472 religionis
3403 2403 3673 2469 habitum,

2091 2504 2149 2549 ut
2171 2495 2223 2549 in
2249 2495 2513 2550 monacho
2536 2508 2722 2563 posses
2754 2493 2983 2562 pastoris
3005 2507 3331 2562 cognoscere
3358 2494 3673 2563 primatum,

2090 2595 2144 2639 et
2171 2586 2223 2639 in
2255 2592 2471 2654 pastore
2512 2583 2700 2638 mirari
2746 2584 3031 2639 monastici
3062 2586 3254 2654 rigoris
3293 2593 3495 2638 actum.
3532 2584 3675 2651 Quid

2090 2677 2275 2748 plura?
2318 2675 2405 2729 Fit
2453 2674 2667 2744 quidem
2713 2688 2811 2744 per
2852 2675 3031 2729 omnia
3072 2674 3396 2743 evangelica:
3443 2675 3675 2745 insignis

2088 2776 2325 2823 assertor
2346 2766 2622 2831 doctrinae,
2652 2765 2781 2819 etin
2804 2765 3186 2820 miraculorum
3211 2764 3514 2834 frequentia
3543 2780 3675 2834 apo-

2090 2860 2290 2915 stolica:
2314 2874 2414 2928 par
2436 2857 2654 2928 gratiae;
2683 2856 2749 2912 de
2769 2871 2876 2925 quo
2903 2856 3175 2921 videlicet,
3206 2854 3438 2924 Sulpitio
3468 2855 3676 2909 Severo

2089 2950 2379 3013 scribente,
2410 2946 2618 3019 insigne
2645 2954 2823 3000 exstat
2865 2945 3139 3000 volumen.
3189 2944 3325 2999 Nam
3366 2943 3673 2999 daemonum

2091 3039 2326 3111 legiones
2353 3035 2423 3091 ab
2455 3036 2692 3092 obsessis
2719 3035 2954 3090 catervis
2976 3032 3258 3090 hominum
3299 3033 3502 3104 expulit
3531 3050 3546 3086 :
3576 3048 3676 3086 va—

414 3132 807 3202 quodammodo
854 3135 1105 3191 credatur
1148 3135 1336 3191 adesse
1383 3134 1700 3205 frequentia,
1734 3144 1793 3190 ut
1845 3135 1986 3205 quod
2015 3147 2059 3208 ρ
2092 3132 2199 3185 rias
2225 3128 2569 3202 aegritudines
2597 3126 2985 3182 infirmantium
3024 3126 3268 3196 abigens,
3298 3124 3455 3180 saluti
3488 3124 3676 3193 pristi-

415 3223 732 3293 spiritaliter
769 3224 1019 3282 dixerunt
1061 3225 1287 3296 apostoli
1313 3235 1369 3283 et
1401 3226 1753 3295 corporaliter
1787 3220 1878 3297 agi
1907 3228 1988 3281 vi-

416 3316 624 3379 deatur,
654 3316 793 3386 quod
837 3317 1008 3386 angeli
1046 3328 1167 3372 sunt
1205 3316 1640 3371 administratorii
1681 3317 1892 3385 spiritus
1935 3317 1988 3370 in

415 3406 757 3460 ministerium
794 3408 962 3474 missi,
1008 3418 1218 3478 propter
1252 3423 1337 3462 eos
1375 3408 1464 3477 qui
1502 3407 1854 3463 Ita-reditatent
1894 3424 1986 3462 ca-

415 3497 560 3566 piunt
581 3495 768 3553 salutis
798 3496 954 3569 (Heb.
986 3497 1047 3569 r).
1068 3498 1126 3554 ln
1149 3498 1365 3554 Christo
1384 3495 1511 3553 Jesu
1534 3498 1761 3553 Domino
1783 3508 1987 3565 nostro,

414 3586 507 3656 qui
534 3587 665 3642 vivit
686 3595 742 3641 et
763 3596 952 3658 regnat
975 3589 1029 3642 in
1058 3588 1253 3643 szecula
1283 3588 1621 3643 saeculorum.
1650 3588 1842 3644 Arnen.

921 3696 1205 3755 HOMILLA
1242 3695 1475 3752 XXXIII.

416 3804 468 3847 IN
504 3803 701 3845 NATAU
739 3803 929 3845 ωοτι
964 3804 1187 3844 MART!!!
1225 3803 1570 3845 CONFESSORIS
1593 3804 1769 3854 ATQUE
1805 3804 1990 3846 PONTI-

1124 3872 1275 3912 FICIS.

488 3945 774 4017 Largiente
800 3944 980 4000 divina
1002 3943 1174 4012 gratia
1212 3944 1541 4000 convenistis
1580 3945 1760 4011 hodie,
1792 3945 1989 4002 fratres

417 4035 746 4099 charissimi,
776 4034 844 4087 ad
890 4032 1266 4087 celebrandum
1310 4032 1506 4087 festum
1555 4034 1727 4088 sancti
1773 4033 1989 4089 Martini

419 4125 686 4197 pontificis
713 4143 725 4178 :
756 4123 911 4195 cujus
938 4122 1079 4177 inter
1100 4131 1326 4179 caeteros
1352 4124 1559 4177 natales
1601 4132 1657 4178 et
1700 4126 1988 4180 memorias

417 4224 725 4275 sanctorum
750 4214 970 4269 Patrum
1002 4212 1194 4269 nobilis
1236 4223 1290 4268 et
1314 4212 1558 4268 eminens
1580 4223 1757 4268 exstat
1796 4215 1990 4270 solem-

418 4307 589 4372 nitas;
619 4313 676 4361 et
703 4306 918 4371 merito,
943 4303 1068 4375 quia
1105 4318 1136 4358 a
1171 4304 1360 4377 primis
1388 4303 1707 4360 rudimentis
1745 4306 1868 4360 vita:
1896 4307 1989 4361 hu-

417 4413 591 4453 mana:
613 4396 686 4451 ita
699 4397 883 4466 gratiae
898 4395 1089 4452 divintc
1110 4403 1321 4466 aptatus
1342 4403 1443 4462 est,
1464 4403 1523 4448 ut
1537 4396 1592 4449 in
1612 4396 1855 4466 pueritia:
1875 4414 1987 4454 suae

2090 3236 2173 3276 na:
2207 3228 2391 3275 erutos
2430 3217 2679 3281 reddidit,
2715 3216 2917 3270 debiles
2944 3223 2998 3270 et
3039 3214 3280 3286 leprosos
3308 3214 3470 3269 verbo
3512 3228 3647 3268 cura

2086 3310 2183 3375 vit,
2227 3308 2509 3378 sanctique
2539 3306 2774 3377 Spiritus
2804 3307 2976 3377 gratia
3024 3307 3315 3370 revelante,
3369 3296 3537 3361 multa
3587 3306 3646 3362 fu

2090 3413 2206 3455 tura
2258 3416 2350 3477 «tu
2393 3399 2680 3470 praesentia
2724 3398 2992 3468 praedixit.
3050 3396 3252 3452 Praeter
3306 3398 3421 3452 haec
3453 3414 3675 3469 quoque

2088 3496 2250 3550 trium
2272 3502 2606 3549 mortuorum
2638 3492 2930 3548 suscitator
2960 3491 3287 3562 prtedicatur
3313 3506 3434 3546 esse
3462 3493 3646 3563 magni

2087 3588 2239 3643 (iens.
2265 3584 2536 3658 Angelicis
2563 3598 2706 3654 saepe
2731 3584 2979 3641 visitatus
3002 3594 3086 3639 est
3115 3584 3327 3650 otliciis,
3354 3595 3515 3655 atque
3542 3601 3641 3640 san

2084 3686 2296 3733 ctorum
2347 3674 2714 3746 apostolorum
2743 3715 2760 3741 ,
2811 3683 2867 3728 et
2916 3673 3187 3745 pratcipue
3238 3674 3336 3730 Dei
3387 3674 3672 3746 genitricis

2085 3776 2169 3822 est
2191 3766 2502 3823 consolatus
2524 3765 2791 3835 alloquiis.
2817 3764 2861 3820 Ο
2889 3765 2971 3818 vir
3009 3764 3198 3819 beatus
3223 3772 3279 3821 et
3309 3780 3468 3820 verus
3496 3765 3673 3821 Israe-

2087 3856 2203 3922 lita,
2228 3858 2279 3912 in
2310 3872 2415 3927 quo
2442 3856 2594 3911 dolus
2619 3872 2723 3911 non
2756 3856 2883 3911 fuit!
2922 3854 3203 3912 Neminem
3229 3865 3432 3912 temere
3453 3856 3673 3926 judica-

2086 3949 2182 4016 vit,
2232 3949 2504 4003 nemiuem
2553 3947 2748 4018 injuste
2795 3946 3089 4013 damnavit,
3142 3946 3275 4000 nulli
3322 3946 3521 4000 malum
3567 3962 3672 4016 pro

2087 4041 2227 4095 malo
2252 4038 2501 4104 reddidit,
2531 4046 2721 4092 contra
2748 4052 2940 4092 omnes
2985 4036 3210 4106 injurias
3238 4043 3293 4091 et
3329 4036 3674 4091 adversario—

2091 4144 2208 4181 rum
2247 4126 2547 4182 calumnias
2593 4126 3024 4196 patientissimus
3074 4125 3299 4180 exstitit.
3343 4124 3672 4195 Plerumque

2085 4217 2249 4271 etiam
2272 4232 2370 4286 pro
2391 4231 2580 4272 eorum
2605 4216 2696 4285 qui
2725 4216 3117 4272 obtrectatores
3144 4214 3288 4270 illius
3324 4222 3479 4270 erant
3523 4216 3670 4270 sole-

2088 4306 2179 4360 bat
2196 4306 2323 4362 ilere
2348 4308 2605 4376 peccatis,
2625 4306 2715 4375 qui
2742 4315 3011 4361 remotum
3053 4305 3199 4360 illum
3230 4314 3285 4360 et
3305 4306 3545 4376 quietum
3569 4320 3666 4361 ve-

2088 4399 2296 4452 nenatis
2336 4398 2529 4468 linguis
2552 4411 2607 4453 et
2642 4398 2858 4468 vipereo
2883 4412 2978 4452 ore
3022 4398 3332 4466 carpebant.
3376 4396 3669 4467 Nunquam

420 4497 682 4558 tempore,
713 4487 925 4557 quando
953 4485 1184 4555 primum
1222 4485 1483 4541 electione
1510 4485 1603 4541 Dei
1632 4485 1805 4542 fuerat
1827 4489 1988 4544 advo—
2011 4490 2066 4549 D
2090 4491 2146 4545 in
2186 4505 2280 4545 ore
2307 4490 2450 4545 illius
2490 4491 2592 4545 nisi
2618 4490 2886 4555 Christus,
2918 4504 3192 4558 nunquam
3233 4489 3288 4543 in
3332 4474 3474 4544 illius
3498 4488 3671 4544 corde

420 4585 593 4642 catus,
632 4577 812 4632 statim
840 4584 1121 4646 appareret
1143 4576 1430 4646 perfectus.
1460 4576 1698 4648 Denique
1723 4595 1841 4635 cum
1867 4596 1989 4637 nec-

419 4668 548 4724 dum
571 4682 722 4721 sacra
742 4667 881 4721 unda
914 4666 1249 4738 baptismatis
1277 4666 1466 4725 fuisset
1494 4678 1861 4738 regeneratus,
1894 4671 1987 4726 sed

422 4766 629 4817 tantum
654 4757 818 4812 verbo
855 4755 980 4811 fidei
1007 4754 1241 4810 imbutus
1280 4771 1343 4811 ac
1385 4759 1804 4814 catechumenus
1847 4768 1990 4814 esset

420 4846 661 4910 effectus,
675 4846 905 4915 quodam
926 4851 1321 4915 tempore,cum
1336 4844 1448 4914 jam
1469 4844 1600 4900 nihil
1621 4852 1814 4915 przeter
1836 4859 1986 4899 arma

421 4947 478 4995 et
501 4935 795 5006 simplicem
825 4933 1028 4990 militiai
1052 4933 1302 4989 vestitum
1325 4932 1565 4999 haberet,
1588 4935 1763 4989 media
1789 4935 1984 5000 hieme,

423 5042 544 5099 qua:
572 5026 728 5081 solito
759 5025 998 5095 asperior
1031 5024 1396 5091 inhorruerat,
1446 5026 1580 5081 adeo
1605 5034 1665 5079 ut
1704 5024 1989 5096 plerosque

422 5119 505 5173 vis
548 5116 744 5188 algoris
776 5117 1164 5188 exstingueret,
1203 5115 1419 5171 obvium
1461 5116 1703 5183 haberet,
1737 5118 1789 5171 in
1833 5128 1988 5188 porta

425 5208 867 5266 Ambianensium
895 5208 1145 5273 civitatis,
1175 5221 1463 5278 pauperem
1493 5208 1716 5275 nudum,
1746 5208 1837 5278 qui
1865 5223 1987 5262 cum

423 5309 809 5374 praetereuntes
847 5310 906 5355 ut
928 5301 1017 5356 sui
1047 5301 1430 5355 misererentur
1469 5309 1673 5367 oraret,
1696 5315 1990 5369 omnesque

426 5393 681 5449 miserum
722 5391 1079 5463 prazterirent,
1105 5389 1367 5445 intellexit
1389 5390 1469 5444 vir
1509 5389 1619 5446 Deo
1645 5390 1857 5462 plenus,
1889 5392 1990 5445 sibi

427 5481 597 5551 illum,
640 5483 759 5539 aliis
804 5481 1225 5539 misericordiam
1255 5496 1361 5536 non
1387 5483 1786 5552 prtestantibus,
1818 5497 1992 5538 reser-

425 5572 562 5625 vari.
588 5571 724 5641 Quid
750 5581 928 5629 tamen
955 5579 1157 5645 ageret,
1191 5572 1482 5637 nesciebat,
1512 5573 1604 5642 qui
1633 5571 1766 5628 nihil
1792 5582 1991 5644 praeter

426 5659 757 5734 chlamydem
783 5679 886 5734 qua
912 5663 1127 5722 indutus
1156 5671 1290 5727 erat,
1327 5661 1553 5718 habebat
1578 5682 1589 5715 :
1609 5662 1720 5733 jam
1746 5665 1886 5721 enim
1909 5680 1991 5720 re-

2090 4583 2192 4636 nisi
2218 4582 2413 4652 pietas,
2438 4581 2541 4636 nisi
2563 4596 2688 4652 pax,
2726 4581 2832 4637 nisi
2873 4580 3393 4646 misericordia,_nisi
3421 4580 3666 4637 charitas

2088 4681 2224 4727 erat.
2274 4672 2435 4737 Ecce,
2484 4671 2698 4737 fratres,
2726 4671 2938 4742 qualem
2983 4680 3039 4727 et
3080 4679 3335 4742 quantam
3384 4671 3665 4726 lucernam

2087 4764 2333 4819 Christus
2358 4777 2517 4834 super
2546 4763 2927 4818 caudelabrurn
2953 4763 3008 4817 iu
3038 4762 3273 4818 Ecclesia
3316 4777 3416 4816 sua
3461 4763 3666 4832 posuit,

2087 4866 2149 4912 ut
2173 4871 2360 4912 omnes
2380 4856 2473 4925 qui
2499 4855 2892 4924 ingrediuntur,
2919 4854 3100 4909 lumen
3141 4854 3374 4909 videant.
3404 4852 3537 4919 Quis
3566 4868 3665 4907 no—

2091 4953 2264 5000 strum
2308 4953 2390 4999 est
2421 4944 2513 5014 qui
2548 4957 2656 4998 non
2699 4944 2754 4997 in
2783 4941 3190 4998 conversatione
3228 4940 3346 5010 ejus
3374 4940 3572 5005 lucem,
3607 4941 3665 4995 in

2090 5035 2335 5090 doctrina
2384 5034 2747 5104 splendorem,
2775 5034 2830 5088 in
2862 5033 3125 5103 exemplis
3166 5031 3471 5086 claritatem
3514 5030 3663 5084 inve‘

2091 5122 2210 5178 nire
2249 5123 2421 5193 possit
2451 5136 2467 5177 :
2494 5123 2589 5178 sed
2630 5123 2758 5193 quia
2790 5123 2967 5178 nullus
2998 5131 3084 5177 est
3109 5120 3201 5190 qui
3236 5136 3343 5177 non
3375 5120 3567 5191 possit,
3587 5120 3664 5174 vi-

2093 5212 2214 5268 dete
2240 5228 2310 5268 ne
2333 5213 2458 5283 quis
2480 5213 2553 5269 sit
2577 5213 2668 5282 qui
2690 5228 2798 5270 non
2831 5212 2959 5266 velit
2989 5231 3001 5265 :
3030 5228 3142 5267 non
3167 5212 3310 5266 enim
3351 5209 3510 5266 facile
3536 5224 3665 5264 eva-

2091 5302 2322 5357 serimus
2348 5302 2658 5368 vindictam,
2679 5303 2722 5357 si
2756 5310 2960 5356 tantam
2987 5301 3384 5372 neglexerimus
3410 5299 3663 5372 gratiam.

2094 5391 2294 5449 Omnes
2323 5392 2651 5463 gaudeamus
2665 5393 2941 5449 celebrare
2982 5392 3179 5447 festum
3227 5392 3466 5457 Martini,
3492 5397 3667 5446 atteri.

2094 5485 2282 5540 damus
2308 5494 2366 5540 ut
2388 5500 2678 5555 sequamur
2696 5485 2939 5555 exempla
2968 5484 3202 5552 Martini,
3232 5500 3339 5556 quo
3381 5482 3668 5554 pervenire

2092 5574 2358 5643 possimus
2381 5574 2445 5628 ad
2473 5575 2751 5644 praemium
2788 5573 3021 5629 Martini.
3057 5572 3172 5629 Non
3212 5573 3381 5629 simus
3406 5586 3535 5643 ergo
3571 5585 3666 5626 su-

2093 5664 2265 5732 perbi,
2304 5663 2452 5729 elati,
2497 5672 2833 5735 arrogantes,
2862 5664 3156 5735 vaniloqui,
3198 5663 3505 5730 mendaces,
3550 5661 3668 5718 ira-
