4040 6188
289 283 355 340 ε
1248 274 1555 339 “Oﬁllle
1590 275 1681 332 DE
1718 273 1960 351 FESTIS
2003 274 2407 336 PRIECIPUIS.
2450 276 2602 333 ETC.
2984 352 2987 359 ‘
3490 279 3558 333 66

290 395 448 452 condi
471 432 489 455 .
536 390 794 449 maledici
819 430 839 454 ,
892 388 1084 455 invidi,
1130 387 1432 458 blasphemi
1454 428 1471 451 ,
1517 387 1875 449 detractores,
1902 392 1952 449 Α
1981 385 2165 442 missis
2188 387 2472 445 retibus-et
2496 388 2652 455 navi;
2680 387 2848 444 valuit
2866 387 3059 445 .vidnte
3076 387 3285 444 duobus
3306 390 3560 458 minutis;

292 486 456 548 avari,
480 484 712 541 ebriosi.
737 481 1016 537 libidinosi
1059 489 1115 538 et
1141 481 1474 549 voluptatum
1511 478 1705 537 saeculi
1730 492 1881 532 ama-

295 587 454 641 tores,
474 575 665 644 utique
683 573 831 643 quod
853 588 966 632 non
988 572 1093 627 luit
1134 570 1429 636 Martinus;
1454 570 1555 628 sed
1589 569 1760 625 simus
1785 569 1881 625 hu-

292 666 459 727 miles,
484 664 828 728 obedientes,
854 676 1103 724 veraces,
1127 660 1308 725 niites,
1329 659 1618 729 patientes,
1641 657 1877 729 benigni,

294 755 690 819 misericordes,
719 753 961 823 pacifici,
1002 752 1298 821 boniloqui,
1326 751 1485 821 largi,
1528 749 1719 815 sobrii,
1749 764 1881 804 con-

294 848 549 909 tinentes,
570 845 931 915 longanimes,
957 842 1101 913 pleni
1123 840 1409 899 dilectione
1428 842 1523 896 Dei
1547 840 1875 910 etproximi,

294 938 432 1009 quod
455 937 576 993 sine
618 935 783 991 dubio
809 935 911 989 fuit
940 933 1221 989 Martinus.
1259 932 1351 989 Sic
1392 947 1606 1001 quoque
1644 932 1881 1001 placebi-

295 1045 411 1085 mus
432 1028 689 1092 Nat-tino,
715 1037 771 1082 et
794 1026 881 1081 sic
899 1026 1312 1082 intercessorem
1341 1022 1635 1093 poterimus
1665 1037 1879 1090 semper

297 1122 461 1190 ipsum
484 1118 692 1175 habere
712 1116 1003 1170 Martinum
1028 1131 1040 1167 :
1066 1115 1209 1184 quod
1234 1113 1392 1169 nobis
1410 1110 1527 1179 ejus
1546 1113 1717 1183 gratia
1741 1127 1879 1181 pra:-

300 1220 439 1266 stare
450 1210 728 1278 dignetur.
743 1206 831 1276 qui
848 1205 1214 1263 confessorem
1230 1204 1499 1259 suumsibi
1519 1203 1746 1259 feliciter
1759 1218 1877 1258 ser-

297 1302 523 1356 vientem
551 1299 808 1368 gaudium
832 1306 1094 1353 aeternum
1128 1296 1330 1350 intrare
1359 1293 1580 1358 fecerat,
1612 1302 1670 1348 et
1717 1309 1879 1362 super

295 1392 468 1448 omnia
484 1406 584 1445 sua
597 1388 970 1452 constituerat,
986 1384 1141 1441 Jesus
1149 1383 1395 1441 Christus
1405 1384 1664 1440 Dominus
1677 1395 1875 1447 noster,

298 1483 381 1552 qui
408 1481 542 1536 vivit
559 1489 617 1536 et
646 1487 838 1550 regnat
865 1493 989 1532 cum
1010 1478 1122 1532 Deo
1146 1476 1314 1530 Patre
1341 1475 1395 1529 in
1421 1475 1626 1530 unitate
1647 1476 1879 1544 Spiritus

298 1573 464 1629 sancti
484 1573 667 1636 Deus,
714 1585 813 1640 per
839 1569 1018 1624 omnia
1063 1567 1260 1623 satcula
1307 1566 1646 1622 saeculorum.
1681 1566 1874 1621 Amen.

801 1677 1091 1733 HOMlLlA.
1122 1676 1361 1731 XXXIV.

530 1766 585 1804 l8
622 1765 822 1805 MTALI
859 1764 1046 1804 SANC‘I'I
1087 1762 1311 1803 ANDBEE
1350 1760 1628 1801 APOSTOLI.

757 1836 1126 1911 (Evangelium
1154 1835 1315 1891 Joan.
1348 1835 1412 1905 t.)

359 1931 437 1989 Ex
462 1930 697 1987 lectione
716 1930 894 1986 sancti
934 1929 1208 2000 Evangelii
1235 1942 1359 1998 quae
1394 1927 1554 1984 modo
1601 1926 1737 1983 lecta
1765 1933 1871 1993 est,

297 2020 487 2080 fratres
529 2020 864 2082 charissimi,
891 2019 1118 2088 potestis
1162 2018 1512 2089 perpendere,
1552 2025 1607 2072 et
1646 2031 1874 2086 perpen-

295 2114 475 2170 dentea
495 2126 849 2183 cognoscam,
877 2119 1140 2181 quantum
1162 2109 1330 2164 distat
1355 2108 1409 2163 in
1437 2109 1545 2163 imo
1565 2106 1750 2174 jacens
1774 2123 1875 2177 pu—

295 2203 633 2256 sillanimitas
650 2200 985 2259 infirmitatis
1008 2206 1207 2255 nostrae
1232 2213 1262 2252 a
1289 2197 1559 2253 soliditate
1586 2195 1873 2267 perfectio:-

297 2292 372 2345 nis
399 2291 731 2361 apostolicae,
753 2298 809 2345 ct
832 2304 996 2360 quam
1032 2288 1190 2360 longe
1217 2286 1393 2344 dill‘ert
1426 2287 1747 2357 protervitas
1778 2300 1875 2341 no—

298 2389 401 2435 stra
446 2396 481 2435 a
529 2381 952 2450 [incedentium
998 2378 1220 2434 Patrum
1264 2378 1587 2434 obedientia.
1636 2376 1874 2432 Audistis

296 2486 416 2540 ergo
458 2471 609 2540 quod
637 2470 705 2524 ad
751 2471 913 2526 unius
930 2471 1189 2541 jussionis
1221 2484 1406 2524 vocem
1450 2468 1644 2524 Petrus
1687 2475 1744 2522 et
1768 2466 1875 2522 An-

295 2562 467 2628 dreas,
522 2561 728 2616 relictis
778 2562 1003 2628 retibus,
1056 2562 1226 2618 secuti
1277 2569 1399 2618 sunt
1436 2559 1870 2630 Redemptorcm.

298 2650 445 2707 Nulla
476 2668 606 2708 vero
636 2654 782 2709 hunc
811 2651 991 2708 facere
1017 2653 1196 2709 adhuc
1222 2651 1481 2708 miracula
1509 2651 1776 2714 viderant,
1799 2650 1873 2705 nil

295 2742 361 2795 ab
393 2757 461 2797 eo
485 2742 550 2798 de
575 2742 801 2811 prtemio
841 2751 1056 2798 aeterna:
1084 2742 1452 2798 retributionis
1491 2741 1797 2806 audierant,
1820 2748 1875 2797 et

298 2840 470 2888 nmen
496 2833 562 2887 ad
591 2846 756 2886 unum
790 2832 999 2888 Domini
1041 2844 1369 2903 praeceptum
1396 2834 1501 2889 hoc
1517 2832 1661 2902 quod
1701 2832 1873 2901 possi-

298 2923 418 2977 dere
463 2924 790 2978 videbantur
828 2923 981 2977 obliti
1006 2933 1149 2977 sunt.
1177 2923 1387 2990 Quanta
1422 2938 1520 2979 nos
1547 2923 1665 2993 ejus
1702 2923 1869 2977 mira-

295 3014 404 3068 cuia
436 3014 709 3069 vidimus?
727 3023 859 3083 quot
877 3013 1103 3084 ﬂagellis
1123 3014 1442 3085 afﬂigimur?
1462 3014 1679 3083 quantis
1700 3014 1871 3068 mina-

298 3119 407 3157 rum
452 3105 837 3173 asperitatibus
880 3106 1233 3169 deterremur,
1264 3114 1319 3161 et
1364 3114 1542 3160 tamen
1588 3113 1869 3162 vocantem
1898 3093 1943 3154 C

298 3192 438 3261 sequi
469 3193 887 3248 contemnimus.
918 3194 974 3248 ln
1000 3193 1139 3249 coelo
1159 3193 1272 3264 jam
1315 3195 1486 3260 sedet,
1521 3196 1611 3264 qui
1651 3195 1718 3250 de
1742 3210 1872 3249 con—

299 3282 537 3336 versione
566 3298 667 3336 nos
694 3283 980 3347 admonet;
1007 3283 1117 3353 jam
1142 3284 1274 3355 jugo
1301 3282 1421 3339 fidei
1467 3283 1603 3340 colla
1632 3284 1869 3355 gentium

300 3375 546 3440 subdidit,
569 3375 683 3442 jam
715 3376 899 3430 mundi
927 3375 1149 3445 gloriam
1183 3378 1393 3441 stravit,
1418 3376 1528 3446 jam
1563 3377 1730 3431 ruinis
1756 3374 1872 3443 ejus

300 3464 776 3530 crebrescentibus,
828 3465 1056 3520 districti
1102 3465 1183 3522 sui
1229 3464 1417 3535 judicii
1466 3466 1607 3521 diem
1647 3466 1871 3536 propin-

301 3567 543 3624 quantem
589 3558 899 3622 denuntiat;
929 3566 987 3612 et
1026 3567 1202 3613 tamen
1230 3559 1458 3628 superba
1501 3574 1656 3613 mens
1686 3566 1870 3612 nostra

301 3665 399 3702 non
428 3650 534 3703 vult
565 3649 667 3704 hoc
711 3658 906 3719 sponte
950 3651 1199 3707 deserere
1241 3650 1382 3720 quod
1429 3650 1668 3720 quotidie
1697 3651 1874 3719 perdit

304 3740 351 3793 in
377 3742 501 3793 vita.
527 3741 667 3807 Quid
694 3756 847 3811 ergo,
874 3739 1069 3797 fratres
1096 3742 1418 3805 cbarissimi,
1449 3742 1500 3796 in
1531 3741 1645 3810 ejus
1666 3741 1871 3810 judicio

300 3828 484 3883 dicturi
529 3844 738 3895 sumus,
774 3831 865 3900 qui
913 3831 981 3885 ab
1009 3846 1193 3886 amore
1236 3831 1518 3900 praesentis
1547 3831 1727 3885 saeculi
1772 3846 1870 3886 nec

300 3921 571 3988 praeceptis
595 3919 883 3986 flectimur,
909 3936 1009 3976 nec
1028 3918 1340 3976 verberibus
1364 3920 1733 3976 emendamur.
1762 3920 1870 3976 Sed

300 4005 520 4068 fortasse
566 4008 759 4078 aliquis
791 4009 968 4064 tacitis
1011 4025 1195 4064 secum
1236 4010 1652 4081 cogitationibus
1688 4010 1816 4067 dicit
1853 4028 1866 4064 :

302 4095 376 4150 Ad
411 4111 596 4152 vocem
620 4099 957 4154 Dominicam
992 4107 1217 4169 uterque
1246 4098 1347 4154 iste
1373 4098 1610 4169 piscator
1629 4099 1755 4167 quid
1778 4108 1871 4155 aut

300 4196 553 4254 quantum
596 4188 823 4255 dimisit,
853 4187 944 4259 qui
971 4204 1104 4258 pene
1130 4189 1261 4245 nihil
1288 4190 1510 4245 habuit?
1539 4189 1644 4246 Sed
1684 4192 1738 4246 in
1765 4192 1869 4246 hac

301 4295 373 4344 re,
399 4280 595 4338 fratres
621 4282 952 4347 charissimi,
975 4281 1224 4338 allectum
1249 4283 1506 4339 debemus
1540 4284 1717 4353 potius
1745 4297 1872 4354 pen-

299 4386 417 4425 sare
455 4388 615 4443 quam
643 4388 889 4428 censum.
938 4372 1158 4428 Multum
1189 4368 1544 4444 reliquit'qui
1582 4375 1683 4430 sibi
1733 4374 1865 4429 nihil

300 4461 539 4526 retinuit;
592 4461 821 4515 multum
863 4461 1080 4532 reliquit
1121 4463 1235 4531 qui,
1270 4463 1565 4533 quamlibet
1614 4480 1862 4534 parvum,

298 4560 462 4606 totum
481 4553 735 4608 deseruit.
768 4552 926 4608 Certe
947 4568 1048 4609 nos
1073 4562 1129 4609 et
1156 4554 1342 4610 habita
1372 4570 1495 4610 cum
1526 4570 1710 4611 amore
1735 4571 1866 4627 pos-

295 4643 545 4707 sidemus,
564 4649 620 4697 ct
640 4658 762 4713 qua:
786 4643 1007 4699 minime
1034 4644 1315 4709 habemus,
1343 4660 1409 4701 ex
1431 4645 1697 4702 desiderio
1722 4664 1868 4717 qua:-

295 4731 479 4785 rimus.
494 4731 714 4787 Multum
736 4748 867 4803 ergo
877 4732 1068 4788 Petrus
1080 4741 1138 4789 et
1151 4734 1395 4789 Andreas
1413 4736 1635 4801 dimisit,
1653 4738 1867 4805 quando

296 4830 516 4888 uterque
552 4822 717 4877 etiam
760 4822 1027 4881 desideria
1056 4824 1286 4879 habendi
1334 4825 1637 4895 dereliquit.
1681 4827 1870 4893 Multa,

293 4910 503 4975 fratres,
544 4912 870 4980 relinquitis,
915 4913 960 4968 si
994 4912 1278 4969 desideriis
1322 4916 1663 4972 renuntiatis.
1703 4918 1867 4974 Exte.

292 5002 430 5055 riora
460 5002 662 5057 etenim
685 5010 887 5066 nostra,
922 5004 1171 5073 quamvis
1205 5019 1372 5074 parva
1401 5007 1529 5071 sint,
1571 5006 1867 5072 sufﬁciunt,

289 5092 329 5146 si
378 5093 636 5147 interiora
663 5093 845 5151 cordis
886 5102 999 5149 tota
1041 5094 1352 5153 oderantur.
1396 5097 1503 5153 Cor
1536 5114 1768 5169 namque
1808 5108 1865 5155 et

289 5197 385 5236 non
416 5186 777 5241 substantiam
828 5194 1019 5256 pensat
1060 5188 1225 5254 Deus,
1254 5203 1354 5246 nec
1384 5191 1667 5260 perpendit
1691 5207 1865 5261 quan-

287 5282 393 5329 tum
420 5276 477 5330 in
497 5275 618 5345 ejus
640 5275 931 5342 sacriﬁcio,
959 5278 1053 5332 sed
1078 5292 1146 5334 ex
1185 5289 1385 5348 quanto
1429 5279 1706 5335 offeratur.
1756 5280 1865 5335 Ile-

282 5380 444 5435 gnam
473 5369 567 5423 Dei
599 5376 814 5424 tantum
842 5370 986 5425 valet
1007 5378 1268 5440 quantum
1296 5371 1485 5427 habes.
1509 5370 1688 5427 Valuit
1709 5386 1863 5426 nam-

280 5473 384 5531 que
408 5458 641 5516 Zaehteo
668 5461 724 5517 in
765 5461 989 5517 dimidio
1033 5462 1369 5527 substantiae,
1410 5463 1539 5532 quia
1577 5463 1856 5518 dimidium

281 5549 423 5606 aliud
448 5552 517 5605 ad
544 5553 652 5609 hoc
683 5554 831 5624 quod
878 5553 1073 5624 injuste
1114 5552 1359 5619 abstulit,
1384 5556 1771 5614 restituendum
1804 5556 1865 5610 in

282 5643 637 5712 sandruplum
683 5645 942 5701 servavit.
975 5645 1154 5702 Valuit
1196 5646 1358 5705 Petro
1392 5656 1448 5704 et
1482 5646 1736 5716 Andreae,
1776 5648 1861 5703 di-

1893 4423 1944 4482 D

1970 475 2153 539 ,valuit
2191 476 2602 533 alterieaticem
2628 492 2783 548 aquas
2820 476 3046 549 frigidae.
3096 479 3343 550 Regnum
3380 481 3565 550 itaque

1981 565 2099 629 Dei,
2127 574 2188 621 ut
2224 567 2480 632 diximus,
2510 574 2722 625 tantum
2749 568 2889 623 valet
2921 576 3181 637 quantum
3207 569 3405 635 habes;
3430 581 3564 627 tutn-

1980 672 2141 728 quam
2162 666 2247 712 est
2284 672 2453 712 vacua
2472 672 2666 717 manus
2694 674 2725 713 a
2747 671 2991 720 munere.
3022 658 3069 714 si
3096 674 3224 714 area
3249 659 3432 715 cordis
3466 672 3560 715 re-

1978 747 2122 817 pleta
2151 755 2236 801 est
2255 748 2398 803 bona
2425 746 2716 803 voluntate.
2756 746 2895 804 Hice
2933 748 3131 804 etenim
3165 748 3453 805 Psalntista
3475 749 3562 805 di-

1980 839 2055 892 cit
2080 855 2094 891 :
2126 837 2192 891 In
2217 854 2298 891 me
2320 847 2464 902 sunt,
2492 838 2655 903 Deus,
2679 848 2798 892 vota
2836 849 2953 903 tua,
2975 855 3092 909 qua:
3120 839 3337 894 reddam
3373 839 3564 895 lauda-

1980 928 2147 981 tiones
2171 925 2265 978 tibi
2292 925 2462 996 (Psal.
2488 937 2554 981 ιν
2587 925 2626 995 ).
2659 925 2737 980 Ac
2752 927 2803 981 si
2833 936 3017 997 aperte
3034 928 3175 982 dicat
3208 943 3224 982 :
3252 929 3320 982 Et
3343 929 3391 983 si
3417 937 3564 985 exte-

1983 1018 2096 1074 rius
2136 1033 2361 1073 munera
2388 1018 2660 1072 oﬂ‘crenda
2688 1034 2796 1075 non
2836 1020 3030 1082 habeo,
3060 1020 3112 1073 in
3147 1019 3463 1088 mcmctipso
3486 1028 3563 1073 ta-

1978 1126 2105 1165 men
2134 1110 2348 1165 invenio
2373 1111 2514 1181 quod
2562 1111 2616 1165 in
2665 1125 2760 1165 ara
2792 1119 2898 1166 tua;
2940 1111 3113 1165 laudis
3151 1112 3394 1181 impono;
3428 1110 3563 1166 nihil

1979 1204 2179 1273 quippe
2224 1204 2336 1258 Deo
2361 1201 2588 1257 offertur
2609 1203 2774 1258 ditius
2802 1202 3075 1257 voluntate
3099 1201 3241 1256 bona
3266 1219 3281 1254 :
3308 1202 3563 1257 voluntas

1982 1302 2156 1349 autem
2184 1293 2325 1349 bona
2346 1303 2430 1349 est
2452 1295 2533 1349 sic
2561 1294 2787 1349 adversa
2813 1293 3038 1348 alterius
3069 1293 3211 1347 sicut
3230 1300 3415 1347 nostra
3437 1306 3563 1361 pere

1980 1386 2294 1451 timescere;
2318 1386 2397 1440 sic
2418 1386 2485 1441 de
2505 1386 2865 1456 prosperitate
2880 1386 3110 1455 proximi
3137 1385 3279 1440 sicut
3291 1386 3357 1439 de
3375 1392 3562 1442 nostro

1978 1476 2221 1548 profectu
2265 1478 2526 1547 gratulari
2556 1492 2571 1531 :
2602 1475 2787 1532 aliena
2821 1480 3035 1541 damna,
3078 1484 3263 1531 nostra
3307 1478 3559 1543 credere,

1978 1568 2153 1622 aliena
2182 1569 2355 1633 lucra,
2388 1577 2571 1624 nostra
2613 1570 2905 1637 deputare;
2936 1569 3167 1622 amicum
3209 1582 3317 1623 non
3342 1578 3563 1637 propter

1980 1660 2278 1722 mundum,
2335 1660 2426 1713 sed
2474 1668 2697 1728 propter
2750 1659 2917 1713 Deum
2969 1658 3225 1727 diligere;
3285 1658 3559 1712 inimicum

1907 1736 1949 1795 Β
1976 1750 2139 1805 etiam
2168 1749 2401 1806 tolerare
2425 1762 2440 1802 :
2468 1749 2602 1803 nulli
2629 1749 2772 1819 quod
2798 1749 2909 1817 pati
2938 1763 3043 1803 non
3072 1748 3155 1802 vis
3181 1746 3396 1812 facere;
3429 1748 3558 1801 nulli

1974 1841 2117 1911 quod
2151 1841 2248 1895 tibi
2282 1839 2426 1908 juste
2455 1840 2767 1908 impendere
2792 1837 3087 1902 desideras,
3110 1851 3341 1907 negare;
3374 1850 3559 1891 neces-

1972 1932 2123 1988 sitati
2163 1930 2393 2001 proximi
2415 1930 2568 2000 juxta
2607 1930 2756 1983 vires
2792 1943 3137 1993 concurrere,
3165 1929 3260 1983 sed
3301 1928 3561 1997 prodesse

1973 2025 2140 2079 etiam
2166 2022 2311 2078 ultra
2343 2021 2488 2076 vires
2515 2021 2671 2076 velle.
2704 2019 2809 2075 Sed
2840 2021 2945 2075 hoc
2975 2021 3129 2073 bonae
3150 2019 3445 2075 voluntatis
3470 2035 3561 2073 sa-

1974 2117 2259 2180 criﬁcium,
2305 2114 2523 2179 fratres,
2566 2128 2840 2182 nunquam
2883 2113 3041 2182 plene
3068 2112 3417 2181 persolvitur,
3454 2113 3562 2168 nisi

1972 2208 2160 2262 mundi
2187 2205 2346 2275 hujus
2368 2206 2634 2275 cupiditas
2656 2204 2897 2276 perfecte
2914 2204 3197 2258 deseratur
3222 2222 3234 2256 :
3260 2219 3386 2259 nam
3409 2206 3563 2273 quid-

1975 2297 2103 2367 quid
2132 2297 2185 2351 in
2212 2312 2277 2352 eo
2306 2296 2758 2366 concupiscimus,
2788 2298 2903 2351 hoc
2937 2296 3124 2365 procul
3165 2297 3331 2351 dubio
3372 2297 3563 2367 proxi-

1977 2388 2083 2441 mis
2108 2386 2431 2441 invidemus.
2467 2386 2536 2439 Et
2576 2384 2705 2454 quia
2732 2399 2946 2454 semper
2989 2384 3188 2439 invidia
3234 2401 3262 2439 a
3297 2388 3431 2439 bona
3467 2400 3562 2441 vo-

1976 2478 2183 2531 luntate
2212 2476 2507 2540 discordat,
2533 2491 2656 2530 mox
2686 2476 2798 2530 haec
2832 2483 3065 2530 mentem
3111 2482 3172 2529 ut
3212 2478 3439 2545 ceperit,
3468 2478 3562 2534 illa

1974 2565 2222 2621 discedit.
2246 2565 2398 2621 Unde
2426 2567 2805 2636 praedicatores
2829 2568 3025 2631 sancti,
3050 2576 3108 2621 nt
3133 2576 3355 2638 possent
3377 2570 3562 2639 proxi-

1976 2668 2095 2708 mos
2122 2653 2358 2723 perfecte
2379 2654 2620 2725 diligere,
2646 2656 2969 2710 studuerunt
3008 2656 3064 2711 in
3100 2657 3203 2712 hoc
3245 2659 3442 2713 seculo
3468 2658 3560 2715 nl-

1974 2748 2051 2803 hil
2090 2763 2273 2804 amare
2303 2768 2315 2803 :
2346 2751 2679 2805 aestimantes
2707 2750 2838 2805 nihil
2877 2749 3183 2819 cpulentius
3228 2767 3348 2807 esse
3380 2752 3559 2808 chari-

1976 2848 2106 2904 tate,
2141 2856 2262 2910 quae
2287 2856 2345 2895 se
2374 2849 2617 2896 tenentes
2645 2839 2773 2895 facit
2807 2841 3057 2896 omnilms
3082 2842 3238 2895 bonis
3260 2842 3553 2897 abundare.

1976 2930 2113 2998 Quia
2155 2947 2301 3002 ergo,
2327 2931 2525 2987 fratres
2553 2930 2880 2995 charissimi,
2912 2932 3057 2986 beati
3100 2932 3327 2988 Andrcte
3364 2935 3558 2990 natali-

1975 3025 2052 3079 tia
2078 3024 2430 3088 celebramus,
2457 3023 2714 3078 debemus
2759 3023 2958 3077 imitari
2986 3022 3129 3094 quod
3168 3024 3414 3080 colimus.
3443 3025 3556 3083 Hoc

1973 3117 2139 3171 etiam
2180 3116 2232 3169 in
2278 3122 2586 3169 sanctorum
2631 3113 2993 3184 apostolorum
3034 3116 3307 3171 memoriis
3332 3131 3557 3171 venera-

1973 3224 2096 3263 mur
2133 3208 2274 3278 quod
2300 3208 2505 3271 statim,
2532 3216 2758 3262 vocante
2797 3208 3042 3270 Domino,
3073 3207 3310 3278 perfecte
3340 3219 3555 3265 terrena

1974 3300 2323 3369 reliquerunt,
2381 3313 2488 3367 quo
2518 3299 2778 3353 intentius
2836 3306 3155 3367 appeterent
3204 3299 3465 3362 coelestia,
3502 3307 3556 3353 ct

1973 3408 2093 3447 cum
2130 3391 2349 3446 Christo
2385 3400 2569 3445 tenere
2614 3399 2834 3459 possent
2869 3406 3030 3461 regna
3068 3406 3332 3460 superna;
3385 3392 3455 3446 ita
3502 3400 3558 3445 ct

1974 3502 2092 3550 nos,
2121 3485 2348 3539 Domino
2364 3484 2605 3555 jubente,
2634 3484 2997 3554 dcspiciamns
3023 3499 3142 3552 qum
3168 3491 3381 3537 terrena
3408 3494 3554 3548 sunt,

1973 3590 2056 3640 ac,
2089 3575 2293 3630 relictis
2322 3574 2726 3646 temporalibus,
2759 3589 3067 3628 mercemur
3092 3580 3313 3627 mterna.
3364 3571 3421 3627 Si
3454 3588 3557 3626 au-

1971 3673 2079 3720 tem
2096 3665 2321 3719 necdum
2346 3680 2633 3735 possumus
2654 3665 2957 3732 relinquere
2977 3663 3212 3733 propria,
3232 3662 3420 3716 saltem
3443 3677 3557 3717 non

1971 3753 2414 3821 concupiscamus
2440 3753 2634 3807 aliena.
2681 3753 2737 3807 Si
2786 3753 3012 3806 necdum
3051 3765 3207 3806 mens
3249 3759 3432 3805 nostra
3462 3767 3559 3806 ac-

1970 3841 2218 3898 cenditur
2244 3841 2364 3910 igne
2384 3841 2689 3906 charitatis,
2716 3842 2767 3896 in
2791 3841 3083 3896 ambitione
3107 3857 3201 3896 sua
3225 3841 3422 3896 habeat
3447 3841 3559 3897 fre-

1969 3946 2098 3988 num
2130 3932 2368 3997 timoris;
2400 3941 2454 3987 et
2489 3934 2568 3987 sic
2601 3943 2862 4002 proventu
2907 3949 3004 3988 suo
3032 3933 3302 3999 roborata,
3336 3934 3459 3988 dum
3484 3936 3557 3990 ab

1970 4026 2267 4081 alienorum
2298 4026 2534 4095 appetitu
2561 4025 2944 4094 compescitur,
2981 4028 3301 4095 quandoque
3336 4026 3402 4079 ad
3427 4041 3556 4094 pro-

1967 4116 2083 4187 pria
2111 4116 2505 4170 contemnenda
2548 4116 2893 4187 perducatur.
2937 4116 3155 4171 Interim
3197 4132 3346 4182 vero,
3382 4117 3557 4172 donec

1969 4203 2058 4259 illa
2098 4204 2358 4274 perfectio
2383 4204 2536 4259 nobis
2575 4220 2604 4257 a
2634 4204 2846 4259 Domini
2882 4204 3056 4273 gratia
3082 4204 3284 4268 veniat,
3312 4218 3415 4258 non
3459 4220 3555 4258 ne—

1969 4295 2253 4366 gligamus,
2284 4295 2502 4357 fratres,
2530 4296 2595 4350 de
2637 4296 2941 4351 substantia
2971 4303 3152 4350 nostra
3180 4294 3555 4365 eleemosynas

1970 4382 2612 4454 facere,'hospitalitatem
2638 4386 2885 4456 diligere,
2908 4392 2963 4439 et
2984 4384 3348 4452 indigentibus
3370 4383 3555 4452 proxi-

1969 4476 2072 4531 mis
2102 4476 2299 4531 uostris
2322 4478 2374 4531 in
2410 4478 2552 4531 omni
2583 4478 2724 4531 bono
2748 4476 3182 4540 communicare;
3225 4489 3288 4530 ac
3315 4475 3414 4540 sic,
3439 4473 3553 4527 lar-
3648 4502 3657 4513 ι

1967 4567 2146 4637 giente
2185 4568 2437 4631 Domino,
2464 4568 2764 4637 poterimus
2808 4567 2876 4620 ad
2919 4566 3121 4637 majora
3161 4565 3551 4629 conscendere,

1967 4657 2093 4727 quia
2113 4658 2312 4711 talibus
2344 4658 2539 4712 hostiis
2559 4666 2897 4726 promeretur
2923 4656 3036 4726 ipse
3075 4655 3258 4711 Deus:
3293 4654 3359 4709 ad
3396 4651 3553 4722 cujus

1965 4748 2228 4803 visionem
2253 4763 2352 4803 nos
2385 4749 2681 4818 perducere
2701 4746 2951 4819 dignetur
2980 4748 3116 4818 ipse,
3147 4747 3239 4816 qui
3285 4752 3369 4801 est
3392 4745 3555 4802 nobis

1968 4840 2074 4904 via,
2096 4839 2187 4908 qui
2223 4847 2306 4894 est
2336 4839 2554 4904 veritas,
2579 4838 2670 4908 qui
2701 4845 2785 4892 est
2822 4839 2948 4899 vita,
2974 4837 3131 4892 .Iesus
3160 4837 3409 4894 Christus
3438 4836 3517 4889 Do

1968 4931 2145 4985 minus
2171 4939 2374 4996 noster,
2400 4931 2491 5000 qui
2520 4930 2651 4984 vivit
2672 4938 2724 4984 et
2752 4936 2940 5001 regnat
2968 4945 3089 4984 cum
3112 4928 3268 4983 Patre
3292 4937 3347 4983 et
3370 4926 3551 4997 Spiri-

1966 5025 2022 5071 tu
2046 5026 2233 5073 sancto
2256 5018 2420 5085 Deus,
2441 5034 2539 5089 per
2559 5019 2739 5074 omnia
2762 5017 2957 5075 sazcula
2985 5018 3324 5072 saeculorum.
3349 5016 3548 5071 Amen.

2476 5131 2757 5187 HOMILIA
2794 5129 3011 5187 XXXV.

2392 5218 2444 5257 IN
2481 5219 2586 5257 NAT
2595 5219 2676 5258 AL]
2718 5212 3117 5258 APOSTOLORUM.

2036 5290 2092 5346 Si
2116 5292 2355 5346 omnium
2383 5302 2697 5349 sanctorum
2743 5302 3038 5365 martyrum
3077 5301 3228 5364 grata
3270 5290 3428 5347 nobis
3455 5290 3549 5346 ded

1964 5381 2054 5436 bet
2077 5396 2196 5436 esse
2227 5381 2559 5446 solemnitas,
2583 5382 2777 5438 fratres
2806 5382 3112 5438 cbarissimi
3138 5421 3153 5445 ,
3189 5386 3392 5450 quanto
3419 5391 3540 5447 gra-

1961 5473 2073 5527 tior
2110 5486 2299 5527 eorum
2343 5473 2435 5543 qui
2491 5482 2814 5543 prtesentem
2860 5472 3032 5528 secuti
3078 5477 3205 5526 sunt
3244 5466 3545 5538 principem

1964 5572 2296 5633 martyrum:
2330 5562 2375 5617 si
2404 5579 2685 5635 agnorum,
2710 5571 2911 5633 quanto
2937 5562 3110 5631 magis
3141 5559 3390 5615 arietum.
3422 5552 3544 5609 illo-

1964 5667 2085 5706 rum
2108 5650 2253 5707 enim
2272 5650 2373 5707 lilii
2403 5667 2508 5708 non
2537 5652 2882 5723 generatione
2907 5649 3106 5713 carnis,
3132 5646 3225 5703 scd
3243 5642 3553 5700 imitatione
