4040 6188
470 275 540 332 m
968 258 971 259 ί
1101 275 1143 332 ιι
1202 267 1455 333 uanam
1493 266 1711 332 munt
1746 258 2064 326 ARCIHEP.

2170 258 2405 349 suum.
2446 258 2731 325 eranum
2764 260 2946 322 rans
2980 259 3044 320 ιι.
3652 251 3730 315 es

468 386 721 454 virtutis,
759 384 887 442 facti
935 392 1061 441 sunt
1107 398 1296 440 omnes
1333 382 1425 454 qui
1462 381 1729 453 posterius
1762 382 1935 448 usque
1975 376 2043 431 ad
2072 378 2119 435 Α
2144 391 2246 432 nos
2295 377 2613 433 docuerunt.
2666 374 2990 430 Studeamus
3031 371 3192 429 factis
3239 371 3464 443 implere
3491 387 3614 442 quae
3653 369 3736 426 illi

470 489 701 535 mortem
735 476 965 533 confessi
985 482 1113 545 sunt
1143 474 1442 530 Christum.
1472 472 1581 527 llos
1605 470 1916 527 obtulerunt
1944 481 2045 537 po-

471 570 578 642 puli
603 569 864 642 gentium,
892 568 958 621 de
978 567 1174 637 quibus
1200 563 1485 620 Psalmista
1533 570 1660 617 ante
1686 559 1947 624 cantavit,
1967 557 2050 612 di—

472 677 639 719 cens:
675 662 872 731 Alfene
906 658 1130 712 Domino
1173 655 1311 726 ﬁlios
1355 653 1578 709 arietant
1607 649 1779 724 (Psal.
1827 648 2043 719 xxviii).

476 753 570 808 llis
595 752 825 823 primum
855 748 1131 812 Dominus,
1158 760 1283 800 cum
1311 743 1381 798 ad
1424 741 1815 797 confessionem
1840 739 1922 795 sui
1946 753 2047 794 no-

475 844 639 899 minis
662 843 992 902 hortaretur,
1013 852 1118 891 non
1145 835 1319 890 solum
1352 847 1411 889 se
1429 831 1678 902 promisit
1699 829 1937 884 victoria:
1960 843 2052 882 co-

477 940 806 993 ronatorem,
838 929 930 984 sed
957 936 1014 983 et
1047 925 1358 981 certaminis
1408 922 1728 990 adiutorem.
1772 920 1946 976 Etiam
1995 920 2050 975 in

478 1021 609 1090 ipsis
629 1028 685 1074 et
708 1029 952 1089 posteros
971 1016 1315 1079 admonebat,
1345 1014 1437 1084 qui
1466 1015 1606 1083 quod
1640 1012 1878 1074 dicebat,
1921 1010 2055 1065 εστι-ῖς

480 1120 629 1180 ptum
656 1109 890 1178 posteris
921 1106 1272 1175 niinquebat.
1301 1104 1413 1160 Illis
1452 1118 1580 1174 ergo
1604 1102 1682 1156 ait
1703 1141 1719 1168 ,
1763 1101 2055 1155 exhortans

479 1215 612 1255 eos:
641 1198 774 1254 Cum
798 1207 973 1252 autem
996 1197 1269 1251 adducunt
1299 1209 1396 1249 vos
1434 1194 1499 1248 ad
1526 1192 1795 1263 principes
1814 1199 1869 1244 et
1910 1199 2056 1259 pote-

481 1298 671 1352 states,
687 1288 852 1343 nolite
877 1288 1119 1358 cogitare
1149 1286 1276 1355 quid
1305 1284 1697 1355 respondeatis,
1718 1281 1801 1336 vel
1827 1280 1953 1351 quid
1979 1280 2056 1333 lo-

482 1379 743 1448 quamini.
775 1377 896 1430 Non
925 1377 1062 1430 enim
1088 1392 1178 1429 vos
1221 1377 1343 1428 estis
1371 1374 1461 1444 qui
1498 1371 1802 1443 loquimini,
1834 1369 1923 1423 sed
1946 1369 2057 1439 spi-

484 1469 617 1521 ritus
665 1466 842 1520 Patris
882 1466 1036 1519 vestri
1077 1465 1165 1533 qui
1211 1462 1442 1533 loquitur
1485 1462 1542 1515 in
1578 1455 2054 1529 vobis(Matth.‘x).

486 1555 736 1610 Meditari
765 1553 953 1617 vetuit,
990 1560 1044 1607 et
1070 1552 1312 1607 conﬁteri
1358 1550 1648 1621 praecepit:
1681 1548 1870 1602 maluit
1912 1547 2057 1602 enim

483 1646 695 1700 auferre
747 1643 1217 1712 praesumptionem
1247 1641 1533 1694 humanam
1557 1678 1572 1701 ,
1625 1649 1681 1693 et
1704 1636 1932 1708 gratiam
1963 1634 2059 1689 do-

2139 462 2448 532 jusserunt;
2479 464 2753 519 discamus
2779 477 2968 518 eorum
3006 462 3254 532 exemplo
3288 461 3470 518 mundi
3510 459 3737 517 divitias

2150 563 2517 620 contemnere,
2530 553 2812 625 praesentis
2833 553 3015 609 saeculi
3038 552 3364 623 voluptatem
3390 567 3498 606 non
3521 565 3734 618 amare,

2147 659 2374 717 regnum
2418 645 2639 701 cmleste
2685 643 3024 708 desiderare;
3068 643 3288 698 Christo
3333 643 3469 699 nihil
3518 657 3739 713 panpe—

2148 753 2298 804 nere,
2331 737 2426 793 sed
2468 738 2584 808 ejus
2609 735 2880 792 mandatis
2929 736 2986 789 in
3014 734 3265 790 omnibus
3296 734 3550 799 obedire;
3595 748 3739 803 pau-

2148 835 2413 897 pertatem
2439 842 2622 882 rerum
2668 827 3013 895 praesentium
3065 824 3308 895 diligere,
3340 825 3600 880 virtutum
3652 825 3740 879 di-

2149 918 2312 974 vitias
2342 918 2563 981 habere,
2594 915 2874 986 sapientiae
2910 916 3222 970 thesaurum
3264 925 3541 985 appetere,
3576 913 3744 984 spiri-

2152 1010 2289 1065 tales
2327 1008 2550 1063 delicias
2596 1019 2877 1076 quaerere:
2918 1005 3047 1060 nulli
3091 1005 3366 1069 invidere,
3417 1004 3514 1059 sed
3546 1018 3746 1059 omnes

2155 1102 2398 1157 homines
2421 1098 2664 1167 diligere,
2698 1097 2901 1152 amicos
2931 1096 2986 1150 in
3015 1096 3144 1160 Deo,
3171 1104 3226 1150 et
3254 1094 3501 1149 inimicos
3518 1101 3745 1163 propter

2156 1193 2346 1256 Deum,
2375 1191 2500 1260 quia
2529 1190 2645 1244 huic
2674 1198 2759 1244 est
2807 1187 2922 1242 sola
2963 1201 3093 1242 vera
3122 1185 3340 1241 dilectio
3367 1204 3381 1238 :
3429 1199 3554 1238 nam
3580 1198 3744 1238 amor

2155 1280 2388 1337 carnalis
2407 1288 2464 1335 et
2486 1279 2713 1334 vitiosus
2738 1278 2791 1332 in
2831 1275 3188 1345 praecipitium
3220 1274 3387 1329 trahit
3424 1281 3480 1327 et
3518 1287 3748 1343 compa-

2156 1381 2308 1427 ratur
2352 1369 2507 1433 odio;
2547 1367 2689 1422 unde
2743 1365 3001 1435 scriptum
3054 1371 3181 1419 est:
3228 1361 3335 1428 Qui
3379 1361 3489 1415 vult
3537 1362 3747 1415 Mm

2157 1475 2265 1515 esse
2289 1457 2448 1527 hujus
2474 1454 2673 1521 strculi,
2702 1454 2946 1508 inimicus
2970 1451 3071 1506 Dei
3109 1451 3444 1505 constituitur
3473 1448 3614 1520 (Jac.
3639 1447 3744 1520 tv).

2157 1550 2252 1605 lsti
2270 1563 2401 1618 ergo
2434 1547 2706 1616 principes
2727 1545 2915 1609 nostri,
2941 1543 3034 1598 Dei
3058 1557 3243 1597 amore
3265 1540 3666 1612 perfectissimi,
3683 1549 3749 1596 ct

2160 1641 2526 1713 proximorum
2550 1635 2837 1692 dilectione
2862 1634 3075 1705 repleti,
3099 1634 3224 1689 hinc
3245 1641 3534 1702 potuerunt
3554 1632 3745 1687 mundi

484 1749 614 1788 nare
646 1733 913 1796 divinam,
970 1740 1029 1785 ut
1072 1731 1126 1784 in
1175 1729 1478 1798 semetipsis
1527 1727 1734 1793 timidi,
1769 1734 1823 1781 et
1861 1725 1915 1779 in
1951 1725 2061 1779 Deo
2088 1719 2134 1777 Β
2164 1731 2422 1801 impetum
2444 1728 2663 1782 vincere
2689 1733 2746 1781 et
2762 1733 3046 1780 cruentum
3069 1722 3322 1779 saeculum
3352 1722 3743 1793 domare,qnia

487 1824 712 1879 fuissent
739 1824 993 1878 audaces.
1024 1821 1178 1878 Unde
1216 1829 1272 1876 et
1301 1820 1354 1875 in
1381 1820 1488 1874 alio
1532 1819 1738 1889 psalmo
1768 1832 1871 1872 vox
1917 1832 2060 1871 mar-

486 1924 662 1984 tyrum
692 1913 801 1968 Deo
822 1913 970 1977 dicit,
1003 1911 1157 1981 quasi
1185 1927 1252 1966 ex
1277 1921 1430 1981 parte
1453 1911 1704 1964 humana:
1730 1907 2058 1978 fragilitatis,

485 2003 721 2057 verendo
744 2019 758 2055 :
790 2000 948 2072 Eripe
972 2017 1051 2055 me
1077 2001 1142 2054 de
1164 2000 1388 2054 inimicis
1414 2000 1573 2065 meis,
1625 1998 1764 2052 Deus
1785 2013 1928 2053 meus
1951 2014 1970 2063 ,'
2009 2006 2060 2051 et

487 2099 553 2151 ab
606 2097 984 2167 insurgentibus
1035 2097 1092 2150 in
1134 2112 1218 2149 me
1262 2094 1425 2149 libera
1468 2110 1546 2148 me
1574 2090 1747 2163 (Psal.
1774 2090 1955 2163 um);
2007 2099 2064 2145 et

408 2256 415 2261 D
489 2188 650 2260 paulo
678 2196 820 2258 post,
848 2186 916 2243 de
959 2186 1160 2241 auxilio
1184 2185 1367 2241 divino
1409 2182 1705 2249 conﬁdens,
1728 2181 1859 2236 dicit
1883 2198 1896 2234 :
1931 2179 2062 2234 For-

489 2278 763 2333 titudinem
789 2293 978 2340 meam,
1008 2275 1247 2340 Domine,
1279 2291 1311 2329 a
1333 2284 1381 2328 te
1405 2272 1696 2327 custodiam
1726 2268 1934 2342 (Ibid.).
1962 2268 2065 2324 Su-

489 2383 588 2438 pra
620 2375 843 2424 canoras
869 2367 1012 2422 enim
1053 2364 1236 2421 turbas
1266 2363 1501 2419 ﬁdelium
1544 2377 1642 2417 nec
1680 2376 1786 2417 non
1820 2361 2066 2431 antiquo-

488 2474 608 2515 rum
626 2457 896 2529 justorum
921 2466 977 2512 et
1008 2458 1412 2528 prephetarum,
1449 2456 1749 2512 eminentes
1797 2453 2066 2525 apostolos

489 2565 616 2606 suos
645 2549 826 2604 volens
857 2548 1115 2603 Dominus
1143 2548 1448 2613 ostendere,
1477 2546 1611 2602 dixit
1635 2546 1703 2602 ad
1730 2545 1849 2601 illos
1873 2561 1889 2601 :
1916 2544 2067 2600 Beati

487 2639 624 2694 oculi
668 2640 756 2709 qui
803 2638 976 2692 vident
1012 2654 1131 2708 qua:
1171 2655 1256 2692 vos
1285 2638 1499 2701 uidetis,
1543 2646 1593 2692 et
1635 2653 1788 2691 aures
1816 2652 1932 2707 quae
1965 2652 2066 2689 au-

488 2732 636 2783 diunt
676 2746 794 2799 quia
825 2746 908 2783 vos
951 2729 1146 2783 auditis
1167 2741 1188 2782 :
1216 2729 1367 2783 multi
1401 2731 1538 2784 enim
1567 2730 1828 2799 propheta:
1863 2738 1913 2783 et
1931 2728 2067 2799 justi

491 2818 951 2874 volueruntvidere
970 2834 1086 2888 qute
1125 2834 1210 2872 vos
1248 2818 1446 2881 ridetis,
1476 2827 1526 2872 et
1578 2833 1681 2872 non
1728 2816 1993 2882 viderunt;
2019 2826 2068 2872 et

490 2908 675 2961 audire
710 2923 827 2977 qua:
867 2907 1060 2960 auditis
1084 2946 1099 2972 ,
1144 2915 1191 2960 et
1234 2922 1339 2960 non
1384 2906 1661 2961 audierunt
1709 2904 1860 2979 (Luc.
1894 2906 1972 2979 ς).
2003 2907 2072 2962 Et

492 3000 619 3052 item
645 2998 772 3053 alibi
798 3016 810 3052 :
842 2998 964 3051 Jam
986 3039 1001 3063 ,
1040 2999 1245 3068 inquit,
1274 3015 1377 3052 non
1399 2998 1572 3052 dicam
1592 3015 1681 3052 vos
1700 3015 1872 3053 seruos
1889 3038 1906 3064 ,
1944 3001 2071 3070 quia

490 3106 665 3143 servus
695 3089 856 3143 nescit
898 3088 1023 3159 quid
1070 3057 1231 3158 {dciat
1280 3088 1521 3141 dominus
1573 3087 1707 3157 ejus.
1745 3086 1848 3143 Vos
1895 3057 2071 3143 autem
2099 3057 2147 3121 Ο

492 3179 604 3234 dixi
629 3180 824 3234 amicos
848 3220 864 3246 ,
908 3180 1033 3250 quia
1063 3179 1237 3233 omnia
1264 3193 1582 3249 quacunque
1624 3178 1805 3232 audivi
1838 3195 1873 3233 a
1912 3176 2075 3235 Patre

492 3286 626 3335 meo,
658 3280 781 3325 nota
810 3271 909 3340 feci
942 3269 1079 3324 vobis
1111 3268 1293 3341 (Joan.
1322 3266 1436 3337 xv).
1470 3268 1685 3323 Eisdem
1713 3269 1790 3323 ait
1814 3268 1941 3323 item
1968 3267 2074 3324 alio

495 3360 650 3418 loco:
689 3362 1021 3433 Qutccunque
1056 3360 1394 3431 alligaaeritis
1444 3376 1601 3429 super
1640 3370 1866 3427 terram,
1922 3371 2073 3415 erunt

496 3450 659 3522 ligata
701 3462 747 3504 et
774 3451 828 3505 in
855 3451 981 3505 caelo
1030 3449 1246 3521 (Matth.
1287 3451 1467 3521 xvm).
1503 3448 1635 3505 Item
1682 3450 1809 3507 alibi
1856 3450 2069 3523 (Matth.

496 3538 634 3611 xix),
665 3539 963 3594 sciscitanti
997 3538 1158 3595 Petro
1205 3538 1334 3608 quid
1364 3539 1469 3594 sibi
1493 3546 1548 3594 et
1596 3539 1759 3595 sociis
1792 3540 1904 3596 suis
1950 3555 2075 3610 pro-

428 3703 435 3710 _
494 3630 687 3688 fuisset
730 3632 1016 3701 reliquisse
1047 3632 1230 3687 omnia
1267 3639 1324 3687 et
1344 3632 1496 3702 sequi
1525 3631 1960 3702 Redemptorem,
1988 3647 2074 3686 re-

492 3722 708 3792 spondit
734 3722 953 3777 dicens:
984 3722 1149 3776 Amen
1172 3721 1288 3777 dico
1329 3722 1469 3777 vobis
1501 3722 1641 3793 quod
1665 3739 1751 3777 vos
1794 3723 1884 3793 qui
1910 3725 2077 3787 secuti

493 3813 616 3868 estis
645 3828 758 3877 me,
787 3813 843 3865 in
873 3813 1259 3881 regeneratione
1289 3830 1406 3868 cum
1430 3813 1618 3868 sederit
1649 3812 1822 3870 Filius
1850 3816 2072 3870 hominis

496 3902 551 3956 in
586 3901 705 3955 sede
742 3902 1031 3971 majestatis
1072 3921 1181 3958 sua:
1203 3944 1219 3968 ,
1262 3906 1501 3960 sedsbitis
1541 3916 1589 3961 et
1616 3924 1702 3962 vos
1743 3923 1898 3976 super
1930 3906 2073 3961 sedes

498 3989 771 4043 duodecim
790 3989 839 4058 j:
859 3989 1090 4042 dicantes
1118 3990 1391 4044 duodecim
1412 3993 1577 4046 tribus
1613 3992 1802 4047 Israel.
1826 3994 1916 4048 lsti
1950 4002 2076 4048 sunt

499 4080 590 4133 lux
622 4081 804 4134 mundi
842 4080 1056 4150 (Matth.
1083 4081 1160 4145 v),
1200 4083 1322 4151 quia
1353 4098 1450 4153 per
1478 4084 1624 4153 ipsos
1664 4083 1843 4138 lumen
1876 4085 1996 4138 fidei
2021 4093 2076 4139 et

497 4186 640 4224 vera:
664 4170 904 4225 scientia:
932 4172 1161 4241 primum
1189 4172 1442 4228 Dominus
1465 4175 1588 4229 huic
1615 4175 1812 4229 mundo
1836 4175 2072 4240 tradidit,

498 4272 555 4317 et
582 4264 648 4317 ab
669 4278 913 4316 errorum
944 4279 1009 4318 ac
1051 4272 1394 4334 peccatorum
1426 4265 1662 4320 tenebris
1690 4274 1876 4334 gentes
1899 4274 1954 4319 et
1979 4281 2073 4335 po.

498 4355 652 4424 pulos
675 4356 834 4410 eruit.
861 4355 952 4411 lsti
980 4364 1104 4410 sunt
1130 4354 1207 4410 sal
1245 4363 1422 4418 terra},
1451 4356 1576 4424 quia
1615 4370 1715 4426 per
1741 4356 1885 4425 ipsos
1912 4356 2072 4411 terri-

500 4421 648 4515 genae
669 4446 1067 4501 condimentum
1089 4446 1297 4517 saporis
1316 4445 1438 4499 vitze
1459 4421 1676 4500 aeternae
1696 4421 2072 4515 perceperunt,
2101 4421 2153 4482 D

500 4542 561 4588 ut
579 4535 965 4604 restringerent
993 4537 1170 4592 carnis
1196 4535 1491 4601 lasciviam,
1516 4543 1572 4590 et
1594 4551 1625 4588 a
1645 4534 1925 4606 putredine
1951 4550 2077 4605 pec-

501 4635 743 4680 catorum
788 4633 843 4680 et
886 4626 1140 4681 vitiorum
1190 4626 1464 4683 vermibus
1509 4634 1854 4681 servarentur
1904 4624 2075 4680 illaesi.

499 4711 593 4769 lsti
622 4721 743 4769 sunt
767 4713 1046 4770 duodecim
1080 4714 1282 4784 lapides
1325 4715 1568 4785 pretiosi,
1600 4729 1735 4785 quos
1789 4715 1843 4769 in
1890 4714 2080 4770 funda—

504 4812 684 4857 mento
707 4803 942 4858 caelestis
966 4802 1177 4860 aedilicii
1220 4806 1426 4874 positos
1452 4802 1687 4861 Joannes
1737 4805 1789 4860 in
1814 4804 2080 4876 Apocaly-

506 4892 589 4964 psi
620 4908 716 4948 sua
747 4894 1003 4948 describit
1030 4893 1211 4965 (Apoc.
1242 4895 1379 4964 xxi),
1401 4896 1525 4965 quia
1548 4895 1858 4966 praedicatio
1896 4910 2084 4950 eorum

504 4983 761 5039 Ecclesia:
789 4982 1135 5038 fundamenta
1189 4983 1403 5039 locavit.
1445 4985 1596 5041 Unde
1636 4993 1690 5041 et
1732 4984 1929 5039 Paulus
1972 4985 2083 5038 ait:

517 5078 616 5134 Vos
640 5081 762 5135 estis
783 5081 914 5134 cives
933 5089 1231 5134 sanctorum
1257 5088 1305 5134 et
1330 5079 1596 5135 domestici
1633 5080 1731 5134 Dei
1754 5092 1773 5132 :
1801 5080 2087 5150 superredi-

504 5170 648 5240 ﬁcati
697 5186 852 5238 super
894 5168 1291 5238 fundamentum
1334 5170 1686 5238 apostolorum
1722 5178 1770 5223 et
1813 5170 2088 5239 propheta-

508 5276 622 5313 rum
646 5259 805 5331 (Eph.
835 5258 917 5329 ιι).
950 5258 1042 5313 Isti
1085 5267 1210 5314 sunt
1258 5259 1536 5313 duodecim
1580 5270 1750 5329 porta:
1785 5257 2084 5337 Jerusalem

508 5366 680 5415 novae,
701 5366 820 5420 qua:
846 5351 911 5405 de
932 5349 1071 5406 caelo
1098 5349 1397 5414 descendit,
1420 5349 1545 5418 quia
1575 5365 1671 5419 per
1699 5351 1845 5420 ipsos
1862 5350 2085 5420 ianuam

509 5441 631 5498 lidei
661 5442 892 5512 primum
921 5440 1239 5494 intravimus
1260 5478 1276 5505 ,
1328 5446 1384 5494 et
1420 5439 1562 5494 inter
1588 5440 1733 5496 cives
1778 5452 2086 5496 sanctorum

507 5532 805 5588 enumerati
851 5546 1057 5589 sumus.
1085 5529 1212 5586 Haec
1249 5544 1380 5600 ergo
1424 5530 1852 5595 considerantes,
1890 5529 2090 5585 fratres

511 5622 812 5679 charissnni
837 5664 853 5693 ,
904 5622 1205 5680 recolamus
1250 5638 1370 5693 qua:
1401 5622 1533 5678 tanti
1576 5622 1740 5681 duces
1779 5623 1960 5693 populi
1991 5624 2088 5679 Dei

2162 1822 2298 1878 nihil
2319 1826 2637 1875 amaverunt
2666 1818 2720 1872 in
2747 1816 2895 1871 omni
2921 1830 3000 1883 re,
3038 1815 3143 1870 nisi
3173 1816 3261 1870 Dei
3285 1815 3634 1870 voluntatem.
3663 1813 3746 1868 lta

2160 1922 2218 1970 et
2243 1928 2363 1979 nos,
2394 1911 2608 1975 fratres,
2639 1909 2924 1980 diligamus
2958 1908 3012 1962 in
3054 1906 3307 1963 omnibus
3345 1904 3509 1961 rebus
3539 1903 3632 1960 Dei
3662 1904 3744 1958 fa.

2162 2019 2288 2060 cere
2312 2002 2662 2066 voluntatem,
2694 2007 2750 2055 et
2772 2006 3077 2054 creatorem
3109 2005 3353 2053 nostrum
3398 2010 3640 2049 amemus
3684 1994 3747 2049 in

2162 2094 2474 2163 senietipso,
2500 2098 2805 2147 creaturam
2837 2103 2966 2144 vero
2999 2088 3055 2142 in
3094 2087 3375 2142 conditore
3398 2099 3536 2140 suo:
3574 2092 3631 2138 et
3662 2082 3749 2140 sic

2164 2184 2482 2241 habebimus
2531 2180 2987 2237 ordinatissimam
3017 2178 3336 2233 charitatem
3361 2217 3375 2240 ,
3429 2176 3556 2246 quia
3603 2176 3753 2231 Deus

2164 2273 2405 2331 charitas
2431 2284 2535 2340 est,
2565 2282 2621 2329 et
2643 2273 2733 2344 qui
2763 2273 2935 2343 diligit
2971 2274 3113 2327 hanc
3137 2271 3477 2326 dilectionem
3500 2308 3515 2333 ,
3568 2268 3754 2339 diligit

2167 2367 2369 2433 Deum;
2401 2376 2457 2423 et
2481 2368 2527 2423 si
2551 2368 2625 2422 ita
2649 2367 2996 2423 dilexerimus
3023 2408 3038 2431 ,
3082 2366 3255 2436 diligit
3301 2379 3400 2418 nos
3440 2364 3554 2433 ipse
3580 2363 3749 2428 Deus,

2167 2459 2396 2530 diligunt
2421 2468 2477 2514 et
2505 2474 2605 2515 nos
2632 2459 2803 2514 sancti
2834 2457 3059 2527 apostoli
3092 2455 3302 2525 iudices
3326 2453 3517 2519 nostri,
3545 2462 3601 2508 et
3621 2467 3755 2507 exo-

2168 2560 2292 2607 rant
2320 2569 2417 2623 pro
2445 2553 2624 2619 nobis,
2647 2561 2709 2607 ut
2736 2553 2790 2606 in
2826 2544 3114 2606 universali
3162 2547 3368 2620 judicio
3397 2545 3596 2603 Christi
3623 2560 3753 2599 cum

2169 2643 2302 2712 ipsis
2330 2644 2385 2697 in
2424 2651 2743 2713 perpetuum
2786 2656 3143 2697 coronemur:
3177 2640 3321 2710 quod
3349 2638 3462 2709 ipse
3490 2645 3757 2707 praestare

2170 2733 2420 2802 dignetur
2438 2730 2603 2801 judex
2623 2739 2680 2786 et
2719 2730 2976 2785 Dominus
3001 2737 3201 2791 noster,
3233 2727 3325 2797 qui
3351 2741 3474 2781 eum
3515 2725 3677 2779 Patre
3695 2730 3761 2777 et

2171 2820 2378 2894 Spiritu
2407 2829 2596 2877 sancto
2625 2822 2758 2875 vivit
2783 2828 2840 2875 et
2879 2828 3069 2893 regnat
3102 2819 3271 2883 Deus,
3300 2833 3402 2888 per
3442 2816 3625 2873 omnia
3651 2829 3761 2870 se-

2170 2912 2293 2968 cula
2330 2912 2669 2968 saeculorum.
2693 2912 2886 2966 Amen.

2676 3023 2958 3079 HOMlLlA
2994 3022 3236 3078 XXXVI.

2638 3109 2691 3150 IN
2729 3110 2926 3150 NL‘I'ALI
2965 3107 3280 3149 ιιλιπιιυι.

2244 3184 2380 3252 Quia
2437 3184 2576 3239 beati
2634 3184 2887 3255 martyris
2934 3182 3132 3238 natalis
3175 3179 3336 3236 hodie
3391 3179 3571 3234 illuxit
3612 3179 3762 3247 dies,

2171 3288 2331 3346 quem
2358 3275 2654 3339 vobiscum,
2679 3272 2874 3328 fratres
2902 3271 3228 3334 charissimi,
3252 3269 3418 3324 voluit
3448 3285 3547 3325 nos
3568 3267 3762 3325 Domi-

2173 3384 2276 3425 nus
2296 3368 2592 3433 celebrare,
2618 3366 2818 3438 aliquid
2843 3407 2860 3433 ,
2912 3366 3144 3420 donante
3175 3364 3299 3429 illo,
3342 3363 3408 3418 de
3454 3369 3761 3432 martyrum

2172 3459 2342 3531 gloria
2364 3469 2418 3514 et
2439 3460 2695 3530 patientia
2740 3458 3088 3514 disseramus.
3115 3457 3297 3513 Gloria
3333 3456 3546 3525 quidem
3593 3471 3763 3510 mun-

2173 3549 2313 3604 dana
2359 3549 2427 3603 ab
2457 3547 2588 3618 ipsis
2614 3556 2919 3617 contempta
2944 3557 3046 3614 est,
3071 3556 3125 3603 et
3169 3548 3287 3602 ideo
3323 3546 3579 3601 patientia
3630 3560 3763 3616 pro-

2172 3639 2299 3694 bata
2338 3646 2461 3693 est:
2495 3652 2620 3692 nam
2662 3637 2829 3708 gloria
2858 3637 3046 3693 eorum
3094 3637 3405 3693 abscondita
3453 3634 3657 3691 latebat
3697 3635 3764 3691 in

2171 3727 2326 3783 caelis
2348 3767 2364 3791 ,
2411 3726 2536 3798 quia
2570 3727 2828 3798 patientia
2861 3742 3047 3783 eorum
3078 3727 3430 3782 exercebatur
3475 3726 3530 3780 in
3560 3725 3761 3794 terris;

2174 3822 2265 3890 qui
2308 3835 2415 3876 non
2454 3820 2710 3876 exhorret
2736 3833 2923 3874 eorum
2969 3818 3282 3890 patientiam
3308 3857 3325 3884 ,
3373 3817 3651 3887 perveniet
3687 3815 3764 3873 ad

2174 3910 2417 3981 gloriam.
2453 3909 2664 3964 Miseria
2687 3910 2828 3963 enim
2850 3918 3069 3978 putatur
3092 3909 3201 3978 pati
3233 3909 3365 3963 dura
3400 3916 3456 3962 et
3477 3921 3669 3975 aspera
3697 3906 3760 3962 in

2174 4016 2360 4065 carne,
2384 4000 2509 4070 quia
2540 4013 2728 4054 revera
2763 3997 3042 4054 molestum
3093 4004 3205 4062 est;
3248 3996 3351 4051 nisi
3397 4003 3541 4050 esset
3582 3994 3765 4051 omni-

2174 4090 2276 4145 bus
2312 4090 2594 4145 molestum
2625 4128 2641 4153 ,
2705 4102 2813 4143 non
2869 4095 3015 4142 esset
3062 4086 3386 4156 martyribus
3438 4084 3762 4156 gloriosum.

2177 4179 2354 4233 Multis
2378 4192 2508 4247 ergo
2532 4176 2748 4233 lascivis
2791 4184 2846 4232 et
2871 4176 3048 4230 avaris
3091 4185 3361 4246 martyres
3408 4174 3583 4230 sancti
3614 4175 3767 4229 iusa-

2176 4269 2293 4323 nire
2320 4267 2420 4321 visi
2444 4274 2590 4331 sunt,
2616 4269 2831 4337 quando
2858 4281 2956 4336 pro
2984 4265 3185 4321 Christi
3230 4266 3448 4320 nomine
3483 4274 3632 4319 tanta
3662 4280 3765 4334 pa-

2180 4359 2449 4414 tiebantur
2477 4375 2490 4410 :
2522 4369 2578 4412 et
2627 4372 2751 4412 eum
2801 4372 3013 4427 semper
3039 4357 3302 4411 veraciter
3341 4357 3766 4424 conﬁtebantur,

2179 4458 2238 4504 ut
2261 4464 2390 4520 ergo
2417 4456 2675 4520 negarent
2703 4448 3051 4519 urgebantur.
3083 4447 3187 4501 Alii
3219 4462 3348 4501 vero
3372 4447 3538 4518 virgis
3583 4455 3641 4501 et
3667 4446 3771 4502 lla-

2179 4539 2332 4611 gellis
2361 4538 2661 4593 diutissime
2693 4546 2821 4592 sunt
2842 4537 3132 4602 verberati,
3151 4536 3239 4590 alii
3265 4536 3491 4591 fustibus
3515 4544 3570 4590 et
3594 4536 3771 4606 plum-

2178 4627 2320 4683 batis
2344 4627 2490 4693 caesi,
2515 4626 2605 4681 alii
2628 4627 2968 4681 membratim
3004 4625 3213 4690 laniati,
3236 4625 3323 4679 alii
3350 4625 3527 4694 gladio
3571 4626 3769 4689 occisi,

2180 4718 2271 4774 alii
2300 4718 2583 4783 excoriati,
2614 4718 2734 4788 pice
2767 4726 2823 4772 et
2868 4718 3087 4788 plumbo
3130 4718 3334 4787 liquato
3390 4715 3633 4786 perfusi,
3672 4717 3769 4773 alii

2180 4809 2373 4864 ardore
2410 4823 2705 4878 prunarum
2755 4808 3017 4873 cruciati,
3049 4808 3137 4862 alii
3184 4807 3413 4863 ﬂammis
3440 4808 3641 4872 exusti,
3673 4808 3770 4864 alii

2187 4899 2242 4953 in
2273 4912 2425 4952 mare
2465 4896 2650 4961 mersi,
2681 4895 2771 4951 alii
2807 4896 2994 4950 bestiis
3042 4896 3310 4966 deputati,
3361 4896 3451 4950 alii
3484 4911 3771 4952 carcerum

2185 4997 2312 5044 sunt
2338 4989 2565 5043 horrore
2590 4996 2644 5042 et
2666 4985 2810 5041 fame
2836 4987 3037 5041 necati.
3065 4985 3204 5052 Quot
3232 4986 3373 5040 enim
3400 5000 3686 5056 pinnarum
3712 4996 3775 5041 et

2187 5078 2443 5133 mortium
2482 5092 2677 5147 genera
2708 5075 2878 5131 hostis
2904 5077 3210 5146 excogitare
3251 5083 3482 5145 poterat,
3515 5084 3595 5129 tot
3624 5092 3775 5130 mar-

2188 5169 2399 5240 tyribus
2418 5169 2534 5224 sine
2557 5168 2661 5223 ulla
2686 5168 3033 5222 miseratione
3052 5166 3363 5237 indigebat;
3399 5166 3492 5221 sed
3514 5165 3615 5235 ipsi
3644 5164 3779 5220 licet

2189 5261 2244 5312 in
2276 5267 2463 5327 aperto
2487 5259 2704 5314 horrida
2719 5256 3118 5327 paterentur,in
3139 5255 3352 5311 occulto
3377 5264 3554 5309 tamen
3583 5254 3773 5310 ineffa-

2188 5348 2370 5403 biliter
2388 5348 2803 5404 coronabantur.
2828 5345 2975 5400 Multi
3003 5345 3217 5415 quidem
3245 5345 3467 5414 gloriam
3493 5355 3775 5399 terrenam

2190 5438 2537 5508 quaasierunt,
2554 5437 2705 5492 multi
2732 5436 2833 5490 viri
2865 5435 3030 5490 fortes
3050 5444 3104 5489 et
3132 5450 3228 5504 pro
3250 5433 3425 5504 patria
3452 5434 3775 5502 sanguinem

2191 5529 2518 5583 fundendum
2544 5543 2666 5584 esse
2697 5528 2966 5583 duxerunt
2992 5542 3091 5581 nec
3119 5525 3340 5580 inlidere
3366 5526 3777 5588 dubitaverunt,

2192 5621 2283 5691 qui
2310 5620 2537 5690 gloriam
2567 5620 2729 5675 etiam
2761 5627 2886 5688 post
2912 5627 3137 5673 mortem
3165 5616 3304 5686 apud
3331 5624 3575 5686 posteros
3604 5615 3777 5671 babe-
