4040 6188
291 265 352 320 ω
1216 253 1522 311 HOMILItE
1567 253 1655 309 DE
1690 249 1933 310 FESTIS
1969 253 2372 320 PRECIPUIS,
2415 249 2567 312 ETC.
3450 266 3478 320 7

291 382 430 429 rent:
457 369 538 424 sed
563 383 689 437 qum
738 365 953 420 illorum
983 364 1148 436 gloria
1196 366 1524 435 martyribus
1557 380 1838 434 compara-
1864 373 1914 431 Α
1940 367 2062 435 quis
2090 383 2103 419 :
2137 367 2310 422 Tanta
2336 368 2474 422 mala
2507 367 2636 422 mihi
2671 368 2922 426 inimicus
2949 385 3100 427 meus
3136 371 3264 430 fecit
3304 384 3364 431 ut
3387 391 3514 435 eum

291 464 388 518 tur!
430 460 550 528 Quis
570 459 754 527 potuit
774 458 1017 514 invenire
1044 459 1335 527 imperator
1362 459 1505 528 quod
1551 459 1724 527 potuit
1752 460 1834 512 in-

291 551 448 606 venire
477 549 733 619 piscator.
765 547 1170 616 imperatorum,
1197 545 1477 601 consulum
1516 555 1571 600 et
1596 547 1835 599 virorum

290 640 498 700 fortium,
521 637 614 707 qui
658 638 847 692 orbem
874 636 1040 690 armis
1079 637 1404 690 domuerant
1431 643 1485 690 et
1519 633 1836 705 subjugave-

290 738 412 792 runt,
437 727 675 796 sepulcra
705 735 832 779 sunt
873 725 1096 779 Romae:
1137 724 1206 778 ad
1233 723 1387 792 cujus
1420 723 1722 792 sepulcrum
1755 723 1837 777 in-

290 827 413 872 trare
453 817 700 885 dignatus
744 822 828 868 est
860 814 1190 882 imperator:
1221 821 1275 866 et
1305 820 1504 877 tamen,
1533 811 1835 866 diademate

289 907 500 977 deposito
527 905 592 958 ad
625 903 934 974 sepulcrum
963 918 1120 957 suum
1157 910 1422 967 orantem,
1451 901 1686 970 suscepit
1709 917 1834 956 eum

290 1001 492 1068 piscator
514 1014 528 1048 :
554 1009 702 1059 ecce,
719 993 765 1048 si
789 1001 1005 1048 terrena
1025 993 1193 1063 gloria
1210 992 1385 1046 fuerat
1403 991 1833 1061 concupiscenda

291 1087 604 1159 martyribus,
639 1100 740 1139 nec
768 1084 882 1153 ipsa
912 1083 1144 1138 fraudati
1174 1090 1322 1148 sunt,
1349 1083 1440 1152 qui
1465 1083 1722 1138 honorem
1753 1092 1834 1137 ta-

291 1194 388 1233 men
411 1180 542 1232 inter
569 1177 793 1247 angelos
818 1176 1166 1245 qutesierunt.
1210 1174 1464 1229 Videmus
1490 1189 1673 1229 eorum
1720 1175 1833 1243 glo-

287 1269 376 1322 rias
400 1268 447 1321 in
476 1266 671 1331 terris,
718 1274 774 1320 et
809 1275 1120 1333 stupemus;
1151 1263 1278 1332 quid
1329 1272 1662 1332 pateremur,
1698 1263 1743 1317 si
1776 1263 1826 1317 in

287 1359 398 1414 celo
419 1357 724 1410 videremus
744 1359 765 1411 ’ἰ
793 1363 1027 1424 quantus
1083 1368 1181 1408 nos
1234 1361 1423 1421 stupor
1458 1353 1828 1408 admirationis

287 1448 695 1517 apprehenderet,
720 1446 764 1500 si
798 1445 1100 1500 videremus
1143 1451 1410 1513 martyres
1441 1444 1582 1498 inter
1609 1445 1828 1515 angelos

286 1539 554 1608 gloriantes,
586 1552 817 1606 quorum
866 1536 1109 1590 natalitia
1142 1535 1387 1590 videmus
1412 1536 1634 1605 populos
1680 1536 1825 1592 cele-

285 1628 489 1681 brantes'
517 1624 626 1681 Sed
670 1641 768 1680 nos
807 1625 1050 1680 volumus
1075 1624 1306 1694 gaudere
1333 1640 1453 1679 cum
1482 1626 1684 1680 sanctis
1709 1665 1723 1691 ,
1769 1635 1822 1680 et

1941 455 2085 509 nulla
2113 457 2322 511 ratione
2362 459 2562 526 possim
2599 459 2838 529 diligere.
2879 462 3132 518 Attendis
3157 465 3283 533 quid
3311 465 3408 521 tibi
3434 467 3518 523 fe-

1938 546 2078 598 cerit
2122 547 2303 611 homo,
2335 555 2390 601 et
2415 563 2518 601 non
2549 550 2782 604 attendis
2808 551 2935 618 quid
2977 560 3032 606 tu
3061 551 3254 608 feceris
3282 554 3393 610 Deo
3420 573 3436 610 :
3465 555 3514 614 si

1938 636 2319 691 conscientiam
2345 645 2486 690 tuam
2507 637 2789 709 diligenter
2814 642 3034 697 discutis
3054 653 3109 697 et
3134 643 3380 715 inquiris,
3397 649 3515 707 sine

1936 726 2045 780 ulla
2081 727 2515 796 compensatione
2562 728 2762 796 majora
2792 739 2847 784 tu
2885 740 3101 799 peccata
3127 737 3421 792 committis
3453 737 3510 793 in

1936 812 2104 867 Deum
2135 829 2296 883 quam
2326 815 2378 867 in
2415 824 2466 870 te
2511 819 2840 873 commiserit
2874 821 3072 874 homo:
3103 831 3158 876 et
3201 839 3306 892 qua
3333 825 3512 882 fronte

1934 903 2017 956 vis
2053 911 2114 956 ut
2171 903 2264 957 tibi
2306 903 2449 958 Deus
2493 906 2744 972 dignetur
2792 908 3059 962 dimittere
3108 911 3356 977 multum,
3386 929 3511 968 cum

1936 1001 1990 1046 tu
2029 1009 2131 1048 non
2161 995 2459 1062 acquiescis
2487 997 2756 1052 dimittere
2786 1002 3011 1068 parum?
3035 1002 3139 1055 Vos
3166 1015 3365 1068 autem,
3392 1005 3507 1060 fra-

1934 1090 2062 1145 tres,
2100 1085 2223 1152 quia
2254 1086 2490 1152 quotidie
2520 1087 2700 1142 dicitis
2730 1088 2838 1143 Deo
2885 1090 2937 1142 in
2970 1093 3250 1148 oratione:
3288 1095 3509 1151 Dimitte

1931 1173 2077 1227 nobis
2104 1174 2276 1227 debita
2315 1184 2514 1240 nostra,
2544 1177 2677 1230 sicut
2717 1188 2763 1230 et
2788 1195 2881 1231 nos
2909 1180 3218 1236 dimittimus
3262 1184 3511 1238 debitori-

1931 1262 2023 1314 bus
2078 1264 2269 1317 nostris
2301 1264 2513 1334 (Matth.
2544 1265 2642 1337 vr),
2679 1267 2934 1323 dimittite
2977 1279 3030 1324 et
3071 1272 3368 1328 dimittetur
3415 1291 3509 1331 vo-

1928 1353 2040 1418 bis;
2071 1354 2184 1422 ipsa
2211 1355 2354 1409 enim
2401 1355 2616 1410 Veritas
2644 1356 2843 1412 clamat
2893 1361 3209 1416 terribiliter
3252 1373 3306 1418 et
3331 1365 3504 1420 dicit:

1929 1442 1989 1497 Si
2018 1460 2109 1497 vos
2135 1462 2237 1499 non
2280 1446 2584 1500 dimiseritis
2610 1449 2906 1503 hominibus
2937 1465 3146 1522 peccata
3177 1472 3374 1521 eorum,
3409 1473 3504 1513 nec

1926 1533 2064 1586 vobis
2095 1531 2256 1588 Pater
2301 1545 2466 1590 vester
2518 1539 2734 1592 rwlestis
2789 1541 3011 1596 dimittet
3058 1557 3266 1614 peccata
3312 1561 3500 1604 vestra.

1928 1623 2202 1678 Imitemur
2252 1641 2378 1696 ergo
2403 1636 2620 1682 sanctos
2645 1638 2910 1698 martyres
2943 1632 3139 1688 Christi
3170 1636 3222 1689 in
3268 1636 3401 1702 title,
3448 1641 3501 1694 in

285 1717 644 1772 tribulationem
679 1717 862 1771 mundi
901 1717 1150 1772 nolumus
1183 1716 1449 1771 sustinere
1497 1733 1619 1771 cum
1669 1717 1772 1772 illis
1802 1735 1814 1770 :
1853 1695 1895 1753 Β
1925 1713 2246 1776 humilitate,
2278 1695 2330 1767 in
2363 1695 2801 1782 mansuetudine,
2825 1721 2875 1773 in
2907 1723 3182 1790 patientia,
3230 1726 3283 1778 in
3315 1695 3502 1799 longa-

283 1809 352 1875 qui
377 1807 504 1862 enim
533 1815 756 1860 sanctos
783 1814 1075 1875 martyres,
1128 1805 1213 1859 vel
1247 1805 1300 1858 in
1346 1815 1600 1875 quantum
1633 1815 1818 1876 potue-

283 1897 355 1959 rit,
378 1895 592 1950 noluerit
619 1895 843 1960 imitari,
868 1895 933 1949 ad
959 1910 1144 1950 eorum
1170 1895 1557 1955 beatitudinem
1589 1910 1692 1951 non
1723 1912 1817 1965 po-

282 1987 378 2040 terit
401 1987 696 2056 pervenire.
740 1985 829 2040 Sic
864 1995 918 2040 et
955 1984 1242 2055 Apostolus
1289 1986 1582 2054 praedicat,
1631 1986 1818 2041 dicens

280 2077 344 2147 (ll
369 2077 475 2131 Cor.
507 2079 546 2146 ι)
573 2093 588 2130 :
636 2077 712 2134 Si,
741 2077 996 2146 fuerimus
1024 2077 1153 2131 socii
1183 2077 1504 2146 passionum,
1539 2079 1732 2132 erimus
1767 2087 1815 2132 et

279 2164 670 2219 consolationum.
708 2165 776 2219 Et
815 2165 1072 2220 Dominus
1100 2164 1155 2219 in
1186 2165 1481 2234 Evangelio
1512 2180 1528 2218 :
1571 2163 1628 2220 Si
1657 2183 1813 2220 mun-

280 2254 371 2315 dus,
392 2256 570 2324 inquit,
597 2272 684 2310 vos
713 2255 857 2321 odit,
905 2255 1084 2309 scitote
1113 2255 1238 2325 quia
1283 2271 1365 2308 me
1411 2255 1637 2324 priorem
1676 2255 1815 2310 vobis

278 2344 372 2398 odio
397 2345 563 2398 habuit
599 2344 785 2416 (Joan.
808 2344 921 2416 xv).
954 2343 1190 2399 Recusat
1207 2357 1326 2399 esse
1359 2345 1410 2398 in
1445 2358 1689 2413 corpore,
1721 2347 1815 2416 qui

279 2434 421 2488 odium
442 2451 541 2490 non
567 2435 684 2490 vult
715 2437 981 2491 sustinere
1022 2450 1141 2490 cum
1169 2435 1363 2504 capite.
1409 2434 1514 2490 Sed
1547 2435 1676 2489 dicit
1717 2436 1816 2490 ali-

279 2525 397 2592 quis:
421 2526 480 2580 Et
504 2527 623 2596 quis
648 2535 736 2582 est
771 2527 864 2596 qui
895 2526 1064 2595 possit
1088 2526 1367 2579 beatorum
1397 2531 1695 2594 martyrum
1725 2539 1816 2579 ve-

277 2614 398 2683 stigia
423 2617 596 2686 sequi;
629 2616 758 2671 huic
802 2629 901 2687 ego
946 2615 1279 2684 respondeo:
1316 2613 1452 2679 Quia
1504 2628 1611 2668 non
1642 2613 1814 2669 solum

277 2712 517 2774 martyres,
540 2707 633 2760 sed
658 2705 824 2760 etiam
856 2704 1027 2774 ipsum
1054 2703 1340 2758 Dominum
1367 2718 1490 2758 cum
1523 2702 1690 2773 ipsius
1721 2702 1814 2756 ad-

274 2792 453 2860 iutorio.
474 2795 516 2848 si
543 2794 817 2859 volumus,
846 2808 1130 2863 possumus
1156 2792 1376 2846 imitari.
1411 2791 1550 2846 Audi
1574 2807 1679 2846 non
1702 2806 1808 2855 me,

277 2883 350 2938 sed
384 2885 538 2954 ipsum
565 2880 857 2940 Dominum
889 2883 1069 2955 generi
1112 2885 1349 2939 humano
1381 2880 1706 2940 clamantem
1748 2895 1813 2938 ac

277 2972 529 3027 dicentem:
564 2973 761 3027 Discite
791 2991 822 3027 a
864 2989 946 3026 me
989 2975 1112 3043 quia
1166 2974 1306 3027 mitis
1352 2990 1469 3027 sum
1516 2981 1563 3026 et
1593 2972 1808 3028 humilis

1921 1805 2182 1868 nimitate,
2216 1806 2267 1858 in
2298 1806 2611 1872 dilectione;
2655 1817 2708 1862 et
2749 1811 2825 1864 sic
2861 1814 3155 1881 poterimus
3185 1815 3332 1885 ipsos
3358 1834 3500 1872 mar-

1918 1900 2064 1963 tyres
2088 1894 2224 1962 apud
2251 1893 2415 1948 Deum
2446 1897 2644 1951 habere
2672 1900 3072 1968 intercessores,
3101 1905 3176 1958 ita
3202 1915 3262 1960 ut
3279 1907 3496 1962 delean-

1918 1990 2004 2036 tur
2030 1993 2251 2052 peccata
2278 1994 2457 2040 nostra
2477 2026 2490 2048 ,
2520 1996 2575 2041 et
2606 1991 2821 2057 prtemia
2863 1999 3064 2046 interna
3113 1994 3266 2048 nobis
3309 1997 3497 2051 confe-

1917 2079 2140 2125 rantur:
2169 2081 2458 2142 praestante
2489 2076 2712 2130 Domino
2761 2087 2944 2133 nostro
2987 2077 3111 2134 Jesu
3135 2080 3368 2145 Christo,
3402 2086 3494 2153 qui

1917 2161 2048 2216 vivit
2099 2173 2153 2216 et
2197 2172 2384 2233 regnat
2431 2180 2551 2219 cum
2599 2165 2708 2220 Deo
2744 2166 2904 2223 Patre
2946 2168 2996 2222 in
3029 2171 3236 2226 unitate
3263 2171 3494 2241 Spiritus

1915 2254 2087 2308 sancti
2113 2253 2274 2321 Deus,
2300 2270 2396 2324 per
2417 2256 2596 2310 omnia
2617 2257 2808 2311 saecula
2835 2259 3168 2315 saeculorum.
3192 2261 3382 2318 Amen.

2405 2381 2685 2437 HOMILIA
2722 2382 2984 2440 XXXVII.

2172 2507 2227 2546 IN
2262 2507 2455 2546 NATALI
2495 2508 2805 2548 SANCTORUI
2840 2510 3230 2552 CONFKSSORUI.

1981 2601 2171 2667 llodie,
2189 2601 2384 2658 fratres
2408 2604 2733 2668 charissimi,
2763 2606 2935 2660 sancti
2965 2605 3290 2662 confessoris
3315 2611 3486 2664 nostri

1913 2696 2250 2750 celebramus
2266 2695 2431 2760 diem,
2456 2710 2561 2763 quo
2575 2694 2715 2750 hanc
2736 2696 2899 2750 vitam
2915 2696 3234 2752 laboriosam
3263 2699 3492 2754 derelin—

1912 2788 2169 2856 quens,in
2195 2787 2358 2840 vitam
2383 2795 2602 2842 renatus
2618 2795 2700 2841 est
2725 2796 3064 2858 perpetuam;
3097 2804 3202 2858 quo
3219 2791 3387 2844 finivit
3415 2792 3490 2845 la-

1910 2877 2093 2936 borem
2121 2878 2522 2945 certaminis,et
2546 2879 2788 2950 percepit
2813 2881 3089 2949 praemium
3115 2880 3484 2939 confessionis.

1913 2971 2062 3028 Sicut
2075 2973 2217 3027 enim
2231 2982 2541 3027 sanctorum
2567 2983 2883 3043 martyrum,
2902 2973 2972 3026 ita
2988 2982 3042 3028 et
3056 2975 3334 3028 beatorum
3355 2990 3484 3030 con-

277 3062 397 3114 corde
416 3061 616 3131 (Matth.
664 3062 764 3132 χι).
792 3062 928 3117 Audi
953 3035 1012 3117 et
1034 3065 1254 3119 beatum
1275 3063 1496 3118 Petrum
1517 3063 1809 3118 admonen-
1835 3035 1879 3097 C
1912 3060 2174 3116 fossorum
2190 3061 2326 3116 solet
2342 3062 2640 3131 triumphos
2652 3035 2925 3117 celebrare
2938 3063 3173 3118 Ecclesia
3203 3082 3216 3117 :
3247 3063 3480 3129 illorum,

277 3148 674 3215 tem:Christus,
723 3152 928 3220 inquit,
968 3168 1061 3221 pro
1102 3153 1245 3207 vobis
1289 3169 1475 3222 passus
1520 3162 1615 3217 est,
1647 3152 1807 3207 relin-

275 3253 400 3302 quens
443 3241 572 3294 vobis
619 3239 958 3310 exemplum,
1008 3250 1063 3294 ut
1110 3241 1400 3311 sequamini
1448 3241 1662 3312 vestigia
1693 3243 1808 3312 ejus

277 3325 316 3397 (Ι
337 3326 460 3383 Petr.
480 3330 556 3400 ιι).
590 3331 732 3385 Ecce
759 3329 1008 3385 Christus
1046 3331 1176 3385 dicit
1202 3345 1217 3384 :
1247 3329 1445 3384 Discite
1476 3347 1508 3383 a
1530 3347 1645 3396 me;
1678 3332 1808 3386 bea-

277 3428 345 3474 tas
371 3419 542 3475 Petrus
565 3421 738 3475 dicit:
770 3417 838 3473 Ut
867 3419 1155 3489 sequamini
1183 3419 1400 3489 vestigia
1433 3418 1567 3487 ejus.
1598 3419 1805 3475 Simili-

278 3514 338 3560 ter
358 3509 605 3579 apostolus
631 3509 836 3564 Paulus
885 3508 1083 3563 clamat
1109 3523 1124 3562 :
1155 3508 1454 3563 Imitatores
1482 3509 1579 3564 Dei
1614 3520 1802 3577 estote,

277 3597 376 3648 sicut
410 3597 499 3663 ﬁlii
521 3599 817 3653 charissimi
845 3597 1005 3669 (Eph.
1029 3599 1102 3668 ν).
1127 3597 1265 3664 Quid
1289 3600 1357 3654 ad
1379 3599 1493 3654 haec
1517 3602 1806 3670 responde-

278 3685 434 3751 bimus,
455 3689 664 3756 fratres,
697 3689 784 3744 vel
821 3705 981 3758 quam
1027 3690 1425 3759 excusationem
1479 3691 1679 3747 habere
1711 3708 1806 3762 po-

278 3780 488 3835 terimus?
520 3781 576 3836 Si
624 3782 724 3838 tibi
757 3780 952 3851 aliquis
997 3780 1143 3836 dicat
1167 3789 1226 3836 ut
1255 3781 1484 3838 virtutes
1512 3798 1647 3852 quas
1676 3783 1804 3837 fecit

278 3868 488 3926 Dominus
513 3873 709 3928 debeas
755 3870 981 3935 imitari,
1005 3868 1149 3937 iusta
1180 3878 1359 3940 potest
1382 3885 1500 3926 esse
1525 3871 1804 3926 excusatio

278 3972 361 4026 tua,
381 3964 489 4032 quia
512 3966 740 4019 virtutes
782 3972 838 4018 et
889 3962 1152 4017 mirabilia
1199 3961 1378 4018 facere
1407 3977 1512 4016 non
1554 3962 1805 4016 omnibus

277 4051 420 4106 datum
442 4063 544 4120 est;
574 4053 724 4123 juste
765 4061 944 4108 autem
980 4060 1035 4107 et
1077 4061 1226 4107 caste
1251 4053 1450 4116 vivere,
1475 4059 1528 4107 et
1568 4051 1802 4106 charita-

277 4152 358 4194 tem
374 4158 480 4196 cum
499 4145 752 4198 omnibus
781 4143 1051 4198 custodire
1073 4157 1195 4196 cum
1227 4141 1321 4195 Dei
1349 4141 1639 4210 adjutorio,
1681 4155 1799 4195 om-

277 4229 398 4286 nibus
417 4244 728 4304 prteceptum
761 4242 861 4288 est.
892 4232 1026 4288 Nam
1053 4242 1107 4286 et
1140 4233 1252 4302 ipse
1279 4232 1538 4286 Dominus
1579 4246 1687 4285 non
1719 4231 1801 4284 di-

276 4321 335 4374 xit
353 4337 365 4375 :
380 4322 552 4378 Discite
578 4343 610 4378 a
633 4341 719 4378 me
743 4331 981 4378 mortuos
1004 4322 1287 4388 suscitare,
1310 4336 1472 4391 super
1497 4335 1666 4390 aquas
1691 4320 1800 4374 sic-

273 4412 334 4464 cis
354 4414 550 4480 pedibus
577 4413 894 4477 ambulare;
931 4427 1038 4465 non
1065 4411 1227 4475 dixit;
1260 4411 1356 4465 sed
1387 4410 1515 4480 quid
1543 4411 1655 4464 ait?
1679 4410 1799 4482 quia

276 4502 382 4554 mitis
402 4519 503 4556 sum
539 4515 584 4557 et
610 4502 831 4556 humilis
858 4500 1046 4564 corde;
1100 4509 1154 4555 et
1200 4500 1433 4554 iterum:
1463 4498 1675 4570 Diligite
1701 4499 1799 4553 ini-

273 4594 398 4648 micos
422 4609 620 4661 vestros,
657 4611 708 4652 et
741 4596 1024 4665 beneftgite
1051 4594 1130 4648 his
1156 4595 1244 4665 qui
1270 4595 1488 4648 oderunt
1518 4610 1604 4648 vos
1626 4607 1644 4645 :
1669 4595 1801 4647 sicut

273 4695 308 4733 rt
329 4681 464 4740 Pater
499 4699 659 4743 vester
687 4681 1107 4754 ctelestiﬁolem
1155 4701 1306 4739 suum
1341 4685 1471 4738 oriri
1495 4685 1622 4754 facit
1647 4699 1802 4753 super

272 4773 397 4828 bonos
419 4787 460 4829 et
491 4771 978 4840 malosiMatthﬁ).
1007 4775 1074 4829 Et
1106 4773 1231 4829 licet
1277 4773 1385 4828 sint
1413 4772 1514 4826 alia
1547 4771 1710 4825 multa
1742 4772 1798 4826 in

271 4865 426 4931 quibus
442 4867 600 4921 Deum
627 4868 924 4922 debeamus
943 4872 999 4920 et
1037 4865 1226 4921 beatos
1260 4871 1526 4934 martyres
1574 4862 1795 4925 imitari,

272 4950 347 5004 ista
373 4965 528 5010 tamen
566 4958 700 5011 duo'
721 4955 993 5025 praecipua
1033 4961 1157 5009 sunt
1183 4972 1197 5007 :
1243 4953 1296 5008 id
1323 4961 1425 5015 est,
1453 4961 1513 5007 ut
1537 4953 1696 5007 mites
1726 4952 1800 5007 si—

271 5056 361 5097 nus
383 5055 431 5099 et
449 5047 674 5104 humiles
699 5047 884 5110 corde,
900 5054 954 5101 et
979 5045 1225 5100 inimicos
1251 5051 1466 5100 nostros
1497 5051 1608 5099 toto
1637 5044 1798 5098 corde

269 5139 436 5192 ettotis
483 5140 687 5194 viribus
737 5139 1039 5212 diligamus.
1090 5139 1166 5193 De
1216 5137 1497 5209 diligendis
1539 5138 1796 5203 inimicis,

267 5218 425 5283 fratres
445 5231 774 5295 charissimi,
806 5229 982 5285 nullus
1027 5244 1262 5300 unquam
1289 5229 1346 5283 in
1371 5228 1594 5284 veritate
1621 5242 1680 5284 se
1708 5241 1799 5296 po-

266 5315 363 5368 terit
382 5332 646 5376 excusare.
670 5319 860 5374 Potest
885 5319 1014 5374 mihi
1037 5318 1232 5389 aliquis
1257 5319 1434 5374 dicere
1459 5337 1472 5372 :
1515 5316 1632 5374 Non
1668 5333 1793 5388 pos-

266 5413 356 5458 tum
377 5404 628 5476 ieiunare,
659 5423 771 5463 non
814 5423 1032 5477 possum
1077 5423 1165 5465 res
1190 5423 1336 5464 meas
1373 5416 1516 5464 totas
1545 5409 1795 5478 pauperi-

266 5489 515 5565 bnsdare,
560 5509 618 5554 et
644 5499 701 5553 in
739 5497 1065 5555 monasterio
1114 5497 1226 5553 Deo
1276 5497 1512 5560 servire;
1552 5496 1792 5567 nunquid

268 5591 403 5643 Potest
421 5587 632 5647 dicere:
666 5587 786 5644 Non
830 5603 1046 5662 possum
1076 5588 1340 5658 diligere?
1367 5587 1472 5643 Sed
1521 5588 1651 5643 dicit
1690 5587 1788 5640 ali-

1905 3151 2031 3220 quia
2081 3165 2306 3221 agonem
2355 3151 2669 3219 explentes,
2723 3152 2954 3220 palmam
3002 3152 3244 3222 martyrii
3277 3168 3488 3208 merue-

1905 3251 2067 3309 runt;
2112 3243 2364 3307 istorum,
2395 3243 2519 3312 quia
2548 3243 2601 3296 in
2629 3257 2770 3297 verre
2799 3243 2918 3296 fidei
2946 3243 3282 3298 confessione
3312 3245 3483 3312 persi-

1905 3341 2127 3398 stentes,
2161 3348 2413 3388 coronam
2438 3333 2564 3387 vitze
2591 3341 2936 3402 acceperunt.
2964 3333 3022 3386 Et
3052 3333 3243 3388 merito
3268 3335 3484 3402 utrique

1903 3423 2018 3494 pari
2067 3423 2272 3476 ratione
2314 3422 2684 3482 honorantur,
2734 3421 2858 3488 quia
2907 3422 3121 3489 utrique
3170 3420 3282 3474 veri
3318 3429 3483 3473 testes

1904 3511 2104 3566 Christi
2141 3519 2196 3564 et
2247 3510 2361 3564 veri
2409 3509 2716 3563 laudatores
2765 3509 3126 3562 exstiterunt:
3167 3524 3288 3563 nam
3335 3523 3481 3562 mar-

1904 3609 2050 3671 tyres
2071 3599 2255 3655 Graece
2273 3640 2287 3664 ,
2327 3608 2492 3653 testes
2519 3600 2972 3667 interpretantur;
3001 3597 3335 3652 confessores
3354 3611 3483 3650 vero

1903 3689 2093 3743 Latine
2120 3687 2425 3742 laudatores
2455 3686 2779 3754 significant.
2807 3686 2881 3737 De
2900 3686 3028 3752 ipsis
3054 3685 3194 3737 enim
3226 3684 3480 3737 Dominus

1904 3779 2083 3834 dicit:
2129 3777 2231 3842 Qui
2274 3793 2353 3829 me
2403 3775 2674 3843 confessus
2727 3773 2884 3841 fuerit
2937 3789 3113 3825 coram
3160 3773 3482 3840 hominibus,

1903 3865 2184 3932 conﬁtebor
2205 3875 2250 3917 et
2277 3879 2368 3933 ego
2389 3878 2508 3916 eum
2541 3877 2718 3914 coram
2750 3859 2912 3914 Patre
2936 3877 3048 3915 meo
3075 3862 3166 3932 qui
3192 3871 3266 3916 est
3296 3863 3348 3915 in
3377 3879 3481 3918 cae-

1902 3951 1967 4008 lis
2005 3952 2218 4018 (Matth.
2265 3952 2339 4023 ι).
2370 3951 2477 4006 Sed
2512 3952 2627 4006 inec
2649 3951 2938 4016 confessio,
2967 3949 3184 4017 fratres,
3216 3967 3322 4006 non
3360 3961 3473 4007 tan-

1903 4052 2015 4099 tum
2045 4058 2158 4106 ore,
2187 4043 2280 4098 sed
2324 4044 2486 4097 etiam
2533 4042 2696 4098 corde
2745 4042 2904 4097 simul
2949 4050 3002 4097 et
3037 4057 3198 4111 opere
3250 4044 3479 4099 tenenda

1902 4146 2014 4201 est;
2069 4136 2184 4206 ipsa
2239 4135 2382 4190 enim
2435 4136 2647 4190 Veritas
2691 4135 2804 4188 ait:
2839 4134 2959 4188 Non
2996 4135 3164 4188 omnis
3215 4135 3304 4203 qui
3354 4134 3478 4188 dicit

1900 4231 2053 4295 mihi,
2087 4229 2325 4295 Domine,
2358 4228 2596 4293 Domine,
2622 4230 2835 4282 intrabit
2863 4229 2919 4282 in
2942 4244 3154 4298 regnum
3181 4226 3425 4280 calorum
3453 4245 3466 4280 :

1901 4321 1990 4374 sed
2006 4321 2093 4392 qui
2113 4320 2239 4388 facit
2253 4317 2566 4374 voluntatem
2587 4315 2760 4372 Patris
2780 4318 2877 4371 mei
2894 4317 2982 4387 qui
3009 4317 3063 4368 in
3085 4315 3224 4368 caelis
3244 4323 3338 4379 est,
3364 4315 3472 4382 ipse

1901 4413 2115 4468 intrabit
2159 4412 2215 4466 in
2245 4427 2457 4481 regnum
2487 4408 2729 4463 caelorum
2782 4406 2994 4477 (Matth.
3036 4405 3136 4475 xi).
3189 4403 3287 4458 Hic
3330 4404 3474 4458 enim

1902 4512 2120 4560 sanctus
2144 4503 2264 4557 ideo
2286 4501 2514 4557 Domino
2549 4499 2746 4570 placuit
2766 4497 2891 4566 quia
2938 4496 3082 4550 intus
3118 4509 3216 4566 per
3249 4494 3477 4550 creduli-

1901 4602 2085 4658 tatem,
2110 4601 2160 4646 et
2197 4589 2327 4646 foris
2359 4605 2457 4660 per
2481 4587 2910 4659 praedicationem
2958 4599 3024 4639 ac
3071 4584 3196 4639 boni
3241 4581 3472 4651 exempli

1898 4683 2289 4752 operationem,
2313 4681 2416 4734 rite
2442 4678 2725 4733 Dominum
2755 4675 3009 4728 laudavit.
3041 4673 3148 4729 Iste
3171 4673 3383 4744 quidem
3404 4687 3470 4726 ex

1899 4787 2086 4827 eorum
2127 4783 2404 4825 servorum
2432 4780 2655 4820 numero
2680 4773 2764 4819 est
2807 4763 2898 4833 qui
2927 4763 3218 4818 secundum
3259 4759 3470 4815 Domini

1901 4862 2232 4935 parabolam,
2260 4859 2508 4914 veniente
2544 4856 2758 4912 domino
2804 4871 2930 4919 suo,
2962 4851 3330 4908 commendata
3367 4850 3470 4907 sibi

1906 4954 2105 5009 talenta
2128 4966 2248 5006 cum
2274 4950 2422 5005 lucro
2447 4947 2760 5017 reportavit,
2797 4955 2959 5015 atque
2987 4944 3123 4997 bene
3155 4955 3470 4996 remunera-

1903 5057 2009 5110 tus,
2039 5045 2090 5098 in
2119 5042 2368 5114 gaudium
2398 5038 2597 5095 domini
2629 5038 2711 5092 sui
2737 5036 2973 5092 intravit.
3000 5033 3198 5088 Servus
3216 5047 3344 5102 ergo
3376 5032 3469 5102 qui

1902 5133 2168 5204 geminata
2201 5131 2401 5185 talenta
2431 5128 2635 5195 retulit,
2665 5142 2696 5182 a
2744 5127 2963 5182 domino
3008 5123 3276 5186 laudatur,
3305 5129 3470 5192 atque

1902 5226 1968 5278 ad
1988 5231 2244 5278 aeternam
2269 5219 2753 5275 remunerationem
2779 5215 3117 5287 perducitur:
3145 5213 3232 5268 cui
3257 5222 3313 5268 et
3337 5229 3471 5269 voce

1902 5314 2168 5370 dominica
2208 5312 2446 5367 dicitur:
2489 5310 2658 5380 Euge,
2683 5325 2823 5362 serve
2849 5307 2974 5360 bone
2998 5314 3046 5360 et
3087 5303 3256 5373 fidelis
3282 5347 3294 5366 ,
3344 5304 3468 5374 quia

1899 5422 2053 5476 super
2080 5421 2250 5475 pauca
2295 5405 2442 5474 fuisti
2466 5402 2658 5472 ﬁdelis,
2674 5415 2829 5470 super
2856 5396 3020 5451 multa
3047 5407 3094 5451 te
3119 5394 3427 5450 constituam
3448 5411 3467 5445 :

1897 5498 2036 5550 intra
2071 5496 2124 5549 in
2177 5495 2426 5564 gaudium
2473 5493 2670 5547 domini
2717 5491 2794 5543 tui
2839 5486 3054 5559 (Matth.
3109 5485 3256 5554 xxv).
3288 5482 3465 5536 Pauca

1897 5586 2094 5657 quippe
2141 5593 2264 5640 sunt
2293 5584 2432 5638 bona
2475 5582 2650 5637 omnia
2696 5578 2976 5650 praesentis
3001 5578 3144 5640 vitae,
3174 5572 3465 5644 quatnlibct
