4040 6188
543 274 604 329 'll
1173 266 1230 320 Β.
1272 264 1524 320 ΒΑΒΑΝῘ
1561 263 1780 319 MAURI
1817 261 2114 318 ARCIIIEP

2221 257 2478 317 OGUNT.
2520 255 2804 313 OPERUM
2847 255 3024 310 PARS
3062 254 3123 309 Il.
3729 255 3801 312 72

537 368 1024 436 multa-videantur.
1053 374 1157 429 Sed
1185 383 1311 429 tunc
1342 373 1514 428 fidelis
1537 389 1726 428 servus
1755 387 1914 442 supra
1943 371 2109 424 multa
2141 382 2185 437 Α
2215 371 2338 424 liam
2359 371 2520 424 etiam
2553 370 2606 422 in
2639 370 2740 424 hoc
2778 369 2934 438 pleno
2961 367 3322 422 colluviouum
3353 367 3660 438 fragilitatis
3700 369 3801 424 hu-

537 467 883 524 cunstituitur
904 465 1138 534 quando,
1159 463 1369 517 devicta
1413 463 1558 515 omni
1603 460 1960 530 corruptionis
1998 475 2110 512 mo-

538 558 716 620 lestia,
743 556 809 610 de
843 554 1058 610 teternis
1087 552 1294 623 gaudiis
1327 553 1380 606 in
1407 550 1497 604 illa
1525 550 1730 605 ctelesti
1756 550 1883 605 sede
1907 549 2108 618 gloria-

539 658 646 704 tur.
677 647 826 701 Tunc
848 645 916 698 ad
941 643 1140 698 domini
1167 641 1248 697 sui
1277 641 1527 712 gaudium
1557 638 1793 710 perfecte
1843 637 2111 692 intromit-

541 741 689 802 titur,
713 736 925 806 quando
954 735 1007 788 in
1041 745 1243 788 aeterna
1274 729 1362 786 illa
1389 731 1562 801 patria
1591 737 1919 798 assumptus,
1950 736 2113 797 atque

537 833 850 898 angelorum
887 828 1116 885 coetibus
1143 827 1426 891 admistus,
1461 825 1541 880 sic
1571 823 1798 879 interius
1824 823 2020 894 gaudet
2048 824 2113 877 dc

540 937 764 978 munere
789 929 846 975 ut
879 936 983 975 non
1015 921 1087 974 sit
1111 917 1227 987 jam
1263 917 1406 988 quod
1442 916 1682 972 exterius
1702 915 1880 971 (IOIBaI.
1906 915 1972 968 de
1991 928 2114 968 cor-

537 1015 807 1080 ruptione.
846 1009 1076 1067 Sanctus
1117 1023 1244 1080 ergo
1285 1009 1417 1071 iste,
1454 1007 1683 1062 Domino
1719 1004 1943 1073 iubente
1974 1005 2110 1059 bene

537 1101 799 1166 vlgilavit,
829 1107 884 1153 et
918 1099 1105 1152 beatus
1133 1107 1218 1152 est
1249 1111 1459 1158 servus,
1490 1097 1617 1164 quia
1647 1111 1768 1150 cum
1813 1095 1960 1148 venit
2008 1093 2112 1147 Do-

537 1194 717 1246 minus
752 1190 868 1260 ejus
906 1187 1108 1242 invenit
1153 1201 1274 1241 eum
1323 1185 1655 1255 vigilantem.
1715 1184 1831 1252 Ipse
1881 1197 2112 1252 namque

541 1277 723 1347 vigilat
755 1278 844 1346 qui
867 1277 935 1330 ad
962 1283 1234 1345 aspectum
1275 1274 1386 1327 veri
1433 1272 1649 1326 luminis
1692 1272 1885 1324 mentis
1927 1271 2112 1325 oculos

541 1380 756 1438 apertos
791 1376 970 1430 tenet;
1011 1365 1231 1435 vigilat,
1282 1365 1372 1433 qui
1427 1371 1608 1417 servat
1637 1363 1912 1431 operando
1969 1363 2112 1432 quod

539 1460 745 1522 credit;
806 1458 1022 1526 vigilat,
1083 1456 1176 1525 qui
1231 1471 1262 1508 a
1319 1470 1376 1509 se
1433 1455 1664 1523 torporis
1722 1462 1778 1508 et
1835 1453 2110 1524 negligen-

541 1550 628 1603 tiae
689 1550 936 1604 tenebras
984 1547 1212 1616 repellit.
1268 1546 1404 1600 Hinc
1461 1546 1659 1600 etenim
1705 1545 1902 1599 Paulus
1939 1545 2106 1599 dicit:

543 1639 985 1707 Evigitate,_tustt.
1019 1647 1066 1689 et
1093 1634 1251 1688 nolite
1281 1650 1494 1704 peccare
1523 1633 1575 1701 (I
1624 1632 1747 1687 Cor.
1801 1633 1915 1701 xv).
1962 1633 2114 1688 Fecit

2213 474 2385 514 mante
2422 474 2645 530 corpore
2684 458 3037 522 consecravit,
3067 458 3190 512 dum
3228 457 3281 510 in
3316 466 3427 512 toto
3457 458 3656 512 mundo
3683 459 3798 513 vir-

2210 551 2398 621 gineus
2422 548 2520 605 llos
2546 549 2727 604 Mariae
2764 547 3240 603 immarcescibiles
3269 562 3497 602 coronas
3532 547 3798 616 innectat,

2210 652 2265 696 et
2292 644 2643 711 septrigeram
2679 639 2899 710 pudoris
2935 637 3110 693 aulam
3144 637 3486 692 immaculato
3511 647 3799 692 conservet

2211 729 2424 784 affectu.
2464 729 2601 784 lIinc
2626 743 2862 798 eousque
2893 727 3172 796 integritas
3201 725 3564 796 perseveravit
3590 727 3656 782 ad
3683 727 3801 797 pal-

2211 838 2373 886 mam,
2404 829 2462 876 ut
2491 822 2543 876 in
2575 820 2768 891 puellis
2798 829 3059 890 tropaeum
3097 818 3402 874 sanctitatis
3428 819 3712 889 arriperet,
3742 827 3802 874 et

2211 928 2306 968 uer
2334 911 2558 982 vestigia
2597 911 2787 966 matris
2830 910 3056 980 virginis
3089 908 3156 964 ad
3187 909 3464 965 cmlestem
3496 907 3797 966 thalamum

2207 1002 2534 1072 perveniret.
2571 1001 2865 1072 Virginitas
2888 999 3103 1070 quidem
3131 1014 3219 1054 res
3247 1008 3329 1054 est
3356 1007 3566 1066 sancta,
3595 1015 3684 1056 res
3715 1005 3804 1055 est

2211 1091 2482 1160 perfecta;
2509 1090 2820 1161 principalis
2855 1090 3046 1155 virtus,
3090 1089 3376 1159 specialem
3407 1089 3459 1142 in
3489 1105 3652 1159 regno
3700 1090 3798 1144 Dei

2211 1183 2416 1237 habens
2442 1196 2719 1237 coronam.
2748 1179 2865 1234 Non
2893 1180 3034 1233 enim
3063 1180 3182 1234 ideo
3207 1179 3487 1233 laudabilis
3512 1187 3596 1232 est
3625 1178 3780 1250 virgi-

2211 1275 2352 1327 nitas
2373 1273 2495 1341 quia
2535 1279 2589 1326 et
2621 1272 2673 1325 in
2704 1270 3031 1339 martyribus
3069 1270 3354 1338 reperitur,
3383 1268 3478 1321 sed
3508 1269 3632 1336 quia
3678 1269 3796 1339 ipsa

2211 1372 2478 1430 martyres
2500 1359 2643 1412 facit.
2665 1358 2797 1424 Quis
2813 1367 2990 1410 autem
3012 1368 3096 1410 est
3114 1357 3204 1426 qui
3229 1357 3461 1410 humano
3482 1371 3600 1410 eam
3621 1355 3798 1425 possit

2217 1450 2432 1520 ingenio
2477 1447 2952 1516 comprehendere,
2995 1461 3152 1515 quam
3195 1460 3293 1498 nec
3333 1454 3522 1498 natura
3560 1446 3673 1500 suis
3717 1446 3800 1501 in-

2210 1541 2372 1596 clusis
2413 1538 2614 1611 [Forte,
2654 1536 2936 1608 inclusam]
2974 1535 3178 1606 legibus
3204 1537 3659 1604 comprehendere
3695 1553 3795 1608 po-

2214 1634 2350 1686 test?
2384 1641 2477 1684 aut
2503 1631 2624 1699 quis
2654 1627 2881 1683 naturali
2918 1642 3048 1681 voce
3085 1626 3380 1695 completus
3413 1624 3616 1698 [Forte,
3646 1643 3800 1682 con:-

537 1727 680 1780 enim
712 1726 857 1780 illum
888 1725 1143 1778 Dominus
1166 1723 1502 1778 discumbere
1529 1737 1650 1776 cum
1678 1722 1881 1776 sanctis
1902 1723 2033 1787 suis,
2057 1723 2110 1777 id
2142 1713 2186 1772 B
2215 1719 2491 1792 plectitur]
2520 1720 2660 1788 quod
2685 1731 2844 1788 supra
2867 1733 3020 1771 usum
3044 1717 3114 1770 sit
3139 1727 3362 1771 naturae.
3387 1717 3428 1770 Ε
3454 1716 3589 1771 coelo
3612 1732 3798 1771 accer-

537 1825 642 1881 est,
668 1817 722 1870 in
746 1824 944 1869 aeterna
979 1815 1162 1880 quiete
1186 1811 1437 1868 refoveri.
1457 1811 1523 1866 Et
1547 1811 1818 1867 transiens
1845 1812 2114 1867 ministra-

537 1908 616 1961 bit
642 1907 735 1968 illi,
751 1907 877 1974 quia
899 1905 1032 1960 lucis
1057 1919 1166 1960 suae
1187 1903 1543 1959 illustrations
1571 1917 1694 1958 eum
1711 1903 1902 1969 satiat;
1934 1912 2112 1959 trans-

539 1996 619 2049 ire
645 1993 788 2049 enim
813 1993 1024 2047 Domini
1051 1991 1211 2046 estin
1238 1991 1504 2047 claritatis
1544 2006 1656 2046 sua:
1690 1992 2109 2062 speculationem

539 2100 636 2138 nos
667 2084 891 2148 ducere;
920 2097 1042 2140 cum
1069 2097 1192 2136 eum
1216 2097 1375 2151 quem
1400 2083 1452 2136 in
1478 2082 1810 2136 humanitate
1841 2081 2112 2151 injudicio

539 2173 845 2236 cernimus,
895 2173 1056 2228 etiam
1109 2172 1162 2225 in
1199 2173 1476 2227 divinitate
1514 2181 1634 2242 post
1670 2173 1929 2242 judicium
1965 2174 2113 2228 vide-

543 2281 680 2320 mus.
711 2265 959 2327 Proinde,
993 2263 1190 2318 fratres
1219 2264 1320 2317 mei
1353 2263 1707 2328 dilectissimi,
1741 2265 2000 2320 attentius
2028 2264 2109 2318 vi-

537 2355 738 2426 gilate,
784 2355 835 2408 in
882 2354 1242 2408 conditionem
1294 2353 1634 2408 mortalitatis
1679 2363 1873 2409 vestrm
1921 2356 2114 2410 mentis

539 2444 724 2498 oculos
753 2444 894 2514 ﬁgite
924 2457 938 2495 :
974 2443 1208 2497 venienti
1237 2457 1330 2496 vos
1354 2441 1519 2511 judici
1550 2460 1645 2513 per
1677 2442 1832 2499 fletus
1871 2445 2114 2514 quotidie

536 2543 592 2587 et
623 2533 849 2586 lamenta
877 2541 1205 2602 prazparate;
1246 2546 1366 2586 cum
1390 2541 1534 2586 certa
1569 2549 1713 2587 mors
1744 2541 1958 2588 maneat
1997 2549 2114 2588 om-

541 2622 719 2684 nibus,
755 2623 918 2676 nolite
942 2623 1006 2676 de
1031 2621 1342 2690 temporalis
1368 2622 1488 2676 vita:
1532 2621 1867 2691 providentia
1907 2625 2113 2680 incerta

537 2711 814 2781 cogitare:
873 2720 1210 2765 terrenarum
1261 2725 1438 2764 rerum
1482 2725 1580 2764 vos
1629 2725 1758 2765 cura
1785 2727 1889 2767 non
1916 2726 2112 2784 aggra-

540 2809 658 2865 vet;
701 2800 1046 2870 quantislibet
1081 2801 1224 2853 enim
1265 2798 1381 2852 auri
1430 2806 1485 2852 et
1510 2799 1719 2868 argenti
1756 2799 1985 2855 molibus
2013 2800 2116 2855 cir-

540 2892 823 2948 cumdetur
848 2931 862 2956 ,
915 2889 1240 2958 quibuslibet
1280 2889 1532 2957 pretiosis
1582 2890 1822 2945 vestibus
1862 2890 2117 2945 induatur

538 2997 686 3044 caro,
719 2980 842 3050 quid
888 2988 970 3034 est
998 2979 1140 3034 aliud
1171 2994 1329 3048 quam
1372 2994 1530 3032 caro:
1561 2978 1726 3034 nolite
1764 2993 1892 3051 ergo
1943 2989 2116 3034 atten-

537 3069 665 3124 dere
689 3047 817 3138 quid
857 3068 1064 3122 habetis
1085 3107 1099 3132 ,
1144 3047 1236 3121 sed
1266 3067 1393 3136 quid
1421 3067 1571 3122 estis.
1604 3066 1772 3122 Vultis
1796 3047 1976 3122 autem
2022 3083 2114 3122 au-
2142 3047 2186 3108 (ἶ

539 3161 654 3213 dire
679 3159 806 3228 quid
838 3159 1006 3213 estis:
1036 3159 1296 3227 propheta
1330 3156 1553 3222 indicat,
1591 3157 1774 3212 dicens
1802 3176 1814 3210 :
1860 3155 1985 3212 Vere
2042 3158 2118 3226 fe-

541 3268 662 3304 num
689 3261 763 3304 est
811 3249 1031 3320 populus
1061 3250 1195 3319 (Isa.
1238 3249 1358 3318 XL);
1406 3249 1450 3304 si
1481 3248 1624 3303 enim
1676 3247 1853 3302 fenum
1893 3249 2120 3319 populus

541 3357 646 3394 non
675 3349 779 3402 est,
805 3340 892 3393 ubi
923 3348 1048 3393 sunt
1086 3339 1158 3392 illi
1189 3340 1278 3408 qui
1322 3353 1383 3393 ca
1421 3353 1540 3408 qua:
1585 3338 1745 3393 hodie
1773 3337 2000 3393 colimus
2026 3354 2119 3392 vo-

543 3431 765 3490 biscum,
801 3436 1074 3482 transacto
1109 3442 1251 3482 anno
1298 3427 1437 3481 beati
1471 3427 1628 3496 hujus
1653 3425 1978 3481 confessoris
2025 3443 2120 3480 na-

540 3519 711 3573 talitia
741 3519 1183 3573 celebraverunt:
1215 3531 1248 3570 o
1277 3526 1474 3584 quanta
1528 3526 1582 3570 et
1641 3517 1818 3585 qualia
1872 3517 1937 3570 de
1984 3532 2119 3584 pra:-

539 3610 708 3664 sentis
738 3611 858 3662 vitae
903 3607 1206 3678 provisione
1242 3606 1586 3677 cogitabant,
1641 3605 1734 3660 sed
1786 3605 2120 3674 subripiente

539 3701 729 3754 mortis
773 3697 1022 3761 articulo,
1052 3707 1270 3767 repente
1299 3697 1352 3751 in
1384 3696 1466 3750 his
1509 3711 1626 3765 qua:
1653 3696 1833 3750 videre
1867 3695 2122 3750 nolebant

539 3792 740 3844 inventi
767 3799 914 3854 sunt,
946 3799 1000 3844 et
1029 3799 1222 3844 cuncta
1272 3788 1429 3844 simul
1465 3788 1774 3858 temporalia
1801 3827 1816 3853 ,
1867 3804 1986 3858 qum
2011 3798 2120 3841 tra-

536 3888 684 3933 ctata
713 3879 866 3948 quasi
897 3878 1159 3932 stabiliter
1184 3888 1366 3932 tenere
1395 3878 1714 3932 videbantur
1735 3919 1748 3940 ,
1799 3878 2116 3933 amiserunt.

539 3969 674 4035 Quia
707 3967 868 4036 igitur
899 3967 1182 4020 momentis
1211 3967 1323 4020 suis
1353 3968 1498 4020 hora:
1531 3967 1773 4036 fugiunt,
1816 3969 1981 4038 agite,
2014 3968 2121 4022 fra-

540 4067 652 4111 tres
678 4056 979 4110 cbarissimi
1000 4096 1014 4119 ,
1065 4065 1124 4108 ut
1157 4055 1208 4108 in
1241 4053 1366 4108 boni
1393 4056 1571 4124 operis
1625 4056 1870 4110 mercede
1903 4066 2122 4111 tenean-

542 4154 650 4201 tur.
679 4145 873 4200 Audite
892 4145 1020 4215 quid
1043 4145 1254 4214 sapiens
1299 4143 1554 4198 Salomon
1590 4145 1720 4198 dicit
1749 4159 1762 4196 :
1795 4143 1959 4200 Omne
1981 4148 2119 4215 quod

541 4248 704 4308 potest
734 4255 918 4292 manus
945 4247 1035 4290 tua
1086 4237 1280 4306 facere,
1304 4237 1562 4289 instanter
1603 4253 1838 4305 operare,
1862 4253 1984 4306 quia
2030 4254 2120 4291 nec

540 4346 690 4400 opus,
724 4346 814 4382 nec
846 4329 1000 4393 ratio,
1034 4344 1124 4380 nec
1166 4326 1421 4393 sapientia
1456 4335 1530 4379 est
1553 4325 1692 4396 apud
1723 4325 1916 4394 infero:
1934 4344 2036 4396 quo
2064 4337 2119 4381 tu

540 4436 785 4490 uroperas
816 4415 1126 4490 (Eccle.tx).
1171 4414 1306 4481 Quia
1355 4430 1482 4484 ergo
1538 4424 1593 4468 et
1641 4423 1882 4468 venturzr.
1930 4413 2119 4470 mortis

543 4519 754 4578 tempus
779 4510 1103 4578 ignoramus,
1130 4515 1185 4560 et
1211 4514 1333 4574 post
1361 4514 1586 4558 mortem
1618 4505 1830 4575 operari
1855 4520 1958 4560 non
1991 4520 2120 4576 pos-

542 4615 750 4662 sumus,
774 4607 1016 4667 superest
1047 4607 1104 4652 ut
1127 4607 1252 4652 ante
1272 4606 1497 4652 mortem
1527 4606 1769 4666 tempora
1799 4595 2000 4651 indulta
2034 4613 2120 4652 ra—

540 4690 779 4758 piamus,
829 4695 881 4742 et
937 4686 1242 4741 laboremus
1288 4677 1493 4740 utiliter
1518 4685 1775 4756 quidquid
1812 4699 2116 4754 possumus,

540 4787 808 4848 quatenus
826 4792 947 4832 cum
968 4774 1367 4830 confessoribus
1391 4776 1503 4830 suis
1524 4775 1768 4830 Christus
1813 4773 1966 4829 nobis
1997 4784 2118 4844 post

544 4867 704 4923 linem
754 4867 908 4921 istius
945 4867 1067 4920 vita:
1096 4865 1355 4920 concedat
1407 4864 1460 4919 in
1508 4864 1713 4919 caelesti
1745 4879 1909 4934 regno
1936 4865 2115 4933 potius

542 4961 732 5025 laetari,
765 4976 1069 5032 quamcum
1109 4961 1481 5030 peccatoribus
1536 4961 1588 5015 in
1637 4960 1846 5016 inferno
1893 4963 2113 5032 puniri:

543 5052 695 5122 cujus
720 5069 818 5108 nos
846 5053 980 5107 iram
1019 5053 1257 5108 devitarc
1294 5061 1350 5108 et
1397 5053 1623 5124 gratiam
1672 5053 1960 5122 impetrare
2003 5054 2117 5123 ipse

490 5195 504 5205 ,
541 5146 823 5206 concedat,
851 5145 938 5215 qui
972 5159 1070 5198 nos
1107 5142 1432 5212 redemerat,
1461 5144 1710 5198 Christus
1751 5142 2001 5197 Salvator
2024 5159 2120 5198 no—

541 5246 673 5300 ster,
701 5235 956 5306 qui-vivit
982 5244 1038 5290 et
1065 5242 1250 5305 regnat
1271 5234 1431 5297 Deus,
1460 5249 1557 5302 per
1585 5233 1766 5288 omnia
1788 5233 1982 5289 saecula
2019 5250 2118 5288 sa:—

542 5327 804 5384 culorum.
839 5326 1027 5380 Amen.

942 5428 1283 5486 IIOMILIA
1351 5426 1712 5483 XXXVIII.

1031 5538 1083 5576 IN
1123 5537 1316 5575 NAT.\I.I
1355 5534 1633 5574 VIRCINUI.

614 5611 987 5670 lmmaculatus
1045 5611 1303 5668 Dominus
1353 5609 1750 5666 immaculatum
1806 5608 1906 5665 sibi
1962 5607 2118 5665 fami-

2217 1813 2344 1867 sivit
2399 1811 2540 1881 quod
2595 1810 2900 1864 imitaretur
2930 1809 2983 1861 in
3033 1808 3192 1862 terris
3228 1826 3240 1860 :
3278 1822 3376 1862 nec
3416 1807 3685 1862 immerito
3721 1807 3798 1860 vi-

2217 1902 2375 1957 vendi
2403 1916 2556 1956 usum
2584 1899 2829 1970 quaesivit
2852 1912 2882 1953 e
2911 1897 3068 1961 etelo,
3093 1911 3212 1967 qua:
3239 1911 3491 1966 sponsum
3523 1895 3624 1950 sibi
3652 1896 3800 1950 inve—

2218 1995 2297 2049 nit
2326 1994 2377 2047 in
2425 1993 2580 2048 caelo.
2635 1992 2760 2047 Haec
2809 1991 2980 2046 nubes
3008 2005 3218 2054 aereas,
3259 1988 3473 2060 angelos
3509 1988 3800 2057 sideraque

2220 2083 2639 2152 transgrediens,
2669 2081 2891 2137 verbum
2922 2081 3014 2134 Dei
3063 2080 3115 2134 in
3146 2080 3262 2150 ipso
3291 2081 3409 2133 sinu
3443 2077 3646 2133 invenit
3691 2078 3796 2131 Pa-

2219 2177 2317 2230 tris
2362 2186 2416 2230 ct
2453 2183 2563 2229 toto
2605 2174 2784 2228 hausit
2832 2180 3068 2242 pectore.
3107 2171 3240 2225 Nam
3272 2171 3391 2241 quis
3421 2179 3628 2225 tantum
3672 2185 3798 2224 cum

2218 2267 2502 2329 invenerit,
2551 2266 2818 2334 relinquat
2860 2263 3100 2318 bonum?
3131 2262 3272 2332 Ergo
3309 2262 3373 2316 de
3423 2277 3486 2315 co
3516 2260 3799 2332 Scriptura

2218 2357 2383 2411 dicit:
2421 2355 2749 2425 Unguentum
2780 2354 3101 2408 exinanitum
3144 2361 3216 2404 est
3250 2367 3434 2404 nomm
3465 2361 3634 2413 tuum,
3677 2367 3803 2420 pro-

2216 2456 2390 2514 pterea
2452 2442 2848 2498 adolescentulo:
2907 2441 3194 2496 dilexerunt
3254 2451 3300 2495 et
3365 2451 3692 2494 attraxerant
3751 2455 3804 2496 te

2220 2533 2396 2606 (Cant.
2428 2533 2490 2604 l).
2513 2533 2730 2588 Futura:
2759 2540 2937 2586 autem
2965 2530 3374 2586 resurrectionis
3399 2531 3508 2602 jam
3537 2531 3634 2586 iste
3663 2530 3806 2588 ordo

2219 2623 2450 2693 speciem
2493 2630 2671 2689 tenet;
2703 2623 2845 2678 unde
2881 2629 2937 2676 et
2981 2620 3237 2690 scriptum
3273 2629 3358 2675 est
3383 2621 3435 2675 in
3462 2619 3753 2690 Evangelio
3785 2639 3800 2676 :

2219 2712 2287 2767 In
2329 2714 2703 2767 resurrectione
2747 2729 2867 2782 ergo
2907 2729 3008 2766 non
3056 2711 3272 2774 nubunt,
3321 2727 3480 2782 neque
3521 2711 3800 2775 nubentur,

2217 2802 2308 2857 sed
2327 2812 2477 2856 erunt
2501 2802 2633 2856 sicut
2660 2801 2831 2873 angeli
2858 2800 2953 2854 Dei
2977 2801 3030 2854 in
3050 2799 3174 2854 cwlo
3202 2799 3413 2869 (Matth.
3438 2799 3595 2870 uti).
3627 2797 3805 2855 Nemo

2219 2907 2345 2962 ergo
2374 2890 2598 2944 miretur
2624 2890 2668 2944 si
2701 2889 2904 2961 angelis
2928 2899 3305 2957 comparentur
3329 2903 3447 2958 qua?
3482 2886 3803 2958 angelorum

2219 2981 2444 3037 Domino
2469 2979 2803 3050 copulantur.
2852 2975 2991 3033 Vera
3037 2978 3182 3032 enim
3227 2977 3340 3032 haec
3375 2977 3434 3030 fit
3461 2977 3552 3032 Dei
3594 2978 3805 3049 imago.

2220 3072 2548 3142 respondens
2577 3071 2643 3125 ad
2669 3069 3079 3126 sanctimoniam
3109 3069 3342 3131 Domini,
3381 3068 3644 3123 illustrior
3676 3084 3799 3138 por-

2220 3165 2295 3219 tio
2331 3166 2506 3236 grcgis
2533 3164 2755 3220 Christi.
2803 3163 3012 3219 Gaudet
3058 3177 3154 3233 per
3200 3162 3340 3225 illas,
3389 3170 3550 3232 atque
3593 3163 3646 3216 in
3695 3163 3808 3219 illis

2219 3255 2440 3324 largiter
2487 3254 2641 3310 ﬂoret
2685 3253 2936 3308 Ecclesiae
2987 3255 3175 3307 matris
3203 3252 3431 3323 gloriosa
3464 3251 3803 3316 fecunditas;

2219 3357 2529 3416 quantoque
2556 3347 2674 3415 plus
2699 3346 2912 3416 cepiosa
2939 3345 3217 3414 virginitas
3246 3357 3469 3396 numero
3503 3358 3600 3395 suo
3625 3343 3804 3404 addit,

2218 3438 2468 3507 gaudium
2517 3438 2706 3491 matris
2732 3436 2989 3506 augescit.
3016 3435 3307 3506 Virginitas
3345 3434 3711 3488 sacratissima
3747 3436 3805 3489 in

2218 3543 2318 3582 suo
2345 3529 2511 3598 gradu
2543 3542 2709 3597 usque
2741 3528 2793 3581 in
2828 3526 3104 3595 sanguinis
3133 3525 3449 3580 effusionem
3480 3525 3806 3594 permansit,

2217 3619 2472 3688 quoniam
2506 3633 2603 3672 suo
2641 3617 2786 3671 illam
2831 3617 3089 3686 sanguine
3127 3616 3495 3684 subrigaverat
3522 3613 3804 3671 Christus.

2220 3707 2515 3761 lnardescit
2538 3706 2590 3760 in
2615 3705 2922 3760 caelestibus
2945 3705 3177 3769 animus,
3200 3703 3274 3756 nil
3302 3703 3353 3757 iu
3374 3703 3604 3758 terrenis
3633 3701 3805 3770 libet;

2217 3794 2461 3851 deforme
2509 3795 2837 3865 conspicitur
2883 3792 3142 3863 quidquid
3187 3793 3253 3847 de
3289 3800 3506 3845 terrena
3549 3790 3808 3858 placebat

2220 3885 2398 3955 specie
2465 3885 2590 3955 quia
2619 3883 2728 3939 sola
2759 3883 3008 3953 pretiosa:
3036 3881 3339 3950 margarita:
3382 3879 3602 3935 claritas
3632 3879 3809 3951 fulget

2222 3976 2275 4030 in
2315 3984 2521 4040 mente,
2552 3976 2616 4030 de
2643 3973 2794 4042 cujus
2824 3974 3109 4028 dilectione
3139 3985 3281 4029 recte
3319 3987 3417 4042 per
3451 3971 3804 4028 Salomonem

2221 4065 2416 4121 dicitur
2441 4084 2456 4121 :
2506 4064 2691 4120 Vattaa
2711 4074 2862 4119 estut
2901 4081 3041 4118 mors
3064 4064 3272 4118 dilectio
3295 4064 3470 4125 (Cant.
3499 4063 3640 4134 vin),
3673 4066 3804 4134 quia

2222 4155 2467 4210 videlicet
2516 4156 2657 4210 sicut
2704 4169 2850 4209 mors
2886 4154 3167 4219 interimit,
3199 4154 3277 4208 sic
3307 4154 3374 4209 ab
3403 4168 3588 4208 amore
3615 4170 3805 4210 rerum

2222 4245 2582 4316 corporalium
2631 4253 2846 4300 mterna:
2899 4247 3018 4299 vitae
3067 4245 3304 4300 charitas
3357 4246 3557 4300 occidit
3602 4261 3616 4299 :
3675 4263 3806 4302 nam

2221 4350 2379 4405 quem
2410 4333 2644 4405 perfecte
2683 4335 3044 4396 absorbuerit,
3080 4337 3145 4389 ad
3192 4344 3403 4389 terrena
3433 4335 3563 4390 foris
3592 4335 3808 4392 deside-

2221 4428 2303 4482 ria
2348 4426 2492 4481 velut
2533 4425 2896 4479 insensibilem
2950 4425 3140 4480 reddit.
3191 4424 3375 4493 Neque
3420 4426 3563 4480 enim
3611 4437 3811 4482 sancta

2224 4521 2339 4576 haec
2369 4517 2524 4587 cujus
2563 4517 2720 4572 hodie
2751 4516 2990 4571 natalitia
3021 4516 3373 4580 celebramus,
3408 4517 3540 4571 mori
3569 4530 3670 4586 pro
3698 4518 3814 4574 Do-

2221 4611 2367 4666 mino
2395 4609 2656 4678 potuisset
2687 4609 2740 4662 in
2779 4622 3026 4677 corpore,
3047 4608 3102 4682 _s.i
3129 4607 3280 4677 prius
3329 4622 3358 4660 a
3405 4607 3634 4662 terrenis
3661 4610 3811 4664 desi-

2221 4699 2384 4754 deriis
2417 4707 2625 4752 mortua
2659 4713 2763 4751 non
2795 4696 2984 4751 fuisset
3015 4678 3294 4786 iﬂiente.
3325 4695 3542 4751 Rectius
3571 4712 3812 4767 namque

2221 4789 2275 4843 in
2322 4788 2537 4844 virtutis
2566 4787 2799 4842 culmine
2835 4787 3045 4840 animus
3090 4785 3358 4840 tormenta
3401 4785 3539 4849 risit,
3578 4787 3812 4854 praemia

2219 4879 2468 4940 calcavit,
2507 4889 2632 4933 ante
2681 4887 2918 4932 armatos
2948 4891 3100 4946 reges
3125 4885 3177 4931 et
3203 4877 3459 4947 praesides
3489 4877 3648 4931 ducta
3696 4886 3814 4931 ste-

2217 4973 2319 5027 tit:
2352 4970 2580 5026 feriente
2631 4969 2921 5033 robustior,
2977 4967 3254 5035 judicante
3299 4965 3596 5020 sublimior.
3660 4964 3811 5032 Quid

2219 5065 2361 5119 inter
2393 5065 2509 5118 haec
2537 5077 2635 5118 nos
2664 5061 2872 5117 barbati
2917 5069 2970 5115 et
3017 5059 3217 5114 debiles
3257 5057 3509 5122 dicimus,
3544 5056 3669 5126 quia
3723 5056 3815 5111 ire

2219 5155 2286 5210 ad
2316 5168 2479 5225 regna
2508 5152 2748 5207 caelestia
2769 5150 2978 5226 puellas
3000 5163 3098 5218 per
3120 5147 3324 5202 ferrum
3352 5146 3594 5201 videmus
3619 5162 3633 5197 :
3664 5159 3818 5214 quos

2222 5244 2303 5298 ira
2329 5251 2567 5313 superat,
2600 5241 2850 5312 superbia
2880 5237 3052 5302 inflat,
3073 5237 3295 5292 ambitio
3320 5234 3616 5307 perturbat,
3649 5235 3818 5290 luxu-

2221 5335 2300 5389 ria
2347 5332 2692 5403 coinquinat?
2737 5318 2838 5399 Qui
2873 5332 2920 5385 si
2961 5329 3184 5400 adipisci
3217 5342 3378 5397 regna
3413 5325 3671 5381 ccelorum
3708 5341 3820 5395 per

2221 5422 2356 5479 bella
2380 5422 2814 5494 persecutionum
2844 5437 2948 5475 non
2977 5434 3284 5490 possumus,
3310 5418 3411 5471 hoc
3442 5415 3613 5485 ipsum
3643 5416 3818 5472 nobis

2224 5527 2378 5588 turpe
2417 5517 2487 5572 sit
2509 5515 2650 5586 quod
2679 5515 2928 5569 nolumus
2952 5513 3120 5568 Deum
3147 5511 3339 5566 saltem
3380 5524 3474 5578 per
3500 5520 3688 5577 pacem
3721 5523 3818 5562 se-

2222 5609 2332 5678 qui.
2359 5607 2496 5664 Eccc
2534 5607 2663 5663 nulli
2707 5615 2892 5662 nostro
2930 5614 3168 5674 tempore
3204 5603 3334 5657 dicit
3365 5601 3504 5656 Deus
3533 5614 3548 5652 :
3577 5599 3686 5654 Pro
3720 5616 3816 5653 me
