4040 6188
313 274 389 327 τε
1016 262 1021 263 ν
1231 257 1539 319 HOMILUE
1577 262 1664 316 ns
1697 257 1939 316 rasus
1979 255 2394 322 musarum,
2435 255 2583 314 ETC.
3505 256 3579 311 π

324 397 551 446 morere,
585 381 701 443 sed,
728 378 914 434 illicita
946 374 1318 431 tantummodo
1347 374 1400 428 in
1443 382 1495 428 te
1523 372 1787 431 desideria
1817 387 1908 427 oe-
1933 374 1984 433 Α
2008 378 2095 427 cta
2122 368 2438 438 spiritaliter
2465 368 2755 436 intellecta,
2784 385 2968 427 veram
2997 379 3195 427 nostra:
3220 370 3344 426 ﬁdei
3371 379 3427 426 et
3451 385 3585 440 ope-

323 478 457 532 cide.
481 474 585 540 Qui
612 486 745 541 ergo
770 471 825 524 in
855 483 990 539 pace
1015 466 1264 536 subigere
1305 465 1489 520 carnis
1516 463 1781 519 desideria
1809 476 1906 516 no-

324 570 531 630 lumus,
583 563 803 633 quando
858 556 1193 634 [quomodo]
1246 556 1304 610 in
1349 555 1490 611 bello
1539 569 1639 625 pro
1678 552 1907 609 Domino

322 658 495 731 ipnm
536 667 760 711 carnem
805 649 1097 706 dabimus?
1123 647 1235 703 lloe
1276 661 1407 717 ergo
1440 660 1540 718 pro
1578 655 1730 701 certo
1773 645 1911 700 sciat

284 807 293 816 ,
328 746 694 816 unusquisque
737 750 975 799 vestrum
1001 740 1146 812 quod
1187 739 1494 809 quicunque
1538 736 1628 791 hic
1653 750 1761 791 non
1795 733 1910 789 vult

328 838 379 891 in
406 852 467 893 se
492 832 812 903 crucifigere
855 838 913 886 et
954 829 1284 884 mortificare
1310 827 1492 881 carnis
1530 824 1819 887 desideria,
1853 824 1907 879 in

324 928 505 981 futuro
536 940 648 980 non
690 921 974 994 perveniet
1003 920 1187 989 utique
1217 919 1287 973 ad
1327 925 1531 973 aeterna
1554 916 1775 985 gaudia.
1804 914 1912 971 Sed

324 1014 450 1084 quia
480 1011 773 1084 prmsentia
798 1008 993 1079 gaudia
1028 1014 1326 1076 sequuntur
1350 1010 1611 1075 perpetua
1653 1003 1908 1066 lamenta,

329 1102 434 1166 hic,
464 1100 659 1155 fratres
683 1097 1008 1163 cbarissimi,
1041 1111 1237 1151 venant
1266 1094 1506 1151 hetitiam
1534 1092 1704 1162 fugite
1730 1092 1778 1149 si
1804 1092 1914 1147 illic

327 1191 460 1244 ﬂere
488 1187 813 1244 formidatis.
856 1185 1026 1241 Nemo
1052 1186 1252 1242 ctenim
1278 1193 1459 1254 potest
1478 1191 1536 1238 et
1563 1183 1653 1239 hic
1680 1182 1916 1252 gaudere

332 1296 452 1335 cum
475 1277 699 1343 saeculo,
728 1284 784 1332 et
812 1276 865 1330 in
893 1274 1073 1330 futuro
1091 1287 1322 1345 regnare
1343 1288 1473 1328 eum
1496 1270 1731 1327 Christo.
1758 1268 1916 1324 Tem-

328 1368 569 1439 poralem
608 1368 796 1437 itaque
833 1364 1077 1420 lmtitiam
1123 1362 1323 1418 fitixam
1361 1360 1694 1430 restringite,
1734 1359 1916 1415 carnis

334 1460 632 1528 voluptates
675 1456 952 1520 edomate;
999 1452 1258 1523 quidquid
1305 1451 1360 1506 in
1410 1458 1592 1505 mente
1636 1447 1918 1519 pueriliter

334 1548 628 1612 bilareseit,
660 1546 763 1601 hoc
788 1543 1081 1614 disciplinae
1103 1540 1360 1611 juvenilis
1386 1554 1615 1621 censura
1645 1546 1915 1602 coerceat,

2008 462 2234 517 rationis
2258 461 2455 516 sinceri
2465 470 2627 517 tatem
2652 460 2991 530 denuntiant,
3020 472 3079 519 et
3103 463 3372 533 quiomodo
3393 462 3588 521 domus

2007 550 2102 606 Dei
2128 550 2248 605 ﬁeri
2286 551 2580 619 possimus,
2618 553 2845 624 mystice
2886 553 3113 609 docent.
3131 551 3272 620 Quid
3306 566 3436 625 ergo
3473 552 3589 623 ipse

2008 640 2275 696 conditori
2316 639 2646 711 Redemptor
2694 649 2878 697 noster
2924 641 2995 699 de
3036 640 3444 698 constructione
3479 655 3593 698 sum

2008 731 2222 797 domus,
2259 743 2379 799 qua:
2406 744 2506 785 nos
2543 744 2751 794 sumus,
2781 730 2836 785 in
2858 744 2925 786 ea
2947 746 3070 801 qua:
3110 730 3266 788 nobis
3299 730 3461 787 modo
3504 746 3592 787 re-

2010 821 2177 878 citata
2202 831 2286 876 est
2311 820 2542 877 lectione
2563 821 2739 878 sancti
2767 822 3040 896 Evangdii
3078 822 3238 885 dicat.
3263 822 3548 879 audiamus
3573 838 3589 875 :

2011 909 2138 966 Non
2154 921 2256 976 est,
2290 910 2485 979 inquit,
2517 911 2675 964 arbor
2708 910 2843 965 bona
2870 928 2988 984 qua:
3024 912 3153 981 facit
3181 912 3383 982 fructus
3404 909 3592 976 malos,

2011 1015 2175 1071 neque
2192 999 2351 1055 arbor
2369 999 2513 1054 mala
2542 1000 2740 1070 faciens
2762 1001 2993 1073 {metum
3017 1003 3207 1057 bonum
3228 1000 3446 1076 (Matth.
3472 1000 3592 1075 vn).

2012 1088 2189 1144 Bonas
2212 1103 2343 1167 ergo
2364 1090 2594 1145 arbores
2621 1098 2677 1145 et
2714 1092 2885 1148 bonos
2917 1107 3103 1148 earum
3140 1091 3348 1150 fructus
3378 1094 3432 1149 in
3468 1109 3599 1150 con-

2013 1183 2367 1240 structionem
2411 1183 2527 1241 sive
2563 1182 2925 1239 ministerium
2962 1183 3045 1239 sui
3076 1183 3260 1254 templi
3289 1199 3386 1239 rex
3411 1192 3598 1240 noster

2013 1276 2248 1345 qumrit;
2297 1284 2356 1331 at
2394 1291 2523 1332 vero
2572 1275 2727 1331 malas
2770 1277 2980 1332 arboris
2999 1277 3090 1347 qui
3136 1277 3207 1333 sit
3255 1276 3406 1341 linis,
3455 1277 3601 1333 idem

2016 1364 2144 1419 alibi
2189 1364 2347 1419 docet
2369 1365 2592 1420 dicens:
2629 1363 2811 1420 Omnis
2844 1366 3002 1422 arbor
3028 1382 3147 1436 qua:
3189 1382 3295 1421 non
3330 1366 3458 1435 facit
3488 1367 3603 1438 {ru-

2017 1463 2155 1506 ctant
2172 1453 2363 1508 bonum
2384 1453 2650 1508 excidatur
2664 1464 2711 1508 et
2731 1455 2786 1509 in
2806 1455 2977 1525 ignem
2995 1456 3227 1511 mittetur
3245 1455 3460 1529 (Matth.
3479 1457 3598 1528 in);

2019 1540 2241 1597 arbores
2268 1557 2498 1612 namque
2525 1543 2795 1610 homines,
2837 1544 3046 1600 fructus
3077 1553 3257 1613 autem
3278 1555 3445 1616 opera
3469 1548 3604 1603 dicit

332 1646 393 1691 ut
418 1637 543 1690 dum
569 1644 762 1705 Sponte
789 1631 1102 1703 temporalia
1132 1630 1334 1702 fugitis,
1359 1637 1562 1685 aeterna
1586 1629 1781 1700 gaudia
1803 1629 1920 1683 sine
2021 1632 2280 1701 ipsorum.
2314 1632 2488 1689 Vultis
2516 1641 2698 1688 autem
2732 1648 2893 1689 nosse
2919 1635 3011 1703 qui
3049 1635 3160 1690 sint
3186 1636 3399 1691 arboris
3422 1637 3600 1700 bona‘,

336 1726 519 1782 labore
546 1725 776 1794 capiatis
800 1741 814 1777 :
835 1729 1125 1794 praestante
1152 1720 1585 1793 Dominomostro
1606 1719 1736 1778 Jesu
1759 1718 1918 1777 Chri-
1946 1705 1993 1764 Β
2020 1721 2111 1789 qui
2138 1719 2291 1774 malai
2315 1719 2562 1775 fructus?
2585 1720 2872 1791 Apostolus
2897 1722 2951 1779 id
2972 1722 3168 1778 docet:
3197 1722 3484 1792 Manifesta
3509 1739 3606 1779 au-

338 1829 439 1884 sto,
470 1819 565 1889 qui
592 1833 714 1873 cum
744 1818 904 1871 Patre
935 1824 991 1896 et
1020 1813 1223 1886 Spiritu
1248 1821 1434 1870 sancto
1464 1813 1599 1869 vivit
1627 1822 1682 1869 et
1725 1821 1916 1885 regnat

336 1910 477 1965 Deus
503 1925 605 1980 per
629 1908 809 1964 omnia
832 1906 1027 1963 secula
1052 1906 1393 1963 somniorum.
1420 1906 1611 1961 Amen.

849 2015 1132 2072 HOMILIA
1168 2014 1412 2070 XXXIX.

781 2102 834 2141 ΙΝ
870 2101 1224 2145 υευιεΔτιοκε
1264 2101 1459 2140 TEIPLI

406 2176 648 2246 Propitia
677 2175 958 2232 divinitate
981 2176 1369 2247 omnipotentis
1412 2172 1529 2240 Dei,
1552 2182 1614 2231 ct
1649 2183 1921 2230 annuente

341 2269 458 2340 ejus
483 2269 791 2333 clementia,
830 2267 969 2326 bene
991 2266 1317 2323 convenistis
1358 2266 1536 2331 hodie,
1566 2265 1764 2321 fratres
1793 2266 1922 2322 cha-

344 2363 563 2428 tissimi,
611 2370 670 2416 ut
713 2359 825 2416 Deo
857 2361 1075 2416 domum
1115 2360 1507 2426 dedicaremus,
1541 2359 1657 2429 ipso
1697 2357 1924 2428 iubente

349 2470 412 2510 ac
438 2454 657 2508 dicente
696 2469 714 2505 :
759 2449 945 2505 Facite
975 2451 1102 2506 milii
1148 2451 1594 2516 sanctaarium,et
1610 2450 1853 2508 habitabo
1868 2449 1926 2504 in

348 2547 514 2603 medio
540 2544 719 2609 vestri,
742 2543 869 2597 dicit
905 2541 1162 2597 Dominus
1178 2543 1309 2598 Deus
1330 2536 1797 2607 (Exod.xxv).Sed
1822 2541 1926 2596 hoc

348 2648 477 2695 tunc
502 2636 665 2707 digne
687 2636 918 2691 facimus
944 2635 990 2690 si
1014 2634 1119 2706 ipsi
1145 2634 1242 2689 Dei
1271 2633 1526 2704 templum
1556 2632 1673 2687 fleri
1700 2639 1927 2687 conten-

354 2729 546 2794 dimus,
579 2728 627 2782 si
660 2727 940 2782 studemus
965 2738 1260 2796 congruere
1287 2722 1616 2780 solemnitati
1641 2736 1804 2793 quam
1830 2736 1927 2776 co-

2018 1818 2125 1866 tem
2152 1820 2272 1863 sunt
2315 1826 2470 1880 opera
2513 1811 2710 1875 carnis,
2734 1827 2852 1882 qua:
2876 1822 2997 1866 sunt
3037 1812 3337 1881 fornicatio,
3376 1813 3607 1869 immun-

2015 1900 2172 1964 ditia,
2193 1898 2428 1967 lunaria,
2450 1900 2712 1956 idolorum
2729 1903 2974 1969 servitus,
2997 1904 3266 1974 veneﬁcia,
3290 1905 3603 1972 inimicitias,

2017 1991 2392 2057 contentiones,
2438 1993 2832 2061 (translationes,
2869 1996 2988 2062 iraa,
3038 1997 3190 2062 riam,
3233 1998 3606 2064 dissensiones,

2019 2083 2265 2149 hmreses,
2284 2083 2515 2148 inuidia,
2547 2084 2854 2152 homicidia,
2881 2087 3157 2143 ebrietates
3170 2133 3183 2151 ,
3199 2089 3607 2145 comessationes

2019 2180 2069 2226 et
2103 2171 2185 2226 Itis
2220 2171 2417 2227 similia
2455 2171 2597 2245 (Gal.
2631 2172 2706 2245 v).
2751 2174 2846 2231 Vis
2887 2176 3075 2233 audire
3109 2192 3181 2232 an
3233 2179 3456 2236 arbores
3485 2195 3608 2250 qua:

2022 2262 2123 2319 bos
2148 2262 2355 2318 fruetus
2383 2262 2589 2320 faciunt
2613 2266 2680 2320 ad
2705 2267 2893 2322 aeterni
2922 2268 3065 2340 regis
3100 2271 3358 2340 templum
3386 2272 3610 2330 caeleste

2022 2353 2365 2417 pertineant?
2408 2353 2683 2426 subiungit
2713 2354 3003 2426 Apostolus
3033 2358 3217 2414 dicens
3252 2377 3265 2414 :
3306 2358 3438 2427 Quae
3471 2377 3611 2432 pra:-

2023 2443 2144 2499 dico
2166 2444 2305 2499 vobis
2340 2444 2476 2499 sicut
2507 2444 2750 2515 pradixi,
2772 2446 3020 2517 quoidam
3043 2448 3137 2519 qui
3173 2447 3303 2505 talia
3323 2459 3504 2521 agunt,
3531 2467 3616 2507 re-

2023 2550 2187 2605 gnum
2226 2533 2326 2588 Dei
2370 2551 2475 2589 non
2519 2544 2897 2606 consequentur
2933 2535 3146 2609 (Ibid.).
3193 2538 3358 2595 Bouzr
3396 2555 3615 2614 quoque

2028 2625 2243 2681 arboris
2287 2624 2498 2682 fructus
2542 2627 2935 2696 subsequenter
2975 2640 3281 2698 enumerat,
3320 2647 3446 2688 cum
3491 2634 3611 2690 ait:

2029 2711 2260 2768 Fructus
2296 2723 2471 2769 autem
2513 2714 2728 2785 spiritus
2753 2725 2830 2771 est
2868 2717 3118 2787 citaritas,
3161 2720 3436 2792 gaudium,
3483 2740 3611 2795 pax,

350 2820 537 2886 limus;
561 2830 622 2873 ut
666 2820 807 2874 sicut
847 2816 1056 2873 ornatis
1094 2815 1389 2872 studiosius
1413 2812 1653 2882 ejusdem
1687 2810 1932 2868 ecclesia:

2030 2803 2305 2874 patientia,
2334 2804 2560 2871 bonitas,
2583 2805 2893 2877 benignitas,
2911 2807 3064 2878 ﬁdes,
3098 2812 3465 2880 mansuetudo,
3495 2830 3622 2869 con-

351 2912 669 2982 parietibus,
717 2910 959 2981 pluribus
1001 2909 1244 2964 accensis
1287 2906 1662 2973 luminaribus,
1705 2905 1933 2962 diversis
2032 2893 2252 2948 εὲηεηῑὶα
2279 2893 2503 2967 (Ibid-)i
2533 2895 2623 2965 (illi
2649 2896 2906 2952 nimirum
2929 2896 3157 2966 fructus,
3179 2916 3300 2956 cum
3331 2902 3618 2961 arboribus

353 3020 447 3075 per
471 3002 694 3057 litanias
715 3009 767 3056 et
797 3015 1006 3071 preces,
1039 3013 1136 3070 per
1162 2998 1420 3054 lectiones
1445 3006 1501 3054 et
1527 2996 1762 3064 cantica,
1787 2996 1934 3052 exci—
1971 3068 2004 3075 _
2035 2996 2068 3037 θ
2089 2982 2285 3075 Willis
2328 2985 2647 3055 Ρτοεθάυηιν
2673 2984 2729 3042 ει
2767 2986 2856 3043 ιιίο
2883 2989 2951 3043 ad
2992 2989 3211 3047 domum
3242 2991 3384 3057 ﬁdei.
3417 3001 3475 3049 et
3505 2993 3618 3051 illic

354 3068 476 3148 imis
507 3092 759 3155 vocibus,
786 3068 898 3145 beo
921 3068 1157 3143 alant—lem
1198 3103 1390 3159 parare
1435 3088 1790 3160 satagerimus
1816 3103 1831 3139 :
1858 3086 1936 3141 ita
1960 3068 2007 3131 C
2035 3074 2105 3127 ad
2135 3073 2522 3131 habitationem
2545 3090 2793 3146 superna:
2817 3078 3169 3136 beatitudinis
3193 3083 3460 3139 veraciter
3493 3099 3623 3156 per-

356 3184 514 3239 etiam
554 3181 858 3254 penetralia
883 3182 1127 3237 cordium
1154 3192 1462 3237 nostrorum
1500 3194 1715 3250 semper
1747 3192 1936 3235 neces-

354 3274 512 3329 sariis
548 3274 817 3328 bonorum
854 3287 1081 3342 operum
1113 3272 1430 3326 decoremus
1457 3270 1757 3336 ornatibus,
1794 3282 1938 3326 sem-

356 3379 448 3433 per
474 3365 529 3418 in
571 3365 730 3419 nobis
754 3361 970 3417 ﬂamma
999 3363 1194 3418 divina:
1224 3362 1429 3434 pariter
1451 3371 1507 3416 et
1527 3360 1785 3417 fraterna:
1814 3362 1939 3417 cha-

361 3452 530 3507 ritatis
558 3461 838 3522 augescat,
883 3465 1095 3522 semper
1139 3451 1195 3506 in
1231 3450 1525 3507 secretario
1560 3450 1799 3521 pectoris
1840 3464 1939 3504 no-

361 3542 452 3596 stri
482 3542 790 3597 ctelestium
830 3542 1086 3597 memoria
1124 3549 1513 3612 praeceptorum
1534 3547 1590 3596 et
1616 3538 1939 3611 evangelium

361 3630 687 3686 laudationis
733 3630 959 3686 dulcedo
1005 3640 1189 3686 sancta
1235 3639 1466 3686 resonet.
1515 3629 1585 3685 Ili
1625 3639 1751 3685 sunt
1793 3629 1940 3685 enim

360 3718 564 3776 fructus
590 3720 750 3775 honre
774 3720 1003 3786 arboris,
1029 3720 1117 3775 hic
1136 3720 1263 3775 boni
1291 3720 1575 3776 thesaurus
1603 3719 1801 3785 cordis,
1823 3719 1942 3774 hmc

364 3808 713 3863 fundamenta
736 3809 993 3879 sapientis
1018 3806 1320 3876 architecti,
1350 3825 1470 3880 qua:
1498 3809 1654 3866 nobis
1680 3809 1941 3865 hodierna

366 3899 531 3952 sancti
554 3896 836 3969 Evangelii
865 3897 1023 3953 lectio
1044 3898 1404 3953 commendat.
1440 3897 1558 3952 Non
1584 3913 1687 3954 nos
1709 3898 1940 3954 formam

367 3988 718 4055 solummodo,
763 3990 858 4045 sed
908 3990 1161 4045 virtutem
1207 3990 1385 4060 potius
1438 3990 1696 4045 debemus
1742 3988 1943 4045 habere

368 4079 601 4148 pietatis,
632 4079 778 4148 quod
799 4079 962 4134 etiam
986 4079 1210 4151 mystica
1243 4078 1451 4135 Veteris
1476 4080 1822 4136 lnstrumenti
1846 4095 1944 4137 n0-

367 4169 448 4224 bis
494 4170 722 4225 historia
748 4169 1032 4240 diligenter
1071 4170 1336 4235 insinuat,
1364 4169 1579 4240 quando
1604 4170 1689 4225 vel
1735 4169 1945 4242 Moyses

369 4261 773 4316 tabernaculum
801 4261 996 4332 (Exod.
1031 4260 1146 4333 ιι),
1190 4262 1273 4318 vel
1300 4262 1555 4333 templum
1591 4262 1817 4318 Domino
1846 4263 1946 4317 Sa-

370 4348 540 4405 lomon
571 4351 627 4405 in
656 4357 859 4406 sancta:
886 4350 1139 4423 Ecclesia:
1166 4361 1346 4426 typum
1385 4353 1625 4408 condidit
1650 4351 1770 4423 (III
1816 4351 1941 4423 Reg.

370 4441 480 4512 vni)
512 4441 528 4495 ἑ
554 4451 785 4512 utraque
816 4443 961 4497 enim
984 4421 1431 4497 demuthirmiter
1459 4421 1679 4498 fundata
1706 4457 1827 4497 esse
1853 4421 1944 4497 re-
1969 4421 2022 4480 Ῑ)

370 4528 557 4596 fertur,
586 4538 641 4585 et
665 4531 848 4585 omnia
877 4531 1230 4587 instrumenta
1258 4547 1377 4602 qua:
1402 4532 1477 4586 ibi
1507 4532 1740 4598 inerant,
1778 4532 1830 4587 id
1862 4542 1948 4588 cst

370 4617 569 4689 lapides
603 4620 851 4689 pretiosi,
899 4634 967 4674 ex
996 4620 1191 4690 quibus
1236 4620 1495 4690 templum
1536 4628 1654 4674 erat
1696 4628 1944 4676 constru-

371 4719 544 4774 ctum;
578 4710 725 4781 ligna
768 4710 1137 4780 imputribilia,
1169 4726 1200 4766 e
1225 4711 1420 4780 quibus
1444 4725 1604 4766 omne
1633 4712 1945 4768 tabernam:-

371 4800 477 4856 lum
504 4802 729 4868 factum,
759 4813 815 4858 et
843 4804 1095 4875 templum
1141 4800 1285 4860 intus
1324 4815 1596 4874 ornatum,
1626 4823 1689 4861 ac
1717 4810 1946 4879 desuper

371 4900 566 4947 tectum
612 4893 881 4965 fulgebat;
924 4910 1137 4961 aurum,
1166 4897 1232 4951 de
1275 4912 1380 4966 quo
1408 4907 1462 4951 et
1490 4898 1816 4953 tabernaculi
1847 4916 1942 4970 pa-

369 4984 532 5039 rietes
577 4985 728 5040 intus
772 5001 840 5040 ac
862 4984 996 5040 foris
1030 4986 1235 5051 vestiti,
1283 4996 1337 5042 et
1379 4988 1559 5058 templi
1590 5006 1694 5043 non
1738 5000 1944 5044 tantum

365 5077 622 5143 parietes,
652 5090 841 5133 verum
862 5078 1022 5130 etiam
1047 5076 1340 5146 laquearia,
1366 5080 1566 5145 trabes,
1585 5080 1743 5143 ostia,
1768 5091 1949 5150 postes

365 5177 421 5220 et
440 5170 747 5237 pavimenta
766 5178 924 5223 erant
941 5176 1227 5239 cooperta;
1252 5170 1345 5223 sed
1367 5180 1421 5223 ct
1444 5185 1570 5224 vasa
1593 5169 1673 5223 vel
1699 5171 1946 5225 utensilia

362 5260 553 5316 «inimus
572 5261 879 5330 utriusque,
908 5270 1100 5315 cuncta
1115 5276 1252 5331 pene
1273 5277 1432 5314 aurea
1459 5262 1600 5316 etde
1622 5278 1752 5317 auro
1774 5262 1947 5331 puris-

360 5350 504 5404 simo
524 5350 668 5405 facta
703 5349 947 5416 fuerant;
977 5350 1182 5406 fructus
1203 5352 1365 5406 etiam
1391 5354 1643 5407 arborum
1665 5352 1754 5423 qui
1780 5352 1831 5405 in
1854 5353 1949 5407 do-

362 5456 512 5493 mum
538 5440 755 5495 Domini
774 5439 1159 5507 offerebantur,
1185 5442 1457 5511 purissimi
1477 5452 1531 5495 et
1551 5442 1801 5512 exquisiti
1830 5457 1950 5496 esse

349 5529 706 5597 jubebantur,
747 5532 853 5587 hoc
877 5543 962 5587 est
991 5533 1138 5597 vitis,
1165 5534 1341 5600 olivte,
1372 5534 1568 5602 thuris,
1598 5536 1830 5607 myrrha:
1865 5537 1949 5591 vel

346 5621 570 5687 stactis,
596 5631 653 5678 et
688 5631 1011 5678 exterarum
1039 5622 1373 5692 hujusmodi;
1407 5625 1520 5682 lucc
1547 5627 1797 5682 videlicet
1819 5644 1949 5683 cun-

690 5715 972 5776 Parant.
1019 5713 1150 5779 CX.

2038 3164 2231 3219 tinent.
2260 3164 2599 3236 Quapropter
2625 3181 2866 3233 oremus,
2901 3168 3098 3227 fratres
3125 3170 3479 3241 dilectissimi,
3503 3190 3622 3231 omo

2037 3254 2188 3309 nium
2214 3255 2479 3310 bonorum
2509 3264 2786 3313 auctorem
2820 3265 2877 3314 et
2903 3259 3167 3329 datorem,
3204 3261 3375 3318 Deum
3402 3262 3622 3322 Patrem

2036 3347 2479 3417 omnipotentem,
2529 3357 2596 3403 ut'
2640 3365 2740 3406 nos
2780 3365 2881 3422 per
2905 3352 3159 3409 virtutem
3200 3363 3256 3410 et
3302 3357 3621 3427 sapientiam

2038 3452 2192 3492 suam
2219 3436 2443 3493 arbores
2477 3437 2648 3496 bonas
2672 3440 2884 3510 efﬁciat,
2922 3451 2979 3499 et
3016 3445 3086 3500 ad
3118 3446 3402 3505 aediﬁcium
3429 3450 3624 3508 domus

2039 3543 2150 3584 sua:
2189 3527 2508 3584 habitabiles
2546 3530 2731 3597 faciat,
2777 3540 2834 3588 et
2875 3549 3038 3603 super
3075 3536 3244 3606 ipsam
3273 3548 3505 3607 petram,
3554 3542 3627 3598 de

2038 3635 2146 3689 qua
2180 3619 2472 3707 qustolus
2513 3622 2672 3676 dicit:
2724 3620 2886 3676 Petra
2928 3633 3103 3678 autem
3139 3636 3251 3680 erat
3295 3626 3536 3684 Christus
3566 3631 3623 3703 (Ι

2040 3709 2163 3766 Cor.
2188 3708 2268 3782 ι),
2298 3726 2398 3765 nos
2432 3708 2658 3766 fundare
2697 3726 2763 3766 ac
2804 3711 3070 3770 collocare
3100 3716 3385 3789 dignetur:
3413 3730 3468 3776 et
3491 3736 3626 3778 eon-

2040 3809 2124 3856 tra
2146 3800 2554 3856 inundationem
2578 3801 2784 3857 variam
2822 3806 3259 3873 persecutionum
3287 3809 3465 3867 afﬂatu
3503 3813 3627 3884 Spi-

2040 3890 2180 3946 ritus
2207 3890 2291 3946 sui
2316 3906 2418 3948 nos
2441 3900 2708 3964 protegat,
2759 3902 2815 3950 et
2848 3895 3044 3954 illaesos
3072 3899 3189 3956 sine
3227 3904 3434 3972 peccati
3466 3907 3625 3963 ruina

2026 3980 2100 4037 'in
2132 3991 2394 4038 aeternum
2428 3984 2715 4051 custodiat,
2746 3995 2907 4056 atque
2932 3988 3002 4042 ad
3027 3990 3301 4047 caelestem
3324 3992 3626 4052 Jerusalem

2042 4086 2142 4127 nos
2168 4072 2450 4137 coadunet,
2483 4090 2741 4146 suamque
2762 4076 3147 4134 habitationem
3173 4098 3465 4153 perennem
3493 4103 3625 4144 con-

2043 4171 2240 4229 secret,
2267 4163 2359 4232 qui
2388 4163 2522 4218 vivit
2562 4174 2619 4220 et
2656 4174 2847 4237 regnat
2870 4169 3198 4224 :eternaliter
3233 4187 3298 4228 ac
3340 4185 3627 4245 perpetua.

2044 4251 2167 4307 liter
2207 4252 2262 4307 in
2293 4253 2533 4310 trinitate
2560 4265 2618 4311 et
2650 4256 2852 4313 unitate
2887 4259 3148 4332 perfecta,
3181 4262 3342 4330 Deus,
3383 4280 3480 4336 per
3506 4283 3623 4323 om-

2046 4342 2139 4397 nia
2168 4343 2361 4400 smcula
2387 4345 2727 4405 sazculorum.
2755 4347 2943 4403 Amen.

2612 4486 2893 4543 BOMILIA
2943 4489 3053 4546 XL.

2046 4589 2100 4628 IN
2149 4590 2533 4632 LNMVERSARIA
2587 4592 2943 4636 FESTIVITATE
2990 4599 3362 4645 DEDICATIONIS
3406 4605 3623 4649 TEIIPLI.

2476 4688 2841 4761 (Evangelium
2869 4692 3091 4749 Joannis
3120 4693 3199 4768 χ.)

2116 4798 2195 4854 Ex
2237 4802 2558 4857 auctoritate
2595 4801 2839 4859 lectionis
2879 4809 3218 4877 evangelicze,
3259 4810 3459 4869 fratres
3500 4814 3630 4870 cha-

2048 4890 2271 4957 rissimi,
2294 4892 2582 4946 edocemur
2601 4892 2759 4962 hujus
2786 4894 2909 4951 festi
2938 4897 3137 4954 habere
3157 4906 3628 4962 commemoratio-

2047 4999 2192 5049 nem,
2224 4983 2315 5038 ubi
2343 4984 2539 5056 legitur
2559 4987 2699 5055 quod
2726 4985 2865 5042 facta
2895 4990 3004 5044 sint
3026 4989 3411 5064 Hierosolymis
3434 4995 3625 5052 Enetu-

2048 5076 2160 5141 nia,
2191 5085 2247 5132 et
2275 5075 2431 5133 Jesus
2476 5080 2889 5148 prmsentialiter
2916 5097 2982 5136 eo
3013 5094 3257 5153 tempore
3300 5087 3374 5142 ibi
3415 5066 3629 5143 adesset

2049 5167 2230 5239 (Joan.
2256 5169 2332 5240 κ).
2361 5169 2610 5225 Ειιοωηίει
2633 5179 2812 5226 autem
2837 5171 3171 5228 vocabantur
3194 5175 3457 5231 solemnia
3480 5176 3629 5231 dedi-

2048 5262 2274 5315 cationis
2297 5263 2499 5331 templi,
2523 5278 2643 5333 qua:
2669 5264 2897 5333 populus
2921 5264 3039 5331 Dei,
3069 5281 3136 5321 ex
3166 5268 3385 5338 antiqua
3410 5276 3627 5337 patrum

2048 5350 2355 5417 traditione,
2389 5367 2487 5420 per
2519 5367 2688 5408 annos
2730 5353 2969 5426 singulos
3011 5355 3285 5411 celebrare
3328 5371 3628 5412 consueve-

2050 5452 2135 5497 rat
2164 5461 2176 5497 :
2210 5460 2438 5512 quorum
2486 5444 2711 5515 vestigia
2740 5462 2838 5501 nos
2878 5446 3039 5501 hodie
3063 5445 3214 5515 juxta
3240 5442 3443 5501 morem
3471 5446 3631 5503 Chri-

2050 5532 2212 5587 stiani
2240 5531 2388 5588 orbis
2414 5543 2722 5604 sequentes,
2749 5550 2982 5589 annuam
3010 5534 3361 5590 dedicationis
3387 5534 3631 5591 ecclesia:

2052 5632 2249 5678 nostrae
2290 5624 2430 5679 dicm
2472 5625 2667 5679 divinis
2694 5624 2939 5681 laudibus
2984 5633 3041 5679 et
3085 5623 3282 5692 vigiliis
3326 5624 3631 5685 studuimus
