4040 6188
360 306 428 362 73
1014 300 1076 355 Β.
1118 295 1375 354 RABANI
1414 291 1639 352 MAURI
1676 290 2000 348 ARCHIEP.
2045 288 2350 347 MOGUNT.
2396 287 2683 346 OPERUM
2723 287 2903 345 PARS
2938 287 3003 344 ll.
3588 289 3659 341 78

352 433 522 489 augere
556 414 855 473 solemnem
879 431 894 467 :
920 419 980 469 et
1004 411 1148 467 hanc
1177 409 1340 466 nobis
1368 406 1715 464 festivitatem
1746 418 1813 460 eo
1839 418 1952 458 ma-
1982 406 2030 465 Α
2057 419 2117 458 se
2157 402 2528 472 unusquisque
2576 401 2792 457 invidia:
2830 400 2913 456 vel
2955 400 3067 457 odii
3102 413 3308 457 veneno
3338 415 3657 470 percussus,

350 511 480 583 jure
508 508 792 566 devotione
830 504 1107 561 celebrare
1136 509 1370 571 oportet,
1400 514 1507 568 quo
1532 497 1696 552 etiam
1719 494 1955 552 Redeat;-

359 601 505 673 ptori
552 607 739 656 nostro
773 595 1143 668 gratissimum
1197 606 1316 646 esse
1362 588 1753 661 cognovimus;
1820 585 1958 640 adeo

360 694 505 750 utin
531 693 621 748 illa
658 691 773 760 ipse
809 686 1069 757 templum
1100 684 1308 754 ingredi
1339 692 1396 738 ct
1433 694 1738 738 sermonem
1778 677 1958 734 facere

362 785 431 841 ad
454 783 734 854 populum,
778 794 842 835 ac
889 776 1189 833 divinitatis
1217 789 1329 829 sua:
1353 780 1693 829 sacramenta
1718 769 1958 840 pandere

363 880 613 950 dignatus
638 874 729 929 sit.
760 869 929 925 Facta
956 878 1102 933 sunt,
1129 866 1326 936 inquit,
1350 863 1605 919 Eucwnia
1629 862 1685 916 in
1711 859 1959 914 Hieroso-

360 968 539 1041 lymis,
565 975 614 1019 et
640 964 804 1017 hiems
829 970 966 1027 erat,
991 969 1039 1014 et
1079 957 1383 1013 ambulabat
1408 957 1565 1012 Iesus
1595 956 1653 1009 in
1673 952 1863 1023 ternplo
1900 951 1957 1005 in

360 1058 569 1130 porticu
609 1053 928 1110 Salomonis.
965 1049 1025 1105 Si
1064 1064 1194 1121 ergo
1222 1047 1394 1103 voluit
1418 1046 1698 1101 ambulare
1729 1045 1784 1098 in
1821 1054 1957 1097 tem-

361 1150 471 1219 plo,
494 1149 549 1201 in
573 1161 684 1216 quo
707 1157 839 1199 care
859 1150 916 1197 et
934 1141 1156 1212 sanguis
1182 1141 1465 1194 brutorum
1490 1134 1803 1210 animalium
1824 1131 1958 1188 olfe-

348 1236 808 1301 rebantur,multo
836 1234 1008 1305 magis
1043 1241 1286 1288 nostram
1309 1229 1575 1285 orationis
1603 1228 1842 1290 domum,
1866 1224 1957 1280 ubi

360 1332 546 1386 carnis
581 1329 749 1399 ipsius
788 1342 853 1382 ac
895 1323 1171 1395 sanguinis
1201 1328 1542 1378 sacramenta
1588 1316 1956 1380 celebrantur,

362 1423 587 1477 visitare
615 1417 887 1491 gaudebit.
918 1414 973 1471 Si
997 1411 1379 1486 perambulare
1396 1426 1501 1465 non
1527 1407 1772 1478 despexit
1793 1404 1950 1477 porti-

347 1533 514 1581 ⁸θειιιιι,
530 1516 583 1569 in
602 1529 710 1584 qua
736 1526 829 1567 rex
849 1509 1121 1580 quondam
1144 1494 1389 1563 mortalis
1413 1518 1476 1557 ac
1492 1511 1760 1565 terrenus,
1774 1512 1959 1569 quam-

364 1607 445 1661 vis
466 1602 893 1676 polentissimus,
910 1615 975 1654 ac
993 1597 1427 1668 sapientissimus
1448 1594 1515 1649 ad
1534 1592 1796 1648 orandum
1814 1598 1959 1644 stare

365 1697 590 1760 solebat,
622 1700 827 1763 quanto
851 1690 1024 1761 magis
1051 1687 1348 1759 penetralia
1377 1684 1621 1741 cordium
1647 1689 1957 1737 nostrorum

2059 494 2353 550 iracundia:
2383 509 2591 550 veneno
2631 493 2889 565 repletus,
2919 492 3162 547 avaritim
3182 490 3381 561 iaculis
3403 493 3661 549 vulnera-

2062 600 2167 655 tus,
2199 588 2530 645 ebriositatis
2563 588 2695 643 vitio
2727 587 2984 658 pollutus,
3030 587 3255 641 luxurim
3282 588 3535 643 sordibus
3565 605 3656 644 tn-

2055 682 2333 753 quinatus,
2375 697 2499 737 cum
2538 680 2840 737 reverentia
2868 689 2924 735 et
2958 679 3265 734 humilitate
3306 679 3659 747 subtrahere,

2056 788 2127 830 ne
2183 781 2406 844 propter
2472 770 2947 842 praasumptionem
3002 784 3067 825 ac
3136 771 3495 840 pertinaciam
3522 813 3538 836 ,
3589 774 3660 827 ab

2055 871 2259 919 aeterno
2298 862 2397 918 Dei
2439 862 2688 919 convivio
2724 870 2780 917 et
2817 869 3131 917 sanctorum
3161 864 3432 918 consortio
3457 879 3659 933 seque-

2058 963 2285 1022 stratus,
2320 955 2503 1023 ligatis
2530 954 2781 1009 manibus
2803 961 2857 1008 et
2900 953 3129 1024 pedibus
3165 953 3219 1008 in
3243 963 3504 1009 aeternum
3529 972 3659 1025 pro-

2051 1043 2277 1115 jiciatur
2309 1045 2659 1100 incendium:
2687 1044 2782 1099 sed
2811 1044 2986 1113 magis
3023 1044 3239 1099 studeat
3264 1055 3324 1098 ut
3351 1060 3451 1115 per
3478 1048 3660 1116 paeni-

2058 1137 2281 1192 tentiam
2312 1147 2368 1192 et
2393 1137 2789 1208 eleemosynas,
2815 1150 2913 1207 per
2939 1150 3129 1207 pacem
3154 1145 3209 1190 et
3238 1138 3655 1204 continentiam,

2058 1228 2273 1283 sobrius
2296 1238 2354 1283 et
2374 1230 2609 1283 mundus
2635 1227 2829 1294 factus,
2858 1229 2947 1284 hic
2974 1228 3295 1283 liducialiter
3314 1229 3381 1284 ad
3408 1245 3657 1286 mensam

2058 1318 2272 1374 Domini
2308 1319 2569 1375 accedere
2600 1319 2786 1390 possit,
2827 1327 2882 1374 et
2924 1320 2978 1374 in
3012 1318 3194 1374 futuro
3227 1319 3293 1375 ad
3339 1331 3655 1377 sanctorum

2059 1410 2375 1480 angelorum
2408 1418 2463 1466 ct
2487 1410 2876 1482 apostolorum,
2920 1412 3303 1482 prophetarum
3349 1424 3405 1468 ct
3443 1424 3655 1486 marty-

2061 1517 2201 1569 rum,
2225 1511 2280 1558 el
2305 1511 2627 1558 cmterorum
2647 1500 2924 1571 iustorum
2946 1503 3285 1570 societatem,
3316 1505 3657 1561 laetabundus

2060 1593 2346 1662 pervenire
2378 1610 2393 1647 :
2427 1595 2572 1662 quod
2612 1594 2770 1649 nobis
2809 1609 2905 1650 sua
2950 1595 3124 1666 gratia
3164 1605 3421 1666 praestare
3458 1597 3658 1667 digne-

2059 1690 2152 1735 tur
2189 1681 2520 1752 Redemptor
2557 1690 2613 1738 et
2661 1682 2909 1739 Salvator
2946 1692 3132 1739 noster
3177 1683 3337 1741 Iesus
3380 1685 3652 1752 Christus,

352 1789 599 1843 imisue
623 1792 783 1855 atque
803 1782 1073 1837 illustrare
1094 1778 1366 1835 desiderat
1389 1795 1401 1807 ·
1426 1776 1473 1831 si
1496 1784 1676 1831 tamen
1700 1787 1764 1828 ea
1791 1770 1962 1842 porti-
1987 1772 2036 1832 B
2064 1772 2156 1843 qui
2181 1788 2304 1828 cum
2331 1772 2494 1828 Patre
2518 1781 2573 1828 et
2600 1773 2804 1846 Spiritu
2836 1785 3025 1831 sancto
3052 1777 3185 1833 vivit
3211 1786 3269 1833 ct
3296 1787 3484 1850 regnat
3510 1779 3656 1835 Deus

350 1894 488 1934 [cum
522 1891 644 1933 esse
677 1870 1006 1937 Salomonis,
1037 1872 1139 1925 hoc
1172 1878 1278 1935 est,
1307 1868 1354 1924 si
1389 1881 1455 1923 ea
1489 1866 1739 1921 timorem
1767 1875 1948 1926 suum,

364 1970 508 2041 quod
524 1977 610 2023 est
622 1966 833 2021 initium
854 1962 1150 2033 sapientiae,
1166 1960 1366 2015 habere
1384 1956 1753 2031 perspexerit:
1779 1967 1954 2025 neque

364 2063 509 2119 enim
538 2057 837 2130 putandum
882 2063 967 2110 est
1007 2055 1132 2123 quia
1163 2052 1354 2107 domus
1383 2047 1722 2105 solummodo
1760 2046 1815 2100 in
1845 2058 1953 2116 qua

356 2150 723 2210 adorandum
742 2147 826 2203 vel
855 2148 922 2201 ad
950 2143 1207 2216 mysteria
1234 2141 1555 2197 celebranda
1577 2137 1951 2199 convenimus,

364 2243 623 2314 templum
672 2239 744 2294 sit
787 2236 1033 2302 Domini;
1077 2243 1132 2289 et
1168 2248 1275 2288 non
1322 2232 1446 2303 ipsi,
1496 2231 1588 2301 qui
1636 2231 1689 2284 in
1735 2226 1955 2283 nomine

364 2333 580 2391 Domini
624 2329 998 2393 convenimus,
1048 2324 1218 2380 multo
1259 2323 1489 2395 amplius
1533 2319 1792 2390 templum
1838 2318 1955 2386 ejus

364 2425 700 2499 appellemur
719 2430 776 2477 et
796 2421 995 2485 simus;
1020 2433 1143 2474 eum
1166 2415 1451 2472 manifeste
1468 2414 1611 2470 dicat
1632 2410 1949 2482 Apostolus:

366 2517 481 2573 ’νοτ
500 2516 624 2572 estis
644 2512 891 2583 templum
918 2510 1014 2565 Dei
1037 2509 1133 2563 vivi
1158 2506 1233 2579 (ιι
1249 2504 1371 2562 Cor.
1387 2504 1496 2576 vt);
1519 2504 1659 2560 sicut
1683 2502 1817 2558 dicit
1847 2501 1955 2555 Do-

365 2608 585 2665 minus:
624 2598 938 2657 Inhabitabo
966 2599 1022 2651 in
1046 2597 1122 2651 eis
1142 2610 1196 2650 er
1234 2597 1372 2650 inter
1401 2592 1522 2648 illos
1562 2586 1970 2660 ambulabo(Lc-

358 2692 719 2762 uit.xxvi).Si
756 2704 888 2761 ergo
921 2687 1179 2758 templum
1220 2686 1316 2740 Dei
1352 2699 1559 2748 sumus,
1597 2696 1848 2737 curemus
1876 2694 1959 2735 so.

366 2787 554 2849 lerter,
578 2791 635 2838 et
663 2780 819 2836 bonis
846 2786 1155 2847 satagamus
1182 2775 1417 2841 actibus,
1456 2782 1518 2827 ut
1552 2773 1607 2827 in
1627 2774 1816 2826 eodem
1859 2784 1959 2825 suo

367 2874 570 2946 templo
613 2872 811 2942 sacpius
841 2870 955 2939 ipse
988 2876 1043 2922 et
1088 2867 1275 2922 venire
1317 2874 1373 2921 et
1413 2864 1751 2919 mansionem
1780 2861 1961 2916 facere

369 2968 643 3037 dignetur.
675 2961 979 3018 Caveatnus
1007 2957 1203 3014 hiemis
1226 2955 1550 3025 exemplum,
1603 2968 1670 3009 ne
1709 2952 1960 3007 videlicet

370 3059 533 3116 corda
564 3064 750 3112 nostra
779 3051 1037 3107 Dominus
1067 3049 1358 3104 adveniens
1393 3062 1424 3100 a
1455 3043 1736 3101 charitatis
1763 3042 1959 3097 ardore

2056 1877 2158 1935 per
2185 1862 2366 1919 omnia
2390 1864 2585 1919 stecula
2617 1865 2958 1921 seculorum.
2988 1867 3179 1922 Amen.

2623 1977 2907 2035 IIOMILIA
2947 1979 3082 2036 XLI.

2540 2074 2592 2113 IN
2631 2075 2904 2114 DOIHNICIS
2942 2075 3152 2115 DlEltl‘S.

2130 2148 2418 2206 Sciendum
2472 2157 2574 2216 est,
2624 2149 2821 2213 fratres
2874 2152 3210 2215 charissimi,
3260 2151 3401 2222 quod
3452 2152 3573 2210 ideo
3620 2170 3657 2208 a

2060 2238 2262 2293 sanctis
2297 2236 2550 2293 muribus
2588 2239 2790 2294 nostris
2832 2241 3185 2295 constitutmn
3222 2249 3305 2295 est
3329 2240 3659 2298 Christianis

2059 2342 2115 2389 et
2155 2333 2466 2388 mandatum
2512 2343 2571 2388 ut
2620 2334 2673 2389 in
2714 2334 3147 2392 solemnitatibus
3190 2346 3540 2401 sanctorum,
3598 2351 3659 2394 et

2059 2422 2295 2478 maxime
2329 2422 2382 2476 in
2432 2421 2726 2478 Dominicis
2763 2424 2973 2491 diebus,
3014 2426 3185 2481 otium
3231 2427 3493 2482 haberent
3528 2439 3587 2483 et
3622 2445 3655 2484 a

2061 2522 2280 2570 terreno
2307 2515 2522 2586 negotio
2549 2526 2825 2584 vacarent,
2854 2525 2916 2572 ut
2947 2520 3250 2589 paratiores
3275 2530 3329 2575 ct
3356 2522 3659 2591 promptio-

2063 2620 2152 2662 res
2186 2615 2369 2662 essent
2413 2608 2480 2661 ad
2523 2607 2763 2662 divinum
2805 2609 3028 2676 cultum,
3080 2626 3203 2666 eum
3239 2626 3346 2666 non
3393 2611 3661 2668 haberent

2062 2695 2193 2767 quid
2216 2710 2310 2751 eos
2332 2695 2453 2750 inde
2473 2696 2707 2753 tardaret
2728 2697 3148 2764 incommodum,
3179 2699 3661 2770 relinquerentque

2063 2804 2128 2845 eo
2177 2798 2419 2861 tempore
2470 2800 2738 2845 terrenam
2790 2791 3242 2857 sollicitudinem,
3287 2809 3395 2864 quo
3442 2788 3661 2850 facilius

2062 2888 2284 2950 possent
2304 2879 2398 2935 Dei
2422 2879 2700 2935 intendere
2724 2881 3074 2937 voluntatem.
3097 2880 3227 2938 Inde
3255 2884 3366 2953 ipse
3397 2882 3664 2938 Dominus

2064 2984 2162 3039 per
2189 2969 2510 3038 Prophetam
2538 2969 2708 3026 dicit:
2745 2969 2939 3026 l'acate
2982 2982 3030 3026 et
3069 2972 3235 3026 ridete
3275 2974 3522 3043 quoniam
3562 2991 3663 3045 ego

2064 3075 2182 3114 sum
2223 3056 2576 3130 Deur(l’sal.
2606 3060 2752 3132 va).
2793 3061 2866 3115 At
2911 3062 2968 3116 hi
3006 3062 3118 3131 qui,
3152 3063 3381 3117 diversis
3417 3063 3565 3118 curis
3592 3079 3665 3119 ac

368 3146 641 3218 torpentia
667 3143 923 3214 reperiat.
974 3140 1114 3196 Sicut
1153 3137 1460 3194 ίυάωοτιιω
1491 3145 1710 3214 Dedo,”
1735 3131 1960 3204 Ρθτθάίδ
1990 3123 2034 3185 c
2066 3150 2298 3221 negotiis
2338 3123 2614 3219 implicati,
2646 3123 2785 3206 hanc
2814 3123 3137 3207 sententiam
3174 3152 3268 3208 Dei
3300 3161 3579 3224 spernunt,
3603 3164 3661 3208 ct

366 3240 568 3293 durata
619 3232 846 3298 invenit,
893 3231 1120 3300 ideoque
1160 3244 1224 3284 ea
1265 3229 1426 3283 citius
1474 3236 1755 3282 aversatus
1801 3223 1964 3278 relin-

371 3333 535 3398 quat;
564 3324 674 3380 imo
700 3323 875 3393 magis
900 3329 1159 3392 quantum
1188 3335 1499 3391 possumus,
1521 3334 1643 3374 cum
1671 3318 1839 3388 ipsius
1870 3317 1966 3371 ad-

365 3417 570 3491 iutorio
609 3415 938 3477 laboremus,
990 3428 1061 3468 ne
1101 3412 1243 3467 Deus
1298 3419 1480 3467 noster
1519 3412 1572 3465 in
1606 3409 1805 3479 templo
1843 3423 1961 3473 suo,

372 3510 481 3566 hoc
506 3516 590 3563 est
618 3507 674 3562 in
700 3503 877 3569 nobis,
906 3503 1144 3558 inveniat
1170 3502 1313 3571 quod
1354 3500 1539 3556 oculos
1576 3515 1689 3555 sua:
1717 3497 1967 3566 majesta-

371 3601 444 3656 tis
471 3597 741 3655 olfendat:
768 3595 861 3651 sed
892 3594 1260 3650 habitaculum
1302 3592 1483 3648 cordis
1525 3591 1695 3646 nostri
1739 3604 1968 3645 evacue-

374 3701 464 3747 tur
504 3690 683 3757 Ivitiis,
732 3696 789 3743 et
831 3685 1130 3742 virtutibus
1174 3683 1481 3755 repleatur;
1524 3682 1806 3746 claudatur
1853 3679 1967 3735 dia-

371 3782 520 3849 bolo,
545 3789 602 3836 et
624 3779 905 3851 aperiatur
931 3776 1148 3832 Christo
1175 3794 1189 3829 :
1220 3782 1277 3830 et
1320 3775 1394 3828 ita
1441 3773 1748 3829 laboremus
1772 3778 1837 3825 ut
1865 3784 1962 3825 no-

373 3876 461 3931 bis
489 3875 758 3930 bonarum
782 3885 1005 3941 operum
1037 3868 1277 3924 clavibus
1302 3868 1521 3936 ianuam
1550 3868 1703 3939 regni
1731 3865 1967 3922 caelestis

375 3966 592 4035 aperire
619 3962 910 4033 possimus.
941 3959 1095 4014 Sicut
1121 3959 1265 4013 enim
1308 3958 1467 4011 malis
1510 3957 1783 4028 operibus,
1812 3956 1967 4026 quasi

376 4057 697 4128 quibusdam
727 4054 866 4109 seris
903 4067 968 4108 ac
994 4051 1260 4115 vectibus,
1292 4050 1416 4104 vitae
1451 4048 1793 4117 nobisjanua
1821 4048 1969 4103 clau-

379 4154 547 4217 ditur,
575 4150 673 4212 ita,
700 4148 904 4216 absque
940 4143 1121 4208 dubio,
1152 4143 1309 4197 bonis
1333 4143 1590 4212 operibus
1615 4142 1874 4212 aperitur.
1903 4141 1969 4195 Et

376 4243 521 4307 ideo,
546 4239 743 4295 fratres
768 4235 1096 4297 charissimi,
1114 4231 1491 4302 [unusquisque
1511 4232 1817 4287 consideret
1842 4245 1970 4285 con-

379 4334 663 4391 scientiam
705 4345 882 4394 suam,
905 4336 961 4384 et
978 4326 1191 4397 quando
1226 4339 1284 4379 se
1313 4323 1494 4393 aliquo
1522 4323 1750 4378 crimine
1779 4321 1968 4377 vulne-

380 4436 557 4482 ratum
584 4440 704 4480 esse
732 4421 1067 4493 cognoverit,
1096 4419 1247 4491 prius
1278 4413 1866 4485 orationibus,jcjuniis
1887 4411 1970 4469 vel

377 4514 738 4585 t'lcemosynis
759 4513 973 4567 studeat
1004 4510 1265 4567 mundare
1291 4506 1679 4566 conscientiam
1708 4521 1879 4568 suam,
1916 4511 1970 4557 et

378 4613 460 4663 sic
493 4603 878 4662 eucharistiam
899 4610 1197 4672 pricsumat
1228 4601 1475 4672 accipere
1507 4618 1520 4653 :
1556 4598 1599 4654 si
1631 4599 1775 4654 enim
1807 4612 1972 4669 agno-

383 4714 543 4756 scens
570 4705 779 4752 reatum
802 4709 979 4759 suum,
1010 4693 1123 4763 ipse
1149 4708 1179 4746 a
1205 4693 1388 4747 divino
1426 4690 1582 4745 altari
1612 4703 1670 4742 se
1697 4688 1970 4743 subduxe-

381 4792 471 4855 rit,
517 4788 624 4843 cito
675 4787 742 4841 ad
785 4783 1170 4852 indulgentiam
1201 4782 1392 4837 divinas
1438 4777 1821 4835 ιιιίδθιτίροηὶίιιξ
1848 4791 1973 4846 per-

380 4880 583 4943 veniet,
614 4877 742 4947 quia
771 4876 913 4931 sicut
937 4873 1028 4945 qui
1062 4889 1116 4926 se
1154 4873 1348 4926 exultat
1385 4870 1782 4935 humiliabitur,
1826 4869 1902 4923 ita
1943 4883 1974 4923 e

383 4968 677 5032 contrario,
701 4967 791 5039 qui
818 4982 872 5019 se
897 4963 1136 5019 lmmiliat
1173 4963 1490 5017 exaltabitur
1519 4961 1669 5036 (Luc.
1708 4961 1841 5033 Juv).
1869 4960 1971 5027 Qui

386 5064 557 5126 enim,
605 5060 747 5115 sicut
791 5058 919 5121 dixi,
964 5071 1262 5128 agnoscens
1308 5063 1514 5110 reatum
1546 5071 1725 5121 suum,
1758 5055 1873 5124 ipse
1915 5069 1974 5109 se

385 5150 664 5211 humiliter
709 5151 777 5206 ab
822 5147 979 5202 altari
1021 5146 1262 5203 ecclesia:
1304 5162 1402 5217 pro
1445 5145 1819 5201 emendatione
1848 5145 1974 5201 vita:

385 5258 668 5303 removere
692 5242 936 5306 voluerit,
968 5242 1037 5296 ab
1062 5248 1265 5295 artemo
1294 5240 1382 5293 illo
1410 5247 1464 5292 et
1493 5239 1700 5294 caelesti
1727 5238 1975 5294 convivio

385 5333 845 5393 exeommunicari
888 5333 1103 5404 penitus
1134 5348 1240 5388 non
1267 5331 1493 5387 timebit.
1526 5331 1673 5402 Rogo
1704 5346 1817 5394 vos,
1864 5329 1974 5384 fra-

387 5440 520 5494 tres,
556 5426 843 5498 diligenter
885 5424 1142 5479 attendite
1178 5440 1190 5477 :
1224 5425 1267 5478 si
1300 5424 1366 5477 ad
1402 5439 1641 5478 mensam
1686 5423 1974 5491 cujuscun-

386 5536 491 5590 que
526 5520 760 5591 potentis
790 5517 1022 5574 hominis
1043 5530 1204 5571 nemo
1243 5516 1517 5586 praesumit
1564 5531 1689 5570 cum
1735 5516 1973 5570 vestibus

386 5611 677 5665 conscissis
716 5621 771 5665 et
822 5607 1117 5680 inquinatis
1162 5607 1439 5671 accedere,
1485 5614 1689 5676 quanto
1728 5607 1899 5679 magis
1941 5621 1971 5661 a

392 5701 633 5757 convivio
667 5703 851 5758 :eterni
881 5700 1063 5771 Regis,
1089 5699 1144 5757 id
1173 5708 1257 5756 est
1284 5699 1352 5754 ab
1384 5698 1541 5754 altari
1574 5697 1785 5754 Domini
1817 5699 1976 5754 debet

2063 3241 2257 3296 divinae
2303 3240 2739 3310 contemplationi
2788 3252 2987 3297 vacare
3040 3243 3250 3308 nolunt,
3289 3242 3452 3298 timeo
3490 3257 3559 3297 nc
3601 3242 3662 3296 in

2063 3334 2246 3389 futuro
2264 3333 2487 3402 judicio,
2516 3334 2621 3389 illis
2640 3333 2863 3403 jannam
2884 3334 3095 3391 Domini
3122 3336 3462 3407 pulsantibus
3489 3344 3664 3405 atque

2065 3425 2277 3495 aperire
2318 3424 2664 3495 poscentibus
2701 3423 2914 3496 (Matth.
2956 3425 3106 3496 xxv),
3142 3426 3401 3481 Dominus
3438 3440 3656 3496 respon-

2066 3520 2227 3573 deat:
2261 3517 2425 3571 Amen
2466 3518 2584 3571 dico
2629 3517 2793 3582 vobis,
2843 3517 3015 3571 nescio
3055 3530 3185 3572 vos:
3216 3518 3465 3571 discedite
3488 3519 3532 3571 ⁴α
3555 3533 3660 3581 me,

2066 3623 2243 3662 omnes
2271 3610 2358 3677 qui
2384 3607 2670 3677 aperantini
2697 3608 3023 3677 iniquitatem
3060 3605 3277 3677 (Matth.
3304 3609 3402 3677 vti)
3428 3624 3443 3673 ;
3469 3615 3524 3661 et
3565 3609 3667 3677 qui

2065 3698 2226 3754 modo
2252 3698 2418 3752 Deum
2442 3711 2684 3767 qumrere
2706 3698 2998 3770 negligant,
3024 3699 3092 3753 ab
3114 3698 3232 3767 ipso
3255 3705 3382 3752 tunc
3405 3712 3667 3767 respttatt~

2066 3800 2175 3846 tur.
2215 3789 2440 3857 Idcirco,
2483 3790 2681 3845 fratres
2724 3790 2854 3855 mei,
2907 3805 3016 3845 non
3060 3789 3132 3844 sit
3172 3789 3326 3844 vobis
3368 3789 3666 3844 molestum

2068 3883 2123 3939 in
2151 3882 2446 3939 Dominicis
2475 3882 2666 3938 diebus
2685 3890 2740 3937 et
2764 3882 2816 3937 in
2849 3880 3109 3947 natalitiis
3133 3888 3444 3937 sanctorum
3475 3879 3670 3935 divino

2070 3973 2290 4029 studere
2317 3970 2506 4026 cultui.
2526 3970 2872 4026 'Dominicum
2896 3985 3025 4041 ergo
3048 3969 3188 4025 diem
3211 3968 3436 4041 apostoli
3462 3978 3517 4023 et
3534 3984 3671 4037 apo-

2069 4062 2245 4118 stolici
2296 4062 2398 4116 viri
2452 4062 2570 4117 ideo
2636 4060 2885 4133 religiosa
2947 4060 3289 4116 solemnitate
3348 4060 3664 4115 habendum

2069 4162 2389 4217 sanxerunt,
2420 4154 2546 4223 quia
2571 4152 2625 4207 in
2654 4153 2843 4209 eodem
2873 4152 3203 4222 Redemptor
3228 4160 3413 4207 noster
3442 4168 3473 4207 a
3515 4168 3669 4207 mor-

2070 4245 2179 4299 tuis
2224 4242 2560 4298 resurrexit:
2593 4242 2793 4313 quique
2840 4242 2961 4298 ideo
2995 4242 3308 4297 Dominicus
3340 4241 3668 4313 appellatur,

2071 4343 2131 4390 ut
2152 4335 2204 4390 in
2224 4350 2288 4390 eo
2314 4349 2347 4389 a
2370 4334 2601 4389 terrenis
2626 4334 2880 4403 operibus
2908 4333 2995 4389 vel
3023 4332 3208 4388 mundi
3240 4331 3508 4388 illecebris
3541 4332 3669 4387 abs-

1999 4464 2048 4524 Β
2075 4427 2329 4490 tinentes,
2376 4433 2584 4479 tantum
2627 4424 2824 4479 divinis
2870 4423 3103 4479 cultibus
3166 4423 3489 4487 serviamus,
3533 4422 3673 4475 dan-

2076 4528 2155 4573 tes
2179 4516 2385 4573 scilicet
2416 4516 2519 4572 diei
2542 4514 2671 4571 huic
2697 4515 2959 4570 honorem
2984 4523 3040 4570 et
3066 4515 3419 4569 reverentiam
3442 4520 3677 4587 propter

2082 4625 2227 4679 spem
2276 4607 2688 4663 resurrectionis
2734 4615 2930 4662 nostra:
2963 4622 3124 4676 quam
3162 4605 3422 4659 habemus
3460 4604 3516 4658 in
3552 4603 3670 4659 illa.

2075 4699 2211 4753 Nam
2253 4699 2391 4753 sicut
2419 4698 2533 4767 ipse
2578 4696 2836 4751 Dominus
2872 4695 3032 4752 Jesus
3060 4695 3310 4751 Christus
3336 4703 3391 4748 et
3419 4693 3679 4748 Salvator

2077 4799 2262 4845 noster
2293 4790 2450 4844 tertia
2478 4788 2565 4843 die
2610 4788 2904 4842 resurrexit
2932 4802 2963 4841 a
3000 4786 3249 4852 mortuis,
3281 4785 3357 4840 ita
3386 4792 3440 4839 et
3465 4799 3563 4840 nos
3589 4800 3681 4839 re-

2079 4888 2422 4937 surrecturos
2445 4879 2496 4933 in
2527 4879 2819 4934 novissimo
2850 4878 2937 4933 die
2976 4892 3278 4947 speramus.
3305 4877 3548 4946 Apparet
3577 4893 3682 4930 an-

2082 4982 2189 5028 tem
2213 4971 2354 5027 diem
2382 4971 2543 5026 etiam
2568 4972 2620 5025 in
2644 4969 2939 5041 Scripturis
2962 4970 3162 5025 sanctis
3181 4984 3302 5025 esse
3326 4970 3630 5026 solemnem
3659 4987 3677 5023 :

2078 5064 2195 5134 ipse
2230 5069 2313 5116 est
2358 5062 2503 5116 enim
2543 5060 2659 5115 dies
2698 5061 2903 5130 primus
2926 5060 3128 5126 saeculi,
3174 5059 3226 5113 in
3278 5062 3394 5131 ipso
3438 5059 3678 5115 formata

2083 5162 2210 5207 sunt
2236 5151 2505 5207 elementa
2545 5153 2754 5218 mundi,
2786 5152 2837 5206 in
2881 5151 2997 5220 ipso
3029 5151 3195 5206 creati
3235 5163 3363 5206 sunt
3389 5150 3588 5219 angeli,
3621 5150 3680 5205 in

2080 5244 2197 5314 ipso
2223 5256 2437 5312 quoque
2480 5257 2508 5295 a
2555 5242 2782 5296 mortuis
2822 5241 3121 5296 resurrexit
3149 5240 3418 5307 Christus,
3464 5240 3516 5294 in
3555 5240 3683 5308 ipso

2080 5338 2145 5391 de
2179 5335 2330 5389 oculis
2361 5332 2594 5403 Spiritus
2622 5342 2843 5389 sanctus
2885 5348 3047 5403 super
3071 5331 3343 5403 apostolos
3370 5332 3679 5398 descendit,

2080 5442 2274 5483 manna
2309 5426 2361 5479 in
2391 5426 2578 5480 eodem
2609 5424 2695 5479 die
2723 5425 2776 5478 in
2811 5440 2995 5479 eremo
3029 5425 3203 5496 primo
3232 5425 3298 5479 de
3325 5422 3462 5479 coelo
3485 5423 3679 5477 datum

2079 5527 2180 5574 est.
2214 5518 2307 5573 llis
2336 5518 2479 5574 enim
2502 5516 2782 5586 speciebus
2811 5515 3113 5571 actualilms
3136 5514 3321 5588 [Forte
3347 5514 3683 5586 specialibus

2079 5609 2290 5664 actibus
2319 5606 2395 5680 ct]
2433 5607 2644 5662 indiciis
2671 5606 2948 5663 Dominica
2981 5608 3095 5662 dies
3124 5615 3302 5661 exstat
3328 5604 3578 5676 insignis,
3612 5621 3685 5662 ac

2081 5699 2200 5755 ideo
2220 5697 2391 5754 sancti
2415 5698 2662 5754 doctores
2684 5697 2937 5755 Ecclesia:
2954 5699 3308 5754 decreverunt
3329 5710 3540 5750 omnem
3565 5695 3672 5767 glo-
