4040 6188
375 205 439 258 ἸἹ
1296 205 1597 263 ΗΟΜΙΙᾸΛΕ
1636 206 1723 261 DE
1763 206 1947 260 FESTI

2049 204 2447 270 PIUECIPUIS,
2487 205 2640 261 ETC.
3567 215 3634 267 78

375 319 507 374 riam
539 316 746 372 Judaici
784 315 1100 371 sabbatismi
1135 315 1188 370 in
1215 316 1361 371 illam
1400 319 1710 381 transferre,
1737 322 1792 368 ut
1817 314 1961 384 quod
1987 319 2034 378 Α
2063 323 2117 370 et
2155 315 2467 380 avaritiam,
2496 323 2763 383 quatenus
2803 331 2969 370 unum
3005 327 3264 388 punctum
3293 322 3396 378 diei
3441 323 3509 378 ad
3537 327 3628 382 Det

374 408 472 478 ipsi
496 407 549 461 in
577 406 768 476 figura,
786 420 885 460 nos
905 406 1304 460 celebraremus
1323 405 1378 459 in
1400 406 1657 470 veritate;
1682 404 1806 473 quia
1835 412 1963 457 tunc

371 497 472 550 erit
518 496 739 565 requies
771 502 959 549 nostra
1000 509 1148 559 vera,
1179 495 1392 562 quando
1432 494 1758 549 resurrectio
1801 493 1963 548 fuerit

372 594 704 656 perpetrata,
722 595 778 640 et
799 587 1162 640 remuneratio
1189 585 1242 638 in
1273 586 1450 638 anima
1473 596 1525 640 et
1551 600 1780 654 corpore
1803 584 1962 640 simul

371 676 634 748 perfecta.
659 676 1021 732 Observcmus
1041 691 1169 747 ergo
1195 676 1336 730 diem
1360 675 1719 740 Dominicam,
1743 675 1958 741 fratres,

374 776 425 820 et
465 767 872 821 sanctificemus
918 764 1087 830 illam,
1146 765 1288 820 sicut
1329 764 1568 833 antiquis
1617 765 1685 819 de
1734 765 1960 819 sabbato

372 867 699 928 praeceptum
729 865 830 916 est.
861 857 1074 911 dicente
1113 854 1418 924 legislatore
1444 873 1456 908 :
1483 855 1524 907 Α
1553 871 1763 924 vespera
1799 871 1979 927 usque.

375 951 440 1002 ad
470 965 736 1019 vesperam
759 946 1082 1002 celebrabitis
1106 945 1326 1000 sabbata
1362 955 1533 998 vestra
1559 943 1743 1016 (Leuit.
1777 943 1954 1014 xxut).

376 1038 664 1092 Videamus
712 1051 781 1090 ne
809 1035 979 1089 otium
1021 1041 1264 1088 nostrum
1292 1048 1488 1087 vanum
1533 1033 1624 1095 sit,
1657 1033 1752 1088 sed
1793 1046 1824 1085 e
1860 1048 1956 1087 ve-

375 1141 526 1194 spera
554 1125 661 1178 diei
709 1123 920 1178 sabbati
950 1137 1118 1192 usque
1149 1123 1217 1176 ad
1250 1137 1531 1195 vesperam
1561 1122 1669 1177 diei
1695 1123 1955 1178 Dominici

376 1213 698 1283 sequestrati
725 1228 754 1266 a
783 1211 950 1266 rurali
991 1225 1154 1280 opere
1191 1219 1248 1266 et
1285 1211 1353 1266 ab
1386 1213 1532 1266 omni
1574 1212 1814 1283 negotio,
1841 1212 1954 1267 solo

375 1309 552 1362 divino
573 1308 742 1364 cultui
765 1323 1018 1363 vacemus
1042 1325 1056 1360 :
1091 1307 1170 1362 sic
1190 1322 1403 1376 quoque
1428 1307 1828 1362 sanctificamus
1850 1308 1955 1362 rite

375 1397 653 1452 sabbatum
691 1397 922 1460 Domini,
953 1397 1163 1451 dicente
1199 1397 1425 1452 Domino
1451 1415 1464 1449 :
1490 1395 1657 1451 Omne
1688 1414 1816 1466 opus
1847 1413 1951 1452 non

375 1486 572 1554 facietis
592 1487 650 1540 in
676 1503 754 1540 eo.
786 1487 977 1541 Veniat
1002 1502 1129 1557 ergo
1155 1487 1457 1555 cuicunque
1479 1487 1737 1556 possibile
1768 1488 1858 1552 sit,
1881 1489 1948 1543 ad

375 1574 733 1642 vespertinam
760 1585 924 1643 atque
951 1582 1267 1627 nocturnam
1290 1574 1730 1638 celebrationem,
1755 1584 1810 1630 et
1832 1587 1948 1631 oret

2063 404 2318 470 officium,
2347 414 2402 460 et
2439 405 2704 474 reliquum
2733 406 2982 461 diurnum
3021 410 3275 479 spatium,
3309 427 3434 468 cum
3475 428 3633 473 nocte

2063 494 2241 557 simul,
2265 494 2331 548 ad
2355 509 2540 548 eorum
2561 495 2845 562 deputetur
2871 496 3188 567 voluptates.
3216 498 3410 568 Nolite,
3440 504 3634 562 fratres

2063 584 2169 638 mei
2203 583 2559 648 dilectissimi,
2605 586 2716 639 haec
2741 584 2940 651 facere,
2975 587 3142 642 nolite
3175 589 3289 644 haec
3315 590 3634 651 facientibus

2061 675 2406 741 consentire;
2454 675 2577 744 quia
2618 690 2724 729 non
2771 676 2942 730 solum
2976 677 3068 746 qui
3112 679 3227 734 haec
3268 679 3495 748 faciunt,
3539 687 3637 740 sed

2061 764 2225 819 etiam
2269 766 2360 834 qui
2410 765 2754 818 consentiunt
2806 765 3144 832 facientibus,
3189 778 3436 837 pereunt.
3495 772 3636 826 Ante

2059 855 2239 910 omnia
2265 869 2393 925 ergo
2431 870 2622 910 causas
2652 855 2706 908 in
2731 853 3114 912 festivitatibus
3146 859 3514 916 nolite-dicere
3542 873 3638 917 aut

2059 945 2268 1012 audire,
2291 945 2386 1002 sed
2405 945 2509 1000 alio
2534 954 2773 1014 tempore
2800 953 2854 999 et
2881 945 3251 1014 cumjustitia;
3283 962 3382 1006 nec
3409 967 3632 1020 munera

2059 1035 2369 1104 accipiendo
2398 1035 2729 1089 subvertatis
2743 1033 2944 1102 judicia
2967 1033 3139 1103 justa;
3163 1039 3308 1107 quia,
3337 1043 3634 1098 secundum

2058 1124 2269 1178 Domini
2312 1125 2674 1179 sententiam:
2707 1123 3028 1196 Quocunque
3068 1127 3273 1196 judicto
3309 1130 3634 1200 judicaveri-

2055 1213 2146 1277 tis,
2162 1212 2497 1282 judicabitur
2523 1213 2587 1267 de
2612 1213 2752 1268 vobis
2784 1213 2996 1284 (Matth.
3028 1216 3149 1287 vn).
3182 1215 3370 1273 Nullus
3390 1231 3630 1275 vestrum

2054 1319 2112 1359 se
2133 1304 2380 1367 inebriet,
2415 1305 2541 1374 quia
2576 1305 2757 1359 ebrius
2783 1306 2972 1360 insano
3003 1306 3305 1364 simillimus
3328 1319 3425 1362 est.
3457 1310 3636 1367 Nolite

2055 1398 2108 1453 in
2133 1396 2444 1454 neminibus
2473 1395 2590 1470 (sic)
2619 1397 2875 1463 bibendo,
2906 1399 3124 1453 nomina
3154 1410 3332 1456 vestra
3363 1402 3541 1458 delere
3564 1404 3634 1460 de

2051 1486 2208 1542 cmlo.
2250 1485 2386 1542 Sunt
2415 1486 2632 1556 quidem
2681 1487 2859 1552 multi,
2902 1489 3043 1555 quod
3070 1489 3221 1558 pejus
3251 1500 3353 1556 est,
3401 1493 3490 1562 qui
3523 1507 3633 1548 non

2052 1575 2224 1630 solum
2270 1575 2474 1644 seipsos
2505 1574 2791 1638 inebriant,
2846 1577 2942 1632 sed
2979 1579 3147 1632 etiam
3173 1580 3309 1636 alios
3354 1591 3634 1652 coguntet

373 1665 443 1719 ibi
479 1665 531 1718 in
565 1673 839 1719 conventu
889 1665 1144 1720 Ecclesia:
1187 1680 1286 1734 pro
1325 1667 1562 1735 peccatis
1600 1667 1714 1721 suis
1753 1667 1942 1722 Deum.
1974 1661 2020 1718 B
2049 1664 2298 1733 adjurant
2343 1672 2402 1718 ut
2449 1665 2678 1734 amplius
2703 1680 2866 1733 quam
2905 1668 3122 1735 expedit
3161 1670 3365 1734 bibant,
3412 1680 3467 1726 et
3505 1674 3632 1729 inde

374 1754 467 1821 Qui
499 1771 630 1810 vero
661 1756 767 1810 hoc
814 1770 920 1810 non
952 1755 1142 1824 possit,
1171 1754 1361 1809 saltem
1403 1755 1456 1808 in
1500 1757 1659 1810 domo
1685 1772 1780 1810 sua
1805 1765 1944 1820 oret,

371 1856 422 1900 et
457 1862 563 1900 non
590 1846 828 1917 negligat
869 1847 981 1901 Deo
1007 1847 1215 1902 solvere
1246 1853 1430 1900 votum
1465 1861 1528 1902 ac
1561 1847 1782 1903 reddere
1811 1865 1946 1919 pen-

371 1958 485 1995 sum
514 1942 816 1996 servitutis.
839 1941 896 1994 ln
925 1941 1013 1995 die
1041 1940 1128 1995 illa
1153 1955 1281 1995 vero
1301 1941 1481 1995 nullus
1504 1955 1562 1995 se
1591 1956 1620 1994 a
1642 1956 1797 1996 sacra
1819 1942 1948 1996 mis-

371 2047 550 2085 sarum
581 2031 948 2085 celebratione
977 2037 1208 2099 separet,
1235 2045 1407 2098 neque
1427 2030 1630 2084 otiosus
1657 2030 1779 2100 quis
1803 2030 1947 2086 domi

371 2130 664 2184 remaneat,
699 2121 913 2176 cmteris
941 2120 1007 2173 ad
1032 2119 1316 2174 ecclesiam
1349 2121 1734 2190 pergentibus;
1772 2137 1948 2191 neque

370 2211 420 2264 in
446 2212 732 2265 venatione
758 2226 818 2267 se
847 2218 1092 2280 occupet,
1117 2221 1172 2265 et
1208 2210 1471 2264 diabolico
1508 2212 1842 2281 ntancipetur
1867 2209 1947 2267 of-

371 2304 508 2367 licio,
536 2303 996 2370 circumvagando
1031 2316 1253 2370 campos
1283 2310 1338 2355 et
1363 2301 1550 2365 silvas,
1583 2301 1870 2356 clamorem
1893 2309 1949 2356 et

368 2396 691 2450 cachinnum
743 2395 1012 2460 exaltans,
1084 2409 1188 2448 non
1241 2393 1498 2463 gemitum
1547 2407 1646 2448 nec
1688 2394 1946 2448 orationis

367 2488 528 2542 verba
555 2500 622 2539 ex
656 2486 848 2540 intimo
875 2494 1094 2554 pectore
1131 2485 1197 2538 ad
1233 2485 1400 2538 Deum
1423 2482 1723 2553 proferens.
1757 2483 1946 2539 Adhuc

368 2592 604 2648 quoque,
630 2577 777 2646 quod
821 2575 1192 2630 detestabilius
1213 2583 1316 2640 est,
1344 2574 1510 2644 aliqui
1555 2575 1622 2628 ad
1662 2574 1947 2629 ecclesiam

366 2667 665 2730 venientes,
703 2680 809 2718 non
842 2665 1067 2729 intrant,
1098 2679 1204 2718 non
1234 2665 1492 2718 insistunt
1536 2664 1807 2734 precibus,
1839 2679 1944 2718 non

369 2760 683 2824 exspectant
709 2768 832 2807 cum
862 2751 1076 2806 silentio
1117 2762 1362 2807 sanctam
1392 2751 1679 2807 missarum
1706 2752 1946 2807 celebra-

369 2848 565 2901 tionem
594 2865 607 2898 :
635 2846 732 2899 sed
760 2845 974 2913 quando
1004 2845 1260 2900 lectiones
1279 2845 1471 2899 divina)
1501 2846 1646 2899 intus
1672 2844 1942 2914 leguntur,

369 2947 492 2992 tunc
527 2936 634 3006 ipsi
664 2935 796 2989 foris
825 2945 918 2990 aut
957 2950 1151 2990 causas
1174 2935 1354 2989 dicere
1381 2943 1435 2988 ct
1469 2935 1700 2989 diversis
1727 2935 1945 2989 student

2049 1771 2190 1826 saepe
2233 1756 2373 1809 inter
2408 1769 2502 1810 eos
2529 1764 2826 1810 nascuntur
2843 1755 3025 1828 jurgia
3060 1768 3114 1813 ct
3146 1758 3453 1817 homicidia.
3485 1763 3634 1819 Nun-

2048 1847 2176 1916 quid
2215 1845 2564 1915 perpenditis,
2605 1845 2822 1912 fratres,
2859 1848 3011 1916 cujus
3049 1850 3136 1904 isti
3168 1852 3221 1905 in
3263 1854 3365 1908 hoc
3399 1871 3631 1926 sequan-

2049 1948 2136 1991 tur
2170 1937 2497 1991 voluntatem
2510 1937 2544 2006 ?_
2572 1935 2778 1989 Ebriosi
2808 1937 2971 2002 enim,
3005 1941 3082 1994 ait
3107 1941 3416 2011 Apostolus,
3458 1955 3506 2000 et
3535 1947 3626 2000 lio-

2047 2028 2253 2082 micida:
2281 2043 2496 2098 regnum
2525 2026 2623 2081 Dei
2652 2045 2756 2082 non
2780 2031 3115 2099 possidebunt
3165 2033 3215 2105 (Ι
3238 2033 3361 2090 Cor.
3393 2044 3489 2107 vr).
3521 2038 3633 2096 Ob-

2048 2132 2205 2173 secro
2236 2132 2350 2183 vos,
2384 2117 2742 2184 dilectissimi,
2775 2129 2957 2188 patres
2997 2131 3052 2178 et
3095 2133 3316 2192 matres,
3344 2127 3540 2186 fratres
3575 2143 3632 2186 et

2049 2221 2280 2271 sorores,
2327 2220 2424 2275 per
2461 2221 2655 2260 nomen
2696 2207 2912 2263 Domini
2950 2213 3122 2267 nostri
3159 2212 3284 2270 Jesu
3319 2216 3539 2280 Christi,
3574 2229 3633 2275 et

2046 2313 2145 2367 per
2164 2313 2386 2369 regnum
2410 2314 2476 2354 ac
2490 2297 2751 2367 judicium
2776 2297 2891 2367 ejus
2915 2310 3223 2369 venturum,
3250 2315 3309 2358 ut
3347 2307 3631 2362 subtraha-

2050 2388 2121 2442 tis
2167 2403 2261 2443 vos
2300 2389 2368 2443 ab
2409 2388 2555 2443 omni
2603 2389 2822 2442 homine
2860 2391 3169 2447 ambulante
3209 2394 3532 2462 inordinate,
3573 2409 3631 2454 et

2049 2479 2210 2550 digne
2234 2477 2522 2532 ambuletis
2563 2478 2845 2534 vocatione
2870 2494 2976 2548 qua
3001 2481 3178 2535 vocati
3224 2483 3374 2550 estis,
3404 2501 3505 2542 nec
3535 2503 3630 2544 ne-

2048 2569 2261 2640 gligatis
2304 2569 2568 2623 honorem
2613 2579 2875 2636 vestrum,
2923 2571 3018 2626 sed
3059 2573 3372 2642 perpendite
3419 2576 3628 2630 redem-

2048 2662 2286 2731 ptionem
2317 2669 2536 2731 quaeest
2567 2661 2619 2714 in
2650 2660 2866 2715 Christo
2887 2661 3036 2717 Jesu.
3064 2662 3183 2717 Filii
3214 2665 3305 2718 Dei
3332 2669 3625 2738 uuncupati

2048 2752 2196 2813 estis,
2245 2750 2371 2820 quia
2419 2764 2580 2806 verus
2616 2750 2783 2805 Filius
2824 2752 2920 2806 Dei
2950 2767 3047 2807 vos
3086 2752 3350 2809 liberavit.
3401 2755 3627 2813 Studete

2047 2843 2204 2897 bonis
2242 2844 2484 2897 moribus
2529 2852 2677 2897 tanto
2719 2845 2931 2912 parenti
2968 2845 3202 2915 placere,
3232 2858 3498 2916 quatenus
3527 2865 3626 2907 vos

2050 2949 2155 2988 non
2183 2941 2242 2987 ut
2272 2933 2628 3004 nequissimos
2662 2948 2850 2991 servos
2875 2945 3188 3005 perpetuam
3220 2940 3395 2993 tradat
3417 2941 3484 2995 ad
3509 2956 3627 3010 pa:-

369 3027 652 3081 calumniis
688 3026 1032 3097 impugnare;
1083 3036 1176 3080 aut
1212 3025 1464 3081 videlicet
1511 3026 1564 3079 in
1609 3026 1745 3091 alea,
1775 3025 1858 3080 vel
1886 3028 1941 3081 in
1971 3012 2014 3072 C
2048 3041 2190 3090 nam,
2237 3026 2330 3080 scd
2365 3036 2424 3080 ut
2463 3028 2813 3082 cbarissimos
2850 3028 2990 3083 ﬁlios
3023 3043 3309 3099 supernam
3352 3033 3512 3087 ducat
3555 3032 3626 3087 ad

368 3118 496 3173 locis
522 3118 804 3172 inutilibus
831 3118 1115 3172 insudare:
1143 3116 1428 3186 aliquoties
1455 3119 1643 3182 etiam,
1684 3117 1824 3186 quod
1850 3132 1942 3186 pe-

362 3208 447 3278 jus
471 3220 574 3275 est,
599 3210 766 3280 aliqui
799 3210 964 3264 nimia
991 3209 1270 3264 iracundia
1298 3209 1697 3264 succenduntur
1720 3218 1775 3263 et
1796 3223 1945 3261 ama-

374 3301 586 3356 rissime
609 3304 879 3366 rixantur,
910 3300 981 3354 ita
1010 3309 1071 3354 ut
1099 3301 1264 3355 armis
1294 3315 1353 3354 se
1388 3299 1473 3354 vel
1502 3299 1734 3354 fustibus
1781 3299 1944 3354 alter-

369 3401 545 3446 utrum
593 3393 880 3462 impetant,
930 3400 985 3446 et
1028 3407 1170 3462 smpe
1206 3391 1552 3446 homicidium
1609 3398 1940 3461 perpetrent.

371 3487 434 3541 Et
465 3487 571 3540 hoc
596 3487 666 3539 ab
705 3486 812 3540 illis
837 3486 1070 3540 maxime
1099 3485 1158 3539 lit
1187 3484 1279 3554 qui
1306 3483 1448 3554 pleni
1479 3483 1678 3537 invidia
1716 3491 1770 3536 et
1798 3483 1941 3548 odio,

370 3576 577 3631 diabolo
593 3577 840 3642 ductore,
865 3576 918 3629 in
942 3584 1265 3631 conventum
1293 3572 1545 3628 Ecclesiae
1565 3580 1811 3643 pergunt,
1837 3588 1942 3626 non

369 3674 425 3719 ut
459 3665 780 3734 semetipsos
821 3663 1097 3733 adjuvent,
1145 3664 1239 3719 sed
1271 3673 1330 3717 ut
1373 3663 1508 3717 alios
1543 3661 1756 3717 laedant.
1787 3661 1944 3718 Tales

371 3756 529 3810 etiam
566 3756 615 3810 si
640 3755 933 3810 homicidio
962 3754 1033 3809 ibi
1063 3763 1305 3825 pereunt,
1331 3762 1424 3808 aut
1447 3754 1621 3808 subita
1647 3761 1820 3807 morte
1857 3767 1946 3806 ra-

370 3847 608 3916 piuntur,
639 3863 747 3918 quo
789 3847 943 3911 alias,
983 3848 1086 3902 nisi
1126 3863 1248 3902 cum
1284 3847 1398 3916 ipso
1425 3844 1576 3914 cujus
1615 3845 1786 3901 secuti
1821 3849 1947 3900 sunt

371 3938 616 4008 vestigia,
642 3939 847 3993 vadunt
880 3938 934 3991 in
968 3947 1166 3993 aeterna
1193 3937 1502 3992 tormenta?
1527 3935 1701 3990 Nolite
1722 3935 1837 3988 hinc
1863 3931 1946 3986 fa-

371 4043 510 4092 cere,
533 4027 737 4083 fratres
759 4029 888 4092 mei,
921 4029 1084 4084 nolite
1113 4029 1469 4098 vosmetipsos
1496 4027 1762 4096 decipere,
1787 4024 1946 4080 nolite

371 4118 423 4173 in
451 4127 717 4174 conventu
767 4127 968 4183 vestro,
1004 4119 1174 4172 locum
1210 4117 1337 4171 dare
1366 4115 1574 4170 diabolo
1606 4113 1940 4188 (Ephes.1v),

370 4210 461 4264 sed
502 4209 678 4279 magis
717 4209 1070 4278 vosmetipsos
1116 4217 1417 4278 prteparate
1458 4207 1747 4276 hospitium
1789 4205 1944 4260 Chri-

370 4309 468 4352 sto.
507 4297 622 4353 Non
651 4314 780 4370 ergo
822 4297 952 4353 foris
981 4298 1192 4361 fabulis,
1241 4297 1335 4352 sed
1374 4297 1520 4350 intus
1549 4295 1858 4366 psalmodize
1885 4305 1942 4350 et

2044 3115 2296 3184 patriam,
2325 3123 2386 3169 ut
2425 3116 2546 3170 sitis
2593 3116 2898 3172 cohazredes
2925 3116 3046 3171 Filii
3083 3118 3200 3186 ejus
3234 3117 3358 3175 Jesu
3397 3120 3622 3184 Christi,

2045 3221 2169 3260 cum
2195 3221 2302 3276 quo
2323 3206 2454 3260 vivit
2478 3214 2533 3260 et
2557 3215 2746 3276 regnat
2773 3207 2915 3262 Deus
2935 3207 2989 3260 in
3020 3209 3224 3263 unitate
3249 3209 3483 3280 Spiritus
3501 3225 3628 3266 san-

2046 3297 2117 3352 cti
2136 3313 2234 3367 per
2256 3298 2436 3352 omnia
2463 3297 2656 3353 saacula
2687 3297 3023 3353 saeculorum.
3055 3299 3247 3354 Amen.

2596 3411 2875 3467 llOMlLlA
2914 3411 3069 3466 XLII.

2115 3516 2328 3556 CONTRA
2356 3515 2451 3556 EOS
2476 3517 2563 3564 QUI
2597 3517 2648 3556 IN
2681 3517 2832 3556 LUN£
2872 3516 3108 3557 νει-εστι]
3135 3517 3467 3560 ειΑιίοιὶιΒηε
3490 3518 3553 3560 εις

2652 3585 3010 3626 FATIGABANT.

2114 3664 2380 3718 Gaudium
2422 3673 2505 3718 est
2548 3663 2680 3719 mihi
2728 3678 3000 3732 magnum,
3050 3665 3249 3718 fratres
3292 3666 3622 3732 charissimi,

2045 3756 2185 3822 quod
2200 3769 2295 3808 vos
2339 3753 2495 3806 video
2537 3765 2732 3807 nomen
2772 3750 3136 3806 Christianum
3167 3751 3410 3824 diligere,
3447 3753 3623 3809 eccle-

2044 3843 2152 3896 sias
2183 3842 2545 3911 frequentare,
2589 3839 2912 3909 baptismum
2943 3839 3142 3895 Christi
3183 3840 3306 3896 ﬁliis
3331 3849 3386 3896 et
3410 3841 3624 3900 filiabus

2043 3934 2236 3988 vestris
2283 3941 2572 4000 appetere,
2606 3941 2660 3986 et
2710 3930 2824 3985 veri
2875 3929 2972 3984 Dei
3020 3931 3190 3985 cultui
3240 3930 3494 3987 studere:
3527 3934 3622 3988 sed

2043 4022 2196 4076 valde
2222 4021 2376 4076 doleo
2401 4022 2543 4091 quod
2569 4019 2838 4092 aliquibus
2861 4021 3079 4091 ineptiis
3099 4020 3358 4089 plurimos
3375 4036 3441 4076 ex
3469 4023 3624 4078 vobis

2041 4113 2306 4183 obligatos
2333 4127 2518 4167 errare
2563 4111 2852 4182 conSpicio,
2911 4120 2968 4165 et
3007 4111 3148 4166 inter
3176 4126 3302 4166 vera
3347 4112 3621 4182 religionis

2043 4203 2364 4258 Christianae
2403 4203 2648 4272 quaedam
2691 4201 2824 4256 falsa
2869 4202 3258 4266 intermiscere,
3286 4203 3427 4270 quod
3473 4202 3622 4257 nullo

2045 4295 2205 4348 modo
2229 4292 2346 4348 ﬁeri
2371 4293 2583 4359 debuit;
2603 4293 2862 4362 scriptum
2884 4301 2970 4347 est
2993 4291 3137 4347 enim
3169 4309 3182 4344 :
3211 4290 3478 4344 Modicum
3511 4293 3622 4361 [er-

369 4392 702 4446 orationibus
719 4365 969 4446 istudete.
1001 4388 1174 4443 Nolite
1219 4388 1448 4443 invicem
1481 4365 1794 4441 iniecclesia
1823 4402 1944 4442 ver-
1971 4365 2020 4423 Ῑ)
2048 4391 2278 4436 mentum
2319 4391 2480 4436 totam
2518 4398 2748 4436 massam
2788 4379 3072 4448 corrumpit
3125 4377 3176 4449 (I
3201 4375 3322 4432 Cor.
3371 4377 3448 4448 v).
3486 4377 3622 4432 Nam

371 4480 570 4544 bosari,
600 4483 698 4536 sed
725 4481 889 4549 quieti
920 4494 1058 4534 esse.
1107 4477 1245 4532 Sunt
1283 4477 1426 4532 enim
1455 4477 1694 4546 plurimi,
1727 4484 1781 4531 et
1807 4492 1944 4546 pra:-

370 4572 519 4640 cipue
545 4571 738 4640 aliquae
779 4571 1058 4637 mulieres,
1089 4585 1207 4639 quae
1238 4569 1312 4622 ita
1359 4568 1412 4622 in
1448 4568 1673 4623 ecclesia
1703 4569 1945 4639 garriunt

372 4660 467 4733 [et]
509 4662 584 4715 ita
626 4661 1001 4724 verbosautur,
1052 4669 1112 4713 ut
1153 4658 1414 4713 lectiones
1447 4657 1656 4712 divinas
1682 4673 1784 4712 nec
1816 4657 1944 4726 ipsa:

371 4752 608 4814 audiant,
641 4765 739 4804 nec
765 4750 901 4803 alios
935 4749 1119 4803 audire
1159 4747 1496 4817 permittant.
1538 4745 1787 4814 Nunquid
1817 4747 1944 4800 talis

370 4849 662 4896 conventus
684 4855 806 4895 cum
838 4839 929 4893 tali
958 4838 1167 4904 ordine,
1198 4837 1395 4892 fratres
1421 4836 1548 4901 mei,
1579 4837 1632 4890 in
1667 4837 1826 4891 domo
1849 4836 1943 4891 Dei

369 4932 524 4987 debet
554 4931 706 4995 ﬁeri;
752 4939 848 4985 aut
901 4929 1083 4984 taliter
1136 4929 1291 4984 decet
1334 4928 1389 4981 in
1433 4936 1721 4996 conspectu
1756 4927 1850 4981 Dei
1890 4936 1944 4982 et

367 5034 678 5079 sanctorum
704 5023 1014 5094 angelorum
1043 5020 1158 5091 ejus
1183 5020 1474 5076 assistere?
1495 5020 1684 5074 Adhuc
1706 5034 1941 5089 quoque,

365 5112 505 5182 quod
531 5114 688 5168 valde
714 5113 1000 5168 dolendum
1047 5125 1150 5179 est,
1194 5113 1452 5184 conqueri
1491 5113 1766 5168 vobiscum
1799 5112 1937 5176 volo,

372 5207 489 5275 quia
505 5214 632 5263 sunt
652 5206 835 5275 aliqui,
852 5206 1150 5261 etmaxime
1169 5214 1416 5277 potentes
1439 5205 1593 5260 istius
1611 5205 1810 5267 mundi,
1828 5205 1938 5272 qui,

368 5310 488 5349 cum
509 5297 736 5350 veniunt
766 5295 834 5349 ad
853 5295 1272 5360 ecclesiam,non
1305 5303 1430 5350 sunt
1457 5295 1634 5350 devoti
1663 5294 1728 5347 ad
1759 5295 1942 5348 laudes

367 5382 458 5438 Dei
485 5384 864 5449 celebrandas,
894 5385 988 5440 sed
1013 5393 1213 5454 cogunt
1251 5385 1622 5456 presbyterum
1655 5391 1714 5436 ut
1750 5383 1943 5437 abbre-

366 5477 474 5530 viet
501 5477 726 5532 missam
747 5486 803 5531 ct
829 5477 898 5531 ad
923 5477 1133 5532 libitum
1164 5492 1350 5532 eorum
1379 5485 1589 5539 cantet;
1619 5490 1719 5528 nec
1745 5474 1794 5528 ei
1821 5474 1944 5528 licet

371 5583 570 5624 morem
595 5569 1022 5625 ecclesiasticum
1070 5567 1222 5637 sequi
1263 5577 1484 5637 propter
1510 5567 1720 5620 illorum
1764 5564 1942 5636 gulam

2045 4489 2166 4529 cum
2190 4483 2314 4527 ante
2337 4473 2450 4526 dies
2476 4473 2679 4540 aliquot
2711 4471 2926 4540 quietus
2950 4467 3095 4522 domi
3134 4481 3428 4526 manerem.
3471 4478 3525 4523 et
3555 4469 3622 4522 de

2044 4564 2275 4618 utilitate
2299 4572 2503 4626 vestra,
2527 4561 2798 4631 quomodo
2824 4557 3124 4627 profectum
3151 4565 3392 4613 vestrum
3431 4558 3485 4612 in
3525 4559 3624 4613 Do-

2048 4655 2190 4708 mino
2237 4653 2644 4723 amplificarem,
2691 4667 2903 4706 mecum
2943 4659 3256 4716 tractarem,
3304 4653 3482 4706 subito
3509 4653 3623 4722 ipsa

2045 4743 2132 4797 die
2147 4744 2289 4798 circa
2312 4757 2590 4811 vesperam
2619 4750 2782 4811 atque
2808 4740 3020 4795 initium
3045 4740 3220 4795 noctis
3253 4751 3401 4796 tanta
3423 4741 3626 4795 vocife-

2047 4835 2184 4888 ratio
2209 4833 2388 4904 populi
2419 4831 2644 4895 exstitit,
2679 4839 2738 4884 ut
2774 4829 3146 4900 irreligiositas
3173 4829 3290 4897 ejus
3314 4839 3626 4900 penetraret

2046 4938 2219 4991 usque
2263 4922 2331 4976 ad
2375 4919 2591 4976 coelum.
2627 4918 2780 4986 Quod
2824 4935 2945 4973 cum
2977 4919 3306 4987 requirerem
3337 4919 3464 4987 quid
3519 4918 3622 4972 sibi

2047 5012 2250 5068 clamor
2277 5011 2365 5066 hic
2392 5009 2574 5075 vellet,
2607 5009 2860 5064 dixerunt
2903 5009 3034 5062 mihi
3060 5008 3202 5079 quod
3239 5007 3502 5062 laboranti
3543 5008 3626 5058 lu--

2048 5121 2129 5159 na:
2159 5111 2339 5159 vestra
2370 5100 2686 5157 vociferatio
2728 5099 3089 5166 subvenisset,
3121 5106 3177 5154 et
3215 5097 3480 5154 defectum
3503 5097 3621 5166 ejus

2049 5195 2160 5248 suis
2202 5193 2392 5247 studiis
2422 5189 2717 5259 adjuvaret.
2749 5189 2864 5244 Risi
2887 5189 3124 5258 quidem,
3152 5197 3208 5243 et
3237 5188 3460 5241 miratus
3501 5201 3621 5239 sum

2050 5287 2365 5347 vanitatem,
2405 5283 2546 5351 quod
2573 5281 2724 5351 quasi
2758 5279 2936 5335 devoti
2962 5279 3252 5335 Christiani
3277 5277 3386 5331 Deo
3415 5274 3622 5329 fereba-

2049 5377 2118 5432 tis
2157 5376 2435 5440 auxilium,
2477 5383 2732 5444 tanquam
2779 5373 2893 5442 ipse
2941 5372 3189 5427 infirmus
3226 5379 3280 5425 et
3315 5365 3619 5429 imbecillis,

2049 5470 2150 5524 nisi
2176 5468 2376 5523 nostris
2405 5465 2750 5535 adiuvaretur
2782 5465 3024 5530 vocibus,
3061 5479 3166 5518 non
3193 5460 3360 5531 possit
3392 5457 3622 5511 lumina-

2050 5561 2129 5615 ria
2159 5559 2445 5617 defendere
2486 5573 2604 5626 quae
2649 5557 2870 5610 creavit.
2897 5555 3064 5610 Facto
3092 5553 3287 5623 quippe
3326 5563 3485 5604 mane
3532 5561 3621 5602 sc-
