4040 6188
339 246 408 300 79
991 231 1053 286 Β.
1089 227 1344 286 RABANI
1382 223 1599 280 MAURI
1638 217 1958 276 ARCIIIEP.
2004 210 2313 271 MOGUNT.
2351 208 2640 265 OPERUM
2681 206 2861 263 PARS
2896 205 2960 260 ll.
3543 204 3609 258 si;

337 352 556 425 quantis
582 348 709 414 diei,
742 342 1067 401 soiscitabar
1109 342 1176 395 ab
1206 339 1286 394 eis
1313 337 1401 407 qui
1443 335 1510 389 ad
1544 350 1641 389 nos
1670 330 1923 385 \‘isilattzli
1955 341 2002 394 Α
2028 322 2245 393 quando
2286 322 2467 376 taliter
2507 319 2770 384 evenerit,
2816 333 2911 372 vos
2947 315 3277 371 elamerilus
3322 314 3611 378 laborare;

338 422 513 514 gratia
543 444 933 499 convenerant,
960 433 1004 486 si
1033 430 1213 500 aliqua
1234 428 1429 481 horum
1454 424 1535 478 eis
1565 422 1915 475 innotuerint.

336 510 409 590 lit
434 531 509 587 illi
533 527 760 600 professi
789 532 914 581 sunt
953 535 1012 577 se
1038 519 1234 575 similia
1263 525 1317 571 et
1347 516 1522 568 adhuc
1544 510 1724 582 pejora
1750 512 1802 564 in
1838 511 1922 566 his

337 622 465 679 locis
494 599 547 675 in
576 619 772 689 quibus
811 615 911 685 ipsi
942 619 1275 671 manserant,
1310 604 1587 661 sensisse:
1614 616 1740 655 nam
1785 599 1923 655 alius

343 710 616 767 referebat
659 706 922 776 mugitum
973 713 1239 757 cornuum
1284 709 1344 751 se
1391 694 1628 758 audisse,
1668 707 1823 762 quas:
1866 691 1920 744 iu

338 803 475 859 bella
519 796 938 858 cencitantium;
985 791 1141 855 alios,
1172 803 1462 861 porcorum
1491 785 1765 856 grunitum
1791 799 1921 836 exe-

334 889 757 963 gisse:quidam
809 898 942 938 vero
994 880 1292 936 narrabant
1324 877 1469 948 quod
1513 875 1648 930 alios
1688 873 1925 927 viderint

337 981 440 1035 tela
470 988 524 1034 et
559 979 787 1048 sagittas
826 978 1016 1028 contra
1056 969 1242 1023 lunam
1268 966 1539 1036 iactasse;
1579 963 1719 1017 alios
1742 970 1923 1015 autent

336 1073 485 1128 focos
508 1070 563 1124 in
590 1067 785 1123 emlum
813 1061 1110 1134 Sparsisse;
1139 1057 1647 1125 afﬁrmaveruntque
1674 1054 1817 1124 quod
1844 1053 1926 1105 lu-

336 1178 462 1219 nam
508 1160 691 1217 nescio
737 1172 859 1229 qua:
899 1161 1151 1226 portenta
1192 1151 1480 1216 laniarent,
1510 1156 1565 1204 et
1596 1147 1699 1202 nisi
1734 1146 1836 1217 ipsi
1871 1145 1924 1200 ei

335 1257 597 1312 auxilium
625 1252 951 1325 prmberent,
982 1246 1198 1318 penitus
1238 1244 1386 1299 illam
1416 1243 1530 1313 ipsa
1556 1248 1799 1297 monstra
1832 1239 1926 1294 de—

338 1357 596 1407 verarent
622 1364 636 1401 :
667 1345 758 1400 alii
784 1354 915 1400 vero
956 1350 1015 1397 ut
1053 1338 1432 1397 satisfacerent
1465 1336 1772 1391 daemonum
1811 1333 1928 1388 illu—

328 1439 505 1507 .siuni,
535 1437 680 1509 quod
708 1449 871 1507 sepes
917 1446 1046 1488 suas
1088 1429 1256 1485 armis
1299 1425 1578 1490 scidcrint,
1610 1432 1666 1480 et
1705 1422 1922 1480 vascula

328 1546 459 1602 qua)
482 1529 625 1600 apud
672 1540 731 1582 se
770 1522 916 1580 demi
953 1520 1244 1585 habebant,
1278 1516 1561 1590 fregerint,
1590 1514 1747 1585 quasi
1794 1512 1925 1602 illud

322 1601 479 1677 deum
504 1617 799 1692 plurimum
828 1612 1118 1685 proliceret
1149 1611 1205 1665 in
1242 1606 1523 1663 auxilium.
1552 1605 1681 1671 Quae
1718 1609 1804 1658 est
1831 1601 1924 1656 de-

338 1712 566 1777 mentia,
619 1707 837 1770 fratres,
871 1716 1060 1773 quaeve
1106 1702 1225 1755 haec
1259 1693 1784 1764 insaniaYanuid
1824 1707 1921 1747 vos
1949 1708 1995 1768 Β

324 1805 596 1861 fortiores
617 1799 748 1856 estis
771 1797 907 1862 Deo,
932 1803 992 1850 ut
1018 1807 1118 1865 pro
1140 1791 1231 1847 ille
1252 1802 1493 1862 pugnare
1515 1785 1766 1843 nitamini
1790 1802 1805 1840 :
1832 1792 1925 1839 aut

330 1916 465 1957 sues
493 1907 686 1956 vestras
711 1893 1045 1968 potentiores
1062 1888 1269 1961 angelis
1296 1887 1414 1958 ejus
1440 1892 1589 1951 sunt,
1618 1891 1677 1938 ut
1704 1881 1924 1955 grunitu

336 2008 439 2047 suo
469 1990 573 2060 ipsi
608 1983 929 2058 indigeant?
955 1981 1236 2048 Quomodo
1267 1977 1407 2033 cosio
1449 1982 1506 2030 et
1550 1973 1819 2029 sideribus
1846 1969 1929 2027 fe-

340 2082 475 2138 retis
500 2079 783 2143 auxilium,
813 2075 907 2146 qui
932 2071 1291 2141 vosmetipsos
1319 2083 1373 2122 ιιι
1405 2075 1547 2121 terra
1588 2078 1695 2119 non
1725 2061 1926 2118 suffici-

330 2172 410 2228 Atis
441 2169 509 2226 ad
545 2163 978 2241 protegendum?
1010 2160 1149 2228 Quid
1181 2158 1418 2230 superbit
1450 2156 1593 2241 cinis
1633 2154 1927 2241 etpulvis?

334 2235 633 2322 (Eccli.-x.)
656 2235 932 2320 scriptum
952 2254 1038 2301 est
1053 2244 1199 2299 enim
1235 2259 1251 2296 :
1275 2255 1379 2294 non
1396 2246 1472 2293 est
1493 2237 1545 2291 in
1570 2235 1796 2291 hominis
1822 2246 1917 2300 po-

339 2354 526 2403 testate
542 2346 627 2400 via
648 2329 975 2414 ejusUerJ)
994 2352 1010 2392 :
1026 2336 1161 2392 eriet
1176 2332 1395 2401 spiritus
1414 2329 1549 2401 ejus,
1567 2336 1616 2383 et
1638 2332 1914 2382 revertetur

338 2443 395 2493 in
441 2448 638 2494 terram
659 2434 840 2501 (Psal.
886 2429 1070 2500 exn).
1091 2425 1233 2494 Quid
1263 2423 1446 2479 dicant
1473 2421 1651 2482 vobis,
1685 2419 1880 2474 fratres
1903 2435 1923 2471 :

328 2518 506 2575 dando
532 2516 666 2574 res?
698 2516 754 2572 in
790 2516 895 2571 hoc
938 2528 1046 2569 non
1073 2511 1254 2577 laude,
1289 2510 1414 2580 quia
1438 2524 1536 2582 per
1561 2508 1835 2565 diabolum
1867 2508 1932 2565 il-

347 2610 472 2676 lusi,
494 2608 758 2682 paganico
775 2605 955 2662 errori
983 2619 1053 2660 ex
1075 2610 1229 2675 parte
1250 2616 1357 2658 non
1378 2615 1543 2673 parva
1570 2600 1735 2657 dediti
1759 2600 1925 2667 estis;

337 2707 397 2755 et
422 2700 527 2755 hoc
547 2698 715 2765 unde,
745 2697 852 2753 nisi
876 2711 943 2751 ex
964 2694 1210 2766 paganis,
1236 2707 1466 2765 quorum
1496 2693 1769 2749 consortia
1808 2692 1932 2749 dili-

340 2790 495 2862 gitis,
522 2803 710 2844 eorum
739 2801 921 2842 meres
960 2783 1250 2840 imitamini
1279 2801 1294 2837 :
1331 2782 1635 2839 eontradixi
1665 2783 1809 2838 enim
1827 2798 1928 2838 ve-

344 2882 431 2937 bis
468 2880 666 2950 stepius
711 2877 929 2933 illorum
967 2874 1241 2932 consortia
1280 2881 1338 2930 ct
1372 2871 1603 2930 nefanda
1641 2873 1924 2941 convivia;

334 2973 442 3029 sed
467 2971 690 3029 obedire
714 2968 845 3025 mihi
873 2981 972 3024 vos
1011 2974 1161 3023 vetat
1198 2964 1447 3020 avaritia.
1476 2962 1766 3021 Pecuniam
1803 2963 1928 3019 dili-

2020 415 2317 486 permittite
2346 412 2590 468 Creatori
2630 411 2895 466 facturam
2930 424 3110 469 suam,
3147 408 3261 477 ipse
3291 407 3437 462 enim
3475 420 3618 475 opus

2020 520 2178 562 suum
2209 505 2312 560 scit
2348 518 2555 573 regere,
2586 502 2679 572 qui
2726 502 2899 571 potuit
2920 509 2975 555 et
3013 515 3221 555 creare.
3264 498 3322 554 Si
3352 515 3485 570 ergo
3512 499 3617 552 ali-

2019 613 2126 669 qua
2153 599 2303 666 signa
2336 595 2528 650 in-sole
2558 594 2642 648 vel
2667 594 2815 657 luna,
2857 591 2939 646 vel
2984 591 3176 656 stellis,
3218 591 3435 646 insolito
3464 604 3620 645 more

2022 688 2391 758 apparuerint,
2437 700 2658 740 necesse
2704 692 2788 739 est
2834 684 2980 739 enim
3027 692 3085 737 ut
3125 685 3258 738 fiant
3305 695 3431 739 ante
3472 684 3619 738 dictu

2023 793 2274 848 magnum
2299 775 2505 845 jUtiiCii,
2536 775 2832 829 secundum
2865 772 3114 828 Veritatis
3141 788 3355 837 vocent,
3376 789 3482 827 non
3522 786 3621 825 vos

2003 878 2152 936 tunc
2183 868 2274 921 tali
2300 866 2682 936 superstitione
2725 862 2987 934 fatigatis,
3021 864 3113 917 sed
3145 864 3316 934 magis
3348 864 3402 917 in
3432 863 3620 918 cordi-

2021 958 2128 1013 bus
2174 956 2375 1011 vestris
2410 954 2618 1008 Domini
2663 953 3094 1007 misericordiam
3141 952 3529 1021 deprecemini,
3563 968 3622 1009 et

2023 1046 2178 1118 signa
2219 1060 2318 1100 vos
2342 1045 2522 1099 erucis
2555 1043 2761 1098 Christi
2789 1042 3152 1112 consignatis;
3195 1051 3462 1111 quatenus
3500 1044 3620 1115 ipse

2023 1139 2115 1209 qui
2144 1153 2240 1194 vos
2273 1153 2370 1209 per
2396 1146 2642 1193 sanctam
2682 1150 2902 1189 crucem
2936 1135 3203 1189 redimere
3223 1135 3478 1204 dignatus
3504 1146 3618 1206 est,

2024 1231 2081 1285 in
2127 1231 2360 1286 adventu
2409 1229 2594 1301 gloriae
2634 1243 2767 1294 suae,
2818 1225 2936 1296 ejus
2983 1227 3251 1282 tutaminc
3306 1227 3503 1284 illaesos
3546 1232 3620 1287 ab

2022 1320 2171 1376 eunti
2197 1332 2384 1376 eriere
2405 1332 2733 1375 conservare
2755 1317 3030 1388 dignetur,
3054 1316 3213 1373 .Iesus
3237 1316 3496 1374 Christus
3518 1320 3621 1374 De-

2022 1413 2206 1468 minus
2239 1422 2295 1468 et
2323 1411 2576 1467 Salvator
2603 1418 2809 1476 noster,
2837 1409 2931 1480 qui
2967 1425 3093 1465 cum
3122 1410 3284 1467 Patre
3321 1422 3377 1468 et
3408 1414 3619 1485 Spiritu

2022 1512 2211 1559 sancto
2230 1503 2379 1558 venit
2404 1511 2461 1557 et
2486 1510 2677 1573 regnat
2705 1502 2850 1557 Deus
2878 1514 2976 1572 per
3000 1503 3184 1558 omnia
3207 1506 3406 1560 saecula
3435 1521 3617 1562 sarcu—

2022 1593 2220 1649 lornm.
2248 1595 2443 1650 Amen.

2558 1690 2842 1748 HOMILIA
2882 1691 3066 1747 XLIII.

2025 1798 2239 1841 εοκῐιιι
2279 1798 2574 1841 ιἈςΑΜεοε
2605 1797 2868 1850 ειιιοιιεδ,
2904 1800 3038 1849 QUOS
3070 1803 3248 1851 ALIQUI
3290 1803 3358 1842 DE
3388 1803 3620 1849 BUDIBUI

2456 1868 2795 1910 CHRISTIANIS
2823 1870 3157 1919 SEQUUNTUB.

2094 1965 2351 2036 Legimus
2378 1965 2433 2020 in
2485 1964 2666 2021 Veteri
2704 1966 3051 2022 Testamento
3098 1967 3387 2026 Dominum
3416 1973 3617 2044 populo

2022 2068 2122 2109 suo
2149 2068 2311 2124 quem
2336 2053 2502 2124 elegit
2545 2053 2651 2109 sibi
2677 2054 2732 2108 in
2772 2054 3146 2111 haereditatem
3191 2058 3264 2112 ita
3290 2065 3617 2133 praecepisse

2024 2142 2208 2215 (Leuit.
2240 2144 2376 2215 xx):
2407 2142 2593 2199 Sancti
2631 2153 2814 2210 estote,
2850 2144 2974 2215 quia
3014 2158 3063 2199 et
3107 2162 3200 2217 ego
3242 2162 3457 2206 sanctus
3494 2168 3615 2207 sunt

2024 2232 2280 2288 Dominus
2311 2233 2451 2288 Deus
2493 2244 2678 2288 vester.
2731 2232 2913 2289 Nolite
2949 2235 3222 2293 ambulare
3270 2240 3325 2294 in
3365 2240 3618 2313 legitimis

2026 2323 2318 2389 nationum,
2364 2338 2497 2394 quas
2534 2338 2627 2394 ego
2664 2323 2979 2394 expulsurus
3024 2342 3142 2380 sunt
3175 2338 3296 2383 ante
3326 2347 3415 2386 vos
3442 2348 3462 2386 :
3491 2350 3620 2404 pro-

2024 2421 2140 2485 pter
2170 2412 2366 2469 scelera
2394 2414 2532 2469 enim
2555 2416 2790 2485 ipsarum
2823 2416 3158 2473 abominatus
3184 2435 3300 2473 sum
3326 2433 3435 2489 eas,
3463 2434 3511 2478 et
3535 2440 3621 2479 se-

2024 2504 2208 2576 paravi
2238 2520 2329 2561 vos
2361 2522 2394 2559 a
2425 2506 2628 2561 steteris
2649 2506 2881 2578 populis,
2907 2515 2963 2561 ut
2990 2510 3170 2564 essetis
3192 2513 3316 2565 ntei.
3344 2511 3622 2569 latrantes

2026 2595 2083 2650 in
2109 2604 2304 2651 terrain
2320 2611 2476 2668 quam
2499 2597 2636 2652 dabo
2657 2598 2821 2666 vobis,
2848 2599 3133 2671 disperdite
3164 2613 3379 2659 cunctos
3404 2605 3620 2661 habita-

2026 2695 2164 2741 tores
2186 2692 2342 2742 terrte
2363 2684 2529 2752 illius,
2562 2687 2877 2759 confringite
2901 2688 3081 2744 titulos
3104 2700 3154 2744 et
3177 2701 3382 2746 statuas
3403 2697 3625 2748 comm.“-

2028 2779 2190 2843 nuite,
2215 2786 2371 2850 atque
2408 2780 2584 2833 omnia
2608 2778 2813 2834 excelsa
2844 2791 3061 2836 vastate.
3091 2780 3365 2851 Maleficos
3391 2785 3447 2838 in
3475 2794 3622 2842 terra

2026 2879 2196 2925 vestra
2216 2885 2320 2925 non
2341 2870 2614 2941 patimini
2638 2872 2828 2925 vivere.
2866 2871 2962 2926 Vir
2982 2873 3089 2928 sive
3112 2873 3322 2941 mulier,
3348 2876 3403 2928 in
3427 2878 3626 2947 quibus

2027 2957 2272 3031 pythonis
2294 2959 2511 3030 spiritus
2531 2960 2607 3016 vel
2628 2960 2966 3017 divinationis
2988 2962 3174 3032 fuerit,
3195 2974 3361 3019 morte
3382 2967 3626 3020 morian-

344 3065 493 3138 gitis,
522 3071 577 3120 et
601 3063 904 3136 gehennam
929 3074 1036 3115 non
1067 3056 1464 3132 expavescitis;
1495 3054 1804 3128 corporales
1828 3055 1927 3113 de-
1955 3046 2000 3110 C
2035 3063 2125 3109 tur
2145 3052 2331 3124 (Num.
2358 3056 2580 3127 χχχιιι.)
2605 3055 2871 3124 lapidibus
2895 3059 3103 3113 obruite
3124 3058 3248 3113 illos
3274 3062 3394 3114 :sin
3436 3070 3625 3113 autem

344 3157 502 3213 licias
527 3153 800 3226 appetitis,
829 3160 885 3208 et
921 3149 1151 3207 salutem
1188 3148 1382 3205 anima:
1416 3154 1679 3204 inteream
1704 3145 1931 3217 negligi-

338 3248 420 3303 sis
451 3245 699 3303 :idcirco
742 3257 845 3300 nec
883 3242 1128 3314 corporis
1155 3254 1258 3296 nec
1300 3240 1495 3296 anima:
1518 3238 1808 3296 sanitatem
1838 3237 1937 3292 ha-

344 3338 482 3394 bere
508 3334 791 3407 peteritis;
822 3332 974 3403 quia,
1017 3339 1077 3387 ut
1115 3331 1191 3387 ait
1227 3328 1503 3401 apostolus
1540 3326 1739 3384 Paulus
1762 3344 1777 3381 :
1804 3325 1936 3381 Ideo

349 3436 472 3481 sunt
502 3427 640 3480 inter
672 3441 759 3479 vos
787 3423 941 3478 multi
964 3420 1165 3493 inﬁrmi
1188 3431 1237 3477 et
1264 3419 1564 3485 imbecilles,
1590 3428 1639 3475 et
1671 3418 1939 3474 dormiunt

347 3516 503 3571 multi
522 3514 574 3587 (ι
606 3511 731 3569 Cor.
779 3515 879 3587 ιι).
925 3510 1104 3567 Nolite
1128 3526 1337 3576 errare,
1383 3508 1602 3576 fratres,
1641 3508 1812 3564 nolite
1837 3507 1939 3563 hu-

343 3604 647 3678 juscemodi
673 3603 952 3660 erroribus
978 3600 1155 3673 decipi
1183 3617 1198 3656 :
1225 3599 1434 3655 Domini
1463 3610 1537 3655 est
1573 3607 1715 3653 terra
1753 3607 1802 3653 et
1827 3597 1938 3669 ple-

352 3696 541 3751 nitudo
566 3696 702 3769 ejus,
745 3694 886 3751 orbis
922 3704 1184 3750 terrarum
1227 3704 1273 3747 et
1318 3690 1544 3746 universi
1577 3690 1667 3762 qui
1700 3688 1940 3744 habitant

344 3791 407 3843 in
437 3806 496 3844 eo
534 3786 709 3861 (Psal.
737 3792 918 3860 χχιιι).
948 3785 1139 3842 Beatus
1166 3785 1319 3857 cujus
1358 3795 1433 3840 est
1468 3783 1611 3840 Deus
1647 3780 1814 3837 Jacob
1842 3780 1941 3836 ad—

346 3883 502 3952 jutor
525 3881 639 3951 ejus
664 3895 682 3933 :
704 3894 818 3950 spes
853 3879 968 3950 ejus
1002 3879 1055 3931 in
1084 3877 1307 3932 Domino
1346 3877 1458 3933 Deo
1481 3879 1667 3950 ipsius,
1702 3875 1793 3947 qui
1817 3876 1940 3946 fecit

352 3970 542 4025 caelum
569 3979 615 4024 et
646 3980 864 4033 terram,
902 3982 1047 4021 mare
1071 3976 1118 4021 et
1142 3966 1317 4020 omnia
1344 3982 1461 4036 qua:
1494 3967 1548 4019 in
1578 3967 1652 4020 eis
1679 3976 1820 4029 sunt,
1851 3965 1941 4036 qui

354 4059 583 4114 custodit
629 4057 898 4112 veritatem
925 4057 979 4110 in
1006 4056 1258 4110 sarculum
1293 4052 1465 4127 (l’sal.
1489 4054 1669 4125 (λιν).
1699 4054 1817 4123 Ipsa
1846 4069 1942 4109 au-

356 4157 466 4205 tem
522 4155 786 4214 monstra,
818 4160 937 4217 qua:
964 4145 1146 4201 dicitis
1172 4144 1376 4210 lunam,
1408 4143 1649 4200 defectus
1684 4145 1766 4199 sui
1808 4153 1942 4199 tem-

357 4259 512 4318 pore,
550 4241 780 4309 laniare,
816 4241 951 4297 nihil
981 4252 1133 4306 sunt;
1165 4254 1341 4310 neque
1369 4239 1514 4294 enim
1538 4241 1686 4296 credi
1732 4238 1823 4295 fas
1858 4248 1943 4296 est

358 4332 609 4389 homines
637 4332 689 4387 in
731 4330 939 4387 belluas
966 4342 1127 4403 posse
1151 4327 1349 4384 mutari
1374 4342 1390 4383 :
1416 4329 1511 4385 sed
1548 4328 1849 4384 dmmenum
1879 4330 1943 4383 tl-

2036 3144 2312 3200 nolueritis
2331 3144 2635 3215 huiusmodi
2650 3148 3063 3220 ἔπιθι-ᾔσθη,ῃὶ
3076 3150 3449 3214 remanserint,
3467 3158 3628 3203 erunt

2034 3238 2181 3293 vobis
2198 3238 2353 3308 quasi
2372 3238 2511 3294 clavi
2534 3240 2589 3294 in
2603 3240 2771 3295 oculis
2786 3251 2834 3296 et
2856 3240 3055 3296 lancea:
3065 3242 3120 3295 in
3138 3241 3391 3296 lateribus
3411 3282 3427 3305 ,
3453 3250 3504 3294 et
3524 3241 3629 3295 ad-

2036 3330 2389 3385 versabantur
2407 3331 2547 3386 vobis
2564 3332 2619 3385 in
2636 3340 2777 3387 terra
2795 3332 3365 3399 habitationis-vestrm,
3392 3342 3440 3387 et
3460 3333 3628 3401 quid-

2034 3416 2163 3490 quid
2189 3416 2297 3473 illis
2325 3418 2498 3491 {acere
2528 3419 2898 3490 cogitaveram,
2939 3421 3081 3477 vobis
3110 3421 3324 3491 faciam.
3353 3422 3632 3490 Audistis,

2036 3507 2236 3564 fratres
2258 3509 2589 3576 charissimi,
2615 3523 2780 3578 quam
2811 3511 3127 3568 terribiliter
3148 3512 3329 3568 divina
3351 3527 3456 3568 rex
3478 3529 3630 3570 com-

2037 3601 2277 3658 minatur
2300 3601 2384 3656 his
2411 3600 2506 3672 qui
2529 3601 2880 3658 adversarios
2904 3617 3031 3658 suos
3060 3617 3246 3659 secum
3276 3618 3497 3661 manere
3528 3621 3633 3676 pa-

2038 3693 2279 3759 tiuntur;
2311 3694 2477 3748 timeo
2505 3694 2649 3764 quod
2677 3694 2847 3750 vestri
2884 3695 3285 3751 cohabitatores
3309 3697 3461 3753 vobis
3492 3698 3633 3753 finiit

2039 3783 2096 3839 in
2133 3783 2447 3838 scandalum
2470 3792 2525 3838 et
2550 3783 2603 3837 in
2635 3782 2872 3850 ruinam,
2899 3799 3131 3855 quorum
3158 3801 3339 3843 mores
3360 3789 3628 3858 pravissi-

2039 3889 2158 3931 mes
2193 3875 2503 3930 imitamini.
2549 3875 2830 3942 Quomodo
2875 3877 3019 3933 enim
3047 3893 3169 3933 cum
3201 3878 3416 3935 Christo
3440 3890 3495 3934 et
3526 3896 3633 3936 an-

2040 3964 2173 4037 gelis
2205 3964 2322 4036 ejus
2365 3967 2665 4037 regnabant
2707 3967 2760 4021 in
2802 3966 2973 4033 cmlis,
3004 3968 3097 4038 qui
3149 3983 3275 4024 cum
3323 3969 3537 4026 diabolo
3573 3982 3631 4027 et

2042 4056 2304 4114 ministris
2328 4058 2444 4129 ejus
2475 4058 2789 4113 societatem
2820 4058 3021 4113 habent
3048 4058 3102 4113 in
3125 4059 3326 4115 terris?
3355 4063 3637 4129 quomodo

2042 4147 2353 4216 gaudebunt
2377 4147 2432 4200 in
2478 4147 2726 4203 convivio
2767 4148 2990 4218 perenni
3021 4157 3360 4215 sanctorum,
3390 4150 3482 4219 qui
3522 4167 3635 4206 non

2044 4244 2307 4306 respuunt
2325 4236 2570 4291 convivia
2588 4235 2819 4292 nefanda
2842 4237 3213 4308 paganorum?
3236 4236 3342 4292 Aut
3360 4240 3640 4307 quomodo

2048 4327 2102 4382 in
2133 4327 2252 4382 luce
2272 4337 2531 4399 perpetua
2556 4338 2782 4398 possunt
2802 4328 2990 4385 laudes
3018 4328 3127 4384 Deo
3159 4330 3339 4384 dicere
3375 4345 3496 4384 eum
3537 4346 3643 4385 an-

355 4427 468 4482 ctio
487 4426 605 4483 haec
630 4424 941 4481 hominibus
971 4421 1147 4479 brutis
1178 4428 1233 4477 et
1263 4420 1642 4492 insipientibus
1668 4436 1766 4491 per
1797 4436 1945 4491 quae-
1971 4403 2022 4463 Ῑ)
2048 4418 2204 4490 gelis,
2226 4419 2317 4489 qui
2343 4419 2428 4475 hic
2453 4417 2666 4473 diabolo
2697 4420 2952 4475 exhibent
2987 4420 3228 4475 funestos
3252 4419 3408 4475 ludos
3434 4420 3488 4475 in
3513 4422 3643 4476 itio—

360 4518 485 4573 dam
514 4517 893 4587 phantasmata
920 4514 1139 4586 ingerit,
1166 4527 1273 4583 quo
1302 4511 1514 4569 facilius
1539 4527 1633 4568 eos
1654 4512 1860 4582 possint
1878 4513 1945 4566 ad

361 4605 723 4663 idololatriam
756 4619 1071 4675 provocare.
1106 4603 1210 4660 Sed
1250 4618 1319 4660 ne
1348 4602 1487 4662 forte
1526 4602 1719 4659 dubios
1749 4619 1812 4658 ac
1842 4603 1948 4659 sel-

362 4697 542 4752 licitos
585 4695 650 4749 de
676 4695 817 4749 luna:
843 4694 1203 4758 obScuritate,
1242 4708 1362 4765 qua:
1407 4708 1579 4765 nuper
1604 4694 1819 4758 accidit,
1851 4709 1948 4749 vos

364 4795 693 4866 relinquam,
718 4807 823 4847 non
846 4791 1070 4853 esthoc,
1104 4787 1324 4856 fratres,
1355 4790 1574 4863 aliquod
1602 4797 1943 4860 portentum;

366 4885 462 4940 scd
503 4884 767 4939 naturalis
795 4883 877 4938 vis
911 4882 1053 4954 cogit
1086 4880 1255 4937 solem
1297 4897 1361 4937 ac
1396 4881 1576 4936 lunam
1616 4881 1795 4936 taliter
1821 4880 1951 4935 ecli-

366 4979 511 5051 psin,
543 4978 645 5032 hoc
670 4987 753 5033 es:
790 4972 1085 5041 defectum,
1131 4973 1262 5046 pati.
1304 4972 1439 5028 Nam
1484 4974 1768 5028 manifesta
1814 4972 1951 5027 ratio

367 5069 561 5138 probat
601 5065 768 5122 solent
814 5066 1117 5121 interventu
1149 5062 1318 5130 litum,
1342 5080 1461 5134 qua:
1506 5064 1730 5120 inferior
1767 5080 1949 5130 cursu,

368 5163 548 5217 lumen
576 5161 642 5215 ad
672 5168 887 5215 nostros
905 5156 1091 5215 oculos
1121 5171 1226 5211 non
1252 5171 1410 5226 posse
1431 5156 1774 5226 perfundere,
1809 5156 1953 5225 quod

370 5256 433 5308 lit
460 5252 513 5307 in
546 5262 786 5322 tempore
832 5246 1171 5305 accensionis
1210 5247 1360 5319 ejus;
1392 5245 1570 5300 lunam
1600 5260 1727 5301 vero
1754 5245 1948 5300 simili-

371 5356 476 5412 ter,
510 5361 629 5415 que:
675 5360 704 5397 a
744 5342 857 5398 sole
884 5340 1209 5405 illustratur,
1254 5354 1351 5410 per
1378 5338 1622 5391 umbram
1665 5347 1821 5394 terra:
1850 5337 1950 5392 eb-

372 5438 580 5493 scurari
624 5436 677 5492 in
706 5431 1022 5506 plenilunio,
1052 5433 1154 5488 hoc
1180 5438 1263 5487 est
1306 5430 1359 5485 in
1403 5429 1589 5499 quinta
1630 5428 1838 5483 decima
1867 5429 1954 5483 die

370 5529 549 5584 atatis
570 5528 706 5600 ejus,
750 5523 966 5598 quando
1014 5521 1094 5578 sel
1129 5522 1182 5577 in
1228 5520 1333 5576 alia
1377 5529 1530 5591 parte
1568 5519 1708 5583 CtL‘il,
1743 5534 1808 5570 ex
1847 5518 1952 5571 alia

373 5618 499 5673 luna
547 5620 767 5676 relucet.
831 5616 897 5672 Et
942 5615 1064 5673 ideo
1119 5630 1223 5669 non
1278 5621 1361 5669 est
1403 5628 1663 5674 necesse,
1715 5609 1950 5676 fratres,

2051 4508 2154 4565 lis?
2179 4508 2467 4581 Apostolus
2487 4518 2668 4564 autem
2690 4509 2995 4580 bujusmedi
3020 4524 3116 4564 nos
3136 4509 3409 4565 consortia
3433 4512 3643 4567 habere

2046 4611 2196 4658 vetat
2224 4610 2279 4657 et
2307 4602 2434 4657 dicit
2462 4601 2509 4674 (1
2545 4600 2666 4656 Cor.
2699 4600 2753 4673 ς)
2777 4621 2788 4655 :
2825 4602 3156 4668 Charissimi,
3178 4602 3342 4674 fugite
3373 4603 3437 4656 ab
3465 4605 3645 4658 idolo-

2051 4708 2166 4747 rum
2199 4690 2426 4747 cultura.
2467 4690 2607 4746 Nolo
2638 4703 2812 4746 autem
2843 4708 2928 4746 res
2961 4693 3077 4761 ﬁeri
3122 4693 3290 4746 socios
3341 4692 3641 4748 dtrmonio-

2052 4794 2208 4848 runt;
2244 4798 2346 4837 non
2374 4782 2582 4853 potestis
2614 4781 2829 4837 calicem
2875 4780 3088 4837 Domini
3126 4781 3298 4837 bibere
3320 4792 3366 4836 et
3417 4783 3644 4838 calicem

2050 4872 2470 4937 dwmonierum;
2508 4888 2609 4926 non
2636 4874 2845 4943 potestis
2877 4887 3069 4925 mensa:
3098 4868 3311 4924 Domini
3351 4871 3647 4942 participes

2050 4978 2193 5027 esse,
2254 4972 2303 5016 et
2364 4977 2555 5016 mensa:
2609 4960 3009 5016 da'moniorum.
3061 4959 3128 5016 Et
3179 4960 3310 5014 item
3360 4958 3469 5013 alio
3521 4961 3648 5018 loco

2052 5052 2138 5125 (II
2169 5051 2292 5109 Cor.
2323 5052 2401 5125 vt)
2431 5068 2446 5107 :
2474 5052 2673 5118 Nolite,
2702 5052 2896 5122 inquit,
2924 5054 3114 5123 jugum
3150 5053 3341 5109 ducere
3367 5068 3487 5109 cum
3519 5054 3651 5123 inﬁ-

2051 5145 2274 5201 delibus.
2311 5143 2444 5209 Qute
2474 5146 2611 5200 cuitu
2654 5144 3246 5217 participatiojustititr,
3285 5163 3401 5200 cum
3448 5146 3650 5219 iniqui—

2053 5247 2183 5304 tate,
2224 5248 2315 5292 aut
2356 5252 2475 5309 qua:
2501 5237 2722 5292 societas
2748 5236 2852 5290 luci
2878 5236 2947 5289 ad
2989 5235 3266 5302 tenebras;
3303 5252 3419 5305 quae
3465 5246 3648 5291 mitem

2056 5332 2324 5385 conventio
2354 5328 2551 5385 Christi
2580 5328 2648 5383 ad
2670 5326 2861 5394 Belial,
2892 5338 2981 5382 aut
3010 5344 3128 5400 quia
3165 5343 3289 5399 pars
3336 5325 3482 5396 ﬁdeli
3522 5345 3649 5382 cum

2058 5421 2254 5491 inﬁdeli
2280 5437 2296 5474 :
2319 5421 2435 5491 quis
2459 5427 2633 5473 autem
2660 5410 2949 5473 consensus
2973 5418 3162 5488 tentplo
3188 5418 3285 5472 Dei
3312 5432 3427 5470 cum
3454 5415 3650 5471 idolis:

2058 5528 2146 5567 vos
2167 5512 2288 5566 estis
2315 5508 2560 5581 templum
2588 5507 2686 5562 Dei
2715 5510 2810 5563 viri
2826 5526 2843 5573 ;
2871 5512 3006 5563 sicut
3043 5509 3167 5564 dicit
3211 5507 3373 5572 Deus,
3404 5523 3528 5577 quia
3564 5507 3647 5564 in»

2060 5604 2305 5659 habitabo
2335 5603 2389 5656 in
2418 5600 2550 5668 illis,
2577 5610 2625 5655 et
2654 5601 2988 5654 inambuhbo
3024 5602 3160 5655 inter
3189 5617 3297 5667 eos,
3336 5609 3382 5653 ct
3410 5614 3498 5653 ero
3519 5600 3652 5653 illo-
