4040 6188
349 453 402 510 81
1296 453 1595 509 ηοΜιιιΑῑ
1640 455 1724 509 DE
1764 455 1911 509 FES'I

2037 455 2446 521 ΡῐὶέΕΟΙΙἚΙΒ,
2488 458 2637 513 ETC.
3529 466 3598 523 8‘3

346 583 452 621 rum
483 565 647 630 Deus,
686 575 735 618 et
792 566 888 636 ipsi
929 577 1078 619 erunt
1124 567 1250 620 mihi
1285 568 1525 637 populus.
1555 568 1914 640 Quapropter,
1944 572 1996 631 Α

349 657 535 711 fratres
563 654 894 716 charissimi,
915 656 981 708 ab
1008 654 1312 725 hujusmodi
1344 673 1439 712 vos
1465 659 1742 714 erroribus
1788 675 1917 728 pur-

347 754 484 816 gate,
518 754 576 800 et
609 743 748 798 filios
781 753 989 798 vestros
1030 760 1093 800 ac
1133 744 1374 800 subditos
1420 749 1488 802 ab
1534 749 1635 804 hac
1677 750 1915 820 nequitia

345 835 690 905 castigantes,
717 834 921 899 tollite;
949 835 1124 889 nullus
1147 851 1213 890 ex
1243 837 1395 892 vobis
1424 839 1730 910 cbaragios,
1762 850 1816 894 et
1836 842 1918 895 di-

345 929 514 992 vinos,
556 925 638 980 vel
669 926 955 1014 sortilegos
979 927 1240 996 requirat,
1272 944 1373 985 nec
1401 930 1465 984 de
1489 932 1729 1000 qualibet
1753 949 1918 989 causa

345 1031 434 1069 eos
459 1024 553 1068 aut
580 1014 896 1070 infirmitate
923 1017 1249 1088 interroget;
1283 1018 1462 1074 nullus
1487 1021 1587 1074 sibi
1615 1022 1917 1078 incantato-

347 1119 430 1157 res
471 1104 760 1158 adhibeat:
788 1105 913 1174 quia
959 1106 1264 1176 quicunque
1309 1107 1498 1164 fecerit
1549 1111 1652 1166 hoc
1694 1113 1912 1180 malum,

345 1193 522 1246 statim
560 1194 753 1262 perdet
806 1194 1055 1264 baptismi
1095 1209 1516 1266 sacramentum,
1567 1210 1623 1255 et
1661 1205 1916 1261 continuo

345 1282 640 1350 sacrilegus
666 1290 720 1336 et
743 1298 984 1354 paganus
1008 1283 1236 1340 efficitur
1264 1304 1278 1342 :
1302 1296 1359 1344 et
1385 1289 1488 1344 nisi
1516 1292 1748 1360 grandes
1774 1293 1916 1349 elec-

344 1389 601 1445 mosyntn,
627 1383 682 1429 et
710 1375 843 1429 dura
873 1391 936 1430 ac
973 1377 1179 1446 prolixa
1215 1380 1534 1448 pmnitentia
1581 1382 1914 1452 subvenerit,

341 1465 395 1521 in
424 1475 688 1520 aatemum
722 1467 937 1536 peribit.
963 1466 1222 1522 Similiter
1261 1479 1315 1524 et
1364 1473 1586 1542 auguria
1626 1473 1916 1532 observare

342 1556 525 1621 nolite,
558 1571 659 1611 nec
683 1557 735 1610 in
778 1557 971 1612 itinere
994 1559 1152 1629 positi
1200 1560 1404 1630 aliquas
1433 1563 1669 1619 aviculas
1692 1576 1915 1620 cantan-

345 1654 420 1700 tes
446 1647 746 1713 attendere,
775 1663 876 1703 nec
913 1664 981 1702 ex
1028 1649 1238 1704 illarum
1281 1653 1492 1706 cantico
1521 1654 1813 1710 diabolicas
1841 1656 1917 1710 di-

341 1736 647 1792 vinationes
666 1739 985 1795 annuntiare
1003 1739 1328 1809 prmsumitc.
1358 1741 1542 1796 Nullus
1562 1758 1626 1797 ex
1647 1745 1800 1798 vobis
1821 1745 1914 1800 ob-

339 1834 516 1879 servet
544 1843 651 1896 qua
683 1827 769 1881 die
795 1828 860 1881 de
892 1830 1051 1883 domo
1092 1839 1271 1896 exeat,
1305 1847 1409 1900 qua
1439 1833 1632 1888 iterum
1675 1845 1914 1890 reverta-

2553 572 2828 627 [IOMILIA
2882 572 3059 630 XLIV.

2090 678 2155 715 DE
2189 675 2432 716 BONORUM
2468 676 2896 718 CHRISTIANORUX
2936 681 3004 717 ΕΤ
3045 680 3076 717 Β
3121 679 3424 723 (ΞΟΞΠἭΔΒῙΟ
3461 683 3527 724 υς

2539 747 2788 787 ΜΔῙ.01Π.ΙΗ
2833 747 3080 788 IIOBIBUS.

2089 840 2313 912 Oportet
2341 857 2456 906 vos,
2481 841 2678 898 fratres
2707 844 3032 909 charissimi,
3065 843 3293 899 sollicite
3311 851 3368 900 et
3388 845 3596 905 intento

2019 931 2363 987 considerare
2400 931 2766 988 Christianum
2809 948 3038 996 nomen,
3087 934 3229 1000 quod
3275 948 3372 989 nos
3408 951 3600 993 omnes

2016 1021 2313 1090 gaudemus
2360 1022 2580 1086 habere,
2630 1021 2759 1090 quid
2803 1021 2958 1081 nobis
3004 1021 3264 1091 designet,
3304 1023 3434 1093 quid
3477 1039 3598 1094 pro-

2017 1109 2218 1172 mittat,
2262 1110 2496 1180 quidque
2527 1111 2682 1164 nobis
2730 1109 2854 1163 boni
2886 1109 3148 1174 conferat,
3187 1111 3287 1166 hoc
3327 1121 3429 1177 est,
3467 1115 3597 1182 quid

2017 1198 2283 1268 significet
2323 1199 2378 1252 in
2411 1199 2685 1271 religione,
2731 1201 2861 1269 quid
2907 1201 3183 1269 promittat
3211 1201 3264 1254 in
3312 1217 3428 1272 spe,
3465 1205 3596 1272 qui'l

2020 1287 2264 1344 conferat
2289 1289 2341 1342 in
2367 1290 2822 1346 remuneratione.
2859 1291 2904 1343 A
2932 1290 3146 1345 Christo
3170 1292 3314 1344 enim
3344 1292 3480 1346 Filio
3503 1293 3594 1348 Dei

2018 1378 2292 1448 unigenito
2327 1376 2620 1433 Christiani
2661 1394 2939 1446 vocamur,
2981 1388 3035 1433 et
3078 1379 3198 1435 ideo
3228 1382 3320 1449 qui
3363 1383 3490 1437 dicit
3534 1398 3594 1438 se

2018 1467 2384 1523 Christianum
2413 1484 2553 1534 esse,
2582 1469 2738 1524 debet
2761 1471 2900 1524 sicut
2941 1470 3029 1523 ille
3069 1471 3363 1525 ambulavit
3389 1480 3441 1527 et
3483 1474 3606 1543 ipse

2020 1557 2316 1623 ambulare,
2348 1559 2400 1612 id
2426 1566 2509 1612 est
2540 1557 2591 1610 in
2615 1557 2844 1627 justitia,
2875 1569 2930 1613 et
2971 1560 3278 1625 sanctitate,
3323 1569 3484 1631 atque
3509 1578 3598 1618 ve-

2021 1647 2181 1702 ritate
2209 1667 2221 1701 :
2250 1649 2353 1703 hoc
2375 1649 2516 1702 enim
2561 1663 2659 1702 nos
2695 1650 2948 1702 admonet
2973 1665 3168 1703 nomen
3206 1649 3592 1707 Christianum.

2019 1737 2086 1790 Et
2126 1737 2432 1806 quicunque
2461 1737 2546 1790 his
2590 1737 2862 1805 gressibus
2898 1736 3176 1791 Christum
3221 1740 3484 1806 sequitur,
3527 1742 3593 1794 ad

2018 1845 2308 1900 supernam
2340 1829 2509 1884 tendit
2532 1829 2782 1899 patriam,
2808 1838 2864 1882 et
2891 1830 3058 1882 vitam
3089 1830 3142 1883 iu
3172 1829 3324 1885 cmlis
3359 1831 3594 1899 accipiet

341 1921 448 1976 tur,
476 1914 615 1982 quia
637 1930 827 1970 omnes
856 1917 970 1971 dies
1006 1917 1149 1974 Deus
1180 1919 1324 1984 fecit,
1362 1923 1500 1976 sicut
1527 1922 1806 1994 Scriptura
1833 1927 1913 1983 di-
1938 1924 1987 1985 B
2017 1921 2420 1990 sempiternam.
2448 1920 2563 1974 Non
2598 1921 2752 1975 nobis
2780 1919 3000 1986 sufficit,
3026 1920 3245 1986 fratres,
3272 1922 3413 1990 quod
3439 1921 3596 1976 Chri-

338 2004 452 2059 cit:
479 2005 548 2058 Et
575 2006 746 2074 factus
773 2017 860 2061 est
889 2009 1001 2062 dies
1044 2011 1260 2078 primus,
1311 2021 1358 2064 et
1398 2011 1507 2066 dies
1544 2015 1824 2082 secundus,
1866 2025 1914 2071 et

336 2096 445 2148 dies
472 2097 656 2151 tertius
681 2097 833 2168 (Gen.
869 2100 931 2168 t),
969 2100 1218 2155 similiter
1243 2109 1296 2154 et
1321 2111 1565 2171 quartus,
1593 2112 1648 2158 et
1673 2106 1912 2175 quintus,

261 2203 265 2205 ·
336 2193 391 2239 et
416 2193 622 2252 sextus,
654 2195 710 2241 et
754 2189 1072 2254 sabbatum;
1101 2197 1157 2244 et
1189 2190 1315 2244 illud
1345 2210 1357 2244 :
1382 2189 1534 2246 Fecit
1572 2192 1711 2248 Deus
1739 2197 1914 2250 omnia

337 2274 468 2328 bona
498 2275 652 2330 valde
678 2273 696 2348 (
727 2275 871 2332 Ibid.
908 2277 949 2348 ).
974 2277 1097 2332 Illas
1117 2293 1247 2333 vero
1269 2295 1375 2335 non
1403 2282 1576 2335 solum
1601 2283 1912 2356 sacrilegas,

339 2365 427 2418 sed
457 2367 623 2420 etiam
649 2366 987 2434 ridiculosas,
1020 2369 1440 2425 sternutationes
1477 2373 1823 2429 considerare
1861 2384 1916 2430 et

336 2456 630 2510 observare
671 2456 876 2522 nolite;
911 2457 1005 2512 sed
1045 2459 1253 2528 quoties
1296 2460 1449 2516 vobis
1497 2461 1548 2514 in
1592 2478 1914 2534 quacunque

338 2553 487 2614 parte
525 2547 694 2599 fuerit
738 2548 1035 2602 necessitas
1081 2551 1427 2620 properandi,
1461 2551 1671 2620 signate
1714 2568 1810 2607 vos
1858 2555 1914 2608 in

337 2637 553 2691 nomine
593 2637 821 2705 Christi,
847 2649 902 2694 et
931 2639 1238 2711 Symbolum
1270 2643 1631 2714 apostolorum
1671 2646 1754 2700 vel
1782 2647 1913 2702 Ora-

339 2725 534 2780 tionem
580 2729 919 2784 Dominicam
948 2730 1182 2786 ﬁdeliter
1204 2733 1465 2802 dicentes,
1510 2737 1688 2791 securi
1725 2737 1792 2792 de
1817 2738 1911 2802 Dei

339 2815 632 2884 adiutorio,
657 2819 765 2872 iter
791 2821 955 2890 agite.
983 2821 1050 2875 Et
1073 2821 1198 2891 quia
1227 2824 1441 2893 quando
1465 2828 1771 2896 supradicta
1797 2843 1912 2884 om-

340 2904 421 2957 nia
453 2905 767 2978 sacrilegia,
797 2908 1073 2966 Deovobis
1100 2911 1416 2980 inspirante,
1446 2924 1793 2972 contemnere
1823 2919 1910 2973 vel

339 2991 616 3061 despicere
646 2997 946 3065 cmperitis,
979 3000 1091 3055 seio
1117 3001 1258 3070 quod
1287 3002 1511 3058 moleste
1537 3005 1640 3060 hoc
1668 3015 1912 3076 acceptu-

341 3097 428 3136 rus
452 3092 533 3138 est
577 3084 848 3151 diabolus,
886 3090 1011 3155 quia
1054 3104 1150 3143 vos
1179 3089 1323 3145 videt
1355 3092 1421 3146 de
1463 3095 1699 3150 amicitia
1730 3096 1816 3151 vel
1845 3097 1911 3152 de

338 3171 590 3226 societate
623 3189 722 3228 sua
751 3174 1027 3231 discedere
1045 3185 1099 3231 et
1124 3179 1400 3250 sacrilegia
1425 3195 1524 3253 per
1549 3199 1669 3255 qua:
1697 3200 1792 3241 vos
1817 3187 1910 3241 de-

2014 2012 2248 2067 stiauum
2285 2027 2478 2065 nomen
2519 2012 2850 2081 accepimus,
2881 2011 2926 2066 si
2954 2025 3118 2080 opera
3152 2011 3456 2066 Christiana
3484 2025 3593 2064 non

2014 2099 2299 2155 fecerimus
2327 2119 2338 2153 :
2368 2101 2442 2154 illi
2473 2102 2614 2154 enim
2644 2102 2881 2170 prodest,
2913 2101 3055 2169 quod
3088 2099 3426 2155 Christianus
3456 2099 3596 2153 dici-

2013 2197 2124 2254 tur,
2165 2189 2256 2258 qui
2282 2189 2603 2243 charitatem
2643 2189 2834 2258 diligit,
2864 2189 3182 2244 ebrietatem
3211 2188 3368 2258 fugit,
3399 2202 3592 2258 super-

2013 2279 2156 2334 biam
2203 2280 2523 2346 detestatur,
2593 2279 2850 2334 invidiam
2897 2279 3041 2333 velut
3079 2294 3344 2334 venenum
3392 2278 3593 2334 diaboli

2013 2372 2250 2442 respuit;
2279 2372 2369 2425 ille
2393 2387 2521 2426 vero
2541 2371 2880 2426 Christianus
2906 2379 2990 2426 est
3013 2370 3104 2439 qui
3134 2369 3336 2424 furtum
3365 2384 3471 2425 non
3513 2367 3592 2424 fa-

2012 2463 2107 2529 cit,
2135 2464 2225 2534 qui
2254 2463 2445 2519 falsum
2477 2463 2840 2518 testimonium
2869 2475 2975 2517 non
3007 2462 3159 2526 dicit,
3187 2462 3278 2530 qui
3310 2476 3412 2516 nec
3432 2476 3588 2516 men-

2013 2552 2166 2616 titur,
2203 2568 2301 2608 nec
2343 2553 2616 2622 perjurat;
2645 2552 2735 2622 qui
2773 2551 3093 2605 adulterium
3134 2565 3240 2604 non
3281 2549 3590 2615 committit,

2013 2639 2104 2705 qui
2133 2640 2199 2693 ad
2226 2638 2508 2694 ecclesiam
2552 2638 2886 2708 frequentius
2919 2638 3084 2701 venit,
3117 2637 3292 2707 quide
3325 2636 3593 2692 fructibus

2011 2729 2124 2783 suis
2161 2744 2264 2783 non
2292 2737 2472 2799 gustat
2502 2729 2605 2784 nisi
2650 2730 2798 2800 prius
2824 2745 2888 2784 ex
2919 2729 3052 2800 ipsis
3091 2729 3202 2783 Deo
3229 2727 3430 2801 aliquid
3461 2727 3594 2783 olfe-

2012 2826 2120 2882 rat,
2148 2819 2238 2888 qui
2279 2818 2518 2874 decimas
2547 2819 2701 2874 annis
2747 2819 2970 2891 singulis
3013 2818 3313 2888 erogandas
3342 2820 3594 2887 pauperi-

2013 2910 2116 2965 bus
2141 2909 2334 2976 reddit,
2365 2910 2454 2980 qui
2484 2911 2855 2966 sacerdotibus
2877 2911 2989 2965 suis
3014 2910 3274 2964 honorem
3307 2909 3591 2976 impendit,

2011 3002 2102 3072 qui
2133 3017 2319 3057 omnes
2348 3002 2591 3057 homines
2617 3003 2757 3056 sicut
2784 3001 3018 3070 seipsum
3043 2999 3236 3070 diligit,
3261 2999 3354 3069 qui
3388 2999 3593 3053 nullum

2010 3092 2283 3146 hominem
2327 3093 2451 3147 odio
2473 3091 2656 3147 habet.
2686 3091 2778 3146 llle
2817 3107 2946 3146 vero
2981 3107 3085 3145 non
3121 3090 3293 3145 solum
3330 3089 3596 3146 Christia—

2010 3195 2112 3236 nus
2135 3189 2236 3246 est,
2261 3182 2353 3238 sed
2376 3181 2490 3252 ipse
2516 3181 2764 3237 Christus
2788 3181 2843 3236 in
2874 3181 2964 3236 illo
2984 3181 3214 3247 habitat,
3241 3182 3331 3252 qui
3357 3190 3589 3237 stateras

337 3259 567 3327 eipiebat
598 3269 968 3328 contemnere,
1010 3266 1220 3336 aliquas
1262 3270 1530 3339 nequitias
1560 3273 1712 3328 vobis
1741 3272 1912 3329 factu—
1937 3265 1981 3328 C
2014 3271 2226 3327 dolosas
2265 3282 2319 3327 et
2346 3288 2626 3328 mensuras
2668 3272 2906 3342 duplices
2939 3271 3085 3326 velut
3130 3271 3365 3342 gladium
3394 3273 3590 3328 diaboli

339 3362 426 3402 rus
445 3358 550 3414 est,
591 3359 689 3406 aut
735 3351 969 3422 aliquam
1011 3355 1377 3414 infirmitatem
1410 3360 1771 3426 immissurus,
1813 3373 1908 3418 aut

338 3437 547 3508 aliquod
571 3441 799 3508 animal,
829 3452 922 3497 aut
965 3459 1062 3513 per
1107 3447 1355 3503 morbum
1385 3458 1482 3503 aut
1517 3465 1614 3519 per
1641 3453 1912 3523 evagatio-

341 3543 453 3581 nem
490 3538 577 3583 est
606 3530 906 3598 ablaturus,
936 3534 1061 3602 quia
1083 3536 1154 3590 ad
1195 3551 1292 3592 vos
1316 3539 1621 3607 probandos
1644 3541 1747 3596 hoc
1768 3541 1910 3598 Deus

340 3618 598 3684 permittit
624 3620 765 3685 fieri,
808 3629 869 3676 ut
897 3632 1152 3694 agnoscat
1172 3633 1352 3682 utrum
1385 3628 1616 3686 fideliter
1641 3632 1708 3686 ad
1734 3633 1908 3702 ipsum

339 3707 578 3772 venistis,
610 3717 668 3764 et
688 3711 731 3764 si
777 3720 890 3766 tota
921 3714 1116 3769 diaboli
1153 3717 1583 3774 machinamenta
1615 3721 1908 3792 despicitis,

338 3805 588 3852 etutrum
617 3799 738 3869 plus
772 3801 944 3856 valeat
981 3806 1119 3873 apud
1143 3820 1240 3861 vos
1269 3821 1420 3862 amor
1451 3823 1580 3864 suus
1618 3825 1780 3880 quam
1818 3827 1912 3866 cu-

335 3884 519 3958 iusque
552 3891 805 3946 animalis
841 3893 1078 3949 amissio.
1109 3895 1214 3950 Sed
1240 3897 1286 3952 si
1331 3898 1495 3952 semel
1538 3909 1631 3954 aut
1675 3903 1911 3959 secundo

341 3983 601 4050 nequitias
624 4000 761 4053 quas
782 3985 1026 4042 diabolus
1051 3990 1357 4057 immiserit,
1386 4000 1498 4049 toto
1519 3997 1698 4050 animo
1723 4008 1777 4052 et
1799 4006 1910 4052 tota

343 4067 439 4125 fide
455 4075 912 4142 contempseritis,
939 4078 1010 4132 ita
1047 4080 1220 4150 ipsum
1249 4081 1519 4138 diabolum
1549 4093 1732 4154 postea
1762 4103 1792 4141 a
1820 4103 1912 4142 ve-

343 4169 444 4214 stra
473 4163 819 4220 infestatione
847 4168 1104 4238 repellere
1128 4171 1437 4241 dignabitur
1472 4175 1633 4240 Deus,
1664 4185 1722 4232 ut
1772 4195 1910 4232 nun-

343 4265 492 4318 quam
528 4268 628 4308 vos
674 4256 846 4323 possit
891 4271 986 4311 sua
1031 4258 1324 4314 calliditate
1357 4263 1623 4334 decipere.
1663 4264 1911 4322 Christus

342 4341 476 4396 enim
502 4344 646 4399 Deus
668 4355 856 4401 noster
891 4347 1065 4416 ipsum
1109 4349 1380 4407 diabolum
1405 4362 1462 4410 et
1495 4355 1771 4412 ministros
1794 4356 1911 4426 ejus

343 4433 446 4484 sola
475 4441 740 4500 potestate
769 4450 864 4489 sua
911 4436 1093 4502 habet,
1142 4453 1240 4494 nec
1260 4455 1356 4496 vos
1381 4448 1561 4510 potest
1600 4459 1701 4499 nec
1727 4454 1910 4501 vestra

341 4523 392 4576 iu
416 4524 590 4594 aliquo
617 4541 814 4581 nocere
853 4527 955 4582 nisi
1003 4538 1263 4598 quantum
1308 4531 1376 4586 ab
1413 4534 1528 4602 ipso
1556 4536 1904 4603 permittitur.

339 4613 603 4670 Permittit
642 4627 822 4672 autem
847 4619 951 4674 hoc
990 4621 1132 4675 Deus
1161 4622 1369 4678 duabus
1393 4639 1459 4678 ex
1486 4625 1693 4693 causis;
1723 4635 1784 4682 ut
1811 4637 1903 4683 aut

336 4718 434 4755 nos
459 4705 644 4772 probet
672 4707 717 4759 si
749 4707 874 4760 boni
904 4723 1108 4770 sumus,
1159 4717 1251 4763 aut
1285 4711 1534 4781 castiget,
1567 4713 1610 4767 si
1649 4725 1901 4783 peccato-

335 4805 454 4854 res;
484 4802 535 4846 et
563 4795 685 4850 ideo
707 4797 880 4865 ipsum
914 4797 1119 4864 timete,
1143 4799 1218 4854 illi
1249 4801 1346 4855 soli
1373 4803 1594 4868 servile,
1623 4807 1819 4860 mentis
1848 4817 1902 4861 et

330 4884 571 4950 corporis
607 4886 900 4954 puritatem
946 4897 1180 4954 servate,
1209 4905 1370 4945 omne
1392 4907 1560 4960 genus
1594 4893 1904 4951 fornicatio-

327 4971 416 5024 nis
445 4981 498 5024 ut
523 4983 726 5041 pestem
757 4975 841 5030 vel
867 4986 1096 5032 mortem
1129 4978 1313 5049 fugite,
1342 4981 1697 5049 continentes,
1727 4986 1903 5040 humi-

324 5059 430 5124 les,
469 5065 624 5118 mites
651 5080 715 5119 ac
749 5067 1018 5136 patientes
1042 5079 1236 5134 estote,
1281 5069 1642 5141 frugalitatem
1672 5074 1896 5145 diligite,

322 5154 457 5207 etin
477 5165 618 5210 recta
651 5157 754 5211 fide
774 5174 838 5213 ac
862 5159 1016 5213 bouis
1039 5161 1289 5229 operibus
1316 5179 1486 5232 usque
1513 5164 1564 5217 in
1595 5162 1754 5220 finem
1779 5166 1901 5221 vita:

319 5259 671 5313 perseverare
714 5249 949 5315 studete,
977 5259 1031 5305 et
1058 5252 1137 5306 sic
1180 5252 1247 5305 ad
1288 5261 1542 5307 teternam
1583 5254 1746 5308 vitam
1786 5256 1901 5312 sine

317 5332 436 5386 ulla
477 5351 626 5389 mora
667 5337 1033 5406 pervenietis:
1065 5349 1355 5410 praestante
1397 5341 1512 5411 ipso
1539 5341 1899 5412 Redemptore

314 5432 506 5479 nostro
535 5423 662 5481 Jesu
687 5426 930 5492 Christo,
962 5432 1053 5497 qui
1099 5447 1222 5485 cum
1269 5430 1428 5486 Patre
1455 5441 1509 5486 et
1545 5431 1748 5502 Spiritu
1776 5449 1900 5490 san-

311 5522 408 5568 cto
435 5515 564 5569 vivit
586 5527 641 5570 et
669 5528 862 5589 regnat
899 5518 1042 5573 Deus
1091 5536 1186 5590 per
1222 5521 1403 5577 omnia
1447 5523 1643 5578 stecula
1677 5526 1901 5581 sacculo-

310 5619 463 5660 ι-ωιι.
491 5607 680 5664 Amen.

2009 3363 2360 3432 pertimescit.
2411 3363 2503 3418 llle
2532 3363 2703 3417 bonus
2733 3361 3071 3417 Christianus
3118 3371 3201 3416 est
3243 3361 3337 3432 qui
3377 3363 3592 3431 quando

2010 3451 2077 3504 ad
2119 3451 2403 3505 ecclesiam
2457 3451 2626 3516 venit,
2673 3460 2728 3504 et
2765 3450 3089 3506 oblationem
3136 3464 3254 3518 qua:
3298 3449 3353 3503 in
3395 3449 3587 3504 altario

2011 3541 2191 3595 mittat
2210 3542 2447 3605 exhibet,
2474 3548 2530 3596 et
2556 3540 2903 3611 pauperibus,
2937 3540 3231 3594 secundum
3255 3539 3400 3607 quod
3441 3539 3594 3593 vires

2013 3631 2192 3693 habet,
2239 3639 2332 3684 aut
2359 3638 2640 3701 argentum
2667 3629 2895 3699 porrigit
2937 3635 3032 3682 aut
3059 3627 3239 3680 cibum
3265 3643 3278 3678 :
3309 3626 3398 3693 qui
3430 3641 3590 3694 pere-

2011 3722 2194 3792 grinos
2222 3722 2277 3776 in
2305 3721 2519 3776 domum
2551 3735 2702 3774 suam
2729 3716 2948 3786 excipit,
2980 3715 3070 3786 qui
3097 3713 3400 3783 hospitibus
3425 3713 3592 3783 pedes

2011 3811 2182 3876 lavat;
2208 3812 2299 3879 qui
2336 3826 2444 3864 non
2485 3809 2654 3864 solum
2694 3808 2816 3862 lites
2860 3821 2964 3860 non
3007 3803 3268 3869 concitat;
3300 3805 3394 3859 sed
3419 3805 3593 3859 etiam.

2011 3899 2287 3954 discordes
2329 3900 2394 3954 ad
2422 3898 2765 3954 concordiam
2807 3907 3051 3961 revocat;
3100 3895 3191 3964 qni
3220 3904 3274 3949 et
3299 3895 3412 3963 ipse
3440 3904 3590 3950 caste

2010 3989 2161 4053 vivit,
2192 3996 2246 4042 et
2281 3986 2418 4042 filios
2444 3987 2526 4042 vel
2552 3987 2757 4042 vicinos
2796 4000 2923 4041 suos
2955 3993 3014 4038 ut
3037 3993 3183 4038 caste
3208 3991 3263 4037 et
3304 3983 3482 4037 sobrie
3509 3983 3590 4036 vi-

2011 4088 2140 4132 vant
2167 4087 2223 4132 et
2251 4079 2428 4132 verbis
2451 4079 2704 4132 admonet
2726 4084 2780 4131 et
2799 4075 3060 4144 exemplis
3092 4074 3268 4128 docet.
3301 4072 3392 4127 llle
3415 4072 3589 4130 bonus

2010 4167 2349 4224 Christianus
2375 4174 2458 4222 est
2495 4167 2584 4236 qui
2624 4167 2836 4236 quoties
2867 4174 3068 4221 saneta:
3105 4164 3474 4219 solemuitates
3497 4178 3589 4217 ve:

2010 4258 2186 4320 niunt,
2215 4265 2272 4310 ut
2301 4257 2545 4312 securius
2571 4257 2955 4320 communicet,
2986 4263 3110 4309 ante
3137 4254 3320 4323 plures
3353 4254 3468 4307 dies
3495 4268 3583 4306 ca-

2010 4345 2246 4400 stitatem
2278 4360 2400 4398 cum
2427 4339 2644 4414 propria
2671 4360 2838 4400 uxore
2863 4342 3114 4406 custodit,
3143 4351 3202 4395 ut
3229 4342 3394 4395 libera
3424 4351 3478 4396 et
3500 4357 3587 4396 se-

2009 4449 2140 4490 cura
2169 4435 2500 4489 conscientia
2527 4435 2594 4490 ad
2622 4433 2793 4488 altare
2822 4429 3058 4494 Domini,
3084 4440 3234 4484 casto
3258 4444 3486 4501 corpore
3528 4438 3591 4484 et

2012 4523 2211 4577 mundo
2249 4525 2434 4588 corde,
2477 4529 2769 4593 przesumat
2805 4519 3104 4575 accedere:
3139 4519 3228 4588 qui
3266 4517 3578 4590 Symbolum

1938 4593 2375 4683 l)apostolorum
2420 4619 2476 4668 et
2521 4611 2828 4668 Orationem
2883 4609 3216 4665 Dominicam
3270 4611 3582 4665 memoriter

2009 4711 2174 4767 tenet,
2206 4711 2260 4758 et
2293 4703 2430 4757 filios
2464 4702 2546 4755 vel
2575 4701 2711 4756 filias
2741 4717 2870 4756 suas
2901 4709 2959 4754 ut
2985 4701 3092 4770 ipsi.
3108 4709 3328 4755 teneant
3352 4700 3582 4756 fideliter

2008 4793 2183 4847 docet.
2217 4793 2353 4848 Ecce
2391 4793 2635 4856 audistis,
2675 4791 2890 4857 fratres,
2930 4790 3116 4859 quales
3144 4789 3250 4843 sint
3288 4787 3580 4844 Christiani

2006 4881 2152 4946 boni,
2177 4890 2232 4935 et
2259 4881 2398 4946 ideo,
2427 4889 2682 4950 quantum
2711 4896 3015 4950 possumus,
3043 4894 3164 4934 cum
3188 4878 3282 4932 Dei
3313 4877 3576 4946 adiutorio

2007 4971 2318 5024 laboremus
2351 4979 2411 5024 ut
2442 4985 2634 5024 nomen
2659 4970 3020 5025 Christianum
3067 4985 3172 5022 non
3203 4968 3274 5022 sit
3301 4966 3493 5023 falsum
3525 4971 3576 5024 in

2007 5061 2180 5128 nobis,
2207 5078 2305 5117 nec
2335 5062 2387 5116 in
2418 5063 2572 5116 nobis
2601 5061 2799 5117 Christi
2828 5071 3162 5116 sacramenta
3191 5060 3464 5130 patiantur
3497 5061 3582 5113 in—

2000 5149 2219 5217 juriam,
2257 5151 2351 5205 sed
2384 5166 2598 5218 semper
2641 5167 2802 5221 opera
2839 5151 3145 5205 Christiana
3185 5161 3239 5205 et
3280 5149 3578 5220 cogitemus

2009 5239 2061 5292 in
2091 5239 2270 5304 corde,
2297 5247 2350 5292 et
2379 5240 2692 5308 impleamus
2733 5241 2785 5294 in
2823 5255 3002 5309 opere.
3031 5239 3164 5293 Nam
3205 5241 3292 5293 ille
3321 5241 3578 5293 Christia-

2009 5343 2111 5382 nus
2135 5328 2309 5398 qualis
2329 5337 2431 5392 est,
2461 5331 2549 5398 qui
2574 5330 2661 5382 vix
2690 5328 2977 5398 aliquando
3003 5329 3069 5382 ad
3095 5328 3374 5382 ecclesiam
3407 5326 3574 5390 venit,

2006 5427 2061 5472 et
2093 5419 2306 5487 quando
2331 5419 2556 5481 venerit,
2599 5434 2705 5473 non
2750 5427 2860 5472 stat
2897 5419 2949 5471 iu
2978 5417 3201 5472 ecclesia
3233 5423 3290 5469 ut
3327 5424 3444 5469 oret
3476 5429 3574 5484 pro

2003 5507 2238 5575 peccatis
2264 5507 2397 5572 suis,
2425 5508 2517 5561 sed
2539 5516 2600 5562 ut
2626 5522 2816 5562 causas
2843 5507 3007 5570 dicat,
3031 5515 3123 5559 aut
3153 5505 3271 5558 lites
3303 5513 3394 5556 aut
3425 5504 3571 5559 rixas

2005 5599 2271 5663 concitet;
2303 5607 2358 5653 et
2387 5599 2430 5653 si
2470 5599 2645 5653 locum
2692 5598 2970 5659 invenerit,
3000 5609 3170 5663 usque
3196 5593 3262 5647 ad
3306 5593 3566 5648 vomitum

2004 5692 2265 5746 bibctzet
2306 5700 2652 5759 posteaquam
2692 5705 2749 5744 se
2787 5686 3158 5745 inebriaverit,
3201 5693 3385 5752 surget
3425 5684 3571 5740 velut

2005 5782 2346 5848 phreneticus
2383 5790 2438 5835 et
2488 5781 2734 5843 insanus,
2779 5777 3042 5832 diabolieo
3075 5789 3225 5830 more
3273 5775 3474 5830 ballarc
3517 5787 3570 5828 et
