4040 6188
424 483 497 540 83
877 445 883 452 .
1066 487 1126 542 Β.
1167 483 1419 540 RABANI
1457 467 1673 538 MAURI
1711 481 2028 537 ARCIIIEP.
2072 481 2379 537 MOGUNT.
2422 481 2702 537 OPERUM
2743 480 2920 535 PARS
2953 481 3014 537 ll.
3610 483 3678 538 84

424 601 643 664 saltare,
675 599 834 654 verba
869 599 1042 668 turpia
1067 606 1120 652 et
1161 599 1422 654 amatoria
1453 598 1536 652 vel
1563 599 1838 652 luxuriosa
1863 612 1990 650 can-
2018 605 2070 662 Α
2095 595 2169 650 hil
2200 595 2344 649 aliud
2374 611 2534 665 quam
2566 596 2707 665 quod
2753 595 3017 650 catholica
3079 594 3212 649 ﬁdes
3262 595 3459 659 laudat,
3507 608 3681 662 amat,

423 698 557 742 tare.
599 687 703 742 Iste
749 687 868 741 talis
894 702 1000 741 non
1049 685 1258 741 dubitat
1297 685 1497 740 furtum
1536 686 1736 749 facere,
1787 687 1992 740 adulte-

423 780 563 833 rium
603 794 708 831 non
737 778 882 830 timet
925 776 1233 842 admittere,
1274 773 1471 830 falsum
1505 775 1871 830 testimonium
1911 775 1994 829 di-

427 883 573 932 cere,
612 866 952 932 maledicere,
993 865 1293 936 perjurare,
1329 879 1430 918 nec
1458 865 1621 918 ullum
1661 865 1878 919 omnino
1909 862 1992 917 fa-

422 957 575 1011 cinus
604 970 764 1026 agere
786 955 1134 1025 pertimescit.
1163 953 1414 1022 Ideoque,
1454 954 1567 1008 sive
1590 953 1688 1007 viri
1729 953 1842 1008 sive
1871 968 1990 1006 mu-

420 1045 580 1101 lieres
609 1045 735 1110 sint,
761 1045 849 1114 qui
866 1044 992 1098 talia
1015 1060 1178 1116 opera
1202 1044 1426 1109 faciunt,
1451 1059 1555 1098 non
1584 1044 1651 1097 ad
1673 1044 1989 1109 remedium,

423 1137 515 1190 sed
547 1134 885 1203 adjudicium
914 1134 1279 1190 Christianum
1306 1150 1498 1189 nomen
1525 1143 1580 1189 et
1613 1134 1866 1204 baptismi
1906 1149 1993 1188 sa-

422 1237 697 1281 cramenta
725 1226 1054 1295 suscipiunt,
1079 1235 1135 1281 et
1163 1227 1266 1281 nisi
1295 1226 1665 1297 pmnitentiam
1686 1225 1911 1294 egerint,
1938 1225 1992 1279 in

421 1324 680 1369 aeternum
721 1315 993 1386 peribunt.
1021 1315 1185 1382 Ecce,
1218 1315 1432 1380 fratres,
1477 1316 1810 1371 ostendimus
1843 1315 1993 1369 vobis

421 1407 609 1474 quales
633 1408 742 1461 sint
786 1406 1077 1463 Christiani
1112 1407 1258 1472 boni,
1299 1414 1355 1461 et
1392 1406 1580 1477 quales
1607 1407 1714 1461 sint
1751 1406 1910 1472 mali;
1937 1415 1993 1461 et

419 1513 556 1566 quos
588 1499 758 1552 bonos
782 1499 995 1564 videtis,
1043 1499 1357 1564 imitemini;
1384 1513 1520 1568 quos
1545 1513 1676 1553 vero
1701 1498 1872 1553 malos
1903 1514 1994 1553 co-

420 1589 698 1656 gnoscitis,
728 1589 989 1658 castigate
1025 1601 1255 1656 semper,
1289 1588 1581 1655 increpate,
1621 1587 1896 1656 corripite,
1934 1597 1996 1641 ut

420 1683 474 1729 et
503 1675 568 1729 de
593 1673 833 1744 profectu
860 1684 1045 1731 vestro
1071 1682 1126 1728 et
1166 1675 1232 1729 de
1279 1675 1493 1728 illorum
1532 1675 1866 1729 correctione
1897 1675 1995 1729 du-

419 1765 612 1836 plicem
661 1768 965 1823 mercedem
997 1767 1198 1822 habere
1237 1767 1493 1837 possitis;
1546 1777 1837 1837 priestante
1883 1767 1993 1823 Do-

419 1857 567 1911 mino
591 1865 773 1912 nostro
801 1856 927 1912 Jesu
950 1857 1186 1922 Christo,
1201 1856 1383 1926 judice
1404 1860 1646 1913 vivorum
1670 1867 1727 1914 et
1750 1867 1991 1914 mortuo-

2091 688 2370 756 prmdicat,
2412 687 2466 740 in
2495 696 2674 740 mente
2703 685 2816 741 sive
2849 686 2903 739 in
2930 684 3265 755 professione
3301 688 3552 752 teneatis,
3584 704 3678 743 seu
3711 677 3714 680 ’

2090 776 2254 830 etiam
2303 776 2544 829 moribus
2578 775 2896 829 ostendatis.
2946 774 3076 830 Post
3121 775 3261 830 hanc
3313 791 3440 846 ergo
3494 775 3677 841 ﬁdem,

2092 878 2241 933 spem
2275 864 2488 918 ﬁrmam
2530 865 2729 918 habere
2759 864 2967 929 discite,
3000 879 3118 932 qua:
3149 865 3388 918 animum
3426 873 3676 920 nostrum

2091 953 2458 1008 adinvisihilia
2475 954 2662 1019 trahit,
2676 961 2731 1008 et
2743 954 3095 1008 intentionem
3109 962 3347 1008 nostram
3360 954 3413 1007 in
3432 954 3679 1009 caelestia

2091 1051 2148 1097 et
2170 1052 2374 1097 acterna
2413 1042 2623 1108 inserit,
2659 1051 2714 1096 et
2742 1042 3137 1112 quodammodo
3176 1042 3402 1096 nexibus
3439 1044 3652 1099 iudisso

2090 1131 2347 1186 lubilibus
2383 1132 2545 1203 ligat;
2574 1147 2694 1200 quas
2725 1147 2832 1186 non
2869 1132 3087 1202 decipit,
3118 1133 3212 1186 sed
3249 1133 3476 1188 ﬁdeliter
3513 1135 3676 1190 obse—

2091 1229 2320 1290 quentes
2353 1221 2422 1275 ad
2465 1229 2724 1276 aeternam
2762 1221 3147 1275 beatitudinem
3187 1222 3451 1291 perducit.
3507 1223 3679 1280 Nemo

2090 1311 2276 1381 igitur,
2298 1312 2547 1382 quamvis
2586 1311 2794 1383 ingenti
2835 1320 3177 1382 peccatorum
3203 1313 3438 1381 pondere
3463 1329 3680 1383 prema-

2091 1409 2204 1468 tur,
2235 1403 2302 1458 de
2345 1402 2587 1458 bonitate
2633 1403 2825 1458 divina:
2866 1403 3088 1473 pietatis
3137 1403 3427 1475 desperare
3471 1407 3674 1473 debet;

2092 1495 2185 1553 sed
2220 1509 2316 1565 spe
2341 1503 2504 1550 certae
2531 1494 2915 1550 misericordia:
2956 1495 3100 1552 illius
3143 1497 3526 1568 indulgentiam
3571 1498 3678 1552 sibi

2091 1585 2422 1656 quotidianis
2442 1585 2723 1655 deprecari
2768 1571 3042 1655 lacrymis,
3073 1600 3234 1654 quam
3273 1593 3421 1641 certe
3449 1600 3671 1654 sperare

2092 1677 2283 1748 possit,
2320 1676 2366 1732 si
2403 1677 2471 1731 ab
2497 1675 2708 1731 actione
2741 1676 2895 1746 pravi
2925 1676 3105 1744 operis
3129 1677 3379 1730 cessabit.
3418 1675 3542 1730 ldeo
3569 1691 3676 1730 non

2092 1773 2312 1836 propter
2339 1779 2488 1834 spem
2515 1764 2685 1818 veniae
2705 1772 3116 1834 perseveranter
3139 1779 3368 1834 peccare
3395 1764 3674 1830 debemus,

2095 1866 2271 1922 neque
2291 1853 2416 1923 quia
2457 1851 2598 1908 Deus
2619 1849 2766 1920 juste
2792 1846 3017 1922 peccata
3041 1853 3212 1922 punit,
3243 1853 3455 1929 veniam
3485 1853 3676 1922 despe-

421 1963 562 2011 rum,
591 1949 682 2016 qui
714 1948 844 2002 vivit
873 1957 926 2003 et
969 1957 1158 2019 regnat
1187 1965 1307 2003 cum
1353 1950 1464 2004 Deo
1499 1949 1660 2006 Patre
1705 1951 1759 2004 in
1786 1951 1991 2007 unitate

2097 1957 2217 1997 rare
2245 1941 2525 2006 debemus,
2574 1941 2669 1997 sed
2717 1949 2946 2011 utroque
2991 1932 3230 2011 periculo
3279 1941 3499 2007 evitato,
3547 1948 3602 1996 et
3642 1955 3678 1996 a

423 2035 656 2105 Spiritus
725 2037 930 2105 sancti,
999 2053 1098 2109 per
1147 2039 1326 2094 omnia
1384 2039 1579 2094 stecula
1651 2040 1993 2095 szeculorum.

419 2126 608 2178 Amen.

973 2213 1252 2271 llOMlLlA
1293 2217 1450 2272 XLV.

765 2320 832 2359 DE
872 2322 1026 2369 FIDE,
1066 2321 1158 2360 SPE
1199 2322 1267 2360 ET
1307 2323 1636 2362 (ΖΗΔΒΙΤΑἹῈ.

491 2391 810 2460 Quicunque
854 2392 1222 2447 Christianum
1265 2410 1458 2449 nomen
1489 2403 1653 2462 tenet,
1683 2404 1739 2452 et
1767 2395 1998 2466 quicun-

420 2497 524 2550 que
555 2490 637 2535 est
666 2482 862 2537 divinis
899 2485 1251 2538 sacramentis
1277 2485 1532 2551 imbutus,
1568 2484 1767 2542 fratres
1795 2486 2002 2540 charis-

420 2573 566 2637 simi,
604 2589 823 2629 necesse
853 2584 936 2629 est
966 2584 1025 2628 ut
1069 2577 1343 2647 religionis
1385 2577 1705 2634 Christianae
1734 2581 1998 2635 rationem

418 2663 574 2725 sciat,
607 2673 662 2716 et
694 2663 814 2716 fidei
841 2665 1158 2719 charitatem
1192 2676 1470 2737 agnoscat,
1497 2667 1612 2735 ejus
1644 2671 1852 2724 scilicet
1878 2670 2000 2724 fidei

416 2765 554 2818 qum,
583 2759 640 2803 ut
669 2750 960 2819 Apostolus
1005 2753 1081 2806 ait
1107 2753 1248 2825 (Gal.
1291 2756 1368 2828 v),
1410 2774 1502 2826 per
1530 2757 1858 2813 dilectionem
1884 2776 2004 2830 ope-

417 2848 609 2890 ratur:
640 2855 758 2907 quae
784 2839 837 2892 in
864 2843 1114 2910 prtesenti
1144 2843 1408 2899 confortat
1437 2861 1502 2900 ac
1533 2847 1754 2901 roborat
1783 2849 2004 2903 creden-

417 2935 524 2991 tes,
551 2936 605 2980 et
648 2929 700 2980 in
731 2928 914 2985 futuro
939 2933 1185 3002 perducit
1231 2935 1298 2989 ad
1342 2935 1437 2990 Dei
1468 2938 2000 3006 contemplationem.

416 3015 553 3072 Nam
585 3021 686 3074 tria
721 3023 964 3092 quaedam
1004 3026 1282 3094 proposuit
1309 3027 1503 3081 anima:
1531 3037 1729 3083 nostrae
1761 3043 2006 3083 necessa-

417 3109 499 3161 ria
530 3110 716 3166 beatus
741 3120 795 3167 et
818 3115 1066 3184 egregius
1097 3117 1332 3186 gentium
1357 3118 1568 3184 doctor,
1595 3119 1780 3173 dicens
1804 3135 1818 3172 :
1847 3118 2005 3172 Nunc

417 3211 594 3252 autem
627 3210 836 3255 manent
865 3202 1016 3271 fides,
1050 3221 1184 3273 spes,
1215 3206 1469 3275 c/taritas,
1517 3207 1622 3261 tria
1655 3208 1766 3261 haec
1786 3225 1804 3262 :
1832 3209 2006 3276 major

417 3281 591 3344 autem
620 3294 806 3345 horum
825 3303 899 3346 est
928 3294 1157 3349 Charitas
1186 3295 1234 3366 (Ι
1265 3296 1386 3350 Cor.
1417 3296 1562 3370 xm).
1602 3296 1845 3352 Primum
1875 3310 2003 3365 ergo
2030 3283 2074 3345 C

418 3379 554 3434 ﬁdes
597 3381 862 3435 catholica
909 3383 1218 3439 Christiano
1269 3387 1574 3440 necessaria
1620 3393 1725 3451 est,
1771 3385 1898 3456 quia
1948 3386 2002 3439 in

417 3468 536 3537 ipsa
562 3471 961 3542 distinguuntur
1001 3474 1094 3527 ﬁlii
1135 3476 1226 3530 Dei
1260 3492 1290 3529 a
1329 3476 1456 3531 ﬁliis
1485 3476 1705 3541 diaboli,
1739 3477 1833 3530 filii
1867 3476 2002 3531 lucis

419 3578 450 3612 a
476 3560 596 3614 filiis
628 3563 990 3616 tenebrarum.
1023 3561 1127 3617 Per
1155 3564 1324 3634 ipsam
1354 3566 1688 3620 renascimur
1723 3567 1776 3618 in
1802 3565 2004 3634 baptis-

415 3657 561 3700 male
587 3656 641 3701 et
686 3649 912 3704 salutem
960 3660 1219 3706 :eternam
1269 3653 1639 3724 impetramus,
1686 3655 1825 3708 sicut
1869 3654 2003 3709 scri-

416 3747 568 3806 ptum
611 3748 726 3792 cst:
770 3738 872 3802 Qui
915 3741 1192 3796 crediderit
1223 3753 1270 3796 et
1299 3744 1588 3814 baptizatus
1621 3744 1799 3812 fuerit,
1827 3742 2001 3798 salvus

418 3826 517 3876 erit
557 3824 751 3894 (Marc.
781 3825 914 3896 xw).
950 3827 1074 3882 Hmc
1113 3841 1268 3897 porta
1295 3843 1380 3886 est
1402 3833 1544 3898 vitaz,
1578 3833 1694 3887 lucc
1714 3833 1880 3903 janua
1917 3845 2001 3888 re-

419 3915 509 3981 gni
536 3932 547 3964 :
574 3930 667 3982 per
690 3915 861 3982 ipsam
889 3916 1115 3972 discitur
1143 3921 1370 3976 scientia
1397 3924 1661 3987 veritatis,
1692 3932 1746 3979 et
1769 3922 2002 3994 percipi-

418 4017 510 4059 tur
535 4008 772 4076 cognitio
800 4008 1126 4077 divinitatis;
1158 4027 1253 4082 per
1276 4015 1445 4081 ipsam
1473 4015 1702 4085 gratiam
1727 4015 1822 4070 Dei
1851 4015 2000 4069 inve-

420 4097 632 4162 nimus;
694 4098 852 4152 aliter
881 4107 1059 4154 autem
1108 4100 1219 4155 Deo
1269 4102 1481 4170 placere
1535 4118 1641 4157 non
1689 4119 1998 4172 possumus,

420 4186 546 4254 quia
576 4188 687 4240 sine
709 4187 814 4256 [ide
838 4187 1155 4258 impossibile
1181 4199 1254 4243 est
1288 4189 1491 4260 placere
1530 4191 1640 4245 Deo
1668 4190 1853 4261 (Hebr.
1897 4190 1995 4262 χι).

420 4276 562 4330 Vere
600 4277 744 4331 enim
791 4277 982 4334 beatus
1015 4287 1097 4332 est
1134 4279 1224 4346 qui
1272 4288 1326 4333 et
1372 4287 1516 4334 recte
1561 4280 1829 4336 credendo
1863 4281 1999 4336 bene

418 4367 575 4433 vivit,
613 4377 668 4423 et
694 4369 831 4423 bene
858 4369 1086 4424 vivendo
1114 4368 1272 4424 ﬁdem
1301 4379 1503 4425 rectam
1531 4370 1788 4425 custodit.
1832 4369 2000 4442 lgitur

421 4458 755 4512 sicutotiosa
783 4468 866 4513 est
905 4458 1041 4514 fides
1086 4460 1201 4514 sine
1247 4460 1500 4529 operibus
1542 4459 1718 4524 bonis,
1746 4459 1821 4514 ita
1866 4459 2000 4514 nihil

419 4547 710 4617 proﬁciunt
748 4564 910 4617 opera
937 4549 1077 4604 bona
1105 4551 1220 4606 sine
1265 4550 1366 4605 ﬁde
1407 4560 1576 4606 recta.
1628 4550 1778 4606 Unde
1811 4552 2000 4604 beatus

2096 2031 2238 2086 malo
2263 2031 2589 2086 declinemus
2613 2038 2669 2086 et
2689 2030 2756 2084 de
2780 2031 2982 2101 pietate
3007 2031 3101 2085 Dei
3133 2031 3346 2086 veniam
3373 2046 3670 2101 speremus.

2097 2123 2358 2179 Similiter
2389 2130 2446 2178 et
2470 2123 2524 2177 in
2564 2122 2710 2177 omni
2741 2120 3144 2176 tribulationum
3187 2122 3454 2193 angustia,
3479 2137 3574 2191 spe
3602 2121 3674 2175 ad

2097 2215 2288 2271 solatia
2314 2229 2558 2285 superna:
2595 2213 2808 2283 pietatis
2831 2212 3151 2268 currendum
3180 2221 3281 2278 est,
3308 2214 3432 2282 quia
3481 2214 3535 2266 in
3574 2213 3669 2267 illo

2098 2307 2210 2364 solo
2240 2305 2414 2360 omnis
2436 2319 2557 2374 spes
2582 2312 2636 2359 et
2660 2303 2805 2358 salus
2826 2303 2942 2358 sine
2966 2304 3127 2359 dubio
3153 2304 3424 2369 consistit,
3459 2305 3682 2360 dicente

2097 2398 2406 2468 Propheta:
2454 2396 2522 2452 In
2577 2397 2682 2450 Deo
2731 2396 2963 2450 salutare
3009 2412 3178 2449 meum
3223 2405 3272 2449 et
3320 2394 3488 2464 gloria
3535 2413 3675 2460 mea,

2103 2488 2240 2542 Deus
2269 2486 2528 2542 auxilium
2552 2503 2741 2550 meum,
2775 2495 2823 2539 et
2865 2501 2978 2554 spes
3008 2501 3121 2538 mea
3149 2486 3203 2538 in
3241 2483 3350 2538 Deo
3379 2495 3452 2538 est
3497 2483 3673 2556 (Psal.

2099 2577 2231 2647 LXI).
2268 2574 2401 2632 Cum
2422 2575 2564 2629 enim
2600 2574 2754 2628 ﬁdem
2783 2585 2985 2630 rectam
3009 2583 3063 2629 et
3084 2589 3233 2645 spem
3261 2575 3468 2629 ﬁrmam
3493 2575 3674 2643 vobis,

2098 2665 2318 2733 fratres,
2360 2666 2748 2736 persuademus
2800 2667 3020 2730 habere,
3076 2667 3180 2720 hoc
3219 2667 3453 2721 maxime
3494 2668 3680 2722 horta-

2099 2773 2222 2812 mur
2248 2765 2311 2812 ut
2335 2756 2654 2813 charitatcm
2699 2756 2752 2810 in
2787 2757 2938 2811 vobis
2980 2757 3180 2811 habere
3229 2765 3282 2811 et
3309 2772 3470 2826 Opere
3495 2766 3680 2812 osten-

2100 2849 2229 2904 dere
2249 2863 2350 2919 per
2383 2848 2564 2903 omnia
2613 2847 2910 2918 satagatis:
2960 2863 3058 2916 per
3102 2850 3272 2917 ipsam
3323 2848 3466 2900 enim
3522 2860 3576 2901 et
3621 2848 3678 2901 in

2101 2939 2217 3009 ipsa
2250 2938 2639 2994 beatitudinem
2677 2954 2858 2992 veram
2885 2936 3166 2994 habituros
3197 2955 3293 2993 vos
3324 2954 3443 2994 esse
3465 2939 3677 3005 sciatis,

2103 3031 2226 3098 quia
2255 3030 2372 3086 sine
2411 3031 2512 3085 hac
2538 3045 2696 3085 nemo
2716 3030 2919 3085 videbit
2963 3031 3150 3084 Deum.
3198 3030 3325 3085 lltec
3348 3039 3525 3084 autem
3557 3031 3679 3085 ideo

2103 3120 2276 3191 major
2300 3120 2405 3177 ﬁde
2433 3133 2488 3176 et
2519 3137 2614 3191 spe
2645 3121 2713 3175 ab
2740 3121 2998 3190 Apostolo
3025 3130 3294 3187 narratur,
3321 3122 3444 3192 quia
3467 3124 3681 3179 caeteris

2104 3211 2501 3276 recedentibus,
2540 3211 2653 3280 ipsa
2687 3211 2799 3264 sola
2830 3213 3205 3281 permanebit:
3238 3212 3360 3268 ﬁdei
3387 3213 3529 3266 enim
3556 3229 3682 3266 suc-

2105 3301 2251 3357 cedit
2277 3316 2419 3372 spes,
2447 3308 2504 3355 et
2548 3299 2662 3369 spei
2702 3301 3002 3367 beatitudo,
3057 3301 3308 3356 charitati
3351 3311 3531 3355 autem
3569 3317 3681 3356 non

2104 3391 2508 3455 transmutatio,
2540 3390 2632 3446 sed
2661 3389 2771 3445 sola
2798 3397 2966 3445 restat
2988 3391 3266 3460 perfectio.
3291 3389 3416 3447 Htec
3438 3392 3683 3447 omnium

2104 3498 2194 3536 ars
2220 3491 2305 3538 est
2329 3482 2621 3547 virtutum,
2668 3481 2784 3536 haec
2826 3483 3111 3551 promissio
3160 3481 3330 3552 regni,
3375 3482 3491 3536 hmo
3536 3499 3681 3552 pra:-

2102 3573 2269 3624 nium
2300 3585 2568 3625 summum
2599 3581 2905 3625 sanctorum
2933 3581 3016 3625 est
3057 3571 3110 3625 in
3153 3571 3313 3636 caelo,
3352 3572 3479 3640 quia
3506 3571 3561 3625 in
3587 3587 3685 3641 pe-

2101 3663 2253 3716 renni
2283 3661 2478 3731 gaudio
2507 3661 2638 3714 nihil
2679 3663 2902 3730 gratius,
2932 3661 3064 3716 nihil
3093 3662 3300 3717 dulcius
3323 3661 3524 3715 habent
3549 3677 3684 3716 san-

2101 3755 2173 3810 cti
2205 3752 2444 3823 perfecto
2475 3767 2658 3806 amore
2689 3753 2807 3817 Dei,
2857 3768 3017 3822 quem
3064 3753 3189 3822 quia
3239 3760 3555 3821 praesentem
3601 3752 3686 3806 vi—

2100 3845 2248 3908 dent,
2305 3844 2522 3898 suavius
2574 3843 2825 3912 diligunt,
2881 3851 2935 3896 et
2993 3842 3201 3898 dulcius
3265 3843 3513 3896 fruuntur
3561 3843 3685 3910 ipso

2089 3936 2260 3990 ‘bono.
2297 3933 2522 4002 Oportet
2569 3949 2666 3988 vos
2714 3933 2875 3998 scire,
2918 3931 3132 3998 fratres,
3165 3947 3291 4003 qma
3343 3933 3396 3986 in
3429 3932 3685 3988 omnibus

2098 4025 2380 4095 prmceptis
2407 4024 2497 4077 Dci
2528 4022 2768 4078 cbaritas
2790 4021 2996 4076 obtinet
3021 4022 3401 4090 principatum,
3439 4022 3556 4075 sine
3584 4037 3684 4074 cu-

2093 4115 2182 4185 jus
2219 4114 2547 4184 perfectione
2578 4113 2710 4167 nihil
2739 4111 2950 4183 placere
2981 4112 3088 4167 Deo
3126 4128 3282 4181 posse
3326 4111 3522 4166 Paulus
3551 4127 3685 4180 θρο-

2099 4205 2267 4258 stolus
2314 4212 2548 4257 testatur
2598 4203 2648 4274 (Ι
2697 4201 2819 4256 Cor.
2867 4201 3014 4271 xm),
3058 4201 3150 4271 qui
3201 4217 3300 4256 nec
3337 4201 3683 4270 martyrium,

2098 4311 2198 4348 nec
2242 4295 2422 4348 saeculi
2468 4302 2859 4362 contemptum,
2905 4308 3003 4347 nec
3031 4292 3489 4362 eleemosyuarum
3523 4290 3688 4360 largi-

2099 4386 2322 4448 tionem,
2368 4384 2484 4437 sine
2523 4383 2803 4437 charitatis
2841 4382 3033 4446 cilicio,
3081 4383 3374 4450 quidquam
3417 4380 3688 4451 proﬁcere

2097 4490 2254 4543 posse
2300 4474 2554 4527 ostendit.
2605 4474 2755 4528 Unde
2800 4482 2856 4526 ct
2904 4473 3016 4542 ipse
3068 4472 3326 4526 Dominus
3360 4473 3683 4540 respondit:

2098 4564 2291 4633 Diliges
2322 4563 2597 4616 Dominum
2624 4563 2787 4615 Deum
2814 4573 2958 4615 tuum
2982 4577 3045 4616 ex
3086 4572 3191 4615 toto
3215 4563 3366 4614 corde
3391 4571 3502 4624 tuo,
3532 4573 3579 4613 et
3622 4579 3693 4615 ea:

420 4636 654 4691 Jacobus
677 4637 951 4705 apostolus
979 4637 1150 4692 dixit:
1181 4639 1320 4704 Quid
1359 4639 1610 4709 proderit,
1651 4639 1842 4708 fratres
1872 4637 1992 4703 mei,

2098 4630 2408 4707 tetatenima
2441 4663 2550 4713 tua,
2581 4663 2627 4705 et
2654 4669 2717 4705 ex.
2743 4662 2849 4705 tota
2882 4661 3048 4704 mente
3087 4662 3176 4704 tua
3211 4650 3360 4721 (Luc.
3405 4650 3494 4722 x);
3525 4652 3696 4705 addi-

420 4727 468 4780 si
498 4727 657 4794 ﬁdem
698 4726 815 4794 quis
855 4726 994 4779 dicat
1025 4743 1078 4780 se
1117 4727 1328 4793 habere,
1374 4745 1530 4798 opera
1575 4739 1750 4781 autem
1775 4743 1879 4781 non
1905 4728 1998 4780 Ita-

422 4816 834 4886 beat:nunquid
857 4818 1039 4887 poterit
1084 4817 1215 4884 ﬁdes
1260 4818 1463 4873 salvare
1503 4835 1659 4872 eum:
1703 4819 1832 4886 ﬁdes
1885 4819 1998 4872 sine

421 4907 660 4977 operibus
685 4909 853 4960 otiosa
900 4917 995 4961 est.
1053 4907 1198 4962 Sicut
1243 4911 1379 4962 enim
1407 4927 1592 4980 corpus
1636 4911 1747 4963 sine
1807 4911 1996 4977 spiritu

421 5010 713 5053 emortuum
737 5009 832 5064 est,
860 4999 934 5052 ita
968 5009 1014 5054 et
1062 4999 1192 5068 ﬁdes
1221 5000 1331 5054 sine
1378 5003 1617 5071 operibus
1671 5012 1881 5055 mortua
1919 5009 1996 5054 est

421 5086 565 5158 (Jac.
603 5087 684 5159 ιι).
729 5089 914 5143 Fidem
942 5100 1066 5145 ante
1092 5091 1295 5154 omnia,
1331 5091 1528 5147 fratres
1554 5093 1681 5156 mei,
1723 5101 1924 5146 rectam
1947 5101 2000 5146 et

421 5180 820 5235 immaculatam
864 5181 1061 5236 habere
1097 5181 1423 5247 contendite,
1455 5191 1509 5236 et
1552 5182 1843 5236 secundum
1874 5196 2002 5250 apo-

421 5271 626 5327 stolica:
659 5272 1011 5326 institutionis
1055 5286 1320 5334 normam,
1373 5273 1672 5343 symbolum
1718 5287 1749 5326 a
1797 5273 2000 5328 sanctis

419 5361 672 5417 Patribus
699 5361 1047 5416 constitutum
1091 5363 1403 5416 memoriter
1449 5371 1626 5418 tenete
1668 5371 1725 5418 et
1752 5363 1998 5433 religiose

422 5452 684 5518 viventes,
723 5453 1012 5508 observare
1053 5453 1280 5507 studete.
1330 5453 1716 5509 llaercticorum
1752 5457 1998 5526 dogmata

421 5544 678 5611 pestifera
714 5543 900 5615 fugite,
932 5542 1295 5598 maleﬁcorum
1340 5553 1393 5598 et
1423 5545 1816 5600 incantatorum
1847 5561 2002 5602 vene-

423 5649 492 5686 na
521 5635 794 5690 mortifera
837 5636 1163 5699 borrescite,
1195 5635 1496 5691 divinorum
1525 5648 1580 5692 et
1626 5639 2000 5708 sortilegorum

424 5732 481 5778 et
507 5725 884 5796 charagiorum
911 5727 1170 5782 nefandas
1211 5728 1548 5793 traditiones,
1581 5745 1698 5799 qua:
1737 5747 1859 5784 cum
1897 5733 2003 5786 da:-

430 5814 676 5870 nlouibus
702 5820 1011 5873 societatem
1043 5820 1259 5883 habent,
1297 5821 1508 5887 penitus
1548 5822 1810 5890 respuite;
1842 5831 1895 5876 ct
1923 5825 2004 5876 ui-

2098 4745 2177 4798 dit
2197 4761 2409 4813 qunquc
2435 4745 2724 4799 secundum
2751 4745 2925 4797 simile
2958 4745 3082 4798 huic
3111 4763 3122 4796 :
3155 4742 3349 4811 Diliges
3375 4744 3687 4811 proximust

2096 4841 2243 4886 tuum
2271 4835 2403 4886 sicut
2433 4834 2692 4903 teipsum:
2722 4834 2774 4886 in
2802 4833 2880 4887 his
2921 4834 3120 4886 duobus
3146 4833 3409 4884 mandatis
3453 4842 3564 4884 tota
3601 4833 3704 4887 (ea:

2097 4923 2282 4992 pendet
2311 4932 2357 4975 et
2387 4925 2667 4992 prop/leue.
2716 4923 2868 4990 Quod
2906 4938 3032 4976 vero
3061 4923 3156 4985 ait,
3187 4939 3250 4975 ea:
3290 4932 3396 4975 toto
3425 4923 3604 4986 corde,
3639 4937 3704 4978 ct

2099 5022 2209 5066 tota
2253 5015 2454 5078 anima,
2500 5024 2547 5066 et
2587 5024 2696 5067 tota
2739 5024 2920 5074 mente,
2965 5013 3017 5067 id
3063 5022 3165 5072 est,
3216 5020 3333 5066 toto
3384 5012 3702 5079 intellectu,

2105 5108 2214 5155 tota
2247 5101 2543 5166 voluntate,
2568 5111 2623 5156 et
2661 5119 2728 5157 ex
2759 5103 2902 5156 omni
2934 5102 3190 5156 memoria
3223 5100 3387 5156 Deum
3424 5116 3542 5154 esse
3571 5103 3714 5158 dili—

2103 5189 2352 5260 gendum.
2379 5191 2473 5244 Dei
2501 5206 2627 5245 vero
2653 5191 2868 5246 dilectio
2907 5191 2959 5245 in
3001 5191 3378 5244 observatione
3404 5190 3716 5246 mandato-

2101 5297 2219 5335 rum
2250 5280 2364 5349 ejus
2393 5291 2501 5336 tota
2536 5277 2809 5346 consistit,
2840 5281 2980 5336 sicut
3010 5281 3134 5336 alibi
3160 5282 3273 5335 ait:
3310 5281 3370 5336 Si
3397 5281 3513 5346 quis
3555 5281 3712 5335 dili-

2100 5371 2173 5439 git
2202 5387 2304 5434 me,
2333 5388 2591 5424 sermones
2617 5388 2755 5424 meos
2782 5379 2949 5424 servat
2991 5369 3172 5440 (Joan.
3216 5369 3352 5439 XIV).
3383 5368 3536 5423 Unde
3568 5369 3720 5439 ipsa

2104 5459 2312 5514 Veritas
2343 5459 2466 5513 alibi
2504 5461 2619 5512 ait:
2645 5459 2712 5512 In
2750 5459 2847 5512 hoc
2876 5469 3181 5527 cognoscent
3213 5474 3386 5511 omnes
3428 5457 3553 5526 quia
3584 5467 3726 5518 mei

2101 5550 2222 5601 estis
2248 5549 2511 5618 discipuli,
2560 5550 2605 5603 si
2652 5549 2977 5603 dilectionem
3024 5549 3308 5602 habueritis
3339 5548 3406 5600 ad
3455 5548 3723 5609 invicem:

2095 5634 2290 5705 (Joan.
2310 5641 2447 5703 xm).
2466 5640 2595 5694 ltcm
2617 5640 2900 5710 Apostolus
2921 5659 2932 5693 :
2951 5637 3231 5694 Plenitudo
3247 5639 3372 5709 legis
3385 5647 3458 5692 est
3473 5637 3728 5699 dilectio

2105 5729 2281 5798 (Rom.
2311 5729 2452 5800 xm).
2492 5730 2625 5783 ltcm
2651 5729 2886 5785 Joannes
2922 5731 3248 5800 evangelista
3277 5748 3290 5783 :
3325 5728 3459 5792 Hoc,
3483 5729 3725 5802 inquis,

2106 5820 2672 5874 mandatumhabemus
2709 5837 2739 5873 a
2759 5821 2881 5883 Deo,
2915 5822 3068 5891 utqui
3093 5820 3260 5891 diligit
3277 5820 3465 5884 Deum,
3494 5817 3735 5893 dilige;
