4040 6188
355 355 421 413 85
1024 338 1031 345 ’
1234 358 1239 363 ο
1307 334 1610 393 ΠΟΜΠΛιΕ
1651 333 1740 389 DE
1778 329 1937 387 FES'I

2055 325 2470 393 PRECIPUIS,
2516 324 2666 381 ETC.
2950 307 2957 317 ’
3546 318 3618 375 88

350 473 397 517 ει
416 464 712 529 proximum
732 455 790 528 (Ι
803 452 967 510 Ioan.
992 451 1087 523 ιν).
1108 446 1165 505 Si
1185 448 1324 504 forte
1338 448 1592 519 quislibet
1608 441 1947 517 quairatquis
1973 445 2023 504 Α
2050 448 2291 508 netrare,
2337 446 2479 529 tene”
2505 436 2849 529 charitatem,
2882 432 2969 487 ubi
2992 431 3246 529 pendent
3287 431 3467 529 omnia
3495 446 3510 486 :
3542 434 3617 489 iis

353 563 422 609 su
444 550 749 622 proximus,
779 544 917 599 sciat
940 554 1154 596 omnem
1175 537 1545 593 Christianum
1573 540 1721 589 recte
1751 531 1933 603 proxi-

355 658 492 699 mum
523 639 657 703 dici,
681 636 808 706 quia
841 647 1031 687 omnes
1058 629 1112 684 in
1135 627 1406 699 baptismo
1442 626 1537 680 ﬁlii
1567 624 1664 679 Dei
1696 622 1935 680 sanctiﬁ-

352 745 553 794 camur,
580 735 635 780 ut
667 726 865 778 fratres
889 721 1057 776 simus
1083 717 1399 788 spiritaliter
1432 717 1488 770 in
1528 716 1792 769 cbaritate
1813 727 1935 783 per-

356 823 512 877 fecta.
555 818 805 873 Nobilior
846 821 930 869 est
962 810 1239 883 generatio
1265 807 1525 878 spiritalis
1554 822 1715 877 quam
1743 820 1936 861 carna-

355 915 434 988 lis,
462 914 525 968 de
566 927 671 981 qua
712 911 767 963 in
804 904 1098 977 Evangelio
1134 903 1249 972 ipsa
1285 901 1499 958 Veritas
1530 902 1641 955 ait:
1682 899 1935 971 Nisiquis

356 1012 560 1055 renatus
585 1000 743 1069 fuerit
771 1015 836 1051 ea:
861 1013 997 1067 aqua
1042 1003 1091 1047 et
1129 991 1332 1062 Spiritu
1373 1001 1572 1055 sancto,
1621 1006 1724 1044 non
1771 998 1935 1060 potest

356 1092 567 1144 introire
604 1090 659 1141 in
701 1102 919 1157 regnum
946 1084 1041 1138 Dei
1069 1083 1252 1155 (Joan.
1282 1083 1386 1152 ιιι).
1424 1081 1525 1148 Qui
1555 1088 1732 1135 autem
1756 1080 1937 1135 taliter

355 1183 655 1253 proximum
702 1176 1009 1248 intelligens
1051 1174 1245 1246 diligit,
1276 1174 1394 1228 sine
1421 1172 1585 1228 dubio
1616 1172 1933 1227 charitatem

356 1288 533 1327 veram
564 1271 617 1325 in
668 1268 961 1337 semetipso
1018 1264 1242 1319 tenebit.
1301 1261 1427 1317 Haec
1474 1262 1662 1334 igitur,
1717 1260 1933 1327 fratres,

357 1366 634 1437 diligenter
671 1360 1030 1425 considerate,
1062 1366 1261 1412 etcum
1296 1354 1399 1410 ﬁde
1438 1362 1493 1408 et
1523 1353 1810 1408 dilectione
1840 1364 1935 1405 ve-

356 1466 519 1510 stram
567 1450 870 1523 Opcramiui
923 1462 1138 1517 semper
1180 1444 1434 1509 salutem,
1472 1442 1737 1497 habentes
1785 1455 1935 1511 spem

355 1544 586 1606 ﬁrmam,
625 1541 751 1612 quia
794 1538 1056 1609 quidquid
1099 1536 1227 1591 boni
1267 1535 1319 1589 in
1364 1533 1616 1606 prmsenti
1652 1533 1829 1604 agitis,
1882 1532 1935 1586 in

356 1636 530 1691 futuro
556 1635 623 1689 ab
651 1632 743 1688 illo
786 1628 1237 1686 inaestimabiliter
1272 1624 1767 1689 remunerabimini,
1810 1623 1935 1692 quia

354 1736 537 1782 auctor
574 1734 629 1779 et
653 1729 923 1793 protector
944 1728 1026 1775 est
1053 1718 1242 1774 salutis
1280 1726 1480 1773 nostrae
1507 1714 1664 1772 Jesus
1687 1714 1935 1771 Christus

2034 529 2245 586 tenebis
2278 542 2400 599 qum
2446 526 2520 583 ibi
2563 514 2829 592 didicisti,
2866 525 3076 580 tenebis
3119 524 3282 578 etiam
3322 524 3464 594 quod
3508 538 3616 579 non

2034 622 2292 680 didicisti.
2344 619 2402 675 Si
2450 620 2593 675 enim
2639 619 2782 673 nosti
2826 619 3175 681 charitatem,
3223 617 3428 689 aliquid
3471 617 3615 674 nosti

2034 712 2177 768 unde
2206 720 2260 767 et
2284 709 2413 765 illud
2460 710 2657 781 pendet
2688 709 2831 779 quod
2862 709 3001 766 forte
3037 725 3143 765 non
3184 711 3362 777 nosti;
3391 715 3445 766 et
3473 709 3528 765 in
3551 723 3618 766 eo

2034 803 2176 874 quod
2213 801 2269 855 in
2295 798 2592 871 Seripturis
2641 798 2914 871 intelligis,
2963 800 3203 855 eharitas
3244 807 3424 870 patet;
3464 807 3520 855 et
3560 799 3616 856 in

2034 907 2101 949 eo
2133 893 2276 964 quod
2301 905 2406 947 non
2444 891 2717 961 intelligis,
2750 891 2989 947 charitas
3027 891 3177 947 latet.
3204 890 3298 947 Ille
3334 892 3517 962 itaque
3542 899 3619 946 te-

2034 990 2128 1039 net
2153 992 2209 1036 et
2226 982 2368 1052 quod
2391 988 2542 1051 patet
2565 989 2620 1036 et
2639 982 2781 1051 quod
2810 981 2939 1036 latet
2961 981 3017 1035 in
3039 980 3235 1037 divinis
3257 982 3616 1048 sermonibus,

2035 1076 2127 1146 qui
2156 1074 2479 1130 charitatem
2516 1082 2666 1129 tenet
2707 1073 2760 1127 in
2790 1073 3054 1129 moribus.
3100 1071 3458 1145 Quapropter,
3502 1071 3614 1126 fra~

2036 1177 2150 1225 tres
2178 1167 2509 1229 charissimi,
2529 1165 2809 1222 sectemini
2834 1165 3157 1221 charitatem
3183 1182 3197 1219 :
3232 1165 3344 1236 ipsa
3364 1164 3618 1220 videlicet

2036 1273 2120 1317 εει
2162 1260 2314 1316 dulce
2348 1275 2411 1315 ac
2458 1258 2673 1314 salubre
2711 1257 2984 1313 vinculum
3031 1256 3311 1323 mentium,
3354 1256 3471 1311 sine
3511 1269 3617 1325 qua

2036 1351 2187 1408 dives
2214 1364 2419 1421 pauper
2448 1359 2551 1414 est,
2585 1356 2641 1404 et
2669 1363 2791 1404 cum
2820 1363 2925 1419 qua
2953 1361 3155 1419 pauper
3183 1347 3333 1403 dives
3360 1354 3461 1403 est.
3490 1345 3619 1401 Haec

2038 1442 2092 1497 in
2124 1440 2541 1498 adversitatibus
2562 1440 2774 1507 tolerat,
2823 1440 2879 1495 in
2918 1439 3369 1511 prosperitatibus
3418 1446 3621 1508 tempe-

2039 1543 2146 1601 rat,
2189 1536 2243 1591 in
2279 1536 2430 1590 duris
2471 1534 2815 1604 passionibus
2860 1530 3035 1597 fortis,
3082 1532 3138 1585 in
3167 1530 3325 1586 bonis
3360 1529 3617 1600 operibus

2037 1625 2250 1689 hilaris,
2295 1624 2348 1678 in
2381 1622 2770 1679 tentationibus
2815 1621 3109 1687 tutissima,
3150 1621 3206 1676 in
3249 1619 3618 1690 hospitalitate

2038 1715 2326 1780 latissima,
2369 1715 2510 1768 inter
2560 1728 2720 1769 veros
2774 1709 2969 1768 fratres
3009 1708 3425 1778 iucundissima,
3473 1710 3614 1764 intra

354 1817 608 1872 Dominus
634 1821 838 1878 noster,
859 1810 953 1881 qui
976 1809 1272 1864 cumPatre
1304 1816 1359 1862 et
1378 1805 1581 1878 Spiritu
1604 1816 1794 1862 saneto
1814 1806 1944 1860 vivit
1973 1802 2208 1862 B‘falsos
2235 1805 2396 1858 etiam
2427 1802 2817 1874 patientissima
2845 1819 2859 1856 :
2891 1803 2945 1857 in
2985 1800 3117 1857 Abel
3147 1815 3244 1872 per
3288 1799 3615 1856 sacriﬁcium

353 1919 407 1967 et
430 1919 618 1981 regnat
649 1906 814 1973 Deus,
848 1918 948 1974 per
967 1902 1146 1957 omnia
1166 1899 1361 1957 szecula
1379 1898 1716 1955 saeculorum.
1743 1896 1934 1954 Amen.

886 2010 1172 2069 HOMILIA
1208 2010 1392 2065 XLVI.

922 2100 990 2138 DE
1035 2096 1367 2137 CHARH‘A’I‘E.

416 2178 573 2234 Libet
621 2191 711 2232 me
769 2174 972 2245 aliquid
1028 2174 1082 2228 in
1132 2170 1585 2241 contemplatione
1629 2172 1934 2238 charitatis,

349 2269 545 2323 fratres
592 2265 920 2329 charissimi,
990 2262 1268 2319 dilectioni
1318 2273 1513 2317 vestrae
1567 2262 1767 2328 dicere,
1816 2277 1936 2331 quae

348 2366 551 2429 quanto
580 2358 752 2427 magis
782 2372 880 2413 cor
913 2354 1181 2421 accendit,
1234 2362 1387 2409 tanto
1426 2354 1783 2425 copiosiorem
1828 2370 1934 2410 ser-

348 2463 562 2503 monem
587 2447 799 2513 tribuit,
820 2456 878 2501 et
904 2456 1105 2517 quanto
1137 2446 1311 2516 magis
1336 2445 1392 2500 iu
1418 2445 1739 2516 disputando
1765 2460 1824 2501 se
1844 2462 1937 2501 ex-

351 2538 537 2602 wailit,
571 2544 719 2593 tanto
743 2551 838 2592 vos
857 2536 1078 2591 suavius
1104 2535 1298 2591 reﬁcit.
1321 2533 1438 2605 Ipsa
1460 2535 1604 2589 enim
1633 2535 1935 2589 divinarum

350 2626 757 2698 Scripturarum
788 2625 1140 2697 multiplicem
1179 2626 1566 2681 abundantiam
1590 2625 1937 2681 altissimam—

349 2732 450 2786 que
469 2716 775 2771 doctrinam
798 2716 916 2770 sine
944 2715 1053 2770 ullo
1085 2730 1271 2771 errore
1302 2715 1713 2785 comprehcndit
1731 2723 1789 2769 et
1814 2715 1935 2770 sine

349 2808 456 2863 ullo
478 2808 668 2863 labore
694 2805 947 2871 custodit,
977 2806 1130 2875 cujus
1174 2821 1270 2862 cor
1292 2806 1508 2876 plenum
1536 2814 1620 2861 est
1645 2805 1933 2872 charitate,

351 2901 562 2956 dicente
589 2899 885 2969 Apostolo:
919 2896 1197 2952 Plenitudo
1232 2896 1358 2967 legis
1399 2906 1471 2951 est
1503 2897 1732 2951 charitas
1759 2896 1931 2967 (Rom.

350 2991 502 3061 sui);
539 2990 675 3045 etin
703 2989 810 3043 alio
830 2988 986 3043 loco:
1017 2984 1172 3041 Finis
1200 2996 1373 3040 autem
1398 2987 1643 3057 prwcepti
1667 2995 1742 3040 est
1760 2984 1938 3039 chari-

350 3091 451 3146 tas,
478 3081 546 3134 de
570 3080 729 3134 corde
766 3094 919 3149 puro,
969 3086 1018 3131 et
1066 3076 1383 3131 conscientia
1423 3080 1574 3140 bona,
1604 3083 1652 3129 et
1694 3074 1801 3145 ﬁde
1829 3091 1935 3129 non

349 3170 470 3237 ﬁcta
496 3168 549 3241 (Ι
578 3168 717 3222 Tim.
760 3168 825 3237 ι).
864 3166 1003 3233 Quid
1039 3174 1124 3220 est
1153 3173 1332 3219 autem
1372 3165 1616 3235 prtccepti
1647 3165 1789 3232 ﬁnis,
1830 3163 1934 3218 nisi
1962 3151 2008 3215 C

350 3258 604 3328 praecepti
633 3254 985 3326 adimpletio?
1016 3253 1154 3320 Quid
1173 3262 1257 3308 est
1278 3262 1458 3308 autem
1485 3254 1736 3324 praecepti
1765 3254 1935 3307 adim-

352 3347 539 3419 pletio,
566 3347 673 3402 nisi
699 3347 833 3416 legis
872 3345 1184 3416 plenitudo?
1215 3344 1368 3412 Quod
1397 3360 1525 3414 ergo
1563 3345 1632 3398 ibi
1679 3333 1934 3410 diximus,

352 3440 617 3510 plenitudo
665 3438 794 3508 legis
840 3438 1091 3503 charitas,
1138 3436 1241 3492 hoc
1294 3437 1460 3491 etiam
1510 3436 1765 3502 diximus,
1810 3435 1936 3505 ﬁnis

351 3532 594 3601 precepti
613 3540 691 3586 est
723 3529 973 3583 cbaritas.
1002 3527 1113 3584 Nec
1141 3529 1376 3584 dubitari
1412 3526 1521 3582 ullo
1561 3529 1720 3584 modo
1758 3535 1938 3598 potest

311 3633 314 3637 '
355 3620 493 3688 quod
516 3618 777 3688 templum
803 3619 900 3673 Dei
929 3618 1019 3683 sit,
1051 3618 1106 3671 in
1134 3633 1243 3687 quo
1266 3618 1474 3671 habitat
1510 3617 1779 3684 eharitas;
1807 3616 1938 3672 dicit

356 3710 495 3764 enim
522 3707 802 3764 Joannes:
855 3706 995 3761 Deus
1042 3716 1117 3761 est
1166 3707 1421 3761 cbaritas.
1474 3705 1600 3767 llzec
1636 3717 1816 3762 autem
1854 3707 1938 3761 di-

354 3813 536 3860 centes
584 3802 837 3873 apostoli,
893 3809 950 3856 et
1018 3802 1172 3856 nobis
1222 3801 1505 3856 charitatis
1562 3801 1935 3856 ercellentiam

358 3894 814 3957 commendantes,
845 3907 953 3946 non
1003 3892 1190 3961 utique
1222 3891 1387 3956 aliud,
1433 3891 1536 3945 nisi
1576 3892 1718 3960 quod
1759 3907 1939 3945 come-

360 3984 561 4049 derunt,
587 3993 875 4038 eructuare
898 3987 1167 4049 poterant.
1192 3980 1309 4049 Ipse
1330 3980 1525 4050 quippe
1551 3980 1808 4034 Dominus
1842 3995 1932 4049 pa-

358 4089 509 4129 scens
534 4088 630 4128 eos
659 4073 784 4127 cibo
805 4070 1017 4135 salutis,
1040 4069 1202 4124 verbo
1222 4069 1528 4133 charitatis,
1553 4069 1695 4137 quod
1719 4079 1803 4123 est
1822 4070 1936 4139 ipse

356 4166 508 4235 panis
530 4165 683 4220 vivus
704 4162 793 4234 qui
820 4164 884 4220 de
899 4161 1037 4220 cmlo
1061 4162 1355 4231 descendit,
1381 4160 1716 4231 Mandatum,
1734 4161 1931 4235 inquit,

359 4273 542 4311 novum
570 4257 639 4310 do
680 4257 837 4319 vobis,
862 4265 918 4310 ut
951 4273 1041 4311 vos
1074 4257 1306 4327 diligatis
1336 4257 1551 4312 invicem
1579 4256 1761 4330 (Joan.
1789 4255 1932 4328 xm).

359 4345 457 4411 Qui
475 4360 605 4416 ergo
631 4353 819 4400 contra
841 4345 1030 4399 mortis
1060 4353 1383 4401 vetustatem
1422 4346 1603 4401 attulit
1630 4348 1753 4401 vita:
1787 4348 1938 4403 novi-

361 4443 541 4499 tatem,
590 4435 706 4506 ipse
734 4444 926 4490 contra
965 4445 1120 4491 vetus
1158 4447 1439 4507 peccatum
1470 4438 1693 4508 opponit
1741 4455 1937 4495 novum

2036 1904 2217 1966 grata;
2251 1894 2302 1948 in
2328 1893 2439 1948 Noe
2470 1908 2568 1962 per
2588 1892 2846 1947 diluvium
2877 1905 3086 1959 secura,
3119 1892 3175 1947 in
3203 1891 3434 1947 Abrahae
3457 1905 3615 1963 pere-

2036 1985 2339 2057 grinatione
2381 1983 2713 2049 ﬁdelissima,
2736 1983 2790 2037 in
2830 1982 3010 2055 Moyse
3049 1983 3191 2039 inter
3227 1981 3406 2056 iurgia
3447 1982 3614 2039 lenis-

2035 2077 2193 2140 sima,
2244 2073 2299 2129 in
2354 2072 2520 2129 David
2564 2072 3000 2128 tribulationibus
3046 2072 3504 2138 mansuetissima,
3553 2072 3612 2127 in

2037 2166 2210 2221 tribus
2253 2162 2438 2229 pueris
2482 2161 2709 2218 blandus
2761 2162 2901 2234 ignis
2949 2162 3265 2218 innocenter
3291 2170 3525 2233 spectat,
3556 2163 3612 2218 in

2035 2255 2354 2312 Macbabmis
2404 2270 2574 2311 savos
2618 2255 2769 2327 ignes
2820 2252 3037 2309 fortiter
3092 2253 3307 2321 tolerat,
3349 2264 3501 2310 casta
3557 2254 3611 2309 in

2035 2347 2282 2404 Susanna
2313 2363 2441 2420 erga
2470 2348 2666 2411 virum,
2712 2346 2766 2400 in
2792 2347 2945 2402 Anna
2978 2346 3101 2418 post
3125 2348 3320 2415 virum,
3356 2347 3415 2403 in
3454 2346 3611 2402 Anna

2036 2435 2153 2508 (sic)
2199 2443 2398 2506 praeter
2426 2435 2624 2501 virum,
2654 2434 2826 2489 libera
2868 2434 2923 2490 in
2950 2435 3116 2492 Paulo
3157 2436 3224 2491 ad
3253 2436 3610 2509 urguendum,

2035 2526 2258 2582 humilis
2289 2527 2342 2581 in
2368 2526 2532 2582 Petro
2558 2527 2627 2582 ad
2656 2526 3036 2593 obediendum,
3076 2527 3315 2584 humana
3358 2528 3414 2584 in
3455 2528 3613 2585 Chri-

2034 2619 2225 2676 stianis
2264 2620 2333 2675 ad
2371 2619 2759 2685 conﬁtendum,
2791 2619 2969 2675 divina
3012 2618 3070 2674 in
3109 2619 3325 2676 Christo
3366 2619 3433 2675 ad
3462 2620 3613 2691 igno-

2035 2709 2314 2767 scendum.
2342 2708 2452 2765 Sed
2485 2710 2612 2768 auid
2639 2724 2740 2780 ego
2771 2709 2949 2781 majus
2977 2709 3044 2765 de
3067 2709 3331 2765 charitate
3361 2717 3457 2765 aut
3481 2710 3615 2764 ube-

2033 2802 2149 2859 rius
2184 2816 2406 2872 possum
2454 2801 2634 2856 dicere
2671 2816 2832 2871 quam
2884 2816 2982 2872 per
3030 2815 3092 2856 os
3138 2800 3381 2870 Apostoli
3428 2800 3612 2856 laudes

2034 2897 2153 2968 ejus
2204 2897 2410 2951 intonat
2465 2895 2746 2961 Dominus,
2793 2895 3281 2967 supereminentem
3331 2896 3475 2951 viam
3520 2896 3610 2953 de-

2035 2984 2389 3042 monstrantis
2416 2993 2579 3055 atque
2602 2984 2831 3039 dicentis
2861 3002 2875 3038 :
2926 2984 2990 3040 Si
3024 2983 3217 3056 linguis
3242 2985 3512 3040 hominum
3538 2984 3614 3039 lo-

2036 3088 2231 3150 quaret
2257 3076 2583 3148 angelorum,
2607 3078 2916 3132 charitatem
2939 3087 3111 3132 autem
3140 3094 3242 3132 non
3268 3078 3508 3143 habeam,
3534 3078 3614 3148 fa-

2039 3178 2151 3223 ctus
2163 3185 2276 3222 sum
2296 3168 2432 3222 velut
2450 3184 2521 3223 ws
2547 3184 2743 3222 sonans
2775 3177 2866 3221 aut
2889 3167 3185 3238 cymbalum
3207 3166 3451 3223 tinniens.
3474 3167 3539 3222 Et
3565 3168 3613 3223 si

2037 3258 2266 3312 habuero
2292 3257 2635 3328 prOphetiam,
2658 3267 2706 3312 et
2733 3258 2958 3312 noverim
2980 3259 3225 3328 mysteria
3247 3259 3423 3313 omnia
3440 3269 3487 3313 et
3502 3276 3615 3313 om-

2038 3365 2152 3402 nem
2166 3350 2456 3413 scientiam,
2484 3357 2531 3402 et
2555 3348 2785 3402 habuero
2804 3363 3006 3402 omnem
3032 3347 3213 3418 ﬁdem,
3237 3349 3312 3403 ita
3338 3358 3392 3404 ut
3411 3358 3611 3404 montes

2037 3436 2376 3506 transferam,
2411 3437 2718 3490 charitatem
2743 3453 2845 3491 non
2870 3437 3123 3505 habuero,
3153 3438 3283 3493 nihil
3311 3456 3448 3494 sum.
3474 3437 3615 3494 Etsi

2037 3525 2349 3579 distribuero
2375 3525 2428 3578 in
2459 3524 2598 3579 cibos
2622 3542 2912 3596 pauperum
2938 3542 3114 3582 omnes
3138 3528 3415 3597 facultates
3448 3546 3612 3595 meas,

2037 3627 2086 3671 et
2109 3617 2155 3671 si
2178 3616 2447 3671 tradidero
2475 3620 2661 3687 corpus
2680 3633 2849 3671 meum
2867 3618 2941 3672 ita
2966 3631 3020 3672 ut
3045 3619 3282 3685 ardeam,
3303 3621 3613 3677 charitatem

2040 3716 2216 3760 autem
2247 3722 2351 3759 non
2393 3706 2643 3768 habuero,
2681 3705 2814 3760 nihil
2834 3707 2964 3759 mihi
2982 3706 3212 3776 prodest.
3237 3706 3482 3765 Charitas
3506 3728 3607 3782 pa-

2038 3795 2171 3849 tiens
2198 3803 2292 3860 est,
2311 3795 2530 3865 benigna
2557 3804 2655 3860 est,
2679 3793 2910 3849 Charitas
2930 3811 3032 3850 non
3046 3796 3351 3865 aemulatur,
3382 3816 3485 3855 non
3507 3803 3615 3872 agit

2036 3902 2324 3956 perperam,
2356 3901 2459 3939 non
2484 3887 2722 3955 inﬂatur,
2752 3903 2855 3941 non
2875 3897 2952 3941 est
2977 3889 3276 3958 ambitiosa,
3302 3907 3405 3946 non
3427 3896 3617 3964 quierit

2036 3993 2155 4048 qua?
2184 3991 2282 4032 sua
2321 3986 2461 4044 sunt,
2496 3994 2599 4031 non
2623 3978 2883 4047 irritatur,
2910 3995 3012 4037 non
3037 3981 3228 4054 cogitat
3271 3983 3488 4051 malum,
3512 4000 3618 4040 non

2038 4070 2228 4144 gaudet
2284 4086 2437 4145 super
2494 4071 2787 4144 iniquitate,
2846 4076 3134 4146 congaudet
3191 4086 3363 4132 autem
3389 4078 3614 4133 veritati.

2042 4162 2234 4218 Omnia
2263 4164 2467 4233 suffert,
2516 4165 2692 4218 omnia
2737 4164 2919 4231 credit,
2974 4167 3150 4219 omnia
3196 4176 3389 4237 sperat,
3443 4169 3618 4222 omnia

2038 4255 2257 4308 sustinet
2306 4270 2325 4308 :
2374 4255 2606 4308 charitas
2643 4270 2908 4325 nunquam
2944 4255 3138 4310 excidit
3202 4255 3257 4328 (I
3297 4253 3417 4310 Cor.
3470 4257 3615 4327 xui).

2041 4343 2252 4411 Quanta
2279 4354 2363 4401 est
2404 4346 2507 4401 ista
2539 4347 2718 4401 anima
2741 4346 3066 4416 linguarum,
3092 4347 3395 4418 prophetia,
3422 4347 3613 4411 virtus,

2043 4446 2503 4492 sacramentorum
2542 4438 2710 4503 salus,
2751 4437 2987 4492 scientiae
3015 4437 3448 4503 solidamentum,
3494 4438 3619 4495 ﬁdei

359 4525 687 4581 mandatum.
715 4525 1055 4596 Quapropter
1082 4535 1238 4581 vetus
1264 4537 1544 4598 peccatum
1577 4530 1823 4600 quisquis
1857 4531 1939 4585 vis
1964 4521 2016 4580 D
2044 4528 2270 4593 fructus,
2303 4528 2503 4582 divitiae
2547 4541 2864 4598 pauperum,
2906 4527 3017 4581 vita
3064 4527 3447 4582 morientium!
3481 4529 3620 4596 Quid

360 4616 721 4686 exstinguere,
747 4616 1001 4670 mandato
1022 4629 1162 4669 novo
1198 4616 1482 4686 exstingue
1512 4618 1859 4687 cupiditatem
1883 4628 1938 4674 et

361 4706 684 4774 amplectere
732 4706 1074 4761 cbaritatem.
1134 4704 1287 4761 Sicut
1333 4707 1479 4761 enim
1524 4708 1679 4761 radix
1707 4709 1937 4763 omnium

358 4797 615 4850 malorum
640 4797 898 4867 cupiditas
935 4796 986 4869 (I
1065 4796 1201 4851 Tim.
1252 4796 1352 4869 γι),
1400 4798 1474 4852 ita
1517 4799 1669 4854 radix
1697 4800 1936 4854 omnium

356 4884 620 4939 bonorum
662 4885 919 4940 cbaritas.
957 4884 1149 4941 Totam
1194 4888 1614 4957 magnitudinem
1654 4896 1709 4945 et
1749 4888 1935 4943 latitu-

356 4975 533 5031 dinem
573 4976 879 5030 divinorum
909 4977 1247 5048 eloquiorum
1275 4994 1468 5035 secura
1495 4981 1733 5049 possidet
1759 4982 1939 5035 cbari-

355 5077 460 5132 tas,
487 5084 593 5138 qua
621 5070 815 5135 Deum,
842 5072 1257 5143 proximumque
1285 5071 1576 5143 diligimus.
1608 5073 1772 5128 Docet
1792 5075 1934 5128 enim

354 5172 454 5211 nos
484 5158 729 5213 caelestis
755 5175 895 5215 unus
937 5161 1194 5230 magister
1237 5168 1292 5214 et
1327 5161 1494 5216 dicit:
1530 5161 1726 5233 Diliges
1755 5162 1938 5216 Domi-

351 5263 478 5300 nam
505 5248 674 5301 Deum
700 5258 848 5303 tuum
887 5266 950 5304 ea:
975 5259 1081 5305 toto
1107 5250 1263 5304 corde
1298 5260 1409 5317 tuo,
1453 5261 1499 5305 et
1524 5268 1589 5306 ea:
1626 5261 1734 5305 tota
1759 5254 1937 5307 anima

348 5347 462 5401 tua,
480 5348 530 5391 et
551 5354 617 5391 ea:
636 5339 760 5393 totis
784 5340 979 5394 viribus
1005 5341 1129 5406 tuis,
1158 5349 1207 5394 et
1240 5340 1424 5411 diliges
1451 5343 1750 5411 proximum
1791 5352 1939 5395 tuum

349 5429 482 5483 sicut
506 5433 730 5501 teipsum
754 5445 773 5482 .'
803 5431 857 5485 in
882 5434 961 5486 his
988 5433 1191 5488 duobus
1228 5437 1518 5506 praeceptis,
1560 5446 1670 5490 tota
1709 5436 1794 5491 lea:
1814 5454 1940 5508 pen-

349 5520 436 5574 det
459 5532 507 5575 ct
525 5524 798 5593 prophetae
819 5518 1186 5597 (Mutilum).
1218 5525 1272 5581 Si
1297 5540 1428 5597 ergo
1450 5542 1559 5582 non
1580 5538 1938 5584 vacatomnes

347 5613 575 5682 paginas
620 5623 844 5670 sanctas
885 5618 1234 5685 perscrutari,
1284 5618 1465 5673 omnia
1512 5619 1782 5674 volumina
1825 5636 1939 5674 ser-

346 5718 570 5759 monum
615 5706 892 5774 evolvere,
921 5708 1102 5763 omnia
1143 5707 1549 5781 Scripturarum
1590 5721 1799 5767 secreta
1843 5726 1940 5781 pe-

2045 4627 2154 4673 tam
2203 4618 2603 4687 magnanimum
2662 4631 2823 4684 quam
2878 4631 2977 4686 pro
3028 4615 3207 4687 impiis
3259 4618 3432 4672 mori!
3482 4618 3623 4686 Quid

2045 4719 2155 4764 tam
2183 4708 2469 4776 benignum
2503 4721 2666 4776 quam
2710 4716 2766 4761 ct
2798 4705 3043 4763 inimicos
3089 4707 3346 4778 diligere!
3384 4707 3509 4764 Sola
3538 4718 3623 4765 est

2043 4816 2204 4871 quam
2231 4797 2463 4853 felicitas
2495 4797 2668 4851 aliena
2711 4813 2818 4852 non
2861 4801 3076 4869 premit,
3107 4801 3232 4870 quia
3268 4816 3374 4856 non
3403 4803 3624 4859 :emula-

2043 4904 2157 4961 tur,-
2183 4893 2295 4949 sola
2323 4902 2408 4949 est
2426 4908 2584 4963 quam
2605 4891 2834 4949 felicitas
2855 4911 2952 4951 sua
2972 4911 3076 4950 non
3106 4897 3334 4964 extollit,
3362 4900 3485 4969 quia
3516 4916 3622 4954 non

2041 4986 2286 5052 inﬂatur;
2325 4985 2439 5041 sola
2480 4992 2561 5040 est
2591 5000 2749 5054 quam
2795 4985 3126 5041 conscientia
3154 4987 3297 5041 mala
3327 5003 3431 5043 non
3468 5004 3619 5044 com-

2040 5077 2247 5147 pungit,
2276 5076 2401 5148 quia
2423 5091 2529 5130 non
2557 5076 2669 5146 agit
2696 5090 2981 5146 perperam
3008 5094 3022 5130 :
3056 5076 3199 5131 inter
3221 5079 3510 5148 opprobria
3539 5095 3624 5133 se-

2041 5180 2195 5231 cura,
2241 5167 2382 5221 inter
2407 5166 2531 5220 odia
2564 5164 2805 5221 beneﬁca
2834 5174 2948 5231 est;
2995 5165 3137 5220 inter
3181 5166 3473 5237 iujuriosos
3512 5166 3624 5236 pla-

2047 5253 2168 5309 cida
2200 5263 2305 5320 cst,
2342 5255 2484 5309 inter
2511 5254 2734 5310 insidias
2769 5255 3027 5310 innocens
3063 5264 3188 5310 est:
3235 5256 3377 5312 inter
3427 5255 3624 5324 iniqui-

2044 5354 2183 5400 tates
2202 5360 2444 5413 gemens,
2473 5345 2527 5399 in
2553 5346 2781 5400 veritate
2805 5346 3101 5416 respiraus.
3127 5346 3267 5415 Quid
3296 5347 3380 5401 illa
3404 5344 3619 5410 fortius,

2045 5451 2150 5491 non
2181 5437 2249 5490 ad
2285 5435 2679 5503 retribuendas,
2732 5438 2828 5492 sed
2861 5437 2928 5493 ad
2976 5437 3311 5495 suffereudas
3356 5435 3623 5506 injurias?

2042 5526 2182 5594 Quid
2223 5526 2308 5582 illa
2339 5526 2571 5594 ﬁdelius,
2609 5543 2717 5585 non
2743 5529 2994 5595 vanitati,
3030 5531 3124 5586 sed
3150 5526 3467 5586 teteruitati?
3486 5528 3621 5585 Nam

2041 5620 2163 5676 ideo
2212 5620 2404 5677 tolerat
2455 5622 2638 5678 omnia
2696 5623 2749 5677 in
2800 5623 3057 5692 praesenti
3093 5622 3224 5686 vita,
3275 5620 3400 5691 quia
3452 5622 3624 5677 credit

2041 5712 2218 5767 omnia
2251 5713 2315 5768 de
2347 5712 2527 5768 futura
2554 5714 2685 5779 vita,
2730 5722 2784 5769 et
2829 5713 3018 5771 suffert
3048 5712 3227 5769 omnia
3249 5730 3370 5785 qua:
3404 5715 3490 5772 hic
3519 5714 3621 5768 im:
