4040 6188
409 263 477 319 87
608 280 615 287 ‘
1034 265 1104 321 Β.
1146 267 1397 322 RABANI
1433 269 1649 326 MAURI
1687 269 2003 351 ARCHIEI‘.
2047 275 2356 333 MCGUNT.
2390 278 2671 336 OPERUM
2712 280 2890 338 PARS
2920 282 2985 337 Π.

3586 294 3658 350 88

407 381 712 443 mittuntur,
744 380 868 450 quia
908 390 1089 452 sperat
1116 383 1293 437 omnia
1320 398 1440 453 qum
1476 384 1549 438 ibi
1571 386 1975 454 promittuntur.
2003 391 2052 449 Λ
2078 404 2199 458 gere
2222 389 2242 460 (
2267 390 2296 443 I
2329 391 2451 446 Cor.
2487 409 2559 447 vn
2592 392 2644 463 ),
2683 397 2834 464 quasi
2871 399 3046 452 statim
3087 400 3138 452 in
3172 408 3319 455 tactu
3357 405 3655 473 perieulum

405 468 600 525 Merito
634 485 907 540 nunquam
933 474 1109 537 cadet,
1138 473 1264 543 quia
1286 473 1404 528 sine
1434 473 1643 529 defectu
1670 486 1967 545 permanet.

403 562 546 633 Ergo
583 563 864 617 sectamini
891 564 1229 628 charitatem,
1265 563 1476 627 fratres,
1525 573 1581 620 ct
1614 564 1668 620 in
1690 580 1752 621 ea
1780 568 1865 637 pie
1884 583 1973 622 co-

405 655 647 725 gitantes
675 662 730 709 et
759 662 944 710 sancte
969 654 1234 718 viventes,
1262 653 1451 710 atl‘crte
1480 656 1714 710 fructum
1748 654 1974 725 iustitia:

400 753 459 800 et
478 761 575 815 per
602 746 769 817 ipsius
794 746 1046 802 ducatum
1071 747 1285 802 studete
1311 757 1368 802 ιιι
1388 749 1717 817 perveniatis
1739 749 1805 804 ad
1827 764 1973 807 sum-

400 852 550 892 mum
588 836 788 892 bonum
812 855 826 890 :
854 852 1066 893 summo
1089 838 1234 895 enim
1282 837 1425 894 bono
1457 840 1672 910 adepto.
1712 849 1971 899 aeternam

394 927 786 1005 beatitudinem
824 928 1115 993 habebitis,
1149 928 1219 983 ad
1239 944 1400 999 quam
1426 944 1525 986 nos
1549 931 1834 1001 pervenire
1860 932 1971 1005 ipse

397 1019 683 1081 comedat,
703 1020 796 1089 qui
824 1027 912 1076 est
944 1022 1104 1077 beata
1138 1021 1379 1077 charitas
1401 1029 1458 1078 ct
1483 1021 1649 1077 chara
1672 1022 1966 1089 beatitudo,

392 1105 553 1164 Jesus
576 1107 826 1165 Christus
848 1110 1109 1165 Dominus
1151 1118 1360 1174 noster,
1398 1124 1523 1166 cum
1563 1108 1746 1178 Patre,
1774 1119 1830 1167 et
1853 1109 1972 1182 Spi-

393 1197 500 1252 ritu
540 1207 728 1255 sancto
752 1214 892 1254 unus
919 1198 1067 1257 solus
1097 1206 1154 1256 et
1185 1214 1348 1257 verus
1387 1214 1622 1272 regnans
1665 1200 1827 1265 Deus,
1868 1216 1970 1272 per

390 1287 572 1343 omnia
606 1288 801 1344 sarcula
829 1288 1167 1347 saeculorum.
1203 1288 1396 1346 Amen.

912 1402 1192 1459 IlOMILIA
1223 1402 1428 1460 XLVII.

755 1490 823 1531 ΒΕ
856 1488 1157 1532 (ΣΛΞΤΙΤΑΤΕ
1192 1489 1262 1529 ΕΤ
1302 1489 1578 1530 MUNDITIA.

458 1562 763 1620 Gloriosum
818 1573 873 1619 et
926 1564 1187 1635 insignem
1260 1563 1402 1618 inter
1461 1574 1682 1621 caeteras
1732 1566 1961 1623 virtutes

382 1651 561 1707 locum
587 1654 811 1709 castitas
843 1660 898 1708 et
925 1653 1185 1708 munditia
1212 1659 1380 1719 tenet,
1403 1652 1601 1709 fratres
1626 1655 1955 1722 charissimi,

2074 490 2248 534 esset:
2279 482 2500 550 pulchra
2530 495 2613 540 est
2638 487 2784 540 enim
2811 498 2961 543 easta
2985 487 3243 555 juvcnum
3283 495 3561 562 pudicitia,
3600 507 3655 553 et

2072 568 2187 624 Deo
2217 573 2481 637 amabilis,
2517 582 2570 630 et
2596 574 2667 631 ad
2711 591 2871 632 omne
2897 578 3096 632 bonum
3151 581 3318 635 utilis.
3370 582 3472 651 Qui
3512 585 3653 643 ﬁlios

2073 656 2237 712 habet
2278 660 2574 729 spiritales,
2614 662 2700 719 vel
2746 664 3009 729 carnales,
3060 669 3266 723 nutriat
3296 671 3416 726 illos
3461 674 3515 728 in
3563 692 3654 731 ca~

2072 746 2273 834 stitate,
2310 748 2445 815 Deo,
2473 766 2584 806 non
2608 752 2660 806 in
2688 751 3067 819 fornicatione,
3099 756 3332 815 diabolo.
3364 761 3502 829 Quid
3528 781 3652 834 pro-

2072 832 2195 889 dest
2220 836 2420 891 homini
2471 838 2635 894 filium
2668 840 2886 907 habere,
2932 844 3158 910 nutrire,
3189 862 3389 912 amare,
3425 852 3470 907 si
3496 832 3654 909 aiter-

2068 925 2157 979 nis
2174 941 2295 980 cum
2323 927 2522 982 nutriat
2550 931 2967 998 tormentis?‘Qui
2996 933 3048 986 in
3073 935 3317 991 castitate
3340 938 3652 1006 vivunt,an—

2065 1015 2290 1086 gelicam
2337 1019 2536 1074 habent
2588 1020 2644 1076 in
2682 1022 2843 1076 terris
2887 1026 3368 1083 conversationem.
3415 1031 3655 1089 Castitas

2065 1101 2338 1164 hominem
2386 1109 2524 1166 coelo
2563 1112 2863 1182 coniungit,
2900 1114 3105 1183 angelis
3151 1115 3279 1171 facit
3315 1119 3508 1175 civem.
3542 1122 3651 1190 Qui

2063 1198 2342 1256 mulierem
2370 1201 2531 1257 habet
2566 1202 2880 1272 legitimam,
2911 1204 3153 1275 legitime
3199 1218 3381 1264 utatur
3404 1226 3465 1266 ea
3512 1223 3647 1268 tern-

2060 1289 2281 1361 poribus
2329 1292 2664 1361 opportunis,
2705 1300 2781 1357 ut,
2829 1295 3118 1348 secundum
3144 1295 3487 1366 Apostolum,
3516 1318 3647 1372 pos-

2062 1379 2132 1434 sit
2205 1396 2397 1437 vacare
2450 1383 2720 1448 omtioni,
2777 1392 2831 1439 et
2874 1384 3301 1443 benedictionem
3370 1402 3642 1449 mereatur

2061 1466 2292 1523 ﬁliorum
2321 1484 2351 1522 a
2377 1470 2488 1525 Deo
2531 1471 2795 1541 accipere.
2844 1470 3010 1528 Nemo
3039 1474 3200 1539 dicat,
3231 1492 3260 1530 a
3286 1476 3643 1538 fornicatione

2058 1569 2119 1610 se
2161 1557 2431 1612 custodire
2473 1574 2579 1613 non
2614 1574 2792 1628 posse,
2827 1561 2998 1629 ﬁdelis
3044 1573 3118 1617 est
3144 1567 3278 1620 enim
3318 1567 3475 1633 Deus,
3507 1571 3638 1625 dicit

2055 1644 2339 1716 Apostolus
2366 1645 2385 1719 (
2412 1647 2441 1701 Ι
2467 1646 2588 1704 Cor.
2619 1666 2653 1705 χ
2680 1648 2733 1723 ),
2773 1653 2862 1722 qui
2888 1669 2988 1706 non
3030 1656 3278 1722 permittit
3313 1674 3404 1711 nos
3448 1662 3636 1714 tentari

382 1741 509 1811 quia
545 1742 662 1812 ipsa
707 1741 821 1797 sola
860 1750 945 1797 est
991 1756 1111 1811 quae
1156 1742 1385 1798 mundas
1426 1749 1637 1798 mentes
1681 1742 1963 1800 hominum
1986 1741 2037 1803 Β
2062 1750 2221 1805 supra
2246 1733 2304 1789 id
2327 1736 2469 1807 quod
2492 1747 2702 1809 portare
2728 1756 3022 1809 possumus,
3047 1743 3138 1797 sed
3175 1744 3330 1814 faciet
3364 1765 3484 1802 cum
3523 1759 3634 1804 ten-

376 1839 605 1899 praestat
631 1830 814 1886 videre
852 1831 1040 1887 Deum.
1072 1829 1226 1888 Unde
1265 1831 1381 1901 ipsa
1402 1828 1618 1887 Veritas
1642 1831 1719 1888 ait
1747 1850 1760 1886 :
1802 1831 1955 1888 Beati

379 1920 576 1974 mundo
589 1920 761 1986 corde,
780 1922 1026 1991 quoniam
1038 1921 1138 1991 ipsi
1160 1920 1326 1976 Deum
1353 1922 1599 1979 videbunt
1621 1923 1835 1996 (Matth.
1863 1924 1952 1997 v);

379 2024 444 2064 ac
469 2008 514 2063 si
542 2024 573 2064 e
601 2010 877 2066 contrario
912 2010 1117 2066 diceret
1139 2029 1152 2064 :
1174 2010 1255 2066 Illi
1286 2028 1413 2068 vero
1441 2014 1624 2069 miseri
1654 2023 1780 2069 sunt
1820 2030 1954 2085 quo-

378 2114 501 2155 rum
527 2100 691 2155 corda
720 2099 922 2156 carnali
952 2102 1388 2172 concupiscentia
1427 2112 1553 2159 sunt
1574 2104 1798 2175 polluta,
1827 2106 1952 2176 quia

376 2197 607 2245 aeternas
636 2198 954 2263 merguntur
990 2193 1046 2247 in
1088 2193 1358 2250 tenebras.
1394 2193 1626 2252 Castitas
1666 2197 1809 2252 enim
1850 2212 1951 2253 an-

376 2268 548 2349 gelica
594 2290 681 2338 est
716 2283 858 2350 vita;
905 2284 1133 2339 castitas
1174 2299 1299 2340 cum
1343 2278 1666 2353 humilitate,
1718 2287 1951 2359 Spiritus

374 2371 547 2439 sancti
582 2371 875 2427 merebitur
913 2372 1331 2437 habitationem,
1374 2390 1537 2446 quem
1584 2376 1804 2448 expellit
1850 2378 1950 2434 im-

372 2463 635 2523 munditia
663 2463 967 2530 libidinum,
989 2466 1204 2522 dicente
1233 2467 1553 2538 Scriptura:
1591 2466 1793 2540 Corpus
1832 2487 1951 2541 pec-

373 2551 504 2608 catis
559 2550 824 2607 subditum
866 2551 1096 2624 Spiritus
1145 2566 1358 2611 sanctus
1407 2557 1615 2628 eﬂ'ugiet
1670 2557 1824 2630 (Sap.
1882 2558 1944 2631 t).

369 2639 611 2698 Membra
634 2649 820 2698 nostra
848 2642 1048 2701 debent
1066 2642 1179 2701 Deo
1197 2660 1319 2702 esse
1344 2646 1545 2714 dicata,
1574 2662 1680 2703 non
1715 2646 1947 2706 fornica-

369 2730 505 2787 tioni
542 2749 556 2786 :
601 2739 837 2802 opponat
880 2732 1045 2789 homo
1082 2734 1346 2791 desiderio
1371 2737 1552 2792 carnis
1577 2752 1687 2792 sua:
1714 2745 1947 2793 :eterno-

368 2835 490 2876 rum
523 2819 769 2879 flammas
793 2829 1215 2890 tormentorum;
1254 2835 1533 2883 assuescat
1552 2825 1767 2895 juvenis
1789 2827 1946 2884 casti-

2053 1826 2249 1882 tatione
2281 1837 2604 1897 proventum.
2635 1829 2779 1885 Talis
2812 1832 3098 1903 unicuique
3141 1835 3344 1891 homini
3406 1843 3635 1893 tentatio

2054 1912 2231 1981 datur,
2281 1914 2398 1971 sive
2446 1916 2500 1970 in
2534 1918 2712 1974 carnis
2759 1919 3047 1984 desiderio,
3101 1922 3214 1978 sive
3240 1924 3292 1977 in
3341 1926 3632 1984 ambitione

2053 2003 2258 2071 saeculi,
2284 2005 2367 2061 vel
2395 2008 2557 2063 etiam
2597 2009 2649 2062 in
2677 2025 2996 2081 quacunque
3026 2014 3335 2069 tentationis
3361 2016 3625 2083 molestia,

2052 2093 2264 2163 qualem
2300 2104 2393 2150 aut
2415 2111 2537 2151 eum
2585 2096 2739 2152 laude
2777 2099 3012 2165 vincere,
3035 2109 3128 2154 aut
3165 2116 3287 2156 cum
3334 2105 3627 2172 opprobrio

2052 2185 2402 2240 succumbere
2458 2187 2674 2255 poterit.
2724 2186 2982 2243 Omnibus
3025 2189 3171 2243 enim
3233 2192 3458 2246 castitas
3510 2209 3629 2263 per-

2050 2274 2355 2329 necessaria
2387 2283 2493 2340 est,
2520 2277 2613 2331 sed
2636 2278 2867 2331 maxime
2896 2278 3159 2333 ministris
3187 2278 3389 2335 Christi
3417 2281 3629 2347 altaris,

2049 2377 2278 2432 quorum
2315 2365 2423 2419 vita
2462 2365 2686 2422 aliorum
2718 2368 2875 2422 debet
2900 2384 3020 2423 esse
3053 2371 3283 2426 eruditio
3318 2379 3373 2426 et
3407 2372 3621 2427 assidua

2049 2451 2237 2508 salutis
2274 2455 2604 2524 prmdicatio.
2635 2456 2795 2512 Tales
2832 2458 2980 2512 enim
3009 2459 3162 2513 decet
3203 2460 3489 2515 Dominum
3528 2463 3622 2516 ha-

2045 2532 2175 2599 bere
2202 2546 2496 2611 ministros,
2527 2546 2617 2616 qui
2641 2546 2784 2601 nulla
2830 2547 3147 2618 contagione
3177 2550 3358 2605 carnis
3385 2565 3626 2606 corrum-

2046 2641 2259 2704 pantur,
2289 2636 2382 2691 sed
2412 2638 2588 2707 potius
2626 2636 2952 2693 continentia
2987 2640 3254 2695 castitatis
3283 2640 3617 2710 splendeant.

2046 2732 2102 2780 et
2156 2725 2282 2781 totis
2338 2727 2642 2783 honestatis
2692 2726 2928 2799 fulgeant
2980 2728 3034 2783 in
3078 2729 3273 2800 populo
3326 2732 3619 2803 exemplis,

2045 2815 2238 2885 quibus
2251 2814 2509 2872 Dominus
2535 2831 2632 2887 per
2658 2817 3013 2887 legislatorem
3039 2819 3167 2873 dicit
3191 2837 3204 2872 :
3236 2819 3419 2874 Sancti
3443 2832 3617 2884 estote,

368 2918 555 2974 tatem,
590 2919 649 2966 ιιι
677 2912 749 2967 sit
781 2911 973 2985 dignus
1010 2915 1286 2984 sapientia;
1325 2915 1442 2971 Dei,
1479 2916 1577 2972 Ubi
1606 2916 1942 2975 immundum
2041 2907 2166 2961 auia
2193 2922 2285 2978 ego
2317 2917 2528 2963 sanctus
2566 2925 2682 2963 sum
2721 2909 2979 2963 Dominus
3019 2909 3158 2964 Deus
3191 2920 3357 2964 vester
3399 2911 3418 2982 (
3447 2910 3612 2966 Lerit.

365 3012 451 3059 es;
498 3004 756 3074 corporis,
810 3004 884 3060 ibi
943 3005 1204 3062 habitatio
1252 3007 1500 3062 diabolici
1553 3006 1797 3078 spiritus,
1847 3008 1941 3079 qui
2041 2995 2176 3069 x1):
2213 2998 2354 3052 Deus
2385 2997 2526 3053 cnim
2556 2997 2645 3051 lux
2675 3007 2781 3059 est,
2808 3008 2861 3053 et
2888 3000 3123 3053 tenebrae
3149 3000 3200 3052 in
3237 3014 3302 3055 eo
3345 3015 3450 3054 non
3492 3010 3619 3056 sunt

363 3094 604 3150 maxime
629 3098 825 3165 gaudet
852 3096 907 3151 in
950 3095 1321 3168 inquinatione
1358 3097 1538 3154 carnis
1569 3107 1784 3154 nostrae.
1813 3098 1940 3156 0m-

2043 3087 2181 3154 ullae,
2204 3102 2304 3143 nec
2330 3087 2505 3157 aliqua
2539 3087 2756 3143 fwditas
2782 3087 2831 3142 ei
2876 3089 3071 3144 sociari
3110 3097 3304 3158 potest.
3358 3089 3423 3142 Et
3472 3090 3617 3155 ideo,

363 3200 463 3241 “es
514 3185 868 3241 immundum:
904 3184 1017 3241 Deo
1070 3186 1379 3258 displicent,
1429 3196 1486 3243 ει
1536 3189 1773 3245 maxime
1826 3206 1947 3260 qum
2042 3175 2240 3234 fratres
2286 3176 2640 3241 dilectissimi,
2670 3177 2784 3232 sive
2829 3176 2952 3244 VII‘I,
2977 3178 3089 3232 εἰνθ
3109 3178 3336 3242 femina},
3367 3180 3479 3236 SIVC
3509 3180 3620 3236 CIC-

361 3290 469 3330 non
493 3284 619 3333 sunt
642 3275 936 3331 naturales.
985 3275 1255 3334 Admonet
1293 3277 1475 3348 itaque
1511 3293 1612 3334 nos
1661 3276 1940 3349 Scriptura

2043 3268 2140 3323 riei
2206 3281 2302 3330 seu
2347 3267 2492 3333 laici,
2546 3267 2842 3323 secundum
2896 3268 3136 3338 Apostoli
3194 3268 3616 3326 admonitionem

361 3373 551 3422 sancta
580 3364 766 3421 dicens
790 3383 804 3420 :
837 3361 962 3421 Post
989 3367 1432 3438 concupiscentias
1462 3377 1581 3423 tuas
1607 3385 1712 3423 non
1756 3386 1865 3434 eas,
1892 3379 1943 3424 et

361 3476 396 3513 α
425 3457 687 3514 uoluntate
714 3467 805 3513 tua
844 3466 1091 3515 avertere.
1118 3455 1178 3514 Si
1200 3468 1418 3529 praestes
1456 3460 1648 3514 animm
1676 3469 1780 3515 tute
1813 3479 1939 3518 con-

359 3548 706 3619 cupiscentias
731 3547 866 3619 ejus,
894 3547 1050 3619 faciet
1096 3556 1148 3604 te
1191 3549 1251 3603 in
1285 3548 1536 3619 gaudium
1562 3549 1786 3604 inimicis
1832 3552 1939 3606 tuis

355 3640 533 3696 venire
553 3639 741 3711 (Eceli.
776 3639 955 3712 svnt).
986 3637 1116 3709 Ejus
1142 3653 1357 3711 quoque
1388 3640 1533 3697 modi
1561 3638 1817 3698 Salomon
1843 3658 1934 3699 sa-

354 3731 725 3800 pientissimus
771 3731 1080 3803 proferebat
1112 3732 1413 3789 sententias
1449 3733 1518 3788 de
1551 3734 1788 3789 cavenda
1832 3735 1935 3789 im-

356 3823 621 3879 munditia
648 3823 849 3887 carnis,
872 3823 1056 3879 dicens
1081 3821 1264 3895 (Prov.
1286 3823 1340 3897 ν)
1360 3839 1381 3878 :
1402 3821 1581 3879 Ferus
1606 3824 1742 3880 enim
1764 3825 1934 3880 distil-

355 3915 474 3971 lans
497 3915 636 3970 labia
658 3914 965 3979 meretricis,
1000 3924 1049 3969 et
1073 3914 1289 3968 nitidius
1312 3914 1424 3970 oleo
1451 3925 1632 3986 guttur
1649 3916 1783 3987 ejus.
1823 3916 1933 3973 Νο-

353 4006 568 4060 uissima
594 4013 767 4059 autem
790 4002 935 4058 illius
951 4018 1135 4058 amara
1162 4003 1311 4074 quasi
1337 4004 1675 4071 absinthium,
1699 4014 1748 4059 et
1775 4017 1932 4061 acuta

355 4095 507 4167 quasi
528 4093 736 4165 gladius
763 4093 952 4165 biceps.
994 4090 1162 4148 Pedes
1188 4092 1303 4163 ejus
1341 4092 1657 4149 descendunt
1695 4094 1765 4148 ad
1792 4112 1932 4150 mor-

356 4198 480 4251 tem,
503 4196 549 4239 et
573 4185 643 4240 ad
664 4184 860 4257 inferos
882 4198 1091 4253 gressus
1127 4181 1272 4236 illius
1308 4190 1599 4252 penetrant.
1642 4179 1749 4237 Per
1778 4185 1935 4238 semi-

355 4288 462 4330 tam
486 4275 600 4331 ein
624 4290 729 4330 non
764 4271 1056 4337 ambulant,
1082 4272 1199 4343 vagi
1230 4280 1350 4326 sunt
1376 4288 1584 4343 gressus
1623 4274 1741 4345 ejus
1779 4283 1827 4329 et
1853 4275 1932 4330 in-

352 4365 694 4437 eestigabiles.
727 4364 885 4420 Nunc
902 4379 1045 4435 ergo,
1073 4362 1177 4432 ﬁli,
1214 4361 1342 4417 audi
1379 4378 1479 4428 me,
1501 4373 1550 4418 et
1575 4380 1638 4418 ne
1665 4365 1872 4420 recedas
1896 4383 1929 4420 a

2039 3358 2147 3435 (II
2173 3359 2296 3415 Cor.
2320 3376 2395 3416 vn
2422 3359 2473 3433 ):
2503 3361 2818 3417 Mundemus
2844 3378 2936 3416 nos
2967 3362 3029 3416 ab
3058 3365 3200 3417 omni
3229 3365 3616 3436 inquinamento

2037 3453 2212 3506 carnis
2239 3461 2288 3506 et
2312 3453 2547 3523 spiritus,
2574 3453 2915 3523 perﬁcientcs
2954 3454 3434 3509 sanetiticationem
3459 3457 3511 3509 in
3549 3457 3618 3509 ti-

2036 3557 2187 3599 more
2234 3542 2348 3596 Dei.
2383 3540 2708 3598 Studeamus
2735 3552 2794 3598 ut
2831 3545 2880 3599 ei
2918 3545 3009 3614 qui
3033 3546 3098 3599 ad
3148 3554 3403 3600 aeternam
3460 3562 3613 3602 suam

2034 3632 2260 3703 gloriam
2299 3647 2397 3688 nos
2441 3634 2672 3697 vocavit,
2717 3648 2817 3703 per
2866 3634 3047 3689 omnia
3093 3634 3420 3706 placeamus,
3480 3652 3615 3706 qua-

2035 3731 2192 3779 tenus
2234 3737 2359 3777 cum
2399 3737 2467 3778 eo
2511 3722 2740 3778 feliciter
2781 3724 2835 3777 in
2869 3731 3129 3779 aeternum
3170 3740 3394 3795 regnare
3438 3726 3613 3795 possi-

2033 3828 2170 3874 mus,
2216 3820 2504 3882 prmstante
2555 3812 2781 3868 Domino
2827 3823 3013 3869 nostro
3057 3812 3181 3869 Jesu
3228 3814 3463 3879 Christo,
3516 3817 3609 3887 qui

2031 3920 2153 3961 cum
2200 3904 2362 3961 Patre
2393 3914 2448 3962 et
2478 3904 2685 3976 Spiritu
2721 3915 2907 3963 sancto
2935 3909 3069 3963 vivit
3114 3917 3169 3965 et
3205 3918 3390 3981 regnat
3437 3910 3603 3977 Deus,

2029 4011 2127 4068 per
2150 3997 2330 4051 omnia
2362 3997 2555 4052 saecula
2605 3997 2944 4054 steculorum.
2972 3997 3162 4053 Amen.

2539 4106 2822 4163 HOMILIA
2870 4108 3099 4164 XLVIII.

2031 4190 2098 4229 DE
2134 4190 2327 4232 S'I'UDIO
2365 4191 2658 4232 SAPIENTIE
2684 4194 2753 4232 ΕΤ
2794 4193 3158 4234 ΙΙΕΜΤΛΤΙΟΝΒ
3209 4194 3401 4234 υινιιιε
3433 4198 3602 4236 LEGIS.

2101 4262 2343 4335 Oportet,
2390 4266 2583 4321 fratres
2627 4267 2951 4332 charissimi,
2992 4277 3053 4322 ut
3100 4270 3299 4323 mundo
3348 4273 3510 4327 corde
3550 4281 3607 4327 et

2032 4363 2182 4409 casto
2220 4368 2445 4423 corpore
2471 4356 2785 4424 sapientiam
2830 4357 3065 4411 divinam
3109 4358 3317 4413 discere
3368 4360 3604 4429 diligatis

350 4435 516 4512 verbis
554 4457 661 4511 oris
709 4455 829 4509 mei.
866 4453 1040 4526 Longe
1070 4453 1158 4524 fac
1184 4453 1250 4508 ab
1284 4470 1346 4509 ea
1377 4455 1513 4508 viam
1555 4465 1721 4521 tuam,
1768 4466 1817 4510 et
1863 4474 1926 4512 ne
1952 4435 2004 4496 D
2028 4452 2079 4500 et
2122 4444 2419 4518 intelligere
2455 4451 2742 4517 appetatis,
2789 4449 2916 4517 quia
2958 4449 3072 4517 ipsa
3120 4449 3355 4518 cognitio
3394 4449 3488 4504 Dei
3546 4467 3607 4506 se

298 4574 305 4575 ί
350 4545 726 4616 appropingues
764 4544 963 4613 foribus
985 4544 1168 4598 domus
1205 4543 1340 4615 ejus.
1377 4541 1493 4598 Hoc
1518 4543 1784 4613 siquidem
1815 4561 1923 4601 non

349 4638 523 4694 solum
550 4636 619 4693 de
646 4633 990 4691 meretricum
1036 4633 1374 4690 immunditia
1420 4633 1581 4699 dixit,
1609 4634 1702 4689 sed
1754 4634 1918 4690 etiam

348 4728 416 4782 de
442 4725 589 4781 omni
628 4723 810 4780 carnis
842 4723 1301 4793 concupiscentia,
1340 4736 1460 4793 qua:
1506 4723 1758 4779 sollicitat
1796 4725 1919 4779 ani-

348 4831 494 4870 mam
542 4829 693 4870 suam
739 4813 1046 4868 consentire
1092 4811 1372 4868 desideriis
1429 4812 1577 4868 suis:
1630 4816 1725 4869 sed
1778 4814 1915 4870 ratio

345 4903 545 4958 mentis
571 4903 857 4973 prohibere
896 4901 1054 4957 debet
1077 4900 1306 4972 impetus
1343 4903 1520 4958 carnis
1558 4910 1614 4958 et
1639 4901 1916 4960 refrenare

344 4992 647 5062 voluptates
673 4990 789 5061 ejus
817 4991 1050 5061 iniquas.
1079 4990 1208 5045 Item
1238 4991 1326 5046 ille
1370 4992 1461 5061 qui
1504 5008 1686 5062 supra,
1729 4994 1915 5066 prohi-

342 5082 476 5138 bens
489 5080 939 5137 cohabitationcm
958 5080 1276 5135 feminarum
1282 5079 1585 5148 juvenibus,
1598 5081 1911 5155 dicit(Prov.

337 5170 457 5246 Vl):
491 5170 746 5242 Nunquid
789 5171 1102 5227 abscondere
1140 5181 1303 5241 potest
1333 5172 1484 5226 homo
1525 5173 1693 5243 ignem
1719 5175 1773 5228 in
1795 5175 1913 5229 sinu

337 5280 458 5331 suo,
474 5274 528 5319 ut
543 5264 840 5319 uestimenta
855 5262 996 5317 illius
1010 5279 1111 5316 non
1126 5261 1366 5325 ardeant;
1382 5272 1470 5315 aut
1485 5263 1752 5317 ambulare
1762 5280 1919 5332 super

338 5370 537 5424 prunas
569 5362 617 5409 et
650 5369 753 5407 non
791 5350 1161 5406 comburantur
1193 5350 1385 5421 planta:
1410 5351 1523 5421 ejus
1589 5353 1665 5406 sic
1711 5353 1801 5422 qui
1826 5352 1912 5407 in-

340 5444 574 5515 greditur
606 5444 676 5498 ad
717 5443 985 5497 mulierem
1014 5442 1239 5511 proximi
1268 5443 1371 5505 sui,
1409 5458 1514 5496 non
1548 5443 1645 5495 erit
1684 5442 1911 5498 mundus

343 5550 459 5587 cum
490 5532 707 5604 tetigerit
736 5550 870 5587 eam.
935 5530 1198 5586 Similiter
1235 5541 1290 5586 et
1336 5531 1527 5585 beatus
1583 5531 1781 5587 Paulus
1816 5534 1910 5587 ad-

342 5630 522 5675 monet
561 5638 688 5676 nos:
721 5621 923 5676 Bonum
948 5631 1043 5686 est,
1069 5619 1337 5689 inquiens,
1368 5619 1631 5675 mulierem
1665 5638 1765 5675 non
1792 5632 1909 5677 tau-

2028 4532 2257 4590 ﬁdeliter
2292 4537 2655 4605 quaerentibus
2689 4546 2745 4593 et
2778 4537 3042 4592 instanter
3086 4539 3467 4594 meditantibus
3509 4543 3607 4594 tri-

2025 4622 2162 4677 buit.
2196 4623 2496 4695 Cognitioni
2537 4634 2717 4679 autem
2762 4625 2856 4680 Dei
2897 4624 3027 4678 nihil
3089 4625 3279 4679 melius
3326 4637 3431 4690 est,
3473 4631 3599 4697 quia

2023 4713 2157 4768 nihil
2205 4714 2415 4769 beatius
2466 4722 2571 4779 est,
2603 4724 2659 4770 et
2693 4715 2808 4785 ipsa
2833 4729 2957 4769 vera
2997 4714 3272 4769 beatitudo
3298 4725 3402 4769 est.
3447 4717 3603 4772 Unde

2020 4813 2075 4860 et
2140 4804 2389 4861 Salvator
2442 4807 2508 4861 ad
2549 4807 2764 4862 Patrem
2807 4807 2883 4860 ait
2921 4824 2935 4859 :
2978 4805 3105 4860 licet:
3157 4816 3232 4860 est
3279 4816 3451 4860 autem
3496 4810 3602 4861 vita
3654 4808 3655 4811 “

2020 4906 2238 4961 (eterna,
2260 4907 2316 4949 ut
2346 4906 2657 4968 cognoscant
2680 4908 2729 4950 te
2750 4913 2908 4950 unum
2952 4912 3129 4950 verum
3162 4895 3346 4958 Deum,
3374 4906 3422 4949 et
3445 4912 3599 4965 quem

2020 4988 2203 5043 misisti
2241 4987 2426 5043 Iesum
2476 4988 2738 5043 Christum
2785 4987 3116 5056 (loemxvu
3145 4987 3183 5058 ).
3250 4987 3416 5056 Hujus
3468 5003 3599 5056 ergo

2019 5079 2294 5149 sapientiae
2345 5079 2555 5142 notitia,
2584 5079 2817 5150 qualiter
2859 5079 3202 5148 adipiscatur,
3247 5076 3466 5141 fratres,
3495 5095 3597 5132 au-

2018 5171 2149 5225 dite.
2180 5170 2362 5226 Primo
2407 5173 2645 5225 omnium
2688 5170 3039 5241 quaerendum
3098 5177 3180 5225 est
3221 5170 3422 5224 homini
3472 5186 3596 5241 quae

2015 5262 2086 5315 sit
2114 5276 2239 5317 vera
2291 5262 2515 5317 scicntia
2565 5277 2800 5331 veraque
2829 5261 3116 5332 sapientia,
3152 5260 3279 5329 quia
3334 5260 3593 5329 sapientia

2015 5350 2175 5419 hujus
2215 5350 2392 5404 sreculi
2442 5350 2662 5404 stultitia
2691 5361 2764 5405 est
2816 5350 2956 5420 apud
2988 5348 3149 5403 Deum
3205 5347 3270 5419 (I
3305 5344 3425 5401 Cor.
3458 5364 3515 5402 m
3548 5348 3588 5413 ).

2019 5439 2256 5494 Scientia
2292 5455 2420 5496 vera
2468 5449 2554 5496 est
2580 5457 2610 5494 a
2636 5440 2832 5496 diaboli
2861 5440 3103 5511 servitio,
3135 5441 3276 5510 quod
3305 5448 3433 5495 sunt
3455 5457 3588 5511 pec-

2013 5540 2153 5595 cata,
2183 5532 2466 5599 recedere;
2494 5539 2551 5588 et
2576 5533 2839 5602 sapientia
2893 5532 3128 5603 perfecta
3162 5541 3246 5586 est
3298 5531 3469 5585 Deum
3495 5543 3588 5582 co-

2013 5622 2123 5677 lere
2160 5623 2452 5678 sccundum
2486 5623 2859 5678 mandatorum
2891 5623 3032 5678 illius
3056 5621 3359 5686 veritatem,
3385 5616 3511 5692 quia
3537 5614 3597 5670 in
