4040 6188
210 297 274 355 89

1154 302 1459 362 llOlllLlA'I
1506 308 1593 364 DE
1634 309 1877 368 FESTIS
1913 313 2320 383 PILECIPUS,
2362 318 2513 375 ETC.

3383 313 3451 391 εἱι

212 412 288 465 his
334 410 533 466 duobus
591 411 721 520 vita,
748 411 908 467 beata
939 415 1255 484 acquiritur,
1304 420 1442 475 sicut
1487 421 1771 480 Psalmista
1803 431 1847 488 Α
1876 428 2009 481 vivit
2052 439 2107 484 et
2136 439 2322 501 regnat
2365 448 2485 490 cum
2534 437 2640 492 Deo
2666 437 2823 496 Patre
2865 442 2916 497 in
2968 445 3173 502 unitate
3223 447 3460 520 Spiritus

334 499 522 520 ..εΗ-η
561 517 582 520 _
614 516 697 520 ,μ
734 518 749 520 _
806 510 841 520 Α.
877 502 900 520 ρ
979 503 992 520 ,
1182 503 1249 520 ,η
1319 514 1328 520 .
1588 509 1606 520 -
1637 511 1668 520 η

212 499 308 553 ait:
326 499 523 553 Direrte
550 517 583 551 a
612 499 775 563 malo,
793 510 841 555 et
870 502 955 571 [uc
975 503 1195 567 bouum(
1204 503 1527 562 Psat.xxxv1
1548 509 1606 572 ;I
1629 511 1769 565 Pelr.

212 587 317 656 tu).
359 587 466 643 Nec
500 589 667 642 etiam
703 590 900 646 suﬂiett
943 593 1191 663 cuiquam
1245 612 1350 651 non
1378 598 1518 652 mala
1573 602 1768 664 facere,

212 677 305 731 nisi
347 680 507 731 etiam
541 679 681 731 bona
713 678 905 743 faciat;
944 698 1042 737 nec
1068 684 1208 738 bona
1238 684 1433 749 facere,
1460 689 1564 745 nisi
1609 691 1771 745 etiam

212 765 341 818 mala
365 766 596 819 omittat.
633 765 824 822 Omnis
848 784 976 840 ergo
1005 772 1094 840 qui
1134 773 1215 830 sic
1259 777 1470 845 sapiens
1511 787 1617 843 εει,
1650 797 1775 851 pro-

212 853 290 907 cui
313 854 472 909 dubio
500 855 695 911 beatus
735 857 842 911 erit
890 859 943 912 in
989 874 1273 929 :eternum,
1327 866 1480 922 beata
1508 871 1773 939 siquidem

213 942 307 996 vita
342 953 423 996 est
449 945 685 1013 cognitio
712 945 1044 1015 divinitatis;
1081 952 1314 1021 cognitio
1347 955 1640 1013 divinitatis
1669 960 1776 1014 vir-

214 1042 293 1084 tus
324 1032 447 1086 boni
486 1035 668 1101 operis
692 1045 811 1100 est;
843 1038 1016 1094 virtus
1054 1040 1180 1095 boni
1219 1045 1396 1112 operis
1434 1043 1643 1103 fructus
1691 1058 1776 1103 est

212 1132 412 1175 aeterna:
440 1123 811 1180 beatitudinis.
847 1127 926 1181 Ad
964 1130 1065 1184 hoc
1109 1145 1238 1202 ergo
1285 1134 1483 1189 bonum
1516 1137 1775 1193 habemus

214 1213 450 1268 solatium
503 1216 808 1270 divinarum
858 1218 1141 1276 lectionem
1190 1224 1613 1294 Scripturarum,
1645 1231 1773 1300 quia

210 1318 468 1357 sacrarum
495 1304 654 1359 lectio
685 1305 1084 1377 Scripturarum
1111 1313 1301 1369 divina:
1321 1324 1403 1369 cst
1426 1322 1774 1390 prtecognitio

211 1410 302 1447 nan
323 1409 489 1463 parva
535 1394 901 1454 beatitudinis.
950 1400 1006 1453 in
1038 1401 1122 1455 his
1169 1404 1313 1458 enim
1360 1408 1513 1476 quasi
1563 1409 1616 1462 in
1642 1425 1774 1478 quo-

210 1482 316 1535 dam
378 1484 619 1552 speculo,
670 1485 830 1541 homo
885 1488 1117 1558 scipsum
1183 1495 1525 1553 considerare
1575 1509 1769 1568 potest,

210 1570 367 1638 qualis
394 1573 471 1625 sit
514 1573 597 1627 vel
641 1590 748 1645 quo
778 1578 979 1633 tendat.
1038 1580 1221 1636 Lectio
1260 1586 1475 1641 assidua
1527 1591 1774 1657 purificat

209 1660 392 1723 omnia,
444 1662 692 1717 timorem
759 1663 950 1721 incutit
992 1671 1269 1740 gehennae,
1328 1676 1395 1729 ad
1435 1680 1627 1747 gaudia
1683 1698 1774 1736 su-

208 1764 354 1815 perna
394 1764 492 1804 eor
527 1751 745 1824 instigat
782 1753 1025 1826 legentis.
1058 1758 1157 1827 Qui
1191 1762 1303 1815 vult
1332 1779 1453 1818 eum
1492 1767 1602 1823 Deo
1633 1785 1774 1824 sem-

208 1850 290 1902 per
339 1852 488 1899 esse,
533 1836 846 1908 frequenter
882 1843 1039 1897 debet
1100 1861 1256 1902 orare
1284 1858 1338 1903 et
1398 1850 1575 1924 legere
1603 1873 1616 1908 :
1643 1872 1767 1911 nam

206 1942 311 1979 cum
336 1944 577 1994 oramus,
617 1931 711 1993 ipsi
741 1949 863 1987 cum
907 1935 1017 1990 Deo
1042 1937 1345 2008 loquimur;
1387 1960 1508 1999 cum
1533 1962 1662 2002 vero
1691 1949 1769 2003 le-

205 2019 386 2086 gimus,
435 2019 577 2075 Deus
620 2023 903 2080 nobiscum
936 2028 1187 2098 loquitur.
1227 2032 1509 2091 Geminum
1562 2040 1775 2095 confert

203 2107 387 2161 bonum
447 2108 602 2165 lectio
649 2122 961 2170 sanctarum
1010 2117 1433 2190 Scripturarum,
1482 2127 1597 2182 sive
1644 2130 1769 2199 quia
1807 2152 1811 2157 λ

204 2197 521 2253 intellectum
561 2203 754 2257 mentis
806 2206 1005 2273 erudit,
1057 2225 1148 2264 seu
1179 2212 1302 2280 quia
1329 2229 1359 2267 a
1391 2218 1570 2271 mundi
1622 2197 1772 2273 vani-

204 2288 390 2341 tatibus
431 2290 762 2347 abstractum
813 2295 1083 2353 hominem
1133 2301 1200 2355 ad
1241 2318 1478 2360 amorem
1528 2307 1621 2362 Dei
1650 2325 1773 2379 per-

202 2378 354 2432 ducit.
408 2378 588 2436 Labor
622 2384 880 2440 honestus
925 2397 1008 2443 est
1037 2389 1299 2458 lectionis,
1339 2403 1395 2450 et
1424 2378 1665 2453 multum,
1701 2401 1771 2455 ad

202 2470 620 2527 emundationem
674 2475 841 2529 animi
903 2479 1143 2548 prolicit:
1178 2483 1316 2538 sicut
1358 2500 1425 2540 ex
1464 2487 1771 2547 carnalibus

201 2561 326 2613 escis
355 2561 518 2615 alitur
546 2579 692 2629 caro,
722 2566 796 2620 ita
819 2581 885 2622 ex
921 2570 1114 2626 divinis
1139 2574 1367 2645 eloquiis
1413 2579 1642 2635 interior
1668 2580 1767 2636 bo-

200 2666 278 2704 mo
305 2653 538 2706 nutritur
565 2669 627 2707 ae
655 2658 923 2725 pascitur;
952 2661 1089 2716 sicut
1131 2665 1413 2723 Psalmista
1442 2674 1545 2725 ait:
1597 2670 1769 2739 Quam

200 2738 364 2792 dulcia
399 2740 640 2808 faucibus
668 2746 795 2797 meis
823 2745 1026 2818 eloquia
1052 2761 1142 2805 tua
1171 2771 1326 2824 super
1364 2757 1464 2811 mel
1493 2769 1540 2813 et
1590 2738 1767 2830 favum

199 2831 270 2884 ori
316 2850 426 2888 meo
474 2835 672 2907 (Psal.
723 2856 892 2897 cxvm
920 2843 959 2914 ).
1010 2846 1117 2901 Sed
1144 2848 1232 2902 illc
1277 2832 1623 2909 beatissimus
1661 2864 1763 2920 est,

204 2922 284 3013 qui
312 2924 519 2980 divinas
551 2927 864 3000 Scripturas
892 2933 1092 3004 legens,
1125 2940 1286 2994 verba
1315 2943 1474 2995 vertit
1501 2942 1554 2997 in
1580 2959 1762 3013 opera.

200 3009 386 3067 Omnes
408 3015 563 3086 plane
609 3018 900 3090 Scriptum
940 3036 1137 3083 sancta:
1165 3031 1232 3085 ad
1274 3040 1510 3087 nostram
1540 3009 1764 3089 salutem

1873 523 2046 577 sancti
2075 522 2233 590 Deus,
2266 541 2363 595 per
2390 530 2570 583 omnia
2597 534 2788 586 s:eeula
2825 538 3163 595 saeculorum.
3189 543 3378 600 Amen.

2452 662 2726 720 llOMlLlA
2770 668 2935 725 XLlX

2045 782 2113 822 ιιε
2146 782 2386 833 ιειυκιιε,
2435 786 2649 828 ιἰαιιιιε
2685 794 2858 840 ATQUE
2901 797 3270 842 0R.\Tl0.\'lDL'S.

1939 875 2304 946 interrogatus
2332 879 2398 932 ab
2424 883 2676 957 apostolis
2702 884 2980 954 Dominus,
3005 893 3196 960 quibus
3224 896 3335 965 ipse
3362 899 3455 947 c'e-

1872 965 1950 1020 dit
1969 976 2283 1035 potestatem
2316 984 2475 1037 super
2504 987 2714 1027 omnem
2753 980 2999 1034 virtutem
3033 983 3252 1050 inimici,
3284 999 3335 1041 ut
3365 990 3450 1042 in-

1874 1059 2058 1115 firmos
2112 1072 2384 1127 curarent,
2435 1066 2704 1124 dmmones
2761 1071 3035 1140 ejicerent,
3097 1091 3215 1131 cum
3254 1078 3452 1134 daemo-

1866 1151 2017 1227 nium
2047 1169 2078 1209 a
2120 1155 2354 1213 lunatico
2382 1160 2650 1231 expellere
2698 1177 2799 1216 non
2844 1173 3081 1231 possent,
3130 1171 3454 1237 respondit:

1873 1241 1989 1297 Hoc
2028 1261 2187 1315 genus
2226 1249 2600 1311 da'moniorum
2630 1268 2734 1305 non
2767 1254 2922 1318 exiet,
2974 1255 3073 1308 nisi
3115 1273 3208 1326 per
3250 1262 3451 1314 oratio-

1873 1347 1989 1385 nem
2028 1341 2077 1387 et
2108 1333 2370 1405 jejunium
2406 1337 2616 1408 (Matth.
2640 1341 2796 1409 xvii);
2834 1358 2941 1411 quo
2967 1344 3120 1401 nobis
3151 1347 3330 1415 utique
3358 1349 3451 1403 de-

1874 1426 2188 1480 monstravit
2225 1440 2423 1497 quanta
2462 1431 2633 1487 virtus
2676 1434 2746 1489 sit
2788 1434 3123 1492 abstinentia:
3152 1453 3271 1492 cum
3317 1456 3450 1509 pura

1870 1515 2131 1575 oratione.
2170 1521 2382 1589 quando
2426 1523 2525 1577 hoc
2567 1523 2677 1591 ipsa
2720 1523 2928 1579 efﬁcere
2967 1527 3108 1579 valet
3148 1530 3287 1595 quo]
3320 1545 3449 1598 apo-

1871 1605 2059 1659 stolica
2106 1617 2343 1675 potestas
2392 1627 2496 1665 non
2551 1613 2741 1681 potuit.
2817 1613 2928 1669 lloe
2976 1626 3155 1671 autem
3204 1618 3448 1682 die-imus,

1873 1691 2086 1759 fratres,
2117 1713 2220 1751 non
2251 1699 2391 1768 quod
2423 1716 2675 1768 negemus
2715 1702 2999 1768 apostolos,
3049 1704 3318 1772 princip-as
3348 1705 3457 1759 Ee-

1804 1791 1846 1849 B
1874 1784 2049 1839 clcsia:
2068 1794 2122 1841 et
2142 1787 2304 1843 duces
2330 1789 2506 1858 populi
2536 1790 2652 1854 Dei,
2679 1790 3016 1845 abstinentia:
3051 1808 3268 1861 operam
3297 1795 3455 1859 dare,

1874 1875 1955 1929 vel
1979 1875 2250 1933 Christum
2281 1880 2522 1935 dicamus
2550 1882 2629 1937 eis
2666 1882 2873 1951 plenam
2902 1883 3154 1951 pietatem
3188 1886 3455 1945 darenon

1869 1981 2027 2036 posse
2057 1985 2070 2022 :
2116 1969 2207 2023 sed
2237 1970 2397 2025 rudes
2426 1972 2601 2026 adhuc
2638 1973 2899 2042 discipuli,
2929 1975 3020 2043 qui
3050 1975 3103 2027 in
3132 1975 3319 2028 diebus
3348 1990 3449 2027 nn-

1869 2058 2102 2128 ptiarum
2133 2070 2411 2118 manentes
2459 2078 2581 2118 cum
2623 2079 2837 2133 sponso,
2868 2063 3111 2133 jejunare
3145 2064 3228 2118 vel
3274 2064 3453 2133 legere

1870 2162 1976 2201 non
2016 2157 2282 2217 poterant,
2339 2150 2662 2206 instruendi-
2683 2154 2785 2209 hoc
2831 2153 2988 2207 modo
3022 2164 3198 2217 erant,
3244 2153 3297 2207 in
3342 2168 3455 2221 quo

1868 2238 2192 2306 protervitas
2220 2238 2393 2296 hostis
2435 2241 2639 2311 antiqui
2690 2242 2921 2296 maxime
2968 2243 3211 2311 superari
3258 2244 3446 2311 possit,

1869 2334 1928 2381 ut
1952 2326 2210 2393 Ecclesia,
2252 2343 2372 2397 quae
2400 2344 2496 2398 per
2523 2344 2616 2384 eos
2652 2338 2767 2384 erat
2794 2331 3087 2394 edocenda,
3135 2340 3452 2401 agnosceret

1869 2418 2098 2487 qualiter
2123 2425 2306 2472 contra
2335 2418 2543 2473 hostem
2571 2420 2955 2488 nequissimum
2988 2419 3271 2490 conﬂigere
3296 2421 3453 2473 debe-

1870 2516 1953 2562 ret
1976 2517 2032 2563 ει
2058 2508 2273 2562 vincere
2310 2517 2509 2576 posset.
2566 2508 2853 2563 Sciendum
2888 2517 3126 2578 estergo
3159 2509 3284 2562 illud
3320 2526 3447 2579 per-

1869 2596 2065 2653 fectum
2094 2611 2214 2653 esse
2247 2595 2509 2666 jejunium
2538 2598 2678 2667 quod
2719 2613 2839 2663 cum
2870 2597 3222 2668 eleemosynis
3248 2608 3300 2653 et
3328 2614 3450 2655 ora-

1868 2690 2013 2745 tione
2040 2690 2232 2745 cmlum
2270 2690 2482 2754 transit,
2513 2690 2638 2760 quia
2670 2689 2840 2760 ipsum
2873 2691 2938 2745 ad
2970 2691 3218 2745 thronum
3251 2691 3448 2745 altissi-

1866 2781 2046 2836 miDei
2072 2781 2334 2851 pervenit.
2366 2781 2515 2835 Tunc
2542 2780 2685 2835 enim
2718 2781 2897 2845 homo,
2928 2781 3186 2851 spiritalis
3201 2780 3445 2847 eil‘cctus,

1867 2869 2072 2940 angelis
2124 2869 2462 2940 conjungitur
2504 2869 2722 2939 Deoquc
2772 2869 2991 2924 liberius
3033 2870 3335 2940 copulatur,
3401 2871 3447 2924 si

1868 2963 2186 3017 abstinentia
2228 2963 2406 3017 carnis
2434 2962 2765 3016 orationibus
2803 2962 3089 3025 cxaltatur.
3121 2961 3224 3015 Per
3244 2962 3445 3031 jejunia

1867 3053 2011 3109 enim
2056 3062 2109 3108 et
2148 3052 2422 3107 orationes
2463 3051 2672 3107 occulta
2721 3052 3097 3124 mysteriorum
3147 3050 3446 3106 cmlestium

200 3105 401 3172 scriptae
463 3119 609 3175 sunt,
642 3121 701 3165 ut
739 3114 1081 3184 proficiamus
1113 3121 1163 3175 in
1193 3122 1274 3177 eis
1301 3124 1351 3177 in
1394 3126 1638 3182 veritatis
1674 3142 1764 3182 co-

1866 3142 2192 3208 revelantur,
2252 3143 2530 3210 divinique
2579 3143 2901 3198 sacramenti
2949 3156 3147 3195 arcana
3201 3142 3447 3212 pandun-

200 3197 443 3265 gnitiouc.
492 3200 703 3271 Stepius
736 3221 910 3260 camus
958 3208 1180 3265 olfendit
1214 3228 1373 3283 quam
1430 3214 1638 3283 videns,
1685 3217 1766 3273 sic

202 3287 443 3383 ignorans
470 3294 645 3366 legem
674 3297 769 3353 Dei
804 3302 997 3371 sepius
1045 3305 1358 3377 ignoranter
1380 3320 1570 3381 peccat
1603 3329 1767 3383 quam

201 3377 281 3432 ille
316 3380 404 3447 qui
451 3384 573 3437 scit.
618 3385 771 3456 Sient
812 3405 985 3447 ctecus
1020 3395 1137 3450 sine
1186 3377 1429 3465 ductore,
1484 3402 1564 3457 sic
1605 3377 1766 3458 homo

201 3468 309 3558 sine
348 3471 583 3537 doctore,
615 3478 760 3532 viam
810 3490 1013 3536 rectam
1054 3487 1139 3539 vix
1192 3488 1460 3550 graditur.
1502 3491 1571 3546 Et
1618 3491 1762 3558 ideo,

201 3556 386 3615 fratres
442 3563 767 3632 ebarissimi,
810 3570 1112 3642 quicunque
1175 3590 1239 3629 ex
1292 3578 1444 3633 vobis
1502 3556 1763 3636 lectiones

201 3664 373 3704 sacras
400 3651 572 3725 legere
596 3663 651 3711 et
678 3657 977 3730 intelligere
1025 3675 1270 3733 possunt,
1310 3668 1364 3722 in
1395 3669 1480 3724 his
1528 3672 1763 3727 studium

201 3735 513 3814 iniipendant,
542 3752 603 3797 ut
639 3760 822 3800 earum
872 3746 1178 3820 frequenter
1215 3755 1565 3812 meditatione
1607 3765 1763 3813 utan-

202 3836 309 3880 tur:
342 3831 428 3898 qui
480 3848 610 3890 νει-ο
651 3851 867 3893 sensum
913 3840 1158 3898 lectionis
1194 3860 1364 3901 sacra:
1413 3862 1476 3902 ex
1531 3848 1762 3905 lectione

201 3930 299 3969 non
340 3932 563 3988 possunt
614 3927 910 3997 percipere,
940 3932 1198 3988 attentius
1242 3935 1464 3991 audiant
1498 3937 1761 4009 interpre-

198 4012 408 4075 tmtem,
435 4021 497 4066 ut
522 4016 781 4086 recipiant
805 4022 994 4078 saltem
1017 4025 1142 4080 inde
1170 4026 1601 4084 tedificationem.
1624 4029 1756 4085 Cum

199 4112 319 4153 tero
357 4104 664 4173 magisterio
718 4111 922 4166 caelesti
971 4113 1243 4181 instructi,
1283 4119 1411 4187 quid
1454 4117 1754 4174 faciendum

199 4189 381 4255 quidve
434 4194 707 4251 vitandum
759 4200 848 4264 sit,
883 4200 1240 4271 dilectissimi,
1289 4208 1587 4279 accipiatis,
1646 4226 1752 4266 non

201 4279 431 4371 sitmora
456 4283 511 4337 in
535 4283 780 4343 faciendo
800 4293 940 4360 quod
965 4294 1108 4350 intus
1141 4297 1364 4367 sapiatis
1389 4298 1748 4371 intelligendo,

199 4368 329 4434 quia,
358 4379 414 4422 ut
445 4372 632 4427 beatus
668 4373 902 4433 Jacobus
946 4384 1222 4451 apostolus
1260 4384 1507 4441 ait:Non
1545 4368 1754 4442 audito-

200 4470 270 4550 res
308 4458 433 4550 legis
471 4462 613 4531 justi
654 4475 776 4518 sunt
815 4470 957 4537 apud
1007 4470 1197 4537 Deum,
1226 4474 1318 4530 sed
1346 4477 1570 4546 {actores
1623 4477 1703 4550 leg

199 4542 326 4607 (lac.
361 4548 437 4618 ι);
468 4559 525 4603 ει
547 4551 659 4620 ipsa
710 4554 921 4610 Veritas
961 4559 1064 4613 ait:
1108 4558 1299 4619 Seruus
1322 4542 1411 4635 qui
1441 4566 1537 4620 scit
1566 4542 1751 4623 uolun-

197 4643 336 4687 tatem
361 4637 563 4693 domini
600 4640 703 4706 sui,
757 4652 807 4697 et
846 4649 960 4701 ‘ﬂon
985 4647 1134 4717 facit,
1170 4651 1434 4721 vapulabit
1475 4654 1669 4719 multis,
1698 4664 1756 4712 et

197 4722 386 4793 reliqua
440 4727 593 4797 (Luc.
627 4730 745 4803 xtl).
778 4732 912 4789 Item
943 4736 1070 4792 alibi
1113 4738 1371 4810 scrime
1407 4750 1520 4797 est:
1558 4741 1754 4800 Scienti

401 4819 593 4888 facere,
625 4832 688 4909 et-
720 4842 823 4909 non
851 4827 1064 4896 facienti
1098 4841 1364 4901 peccatum
1386 4845 1459 4889 est
1487 4835 1565 4889 illi
1610 4837 1749 4909 (Jac.

194 4896 283 4989 1:).
310 4897 499 4970 Itaque
544 4903 692 4960 omni
732 4907 1006 4979 diligentia
1053 4896 1265 4970 studetc
1311 4926 1372 4970 ut
1421 4896 1755 4989 cognoscatis

195 4986 506 5078 pilantatem
550 4994 684 5049 Dei:
730 5009 1014 5070 postquam
1055 5013 1233 5059 autem
1273 4986 1629 5078 cognoveritis
1659 5025 1754 5065 vo-

196 5073 436 5134 luntatem
458 5082 597 5151 ejus,
638 5100 850 5143 summo
887 5090 1006 5146 nisu
1036 5073 1431 5152 contenditevut
1490 5099 1627 5154 hanc
1677 5099 1756 5154 fa-

193 5167 352 5234 ciatis,
381 5168 666 5242 implcnles
708 5180 956 5234 mandata
991 5180 1162 5251 illius;
1193 5194 1249 5242 et
1282 5188 1546 5244 instanter
1592 5192 1755 5260 depo-

196 5260 316 5351 scite
345 5271 403 5315 ut
442 5266 493 5317 in
539 5266 642 5321 hoc
678 5282 1112 5339 perseverantes,
1148 5279 1471 5345 perveniatis
1516 5282 1583 5334 ad
1634 5297 1753 5351 pro-

197 5350 348 5403 missa
389 5352 556 5422 ipsius
587 5374 601 5408 :
631 5358 697 5411 ad
725 5360 870 5428 quod
898 5377 995 5417 vos
1042 5363 1299 5433 adjuvare
1318 5368 1596 5439 'dignetur
1634 5350 1758 5440 ipse

192 5440 269 5533 qui
290 5457 388 5533 per
402 5460 553 5499 suam
582 5447 882 5504 bonitatem
906 5468 1003 5508 nos
1027 5457 1239 5511 vocavit
1261 5466 1316 5512 et
1337 5474 1435 5528 per
1456 5476 1606 5515 suam
1632 5478 1754 5533 gra-

192 5527 308 5583 tiam
336 5529 600 5603 liberavit,
638 5539 843 5609 quique
870 5540 1003 5596 bene
1031 5527 1362 5601 certantibus
1401 5527 1754 5606 cmlestiavre-

192 5633 280 5683 grta
326 5624 590 5692 promisit,
634 5626 797 5683 Jcsus
821 5628 1068 5687 Christus
1114 5633 1370 5693 Dominus
1417 5646 1617 5705 noster,
1658 5640 1748 5710 qui

1870 3246 1975 3303 tur,
2032 3238 2174 3308 quod
2221 3238 2274 3291 in
2323 3237 2542 3292 Danicle
2592 3239 2852 3308 preplicta
2898 3245 2953 3291 et
3005 3237 3159 3291 Petro
3208 3237 3450 3307 apostolo

1868 3325 2164 3382 manifestis
2233 3326 2447 3381 indiciis
2515 3326 2910 3394 comprobatur.
2980 3325 3149 3397 igitur
3212 3328 3445 3395 quandiu

1864 3416 2036 3471 Adam
2082 3416 2360 3482 abstinuit,
2403 3417 2601 3471 mansit
2643 3416 2696 3470 in
2746 3417 3035 3485 paradiso:
3082 3418 3444 3480 manducavit,

1865 3517 1920 3563 et
1948 3507 2201 3578 expulsus
2246 3504 2347 3562 est.
2390 3505 2601 3576 Jejunia
2653 3515 2780 3562 sunt
2825 3505 2985 3562 fortia
3036 3506 3137 3562 tela
3188 3508 3449 3562 adversus

1867 3606 2196 3655 tentamenta
2242 3599 2664 3654 daemoniorum:
2698 3599 2805 3653 cito
2838 3598 2981 3653 enim
3030 3613 3125 3667 per
3173 3598 3446 3652 abstinen-

1866 3689 1992 3743 tiam
2043 3689 2350 3742 vincuntur.
2404 3687 2555 3744 Unde
2599 3687 2760 3742 etiam
2813 3687 3070 3741 Dominus
3099 3695 3152 3739 et
3197 3686 3449 3739 Salvator

1863 3787 2046 3832 noster
2093 3792 2281 3835 eorum
2328 3777 2575 3832 incursus
2606 3775 2824 3845 jejuniis
2850 3785 2906 3831 et
2947 3764 3451 3845 orationibus-prah-

1860 3875 2042 3921 monct
2087 3879 2362 3936 superare,
2418 3873 2472 3920 et
2501 3880 2598 3920 suo
2627 3867 2872 3934 exemplo
2916 3867 3085 3919 voluit
3108 3868 3173 3919 ad
3203 3867 3306 3920 hoc
3345 3881 3446 3919 nos

1859 3958 2171 4014 informare.
2219 3956 2490 4028 Jejunavit
2537 3966 2591 4012 et
2630 3958 2899 4013 diabolum
2946 3959 3096 4022 vicit,
3145 3957 3340 4022 oravit,
3390 3966 3445 4011 et

1857 4051 2152 4121 principem
2181 4049 2341 4120 hujus
2378 4050 2560 4105 mundi
2592 4048 2737 4105 foras
2777 4051 2971 4119 'ejecit:
3006 4051 3260 4106 immundi
3299 4051 3443 4105 enim

1857 4144 2077 4212 spiritus
2124 4142 2192 4196 ibi
2240 4157 2297 4197 se
2337 4142 2638 4199 liducialius
2684 4143 2994 4208 immittent,
3048 4144 3136 4197 ubi
3187 4143 3444 4197 videbunt

1856 4232 2165 4303 frequentes
2201 4231 2638 4297 comessationes,
2696 4232 2985 4289 ebrietates
3026 4235 3287 4288 exerceri.
3327 4234 3440 4287 All-

1854 4323 2108 4378 stinentia
2156 4337 2352 4391 corpus
2416 4331 2675 4388 macerat,
2730 4324 2822 4377 sed
2871 4339 2965 4378 cor
3029 4324 3442 4392 impingueseit;

1856 4427 2071 4468 carnem
2124 4413 2385 4480 debilitat,
2439 4414 2534 4468 sed
2590 4417 2822 4466 animam
2880 4412 3164 4467 eonfortat.
3234 4412 3340 4468 Sed
3384 4427 3443 4473 et

1705 4480 1749 4534 ίδ
1777 4481 1828 4542 D
1858 4504 1962 4558 hoc
2015 4502 2306 4557 notandum
2347 4510 2431 4557 est
2469 4503 2612 4573 quod
2658 4500 2863 4572 jejunia
2920 4502 3256 4558 solummodo
3315 4520 3446 4559 cum

1856 4590 2012 4645 bonis
2053 4590 2302 4659 operibus
2355 4591 2448 4644 Dei
2498 4598 2624 4644 sunt
2682 4591 3049 4658 acceptabilia;
3108 4593 3197 4662 qui
3258 4602 3444 4648 autem

1857 4677 1992 4733 cibis
2036 4676 2324 4743 abstinent,
2356 4687 2411 4732 et
2450 4693 2617 4747 prava
2662 4688 2848 4747 agunt,
2909 4681 3179 4737 daunones
3220 4683 3441 4737 imitan-

1857 4775 1973 4834 tur,
1999 4766 2192 4837 quibus
2236 4782 2357 4821 esea
2388 4768 2621 4823 carnalis
2670 4784 2775 4822 non
2819 4781 2921 4834 est,
2969 4780 3025 4826 et
3054 4774 3291 4842 nequitia
3329 4774 3440 4843 spi-

1856 4855 2028 4910 ritalis
2055 4850 2267 4924 semper
2310 4855 2485 4910 inest:
2523 4855 2611 4911 ille
2649 4858 2790 4913 enim
2839 4860 2973 4914 bene
3020 4861 3253 4917 abstinet
3293 4878 3321 4916 a
3362 4863 3439 4918 ei-

1855 4947 1958 5013 bis,
2007 4947 2096 5016 qui
2140 4954 2196 5002 et
2233 4962 2263 5002 a
2306 4948 2523 5002 malitia:
2565 4950 2773 5006 actibus
2822 4960 2878 5006 et
2923 4966 2953 5006 a
2999 4956 3181 5009 mundi
3226 4955 3438 5029 jejunat

1853 5036 2254 5092 ambitionibus.
2308 5035 2494 5091 Melius
2533 5046 2618 5092 est
2640 5054 2853 5107 quoque
2890 5042 3286 5110 praedicationis
3313 5061 3435 5100 san-

1853 5134 1954 5182 ctua
1989 5127 2235 5182 convivio
2284 5127 2545 5181 victuram
2581 5126 2634 5181 ia
2673 5138 2931 5199 perpetuo
2968 5141 3202 5187 mentem
3248 5134 3436 5190 retice—

1853 5230 1933 5279 re,
1965 5230 2124 5284 quam
2153 5223 2396 5271 ventrem
2438 5216 2731 5277 mortifere
2776 5221 2955 5275 carnis
3004 5222 3270 5278 deliciosis
3304 5240 3436 5294 cpu-

1853 5303 1919 5357 lis
1962 5313 2227 5360 saturare.
2301 5305 2509 5376 Vigiliis
2559 5323 2687 5379 ergo
2734 5309 2948 5366 studere
3000 5322 3057 5366 et
3103 5297 3439 5370 orationibus

1854 5390 2189 5463 frequentius
2248 5395 2496 5453 insistere
2556 5398 2670 5468 ipse
2724 5400 2973 5456 Salvator
3038 5418 3153 5467 nos,
3216 5404 3430 5464 fratres,

1854 5483 2053 5546 docuit,
2105 5484 2331 5555 dicens:
2377 5485 2592 5558 Vigilate
2623 5490 2795 5562 itaque
2836 5494 2977 5545 omni
3019 5504 3243 5564 tempore
3282 5510 3435 5547 orau-

1852 5582 1949 5635 tes,
1988 5583 2041 5627 ut
2081 5575 2223 5644 digni
2265 5577 2560 5633 lmbeumini
2604 5580 2780 5651 fugere
2809 5584 2909 5637 ista
2943 5587 3118 5637 omnia
3157 5600 3273 5655 qua:
3315 5601 3437 5638 ven-

1852 5671 1971 5715 tura
2002 5674 2140 5728 szmt,
2186 5675 2230 5718 et
2256 5676 2396 5721 stare
2436 5682 2555 5723 ante
2582 5671 2747 5735 ﬁlium
2785 5673 3009 5727 Itomin’s
3039 5672 3186 5743 (Luc.
3214 5674 3348 5740 xxii;
3379 5688 3434 5731 et
