4040 6188
583 338 643 394 91
1221 340 1281 396 Β.
1326 340 1576 396 RABANI
1612 339 1832 396 MAURI
1868 339 2185 396 ARCIIIEP.
2226 340 2535 398 MOGUNT.
2572 341 2856 400 OPERL’M
2893 342 3072 401 PARS
3104 344 3165 401 ll.
3767 354 3832 409 ΞΒ

580 428 855 528 apostolus
898 457 1111 521 Petrus,
1150 456 1347 511 similia
1387 466 1489 513 nos
1517 458 1833 522 exhortans,
1863 457 1994 512 dicit
2022 475 2036 511 :
2066 454 2154 509 Vi—
2179 457 2228 516 Α
2256 467 2502 509 sevcrare
2522 455 2848 523 contendite,
2875 465 2930 512 et
2954 456 3211 512 Dominus
3239 457 3386 526 pacis
3411 459 3514 515 erit
3540 462 3828 522 vobiscum-

580 549 739 617 gilate
761 558 807 602 et
835 556 978 603 orate
1004 556 1175 601 utnon
1209 548 1408 601 intretis
1446 549 1501 601 in
1530 548 1885 613 tentationem,
1908 550 2033 618 quia
2058 548 2157 602 ad-

581 639 839 693 versarius
885 646 1049 692 vester
1084 637 1322 691 diabolus
1341 647 1591 709 tanquam
1634 637 1714 693 leo
1740 639 1949 708 rugiens
1977 639 2157 694 circuit

578 746 813 800 qua'rens
857 745 1005 798 quem
1063 727 1413 794 devoret;cui
1471 729 1690 782 resistite
1743 728 1904 798 fortes
1947 730 2001 783 in
2055 728 2161 798 [ide

515 811 526 821 ’
579 818 634 889 (Ι
662 818 895 889 Petr.v).
938 816 1071 887 Nam
1111 819 1327 873 modum
1368 818 1642 888 vigilandi,
1693 818 1867 888 qualis
1910 819 2027 873 ﬁeri
2063 819 2158 873 de-

576 911 724 976 bcat,
752 909 1089 981 coapostolus
1122 910 1237 980 ejus
1264 910 1463 964 Paulus
1490 910 1643 964 nobis
1662 910 1912 979 ostendit,
1941 911 2158 967 dicens:

576 1000 834 1068 Evigilate
848 1002 999 1072 justi,
1026 1010 1075 1054 et
1105 999 1261 1054 nolite
1285 1017 1499 1071 peccare
1532 999 1587 1071 (Ι
1609 999 1733 1056 Cor.
1760 1003 1874 1075 xv);
1905 1009 1961 1056 et
1985 1002 2112 1057 item
2141 1015 2157 1055 :

576 1088 902 1159 Abjiciamus
924 1106 1044 1160 ergo
1079 1106 1254 1161 opera,
1288 1090 1480 1159 inquit,
1505 1092 1857 1157 tenebrarum,
1892 1102 1940 1146 et
1971 1091 2162 1146 indua-

573 1193 691 1231 mus
733 1194 826 1231 nos
868 1193 1019 1231 arma
1060 1176 1213 1232 lucis.
1271 1175 1417 1232 Sicut
1456 1180 1511 1232 in
1555 1179 1638 1233 die
1675 1180 1887 1234 honeste
1924 1179 2158 1235 ambule-

573 1282 690 1321 mus
725 1265 901 1337 (Rom.
930 1267 1073 1337 xm).
1101 1266 1220 1338 Ipse
1244 1283 1475 1337 namque
1515 1270 1651 1325 bene
1685 1270 1873 1339 vigilat
1894 1272 2006 1339 qui,
2035 1287 2159 1326 cum

571 1372 771 1426 corpus
816 1374 972 1413 suum
1002 1375 1033 1413 a
1064 1374 1253 1415 somno
1290 1359 1526 1426 cohibet,
1578 1376 1673 1416 cor
1711 1361 1763 1415 in
1810 1362 1990 1431 pravis
2019 1360 2160 1416 desi-

573 1448 740 1503 deriis
773 1450 1055 1520 aggravari
1103 1466 1211 1506 non
1271 1451 1555 1520 permittit,
1601 1450 1695 1506 sed
1740 1451 1936 1507 mentis
1975 1451 2159 1508 oculos

574 1536 642 1590 ad
698 1535 975 1606 aspectum
1023 1538 1136 1594 veri
1184 1538 1402 1595 luminis
1464 1547 1679 1610 apertos
1723 1548 1871 1595 tenet
1909 1541 2156 1610 :vigilat,

570 1627 660 1696 qui
708 1637 888 1682 servat
933 1631 1202 1698 operando
1246 1632 1390 1700 quod
1434 1632 1625 1697 credit,
1669 1631 1874 1702 vigilat,
1920 1633 2070 1702 quia
2099 1649 2158 1689 se

565 1719 799 1787 torporis
843 1727 900 1773 et
941 1719 1275 1789 negligentia:
1321 1721 1569 1776 tenebras
1613 1721 1837 1790 repellit.
1894 1723 2030 1778 Huic
2071 1738 2158 1777 er-

2257 540 2447 598 Amen.

2851 635 3135 692 HOMILIA
3173 637 3237 692 L.

2801 741 2868 781 DE
2903 742 3280 783 CONTIXENTIA.

2327 814 2597 870 Admonet
2623 829 2723 870 nos
2748 814 2832 870 lex
2860 816 3040 870 divina
3063 825 3118 870 et
3138 818 3473 887 exhortatur,
3496 819 3692 878 fratres
3710 824 3837 879 cha-

2257 904 2495 971 rissimi,
2545 915 2605 960 ut
2637 905 3129 975 concupiscentiam
3167 907 3325 977 hujus
3371 911 3556 966 mundi
3603 913 3835 968 devitan-

2257 1004 2362 1061 tes,
2392 995 2741 1051 continentiae
2778 995 2976 1049 salubri
3003 1011 3223 1066 cperam
3257 998 3466 1059 demus,
3493 1017 3561 1057 ne
3594 1019 3690 1058 nos
3715 1003 3830 1059 ille-

2259 1087 2421 1142 cebra
2466 1087 2798 1157 voluptatum
2827 1101 2923 1156 per
2950 1088 3102 1142 varia
3132 1089 3294 1143 ducat
3320 1090 3585 1146 desideria
3608 1133 3623 1159 ,
3677 1102 3730 1148 et
3758 1093 3831 1148 la-

2260 1190 2400 1245 queo
2428 1176 2620 1231 mortris
2662 1175 2901 1231 irretitos
2945 1177 2997 1230 in
3048 1178 3400 1249 praecipitium
3433 1191 3489 1236 ει
3523 1184 3828 1253 voraginem

2261 1266 2436 1321 tradat
2484 1264 2701 1321 inferni.
2746 1266 3011 1336 Loquitur
3052 1269 3314 1336 sapientia
3344 1270 3548 1325 homini
3577 1281 3630 1327 et
3658 1275 3783 1329 dicit
3811 1292 3827 1331 :

2260 1352 2390 1409 Post
2415 1357 2859 1427 concupiscentias
2906 1367 3024 1411 tuas
3054 1373 3158 1412 non
3183 1374 3291 1424 eas,
3319 1370 3367 1413 et
3394 1377 3426 1413 a
3459 1359 3717 1417 voluntate
3739 1373 3830 1419 tua

2259 1452 2506 1498 avertere.
2535 1442 2595 1499 Si
2612 1454 2824 1516 praestes
2853 1447 3042 1500 anima:
3076 1456 3178 1501 tua:
3199 1438 3669 1519 concupiscentiam
3692 1453 3827 1524 ejus,

2258 1534 2415 1604 faciet
2441 1544 2489 1590 te
2510 1537 2564 1590 in
2594 1537 2845 1607 gaudium
2871 1536 3095 1591 inimicis
3124 1540 3227 1593 tuis
3254 1538 3445 1610 (Eccli.
3470 1542 3655 1611 xvm);
3679 1559 3830 1599 amor

2258 1627 2402 1681 enim
2455 1627 2611 1682 istius
2662 1627 2845 1682 mundi
2895 1629 3035 1696 parit
3083 1629 3416 1684 inimicitiam
3471 1632 3653 1697 Dci;'
3687 1635 3829 1688 unde

2259 1716 2515 1785 scriptum
2541 1726 2624 1772 est
2649 1733 2665 1772 :
2699 1717 2803 1784 Qui
2831 1719 2936 1774 vult
2964 1720 3163 1775 amicus
3185 1737 3294 1776 esse
3312 1722 3471 1791 hujus
3502 1724 3697 1790 swculi,
3721 1726 3826 1780 ini-

565 1823 634 1878 go
659 1823 907 1878 magnum
941 1817 996 1863 ct
1021 1809 1393 1865 intestimabile
1424 1810 1704 1879 praemium
1733 1809 1993 1866 Dominus
2031 1827 2155 1881 pro—
2182 1814 2228 1873 Β
2255 1807 2420 1859 micas
2461 1805 2558 1860 θεῖ
2596 1808 2930 1862 constituitur
2976 1807 3119 1871 (Ῑαεο
3149 1810 3246 1879 ιν).
3289 1809 3403 1865 Hoc
3439 1811 3583 1866 enim
3618 1825 3832 1886 apOSto-

568 1897 737 1962 misit,
773 1914 895 1954 cutn
934 1897 1108 1953 dixit:
1156 1899 1353 1955 Beatus
1380 1909 1456 1955 est
1499 1917 1675 1956 servus
1704 1900 1794 1956 ille
1835 1917 1987 1973 quem
2036 1919 2155 1957 cum

566 1987 763 2041 venerit
821 1986 1062 2042 dominus
1118 1988 1251 2058 ejus,
1316 1989 1564 2044 invenerit
1616 1989 1929 2060 vigilantem.
1994 1992 2159 2047 Amen

565 2075 682 2130 dico
733 2076 893 2141 vobis,
954 2094 1111 2148 super
1159 2079 1335 2133 omnia
1386 2078 1520 2133 bona
1575 2096 1675 2135 sua
1727 2081 2001 2135 constituet
2041 2098 2160 2136 eum

565 2165 783 2238 (Matth.
814 2167 984 2240 xxw).
1017 2167 1204 2223 Oratio
1244 2183 1372 2239 ergo
1407 2184 1527 2238 qua:
1568 2168 1679 2224 Deo
1727 2167 1952 2225 offertur
1998 2169 2159 2225 debet

563 2271 684 2311 esse
713 2273 846 2327 pura
869 2264 924 2312 et
949 2272 1016 2312 ex
1059 2257 1258 2328 gemitu
1295 2258 1475 2314 cordis
1509 2259 1759 2329 probata,
1805 2275 1911 2314 non
1937 2260 1991 2314 in
2018 2269 2159 2315 stre-

561 2345 680 2414 pitu
733 2348 881 2403 vocis
929 2350 1255 2413 exuberans,
1312 2349 1438 2419 quia
1490 2349 1650 2404 homo
1697 2349 1843 2405 videt
1886 2350 1940 2405 in
1994 2350 2156 2406 facie.

562 2436 707 2492 Deus
748 2446 927 2492 autem
969 2438 1207 2493 intuetur
1241 2454 1337 2493 cor
1364 2437 1419 2509 (Ι
1448 2437 1575 2510 Reg.
1606 2438 1739 2511 χιιι).
1770 2439 1838 2499 Et
1865 2440 2153 2510 quomodo,

558 2526 781 2594 fratres,
821 2543 1011 2598 preces
1052 2544 1178 2585 suas
1218 2530 1339 2600 quis
1368 2530 1480 2585 Deo
1506 2529 1664 2585 offert
1707 2533 1774 2586 ad
1803 2516 2152 2596 audiendum,

561 2632 698 2687 quas
748 2618 860 2687 ipse
905 2619 997 2688 qui
1040 2627 1096 2673 et
1124 2619 1223 2675 has
1261 2620 1392 2674 dicit
1435 2634 1541 2674 non
1591 2620 1757 2674 audit.
1804 2619 1947 2674 Proh
1968 2619 2149 2674 dolor!

561 2706 759 2775 smpius
806 2708 861 2762 in
888 2708 1132 2763 ecclesiis
1179 2708 1424 2764 videmus
1470 2709 1729 2778 quosdam
1776 2716 1899 2763 ante
1937 2725 2155 2765 sacrum

560 2796 733 2853 altare
769 2813 965 2868 corpus
1001 2799 1066 2853 ad
1092 2800 1355 2855 orandum
1400 2799 1682 2865 inclinare,
1725 2801 1818 2855 sed
1847 2800 2017 2857 Oculis
2046 2803 2153 2857 huc

561 2885 795 2955 illucque
832 2887 1075 2956 vagando
1129 2888 1564 2958 circumspicere,
1617 2898 1673 2945 et
1711 2905 1817 2944 non
1866 2890 2039 2945 solum
2077 2890 2155 2944 la-

562 2981 764 3051 crymis
808 2980 1014 3035 vultum
1066 2997 1173 3037 non
1202 2983 1397 3053 rigare,
1433 2984 1525 3037 sed
1553 2982 1717 3038 etiam
1755 2997 1851 3037 ora
1881 2982 1934 3037 in
1980 2981 2150 3037 risum

560 3071 790 3127 solvere.
832 3071 960 3139 Qum
1004 3079 1088 3127 est
1130 3072 1247 3127 haec
1288 3072 1575 3138 dementia,
1604 3071 1830 3128 fratres?
1861 3071 2047 3141 utique
2072 3080 2153 3125 ta-

2261 1892 2346 1948 lus
2366 1894 2541 1949 sciens
2559 1893 2792 1951 Joannes
2818 1897 3103 1967 persuadet
3152 1899 3308 1954 nobis
3346 1909 3402 1954 et
3442 1900 3575 1956 dicit
3604 1920 3617 1956 :
3654 1903 3830 1958 Nolite

2257 1984 2471 2056 diligere
2494 1988 2743 2042 mundum
2766 2005 2926 2060 neque
2951 2006 3012 2044 ea
3035 2006 3151 2061 qua:
3178 1990 3232 2045 in
3252 1992 3444 2047 mundo
3463 2004 3605 2049 sunt.
3633 1993 3692 2050 Si
3712 1998 3830 2067 quis

2256 2074 2494 2129 dilexerit
2519 2077 2792 2142 mundum,
2825 2094 2927 2132 non
2976 2090 3053 2133 est
3103 2081 3333 2136 charitas
3360 2080 3540 2138 Patris
3589 2086 3645 2140 in
3689 2086 3780 2141 illo
3808 2104 3830 2141 :

2255 2167 2379 2237 quia
2404 2183 2553 2222 omne
2585 2168 2723 2237 quod
2772 2168 2827 2222 in
2871 2169 3066 2223 mundo
3110 2173 3630 2242 est,concupiscentia
3657 2178 3833 2233 carnis

2255 2265 2364 2320 est,
2413 2265 2463 2309 et
2506 2257 2919 2326 concupiscentia
2973 2257 3242 2313 oculorum
3271 2299 3287 2325 ,
3341 2269 3389 2313 et
3426 2265 3667 2332 superbia
3713 2266 3833 2320 vita

2257 2347 2310 2420 (I
2343 2348 2502 2402 Joan.
2526 2347 2608 2420 ιι).
2640 2347 2754 2403 Hoc
2777 2356 2834 2403 et
2859 2348 3201 2419 coapostolus
3247 2349 3364 2420 ejus
3401 2350 3599 2410 Paulus
3639 2371 3832 2411 rursus

2255 2448 2439 2496 monet
2464 2448 2519 2496 et
2540 2441 2670 2496 dicit
2694 2459 2707 2496 :
2747 2439 2853 2506 Qui
2881 2451 3077 2508 emunt,
3104 2442 3180 2496 sic
3207 2444 3310 2497 sint
3330 2445 3481 2513 quasi
3517 2461 3621 2500 non
3662 2448 3833 2517 possi-

2254 2530 2462 2594 dentes;
2486 2539 2535 2584 et
2554 2531 2642 2602 qui
2664 2531 2762 2584 hoc
2784 2530 2976 2584 mundo
3003 2539 3245 2596 utuntur,
3268 2531 3418 2601 quasi
3446 2548 3549 2586 non
3574 2543 3791 2588 utantur
3806 2550 3831 2588 :

2251 2622 2479 2692 praeterit
2507 2622 2644 2676 enim
2670 2622 2843 2692 ﬁgura
2868 2622 3027 2692 hujus
3073 2625 3256 2679 mundi
3283 2623 3334 2696 (I
3364 2623 3487 2680 Cor.
3512 2626 3629 2700 vn).
3674 2626 3833 2686 Unde

2253 2718 2308 2767 et
2342 2711 2455 2780 ipse
2486 2711 2735 2768 Salvator
2754 2713 2809 2766 in
2834 2713 3090 2782 parabola
3134 2730 3229 2770 sua
3256 2717 3492 2771 ostendit
3511 2718 3655 2787 quod
3693 2720 3834 2775 divi-

2254 2801 2343 2856 tia:
2369 2811 2423 2856 et
2449 2802 2753 2872 voluptates
2778 2802 2960 2858 saeculi
2990 2792 3257 2859 sull'oeant
3277 2805 3498 2859 verbum
3526 2806 3597 2860 ita
3622 2815 3682 2860 ut
3720 2823 3833 2863 non

2254 2892 2455 2948 referat
2483 2893 2748 2958 fructum;
2793 2901 2848 2949 et
2895 2894 3022 2949 alibi
3061 2894 3302 2964 praecipit
3330 2894 3553 2950 dicens:
3587 2894 3692 2961 Qui
3721 2896 3833 2950 vult

2252 2986 2425 3038 venire
2448 2994 2563 3055 post
2591 3002 2672 3039 me
2699 3024 2714 3050 ,
2758 2984 2971 3055 abneget
3001 2986 3348 3056 semetipsum,
3377 2996 3423 3040 et
3448 2985 3595 3039 tollat
3621 3003 3835 3040 crucem

2252 3090 2426 3139 suam,
2455 3084 2503 3127 et
2529 3084 2778 3145 sequatur
2797 3090 2878 3128 me
2926 3074 3154 3145 (Matth.
3196 3074 3359 3147 xvr);
3410 3083 3467 3129 et
3518 3074 3691 3129 item:
3724 3074 3839 3142 Qui

558 3161 627 3217 lis
653 3162 826 3217 oratio
855 3179 964 3218 non
999 3163 1167 3218 Deum
1208 3163 1407 3234 placat,
1448 3164 1543 3219 sed
1576 3163 1775 3229 irritat;
1814 3171 1869 3217 et
1896 3161 2028 3217 tales
2052 3177 2153 3216 un-
2177 3149 2223 3212 C
2255 3180 2359 3218 non
2384 3162 2767 3229 renuntiaverit,
2809 3164 3012 3233 inquit,
3050 3165 3288 3219 omnibus
3308 3181 3423 3235 quae
3442 3164 3687 3234 possidet,
3722 3182 3837 3221 non

561 3253 628 3307 de
671 3252 954 3322 acquirere
1005 3252 1289 3307 debuerint
1338 3253 1654 3316 remedium,
1700 3252 1825 3307 inde
1866 3251 1967 3307 sibi
2013 3266 2151 3322 pra:—

558 3350 754 3410 parant
797 3349 1145 3395 tormentum.
1189 3341 1323 3395 Cum
1370 3356 1500 3411 ergo
1541 3342 1606 3396 ad
1643 3341 1944 3396 orationem
1972 3340 2027 3394 in
2055 3340 2148 3395 do<

561 3449 707 3487 unum
754 3432 966 3487 Domini
996 3433 1316 3499 convenitis,
1356 3432 1712 3500 dilectissimi,
1757 3440 2068 3489 reverenter
2096 3440 2153 3488 et

560 3538 687 3578 cum
742 3524 934 3578 timore
979 3538 1043 3578 ac
1095 3531 1331 3580 tremore
1377 3524 1448 3579 ibi
1478 3533 1673 3590 astate,
1723 3533 1780 3580 et
1817 3524 2076 3595 quidquid
2118 3541 2151 3580 a

561 3618 672 3673 Deo
708 3618 996 3687 impetrare
1043 3618 1237 3683 velitis,
1282 3633 1404 3673 cum
1443 3618 1747 3673 humilitate
1784 3627 1841 3673 et
1884 3617 2024 3673 bona
2063 3618 2149 3672 in-

563 3709 801 3765 tentione
840 3709 1022 3764 cordis
1071 3708 1220 3764 illum
1264 3708 1477 3779 petatis,
1527 3715 1582 3763 et
1623 3706 1856 3762 maxime
1893 3721 1959 3762 ea
1986 3707 2154 3777 petite

560 3814 684 3867 quae
733 3799 802 3854 ad
854 3798 1080 3853 salutem
1137 3798 1405 3868 pertinent
1445 3806 1723 3855 aeternam.
1775 3795 2040 3852 Caeterum
2086 3797 2155 3852 de

568 3888 655 3942 his
698 3887 1055 3957 prementibus
1098 3889 1260 3941 rebus
1308 3903 1374 3942 ea
1427 3885 1762 3943 solummodo
1813 3893 1999 3957 rogate
2033 3900 2154 3954 qua:

565 3978 872 4033 necessaria
922 3985 1063 4041 sunt,
1115 3993 1220 4032 non
1250 3993 1370 4047 qua:
1407 3977 1476 4031 ad
1514 3979 1863 4046 cupiditatem
1892 3977 1974 4032 vel
2003 3977 2153 4033 volu-

561 4077 764 4138 ptatem
796 4067 973 4122 carnis
1012 4067 1277 4137 superﬂue
1304 4083 1402 4136 per
1429 4066 1694 4121 luxuriam
1724 4076 2150 4138 exaggerantur;

566 4159 666 4213 has
719 4172 907 4229 preces
959 4158 1187 4212 libenter
1229 4157 1371 4212 Deus
1421 4172 1525 4211 non
1593 4156 1807 4226 accipit,
1862 4165 1918 4212 et
1976 4157 2157 4213 taliter

566 4248 767 4319 petenti
816 4263 955 4317 stepe
984 4262 1091 4302 non
1126 4246 1334 4301 annuit.
1384 4245 1535 4301 Unde
1575 4255 1630 4301 et
1661 4245 1893 4302 Jacobus
1935 4255 2153 4317 aposto-

563 4340 648 4394 lus
692 4340 933 4410 increpat
979 4353 1094 4401 nos,
1159 4336 1344 4392 dicens
1379 4353 1392 4389 :
1426 4333 1611 4391 Petitis
1649 4345 1699 4391 et
1746 4352 1849 4391 non
1895 4336 2152 4407 accipitis,

562 4446 623 4483 eo
644 4430 782 4498 quod
804 4428 939 4483 male
981 4427 1189 4499 petatis,
1240 4434 1296 4479 ut
1324 4425 1381 4479 in
1406 4426 1833 4495 concupiscentiis
1862 4427 2043 4481 vestris
2071 4427 2155 4481 in—

566 4492 786 4572 suntatis
814 4518 955 4589 (Jac.
981 4492 1080 4588 iv).
1109 4516 1315 4583 Quibus
1339 4525 1517 4571 autem
1545 4492 1796 4586 precibus
1820 4515 1960 4573 Deus
1985 4516 2155 4571 liben-
2177 4492 2231 4551 ἶ)

570 4618 654 4664 ter
696 4607 894 4672 faveat,
919 4608 986 4662 ab
1015 4607 1130 4677 ipsa
1161 4605 1402 4662 Veritate
1432 4606 1639 4669 discite,
1694 4607 1769 4661 ait
1798 4607 1939 4662 enim
1964 4624 1977 4659 :
2010 4603 2154 4660 Peti-

566 4707 615 4753 te
640 4707 688 4752 et
715 4697 997 4767 accipietis,
1030 4707 1083 4750 ut
1114 4698 1364 4767 gaudium
1380 4706 1604 4751 vestrum
1635 4696 1843 4769 plenum
1867 4699 1934 4751 sit
1959 4696 2150 4769 (Joan.

567 4787 700 4856 xw).
752 4786 1018 4842 Caudium
1078 4785 1276 4840 etenim
1342 4786 1558 4858 plenum
1619 4802 1726 4842 non
1786 4788 1839 4842 in
1879 4787 2152 4857 praesenti,

572 4879 666 4934 sed
711 4881 761 4933 in
810 4878 989 4933 futura
1036 4878 1139 4931 erit
1173 4878 1301 4942 vita,
1358 4879 1460 4934 hoc
1514 4886 1616 4944 est,
1659 4878 1711 4933 in
1740 4878 2013 4950 agnitione
2058 4878 2155 4937 Dei

572 4967 832 5040 perfecta,
876 4968 1091 5038 quando
1136 4967 1425 5024 infirmitas
1469 4976 1524 5024 et
1553 4970 1798 5040 angustia
1840 4969 1945 5024 erit
1986 4968 2150 5023 nulla.

569 5060 646 5115 De
683 5060 1038 5129 prmscntibus
1085 5066 1264 5113 autem
1309 5060 1604 5115 commodis
1623 5075 1788 5135 supra
1815 5061 2033 5115 modum
2085 5076 2155 5115 ne

571 5152 743 5207 simus
791 5149 1024 5215 solliciti,
1078 5148 1171 5205 sed
1201 5148 1462 5203 faciamus
1505 5156 1648 5219 quod
1677 5149 1994 5204 exhortatur
2024 5149 2157 5204 Pro-

569 5243 769 5312 pheta:
809 5240 988 5306 Jacta,
1022 5239 1216 5309 inquit,
1257 5239 1313 5292 in
1342 5237 1622 5293 Dominum
1660 5241 1940 5309 cogitatum
1985 5251 2157 5306 tuum,

566 5344 615 5390 et
634 5333 740 5405 ipse
753 5342 800 5386 te
812 5331 1032 5385 enutriet
1056 5328 1227 5403 (Psal.
1253 5328 1381 5398 LIV);
1402 5338 1456 5382 et
1472 5330 1523 5383 in
1543 5329 1828 5399 Evangelio
1847 5330 1961 5398 ipse
1975 5329 2150 5384 Domi-

575 5441 679 5482 nus
712 5423 830 5479 ait:
880 5420 1123 5476 Primum
1159 5421 1376 5492 quaerite
1422 5438 1633 5490 regnum
1675 5421 1772 5475 Dei
1810 5431 1859 5477 et
1890 5423 2186 5492 justitiam:

571 5517 709 5586 ejus,
737 5523 785 5568 et
811 5514 922 5568 htec
951 5513 1126 5567 omnia
1146 5511 1461 5581 adﬁcientur
1482 5511 1621 5565 vobis
1646 5510 1857 5581 (Matth.
1875 5511 1973 5583 γι).
2006 5510 2150 5577 Ilaec,

574 5606 795 5671 fratres,
829 5602 1012 5659 sedulo
1048 5604 1189 5657 intra
1226 5601 1582 5671 vosmetipsos
1628 5603 1881 5673 cogitate,
1930 5602 2044 5658 hac
2076 5600 2154 5657 fo—

570 5696 648 5751 ris
682 5697 951 5765 operando
995 5694 1158 5767 agite,
1188 5695 1242 5749 in
1271 5692 1356 5749 his
1394 5706 1565 5762 usque
1598 5692 1664 5747 ad
1691 5693 1852 5749 finem
1892 5692 2014 5749 vita:
2037 5709 2156 5765 per-

2250 3260 2412 3323 potest
2469 3267 2615 3305 meus
2659 3267 2768 3305 esse
2811 3251 3096 3321 discipulus
3142 3251 3291 3323 (Luc.
3342 3253 3473 3321 xlv).
3506 3251 3632 3308 Haec
3665 3253 3844 3323 igitur

2252 3340 2681 3406 considerantes,
2703 3338 2898 3395 fratres
2927 3342 3267 3407 charissimi,
3318 3343 3631 3413 perpendite
3657 3359 3844 3413 quan-

2253 3438 2365 3484 tum
2418 3431 2723 3486 necessaria
2767 3430 2922 3487 nobis
2987 3431 3059 3486 sit
3105 3432 3475 3499 continentia,
3528 3448 3626 3504 per
3666 3449 3845 3503 quam

2253 3519 2456 3575 Christi
2483 3519 2820 3589 discipulatui
2845 3521 3096 3591 condigni
3117 3521 3184 3576 ad
3207 3536 3427 3593 regnum
3459 3523 3685 3593 potestis
3708 3537 3845 3577 cum

2253 3626 2320 3666 eo
2349 3610 2535 3667 venire
2560 3619 2896 3680 perpetuum.
2920 3610 3261 3667 Continentia
3288 3626 3413 3667 vero
3458 3621 3515 3667 et
3564 3613 3849 3668 sobrietas

2254 3715 2361 3754 non
2392 3700 2445 3755 in
2474 3700 2588 3757 sola
2614 3700 2927 3772 integritate
2953 3702 3132 3756 carnis
3167 3700 3434 3766 consistit,
3460 3701 3556 3756 sed
3587 3702 3755 3756 etiam
3784 3703 3849 3757 in

2253 3791 2399 3847 cultu
2423 3799 2478 3846 et
2503 3792 2558 3845 in
2582 3798 2806 3856 ornatu,
2850 3791 2960 3845 vita
3000 3790 3206 3860 pariter
3258 3800 3313 3846 et
3360 3790 3601 3845 moribus
3629 3808 3643 3843 :
3668 3792 3853 3846 debet

2254 3882 2399 3937 enim
2438 3882 2806 3951 unusquisque
2832 3881 3117 3936 continens
3144 3880 3417 3936 abstinere
3445 3894 3504 3935 se
3545 3879 3614 3934 ab
3658 3881 3855 3935 omni-

2254 3972 2355 4028 bus
2396 3971 2622 4037 illicitis;
2664 3972 2748 4027 his
2777 3980 2957 4025 autem
2991 3985 3111 4040 quae
3139 3969 3286 4025 licita
3336 3977 3479 4034 sunt,
3511 3969 3665 4025 decet
3712 3988 3851 4026 cum

2255 4061 2517 4117 modestia
2540 4070 2596 4116 et
2626 4060 2919 4116 sobrietate
2938 4060 3015 4114 uti
3043 4077 3056 4112 :
3091 4074 3198 4114 non
3227 4059 3372 4114 enim
3395 4059 3549 4114 decet
3572 4059 3855 4114 Christia-

2256 4166 2383 4205 num
2421 4150 2602 4205 smculi
2646 4150 2809 4205 lucris
2845 4150 3082 4215 inhiare,
3141 4150 3227 4205 cui
3266 4149 3587 4219 promissum
3629 4160 3719 4205 est
3766 4167 3856 4205 re-

2256 4252 2420 4309 gnum
2435 4237 2674 4301 cmleste,
2689 4237 2781 4293 sed
2810 4252 2909 4292 suo
2936 4238 3160 4293 Domino
3178 4250 3273 4306 per
3292 4237 3680 4292 continentiam
3710 4254 3855 4293 con-

2256 4326 2414 4398 digne
2442 4326 2646 4391 vivere,
2677 4334 2734 4379 ut
2758 4326 2927 4396 possit
2952 4339 3075 4379 cum
3116 4340 3179 4380 eo
3205 4326 3258 4378 in
3283 4334 3600 4395 perpetuum
3631 4328 3852 4394 gaude-

2256 4431 2336 4471 re.
2363 4414 2678 4473 Castitatem
2706 4416 2865 4472 debet
2890 4430 3074 4471 amare
3092 4425 3147 4470 et
3176 4414 3587 4471 fornicationem
3616 4416 3856 4488 fugere;

2257 4521 2362 4562 non
2395 4507 2636 4561 avaritiae
2668 4507 2907 4572 studere,
2938 4506 3035 4561 sed
3065 4506 3210 4561 victu
3232 4514 3291 4561 et
3330 4506 3528 4561 vestitu
3550 4516 3863 4567 contentus

2256 4610 2405 4663 esse;
2437 4611 2544 4651 non
2577 4595 2877 4667 superbire,
2905 4610 3078 4664 neque
3101 4610 3319 4665 sperare
3347 4595 3402 4649 in
3440 4594 3647 4651 incerto
3700 4597 3864 4653 divi-

2259 4685 2475 4749 tiarum,
2510 4686 2603 4741 sed
2624 4685 2899 4740 humiliter
2921 4686 3120 4740 sentire
3149 4692 3204 4740 et
3228 4685 3409 4740 mundi
3430 4699 3685 4755 pompam
3709 4702 3865 4742 con-

2261 4782 2544 4830 temnere:
2578 4789 2685 4829 non
2735 4775 2895 4830 debet
2921 4789 3040 4830 esse
3088 4774 3411 4845 vaniloquax
3455 4781 3511 4829 et
3548 4789 3864 4846 arrogans,

2262 4884 2370 4924 non
2403 4868 2654 4934 mendax,
2686 4882 2860 4937 neque
2899 4865 3213 4936 iniuriosus,
3241 4880 3344 4923 nec
3384 4866 3640 4937 bilinguis
3662 4907 3682 4932 ,
3739 4884 3868 4923 non

2257 4979 2499 5026 susurro,
2520 4978 2692 5033 neque
2720 4960 3016 5026 detractor,
3044 4960 3138 5015 sed
3164 4960 3448 5015 veritatem
3470 4959 3629 5014 debet
3649 4972 3729 5015 ex
3752 4975 3872 5017 ore

2254 5064 2310 5111 et
2330 5055 2491 5110 corde
2511 5053 2774 5124 proferre,
2805 5052 3042 5123 linguam
3068 5066 3220 5105 suam
3266 5066 3298 5105 a
3339 5050 3681 5119 multiloquio
3711 5061 3874 5107 tem-

2254 5159 2470 5214 perare,
2501 5147 2626 5215 quia
2660 5142 2920 5213 scriptum
2952 5150 3038 5196 est
3066 5158 3080 5195 :
3110 5138 3181 5194 In
3208 5139 3535 5211 multiloquio
3568 5156 3679 5194 non
3706 5142 3874 5211 etfu-

2257 5234 2363 5305 gies
2403 5242 2671 5304 peccatum
2720 5229 2905 5303 (Prov.
2954 5230 3031 5301 x).
3071 5228 3269 5286 Oculos
3316 5239 3508 5284 contra
3540 5229 3876 5286 vanitatem

2260 5324 2530 5388 claudere,
2554 5322 2796 5384 auditum
2824 5337 2855 5375 a
2895 5321 3223 5376 scurrilitate
3256 5329 3311 5377 et
3337 5319 3590 5384 falsitate,
3612 5318 3733 5373 imo
3791 5324 3880 5378 ab

2262 5413 2407 5467 omni
2436 5412 2648 5483 eloquio
2677 5410 2836 5476 malo,
2862 5419 3130 5476 avertere,
3158 5410 3327 5465 risum
3368 5408 3642 5464 excelsum
3673 5418 3735 5463 et
3761 5426 3884 5465 ex-

2262 5521 2479 5561 cussura
2520 5520 2627 5559 non
2656 5517 2870 5568 amare,
2912 5511 3097 5574 guttur
3125 5511 3180 5557 et
3204 5518 3395 5557 nasum
3431 5500 3500 5556 ad
3528 5499 3884 5558 illecebrum

2262 5596 2494 5651 dulcium
2529 5596 2773 5651 ciborum
2799 5602 2855 5649 et
2887 5592 3134 5649 suavium
3178 5594 3401 5649 odorum
3456 5606 3562 5646 non
3608 5590 3887 5648 libent::r

2263 5689 2540 5757 adhibere,
2571 5689 2664 5746 sed
2694 5690 2863 5761 magis
2893 5689 3093 5746 bonum
3119 5697 3173 5744 ct
3222 5703 3443 5746 suavem
3473 5686 3707 5744 odorem
3738 5688 3850 5743 vir
