4040 6188
289 339 354 393 95
1243 329 1546 388 “OMILlr‘E
1590 331 1676 385 DE
1714 328 1954 385 FESTIS
1993 331 2400 392 PRJ‘ICIPUIS.
2436 333 2590 389 ETC.
3479 339 3547 396 94

290 459 454 504 tutum
481 455 764 518 appetere,
792 462 989 503 manus
1017 456 1072 503 et
1106 447 1270 516 pedes
1300 455 1355 501 et
1407 447 1588 500 omnia
1627 447 1868 500 membra
1898 450 1946 507 Α
1974 439 2074 503 diu)
2123 450 2344 514 bonum,
2383 455 2448 505 de
2475 465 2581 521 qua
2615 451 2730 518 ipse
2775 449 3022 506 Salvator
3067 453 3142 506 ait
3173 466 3188 505 :
3220 451 3371 507 Beati
3398 456 3552 509 mise-

208 577 214 581 -
289 541 523 610 corporis
557 540 791 595 sollicite
815 540 1109 602 custodire,
1131 554 1200 594 ne
1242 538 1371 591 fiant
1398 553 1544 591 arma
1575 538 1876 606 iniquitatis

286 641 526 700 peccato,
568 630 664 684 sed
704 629 878 698 magis
910 629 1147 698 potentia
1181 643 1334 682 arma
1364 628 1473 681 Deo
1501 631 1568 680 ad
1599 627 1877 681 destruen-

289 722 408 772 dum
445 719 750 788 spiritalem
786 718 1090 771 inimicum.
1123 715 1229 770 Cor
1249 729 1464 784 quoque
1492 713 1644 768 miles
1672 712 1873 767 Christi

287 812 441 866 debet
477 819 605 865 ante
629 809 812 864 omnia
850 807 1083 864 sollicita
1111 806 1354 862 custodia
1381 819 1617 866 servare,
1647 819 1714 857 ne
1736 803 1875 857 forte

291 905 410 959 illud
439 902 706 974 iactantia
735 899 978 963 extollat,
1015 899 1094 952 ira
1148 896 1466 951 inflammet.
1500 894 1698 948 invidia
1745 909 1872 962 per-

290 996 439 1058 foret,
464 994 695 1048 avaritia
726 992 943 1048 infestet
973 1032 987 1057 ,
1034 990 1201 1045 libido
1228 997 1438 1053 exurat,
1473 988 1692 1042 tristitia
1746 1003 1871 1057 gra-

291 1099 390 1143 vet.
421 1096 615 1156 torpor
639 1096 692 1140 et
719 1086 932 1154 ignavia
955 1092 1174 1145 oneret,
1215 1091 1270 1136 et
1316 1081 1442 1136 illud
1475 1082 1614 1150 quod
1664 1081 1873 1136 cunctis

287 1178 502 1248 gravius
528 1185 633 1240 est,
662 1192 762 1246 per
807 1179 1104 1229 novitatem
1157 1172 1606 1242 prtesumptiones
1652 1170 1873 1225 haeresis

288 1270 516 1322 scindat.
542 1267 646 1334 Qui
692 1269 837 1322 enim
871 1267 1052 1321 cordis
1077 1263 1286 1320 occulta
1335 1278 1435 1333 per
1481 1261 1870 1326 continentiam

288 1359 461 1426 quieta
512 1372 730 1411 servare
759 1358 904 1410 intus
948 1355 1264 1418 contendit,
1320 1353 1504 1422 utique
1531 1361 1585 1405 et
1629 1351 1871 1405 membra

285 1449 530 1516 corporis
573 1448 785 1504 facilius
809 1455 996 1501 contra
1035 1461 1230 1516 pravos
1255 1452 1408 1498 actus
1440 1444 1570 1498 foris
1604 1441 1866 1506 custodit;

285 1539 543 1608 scriptum
574 1549 658 1593 est
682 1540 868 1594 enim:
909 1537 1066 1592 Omni
1104 1537 1339 1591 custodia
1365 1553 1513 1589 serva
1559 1551 1649 1588 cor
1697 1543 1867 1597 tuum,

284 1635 402 1700 quia
453 1649 523 1685 ex
577 1633 690 1700 ipso
734 1632 836 1684 vita
891 1629 1120 1700 procedit
1167 1626 1348 1699 (Prov.
1382 1627 1490 1696 tv);
1526 1627 1652 1680 item
1698 1625 1864 1679 alibi:

288 1721 428 1774 Mors
463 1737 619 1775 secus
647 1721 919 1772 introitum
943 1719 1295 1772 delectationis
1311 1721 1480 1786 posita
1517 1725 1633 1781 est;
1676 1725 1728 1770 et
1758 1715 1870 1770 Sal-

283 1818 436 1864 vator
467 1810 525 1864 in
553 1809 846 1880 Evangelia
875 1827 888 1863 :
931 1807 1128 1873 Bonus,
1161 1784 1370 1879 inquit,
1415 1809 1568 1862 homo
1615 1807 1680 1861 de
1732 1807 1862 1862 bona
1897 1784 1936 1842 Β

281 1898 528 1951 thesauro
554 1898 728 1951 cordis
751 1900 834 1950 sui
876 1898 1074 1967 profert
1103 1899 1316 1963 bonum,
1343 1909 1391 1952 et
1429 1897 1601 1952 malus
1627 1899 1780 1950 homo
1802 1898 1867 1950 de

281 1986 420 2040 malo
456 1989 704 2040 thesauro
734 1988 908 2041 cordis
930 1989 1012 2041 sui
1047 1988 1242 2058 profert
1273 1987 1470 2040 malum
1499 1987 1650 2059 (Luc.
1673 1988 1781 2058 v1);
1812 1995 1867 2042 ct

282 2075 442 2129 item:
470 2076 548 2129 De
583 2077 757 2140 corde,
788 2079 883 2143 ait,
907 2087 1094 2131 exeunt
1122 2079 1457 2148 cogitationes
1486 2078 1661 2144 malae,
1691 2079 1863 2132 homi-

282 2168 443 2233 cidia,
468 2168 754 2232 adulteria,
784 2167 1174 2235 fornicationes,
1202 2178 1257 2222 ct
1299 2177 1493 2222 cetera
1511 2168 1724 2236 (Matth.
1750 2167 1860 2237 xv).

281 2255 412 2309 Cum
437 2271 594 2326 ergo,
622 2257 840 2321 fratres,
869 2257 935 2312 de
953 2258 1129 2312 cordis
1153 2258 1336 2312 radice
1358 2257 1566 2312 fructus
1597 2259 1710 2312 sive
1739 2258 1862 2312 boni

282 2347 392 2401 sive
419 2348 546 2401 mali
591 2356 813 2411 exeant,
847 2362 1068 2403 necesse
1103 2356 1187 2402 est
1234 2356 1289 2402 ut
1326 2349 1558 2416 primum
1589 2363 1683 2402 cor
1710 2364 1867 2401 mun-

284 2436 492 2500 demus,
523 2438 722 2492 deinde
771 2438 942 2506 ipsam
985 2453 1200 2491 carnem
1241 2445 1480 2491 nostram
1511 2453 1606 2506 per
1639 2436 1859 2505 jejunia,

282 2536 334 2581 et
358 2527 591 2597 vigilias,
619 2539 673 2582 et
702 2529 942 2583 laborem
972 2531 1154 2584 utilem
1203 2530 1551 2596 castigemus,
1579 2543 1646 2582 ne
1684 2532 1864 2582 carnis

281 2616 443 2671 libido
469 2629 706 2673 mentem
737 2619 1005 2674 maculet:
1036 2618 1246 2674 difﬁcile
1279 2627 1363 2672 est
1401 2620 1546 2673 enim
1577 2628 1634 2673 ut
1665 2619 1717 2672 in
1765 2620 1859 2672 de-

283 2706 420 2761 liciis
445 2709 692 2763 viventes
720 2711 976 2764 mundum
1002 2726 1096 2765 cur
1122 2711 1371 2765 habeant.
1399 2711 1526 2766 Inde
1565 2711 1700 2766 dixit
1719 2711 1862 2778 Apo-

282 2797 449 2850 stolus
472 2796 522 2867 (I
557 2795 682 2851 Cor.
709 2799 787 2869 ιχ)
815 2817 826 2852 :
859 2798 1070 2868 Castigo
1109 2816 1294 2869 corpus
1335 2817 1506 2854 meum
1545 2810 1593 2855 et
1623 2802 1860 2855 servituti

281 2886 518 2954 subjicio,
549 2904 612 2939 ne
641 2887 798 2956 forte,
822 2905 940 2941 cum
963 2888 1080 2940 aliis
1103 2889 1378 2957 prtcdicem
1398 2930 1413 2954 ,
1457 2891 1566 2958 ipse
1612 2891 1858 2959 reprobus

283 2980 504 3047 eﬁiciar;
533 2988 588 3032 et
620 2980 749 3032 item
788 2976 931 3048 (Gal.
964 2976 1054 3048 v):
1095 2979 1199 3044 Qui
1247 2989 1422 3032 autem
1468 2991 1588 3033 sunt
1641 2976 1857 3046 Christi,

281 3085 486 3121 carnem
513 3085 666 3122 suam
702 3068 1070 3136 cruci/ﬁxerunt
1091 3087 1207 3123 cum
1232 3071 1365 3123 vitiis
1391 3079 1440 3122 et
1487 3075 1857 3140 concupiscen-

1975 542 2240 607 ricordes,
2285 543 2534 611 quoniam
2572 543 2671 612 ipsi
2723 545 3132 598 miscricordiam
3177 555 3554 614 consequentur

1975 630 2190 701 (Matth.
2247 631 2322 703 v).
2380 633 2498 687 Non
2547 642 2725 702 potest
2763 643 3018 702 peccator
3074 635 3551 690 miscricordiama

1974 719 2084 773 Deo
2124 735 2360 790 sperare,
2391 723 2484 792 qui
2526 724 2952 778 misericordiam
2991 741 3094 779 non
3143 725 3273 780 facit
3324 742 3552 794 peccan-

1973 811 2116 863 tibus
2145 813 2304 876 inse;
2336 827 2468 881 ergo
2495 813 2729 866 dimittat
2757 815 2916 868 homo
2964 817 3259 884 temporale
3288 817 3544 879 debitum,

1971 908 2031 951 ut
2067 908 2339 953 mereatur
2393 902 2630 971 recipere
2679 904 2930 956 teternale
2974 903 3195 959 bonum.
3237 905 3293 960 Si
3342 908 3550 962 animas

1970 998 2184 1041 nostras
2241 989 2488 1056 cupimus
2539 1001 2881 1058 peccatorum
2933 993 3179 1048 sordibus
3232 997 3546 1062 emundari,

1971 1079 2401 1134 misericordiam
2439 1081 2489 1134 in
2528 1098 2628 1135 nos
2655 1085 3003 1152 peccantibus
3029 1102 3137 1140 non
3187 1104 3458 1158 negemus,
3489 1098 3548 1144 ut

1971 1167 2025 1222 in
2047 1167 2135 1222 die
2184 1169 2554 1224 retributionis
2599 1172 2665 1226 ad
2703 1176 3108 1240 promerendam
3149 1176 3356 1232 Domini
3389 1179 3548 1234 mise-

1971 1259 2256 1312 ricordiam
2303 1260 2686 1316 misericordia:
2736 1265 2989 1333 operibus
3041 1266 3372 1335 adjuvemur.
3406 1271 3548 1336 Quo-

1970 1349 2130 1402 modo
2165 1351 2589 1406 miscricordiam
2628 1369 2657 1406 a
2701 1353 2811 1408 Deo
2851 1366 3147 1425 exspectat,
3193 1360 3284 1426 qui
3314 1362 3548 1416 crudelis

1969 1447 2051 1494 est
2079 1439 2131 1494 in
2163 1455 2453 1496 conservos
2481 1443 2650 1496 suos?
2679 1443 2735 1497 Si
2767 1446 2886 1512 quis
2918 1447 3096 1516 cupiat
3125 1447 3291 1502 Deum
3321 1450 3420 1504 sibi
3448 1451 3548 1504 mi-

1971 1531 2156 1594 sereri,
2188 1531 2258 1584 ita
2287 1541 2342 1586 et
2369 1532 2689 1587 misereatur
2717 1533 3050 1591 debitoribus
3075 1538 3206 1592 suis.
3236 1537 3546 1595 Certissima

1970 1621 2360 1690 indulgentiam
2380 1633 2696 1692 exspectare
2724 1627 2940 1694 poterit,
2969 1629 3094 1695 quia
3125 1629 3244 1684 aliis
3275 1630 3548 1699 indulgere

1969 1710 2136 1764 novit.
2168 1709 2249 1764 Ad
2297 1711 2679 1766 misericordiae
2705 1730 2841 1783 opus
2894 1717 3094 1784 optime
3140 1733 3240 1772 nos
3271 1719 3322 1772 in
3369 1719 3547 1773 Evan-

1967 1801 2105 1872 gelio
2145 1802 2402 1859 Dominus
2436 1805 2685 1874 exemplo
2729 1806 3020 1872 roboravit,
3063 1808 3151 1863 ubi
3195 1809 3273 1864 ait
3308 1827 3321 1863 :
3362 1809 3547 1868 Estvte

1965 1893 2350 1958 misericordes,
2394 1895 2528 1948 sicut
2577 1894 2740 1950 Pater
2784 1906 2950 1952 vester
2985 1898 3205 1954 calestis
3250 1901 3548 1959 misericors

1965 1993 2060 2048 est,
2090 1983 2181 2053 qui
2207 1981 2366 2038 solem
2396 2001 2548 2038 suum
2579 1985 2709 2039 oriri
2729 1985 2856 2054 facit
2881 2003 3039 2056 super
3067 1989 3226 2043 bonos
3253 1999 3304 2044 et
3350 1992 3540 2060 malos,

1964 2081 2012 2126 et
2034 2072 2167 2143 pluit
2191 2091 2348 2142 super
2369 2074 2546 2143 justas
2573 2086 2620 2128 et
2670 2074 2894 2145 injustas
2926 2076 3076 2148 (Luc.
3105 2079 3205 2149 γι).
3233 2079 3420 2135 Omnis
3446 2084 3518 2136 mi

1965 2163 2256 2217 sericordia
2279 2162 2440 2217 faciet
2455 2163 2633 2218 locum
2657 2165 2946 2235 unicuique
2970 2169 3265 2222 secundum
3293 2171 3544 2226 meritum

1961 2266 2187 2321 operum
2212 2268 2453 2308 suorum.
2487 2254 2588 2321 Qui
2619 2254 2747 2310 facit
2775 2256 3201 2312 misericordiam
3231 2259 3361 2325 Deo,
3387 2261 3546 2316 olfert

1964 2342 2289 2396 sacrificium
2324 2343 2457 2396 satis
2487 2342 2764 2412 placabile.
2798 2341 2855 2398 In
2878 2342 3058 2412 judice
3088 2346 3459 2402 misericordia
3488 2359 3546 2403 et

1965 2433 2244 2503 disciplina
2286 2433 2446 2489 debet
2480 2449 2620 2498 esse,
2650 2435 2775 2504 quia
2800 2451 2907 2490 una
2931 2436 3050 2491 sine
3069 2437 3237 2492 altera
3262 2439 3399 2494 bene
3424 2455 3544 2495 esse

1964 2541 2070 2578 non
2096 2526 2309 2594 poterit.
2353 2525 2719 2581 Misericordia
2749 2526 2862 2582 sola
2895 2528 2941 2582 si
2967 2526 3128 2582 fuerit
3153 2568 3167 2594 ,
3197 2530 3541 2585 securitatem

1962 2615 2125 2670 faciet
2148 2615 2404 2683 peccandi
2428 2614 2712 2683 subjectis;
2747 2616 2958 2680 iterum,
2975 2616 3020 2670 si
3039 2617 3317 2686 disciplina
3335 2633 3544 2687 semper

1962 2706 2156 2770 aderit,
2188 2706 2417 2760 vertitur
2461 2706 2672 2760 animus
2722 2706 3081 2776 delinquentis
3119 2707 3173 2760 in
3209 2708 3541 2776 desperatio-

1961 2813 2110 2860 nem,
2137 2793 2367 2864 ctjudex
2401 2811 2505 2850 non
2541 2797 2840 2852 merebitur
2867 2813 2897 2851 a
2937 2797 3048 2852 Deo
3096 2799 3538 2854 misericordiam.

1965 2887 2069 2942 Sed
2098 2888 2238 2942 hanc
2278 2889 2701 2943 misericordiam
2735 2905 2765 2943 a
2799 2890 2975 2959 seipso
3017 2890 3176 2944 debet
3216 2891 3376 2946 homo
3407 2891 3540 2945 inci-

1962 2992 2094 3046 pere
2128 2996 2140 3030 :
2172 2979 2439 3047 quomodo
2468 2979 2522 3031 in
2545 2977 2664 3033 aliis
2692 2989 2775 3032 est
2799 2980 3124 3046 misericors,
3157 2982 3248 3050 qui
3274 2982 3325 3034 in
3359 2982 3538 3050 seipso

1962 3072 2196 3126 crudelis
2229 3072 2344 3126 est?
2375 3072 2429 3124 In
2478 3072 2658 3140 seipso
2698 3070 2933 3127 crudelis
2961 3082 3062 3131 est.
3094 3074 3183 3140 qui
3227 3074 3325 3128 sibi
3352 3089 3539 3143 perpe-

282 3161 382 3211 tiis.
408 3158 596 3212 Sobrie
631 3160 826 3228 quippe
855 3169 903 3211 et
938 3159 1020 3228 pie
1066 3161 1294 3213 vivamus
1337 3161 1392 3213 in
1427 3159 1524 3212 hoc
1546 3159 1738 3213 srrculo
1765 3177 1859 3213 εκ·
1889 3141 1932 3202 C
1965 3171 2086 3216 tuas
2107 3163 2342 3231 peccatis
2359 3163 2470 3216 suis
2493 3162 3205 3231 prmparattlammas.Benc
3229 3141 3537 3218 misericors

284 3261 566 3316 spectantes
609 3249 812 3303 beatam
856 3266 1030 3318 spem,
1076 3260 1122 3304 et
1161 3251 1439 3303 adventum
1467 3249 1650 3320 glorite
1685 3252 1860 3320 magni

286 3339 375 3392 Dei
420 3351 469 3392 et
518 3339 809 3393 Saluatoris
860 3350 1022 3392 nostri
1067 3339 1193 3393 Iesu
1230 3338 1449 3405 Christi,
1476 3340 1566 3409 qui
1597 3340 1739 3392 dedit
1781 3357 1860 3394 se-

285 3428 556 3494 metipsum
583 3444 678 3496 pro
708 3427 879 3490 nobis,
905 3436 960 3479 ut
987 3444 1078 3480 nos
1108 3428 1378 3481 redimeret
1405 3428 1470 3480 ab
1503 3429 1642 3481 omni
1671 3429 1860 3498 iniqui-

288 3527 408 3579 tate,
431 3528 480 3570 et
512 3519 788 3571 mandaret
819 3519 919 3571 sibi
949 3518 1195 3587 populum
1218 3517 1605 3588 acceptabilem,
1632 3529 1859 3572 sectato-

289 3622 388 3657 rem
409 3607 664 3659 bonorum
684 3623 900 3674 operum
929 3606 1054 3676 (Tit.
1083 3608 1181 3676 1t);
1215 3617 1412 3661 uteum
1435 3608 1642 3662 venerit
1664 3609 1718 3660 in
1747 3622 1862 3662 ma-

285 3695 472 3761 jeslate
500 3712 598 3749 sua
627 3711 749 3749 cum
793 3705 1101 3749 sanctorum
1141 3697 1453 3766 angelorum
1485 3695 1740 3761 millibus,
1761 3711 1860 3767 pro

288 3787 435 3840 benis
463 3786 739 3841 laboribus
767 3795 822 3841 et
856 3796 1039 3840 sancta
1062 3788 1469 3842 conversatione
1499 3787 1685 3843 reddat
1706 3788 1861 3844 nobis

287 3877 500 3943 pncntia
524 3877 650 3930 Viue
673 3887 889 3931 teter-nte
914 3878 1113 3946 potius,
1135 3892 1296 3946 quam
1313 3893 1408 3946 pro
1423 3877 1690 3933 desiderio
1701 3888 1755 3933 et
1771 3894 1862 3933 vo-

289 3965 488 4034 lnptate
517 3967 799 4034 praesentis
821 3968 942 4022 vitm
964 3970 1260 4022 cruciatum
1293 3971 1555 4024 retribuat
1583 3970 1862 4038 sempiter-

289 4073 429 4119 num,
455 4057 550 4126 qui
569 4077 582 4108 ι
604 4058 872 4113 veraciter
897 4058 964 4114 de
985 4074 1050 4113 eo
1083 4059 1340 4129 scriptum
1370 4069 1453 4114 est
1487 4061 1629 4130 quod
1671 4061 1860 4116 reddat

289 4148 508 4217 singulis
535 4151 830 4203 secundum
887 4165 1048 4219 opera
1093 4166 1210 4215 sua,
1247 4151 1406 4206 Jesus
1434 4153 1680 4207 videlicet
1705 4151 1857 4207 Chri-

288 4251 396 4291 stus
426 4240 685 4293 Dominus
707 4250 909 4304 uoster,
935 4242 1028 4310 qui
1053 4257 1176 4297 cum
1200 4243 1362 4298 Patre
1405 4252 1458 4298 et
1502 4244 1705 4313 Spiritu
1742 4259 1863 4299 san-

287 4338 368 4381 cto
394 4329 526 4381 vivit
550 4340 606 4382 et
641 4337 830 4399 regnat
855 4331 1015 4396 Deus,
1051 4346 1148 4399 per
1190 4331 1370 4387 omnia
1418 4333 1612 4387 szccula
1640 4334 1863 4389 satculo-

289 4433 422 4470 run.
459 4419 649 4472 Amen.

879 4509 1154 4566 [IOMILIA
1189 4511 1275 4565 LI.

578 4613 646 4650 DE
677 4613 1049 4654 IISEBICOBDIA
1082 4618 1153 4655 ΕΤ
1180 4617 1558 4658 ικυυιϐεκτιει.

352 4685 497 4742 later
523 4691 705 4742 omnia
735 4691 928 4758 quibus
958 4692 1190 4745 humana
1224 4694 1334 4746 vita
1372 4694 1592 4763 indiget,
1621 4692 1858 4748 maxime

289 4779 590 4832 necessaria
621 4788 705 4833 cst
732 4781 1120 4846 misericordia,
1143 4783 1268 4850 quia
1294 4797 1496 4852 quanto
1519 4783 1757 4854 fragilior
1775 4792 1860 4838 est

290 4878 536 4938 corrupta
568 4877 777 4932 natura,
836 4879 984 4924 tanto
1023 4870 1227 4938 majore
1277 4872 1478 4941 indiget
1521 4871 1856 4942 providentia

290 4956 560 5025 beneﬁcii;
601 4968 656 5013 et
691 4960 832 5025 ideo,
863 4960 1077 5021 fratres,
1110 4961 1234 5028 quia
1264 4961 1380 5016 sine
1409 4963 1508 5016 bac
1534 4962 1642 5015 vita
1676 4969 1859 5016 nostra

290 5047 580 5101 subsistere
626 5063 732 5102 non
778 5058 973 5116 potest,
1030 5049 1305 5104 discamus
1333 5051 1599 5118 quomodo
1655 5051 1708 5103 in
1761 5066 1862 5104 nos

291 5137 515 5204 primum
545 5136 784 5191 divinam
811 5151 1159 5204 provocemus
1183 5138 1544 5205 clementiam,
1581 5148 1639 5192 ut
1664 5153 1868 5212 secun-_

289 5229 410 5283 dum
468 5230 868 5285 multitudinem
929 5230 1332 5284 miserationum
1391 5245 1610 5284 suarum
1663 5239 1862 5284 nostra:

289 5320 516 5374 miseria:
544 5320 839 5375 subvenire
875 5321 1143 5389 dignetur,
1185 5330 1453 5389 quatenus
1483 5322 1536 5374 in
1577 5322 1859 5390 praesentis

289 5412 407 5464 vita
451 5426 608 5466 cursu
644 5411 884 5464 vitemus
938 5421 1133 5464 nostra:
1168 5409 1358 5465 salutis
1405 5411 1681 5473 damnum,
1719 5419 1771 5464 et
1804 5411 1858 5463 in

292 5499 464 5554 futuro
505 5501 788 5555 interitum
841 5500 1108 5567 possimus
1145 5500 1374 5554 evadere
1408 5507 1746 5570 perpetuum.
1779 5499 1861 5553 Ad

292 5588 385 5642 boc
427 5591 568 5644 enim
625 5590 1050 5660 impetrandum,
1107 5590 1458 5654 dilectissimi,
1513 5591 1654 5645 sicut
1706 5589 1862 5644 nobis

292 5679 555 5752 Scriptura
587 5696 750 5738 sacra
796 5679 1052 5743 ostendit,
1081 5681 1407 5750 prtecipuum
1443 5689 1524 5736 est
1555 5680 1859 5735 miscricor-

1883 4473 1934 4530 D

1963 3264 2066 3318 est,
2099 3255 2188 3323 qui
2221 3271 2250 3308 a
2287 3255 2464 3323 seipso
2491 3253 2701 3322 incipit,
2751 3261 2805 3306 ct
2855 3267 2913 3307 se
2958 3252 3242 3323 diligenter
3282 3253 3536 3318 custodit,

1967 3359 2036 3398 ne
2077 3344 2334 3412 puniatur
2361 3359 2484 3398 cum
2515 3342 2747 3408 diabolo,
2803 3350 2857 3396 et
2879 3344 2956 3397 sic
2986 3344 3105 3398 aliis
3147 3353 3365 3412 prmstet
3395 3345 3538 3414 quod

1962 3433 2064 3487 sibi
2095 3433 2294 3487 bonum
2321 3447 2441 3487 esse
2487 3433 2766 3501 prospicit.
2809 3431 2912 3488 Per
2943 3433 3324 3503 indulgentiam
3354 3443 3534 3488 autem

1961 3521 2146 3577 docuit
2185 3537 2284 3577 nos
2320 3522 2579 3577 Dominus
2617 3523 2886 3591 quomodo
2933 3524 3199 3592 possimus
3250 3525 3537 3593 impetrare

1962 3614 2384 3668 misericordiam
2424 3615 2490 3666 ab
2527 3612 2645 3673 illo,
2685 3629 2805 3666 cum
2859 3613 2911 3665 in
2961 3612 3248 3679 Evangelio
3297 3613 3408 3664 ait:
3441 3612 3535 3664 Di-

1962 3699 2184 3760 mittite,
2206 3708 2253 3751 et
2275 3699 2564 3752 dimittetur
2583 3696 2726 3750 vobis
2750 3694 2902 3765 (Luc.
2926 3712 2977 3750 vt
2996 3714 3010 3760 ;
3031 3695 3219 3748 Matth.
3253 3692 3339 3759 v);
3367 3693 3532 3749 item:

1961 3787 2018 3842 Si
2046 3787 2354 3840 dimiseritis
2406 3787 2700 3839 hominibus
2730 3797 2943 3853 peccata
2993 3804 3196 3852 eorum,
3220 3787 3446 3840 dimittet
3485 3798 3533 3840 et

1959 3881 2102 3934 vobis
2125 3878 2289 3932 Pater
2317 3889 2483 3932 vester
2515 3878 2742 3932 ctzlcstis
2763 3888 2978 3948 peccata
3008 3888 3216 3940 vestra,-
3254 3877 3299 3930 si
3325 3893 3425 3928 non
3449 3878 3535 3929 di-

1959 3971 2209 4025 miseritis
2235 3969 2551 4036 hominibus,
2575 3987 2666 4025 nec
2689 3969 2850 4023 Pater
2872 3980 3036 4023 vester
3051 3969 3268 4024 caelestis
3308 3969 3536 4022 dimittet

1961 4063 2102 4117 vobis
2129 4074 2341 4131 peccata
2381 4073 2551 4118 vestra
2594 4063 2818 4132 (Matth.
2845 4067 2944 4134 vi).
2995 4063 3119 4116 llaec
3153 4077 3373 4131 quoque
3415 4076 3539 4114 vera

1959 4157 2232 4211 sententia
2255 4171 2505 4222 magnam
2533 4172 2700 4222 super
2718 4174 2817 4211 ttns
2833 4155 3260 4212 misericordiam
3281 4168 3434 4208 sonat
3458 4153 3540 4207 bis

1949 4240 2052 4309 qui
2095 4253 2215 4294 eam
2261 4244 2407 4292 recte
2457 4235 2756 4307 intelligere
2784 4246 3026 4306 possunt.
3055 4235 3220 4305 Igitur
3249 4251 3313 4288 ex
3345 4244 3528 4288 nostro

1954 4331 2160 4401 judicio
2181 4331 2390 4399 iudicat
2421 4347 2520 4385 nos
2558 4333 2734 4386 Deus:
2769 4331 3162 4399 quodammodo
3191 4329 3240 4382 in
3269 4335 3532 4397 potestate

1962 4431 2146 4476 nostra
2188 4432 2272 4475 cst
2310 4421 2577 4488 quomodo
2598 4420 2902 4489 judicemur
2929 4435 2956 4472 a
2981 4418 3180 4487 judice.
3223 4413 3282 4471 Si
3311 4415 3524 4470 miscri-

1959 4507 2519 4575 corditcrjudiccmus
2562 4509 2626 4561 de
2654 4507 2706 4560 in
2734 4521 2830 4560 nos
2869 4504 3321 4574 delinquentibus,
3359 4504 3524 4557 mise-

1960 4601 2247 4655 ricorditer
2286 4597 2496 4667 judicat
2524 4598 2666 4650 Deus
2705 4597 2772 4650 de
2799 4596 2952 4651 nobis
2978 4596 3031 4649 in
3075 4609 3134 4650 se
3159 4595 3528 4664 peccantibus.

1958 4689 2304 4744 lntendamus
2329 4703 2457 4757 ergo
2507 4687 2560 4740 in
2607 4686 2909 4754 exemplum
2960 4686 3121 4751 illius,
3168 4685 3308 4738 sicut
3345 4685 3531 4738 doctor

1961 4780 2197 4849 gentium
2244 4794 2342 4834 nos
2369 4779 2663 4832 admonens
2712 4777 2789 4830 ait
2815 4773 3037 4845 (Coloss.
3066 4773 3180 4841 tu);
3217 4773 3415 4827 Donate
3436 4791 3523 4827 ro-

1961 4869 2296 4937 bismetipsis,
2329 4869 2372 4922 si
2396 4868 2511 4938 quis
2533 4867 2778 4920 adversus
2809 4865 3030 4935 aliquem
3057 4864 3208 4917 habet
3246 4862 3532 4934 querelam,

1963 4962 2096 5013 sicut
2126 4959 2264 5013 Deus
2291 4960 2343 5012 in
2379 4957 2582 5013 Christo
2608 4956 2816 5010 donavit
2847 4957 3006 5022 vobis,
3055 4957 3127 5007 ita
3152 4965 3200 5008 et
3242 4971 3328 5008 vos
3351 4954 3530 5022 facite,

1969 5050 2073 5103 boc
2100 5058 2198 5110 est,
2233 5049 2499 5117 quomodo
2529 5047 2668 5100 Deus
2693 5045 2746 5098 in
2773 5045 2987 5098 Christo
3013 5044 3166 5097 nobis
3195 5051 3411 5112 peccata
3434 5043 3531 5093 do-

1970 5139 2131 5201 navit,
2161 5139 2238 5192 sic
2278 5138 2437 5192 etiam
2462 5150 2560 5189 nos
2585 5134 2676 5206 qui
2707 5135 2760 5188 in
2787 5149 2885 5188 nos
2911 5141 3158 5203 peccant,
3183 5131 3532 5186 dimittamus.

1967 5230 2098 5283 ltcm
2134 5229 2258 5282 alibi
2284 5229 2423 5282 idem
2465 5225 2753 5295 Apostolus
2780 5226 2856 5279 ait
2881 5222 3052 5294 (Rom.
3083 5221 3181 5292 xu)
3209 5239 3222 5275 :
3250 5219 3400 5275 Nulli
3425 5235 3535 5272 ma-

1968 5319 2074 5371 lum
2102 5335 2195 5388 pro
2223 5317 2360 5370 malo
2407 5317 2673 5370 reddentes
2698 5333 2716 5379 ;
2738 5325 2792 5370 et
2813 5315 2998 5369 eodem
3031 5314 3146 5368 loco
3178 5327 3192 5364 :
3247 5311 3372 5365 Noli
3403 5309 3536 5362 vinci

1968 5409 2182 5468 amalo,
2222 5407 2311 5460 sed
2360 5408 2505 5460 vince
2553 5407 2606 5458 in
2659 5405 2789 5458 bono
2834 5403 3050 5456 malum.
3109 5399 3394 5456 Sciendum
3453 5408 3538 5452 est

1967 5498 2262 5554 certissime
2286 5497 2425 5566 quod
2455 5495 2818 5564 unusquisque
2846 5494 3003 5548 talem
3029 5489 3408 5560 indulgentiam
3441 5503 3534 5543 ac—

1968 5599 2219 5659 cepturus
2244 5600 2327 5642 est
2351 5603 2380 5640 a
2413 5586 2542 5651 Deo,
2586 5585 2797 5655 qualetn
2829 5593 2885 5637 et
2915 5583 3025 5652 ipse
3054 5579 3260 5634 dederit
3286 5577 3535 5648 proximo

1969 5696 2083 5736 suo.
2128 5678 2277 5733 'func
2321 5680 2495 5733 oratio
2544 5685 2724 5730 nostra
2778 5689 2876 5742 pro
2929 5670 3161 5740 peccatis
3217 5670 3417 5724 nostris
3469 5671 3534 5727 ad
