4040 6188
2808 156 2833 177 Ι

503 352 575 413 95
1135 355 1198 411 Β.
1238 354 1493 411 RABANI
1532 355 1752 413 MAURI
1787 353 2105 412 ARClllEP.
2148 351 2455 410 MOGUNT.
2499 352 3003 412 OPERUM'PARS
3039 356 3101 413 ll.
3686 369 3760 423 9t;

502 481 664 523 aures
687 462 1071 536 omnipotentis
1097 466 1193 523 Dei
1220 470 1328 523 cito
1356 468 1654 539 perveniet,
1681 470 1727 524 si
1756 466 2073 538 delinquen-
2098 479 2146 538 Α
2174 475 2437 536 praecepta
2466 469 2807 524 servantibus
2855 473 3203 528 custodienda
3228 481 3334 541 est,
3362 491 3470 533 non
3502 492 3628 535 cum
3648 482 3757 538 int-

502 558 639 612 tium
685 573 874 627 preces
900 559 955 613 in
1000 559 1200 614 nostris
1225 561 1446 615 auribus
1492 560 1851 630 acceptabiles
1893 569 2070 615 erunt.

502 648 605 713 Qui
634 647 927 702 clementer
956 650 1303 718 peccantibus
1326 649 1605 721 ignoscere
1628 651 1797 715 novit,
1833 650 2073 705 clemen-

501 738 635 791 tiam
687 737 880 790 divinae
923 738 1142 807 pietatis
1189 740 1488 794 certissime
1531 740 1781 810 accipiet.
1827 740 1981 796 Unde
2019 748 2076 796 ct

499 826 757 895 scriptum
777 834 863 881 est
889 844 903 881 :
933 827 1037 893 Qui
1054 844 1248 899 pronus
1271 839 1345 882 est
1375 831 1445 882 ad
1472 829 1904 895 misericordiam,
1926 830 2077 884 bene-

496 914 755 968 dicetura
785 915 1007 970 Domino
1054 915 1236 989 (Prov.
1263 919 1418 990 χχιι).
1460 918 1551 974 Sic
1594 920 1739 973 enim
1785 918 2076 974 remittitur

500 1006 657 1060 nobis
690 1014 750 1059 ut
782 1022 882 1061 nos
911 1008 1279 1062 remiserimus
1320 1009 1403 1064 eis
1429 1010 1523 1080 qui
1562 1010 1719 1065 nobis
1756 1025 2075 1080 quacunque

500 1095 833 1166 malignitate
854 1106 1171 1152 nocuerunt.
1190 1097 1354 1154 Multa
1380 1099 1560 1168 itaque
1574 1107 1699 1153 sunt
1711 1114 1905 1169 genera
1920 1101 2076 1155 mise-

500 1189 791 1252 rationum,
808 1204 1062 1257 quaecum
1076 1188 1325 1256 facimus,
1341 1190 1658 1262 adjuvamur
1673 1199 1730 1245 ut
1741 1191 2075 1247 dimittantur

499 1286 657 1341 nobis
682 1295 866 1341 nostra
890 1294 1106 1356 peccata
1135 1304 1148 1341 :
1176 1287 1271 1342 sed
1298 1302 1363 1342 ea
1395 1287 1530 1342 nihil
1550 1296 1634 1343 est
1660 1286 1857 1356 majus,
1880 1302 1985 1356 qua
2006 1302 2073 1343 ex

498 1378 663 1432 corde
690 1378 1012 1433 dimittimus
1037 1378 1180 1447 quod
1203 1379 1432 1448 quisque
1455 1381 1736 1449 peccavit:
1771 1394 1877 1433 non
1900 1378 2072 1433 solum

504 1468 651 1521 enim
682 1468 776 1536 qui
805 1469 898 1521 dat
922 1469 1179 1523 esurienti
1205 1469 1407 1533 cibum,
1440 1469 1643 1524 sitienti
1692 1477 1897 1538 potum,
1929 1468 2073 1523 nudo

501 1563 907 1627 vestimentum,
936 1562 1302 1632 peregrinanti
1329 1563 1641 1632 hospitium,
1674 1570 1730 1616 et
1750 1570 1946 1615 ctetcra
1970 1560 2072 1614 hu-

494 1654 765 1723 jusmodi;
825 1668 1010 1706 verum
1067 1654 1229 1708 etiam
1278 1655 1370 1722 qui
1420 1655 1514 1707 dat
1566 1654 1774 1706 veniam
1805 1652 2070 1721 peccanti,

500 1740 896 1810 cleemosynam
930 1741 1053 1805 dat;
1090 1751 1144 1794 et
1169 1741 1261 1810 qui
1292 1742 1542 1796 emendat
1575 1740 1800 1796 verbere
1832 1741 1884 1794 iu
1912 1755 2070 1810 quem

2172 558 2294 626 quis
2321 566 2376 612 et
2423 559 2741 628 sceleratis,
2779 562 2869 633 qui
2915 577 3107 633 pacem
3162 564 3305 622 inter
3330 583 3391 624 se
3437 570 3640 625 habent
3692 573 3759 628 in
3850 630 3853 631 ,

2172 649 2410 716 peccatis
2445 649 2578 703 suis.
2614 647 2722 703 Pax
2762 650 2960 707 Christi
2996 653 3065 708 ad
3106 654 3335 710 salutem
3365 660 3755 729 sempiternam

2172 735 2407 804 proiicit,
2436 752 2539 806 pax
2578 754 2697 807 quae
2726 740 2780 793 in
2808 741 3021 798 diabolo
3057 752 3142 798 est
3186 746 3253 799 ad
3282 760 3596 817 perpetuam
3626 765 3756 821 per-

2174 828 2321 881 venit
2341 828 2716 897 perditionem.
2747 830 2859 885 Pax
2884 848 3005 886 cum
3026 833 3180 893 bonis
3199 844 3254 891 et
3280 838 3626 894 bellumeum
3658 842 3751 895 vi-

2175 915 2265 969 tiis
2284 930 2498 985 semper
2524 917 2768 973 habenda
2804 929 2929 975 est:
2968 922 3108 976 mala
3156 924 3422 995 siquidem
3466 928 3759 983 hominum

2175 1006 2482 1076 impiorum,
2526 1010 2652 1064 odio
2700 1010 2944 1067 habenda
2972 1023 3130 1081 sunt;
3174 1031 3298 1071 nam
3337 1017 3583 1074 homines
3622 1020 3752 1089 ipsi,

2172 1098 2420 1165 quamvis
2453 1099 2581 1153 mali
2613 1099 2721 1155 sint
2742 1141 2757 1167 ,
2789 1103 3003 1156 amandi
3039 1112 3183 1170 sunt,
3214 1105 3339 1177 quia
3371 1115 3619 1162 creatura
3653 1107 3757 1163 Dei

2169 1195 2300 1245 sunt
2330 1205 2343 1241 :
2371 1204 2475 1257 pax
2508 1204 2638 1245 vero
2685 1206 2803 1260 quae
2829 1192 2884 1245 in
2930 1192 3085 1248 bonis
3121 1202 3225 1258 est,
3276 1197 3617 1253 concordiam
3639 1196 3755 1252 fra-

2177 1286 2318 1331 trum
2354 1289 2409 1333 et
2440 1280 2759 1334 charitatem
2798 1284 3012 1351 copulat
3052 1285 3438 1352 proximorum.
3481 1286 3592 1340 Pax
3632 1287 3756 1357 Spi-

2175 1369 2337 1422 ritum
2383 1370 2479 1424 Dei
2531 1370 2835 1440 specialiter
2886 1383 3254 1441 promeretur,
3303 1392 3410 1446 pax
3443 1377 3753 1434 dilectionis

2173 1468 2349 1514 mater
2379 1470 2495 1528 est,
2547 1476 2653 1531 pax
2701 1462 2959 1519 indicium
3006 1473 3090 1519 est
3137 1467 3482 1534 sanctitatis,
3523 1468 3591 1523 de
3637 1484 3755 1538 qua

2174 1550 2433 1606 Dominus
2478 1567 2577 1621 per
2628 1554 2946 1622 prepbetam
2992 1555 3112 1609 ait:
3163 1555 3351 1611 Pacem
3384 1568 3433 1612 et
3475 1559 3756 1613 ceritatem

2171 1640 2371 1710 diligite
2386 1640 2572 1713 (Zuclt.
2598 1643 2738 1712 vin).
2764 1643 2897 1710 Pax,
2920 1645 3091 1715 plebis
3123 1648 3346 1715 sanitas,
3373 1647 3542 1720 gloria
3566 1662 3753 1703 sacer-

2173 1732 2314 1787 dotis
2340 1742 2396 1789 et
2415 1732 2604 1803 patria:
2637 1733 2840 1800 laetitia,
2871 1742 2926 1788 et
2955 1743 3131 1790 terror
3165 1737 3401 1792 hostium
3453 1737 3567 1792 sive
3616 1737 3754 1792 visi-

500 1837 742 1899 potestas
775 1830 954 1895 datur,
983 1828 1065 1884 vel
1095 1837 1311 1885 coercet
1357 1826 1639 1899 disciplina
1670 1829 1871 1897 aliqua,
1905 1837 1960 1883 et
1995 1841 2074 1881 ta-
2102 1843 2148 1901 Β
2175 1822 2360 1877 bilium
2406 1823 2523 1878 sive
2564 1823 2931 1879 invisibilium.
2961 1823 3223 1881 Omnibus
3256 1825 3460 1881 viribus
3502 1842 3609 1898 pax
3660 1834 3755 1883 est

500 1934 621 1971 men
653 1926 930 1988 peccatum
961 1918 1078 1987 ejus
1110 1920 1198 1988 qui
1223 1921 1291 1973 ab
1320 1918 1410 1972 illo
1434 1918 1594 1972 laesus
1614 1927 1706 1971 aut
1731 1918 1971 1973 olfensus
1989 1928 2074 1971 est

500 2010 725 2063 dimittit
754 2024 818 2064 ex
848 2010 1030 2075 corde,
1069 2010 1152 2063 vel
1188 2018 1309 2063 orat
1337 2019 1396 2064 ut
1422 2010 1473 2064 ci
1504 2011 1829 2072 dimittatur,
1854 2024 1958 2063 non
1990 2022 2078 2062 so—

502 2101 612 2151 lum
640 2099 694 2152 in
724 2114 789 2153 eo
824 2099 965 2168 quoi
992 2100 1215 2152 dimittit
1261 2108 1423 2169 atque
1450 2108 1589 2164 orat,
1620 2114 1804 2153 verum
1831 2100 1993 2152 etiam
2020 2099 2075 2152 in

504 2204 570 2242 eo
593 2189 736 2258 quod
756 2189 980 2258 corripit
1014 2198 1069 2243 et
1096 2188 1272 2257 aliqua
1296 2188 1664 2243 cmendatoria
1691 2201 1850 2257 pmna
1871 2186 2071 2258 plectit,

502 2279 766 2348 clecmosy
776 2293 899 2331 nam
917 2278 1025 2341 dat,
1049 2278 1174 2347 quia
1190 2278 1615 2334 misericordiam
1632 2285 1872 2346 prtestat.
1895 2276 2078 2330 Proin-

503 2372 589 2435 de,
640 2370 854 2435 fratres,
907 2354 1130 2425 obsecro
1169 2378 1228 2423 ut
1282 2378 1408 2425 ante
1455 2371 1637 2425 omnia
1693 2368 2077 2423 misericordia:

498 2476 724 2531 operam
748 2463 905 2527 detis,
931 2470 986 2518 et
1020 2464 1071 2516 in
1103 2463 1511 2533 quibuscunque
1534 2464 1776 2533 possitis,
1801 2463 2075 2533 proximos

502 2561 717 2605 vestros
746 2551 1040 2620 adjuvetis;
1073 2554 1139 2605 ad
1169 2552 1548 2624 indulgendum
1575 2567 1789 2622 quoque
1819 2552 2077 2622 proximis

500 2642 698 2695 vestris
721 2641 916 2696 delicta
953 2656 1138 2696 eorum
1174 2643 1405 2712 prompti
1432 2643 1572 2707 sitis,
1626 2653 1685 2696 ut
1731 2651 2073 2711 peccatorum

500 2741 803 2785 vestrorum
836 2733 1044 2785 veniam
1095 2747 1192 2801 pro
1233 2732 1336 2786 hoc
1368 2732 1437 2786 ab
1482 2733 1851 2803 omnipotente
1890 2733 2076 2799 judice

501 2822 726 2892 adipisci
754 2823 1000 2889 valeatis,
1019 2831 1073 2877 et
1103 2824 1270 2877 vitam
1292 2832 1550 2877 aeternam
1573 2839 1697 2878 cum
1728 2824 1932 2880 sanctis
1960 2838 2077 2877 om-

502 2915 662 2969 nibus
688 2916 742 2968 in
768 2912 973 2970 ctelesti
1014 2930 1179 2986 regno
1213 2917 1598 2986 perpetualiter
1628 2917 1827 2972 habere
1869 2924 2075 2972 merea-

501 3003 675 3057 mini:
721 3013 1011 3073 praestante
1052 3004 1278 3059 Domino
1308 3017 1495 3061 nostro
1541 3006 1668 3062 Jesu
1696 3007 1931 3070 Christo,
1980 3006 2073 3076 qui

501 3109 624 3147 cum
647 3092 805 3147 Patre
827 3103 881 3147 et
909 3093 1109 3164 Spiritu
1133 3104 1323 3151 sancto
1348 3096 1483 3152 vivit
1508 3105 1564 3152 et
1592 3107 1781 3167 regnat
1813 3097 1952 3152 Deus
1975 3112 2074 3168 per

499 3183 683 3237 omnia
714 3183 908 3237 smcula
940 3183 1276 3238 saeculorum.
1317 3185 1511 3240 Amen.

1094 3292 1371 3363 llOMlLlA
1407 3295 1515 3351 ιιι.

976 3379 1044 3417 DE
1075 3381 1207 3421 PACE
1228 3381 1295 3420 ΕΤ
1326 3383 1582 3423 υΝιτΑτε.

573 3453 829 3526 Legimus
846 3456 899 3509 in
916 3455 1226 3527 Evangelio,
1243 3456 1440 3514 fratres
1454 3458 1779 3525 charissimi,
1795 3459 1934 3529 quod
1952 3458 2074 3515 Sal-

502 3552 661 3598 vator
687 3554 742 3599 et
779 3544 1037 3601 Dominus
1063 3556 1249 3603 noster
1272 3563 1397 3603 cum
1444 3549 1902 3619 appropinquaret
1953 3564 2076 3618 pas-

502 3637 664 3702 sioni,
690 3645 745 3691 et
792 3638 1077 3693 transitum
1113 3655 1268 3694 suum
1298 3641 1364 3695 de
1389 3641 1492 3695 hoc
1525 3641 1726 3695 mundo
1766 3641 1831 3695 ad
1861 3640 2075 3696 Patrem

500 3728 779 3799 discipulis
828 3731 1125 3785 insinuaret
1153 3770 1168 3797 ,
1199 3731 1342 3786 inter
1375 3731 1477 3785 alia
1532 3732 1694 3786 verba
1739 3745 1857 3801 qua:
1885 3732 1956 3787 ob
1991 3732 2075 3787 sui

501 3822 1070 3875 commemorationem
1110 3822 1320 3878 dilectis
1360 3824 1647 3880 comitibus
1703 3825 1815 3880 suis
1865 3825 2073 3895 impen-

502 3909 674 3973 derat,
711 3910 945 3963 maxime
971 3904 1134 3978 pacis'
1154 3911 1355 3966 bonum
1398 3923 1455 3967 et
1499 3914 1740 3979 unitatis,
1772 3915 1925 3984 quasi
1950 3928 2074 3985 spe-

501 3998 639 4053 ciale
688 4014 922 4063 munus,
974 3998 1079 4053 illis
1122 4003 1515 4057 commendarit
1540 4043 1556 4070 ,
1601 4005 1787 4060 dicens
1827 4022 1841 4058 :
1880 4004 2076 4060 Pacem

502 4104 669 4141 meam
698 4086 766 4141 do
796 4088 957 4152 vobis,
991 4105 1169 4158 pacem
1205 4090 1439 4162 relinquo
1477 4094 1617 4148 vobis
1651 4094 1831 4166 (Joan.
1856 4095 1988 4167 xxv),
2011 4111 2079 4152 ac

503 4180 550 4235 si
579 4180 800 4243 diceret,
830 4178 887 4233 In
917 4194 1048 4249 pace
1075 4196 1172 4236 vos
1195 4182 1394 4248 dimisi,
1422 4183 1475 4238 in
1498 4198 1633 4254 pace
1661 4200 1756 4239 vos
1783 4186 2073 4240 inveniam.

500 4268 858 4325 l’roticiscens
883 4270 1050 4325 voluit
1079 4271 1210 4327 dare
1242 4287 1362 4342 qua:
1388 4273 1735 4328 desiderabat
1772 4274 1987 4331 rediens
2020 4276 2074 4333 in

500 4359 1004 4416 onmibusinvenire
1027 4378 1042 4428 ;
1074 4362 1216 4417 hanc
1229 4363 1341 4418 suis
1359 4363 1730 4419 bzereditatem
1751 4365 1917 4433 dedit,
1935 4367 2074 4423 dona

499 4451 679 4505 omnia
729 4467 842 4508 suae
889 4452 1290 4524 pollicitationis
1335 4464 1391 4511 et
1415 4458 1636 4527 praemia
1677 4459 1731 4513 in
1765 4459 1914 4529 pacis
1944 4473 2076 4515 con-

502 4541 805 4596 versatione
832 4546 1079 4611 promisit
1106 4560 1124 4599 :
1149 4555 1312 4617 atque
1342 4548 1483 4614 ideo,
1510 4548 1725 4615 fratres,
1751 4550 1796 4604 si
1827 4551 2072 4608 hmredes

502 4627 701 4684 Christi
730 4646 848 4686 esse
869 4633 1130 4701 volumus,
1161 4638 1213 4691 in
1249 4638 1365 4707 ejus
1385 4654 1517 4709 pace
1548 4655 1766 4696 manere
1792 4642 2069 4699 debemus.

501 4719 697 4774 Pacem
739 4722 915 4787 nobis,
951 4723 1091 4778 sicut
1139 4727 1397 4795 audistis,
1427 4729 1674 4788 Christus
1720 4731 1907 4801 dedit;
1943 4748 2072 4789 con-

501 4814 694 4869 cordus
731 4823 891 4885 atque
937 4819 1218 4876 unanimes
1271 4838 1393 4877 esse
1436 4825 1722 4895 praecepit,
1771 4826 2073 4883 dilectionis

500 4912 558 4957 et
603 4905 888 4962 charitatis
959 4907 1163 4963 fmdera
1234 4911 1545 4983 incorrupta
1598 4925 1760 4986 atque
1817 4916 2070 4972 inviolata

502 4994 807 5061 mandavit;
855 4995 1005 5065 cujus
1029 5000 1180 5068 pacis
1216 5014 1565 5069 ornamenta,
1601 5005 1922 5062 mirabiliter
1967 5006 2073 5063 alio

499 5082 736 5136 ostendit
764 5084 881 5140 loco
903 5087 1090 5144 dicens
1122 5113 1135 5142 .-
1169 5090 1319 5145 Beati
1333 5094 1561 5162 paciﬁci,
1583 5096 1831 5165 quoniam
1853 5096 1954 5166 ﬁlii
1977 5098 2073 5152 Dei

499 5171 820 5226 vocabuntur
861 5176 1074 5249 (Matt/1.
1098 5178 1172 5252 v).
1209 5180 1288 5235 En
1321 5182 1461 5238 (ilius
1492 5185 1587 5239 Dei
1633 5185 1825 5257 incipit
1868 5189 2071 5254 vocari,

499 5264 591 5337 qui
623 5266 880 5334 paciﬁcus
932 5284 1052 5326 esse
1096 5271 1209 5341 jam
1236 5273 1428 5342 coepit;
1470 5291 1576 5330 non
1629 5277 1770 5333 ﬁlius
1798 5278 1933 5345 dici,
1981 5279 2073 5349 qui

499 5369 691 5428 pacem
746 5359 917 5415 noluit
957 5363 1236 5433 amplecti;
1278 5376 1437 5436 negat
1485 5368 1585 5423 sibi
1624 5370 1838 5427 Patrem
1881 5372 2067 5438 Deum,

498 5447 593 5515 qui
617 5448 876 5518 paciﬁcus
913 5467 1035 5508 esse
1063 5458 1377 5512 contemnit.
1408 5457 1667 5516 Paciﬁcos
1704 5478 1833 5536 ergo
1861 5472 2074 5534 oportet

500 5553 621 5594 esse
648 5540 745 5596 Dei
772 5542 912 5600 filios
948 5546 1111 5602 corde
1138 5547 1327 5616 mites,
1374 5566 1620 5607 sermone
1649 5555 1942 5624 simplices,
1987 5556 2071 5610 af-

499 5627 732 5687 factione
778 5638 1093 5705 concordes,
1145 5639 1374 5697 fideliter
1411 5643 1513 5697 sibi
1564 5646 1936 5704 unanimitatis
1974 5666 2069 5705 ne-

504 5713 661 5771 xibus
686 5722 1035 5785 cohmrcntcs.
1067 5730 1172 5785 Sed
1216 5733 1329 5787 hanc
1359 5748 1462 5802 pax
1500 5748 1620 5788 cum
1667 5735 1821 5792 bonis
1871 5748 1926 5795 ct
1975 5739 2072 5798 Dei

2097 4509 2152 4569 D

2173 1914 2546 1982 custodienda,
2570 1913 2783 1980 fratres,
2818 1916 2942 1984 quia
2970 1931 3181 1987 semper
3205 1917 3260 1972 in
3289 1917 3513 1974 Domino
3532 1928 3753 1986 manet,

2173 2005 2265 2074 qui
2294 2006 2347 2059 in
2375 2019 2507 2075 pace
2539 2015 2726 2062 sancta
2763 2015 2946 2061 manet
2973 2015 3028 2061 et
3054 2022 3177 2061 cum
3210 2008 3416 2065 sanctis
3450 2008 3546 2065 Dei
3571 2010 3755 2064 socie-

2175 2103 2340 2150 tatem
2365 2097 2546 2151 hahet.
2580 2097 2890 2153 Sacerdotis
2912 2106 2996 2154 est
3021 2098 3075 2152 in
3119 2113 3256 2169 pace
3280 2099 3536 2170 populum
3563 2102 3759 2156 admo—

2172 2199 2303 2237 nere
2328 2185 2457 2251 quid
2483 2185 2673 2240 debeat
2692 2200 2881 2256 agere,
2911 2186 3092 2257 populi
3133 2197 3217 2241 est
3244 2188 3296 2241 in
3329 2188 3626 2243 humilitate
3655 2204 3761 2242 au-

2174 2274 2290 2328 dire
2342 2289 2461 2342 qua:
2519 2282 2705 2330 mouet
2755 2278 3027 2330 sacerdos.
3083 2275 3352 2346 Quidquid
3415 2290 3522 2330 non
3575 2277 3705 2331 licet
3736 2316 3757 2342 ,

2173 2366 2407 2431 pastoris
2431 2373 2515 2419 est
2544 2365 2833 2435 pronibere
2860 2380 2929 2421 ne
2956 2366 3045 2421 tiat
3069 2406 3085 2433 ,
3112 2365 3286 2436 plebis
3317 2376 3401 2421 est
3427 2367 3649 2431 audire,
3682 2382 3758 2420 ne

2173 2456 2356 2509 faciat.
2386 2454 2562 2525 Atque
2594 2455 2816 2511 unitatis
2842 2457 3113 2511 vinculum
3139 2471 3331 2511 omnes
3361 2457 3579 2523 debent,
3602 2472 3756 2526 pra:-

2172 2544 2266 2599 lati
2298 2545 2456 2599 simul
2497 2554 2554 2600 et
2580 2545 2798 2612 subditi,
2841 2546 2896 2601 in
2922 2548 3029 2602 fide
3056 2557 3112 2603 et
3137 2547 3421 2603 dilectione
3444 2562 3540 2618 per
3567 2548 3757 2604 omnia

2173 2650 2415 2701 servare,
2444 2637 2569 2706 quia
2610 2636 2728 2691 sine
2771 2651 2904 2706 pace
2941 2652 3050 2692 non
3101 2639 3394 2710 suscipitur
3444 2640 3752 2694 sacerdotis

2174 2730 2350 2785 oratio
2374 2744 2475 2785 nec
2499 2729 2669 2800 plebis
2697 2730 2917 2786 oblatio.
2951 2729 3011 2785 Si
3045 2746 3174 2802 ergo
3204 2731 3452 2789 volumus
3490 2732 3759 2787 velociter

2175 2837 2205 2875 a
2232 2822 2343 2876 Deo
2366 2822 2627 2889 exaudiri,
2643 2830 2698 2877 et
2724 2831 3001 2894 gratanter
3018 2838 3244 2879 munera
3266 2832 3451 2879 nostra
3480 2824 3549 2879 ab
3568 2837 3635 2879 eo
3659 2838 3759 2878 ac-

2173 2912 2302 2982 cipi,
2331 2913 2586 2968 debemus
2615 2914 2800 2983 utique
2825 2914 2881 2969 in
2910 2929 3043 2985 pace
3068 2915 3398 2980 conversari,
3424 2915 3494 2971 de
3517 2930 3625 2985 qua
3651 2931 3761 2970 nos

2175 3002 2291 3072 ipsa
2319 3002 2527 3058 Veritas
2550 3002 2818 3058 instruere
2858 3004 3077 3074 dignata
3103 3012 3190 3060 est
3215 3021 3230 3058 :
3260 3002 3319 3060 Si
3347 3004 3529 3075 afen,
3549 3005 3758 3074 inquit,

2175 3108 2363 3147 munus
2384 3102 2532 3149 tuum
2554 3102 2673 3147 ante
2703 3093 2892 3162 altare,
2922 3103 2970 3149 et
2993 3095 3065 3149 ibi
3099 3095 3401 3149 recordatus
3436 3096 3603 3166 fueris
3620 3097 3758 3166 quia

2101 3178 2146 3238 C
2177 3181 2346 3249 frater
2378 3190 2499 3236 tuus
2537 3181 2690 3237 habet
2722 3181 2923 3255 aliquid
2962 3184 3236 3240 adversum
3275 3195 3324 3240 te
3346 3225 3363 3254 ,
3409 3186 3637 3258 relinque
3675 3188 3758 3241 ibi

2175 3285 2364 3325 munus
2382 3279 2530 3324 tuum
2542 3281 2663 3327 ante
2677 3271 2866 3340 altare,
2881 3283 2929 3328 et
2951 3274 3078 3329 vade
3090 3276 3236 3346 prius
3256 3275 3581 3331 reconciliati
3590 3277 3759 3348 fratri

2173 3367 2287 3425 tuo,
2306 3369 2354 3413 et
2388 3369 2513 3414 tunc
2555 3364 2779 3429 veniens,
2802 3363 2992 3434 oderas
3018 3380 3207 3420 munus
3248 3375 3397 3422 tuum
3418 3365 3636 3438 (Matth.
3668 3369 3755 3442 v),

2175 3449 2313 3517 Quia
2339 3464 2469 3522 ergo
2515 3454 2779 3509 unitatem
2822 3463 3064 3509 nostram
3110 3463 3166 3510 et
3213 3458 3554 3512 concordiam
3604 3457 3759 3513 Deus

2174 3540 2462 3607 desiderat,
2512 3544 2747 3597 ostendit
2792 3543 2908 3613 ipse
2935 3544 3183 3600 Salvator
3231 3546 3286 3601 in
3317 3547 3630 3619 Evangelio,
3676 3549 3758 3603 ad

2172 3630 2393 3685 Patrem
2422 3633 2500 3687 ita
2536 3632 2765 3703 loquens
2795 3652 2809 3688 :
2839 3635 3018 3704 Pater,
3048 3637 3243 3708 inquit,
3270 3647 3469 3704 sancte,
3493 3656 3639 3694 serva
3660 3656 3758 3696 eos

2175 3720 2230 3774 in
2252 3720 2457 3775 nomine
2471 3732 2584 3788 tuo,
2605 3739 2734 3793 quos
2755 3724 2944 3779 dedisti
2968 3727 3117 3793 mihi,
3140 3738 3195 3782 ut
3209 3730 3313 3783 sint
3344 3744 3505 3783 unum
3525 3730 3660 3783 sicut
3687 3740 3747 3784 et

2175 3829 2270 3867 nos
2298 3813 2476 3886 (Joan.
2510 3818 2666 3887 xvn).
2694 3814 2847 3873 Unde
2865 3826 2921 3873 et
2946 3818 3235 3889 Apostolus
3257 3818 3442 3877 fideles
3475 3820 3758 3889 hortatur,

2175 3904 2400 3961 dicens:
2431 3905 2655 3962 Obsecro
2689 3924 2801 3973 vos,
2832 3908 3045 3979 fratres,
3080 3921 3137 3965 ut
3178 3911 3403 3983 idipsunt
3434 3913 3675 3984 sapiutis,
3699 3923 3759 3968 et

2174 4013 2338 4052 unum
2373 3999 2560 4053 dicatis
2598 4014 2774 4055 omnes
2813 4000 3033 4074 (Philip.
3063 4003 3160 4076 ιι);
3192 4013 3248 4059 et
3279 4004 3449 4060 item:
3489 4004 3612 4061 Non
3657 4006 3760 4073 sit,

2176 4088 2366 4157 inquit,
2391 4090 2527 4142 inter
2554 4104 2639 4143 vos
2668 4089 2811 4145 zelus
2843 4101 2893 4145 et
2914 4094 3173 4148 contentio
3193 4109 3214 4148 :
3235 4094 3405 4149 omnis
3426 4094 3761 4163 arnoritudo,

2175 4187 2222 4230 et
2248 4179 2353 4242 ira,
2373 4187 2420 4230 et
2443 4178 2756 4249 indignatio,
2782 4192 2831 4241 et
2870 4183 3087 4252 clamor,
3111 4194 3159 4240 et
3180 4185 3503 4257 blasphemia
3527 4186 3762 4242 tollatur

2174 4282 2208 4320 a
2228 4264 2393 4333 vobis,
2431 4284 2550 4322 cum
2592 4271 2734 4325 omni
2762 4273 2968 4326 malitia
3001 4273 3218 4345 (Ephes.
3247 4277 3361 4347 tv);
3390 4285 3447 4332 et
3473 4278 3529 4332 in
3556 4279 3762 4337 eodem

2174 4356 2295 4412 loco
2338 4357 2417 4411 ait
2445 4372 2461 4411 :
2498 4356 2822 4416 Sustinentes
2861 4362 3079 4418 invicem
3113 4365 3170 4419 in
3206 4366 3503 4433 charitate;
3534 4367 3762 4424 solliciti

2173 4464 2380 4503 servare
2402 4451 2655 4505 unitatem
2666 4454 2879 4523 spiritus
2893 4455 2947 4508 in
2962 4456 3163 4511 vinculo
3171 4459 3341 4528 pacis,
3363 4475 3525 4514 unum
3536 4476 3760 4531 corpus,

2174 4549 2222 4593 et
2248 4555 2383 4595 unus
2410 4543 2651 4611 spiritus,
2677 4546 2811 4599 sicut
2844 4549 3016 4602 uocati
3037 4550 3160 4603 estis
3188 4551 3243 4604 in
3263 4566 3372 4604 una
3401 4567 3491 4621 spe
3513 4563 3761 4605 vocatio-

2172 4630 2251 4686 nis
2299 4643 2499 4688 νάειν-ιε.
2546 4634 2674 4691 Haec
2714 4636 2899 4707 itaque
2953 4642 3282 4698 unanimitas
3329 4648 3431 4701 sub
3470 4645 3763 4715 Apostolis

2168 4721 2299 4777 olim
2342 4723 2482 4778 luit:
2514 4724 2594 4780 sic
2640 4741 2811 4784 novus
2855 4732 3190 4788 credentium
3243 4735 3471 4805 populus
3492 4774 3510 4798 ,
3535 4738 3760 4794 Domini

2172 4816 2428 4871 mandata
2458 4819 2798 4886 custodiens,
2844 4824 3167 4880 charitatcza
3213 4842 3366 4882 suam
3398 4829 3599 4895 tenuit;
3621 4844 3762 4899 pro—

2172 4907 2266 4962 bat
2320 4907 2600 4979 Scriptura
2627 4950 2643 4977 ,
2712 4926 2834 4982 qua:
2866 4914 3041 4969 dicit:
3094 4917 3275 4974 Turba
3314 4928 3497 4976 autem
3556 4936 3761 4979 eorum

2174 4998 2269 5063 qui
2294 5000 2656 5069 crediderant,
2700 5005 2879 5059 anima
2905 5014 2961 5061 et
2989 5018 3169 5063 mente
3195 5025 3300 5065 una
3349 5011 3580 5084 agebant
3602 5015 3756 5085 (Act.

2177 5099 2296 5164 tu;
2331 5100 2387 5147 et
2418 5092 2653 5147 iterum:
2684 5093 2754 5148 Et
2785 5107 2933 5151 erant
2969 5112 3351 5170 perseverantes
3395 5119 3572 5159 omnes
3610 5121 3764 5160 una-

2175 5183 2337 5235 nimes
2376 5183 2433 5236 in
2468 5185 2703 5241 oratione
2740 5203 2860 5241 cum
2891 5191 3216 5257 mulieribus,
3258 5203 3308 5247 et
3347 5194 3547 5263 Maria,
3578 5208 3763 5255 matre

2172 5276 2333 5345 Iesu,
2378 5289 2425 5333 et
2467 5280 2718 5349 fratribus
2758 5286 2873 5355 ejus
2900 5287 3036 5358 (Act.
3065 5284 3219 5359 r);et
3270 5290 3388 5346 ideo
3440 5291 3763 5352 efﬁcacibus

2174 5371 2424 5440 precibus
2447 5373 2694 5440 orabant,
2732 5375 2854 5430 ideo
2885 5376 3173 5446 impetrare
3211 5394 3335 5435 cum
3371 5381 3565 5436 ﬁducia
3593 5390 3757 5452 pote-

2176 5469 2296 5514 rant
2324 5463 2680 5534 quodcunque
2707 5465 2774 5520 de
2814 5465 2912 5521 Dei
2964 5468 3337 5524 misericordia
3383 5472 3754 5540 postulabant.

2172 5557 2231 5613 ln
2257 5559 2411 5616 nobis
2435 5576 2564 5617 vero
2583 5563 2663 5617 sic
2686 5563 3014 5619 unanimitas
3039 5565 3302 5620 diminuta
3329 5574 3432 5632 est,
3459 5573 3515 5620 ut
3553 5575 3610 5622 et
3632 5566 3756 5622 lar-

2174 5652 2313 5722 gitas
2335 5653 2662 5721 operationis
2692 5652 2923 5709 infracta
2954 5656 3044 5712 sit.
3076 5654 3275 5711 Demos
3302 5665 3429 5711 tunc
3454 5666 3511 5711 et
3549 5656 3758 5716 fundos

2173 5743 2571 5811 venundabant,
2619 5754 2672 5802 et
2698 5746 2979 5806 thesauros
3008 5745 3110 5803 sibi
3137 5746 3191 5801 in
3229 5746 3365 5803 calo
3400 5759 3753 5817 repellentes,
