4040 6188
228 236 285 283 εη
1179 224 1483 284 ΙΙΟΜΙΙᾸᾹΞ
1531 226 1614 281 DE
1654 226 1790 280 FES'

1889 255 1893 273 ι
1932 224 2337 292 PIUECIPUIS,
2376 225 2528 284 ETC.
3414 228 3483 286 98

227 344 592 399 distribuenda
642 342 698 398 in
726 356 881 398 usus
919 340 1269 410 indigentium
1312 342 1484 411 pretia
1547 340 1803 409 apostolis
1834 348 1876 403 Α
1907 339 2261 394 cissitudincm
2288 340 2464 393 reddet
2490 340 2537 394 ei
2559 339 2740 412 (Prov.
2770 340 2904 412 XIX).
2932 339 3067 394 Sunt
3092 340 3234 395 enim
3263 338 3477 412 plurimi

227 433 536 487 offerebant.
572 433 642 485 At
675 447 818 488 nunc
850 431 916 485 de
957 430 1281 500 patrimonio
1321 446 1418 485 nec
1446 431 1681 484 decimas
1712 431 1807 483 da-

229 539 359 587 mus,
380 532 435 576 et
456 538 586 579 cum
611 528 846 578 vendere
870 525 1055 591 iubeat
1082 525 1357 587 Dominus,
1380 524 1609 577 emimus
1627 523 1805 592 potius

226 626 274 665 et
299 627 581 682 augemus.
617 611 769 667 Sicut
802 613 852 666 in
891 613 1043 667 nobis
1069 613 1335 667 emarcuit
1364 613 1513 682 vigor
1551 612 1696 676 fidei,
1727 612 1805 666 sic

227 701 553 756 credentium
617 702 784 756 robur
836 701 1116 774 elanguit:
1154 711 1208 755 et
1258 702 1458 756 idcirco
1503 701 1801 766 Dominus,

229 801 460 860 tempora
496 790 618 844 btec
670 798 855 844 nostra
906 790 1228 859 respiciens,
1284 789 1337 843 in
1372 788 1660 859 Evangelio
1706 804 1804 843 suo

228 882 292 934 ait
321 899 333 933 :
366 879 541 933 Filius
564 880 789 934 hominis
813 896 930 932 cum
954 879 1161 943 venerit,
1198 889 1351 951 putas
1394 880 1612 932 inveniet
1644 878 1804 946 ﬁdem

226 970 274 1022 ia
295 970 475 1023 terra?
499 968 1070 1041 (LucxvntJVidemus
1108 966 1222 1023 fieri
1252 967 1393 1038 quod
1421 968 1509 1022 ille
1531 966 1800 1038 praedixit,

230 1060 275 1111 in
302 1058 392 1112 Dei
416 1060 641 1124 timore,
673 1060 727 1113 in
751 1058 869 1128 lege
886 1057 1133 1128 justitize,
1160 1057 1216 1110 in
1240 1056 1550 1121 dilectione,
1591 1057 1643 1109 in
1673 1070 1800 1125 ope-

230 1164 298 1207 re.
334 1147 471 1202 fides
500 1147 647 1202 nulla
675 1156 758 1203 est
783 1166 796 1201 :
826 1161 981 1201 nemo
1019 1147 1321 1201 futurorum
1352 1155 1551 1200 metum
1579 1147 1797 1217 cogitat,

227 1238 355 1293 diem
371 1239 587 1293 Domini
610 1247 666 1294 et
690 1238 826 1292 iram
840 1237 958 1304 Dei,
975 1246 1030 1293 et
1057 1237 1347 1292 incredulis
1361 1246 1584 1292 ventura
1601 1238 1801 1309 suppli-

226 1330 319 1392 cia,
345 1336 401 1383 ct
430 1338 638 1384 statuta
667 1328 888 1399 perfidis
914 1336 1117 1384 aeterna
1141 1336 1405 1384 tormenta
1438 1344 1596 1383 nemo
1622 1329 1801 1384 consi-

227 1419 397 1483 derat;
423 1433 550 1489 quce
576 1426 838 1472 metueret
869 1418 1198 1473 conscientia
1222 1427 1407 1472 nostra
1436 1417 1482 1472 si
1514 1417 1792 1484 crederet;

225 1508 338 1576 quia
358 1524 471 1564 non
500 1510 696 1574 credit,
741 1509 963 1565 omnino
989 1523 1087 1564 nec
1131 1509 1352 1574 metuit;
1381 1509 1426 1563 si
1463 1516 1640 1563 autem
1675 1525 1796 1564 cre-

227 1600 400 1663 deret,
426 1608 486 1653 et
513 1607 760 1665 caveret;
787 1599 833 1653 si
855 1608 1087 1663 caveret,
1118 1609 1171 1655 et
1192 1599 1465 1654 evaderet.
1483 1599 1795 1655 Excitemns

1906 429 1995 497 qui
2024 428 2220 482 nullam
2246 429 2298 482 in
2314 430 2478 499 agris,
2496 429 2693 482 nullam
2714 429 2766 482 in
2795 430 2986 493 vineis,
3012 431 3209 482 nullam
3227 431 3279 483 in
3296 430 3480 486 seculi

1905 516 2413 587 divitiisportionem
2431 517 2649 581 habent,
2666 532 2891 585 quorum
2923 518 3113 588 inopiae
3133 519 3198 573 de
3222 534 3285 573 ea
3320 534 3484 589 quam

1904 604 2162 661 Dominus
2190 608 2344 662 nobis
2371 607 2514 661 dedit
2547 608 2699 676 copia
2730 608 3011 662 consulere
3042 609 3320 674 debemus,
3347 613 3485 664 utet

1906 693 2006 763 ipsi
2035 696 2313 749 nobiscum
2350 695 2459 749 Deo
2487 711 2584 763 pro
2612 704 2769 750 terra:
2801 696 3129 752 fecunditate
3156 699 3485 755 benedicens

1902 793 1957 838 et
1982 785 2249 854 gaudeant
2275 785 2673 855 possidenti‘..us
2718 785 2880 841 fuisse
2909 789 3123 852 donata,
3165 804 3287 857 qua:
3315 791 3476 844 etiam

1902 874 2227 943 pauperibus
2272 889 2337 928 ac
2376 874 2676 945 peregrinis
2718 876 2857 929 facta
2900 875 3101 930 fuerint
3132 880 3432 932 communia
3460 920 3475 933 .

1902 963 2027 1018 felix
2055 963 2182 1018 illud
2212 975 2296 1019 est
2321 966 2591 1029 horreum,
2636 973 2690 1021 et
2717 968 2955 1021 omnium
2981 967 3251 1023 fructuum
3295 971 3477 1025 multi-

1898 1053 2183 1122 plicatione
2211 1054 2602 1122 dignissimum,
2659 1056 2725 1110 de
2754 1071 2861 1124 quo
2907 1058 3197 1122 egentium,
3249 1068 3305 1114 et
3329 1060 3477 1114 debi-

1900 1144 2048 1209 lium,
2076 1158 2130 1199 et
2161 1147 2567 1216 peregrinorum
2602 1155 2878 1200 saturatur
2911 1149 3149 1210 esuries;
3189 1164 3326 1219 quos
3355 1150 3477 1205 ideo

1899 1237 1998 1292 sub
2026 1236 2254 1293 diversis
2278 1237 2536 1292 molestiis
2555 1238 2766 1308 jnstitia
2794 1240 2887 1293 Dei
2926 1239 3171 1295 laborare
3199 1241 3469 1311 permisit,

1898 1333 2032 1380 utet
2058 1326 2287 1380 miseros
2310 1342 2408 1396 pro
2435 1313 2714 1397 patientia,
2741 1337 2797 1382 et
2812 1329 3185 1384 misericordes
3204 1345 3302 1399 pro
3314 1332 3477 1385 bene-

1896 1415 2128 1470 volentia
2169 1425 2473 1471 coronaret.
2510 1416 2890 1473 Ellicacissima
2927 1419 3070 1473 enim
3107 1436 3205 1490 pro
3241 1423 3479 1490 peccatis

1896 1505 2204 1575 deprecatio
2229 1515 2311 1560 est
2341 1507 2396 1560 in
2442 1506 2796 1579 elcemosynis
2823 1517 2983 1578 atque
3012 1510 3254 1581 jejuniis,
3293 1519 3349 1565 et
3376 1527 3474 1565 ve-

1897 1596 2087 1651 lociter
2132 1597 2199 1650 ad
2248 1597 2456 1652 divinas
2485 1599 2797 1653 conscendit
2847 1614 3007 1653 aures
3057 1600 3254 1654 talibus
3297 1601 3474 1654 oratio

226 1700 592 1761 nosquantum
608 1706 910 1761 possumus,
930 1690 1256 1746 dilectissimi
1281 1689 1498 1757 fratres,
1521 1699 1575 1745 et
1605 1706 1794 1745 somno
1825 1676 1868 1732 Β
1895 1685 2106 1740 elevata
2153 1685 2427 1756 suﬂ’mgiis
2450 1727 2465 1751 ,
2522 1688 2647 1756 quia
2686 1687 2823 1742 sicut
2862 1688 3118 1757 scriptum
3148 1698 3250 1755 est,
3282 1691 3474 1743 animo:

228 1782 424 1837 inertia:
445 1782 647 1836 veteris
692 1782 964 1852 abrupto,
993 1781 1060 1836 ad
1089 1781 1423 1836 observanda
1469 1790 1523 1835 et
1561 1785 1793 1853 gerenla

228 1869 429 1924 Domini
484 1878 751 1940 prtecepta
802 1869 1099 1939 vigilemus.
1203 1869 1385 1925 Simus
1434 1870 1566 1925 tales
1606 1870 1794 1939 quales

227 1977 333 2015 esse
364 1976 472 2016 nos
496 1961 612 2030 ipse
639 1960 895 2031 prmccpit
922 1960 1105 2015 dicens
1129 1977 1142 2013 :
1172 1958 1287 2015 Sint
1304 1958 1465 2013 lumbi
1489 1961 1640 2014 vestri
1661 1978 1797 2030 prte-

231 2050 373 2103 rinrti
401 2060 454 2103 et
499 2050 726 2104 lucernis
755 2049 997 2104 ardentes
1040 2050 1093 2103 in
1118 2049 1358 2103 manibus
1386 2053 1593 2116 vestris,
1616 2062 1660 2104 et
1704 2068 1794 2105 vos

225 2144 408 2198 similes
429 2143 726 2198 hominibus
737 2140 1148 2212 exspectantibus
1162 2140 1428 2195 dominum
1456 2160 1608 2197 suum
1628 2161 1795 2214 quan-

225 2235 284 2287 do
310 2235 483 2287 veniat
514 2251 549 2286 a
576 2233 768 2301 nuntiis
784 2248 804 2298 ;
834 2241 914 2297 ut,
942 2247 1059 2286 cum
1082 2233 1274 2285 venerit
1299 2241 1345 2285 et
1375 2233 1654 2300 pulsaverit
1678 2249 1797 2302 ape-

228 2326 352 2377 riunt
373 2325 445 2377 ei.
468 2322 621 2377 Beati
645 2325 776 2377 servi
796 2323 879 2377 illi
903 2339 1051 2393 quos,
1085 2340 1201 2377 cum
1232 2325 1495 2378 advenerit
1525 2324 1790 2391 dominus,

225 2417 469 2469 invenerit
522 2413 794 2485 vigilantes
844 2413 996 2486 (Luc.
1035 2413 1152 2486 ιη).
1202 2414 1489 2470 Accinctos
1533 2431 1630 2470 nos
1672 2431 1792 2471 esse

225 2514 448 2575 oportet,
482 2518 549 2558 ne
572 2519 692 2557 cum
720 2503 1075 2573 expeditionis
1105 2504 1220 2558 dies
1244 2504 1475 2568 venerit,
1508 2504 1792 2574 impeditos

224 2605 272 2647 et
304 2594 608 2663 implicatos
635 2592 1017 2662 apprehendat.
1044 2591 1245 2645 aneat
1273 2591 1323 2644 in
1360 2592 1514 2645 bonis
1536 2591 1791 2660 operibus

229 2694 466 2740 nostrum
498 2683 679 2737 lumen
724 2692 779 2737 et
802 2679 1025 2750 fulgeat,
1068 2690 1127 2735 ut
1170 2681 1340 2751 ipsum
1370 2680 1548 2735 lumen
1575 2696 1674 2735 nos
1721 2680 1788 2735 ad

224 2779 387 2831 lucem
419 2774 685 2830 claritatis
711 2782 926 2828 aeternae
956 2773 1020 2827 de
1058 2773 1158 2826 hac
1187 2771 1365 2826 sa‘culi
1403 2783 1557 2826 nocte
1593 2772 1789 2840 perdu-

224 2880 325 2932 cat,
347 2884 457 2939 quo
484 2884 607 2923 cum
637 2866 872 2929 Christo,
908 2864 999 2934 qni
1027 2872 1109 2918 est
1138 2879 1279 2917 verae
1314 2863 1461 2932 pacis
1498 2872 1701 2924 auctor,
1733 2872 1787 2917 ct

225 2974 337 3011 cum
376 2957 580 3011 sanctis
616 2954 819 3025 angelis
848 2968 984 3021 ejus,
1028 2960 1225 3007 :etcrna
1267 2966 1396 3021 pace
1435 2959 1488 3004 et
1531 2961 1784 3021 perpetua

226 3045 472 3100 felicitate
513 3009 801 3098 fruam‘ur:
834 3009 1124 3112 pnestante
1166 3009 1391 3094 Domino
1435 3009 1618 3094 nos-tvo
1656 3039 1783 3094 Jcsu
1812 3009 1855 3070 Ο

226 3136 447 3200 Christo,
500 3136 593 3207 qni
623 3150 749 3189 cum
799 3132 961 3186 Patre
988 3140 1042 3187 et
1077 3131 1280 3201 Spiritu
1334 3141 1521 3185 sancto
1556 3132 1688 3186 vivit
1730 3139 1785 3186 ct

228 3236 398 3295 regnat
424 3229 565 3281 Deus
610 3238 709 3294 per
735 3223 914 3276 omnia
963 3219 1154 3275 szecula
1201 3219 1541 3274 saeculorum.
1587 3219 1779 3275 Amen.

785 3353 1064 3413 llDMJLlA
1094 3352 1224 3412 LllL

334 3492 394 3529 DE
427 3486 806 3535 BENIGXITATE,
833 3485 1183 3526 RUHLNITATE
1203 3486 1274 3523 ΕΤ
1298 3483 1656 3524 ειεειῐοεῐκλ.

293 3608 596 3662 Andivimus
638 3602 976 3673 Apostolum,
1014 3602 1206 3657 fratres
1232 3601 1558 3666 eharissimi,
1606 3601 1785 3655 suavi-

232 3707 303 3750 ter
326 3697 474 3750 nobis
512 3696 820 3763 loquentem
850 3708 915 3747 ac
946 3694 1210 3747 dicentem
1236 3690 1362 3762 (Tit.
1393 3689 1783 3761 m):Apparuit

229 3786 495 3855 benignitas
520 3793 572 3838 et
624 3783 927 3836 humanitas
977 3780 1267 3835 Saluatoris
1312 3780 1476 3833 nostri
1504 3779 1635 3845 Dei,
1680 3795 1783 3834 non

226 3875 530 3944 «operibus
550 3873 802 3943 justitite,
836 3888 953 3943 (μία)
976 3871 1191 3940 fecimus
1221 3887 1338 3936 nos,
1375 3869 1466 3924 sed
1494 3871 1783 3925 secundum

228 3964 624 4017 misericordiam
665 3977 817 4015 suam
851 3959 1019 4014 salvos
1071 3976 1165 4013 nos
1194 3958 1346 4028 fecit,
1377 3974 1469 4028 per
1518 3957 1783 4014 lavacrum

232 4051 613 4121 regenerationis
659 4059 709 4103 et
746 4048 1091 4103 renovationis
1123 4046 1352 4118 Spiritus
1386 4047 1556 4101 sancti
1584 4084 1601 4112 ,
1631 4061 1781 4118 quem

227 4145 390 4211 dedit
416 4144 472 4195 in
518 4157 617 4194 nos
645 4139 973 4193 abundanter
1010 4154 1102 4208 per
1140 4137 1321 4191 Jesum
1360 4135 1626 4191 Christum
1655 4136 1783 4193 Sal-

229 4244 436 4287 vator-em
465 4241 737 4294 nostrum,
763 4238 821 4283 ut
835 4227 1120 4299 justiﬁcati
1149 4228 1318 4297 gratia
1341 4227 1527 4296 ipsius,
1552 4225 1783 4281 heredes

227 4322 491 4391 (ﬁciuntur
527 4318 813 4374 secundum
865 4332 1005 4387 spem
1033 4315 1149 4369 vita:
1179 4324 1408 4370 (eterna’.
1447 4312 1504 4368 Si
1534 4328 1664 4384 ergo
1687 4313 1781 4369 be-

228 4412 508 4481 nignitaset
535 4408 844 4463 humanitas
866 4405 1162 4461 Salvatoris
1183 4403 1376 4469 uestri,
1391 4401 1553 4458 nullis
1576 4401 1779 4458 nostris

229 4502 637 4571 pmientibos
661 4498 869 4554 meritis
890 4538 903 4561 ,
938 4496 1109 4568 gratis
1144 4494 1300 4551 nobis
1326 4492 1612 4560 subvenit,
1647 4507 1783 4563 quo-

228 4593 366 4646 modo
391 4607 526 4655 nos,
556 4587 912 4652 dilectissimi,
943 4587 990 4641 si
1036 4583 1152 4654 ejus
1182 4583 1334 4656 regni
1364 4582 1605 4640 haeredes
1640 4578 1780 4637 efﬁci

229 4682 474 4745 volumus,
527 4678 792 4750 proximis
840 4676 1041 4731 nostris
1092 4673 1307 4744 pietatis
1329 4688 1494 4743 opera
1533 4686 1641 4727 non
1679 4669 1781 4725 im-

227 4772 523 4842 pendimus?
558 4770 648 4824 Ait
694 4770 837 4823 enim
869 4768 984 4838 ipsa
1023 4765 1277 4822 Veritas:
1307 4761 1445 4817 Date
1478 4770 1527 4817 et
1566 4758 1782 4815 dabitur

225 4863 379 4925 vobis;
403 4876 653 4915 mensura
681 4874 785 4929 qua
815 4856 978 4912 mensi
1025 4854 1253 4925 fueritis,
1293 4851 1597 4908 remetiatur
1641 4848 1783 4906 vobis

226 4952 361 5021 (Luc.
388 4952 503 5021 vt);
536 4959 594 5005 et
616 4951 749 5004 item
778 4966 794 5003 :
826 4946 887 5002 Si
912 4947 1070 5011 enim,
1097 4943 1295 5013 inquit,
1321 4942 1379 4999 in
1408 4942 1587 5012 iniquo
1617 4955 1786 4994 mam-

228 5057 362 5095 ma
382 5041 570 5111 ﬁdeles
594 5055 702 5093 non
742 5036 886 5102 estis,
918 5034 1059 5106 quod
1105 5043 1331 5089 vestrum
1359 5039 1435 5086 est
1482 5030 1600 5102 quis
1639 5026 1783 5082 dabit

226 5130 500 5201 metu.
515 5128 635 5199 ιη).
650 5126 924 5184 Sciendum
938 5132 1010 5181 est
1024 5124 1189 5189 enim,
1212 5122 1428 5187 fratres,
1455 5117 1784 5191 benignitate

222 5230 271 5273 et
297 5220 633 5274 humanitate
666 5217 823 5271 nobis
852 5228 972 5269 esse
997 5228 1132 5283 opus
1160 5219 1220 5267 ut
1258 5212 1326 5267 de
1360 5209 1446 5265 his
1481 5224 1600 5279 qua:
1628 5204 1783 5262 nobis

222 5311 445 5367 celestis
486 5310 650 5365 Pater
694 5304 1121 5363 misericorditer
1150 5301 1400 5367 contulit,
1442 5315 1538 5356 nos
1569 5311 1781 5369 quoque

218 5405 342 5461 alios
365 5406 707 5476 adiuvemus,
728 5410 786 5457 et
807 5401 862 5455 in
887 5413 1209 5469 quocunque
1226 5410 1511 5467 possumus
1531 5393 1780 5463 indigen-

220 5500 348 5557 tibus
372 5501 632 5572 proximis
651 5498 856 5554 nostris
878 5493 1070 5551 solatia
1093 5493 1330 5548 tribuere
1348 5506 1452 5545 non
1484 5488 1776 5550 tardemus,

215 5591 325 5657 Quia
346 5592 616 5661 {encratur
631 5589 862 5644 Domino
881 5584 974 5658 qui
987 5584 1258 5638 miseretur
1266 5582 1555 5655 pauperi,et
1580 5578 1686 5649 ipse
1706 5577 1782 5631 vi-

1806 4360 1858 4419 D

1895 1792 2007 1830 sua:
2049 1776 2305 1847 benefacit
2353 1779 2434 1831 vir
2478 1779 2772 1833 misericors
2817 1777 2997 1852 (Prov.
3025 1780 3121 1851 xv).
3150 1780 3283 1836 Pars
3325 1781 3469 1835 enim

1894 1868 2253 1937 corporalium
2293 1867 2602 1924 facultatum
2641 1885 2761 1940 qua:
2802 1870 3165 1941 indigentibus
3200 1872 3473 1925 ministra-

1896 1966 2003 2026 tur,
2034 1960 2087 2013 in
2131 1960 2345 2016 divitias
2390 1961 2636 2032 largienti
2669 1961 2860 2016 transit
2901 1970 3148 2029 a-ternas,
3176 1963 3251 2018 ita
3289 1972 3344 2016 ut
3368 1963 3475 2018 mi-

1895 2051 2245 2106 sericordiam
2272 2051 2365 2105 Dei
2394 2060 2450 2105 et
2474 2052 2858 2120 indulgentiam
2888 2059 3228 2121 peccatorum
3256 2061 3473 2108 nostro-

1896 2156 2013 2194 rum
2045 2156 2339 2212 pauperum
2365 2143 2709 2198 miseratione
2753 2151 2808 2198 et
2871 2143 3228 2215 eleemosynis
3257 2159 3470 2199 merea-

1892 2243 2014 2282 mur
2043 2246 2057 2282 :
2097 2230 2351 2298 quoniam
2379 2230 2471 2300 qui
2506 2246 2662 2286 suum
2710 2232 2775 2286 ab
2807 2232 2964 2302 inope
2993 2248 3100 2288 non
3125 2234 3321 2289 avertit
3351 2234 3464 2288 ani-

1893 2332 2064 2383 mum,
2094 2319 2204 2374 cito
2224 2319 2291 2372 ad
2321 2334 2380 2374 se
2409 2320 2620 2375 Domini
2647 2322 2913 2377 convertit
2948 2324 3215 2389 auditum,
3247 2324 3461 2380 dicente

1894 2409 2120 2463 Domino
2153 2428 2165 2463 :
2195 2409 2375 2465 Estote
2397 2427 2517 2482 ergo
2546 2413 2926 2478 misericordes,
2957 2415 3087 2469 sicut
3116 2416 3278 2470 Pater
3305 2428 3472 2471 vester

1891 2499 2185 2556 misericors
2237 2508 2312 2553 est
2354 2499 2527 2572 (Luc.
2558 2502 2682 2573 v1);
2729 2512 2825 2556 et:
2885 2503 3036 2558 Beati
3082 2505 3462 2571 misericordes,

1890 2588 2136 2656 quoniam
2184 2590 2284 2661 ipsi
2309 2591 2721 2646 misericordiam
2744 2606 3120 2664 consequentur
3140 2595 3356 2668 (Matth.
3385 2598 3462 2670 v).

1890 2676 2043 2742 Quod
2081 2692 2211 2747 ergo
2239 2680 2570 2735 reddituram
2618 2696 2678 2736 se
2710 2684 2959 2753 promisit
2992 2685 3221 2753 Veritas,
3273 2704 3464 2743 secura

1889 2768 2159 2835 expendet
2186 2768 2513 2826 humanitas.
2545 2771 2812 2827 Constans
2849 2783 2984 2839 esto,
3020 2774 3327 2832 Christiane
3360 2779 3468 2832 lar-

1889 2859 2031 2927 gitor
2061 2877 2073 2912 :
2109 2860 2172 2914 da
2194 2876 2224 2915 a
2264 2877 2370 2931 quo
2399 2863 2654 2931 accipias,
2703 2880 2822 2919 sere
2857 2868 2998 2934 quod
3046 2877 3236 2935 metas,
3273 2886 3465 2941 sparge

1889 2948 2029 3016 quod
2043 2949 2292 3023 colligas;
2320 2952 2681 3008 nolimetuere
2707 2955 3194 3024 dispendium,noli
3217 2961 3282 3015 de
3304 2963 3469 3017 dubio

1887 3040 2163 3109 suspirare
2205 3052 2466 3108 proventu
2496 3084 2510 3104 ,
2543 3046 2840 3101 substantia
2878 3060 2966 3102 tua
3007 3065 3128 3106 cum
3170 3052 3305 3107 bene
3345 3069 3469 3107 ero—

1885 3139 2065 3200 gatur,
2096 3140 2357 3200 augetur:
2390 3147 2770 3190 remuneratur
2808 3146 2932 3193 lUllS
2958 3140 3072 3194 vult
3125 3151 3177 3194 ιθ
3204 3157 3323 3196 esse
3347 3159 3467 3197 [illl-

1885 3220 2126 3288 niftcum,
2162 3232 2217 3277 et
2253 3224 2344 3291 qui
2387 3224 2478 3277 dat
2507 3234 2568 3278 ut
2602 3227 2827 3294 habeas,
2864 3232 3085 3286 mandat
3130 3239 3190 3287 ut
3233 3234 3465 3301 tribuas,

1888 3311 2105 3367 dicens:
2137 3313 2269 3367 Date
2321 3324 2370 3368 et
2403 3314 2617 3370 dabitur
2664 3320 2806 3375 vobis
2863 3321 3012 3392 (Luc.
3051 3323 3147 3401 vi).
3202 3324 3246 3384 Ο
3281 3342 3464 3399 avare,

1885 3401 1930 3460 si
1962 3417 2149 3461 autuIn
2177 3405 2365 3480 diligas
2408 3406 2493 3466 vel
2532 3410 2748 3469 divitias
2796 3418 2999 3483 saeculi,
3044 3420 3108 3472 da
3143 3437 3211 3474 ne
3235 3423 3461 3490 perdas;

1886 3496 1930 3550 si
1958 3500 2277 3567 servaveris,
2307 3502 2423 3557 sine
2451 3502 2613 3558 dubio
2659 3507 2852 3574 perdes
2903 3508 2946 3561 si
2987 3512 3321 3579 erogavcris,
3348 3528 3465 3566 om-

1884 3589 2013 3643 nino
2040 3590 2262 3645 habebis
2285 3608 2376 3647 eas
2401 3594 2751 3660 mtcrnaliter,
2780 3599 2986 3652 dicente
3021 3600 3132 3668 ipsa
3172 3601 3411 3656 Veritate
3444 3619 3459 3654 :

1888 3677 2258 3737 Thesaurizate
2285 3686 2422 3738 vobis
2469 3687 2741 3740 thesauros
2770 3689 2826 3740 in
2863 3688 3008 3753 cado,
3040 3690 3128 3742 ubi
3168 3706 3258 3744 nec
3283 3708 3460 3760 trrugo

1887 3786 1979 3824 nec
2018 3773 2157 3825 tinea
2205 3771 2484 3826 demolitur
2511 3814 2526 3839 ,
2586 3791 2748 3847 neque
2793 3770 2935 3846 [ures
2978 3779 3231 3849 effodiunt
3279 3793 3325 3835 et
3372 3784 3461 3853 [u-

1886 3871 2109 3914 rantur:
2134 3862 2220 3916 ubi
2252 3873 2325 3917 est
2351 3864 2627 3920 thesaurus
2665 3877 2809 3932 tuus,
2858 3869 2928 3922 ibi
2965 3883 3037 3924 est
3086 3882 3132 3925 et
3174 3889 3264 3926 cor
3309 3885 3457 3929 tuum

1887 3947 2101 4022 (Matth.
2132 3968 2216 4021 vt;
2245 3953 2372 4008 Luc.
2398 3955 2517 4026 xu).
2551 3956 2746 4027 Utique
2769 3959 2904 4014 bene
2926 3961 3298 4030 dispensantes
3326 3975 3453 4020 tem-

1885 4041 2126 4108 poralia,
2187 4044 2467 4113 acquiritis
2522 4055 2746 4101 interna.
2801 4046 2919 4102 Noli
2968 4051 3186 4107 timidus
3234 4069 3353 4109 esse
3404 4056 3458 4109 in

1887 4128 2178 4201 largiendo,
2223 4150 2289 4189 ne
2341 4135 2418 4190 sis
2452 4151 2656 4208 egenus
2694 4137 2748 4191 in
2780 4140 3155 4207 retributione,
3195 4143 3318 4212 quia
3358 4139 3454 4213 "qui

1885 4238 2040 4291 parce
2060 4223 2300 4291 seminat,
2323 4242 2480 4296 parce
2499 4237 2547 4281 et
2579 4238 2729 4283 metet
2770 4227 2852 4298 (II
2886 4227 3007 4284 Cor.
3033 4233 3110 4304 ιχ)
3127 4248 3144 4299 ;
3163 4234 3254 4303 qui
3283 4244 3456 4288 autem

1886 4311 2211 4366 miserebitur
2231 4315 2496 4385 pauperis,
2529 4314 2705 4371 beatus
2731 4318 2826 4371 erit
2863 4315 3044 4390 (Prov.
3071 4318 3203 4387 xw).
3234 4319 3456 4375 Redem-

1880 4402 1988 4472 ptio
2009 4402 2189 4473 itaque
2210 4405 2401 4459 animo:
2428 4406 2544 4469 viri,
2561 4407 2753 4462 divitia'
2766 4408 2882 4477 ejus
2916 4407 3097 4478 (Prov.
3113 4409 3265 4481 sui);
3290 4411 3453 4464 hono-

1877 4501 1961 4545 rat
1981 4492 2165 4549 Deum.
2183 4495 2273 4563 qui
2292 4495 2565 4549 miseretur
2575 4497 2821 4563 pauperis
2839 4496 3024 4563 (Prov.
3040 4499 3175 4566 XIV):
3201 4500 3464 4552 absconde

1876 4584 2252 4654 eleemosynam
2278 4587 2332 4640 in
2353 4588 2473 4640 sinu
2502 4590 2774 4656 pauperis.
2793 4589 3226 4657 dicitScriptura
3262 4591 3457 4661 (Eccli.

1876 4674 2100 4741 κυκλεῖ
2117 4679 2228 4741 ipsa
2244 4680 2415 4734 orabit
2433 4694 2526 4746 pro
2543 4692 2615 4746 te;
2630 4681 2774 4737 sicut
2787 4698 2926 4753 aqua
2942 4684 3241 4752 exsﬁngnit
3256 4691 3454 4747 ignem.

1879 4758 1956 4814 ita
2002 4759 2339 4830 eleemosyna
2371 4770 2691 4830 peceatum;
2739 4764 2972 4816 animum
3018 4765 3327 4818 esurientem
3385 4782 3453 4820 ne

1882 4847 2193 4918 despexeris,
2226 4858 2276 4902 et
2305 4864 2368 4903 ne
2391 4863 2662 4915 etruspercs
2690 4866 2969 4921 pauperem
3014 4852 3069 4905 in
3090 4851 3315 4907 clamore
3351 4870 3450 4909 suo

1885 4939 2075 5011 (Eccli.
2101 4937 2319 5011 ιν).ρυί
2345 4939 2539 4993 avertit
2558 4954 2744 4995 aurem
2771 4941 2841 4996 ad
2857 4940 3147 4996 clamorem
3174 4943 3451 5011 pauperis,

1882 5029 2026 5093 illius
2043 5030 2218 5086 oratio
2246 5029 2590 5086 clementiam
2617 5029 2713 5085 Dei
2756 5046 2862 5105 non
2888 5030 3222 5097 merebitur;
3253 5030 3310 5085 in
3337 5032 3450 5090 vita

1885 5127 1974 5176 tua
2002 5119 2225 5177 benefac
2258 5120 2451 5175 anima:
2474 5128 2601 5185 tute,
2631 5118 2998 5190 clcemosynas
3044 5117 3180 5175 dans
3211 5120 3449 5189 miseris,

1883 5211 2006 5280 quia
2047 5218 2168 5281 post
2193 5218 2421 5265 mortem
2452 5223 2558 5263 non
2593 5208 2816 5263 habebis
2856 5215 3180 5276 potestatem
3229 5208 3449 5264 benefa-

1882 5301 2056 5360 ciendi
2092 5319 2105 5353 :
2134 5300 2187 5354 in
2207 5299 2468 5355 conviviis
2495 5298 2600 5352 tuis
2625 5311 2889 5368 pauperes
2909 5305 3198 5352 vescantur
3216 5303 3273 5351 et
3292 5295 3450 5353 Chri—

1883 5400 1970 5449 tus
1987 5393 2039 5447 in
2069 5391 2193 5446 illis.
2237 5389 2363 5444 Tria
2408 5398 2533 5444 sunt
2560 5402 2755 5459 genera
2813 5385 3299 5456 clecmosynarum,
3342 5400 3449 5439 una

1882 5482 2203 5553 corporalis,
2249 5481 2355 5537 hoc
2380 5488 2482 5546 cst,
2513 5487 2691 5550 egenti
2719 5479 2846 5533 dare
2871 5476 3131 5546 quidquid
3175 5475 3444 5544 potueris;

1880 5577 2051 5633 altera
2079 5574 2359 5645 spiritalis,
2402 5573 2505 5629 hoc
2532 5580 2636 5640 est,
2659 5569 2928 5626 dimittere
2952 5582 2984 5621 a
3010 5580 3117 5636 quo
3144 5564 3303 5619 laesus
3328 5565 3443 5619 fue-
