4040 6188
569 167 639 223 99
802 152 805 153 ν
1202 163 1265 220 Β.
1308 162 1558 218 RABANI
1596 162 1817 220 MAURI
1853 162 2174 220 ARCHIEP.
2204 162 2509 220 MOCUNT.
2547 164 2828 219 OPERUM
2870 163 3047 220 PARS
3085 164 3149 220 ii.

3716 168 3737 222 i
3750 171 3814 222 ου

570 283 678 344 ris;
703 278 858 333 tertia
874 277 1274 346 deliuquentem
1302 277 1573 347 corrigere
1589 283 1904 331 etcrrantes
1921 275 1975 329 in
1999 276 2143 329 viam
2170 280 2221 338 Α
2248 275 2385 340 alius
2407 277 2622 344 sapiens
2654 293 2667 328 :
2701 276 2928 341 Quanto,
2963 275 3154 345 inquit,
3202 274 3374 349 major
3396 292 3469 340 es,
3514 276 3732 331 huntilia
3769 288 3816 332 te

568 371 825 423 reducere
844 366 1108 421 veritatis.
1140 365 1236 419 llis
1264 365 1407 419 enim
1441 365 1693 420 omnibus
1718 365 2001 435 speciebus
2026 364 2143 433 pla-

572 466 726 511 catur
754 455 917 519 Deus,
963 461 1018 507 et
1044 453 1152 506 vita
1194 438 1536 522 promeretur
1563 462 1789 516 interna,
1817 453 2147 507 assentiente

571 544 850 613 Scriptura
904 558 967 597 ac
1006 541 1254 596 dicente:
1290 542 1423 596 Date
1481 542 1856 613 elemosynam
1883 584 1898 607 ,
1942 553 1991 596 et
2033 558 2148 597 ecce

576 635 752 689 omnia
768 633 966 686 munda
996 642 1115 686 sunt
1141 632 1281 686 vobis
1309 631 1461 703 (Luc.
1475 634 1659 704 x1);et
1677 635 1835 688 item;
1864 633 2146 697 Dimittite,

574 726 766 794 inquit,
798 732 845 777 et
873 724 1163 777 dimittetur
1192 723 1355 777 vobis.
1375 722 1440 779 Et
1470 725 1743 793 apostolus
1770 724 2005 780 Iacobus
2027 724 2103 778 ait
2132 741 2145 778 :

576 813 795 868 Fratres
818 814 938 877 mei,
961 814 1008 868 si
1031 815 1146 883 quis
1173 830 1238 868 ea:
1281 815 1419 868 vobis
1465 816 1715 870 erraverit
1754 833 1788 869 α
1827 816 2059 880 veritate,
2101 825 2150 869 et

575 904 878 957 converterit
908 903 1022 972 quis
1046 919 1189 966 eum,
1209 904 1340 957 scire
1365 904 1510 957 debet
1528 904 1778 974 quoniam
1804 905 1895 974 qui
1923 904 2151 957 converti

577 995 752 1065 fecerit
768 1005 1090 1064 peccatorem
1115 994 1179 1048 ab
1203 1011 1379 1049 errore
1400 994 1496 1047 via:
1521 1009 1653 1061 sate,
1673 992 1892 1048 salvabit
1920 994 2152 1046 animam

575 1085 689 1155 ejus
717 1102 749 1138 a
780 1095 962 1149 morte,
981 1094 1028 1138 et
1055 1082 1634 1153 operietmultitudinem
1654 1094 1981 1152 peccatorum
2006 1082 2149 1154 (Iac.

579 1172 655 1243 γ).
688 1171 793 1226 Sed
820 1173 922 1227 hoc
949 1182 1074 1226 tunc
1094 1172 1230 1226 bene
1250 1179 1303 1226 et
1330 1172 1576 1226 ordinate
1605 1170 1685 1235 iit,
1720 1171 1766 1225 si
1788 1170 2153 1241 unusquisque

579 1278 609 1317 a
647 1262 939 1329 semetipso
961 1262 1192 1330 primum
1220 1260 1442 1329 incipiat
1481 1260 1585 1315 hoc
1620 1261 1820 1315 bonum
1850 1259 2155 1314 misericor-

579 1352 698 1414 diae,
730 1358 787 1405 ut
806 1352 886 1405 sui
935 1351 1272 1415 misereatur,
1300 1366 1365 1404 ne
1389 1365 1486 1420 per
1517 1357 1861 1419 peccatorum
1885 1348 2151 1402 sarcinam

580 1450 858 1511 mergatur
908 1440 961 1494 in
1003 1455 1250 1509 ptenam;
1283 1440 1424 1495 unde
1458 1440 1715 1509 scriptum
1752 1447 1873 1493 est:
1905 1438 2155 1491 Miserere

579 1535 769 1588 animm
801 1542 905 1587 tua:
931 1534 1141 1603 placens
1178 1532 1287 1585 Deo
1320 1530 1511 1603 (Eccli.
1543 1532 1706 1601 xxx);
1741 1539 2005 1601 quatenus
2028 1530 2152 1583 dum

2246 366 2300 418 in
2322 365 2643 424 onmibus,et
2662 381 2836 417 coram
2862 364 2971 417 Deo
2995 365 3218 419 invenies
3239 364 3464 434 gratiam
3496 364 3683 436 (Eccli.
3712 365 3814 437 tu).

2247 454 2376 509 item
2408 454 2549 509 Deus
2594 468 2689 523 per
2725 454 3042 523 prophetam
3074 453 3149 506 ait
3177 472 3189 506 :
3217 453 3298 506 Ad
3333 470 3483 523 quem
3527 464 3699 509 autem
3740 472 3819 510 re-

2247 541 2487 612 spiciam,
2518 541 2620 594 nisi
2641 540 2711 594 ad
2738 540 3016 606 humilem,
3060 552 3107 595 et
3135 543 3388 613 quietum,
3430 552 3478 598 et
3522 554 3816 599 trementem

2250 631 2401 686 verba
2425 648 2541 684 mea
2572 629 2725 703 (Isa.
2770 631 2946 704 th't).
2987 631 3300 702 Quicunque
3336 634 3553 690 humilis
3578 643 3634 690 et
3665 638 3817 706 quie-

2251 731 2338 778 tus
2360 739 2466 779 nou
2495 721 2684 787 fuerit,
2716 740 2820 778 non
2850 732 3026 794 p0test
3049 726 3103 780 in
3133 741 3198 782 eo
3223 728 3468 784 habitare
3495 733 3669 799 gratia
3700 730 3821 802 Spi-

2249 810 2387 867 ritus
2411 811 2603 866 smcti.
2641 812 2783 867 Deus
2820 811 3038 869 humilis
3078 813 3254 870 factus
3293 826 3377 871 est
3407 826 3603 874 nostra:
3632 820 3822 876 salutis

2249 916 2433 967 causa,
2464 900 2752 957 erubescat
2784 902 2945 957 homo
2970 902 3232 973 superbus
3260 919 3399 960 esse.
3431 905 3698 973 Quantum
3724 909 3821 964 hu-

2250 990 2475 1045 militate
2498 989 2788 1045 inclinatur
2813 1006 2907 1047 cor
2931 992 2999 1046 ad
3020 992 3148 1056 ima,
3177 1000 3381 1047 tantum
3408 994 3619 1063 prolicit
3643 998 3700 1051 in
3722 1013 3820 1053 ex-

2252 1080 2435 1135 celso:
2468 1080 2558 1150 qui
2585 1080 2726 1136 enim
2754 1081 2971 1137 humilis
3014 1083 3138 1148 erit,
3188 1084 3512 1141 exaltabitur
3539 1086 3592 1141 in
3627 1088 3818 1159 gloria.

2252 1168 2464 1226 Primus
2510 1171 2826 1226 humilitatis
2856 1172 3054 1242 gradus
3079 1185 3180 1239 est,
3227 1176 3471 1232 veritatis
3517 1192 3821 1234 sermonem

2251 1257 2529 1313 humiliter
2576 1259 2798 1324 audire,
2852 1262 3164 1317 memoriter
3200 1264 3477 1337 retinere,
3522 1268 3827 1324 voluntarie

2251 1347 2549 1416 perlicere;
2582 1362 2701 1401 eam
2742 1348 2937 1419 quippe
2963 1365 3125 1419 quam
3168 1367 3273 1406 non
3303 1354 3508 1409 invenit
3541 1355 3820 1419 humilem,

2252 1435 2455 1490 veritas
2478 1434 2625 1507 .fugit
2648 1446 2903 1493 mentem.
2948 1438 3161 1505 Quanto
3183 1442 3300 1510 quis
3330 1443 3581 1499 humilior
3616 1446 3719 1500 erit
3756 1447 3825 1501 de

2254 1525 2456 1593 seipse,
2486 1533 2632 1579 tanto
2656 1523 2827 1593 major
2852 1527 2956 1581 erit
2982 1527 3034 1581 in
3063 1538 3347 1598 conspuetu
3379 1529 3474 1585 Dei
3507 1550 3520 1585 :
3558 1534 3823 1604 superbus

579 1624 701 1678 aliis
729 1625 964 1678 studium
990 1623 1342 1678 correctionis
1388 1622 1670 1693 impendit,
1724 1623 1836 1692 ipse
1885 1622 2149 1678 elliciatur
2178 1606 2223 1664 Β
2252 1630 2381 1669 Vero
2409 1625 2609 1685 quanto
2632 1616 2916 1687 Βίονίοείοτ
2942 1629 3165 1689 apparet
3199 1622 3337 1675 ίηῑθι·
3364 1622 3625 1691 homines:
3671 1634 3823 1681 13010

583 1713 899 1769 emendatus
935 1729 965 1767 a
985 1713 1154 1767 vitiis.
1180 1711 1252 1766 Ut
1286 1727 1414 1782 ergo
1440 1713 1555 1767 haec
1575 1727 1736 1783 agere
1758 1712 1987 1783 pleniter
2023 1729 2149 1783 pos-

583 1802 771 1866 simus,
816 1802 1075 1855 habemus
1115 1801 1183 1855 ad
1219 1800 1323 1856 hoc
1343 1798 1537 1856 fortem
1586 1803 1885 1872 adjutorem
1929 1810 1983 1856 et
2003 1802 2151 1871 pium

579 1890 915 1960 largitorem,
941 1889 1290 1944 mediatorem
1342 1889 1592 1945 videlicet
1639 1889 1733 1943 Dei
1774 1899 1830 1944 et
1875 1891 2152 1944 hominum

581 1980 863 2036 Dominum
885 1976 1092 2041 Jesum,
1122 1977 1213 2047 qui
1240 1977 1372 2032 vivit
1395 1985 1451 2032 et
1486 1987 1674 2049 regnat
1698 1993 1821 2033 cum
1848 1977 1957 2033 Deo
1994 1978 2155 2035 Patre

581 2069 636 2124 in
673 2069 876 2123 unitate
917 2067 1152 2137 Spiritus
1190 2068 1364 2122 sancti
1393 2068 1556 2134 Deus,
1603 2083 1701 2137 per
1739 2069 1920 2124 omnia
1958 2070 2153 2125 saecula

580 2157 921 2214 smcuiorum.
947 2156 1142 2211 Amen.

1143 2245 1417 2303 HOMILIA
1455 2247 1584 2303 LIV.

811 2354 878 2394 DE
916 2353 1117 2395 τωοιιε
1153 2355 1240 2394 DEI
1277 2355 1347 2394 ET
1389 2355 1527 2394 VERA
1567 2357 1921 2396 BUHILITA'I‘E.

649 2426 814 2482 David
842 2428 1100 2497 propheta
1127 2435 1181 2482 et
1207 2427 1508 2497 psalmista,
1531 2430 1645 2498 qui,
1688 2437 1823 2484 teste
1848 2431 2150 2500 Scriptura,

582 2519 876 2574 secundum
902 2533 996 2573 cor
1013 2518 1223 2573 Domini
1251 2518 1474 2584 electus,
1520 2519 1649 2575 fecit
1683 2536 1871 2576 omnes
1912 2522 2154 2577 volunta-

585 2616 664 2662 tes
684 2607 819 2676 ejus,
846 2606 978 2675 ipse,
1002 2605 1199 2662 fratres
1221 2606 1545 2673 charissimi,
1569 2608 1694 2678 quid
1726 2619 1939 2665 creator
1973 2618 2153 2666 noster

581 2695 634 2749 in
665 2695 820 2750 nobis
846 2703 1060 2764 appetat
1087 2702 1140 2750 et
1166 2695 1353 2767 diligat
1382 2697 1614 2765 quodam
1649 2696 1767 2752 loco
1792 2699 2048 2765 ostendit,
2079 2700 2152 2753 ita

581 2785 765 2840 dicens
797 2803 811 2839 :
842 2784 971 2850 Quis
1000 2786 1134 2839 sicut
1176 2786 1432 2841 Dominus
1462 2787 1601 2842 Deus
1637 2799 1811 2843 noster
1841 2791 1931 2862 qui
1950 2792 2005 2845 in
2029 2791 2153 2848 altis

579 2877 809 2943 habitat,
843 2887 892 2932 et
916 2877 1137 2931 humilia
1169 2878 1373 2948 respicit
1410 2880 1465 2934 in
1493 2879 1619 2934 coelo
1646 2890 1695 2935 et
1726 2882 1779 2934 in
1808 2891 1949 2937 terra
1976 2882 2147 2955 (Psal.

580 2984 689 3022 ειη
710 2969 750 3038 ).
783 2941 840 3023 Si
863 2982 991 3040 ergo
1020 2968 1275 3024 Dominus
1299 2969 1614 3037 altissimus,
1640 2969 1792 3039 cujus
1821 2941 2151 3030 excellentia:
2177 2941 2221 3004 Ο

579 3062 634 3109 et
662 3054 1042 3126 magnitudinis
1064 3071 1170 3110 non
1208 3067 1290 3112 est
1314 3057 1453 3124 linis,
1497 3058 1551 3113 in
1581 3061 1728 3115 omni
1758 3069 2008 3116 creatura
2028 3076 2147 3127 sua,

580 3150 635 3199 et
653 3155 716 3197 ea
744 3139 863 3214 quae
890 3143 944 3199 in
970 3145 1233 3214 supernis,
1271 3156 1328 3202 et
1354 3162 1417 3203 ea
1452 3164 1571 3219 qua:
1601 3150 1655 3204 in
1683 3149 1881 3206 inlimis
1916 3162 2000 3207 est
2022 3166 2152 3208 con-

581 3233 788 3299 stituta,
830 3233 883 3287 in
911 3234 1116 3304 angelis
1151 3236 1398 3294 videlicet
1427 3246 1482 3294 et
1510 3238 1849 3308 hominibus,
1878 3242 2150 3298 humilita-

580 3330 687 3378 tem
714 3323 1022 3379 considerat
1051 3333 1106 3380 et
1132 3326 1359 3397 probat;
1385 3339 1644 3397 quantum
1686 3344 1907 3386 necesse
1929 3339 2014 3387 est
2052 3347 2149 3387 no-

576 3414 663 3469 bis
702 3413 992 3469 bumilitati
1029 3429 1242 3486 semper
1283 3419 1519 3485 studere,
1556 3419 1835 3490 ipsamque
1878 3420 1933 3475 in
1970 3421 2146 3475 omni-

576 3503 679 3561 bus
713 3519 1034 3561 conservare
1076 3513 1135 3559 ut
1174 3505 1254 3562 sic
1292 3506 1598 3578 placeamus
1637 3509 1903 3564 conditori
1940 3517 2145 3564 nostro.

579 3591 788 3660 Quanta
819 3600 999 3650 autem
1021 3594 1093 3649 sit
1115 3610 1259 3652 vera:
1302 3595 1623 3654 humilitatis
1660 3597 1852 3664 virtus,
1882 3596 2039 3653 facile
2078 3614 2147 3655 ex

576 3683 755 3738 verbis
780 3682 990 3739 Domini
1011 3684 1341 3756 agnoscitur,
1371 3685 1486 3757 qui,
1516 3694 1578 3742 ut
1603 3686 1908 3758 superbiam
1956 3686 2147 3743 Phari-

577 3786 807 3828 steorum
845 3773 1147 3839 damnaret,
1178 3775 1352 3830 dixit:
1386 3774 1570 3831 Omnis
1598 3776 1689 3850 qui
1720 3792 1776 3832 se
1802 3776 2023 3845 exultat,
2051 3777 2149 3832 hu-

577 3861 897 3924 miliabitur;
927 3870 975 3917 et
999 3863 1089 3932 qui
1120 3879 1174 3917 se
1193 3864 1455 3929 humiliat,
1483 3866 1801 3921 excitabitur
1819 3866 1981 3939 (Luc.
2008 3868 2143 3941 xlv).

580 3948 908 4004 Humilitatis
949 3950 1145 4020 quippe
1189 3953 1439 4022 passibus
1480 3955 1548 4008 ad
1577 3954 1700 4009 θωιί
1741 3955 1974 4011 culmina
2012 3970 2146 4012 eon-

579 4038 872 4103 scenditur,
899 4041 1041 4110 quod
1072 4040 1212 4096 Deus
1240 4041 1485 4097 excelsus
1508 4057 1612 4098 non
1635 4045 1904 4114 superbia,
1926 4045 2021 4101 sed
2041 4046 2144 4101 hu-

580 4128 809 4181 militate
837 4130 1140 4196 attingitur,
1164 4129 1230 4184 de
1252 4147 1360 4198 quo
1380 4133 1583 4190 dictum
1607 4145 1685 4192 est
1711 4156 1726 4192 :
1753 4137 1890 4193 Deus
1919 4139 2151 4204 superbis

583 4218 812 4275 resistit.
871 4216 1154 4272 humilibus
1200 4229 1373 4275 autem
1416 4223 1512 4278 dat
1559 4228 1793 4296 gratiam
1844 4229 2001 4302 (Jac.
2063 4244 2147 4291 tv:

2135 4273 2148 4291 9

586 4301 613 4357 1
651 4302 793 4359 Petr.
825 4301 902 4373 vt).
940 4301 1093 4359 Unde
1136 4313 1190 4361 ct
1227 4307 1281 4362 in
1332 4307 1561 4369 Psalmis
1612 4314 1812 4371 dicitur
1844 4335 1859 4373 :
1908 4316 2156 4373 Excelsus

582 4387 852 4454 Dominus,
884 4399 933 4443 et
957 4391 1176 4447 humilia
1210 4394 1437 4464 respicit,
1465 4405 1512 4450 et
1537 4395 1645 4450 alta
1670 4398 1871 4470 alonge
1890 4404 2146 4472 cognoscit

582 4474 761 4544 (Psal.
790 4478 1059 4549 cxxxvn).
1108 4481 1231 4536 Alta
1270 4483 1449 4552 posuit
1491 4499 1588 4554 pro
1617 4489 1894 4558 superbis;
1925 4491 2147 4548 humilia

581 4578 708 4618 vero
748 4567 997 4637 respicit,
1023 4578 1082 4624 ut
1110 4573 1347 4640 attollat;
1377 4575 1483 4630 alta
1500 4617 1514 4642 ,
1548 4578 1651 4633 hoc
1676 4589 1758 4635 est
1782 4583 2032 4652 superba,
2057 4599 2149 4640 co-

578 4653 826 4721 gnoscit,
882 4663 941 4709 ut
987 4656 1222 4725 dejiciat.
1278 4663 1558 4722 Discamus
1612 4669 2006 4739 humilitatem,
2051 4690 2149 4744 per

577 4759 736 4811 quam
757 4744 868 4799 Deo
890 4748 1250 4818 propinquare
1269 4755 1580 4822 poterimus,
1610 4756 1752 4812 sicut
1773 4758 1885 4828 ipse
1905 4759 1957 4813 in
1979 4760 2151 4817 Evan-

578 4833 716 4903 gelio
761 4833 1098 4891 aitzbiscite
1146 4856 1177 4892 a
1218 4856 1298 4894 me
1333 4844 1455 4912 quia
1504 4845 1643 4898 mitis
1687 4862 1805 4900 sum
1846 4858 1894 4902 et
1935 4848 2147 4906 humilis

561 4920 747 4985 'rorde,
773 4932 820 4975 et
847 4925 1113 4979 invenietis
1143 4929 1367 4997 requiem
1397 4932 1671 4986 animabus
1708 4935 1889 4988 vestris
1914 4934 2142 5008 (Matth.

578 5010 685 5082 xl).
728 5010 833 5065 Per
880 5013 1182 5082 superbiam
1232 5017 1492 5075 mirabilis
1530 5020 1843 5091 angelorum
1894 5034 2145 5081 creatura

574 5101 768 5156 cecidit
816 5103 881 5157 de
906 5104 1064 5169 coelo,
1097 5119 1195 5174 per
1222 5104 1578 5163 humilitatem
1613 5110 1707 5165 Dei
1753 5110 2015 5184 fragilitas
2041 5115 2143 5168 hu-

576 5207 746 5247 manae
774 5201 980 5248 naturai
1015 5195 1255 5250 ascendit
1291 5196 1347 5251 in
1386 5198 1599 5254 etclam.
1632 5199 1865 5257 Honesta
1890 5212 1972 5259 est
2001 5205 2146 5259 enim

575 5285 714 5338 inter
763 5285 1008 5341 homines
1055 5287 1376 5343 humilitatis
1416 5293 1767 5358 consuetudo,
1812 5293 1949 5349 sicut
1989 5295 2146 5350 Salo-

575 5387 699 5426 nmn
727 5374 802 5428 ait
834 5392 847 5428 :
880 5372 981 5429 Ubi
1011 5377 1170 5444 fuerit
1209 5378 1470 5447 superbia,
1504 5381 1575 5433 ibi
1603 5383 1700 5435 erit
1728 5392 1774 5436 et
1801 5382 2146 5450 contumelia;

576 5464 665 5517 ubi
687 5474 859 5520 autem
882 5466 1169 5535 humilitas,
1197 5469 1269 5521 ibi
1290 5478 1337 5522 et
1362 5471 1618 5539 sapientia
1648 5472 1837 5542 (Prov.
1869 5475 1956 5547 χι)
1979 5493 1995 5544 ;
2020 5476 2146 5532 item

2251 1704 2510 1775 dejectior
2537 1704 2642 1760 erit
2669 1716 2794 1760 ante
2834 1707 3020 1761 Deum.
3054 1708 3154 1776 Qui
3181 1711 3324 1764 enim
3355 1712 3470 1767 sine
3518 1713 3825 1769 humilitate

2249 1793 2389 1848 bona
2416 1808 2578 1863 opera
2617 1794 2747 1866 agit,
2798 1796 2848 1850 in
2872 1808 3089 1852 ventum
3125 1800 3398 1869 pulverem
3440 1810 3637 1872 portat.
3686 1805 3823 1861 Item

2251 1879 2535 1951 Scriptura
2558 1881 2687 1936 dicit
2714 1900 2726 1936 :
2757 1882 2895 1948 Quid
2918 1886 3145 1956 superbit
3167 1899 3307 1943 terra
3329 1901 3376 1944 et
3404 1891 3571 1945 cinis?
3611 1892 3629 1963 (
3653 1891 3823 1947 Eccli.

2250 1984 2308 2024 x.
2338 1967 2504 2033 )dum
2546 1980 2707 2025 vento
2751 1974 3012 2041 superbiae
3056 1974 3384 2047 dispergitur
3417 1980 3557 2048 quod
3595 1978 3824 2049 jejuniis

2250 2060 2335 2116 vel
2362 2060 2716 2133 eleemosynis
2751 2078 3078 2136 congregare
3116 2067 3344 2122 videtur.
3395 2068 3533 2135 Noli,
3569 2086 3603 2125 ο
3633 2072 3825 2134 homo,

2252 2148 2305 2203 in
2336 2149 2625 2205 virtutibus
2653 2151 2870 2221 gloriari
2899 2154 3023 2220 tuis,
3054 2155 3180 2226 quia
3207 2154 3432 2212 alterum
3457 2159 3741 2215 habiturus
3768 2175 3832 2215 es

2244 2238 2499 2307 judicem,
2534 2256 2641 2295 non
2663 2241 2913 2310 tcipsum,
2942 2243 2993 2297 in
3016 2242 3167 2313 cujus
3190 2256 3475 2315 conspectu
3505 2249 3735 2319 teipsum
3765 2251 3822 2305 in

2253 2329 2415 2383 corde
2440 2337 2534 2383 tuo
2562 2330 2777 2385 studeas
2803 2332 3111 2396 humiliare,
3140 2342 3403 2403 quatenus
3429 2343 3481 2390 te
3508 2336 3593 2393 ille
3611 2339 3826 2394 exaltet

2254 2420 2308 2474 in
2341 2429 2579 2491 tempore
2604 2422 2974 2478 retributionis
2998 2439 3126 2478 sum.
3156 2426 3425 2481 Descende
3449 2435 3509 2481 ut
3536 2430 3826 2494 ascendas,

2255 2512 2538 2568 humiliare
2570 2521 2624 2566 ut
2651 2514 2933 2580 exalteris,
2963 2529 3031 2570 ne
3056 2515 3324 2572 exaltatus
3362 2516 3696 2572 humilieris:
3732 2520 3833 2590 qui

2253 2600 2396 2656 enim
2428 2601 2527 2657 sibi
2554 2602 2675 2658 vilis
2704 2604 2914 2673 videtur
2946 2619 3082 2668 esse,
3115 2613 3240 2660 ante
3262 2606 3428 2661 Deum
3456 2607 3679 2676 pulcher
3703 2618 3828 2673 est;

2254 2693 2345 2761 qui
2389 2692 2491 2746 sibi
2528 2692 2834 2763 displicent,
2867 2694 2978 2749 Deo
3009 2693 3240 2764 placent.
3287 2695 3414 2751 Esto
3437 2695 3597 2766 igitur
3625 2711 3837 2766 parvus

2255 2781 2308 2835 in
2339 2781 2508 2836 oculis
2551 2782 2680 2847 tuis,
2717 2790 2775 2836 ut
2812 2783 2888 2838 sis
2922 2798 3145 2854 magnus
3184 2784 3241 2838 in
3276 2783 3446 2840 oculis
3494 2785 3621 2851 Dei;
3673 2793 3839 2841 tanto

2253 2868 2396 2922 enim
2422 2868 2530 2923 eris
2563 2870 2702 2939 apud
2727 2869 2893 2924 Deum
2920 2871 3226 2940 pretiosior,
3264 2881 3465 2943 quanto
3502 2871 3668 2929 fueris
3699 2886 3841 2931 ante

2252 2961 2437 3015 oculos
2479 2968 2601 3015 tuos
2647 2961 2966 3030 despectior.
3005 2961 3064 3017 In
3111 2977 3323 3018 summo
3362 2964 3565 3020 honore
3608 2980 3839 3021 summa

2252 3050 2349 3106 tibi
2372 3051 2443 3106 sit
2464 3050 2768 3117 humilitas;
2794 3052 3016 3107 honoris
3038 3050 3153 3106 laus
3173 3061 3255 3108 est
3277 3052 3593 3109 humilitatis
3616 3055 3837 3119 virtus;

2250 3142 2343 3197 sed
2389 3142 2532 3197 hanc
2575 3156 2718 3196 verte
2756 3141 3075 3198 humilitatis
3106 3144 3354 3199 virtutem
3401 3158 3559 3199 nemo
3598 3145 3721 3200 sine
3752 3148 3837 3201 ti-

2250 3243 2400 3285 more
2425 3230 2521 3285 Dei
2549 3231 2750 3287 babere
2788 3240 2986 3300 potest,
3014 3233 3140 3302 quia
3162 3248 3348 3288 eorum
3376 3243 3566 3289 neuter
3592 3235 3715 3292 sine
3744 3237 3839 3291 al-

2251 3327 2367 3374 tero
2404 3334 2524 3376 esse
2553 3327 2750 3389 potest.
2784 3320 2921 3387 Quid
2946 3329 3127 3377 autem
3156 3322 3318 3377 timor
3344 3323 3441 3379 Dei
3470 3324 3690 3390 elllciat,
3722 3325 3849 3381 fra.

2249 3417 2381 3475 tres,
2433 3408 2894 3465 audite:Initium
2944 3410 3246 3480 sapientia,
3289 3411 3446 3465 timor
3490 3412 3703 3467 Domini
3750 3426 3847 3469 est

2248 3497 2433 3571 (Psal.
2460 3498 2582 3571 cx).
2618 3498 2807 3569 Magna
2844 3508 2927 3555 est
2968 3500 3175 3555 cautela
3214 3502 3442 3572 peccati,
3487 3502 3580 3557 Dei
3606 3519 3851 3575 semper

2247 3588 2587 3660 prtesentiam
2621 3587 2832 3643 timere.
2866 3588 2966 3656 Qui
2997 3588 3236 3659 perfecte
3270 3590 3438 3646 Deum
3471 3591 3644 3658 timet,
3698 3593 3849 3649 dili-

2247 3684 2435 3749 genter
2461 3692 2521 3732 se
2546 3691 2578 3731 a
2601 3678 2839 3747 peccatis
2877 3677 3130 3733 custodit.
3172 3677 3406 3733 Timenti
3439 3680 3609 3736 Deum
3642 3681 3702 3736 in
3731 3699 3854 3739 no-

2245 3766 2469 3823 vissimo
2513 3766 2601 3821 die
2640 3767 2778 3823 bene
2816 3767 2943 3831 erit,
2989 3775 3046 3822 et
3069 3782 3278 3825 merces
3304 3767 3422 3838 ejus
3463 3770 3518 3825 in
3554 3778 3849 3830 mternum

2246 3864 2544 3929 permanet.
2587 3854 2688 3923 Qui
2715 3856 2986 3912 erubescit
3017 3857 3071 3911 in
3100 3866 3390 3928 conspectu
3433 3858 3670 3915 hominis
3698 3876 3856 3931 pec-

2247 3960 2394 4011 care,
2429 3953 2634 4015 quanto
2673 3946 2844 4016 magis
2885 3946 3105 4017 dignum
3148 3954 3231 4001 est
3256 3947 3396 4016 quod
3435 3949 3724 4003 erubescat
3780 3952 3857 4006 in

2248 4044 2542 4106 conspectu
2590 4034 2684 4091 Dei
2732 4034 3066 4106 iniquitatem
3120 4052 3302 4106 agere,
3356 4038 3449 4108 qui
3495 4055 3602 4095 non
3643 4040 3857 4098 solum

2246 4140 2443 4195 opera,
2492 4126 2587 4181 sed
2643 4126 2801 4182 corda
2853 4126 3194 4183 considerat!
3240 4127 3339 4194 Qui
3386 4128 3578 4184 timore
3626 4143 3860 4187 sancto

2248 4215 2417 4271 Deum
2467 4224 2749 4280 metuunt,
2801 4216 3081 4286 inquirunt
3128 4231 3248 4287 quae
3295 4216 3494 4286 placita
3544 4229 3674 4274 sunt
3722 4222 3856 4277 illi.

2174 4270 2224 4330 Β
2247 4307 2401 4362 Alius
2428 4317 2512 4362 est
2538 4308 2701 4362 timor
2726 4307 2957 4362 ﬁliorum
3001 4307 3140 4364 alius
3185 4315 3270 4364 est
3313 4309 3475 4365 timor
3494 4324 3798 4368 servorum
3840 4331 3864 4369 :

2250 4400 2391 4455 servi
2437 4400 2579 4456 enim
2626 4410 2845 4472 propter
2884 4407 3150 4457 tormenta
3184 4401 3430 4459 dominos
3469 4405 3688 4470 timent,
3731 4407 3868 4465 ﬁlii

2250 4506 2377 4548 vero
2405 4500 2623 4566 propter
2648 4508 2886 4550 amorem
2930 4495 3102 4565 patris
3126 4494 3336 4551 timent.
3381 4496 3440 4553 Si
3469 4496 3563 4553 filii
3590 4499 3690 4555 Dei
3737 4518 3873 4558 su-

2251 4599 2391 4647 mus,
2421 4583 2707 4640 timeamus
2732 4598 2855 4640 eum
2882 4601 2949 4640 ex
2976 4586 3257 4642 charitatis
3280 4587 3581 4654 dulcedine,
3611 4605 3725 4646 non
3780 4595 3878 4651 de

2249 4673 2463 4730 timoris
2489 4674 2865 4730 amaritudine.
2893 4674 3065 4732 Homo
3090 4676 3307 4747 sapiens
3336 4678 3387 4733 in
3422 4680 3676 4737 omnibus
3700 4698 3882 4754 ope—

2248 4764 2397 4819 ribus
2434 4764 2547 4821 suis
2588 4765 2757 4820 Deum
2802 4768 3028 4833 metuit,
3074 4767 3252 4823 sciens
3289 4782 3347 4823 se
3390 4766 3505 4836 ejus
3545 4784 3885 4840 nunquam

2250 4855 2590 4922 prmsentiam
2626 4853 2863 4926 eﬂ'ugere
2888 4871 3067 4926 posse,
3107 4856 3245 4912 sicut
3279 4856 3562 4913 Psalmista
3604 4859 3730 4915 Deo
3768 4867 3893 4921 di-

2248 4942 2323 4996 cit
2346 4960 2359 4995 :
2394 4942 2508 5008 Quo
2528 4943 2611 4997 ibo
2635 4959 2667 4996 α
2691 4944 2879 5014 spiritu
2901 4952 3013 5011 tuo,
3042 4953 3092 4999 et
3111 4962 3142 4998 α
3168 4944 3302 5015 facie
3329 4955 3418 5000 tua
3444 4963 3544 5017 quo
3574 4947 3824 5018 fugiam
3862 4959 3897 4996 ν

2247 5028 2421 5100 (Psal.
2450 5045 2686 5086 cxxxvm
2704 5029 2745 5103 ;)
2775 5032 2903 5087 item
2924 5050 2938 5087 :
2956 5035 3081 5105 quia
3109 5050 3271 5104 neque
3292 5035 3356 5088 ab
3392 5034 3623 5099 Oriente,
3660 5055 3897 5111 neque

2248 5119 2311 5172 ab
2342 5118 2637 5186 Occidente,
2656 5122 2991 5189 subauditur,
3018 5130 3162 5194 patet
3190 5124 3341 5181 locus
3360 5125 3595 5197 fugiendi
3628 5128 3898 5191 Deum.

2248 5209 2350 5278 Qui
2386 5211 2540 5267 timet
2565 5213 2733 5268 Deum
2763 5214 2991 5285 accipiet
3031 5215 3328 5271 doctrinam
3359 5216 3505 5285 ejus;
3537 5225 3594 5271 et
3627 5221 3747 5289 qui
3791 5228 3911 5281 vi-

2248 5301 2533 5372 gilaverint
2556 5302 2611 5356 in
2639 5304 2905 5359 mandatis
2925 5302 3062 5372 ejus,
3088 5305 3360 5360 invenient
3394 5305 3916 5372 benedictione":

2249 5390 2649 5460 sempiternam.
2683 5392 2947 5448 Timentis
2969 5392 3137 5448 Deum
3167 5394 3322 5449 beata
3363 5402 3447 5449 est
3482 5396 3694 5460 anima,
3743 5413 3831 5455 et
3874 5422 3918 5460 ει

2252 5480 2548 5536 tentatione
2573 5482 2834 5537 diabolica
2877 5492 2990 5537 tuta
3016 5496 3276 5541 remanet.
3322 5486 3514 5541 Beatus
3545 5488 3727 5545 homo
3784 5500 3925 5558 qui
