4040 6188
288 247 368 303 tat
456 218 461 223 ’
1248 238 1685 331 nonius:ng
1725 241 1843 297 res

1943 242 1966 296 5
2005 241 2417 309 PRrEClPUlS,
2458 242 2609 298 ETC.

3440 249 3545 305 ΗΞ

286 373 472 427 seraper
495 366 571 412 est
604 356 832 427 pavidus
863 353 1058 430 (Prov.
1105 357 1342 427 xxviii),
1389 366 1442 411 ct
1477 358 1564 412 cui
1606 358 1859 412 donatum
1891 363 1935 421 Α
1965 356 2142 409 anima
2170 372 2283 410 mea
2324 357 2377 410 in
2406 358 2544 410 atria
2584 356 2810 411 Domini.
2858 355 2962 412 Cor
2992 342 3160 413 meum
3185 369 3232 414 et
3255 376 3379 415 caro
3406 378 3541 431 mea,

286 460 360 504 est
385 447 474 502 Dei
509 446 768 501 timorem
797 460 1015 515 semper
1040 452 1165 501 ante
1188 446 1379 501 oculos
1411 446 1630 502 habere.
1658 446 1759 514 Qui
1793 447 1860 500 ti-

286 549 383 594 met
402 537 717 602 Dominum,
744 537 950 592 recedit
978 537 1048 591 ab
1079 536 1274 591 itinere
1301 552 1490 606 pravo,
1518 545 1572 593 et
1596 538 1663 592 ad
1690 538 1861 592 virtu-

286 645 388 687 tum
423 630 677 686 semitam
709 629 830 683 vias
867 642 994 682 suas
1035 627 1240 698 dirigit.
1284 627 1471 682 Timor
1511 628 1608 683 Dei
1650 629 1862 699 repellit

283 729 495 792 peccata
525 729 581 775 et
611 717 799 787 adjicit
833 718 1105 772 virtutes:
1134 718 1298 772 timor
1339 725 1556 772 cautum
1593 718 1723 774 facit
1763 719 1860 775 ho—

283 813 469 867 minem
497 820 554 865 et
592 810 886 866 sollicitum
923 824 990 864 ne
1020 817 1238 878 peccet;
1284 810 1376 864 ubi
1410 826 1539 865 vero
1576 811 1739 866 timor
1763 813 1857 867 Dei

282 919 377 957 non
404 910 506 965 est,
534 902 608 955 ibi
629 900 916 956 dissolutio
933 900 1057 955 vita:
1082 909 1189 955 est.
1218 898 1318 966 Qui
1351 900 1518 955 Deum
1549 901 1601 955 in
1630 918 1857 972 prospe-

280 998 349 1051 ris
370 1010 476 1049 non
504 995 684 1056 timet,
718 994 911 1048 timeat
933 992 1018 1047 vel
1059 993 1110 1047 in
1142 992 1417 1058 adversis;
1444 992 1673 1063 refugiat
1701 996 1768 1049 ad
1798 995 1857 1047 ει-

280 1088 397 1149 lum,
427 1085 523 1154 qui
551 1082 786 1154 flagellat
810 1092 866 1138 et
889 1091 1047 1138 sanat
1080 1101 1093 1136 :
1120 1082 1313 1137 Beatus
1341 1083 1418 1137 vir
1439 1084 1529 1154 qui
1564 1085 1708 1138 timet
1746 1086 1854 1139 Do-

276 1179 488 1240 mium,
538 1176 596 1228 in
640 1172 909 1228 mandatis
950 1173 1065 1243 ejus
1105 1175 1247 1243 cupit
1290 1174 1444 1228 nimis
1474 1174 1492 1245 (
1518 1173 1663 1229 Psal.
1713 1176 1852 1247 CXI).

275 1269 450 1321 Timor
482 1266 582 1320 Dei
611 1266 864 1320 timorem
888 1263 1110 1334 expellit
1135 1264 1417 1334 gehennm,
1449 1264 1574 1333 quia
1608 1264 1736 1320 facit
1764 1266 1856 1320 ho-

274 1360 463 1413 minem
516 1366 803 1428 peccatum
846 1370 1043 1412 cavere
1081 1364 1137 1411 et
1182 1354 1407 1425 iustitiae
1458 1373 1624 1427 opera
1668 1373 1848 1427 agere.

274 1451 389 1505 Post
435 1453 557 1505 htec
598 1450 668 1504 ad
710 1448 858 1503 illum
903 1448 1186 1518 perveniet
1231 1449 1480 1505 timorem
1516 1450 1609 1519 qui
1656 1451 1853 1507 dicitur

273 1551 487 1596 sanctus
514 1552 573 1595 et
607 1549 894 1609 permanet
928 1540 981 1594 in
1011 1539 1265 1595 smculum
1294 1540 1476 1595 sazculi
1524 1542 1652 1612 quia
1685 1544 1849 1598 estin

271 1631 575 1685 dilectione.
605 1629 699 1685 Sic
738 1644 891 1700 ergo,
919 1628 1132 1695 fratres,
1158 1631 1442 1685 timeamus
1475 1631 1643 1687 Deum
1680 1644 1740 1688 ut
1767 1635 1850 1689 di-

1963 448 2349 503 exsultaverunt
2372 449 2426 502 in
2450 449 2615 503 Deum
2642 452 2811 504 vivum
2836 448 3007 522 (Psal.
3032 456 3282 520 Lxxxut).
3301 454 3546 520 Quatuor

1964 553 2197 609 namque
2226 547 2352 593 sunt
2379 539 2666 608 qualitates
2690 539 3034 596 aﬂ'ectionum
3064 542 3260 610 quibus
3287 544 3545 612 cogitatio

1955 628 2085 698 juSti
2123 630 2278 683 Ledio
2305 630 2507 684 salubri
2546 631 2953 701 compungitur,
2986 633 3090 687 hoc
3126 641 3237 697 est,
3280 635 3541 689 memoria

1959 721 2357 790 prmteritormn
2383 720 2703 787 facinorum,
2746 724 3050 779 recordatio
3079 724 3381 781 futurarum
3427 742 3542 797 pm-

1959 826 2174 876 narum,
2221 811 2587 865 consideratio
2632 813 3081 882 peregrinationis
3122 829 3233 869 sum
3282 816 3337 869 in
3382 815 3543 883 hujus

1960 900 2082 954 vitte
2120 900 2360 964 miseria,
2391 901 2715 955 desiderium
2762 917 3007 971 superna:
3039 904 3245 972 patriae,
3274 914 3541 974 quatenus

1958 991 2025 1044 ad
2071 1005 2191 1044 eam
2228 991 2552 1060 quantocius
2598 990 2774 1045 valeat
2807 994 3110 1061 pervenire.
3153 995 3378 1061 Quando
3408 1013 3540 1066 ergo

1958 1079 2060 1133 ista
2083 1080 2136 1133 in
2163 1081 2329 1135 corde
2373 1080 2604 1135 hominis
2646 1081 2798 1144 fiunt,
2846 1082 3125 1138 sciendum
3151 1094 3236 1139 est
3264 1092 3392 1141 tunc
3420 1102 3541 1142 esse

1958 1172 2126 1226 Deum
2166 1186 2264 1241 per
2302 1172 2531 1241 gratiam
2560 1172 2797 1226 humata
2822 1174 2969 1228 cordi
2999 1182 3353 1243 prasentem;
3396 1176 3540 1230 unde

1954 1270 2011 1318 et
2039 1262 2092 1316 in
2123 1261 2329 1331 psalmo
2348 1260 2546 1315 dicitur
2571 1280 2583 1315 :
2610 1261 2749 1315 Deus
2769 1263 2929 1316 vitam
2957 1280 3128 1317 meam
3158 1266 3393 1320 nuntiari
3412 1266 3540 1321 tibi:

1952 1354 2172 1425 posuisti
2217 1353 2476 1423 lacrgnms
2519 1368 2659 1406 meas
2709 1354 2763 1405 in
2803 1362 3078 1421 conspectu
3129 1362 3251 1419 tuo,
3306 1356 3439 1409 sicut
3484 1356 3541 1408 in

1953 1445 2294 1516 promissione
2318 1455 2410 1498 tua
2453 1444 2470 1512 (
2503 1442 2646 1498 Psal.
2676 1459 2740 1498 ιν
2769 1444 2810 1514 ).
2852 1443 3147 1500 Promissio
3188 1444 3535 1516 indulgentia:

1953 1553 2117 1607 quam
2150 1538 2415 1592 habemus
2444 1553 2474 1589 a
2504 1536 2633 1601 Deo,
2673 1537 2943 1607 lacrymas
2979 1537 3313 1608 paenitentia:
3340 1538 3543 1592 excitat

1954 1627 2102 1682 cordi
2145 1635 2352 1683 nostro.
2394 1629 2704 1682 'l‘hcsaurus
2730 1627 3105 1682 desiderabilis
3150 1628 3203 1681 in
3237 1630 3399 1701 corde
3442 1628 3542 1682 ho-

272 1722 493 1792 ligamus
521 1737 687 1785 eum;
717 1723 844 1792 quia
886 1722 1116 1792 perfecta
1149 1723 1381 1777 charitas
1415 1723 1561 1792 fora;
1588 1725 1746 1778 mim't
1777 1727 1849 1780 ιε..
1878 1713 1925 1770 Β
1955 1716 2132 1780 minis,
2180 1717 2613 1785 compunctionis
2640 1717 2866 1771 dulcedo
2898 1731 2912 1769 :
2945 1718 3125 1771 anima
3157 1717 3393 1772 hominis
3414 1733 3538 1786 qua:

270 1830 459 1868 rnorem
495 1812 559 1883 (1
590 1811 755 1866 loun.
789 1813 876 1880 IV)
906 1811 1186 1875 servilem;
1215 1822 1379 1881 atque
1400 1813 1476 1868 ita
1506 1813 1704 1868 habere
1725 1830 1850 1884 pos-

268 1905 430 1959 simus
490 1904 876 1959 abundantiam
942 1904 1284 1965 securitatis,
1351 1911 1408 1958 et
1460 1904 1847 1974 plenitudinem

268 1994 505 2047 oumium
544 1993 835 2048 bonorum.
889 1992 1041 2049 Unde
1085 2002 1139 2047 et
1184 1992 1451 2063 Pmpheta
1507 1995 1583 2048 ait
1612 2013 1625 2047 :
1653 1995 1848 2051 Timete

267 2086 573 2149 Dominum,
624 2102 802 2139 omnes
837 2085 1008 2139 sancti
1053 2086 1196 2155 ejus,
1237 2088 1484 2155 quoniam
1531 2087 1663 2142 nihil
1705 2088 1846 2143 deest

268 2175 564 2229 timentibus
600 2190 740 2229 eum.
787 2174 984 2229 Dirites
1022 2184 1270 2245 eguerunt
1307 2186 1355 2229 et
1404 2178 1719 2243 esurierunt,
1759 2180 1845 2232 in-

263 2270 521 2338 quirente:
570 2278 744 2322 autem
784 2266 1065 2320 Dominum
1095 2283 1197 2320 non
1238 2266 1477 2336 deficient
1521 2270 1661 2322 omni
1711 2270 1844 2324 bona

264 2359 432 2435 (Paul.
463 2359 683 2433 sunt).
706 2361 1051 2430 Quapropter
1076 2361 1304 2414 obsecro
1332 2374 1449 2425 vos,
1481 2360 1842 2428 dilectissimi,

261 2460 319 2507 ut
356 2453 613 2507 tiutorem
651 2451 741 2504 Dei
773 2463 991 2519 semper
1024 2458 1149 2504 ante
1189 2450 1387 2505 mentis
1425 2459 1620 2507 vestae
1658 2452 1844 2508 oculos

262 2543 505 2598 habeatis
523 2551 585 2596 et
607 2541 933 2596 oblivionem
967 2547 1356 2609 praeceptorum
1394 2540 1490 2594 Dei
1518 2542 1739 2596 omnino
1763 2541 1845 2597 fu-

259 2635 448 2704 giatis,
487 2634 732 2702 illudque
775 2633 964 2688 sedulo
1017 2632 1265 2703 cogitetis
1310 2632 1545 2702 qualiter
1593 2633 1844 2689 timentes

260 2728 422 2783 Deum
457 2735 514 2781 et
538 2726 815 2781 mandatis
850 2726 967 2797 ejus
991 2725 1305 2781 obedientes
1340 2726 1408 2780 ad
1435 2727 1601 2781 vitam
1638 2728 1843 2782 vadunt

258 2826 602 2887 perpetuam;
664 2824 1074 2871 contemnentes
1123 2830 1252 2870 vero
1303 2824 1358 2870 et
1408 2826 1672 2887 prtecepta
1723 2817 1840 2886 ejus

257 2912 594 2975 spernentes,
628 2905 684 2960 in
713 2920 930 2975 pmnam
955 2906 1108 2959 ibunt
1134 2914 1421 2971 teternam;
1457 2907 1841 2962 humilitatem-

257 3008 358 3063 que
390 3008 580 3048 veram
630 2992 688 3047 in
728 2994 895 3048 corde
936 3002 1116 3048 vestro
1153 2994 1298 3049 intus
1334 2995 1612 3062 habeatis,
1652 2997 1839 3067 sicque

258 3097 369 3138 eam
400 3099 509 3139 non
542 3082 671 3139 ficte
709 3084 952 3138 moribus
975 3098 1159 3139 coram
1201 3086 1462 3156 proximis
1489 3087 1684 3142 vestris
1710 3088 1839 3143 insi-

257 3174 451 3238 nuetis,
479 3183 545 3228 ut
572 3173 702 3243 ipsi,
735 3174 893 3229 bonis
915 3174 1176 3245 exemplis
1203 3176 1399 3230 vestris
1426 3176 1698 3243 instructi,
1728 3179 1842 3249 glo-

258 3261 460 3318 riﬁcent
510 3263 708 3327 Deum,
757 3271 813 3317 et
847 3261 1124 3317 vobiscum
1155 3272 1417 3319 aeternam
1457 3264 1510 3318 in
1541 3266 1694 3321 cmlis
1721 3276 1838 3322 stu-

258 3352 412 3407 deant
460 3353 746 3423 percipere
795 3353 1286 3408 remunerationem
1326 3371 1339 3407 :
1383 3365 1679 3423 pmstante
1735 3358 1841 3412 Do-

259 3446 397 3500 mino
428 3453 620 3500 nostro
650 3443 782 3499 Jesu
816 3443 1058 3509 Christo,
1081 3446 1174 3515 qui
1200 3461 1323 3501 cum
1360 3445 1523 3502 Patre
1549 3456 1606 3502 et
1634 3445 1839 3517 Spiritu

260 3546 437 3592 sancto
464 3537 600 3590 vivit
628 3544 687 3590 et
729 3546 921 3607 regnat
965 3538 1127 3602 Deus,
1159 3552 1258 3608 per
1282 3539 1465 3593 omnia
1505 3539 1696 3595 stecula
1733 3554 1836 3595 sa:-

259 3629 514 3685 calorum.
541 3628 744 3683 Amen.

825 3740 1106 3797 HOMILIA
1159 3741 1273 3797 LV.

261 3849 320 3888 DE
353 3848 709 3891 εοκηεειοαε
747 3850 813 3889 ΔΩ
843 3849 1190 3890 ΡωΝΙΤΕΝἸΊΔ
1225 3849 1400 3897 ATQUE
1429 3849 1835 3891 COMPUNCTIONE

946 3918 1153 3959 CORDIS.

320 3996 683 4054 Considerare
720 4012 821 4052 nos
847 4002 1077 4064 oportet,
1115 3993 1311 4050 fratres
1352 3995 1676 4060 charissimi,
1707 3996 1837 4065 quid

260 4088 403 4142 mbis
422 4086 714 4157 Scriptura
738 4099 894 4140 sacra
914 4083 1154 4137 insinuet
1175 4082 1503 4149 faciendum,
1530 4099 1640 4153 quo
1666 4085 1837 4154 possi-

260 4195 369 4235 mus
388 4180 655 4251 gehennae
681 4176 927 4232 devitarc
952 4182 1278 4230 tormentum
1300 4184 1356 4229 et
1373 4176 1440 4229 ad
1472 4175 1692 4231 cmleste
1713 4190 1837 4245 per-

257 4270 433 4325 venire
478 4266 772 4340 gaudium,
833 4264 1064 4335 qualiter
1108 4263 1306 4318 bonum
1355 4265 1498 4332 quod
1545 4274 1834 4334 peccantes

256 4359 609 4431 perdidimus,
654 4357 983 4427 pmnitentes
1012 4369 1392 4424 recuperemus
1426 4373 1438 4408 :
1472 4357 1616 4424 quod
1647 4357 1831 4425 utique
1862 4396 1907 4455 υ

258 4468 356 4507 non
399 4451 564 4505 aliter
601 4449 664 4504 fit
721 4449 824 4503 nisi
866 4463 965 4518 per
981 4447 1251 4503 salubrem
1280 4452 1745 4517 compunctiouem
1775 4458 1832 4503 et

255 4557 432 4597 veram
474 4539 899 4596 confessionem.
944 4537 1297 4607 Compunctio
1336 4538 1498 4609 igitur
1542 4538 1723 4594 cordis
1761 4554 1827 4594 ex

255 4634 576 4691 humilitatis
624 4633 826 4686 virtute
852 4631 1115 4695 nascitur,
1146 4632 1212 4687 de
1250 4632 1663 4702 compunctione
1704 4646 1832 4687 eon-

257 4725 414 4781 fessio
461 4733 836 4796 peccatorum,
884 4722 951 4778 de
992 4722 1330 4778 confessione
1381 4723 1715 4793 poenitentia,
1766 4724 1834 4779 de

257 4815 569 4886 paenitentia
622 4827 748 4868 vera
792 4811 1072 4882 proveniet
1120 4810 1436 4866 delictorum
1480 4811 1828 4883 indulgentia.

255 4906 610 4977 Compunctio
643 4904 827 4960 cordis
854 4911 937 4958 est
968 4903 1246 4958 humilitas
1280 4904 1476 4959 mentis
1508 4919 1632 4960 cum
1660 4905 1834 4977 laet-y-

255 4999 353 5052 mis
395 5005 454 5050 et
491 4994 874 5052 recordatione
920 5001 1267 5064 peccatorum
1310 5002 1367 5047 et
1398 4994 1594 5049 timore
1621 4994 1829 5063 iudicii.

256 5085 328 5140 Ex
355 5087 578 5158 gemino
622 5085 769 5139 fonte
799 5084 1232 5155 compunctionis
1268 5084 1444 5139 solent
1470 5085 1734 5155 proﬂuere
1756 5086 1834 5140 la-

256 5189 464 5244 tr,m;e,
496 5174 604 5229 hoc
633 5181 740 5238 est,
768 5182 863 5228 aut
884 5172 1012 5227 dum
1045 5187 1198 5229 mens
1216 5187 1441 5243 operum
1468 5190 1686 5230 suorum
1718 5177 1833 5232 dili-

253 5266 462 5333 gentius
492 5266 633 5318 mala
663 5264 1002 5325 considerat,
1045 5274 1138 5318 aut
1161 5265 1288 5319 dum
1314 5263 1580 5321 desiderio
1615 5275 1831 5323 aeterna:

253 5357 371 5410 vitze
403 5358 665 5426 suspirat.
710 5355 864 5411 Unde
904 5364 959 5410 et
996 5355 1261 5425 Propheta
1297 5356 1408 5409 ait:
1439 5355 1614 5411 Sitivit
1655 5360 1833 5413 anima

253 5462 363 5500 mea
402 5447 472 5500 ad
508 5446 682 5501 Deum
732 5446 928 5511 uicum,
974 5446 1184 5516 quando
1228 5446 1434 5500 veniam
1481 5456 1529 5499 et
1575 5448 1832 5517 apparebo

248 5549 367 5593 ante
387 5538 575 5610 faciem
599 5538 705 5593 Dei
719 5539 745 5591 ?
762 5537 976 5607 fuerunt
1000 5539 1129 5593 mihi
1151 5538 1397 5609 lacrymtc
1415 5553 1544 5593 mea:
1566 5555 1726 5608 panes
1747 5541 1834 5596 die

241 5631 669 5707 acnorte(Psaf.
711 5631 835 5703 xu)
862 5647 877 5696 ;
909 5632 1088 5686 item:
1140 5630 1493 5704 Concupiscit
1543 5640 1594 5687 et
1644 5633 1829 5706 defecit

1951 1808 2004 1862 in
2037 1808 2282 1861 oratione
2324 1807 2721 1877 compungitur,
2748 1805 2905 1860 valde
2941 1805 3016 1859 illi
3059 1805 3272 1875 proficit
3298 1806 3366 1859 ad
3393 1806 3537 1860 salu-

1952 1909 2080 1954 tem.
2130 1899 2265 1953 Cum
2320 1913 2417 1967 per
2465 1899 2767 1953 orationem
2819 1897 3164 1967 compunctio
3211 1894 3532 1959 effunditur,

1949 1990 2184 2060 Spiritus
2224 1989 2396 2043 sancti
2435 1989 2776 2059 prmsentiam
2805 1987 3062 2043 cordibus
3104 1986 3306 2041 nostris
3345 1985 3534 2042 adesse

1947 2091 2056 2131 non
2094 2076 2313 2130 dubium
2358 2083 2439 2130 est
2480 2091 2492 2127 :
2528 2074 2623 2129 sed
2660 2082 2788 2129 tunc
2827 2073 3060 2129 salubris
3101 2079 3187 2126 est
3231 2071 3347 2141 ipsa
3387 2086 3540 2126 com-

1946 2166 2166 2236 punctio
2192 2168 2407 2236 quando
2435 2165 2708 2219 hominem
2738 2170 3000 2234 provocat
3036 2162 3103 2216 ad
3136 2160 3535 2217 confessionem

1944 2264 2292 2326 peccatorum
2328 2264 2383 2310 et
2411 2254 2478 2309 ad
2501 2253 2911 2308 conversionem
2946 2250 3186 2307 melioris
3214 2250 3357 2305 vitm.
3391 2250 3532 2305 lior-

1947 2355 2092 2402 tatur
2121 2347 2306 2416 itaque
2344 2359 2443 2400 nos
2488 2346 2688 2415 smpius
2714 2353 2901 2399 sancta
2933 2343 3214 2413 Scriptura
3256 2344 3326 2398 ad
3361 2344 3532 2398 medi-

1943 2446 2191 2494 camenta
2225 2437 2411 2507 fugere
2439 2435 2793 2492 confessionis
2829 2450 2844 2490 :
2874 2450 2979 2491 non
3023 2438 3166 2504 quod
3210 2435 3354 2490 Deus
3393 2435 3535 2490 iudi-

1943 2539 2068 2602 geat
2112 2528 2469 2586 confessionis
2517 2536 2746 2592 nostrae,
2803 2527 2890 2583 cui
2936 2526 3114 2581 omnia
3159 2535 3357 2596 praesto
3404 2535 3536 2581 sunt

1941 2634 2064 2689 qum
2085 2619 2407 2688 cogitamus,
2438 2616 2710 2687 loquimur
2731 2624 2824 2671 aut
2859 2617 3106 2683 agimus;
3131 2616 3225 2671 sed
3251 2631 3349 2670 nos
3377 2615 3534 2670 aliter

1941 2708 2076 2763 salvi
2105 2708 2221 2762 fieri
2248 2722 2353 2762 non
2389 2721 2696 2778 possumus,
2730 2707 2835 2761 nisi
2874 2704 3234 2761 confiteantur
3261 2706 3530 2775 paeniten-

1944 2807 2025 2854 tes
2058 2814 2177 2869 qum
2213 2798 2399 2868 inique
2434 2798 2703 2867 gessimus
2744 2796 3096 2868 negligentes.
3152 2796 3253 2864 Qui
3290 2797 3530 2866 seipsum

1940 2898 2161 2945 accusat
2204 2890 2257 2945 in
2294 2890 2537 2960 peccatis
2578 2889 2712 2954 suis,
2743 2890 2887 2945 hunc
2926 2889 3172 2945 diabolus
3217 2904 3324 2943 non
3366 2889 3533 2943 habet

1940 2993 2138 3047 iterum
2168 3008 2428 3048 accusare
2456 2992 2508 3047 in
2548 2990 2636 3046 die
2667 2989 2857 3059 judicii
2890 2992 2974 3046 :si
3026 2999 3203 3046 tamen
3241 2989 3533 3045 conﬁtetur

1941 3092 2275 3163 pmnitendo,
2321 3091 2478 3147 diluit
2516 3107 2636 3161 qua:
2688 3090 2833 3156 fecit,
2895 3106 2995 3147 nec
3046 3091 3244 3146 iterum
3302 3098 3528 3146 renovat

1940 3199 2061 3254 qum
2090 3184 2218 3255 egit.
2245 3182 2580 3253 Conﬁtemini
2602 3223 2617 3247 ,
2669 3182 2799 3238 dicit
2834 3181 3071 3238 Iacobus
3106 3181 3402 3254 apostolus,
3439 3180 3522 3235 al-

1940 3286 2197 3331 terutrum
2216 3284 2429 3347 peccata
2455 3284 2647 3340 vestra,
2680 3284 2727 3329 et
2748 3285 2894 3329 orate
2926 3290 3021 3345 pro
3041 3275 3257 3328 invicem
3283 3282 3337 3327 ut
3358 3272 3530 3327 salt-e-

1938 3371 2070 3423 mini
2106 3368 2258 3442 (Jac.
2286 3368 2386 3440 v);
2432 3369 2560 3423 item
2597 3368 2784 3423 beatus
2819 3367 3018 3422 Paulus
3063 3368 3341 3438 apostolus
3380 3384 3393 3420 :
3425 3364 3534 3420 Ore

1939 3470 2135 3525 autem,
2175 3459 2369 3529 inquit,
2412 3458 2669 3528 confessio
2712 3459 2773 3527 ﬁt
2811 3458 2881 3511 ad
2920 3457 3143 3512 salutem
3179 3456 3367 3528 (Rom.
3406 3456 3522 3526 x);

1939 3552 2034 3606 sed
2068 3559 2122 3607 et
2165 3549 2419 3606 Salomon
2449 3550 2516 3607 de
2553 3550 2896 3606 confessione
2943 3560 3290 3619 peccatorum
3342 3546 3478 3601 dixit
3508 3563 3526 3603 :

1941 3640 2046 3707 Qui
2086 3640 2355 3695 abscondit
2388 3638 2586 3694 scelera
2621 3656 2719 3693 sua
2752 3654 2856 3691 non
2886 3637 3143 3707 dirigetur
3168 3651 3189 3690 :
3217 3636 3308 3705 qui
3345 3643 3521 3687 autem

1938 3732 2204 3802 confessus
2230 3730 2409 3801 fuerit,
2431 3739 2480 3784 et
2508 3729 2772 3800 reliquerit
2795 3743 2880 3791 ea,
2904 3724 3320 3779 misericordiam
3342 3738 3526 3777 conse-

1934 3830 2124 3893 quetur
2152 3822 2171 3890 (
2195 3817 2354 3872 Prov.
2394 3815 2615 3886 xxvnt).
2650 3815 2900 3885 Magnum
2926 3821 3033 3876 est,
3079 3810 3300 3875 fratres,
3334 3808 3528 3867 salutis

1936 3912 2411 3973 medicamentum,
2463 3922 2570 3963 non
2618 3907 2817 3963 iterare
2857 3920 2978 3976 quze
3027 3904 3192 3975 impie
3230 3904 3518 3977 gessimus,

1936 4017 2039 4059 nec
2081 4002 2317 4072 priorem
2343 3999 2654 4055 cicatricem
2690 3998 2972 4054 vulnerum
3007 3986 3345 4061 resauciare;
3374 3996 3517 4052 unde

1935 4093 2068 4149 dicit
2109 4090 2346 4147 Joannes
2389 4090 2719 4161 evangelista
2756 4107 2769 4143 :
2820 4088 2878 4144 Si
2928 4088 3263 4157 conﬁteamm
3306 4095 3523 4157 peccata

1935 4193 2137 4250 nostra,
2174 4182 2347 4253 ﬁdelis
2388 4192 2463 4236 est
2512 4181 2655 4236 Deus
2692 4190 2743 4235 et
2769 4180 2950 4251 justus
2998 4189 3053 4232 ut
3094 4180 3323 4233 remittat
3375 4178 3524 4233 nobis

1932 4282 2166 4345 peccata,
2192 4283 2240 4328 et
2263 4273 2476 4327 munde!
2501 4290 2593 4328 nos
2615 4271 2679 4327 ab
2705 4273 2847 4325 omni
2867 4271 3142 4341 iniquitate
3165 4268 3218 4340 (I
3246 4268 3407 4323 Joan.
3439 4270 3515 4339 t);

1934 4364 2185 4419 similiter
2210 4373 2266 4419 et
2289 4362 2576 4418 Psalmista
2621 4362 2696 4416 ait
2725 4377 2738 4414 :
2777 4360 2899 4413 Dixi
2932 4356 3215 4427 conﬁtebor
3241 4357 3518 4412 adversum

1934 4471 2017 4508 me
2044 4454 2360 4525 injustitiam
2400 4470 2565 4508 meam
2600 4452 2855 4514 Domino,
2896 4459 2944 4503 et
2981 4458 3038 4501 tu
3070 4448 3310 4501 remisisti
3338 4448 3522 4519 impie-

1935 4552 2094 4597 tatem
2134 4544 2330 4613 peccati
2374 4544 2475 4596 mei
2520 4539 2711 4613 (Psal.
2746 4539 2929 4610 xxxi).
2976 4538 3174 4595 Vivens
3199 4538 3523 4595 confiteatur

1937 4641 2191 4701 peccator
2218 4646 2337 4700 qute
2365 4630 2514 4695 fecit,
2542 4630 2667 4700 quia
2696 4644 2802 4683 non
2828 4636 2912 4684 est
2946 4627 3222 4683 fructuosa
3248 4628 3520 4685 confessio

1939 4722 2078 4790 apud
2104 4721 2324 4786 inferos,
2358 4737 2456 4776 nec
2478 4719 2793 4792 poenitentia
2822 4719 2888 4774 ad
2920 4719 3146 4775 salutem
3183 4721 3473 4790 proficiens
3500 4740 3516 4777 :

1938 4827 2064 4867 cccc
2083 4828 2226 4867 nunc
2257 4822 2463 4881 tempus
2490 4812 2701 4876 salutis,
2722 4826 2849 4867 ecce
2873 4827 3017 4867 nunc
3040 4820 3249 4882 tempus
3272 4826 3519 4883 accepta-

1937 4903 2045 4958 bilc
2074 4903 2202 4957 Deo.
2233 4903 2468 4973 Tempus
2510 4912 2591 4957 est
2639 4917 2784 4957 nunc
2827 4903 3162 4959 remissionis
3209 4903 3520 4972 pmnitentio

1938 4993 2058 5057 bus,
2100 4991 2193 5046 sed
2243 5001 2454 5062 tempus
2486 4992 2587 5047 erit
2624 5002 2748 5062 post
2790 5002 3016 5047 mortem
3052 4993 3305 5048 vindictae
3347 4997 3520 5067 negli-

1936 5085 2190 5157 gentibus
2224 5086 2470 5141 confiteri
2521 5086 2727 5142 scelera
2773 5102 2869 5142 sua
2905 5104 2918 5142 :
2950 5102 3139 5142 omnes
3179 5088 3323 5143 enim
3366 5089 3516 5160 impii

1935 5190 2175 5231 amaram
2203 5177 2256 5231 in
2286 5186 2358 5233 to:
2373 5178 2568 5233 mentis
2600 5178 2971 5247 ptenitentiam
3007 5178 3237 5242 habent,
3288 5179 3381 5233 sed
3409 5193 3516 5233 non
3584 5214 3593 5219 -

1934 5268 2149 5337 proficit
2196 5271 2276 5325 eis
2323 5271 2637 5339 poenitentia
2678 5271 2746 5325 ad
2799 5269 3213 5335 remissionem,
3254 5270 3348 5325 sed
3389 5285 3516 5323 con-

1932 5361 2161 5415 scientia
2192 5371 2408 5431 torquet
2446 5377 2541 5417 eos
2578 5363 2645 5417 ad
2685 5371 3031 5433 augmentum
3072 5346 3354 5431 pinnarum
3393 5372 3514 5427 qua:

1931 5452 2229 5521 patiuntur.
2274 5451 2569 5508 Potuerunt
2606 5454 2707 5508 sibi
2747 5468 2845 5523 per
2880 5452 3273 5509 confessionem
3309 5466 3511 5519 prter-a-

1933 5558 2059 5599 vcrc
2107 5551 2497 5600 tormentorum
2551 5544 2965 5608 immanitatem,
3007 5552 3058 5597 et
3112 5541 3499 5612 neglexerunt:

1933 5636 2006 5689 ita
2038 5635 2176 5690 sicut
2206 5633 2350 5691 foras
2377 5634 2629 5702 llatnmis,
2660 5635 2732 5689 ita
2761 5634 2906 5689 intus
2936 5631 3265 5688 conscientia
3294 5632 3511 5702 propria
