4040 6188
494 214 598 273 105

1120 206 1182 262 Β.
1225 203 1475 261 ΙὶΛΒΑΝῙ
1516 202 1731 258 MAURI
1770 200 2082 255 ARCIIIEP.

2182 195 2435 269 occur,
2476 193 2759 254 oratum
2796 192 2974 248 rans
3004 192 3068 248 n.

3634 194 3734 251 ῐθῦ

490 333 829 400 torquentur.
854 322 1135 394 Quomodo
1167 328 1346 390 potest
1376 316 1615 371 medicus
1648 313 1842 367 vulnus
1869 328 2063 367 sanare
2091 320 2139 376 Α
2166 310 2348 364 tentia:
2372 315 2522 381 patet
2557 307 2800 372 libertas,
2847 316 2967 376 post
2996 313 3223 400 mortem
3248 320 3405 372 vero,
3433 306 3575 361 nulla
3613 324 3737 365 con.

491 420 636 488 quod
658 418 896 498 aegrotus
924 410 1209 470 ostendere
1247 405 1550 461 erubescit?
1591 406 1733 458 Deus
1762 403 1906 456 enim
1936 417 2068 457 eon-

492 492 784 562 fessionem
815 510 1054 557 nostram
1084 498 1375 558 desiderat,
1404 508 1461 547 ut
1484 494 1685 564 justam
1713 492 1911 545 haheat
1933 507 2065 546 eau-

496 612 615 651 sam
660 590 989 665 ignoscendi.
1046 588 1144 654 Qui
1185 595 1404 655 peccata
1446 598 1539 637 sua
1577 582 1815 639 occultat
1850 592 1908 636 ct
1944 596 2069 635 eru-

495 683 671 740 bescit
711 678 997 736 salubriter
1019 674 1286 738 confiteri,
1316 675 1505 737 Demu,
1538 687 1698 741 quem
1742 679 1936 726 testem
1974 672 2069 724 ha-

500 777 608 837 l.et,
657 772 850 825 iterum
874 766 1093 822 habebit
1116 779 1237 819 eum
1269 763 1519 820 ultorem.
1548 762 1762 832 Optime
1784 777 1842 817 se
1863 760 2069 830 iudicat

499 867 659 919 homo
698 862 755 917 in
789 860 891 915 hac
913 859 1041 919 vita,
1078 871 1150 910 ne
1184 855 1455 926 judicetur
1484 869 1521 908 a
1567 854 1678 910 Deo
1723 853 2069 907 damnatione

494 964 774 1026 perpetua.
800 950 1073 1021 Duplicom
1101 947 1300 1002 habere
1325 946 1484 1001 debet
1511 943 1692 1000 ﬂetum
1721 944 1775 998 in
1803 943 2072 1013 paeniten-

503 1048 575 1100 tia
608 1044 783 1099 omnis
821 1050 1096 1113 peccator,
1140 1040 1254 1094 sive
1274 1037 1400 1108 quia
1428 1051 1528 1108 per
1560 1035 1940 1108 negligentiam
1971 1033 2071 1088 bo-

498 1153 628 1191 num
672 1150 776 1190 non
815 1132 962 1195 fecit,
1005 1146 1096 1185 seu
1126 1129 1251 1198 quia
1281 1127 1479 1182 malum
1517 1142 1614 1197 per
1641 1125 1918 1180 audaciam
1948 1138 2071 1194 per-

501 1229 750 1302 petravit.
787 1224 1062 1282 Confessio
1095 1220 1380 1293 justiiicat,
1412 1218 1683 1275 confessio
1709 1216 1921 1271 veniam
1950 1229 2065 1285 pee-

495 1321 639 1376 catis
680 1319 862 1373 donat.
906 1314 1094 1370 Omnis
1121 1326 1244 1381 spes
1272 1311 1442 1365 veniae
1484 1309 1541 1364 in
1572 1307 1908 1363 confessione
1932 1319 2071 1360 con-

498 1413 663 1473 sistit,
696 1407 964 1465 confessio
993 1418 1128 1473 opus
1151 1413 1233 1456 est
1255 1399 1655 1462 miscricordiaa,
1686 1397 1832 1452 salus
1858 1394 2069 1466 aegroti,

499 1504 717 1558 unicum
749 1510 833 1555 est
855 1498 1058 1552 viribus
1091 1493 1290 1549 nostris
1321 1491 1770 1545 medicamentum
1798 1486 2069 1556 pmniten-

502 1597 632 1657 tiae;
696 1590 847 1659 cujus
901 1587 1011 1655 ipse
1064 1582 1315 1638 Salvator
1361 1580 1415 1633 in
1470 1576 1760 1648 Evangelia
1813 1575 2069 1628 virtutem

2164 400 2426 456 rectionis
2466 409 2549 455 est
2576 397 2811 454 licentia.
2837 396 2916 451 Ac
2944 397 3083 460 ideo,
3136 395 3351 460 fratres,
3401 412 3511 451 non
3544 400 3737 468 perda-

2165 507 2284 546 mus
2324 489 2477 545 nobis
2516 498 2724 558 tempus
2768 486 3052 551 indultum,
3106 487 3224 550 sed,
3252 497 3512 557 quantum
3550 505 3737 560 possu-

2166 596 2307 643 mus,
2361 595 2457 649 per
2491 578 2584 633 Dei
2635 576 3056 631 misericordiam
3100 576 3427 643 laboremus,
3474 589 3535 634 ut
3578 583 3738 638 modo

2164 686 2262 741 per
2284 669 2438 724 ﬂetus
2456 676 2514 722 et
2540 667 2769 738 gemitus
2809 667 2969 734 digne
2994 666 3309 734 poenitentia
3332 668 3592 737 pristinas
3618 686 3737 725 sor-

2169 760 2264 813 des
2312 766 2661 828 peccatorum
2722 754 2997 819 lavantes,
3062 755 3244 809 mundi
3298 763 3355 809 ct
3409 770 3635 826 corpore
3686 768 3740 814 ct

2167 846 2348 900 anima
2379 846 2433 900 in
2468 846 2553 901 die
2579 843 2791 900 Domini
2822 843 3052 898 inveniri
3091 859 3398 899 mereamur
3423 846 3492 900 ab
3515 848 3737 917 ipsoju-

2167 936 2289 993 dice
2315 937 2560 992 vivorum
2581 944 2636 991 ct
2656 945 3016 1000 mortuorum,
3039 937 3129 1005 qui
3162 937 3292 991 vivit
3318 947 3374 992 et
3401 951 3591 1010 regnat
3616 959 3740 997 cum

2168 1026 2334 1081 Patre
2372 1035 2427 1081 et
2456 1025 2659 1096 Spiritu
2688 1035 2876 1081 sancto
2898 1024 3043 1081 Deus
3079 1041 3179 1095 per
3209 1028 3388 1083 omnia
3423 1030 3614 1084 smcula
3643 1048 3741 1087 ste-

2165 1117 2435 1191 eulornm.
2461 1115 2651 1172 Amen.

2732 1202 3011 1259 liOMILlA
3040 1203 3171 1259 LVI.

2224 1313 2292 1351 DE
2330 1308 2432 1351 NON
2470 1309 2753 1352 TABDANDO
2788 1307 3053 1349 CONVEBTI
3079 1311 3112 1349 Δ
3136 1308 3385 1351 νεεωτιε
3422 1313 3490 1351 ΔΙ)
3528 1314 3689 1353 υεωι.

2240 1404 2492 1476 Legimus
2529 1418 2659 1474 ergo
2701 1402 3038 1473 Apostolum,
3072 1402 3270 1458 fratres
3290 1404 3610 1469 citatissimi,
3656 1409 3739 1463 di-

2170 1505 2380 1552 centem
2407 1510 2423 1549 :
2449 1496 2782 1564 Qua'cunque
2804 1494 3000 1564 scripta
3036 1503 3179 1559 sunt,
3208 1495 3276 1548 ad
3303 1505 3532 1551 nostram
3554 1498 3745 1551 doctri-

2170 1602 2296 1640 nam
2323 1586 2516 1654 scripta
2546 1594 2689 1649 sunt,
2713 1593 2770 1636 ut
2794 1600 2889 1654 per
2912 1584 3217 1653 patientiam
3251 1594 3298 1638 et
3337 1585 3742 1641 consolationem

501 1647 737 1738 ostendit
757 1647 947 1733 dicens
981 1693 996 1728 :
1025 1671 1389 1727 Paenitentiam
1427 1668 1591 1738 agile,
1634 1647 2069 1736 appropinquavit

2179 1647 2572 1745 Scripturarum
2615 1647 2754 1743 spent
2779 1647 3082 1726 habeamus.
3126 1673 3263 1727 Ecce
3285 1674 3337 1727 in
3370 1674 3565 1729 litteris
3608 1675 3743 1729 divi-

500 1772 637 1825 enim
665 1780 877 1837 regnum
899 1762 1176 1825 emtorum;
1204 1767 1262 1815 et
1281 1756 1518 1813 Joannes
1546 1755 1786 1824 Baptista
1818 1772 1831 1806 :
1868 1751 2068 1816 Facite,

499 1864 600 1925 ait,
631 1861 831 1930 fructus
859 1855 1042 1925 dignas
1084 1851 1418 1923 pwnitentiw.
1461 1848 1693 1903 Fructus
1734 1846 1925 1914 dignus
1952 1859 2069 1913 pm-

503 1950 741 2007 nitentia:
774 1955 856 2002 est
886 1951 1155 2000 transacta
1189 1941 1315 1996 ﬂere
1363 1950 1615 2011 peccata,
1650 1948 1709 1993 et
1739 1937 1932 1993 eadem
1973 1936 2074 1989 ite-

506 2058 626 2097 rum
661 2055 767 2095 non
810 2052 989 2108 agere,
1031 2035 1172 2090 sicut
1209 2032 1486 2101 Scriptura
1527 2032 1605 2084 ait
1639 2047 1652 2082 :
1689 2029 1810 2083 Non
1848 2027 2072 2096 adjicio:

501 2140 769 2204 peccatum
819 2143 974 2197 super
1011 2132 1299 2195 peccatum,
1340 2130 1388 2175 et
1431 2119 1577 2173 dicas
1608 2134 1626 2172 :
1655 2116 1927 2171 Miseratio
1976 2113 2072 2204 Dei

504 2203 695 2292 inagna
724 2227 819 2283 est,
848 2215 1112 2287 quomodo
1143 2209 1509 2267 misericordia
1538 2219 1595 2263 et
1621 2208 1703 2261 ira
1733 2207 1801 2261 ab
1834 2204 1925 2259 illo
1954 2203 2074 2259 ες)ιῖ

511 2314 799 2378 ιιαυαηιὶηὶ,
850 2308 1031 2364 mundi
1067 2315 1250 2371 estote,
1293 2303 1424 2359 dicit
1461 2301 1722 2357 Dominus
1746 2314 1845 2370 per
1878 2296 2073 2352 lsaiam

503 2407 843 2479 prophetam.
891 2401 1127 2456 Lavatur
1169 2398 1349 2466 itaque
1398 2402 1455 2450 et
1497 2393 1727 2448 mundus
1769 2399 1854 2445 est
1891 2388 2075 2479 quiet

507 2478 778 2568 prmterita
801 2490 1026 2564 plangit,
1049 2496 1103 2543 et
1126 2487 1322 2541 iterum
1357 2484 1533 2539 ﬂenda
1574 2497 1679 2537 non
1704 2479 1970 2543 admittit;
1997 2478 2076 2568 la-

509 2566 669 2640 vatur
695 2592 748 2638 et
789 2597 893 2636 non
940 2588 1022 2634 est
1058 2575 1287 2631 mundus
1327 2573 1418 2643 qui
1458 2572 1661 2642 plangit
1697 2568 1841 2638 quod
1886 2566 2074 2639 gessit,

508 2684 621 2731 nec‘
638 2672 858 2736 deserit,
900 2677 953 2723 et
979 2675 1099 2738 post
1119 2666 1387 2734 lacrymas
1415 2663 1531 2716 haec
1572 2675 1692 2728 qua:
1718 2658 1942 2712 ﬂeverat
1984 2671 2075 2714 re-

513 2764 666 2834 petit.
712 2762 786 2815 De
814 2758 897 2814 his
921 2756 1012 2825 qui
1040 2762 1163 2825 post
1188 2752 1455 2823 laerymas
1483 2749 1551 2804 ad
1576 2747 1769 2803 delicta
1797 2755 2079 2802 revertun-

509 2866 600 2910 tur
622 2853 821 2922 priora,
857 2848 1047 2902 beatns
1087 2844 1277 2899 Petrus
1312 2839 1623 2896 terribiliter
1654 2839 1730 2893 ait
1755 2856 1770 2892 :
1792 2837 1958 2893 Canis
1990 2852 2076 2894 re-

510 2942 738 2999 vertitur
768 2939 833 2994 ad
863 2935 1119 2992 vomitum
1144 2946 1319 2989 suum.
1349 2927 1492 2995 Fili,
1522 2929 1764 2999 peccasti,
1795 2928 1992 2983 dicitur
2020 2927 2075 2982 in

512 3033 794 3102 Scriptura
820 3036 1029 3090 saneta,
1057 3042 1119 3079 ne
1143 3022 1367 3093 adjicias
1400 3021 1622 3083 iterum;
1646 3018 1735 3073 sed
1763 3018 1828 3072 de
1845 3016 2076 3088 pristinis
2103 2987 2148 3051 Ο

509 3126 788 3195 deprecare
825 3129 880 3173 ut
919 3115 1254 3171 remittantur
1293 3111 1405 3166 tibi.
1446 3109 1772 3165 l’tnnitcntia
1814 3124 1941 3163 vera
1971 3123 2077 3163 non

517 3225 781 3268 armorum
809 3220 1033 3262 numero
1053 3211 1325 3269 censetur,
1361 3201 1455 3257 se]
1494 3198 1854 3255 amaritudine
1876 3196 2076 3263 animi;

516 3303 659 3358 unde
712 3303 901 3357 beatus
950 3296 1138 3352 Petrus
1176 3309 1302 3348 mox
1344 3307 1376 3347 a
1425 3291 1651 3347 Domino
1694 3288 2081 3360 indulgentiam

516 3392 761 3462 recepit,
821 3388 945 3458 quia
995 3384 1332 3440 amarissime
1376 3382 1523 3438 ﬂevit
1570 3380 1726 3435 trina:
1785 3377 2084 3449 negationis

517 3482 750 3551 culpam.
781 3477 1103 3533 Pumilentia
1155 3488 1315 3543 quam
1338 3470 1502 3542 jussit
1530 3468 1748 3543 [Forte,
1797 3477 2083 3539 quantum-

520 3568 835 3640 \‘is]exigui
868 3564 1143 3634 temporis,
1180 3562 1228 3617 si
1271 3561 1458 3615 intima
1501 3559 1680 3615 cordis
1724 3557 2084 3612 amaritudine

519 3660 717 3732 agitur,
747 3672 854 3713 non
884 3654 1177 3725 despicitur
1216 3650 1356 3721 apud
1383 3648 1587 3719 justum
1614 3646 1850 3717 iudicem
1894 3646 2083 3712 Deum,

517 3753 611 3823 qui
635 3750 814 3807 cordis
856 3756 1063 3802 secreta
1101 3744 1423 3800 considerat.
1469 3741 1586 3796 Non
1614 3740 1758 3796 enim
1795 3737 2082 3809 longitudi-

521 3856 646 3896 nem
673 3836 931 3906 tcmporis
972 3842 1178 3887 tantum
1210 3831 1434 3901 requirit
1461 3832 1631 3895 Deus,
1672 3836 1935 3900 quantum
1959 3826 2087 3881 aﬂ'e-

519 3940 669 3987 ctum
722 3923 1050 3983 sinceritatis
1096 3921 1407 3991 pamitentis
1449 3928 1658 3991 pensat.
1707 3920 1808 3984 Qui
1849 3917 1991 3972 enim
2031 3916 2085 3970 in

522 4020 797 4076 Christum
842 4023 953 4069 tota
985 4021 1164 4068 mente
1196 4009 1437 4076 conlidit,
1481 4008 1644 4065 etiam
1678 4008 1725 4078 si
1765 4007 1947 4061 nniltis
1975 4021 2087 4060 mo-

525 4112 698 4167 riatur
731 4105 991 4178 peccatis,
1044 4102 1149 4156 (ide
1194 4116 1288 4155 sua
1323 4099 1453 4154 vivit
1496 4098 1551 4153 in
1598 4106 1880 4153 atternum.
1937 4094 2089 4150 Sicut

526 4203 644 4271 ipse
665 4196 924 4253 Dominus
947 4195 1000 4249 in
1019 4191 1306 4262 Evangelia
1322 4191 1395 4244 ait
1418 4208 1431 4243 :
1457 4208 1475 4239 ι
1507 4189 1617 4260 Ego
1630 4204 1746 4244 sum
1764 4187 2087 4242 resurrectio
2105 4205 2113 4215 ·

523 4302 581 4346 et
606 4290 714 4345 vita
746 4307 761 4341 :
789 4287 879 4357 qui
925 4284 1098 4341 credit
1127 4283 1179 4336 in
1219 4296 1324 4346 me,
1377 4280 1589 4336 etiamsi
1618 4289 1861 4335 mortuus
1904 4277 2082 4341 fuerit,

524 4385 705 4447 vivet;
734 4392 791 4437 et
810 4378 985 4435 omnis
1014 4376 1103 4447 qui
1138 4374 1269 4431 vivit
1303 4382 1358 4429 et
1386 4372 1555 4430 credit
1583 4372 1638 4426 in
1669 4385 1776 4438 me,
1821 4384 1928 4424 non
1969 4384 2087 4425 mo-

534 4474 708 4527 rietur
748 4470 803 4525 in
850 4476 1110 4523 mteruum
1140 4482 1157 4521 :
1195 4483 1216 4519 ι
1243 4465 1310 4520 de
1337 4471 1511 4520 morte
1552 4461 1747 4517 anima:
1788 4461 1941 4527 dixit,
1970 4476 2091 4531 quae

528 4571 749 4631 propter
792 4568 1133 4631 peccatorum
1178 4554 1548 4628 aegritudinem
1592 4553 1773 4609 evenit
1805 4552 1902 4606 illi.
1950 4551 2095 4608 Deus

531 4658 725 4706 natura
761 4646 1068 4702 misericors
1095 4652 1207 4709 est,
1232 4653 1454 4714 paratus
1475 4651 1560 4700 est
1580 4643 1788 4700 salvam
1813 4656 1910 4711 per
1936 4643 2097 4698 mise-

532 4740 823 4798 ricordiam
862 4752 996 4808 quos
1038 4752 1145 4790 non
1189 4736 1369 4791 evenit
1412 4735 1621 4790 salvare
1654 4748 1753 4804 per
1782 4733 2047 4802 justitiam
2077 4750 2093 4788 :

532 4833 629 4903 qui
658 4832 772 4886 vult
791 4846 977 4886 omnes
1002 4829 1246 4884 homines
1272 4828 1448 4883 salvos
1487 4826 1603 4883 fieri
1628 4836 1684 4883 et
1710 4827 1979 4881 neminem
2004 4842 2100 4896 pe-

534 4923 678 4986 rire;
712 4920 802 4989 qui
825 4935 922 4991 per
948 4919 1260 4989 prophetam
1292 4920 1368 4970 ait
1395 4935 1408 4970 :
1434 4918 1492 4972 in
1517 4932 1835 4988 quacunque
1861 4917 1948 4971 die
1971 4932 2100 4972 con-

536 5028 725 5068 versus
746 5012 907 5067 fuerit
936 5018 1208 5080 peccator,
1235 5009 1345 5063 vita
1382 5010 1525 5064 vivet
1568 5017 1622 5063 et
1668 5024 1775 5063 non
1818 5008 2094 5063 morietur.

532 5101 794 5169 Quamvis
822 5100 1048 5170 quisque
1076 5099 1146 5154 sit
1180 5106 1431 5168 peccator
1462 5106 1519 5154 et
1549 5097 1764 5169 impius,
1801 5097 1847 5152 si
1884 5098 1951 5152 ad
1979 5113 2096 5166 pa:-

536 5190 819 5248 nitentiam
868 5197 1234 5253 convertatur,
1281 5188 1538 5257 consequi
1570 5202 1629 5244 se
1674 5204 1833 5258 posse
1870 5204 1966 5259 per
2004 5188 2097 5242 Dei

534 5280 963 5337 misericordiam
995 5293 1101 5333 non
1135 5276 1362 5332 dubitet.
1393 5275 1450 5330 In
1484 5278 1587 5332 hoc
1615 5278 1809 5333 saeculo
1834 5279 2099 5347 pmoiten-

534 5371 665 5426 tiam
716 5369 1038 5424 facientibus
1083 5367 1328 5423 subvenit
1365 5367 1535 5433 Deus;
1588 5368 1641 5422 in
1694 5367 1872 5423 futuro
1920 5377 2096 5422 autem

533 5459 849 5530 ptunitentia
894 5474 1003 5514 non
1048 5456 1280 5527 prolicit,
1339 5457 1433 5511 sed
1480 5456 1742 5512 rationem
1792 5468 2098 5512 nostrorum

532 5567 759 5619 operum
790 5548 1048 5607 reddituri
1086 5562 1288 5604 sumus.
1326 5544 1383 5600 in
1423 5547 1520 5602 hac
1544 5546 1652 5601 vita
1688 5554 1893 5601 tantum
1930 5548 2099 5619 νωηὶ-

2173 1765 2321 1820 nitus
2355 1763 2633 1834 inspiratis
2658 1765 2928 1835 reperitur
2959 1764 3218 1835 scriptum
3246 1783 3262 1818 :
3296 1763 3435 1831 Fili,
3480 1782 3544 1820 ne
3567 1767 3745 1821 tardes

2166 1857 2396 1912 converti
2417 1859 2488 1912 ad
2513 1856 2819 1921 Dominum,
2857 1858 2981 1926 quia
3010 1858 3176 1912 nescis
3200 1858 3327 1929 quid
3358 1858 3539 1927 futura
3572 1860 3744 1925 pariat

2169 1946 2315 2010 dies;
2372 1960 2497 2000 nam
2554 1945 2646 2015 qui
2703 1946 2881 2000 tardat
2926 1947 3208 2011 converti,
3259 1946 3557 2016 periculum
3609 1947 3745 2002 facit

2171 2034 2367 2089 anima:
2384 2047 2516 2099 sum,
2537 2033 2665 2105 quia
2693 2050 2842 2090 mors
2867 2050 2970 2090 non
2992 2035 3199 2102 tardat;
3228 2050 3348 2105 qum
3371 2036 3417 2091 si
3442 2037 3747 2092 tardantem

2170 2124 2416 2180 converti
2443 2123 2704 2189 inveniat,
2736 2124 2804 2179 ad
2833 2132 3101 2180 tormenta
3135 2125 3354 2181 deducit
3383 2141 3527 2182 eum.
3558 2126 3765 2183 Disso--

2169 2211 2304 2279 luta,
2349 2211 2572 2279 fratres,
2604 2220 2659 2269 et
2684 2213 2987 2284 periculosa
3020 2213 3313 2286 paralytiea
3350 2216 3604 2286 cogitatio
3638 2227 3743 2282 est,

2172 2305 2241 2360 de
2294 2304 2532 2361 crastina
2590 2304 2830 2377 cogitare
2877 2304 3260 2369 conversione,
3322 2313 3380 2361 et
3430 2307 3748 2363 hodiernam

2168 2395 2459 2467 negligere.
2488 2394 2628 2464 Quid
2653 2405 2732 2462 tu,
2769 2404 3042 2468 peccator,
3069 2397 3309 2453 converti
3336 2397 3664 2463 dissimulas,
3694 2407 3753 2454 et

2172 2503 2280 2543 non
2329 2487 2527 2542 metuis
2554 2503 2622 2543 ne
2666 2488 2762 2544 tibi
2802 2502 2949 2543 mors
2986 2488 3267 2558 repentina
3316 2488 3578 2559 subripiat
3605 2489 3750 2544 diem

2172 2574 2578 2632 conversionis?
2612 2589 2791 2633 nonne
2834 2576 3081 2631 homines
3117 2576 3297 2632 subito
3330 2576 3679 2632 moriuntur?
3701 2577 3747 2631 si

2173 2666 2373 2722 bonum
2400 2673 2483 2721 est
2509 2673 2729 2734 peccata
2760 2665 3053 2730 dimittere,
3091 2675 3146 2722 et
3194 2668 3260 2721 ad
3291 2667 3460 2722 Deum
3485 2668 3748 2731 converti.

2175 2753 2285 2810 cito
2312 2752 2438 2808 ﬂat:
2463 2753 2607 2809 Deus
2623 2752 2722 2809 tibi
2740 2753 3008 2823 promittit
3026 2754 3394 2811 remissionem
3422 2757 3754 2812 eonvertenti

2177 2859 2207 2898 a
2235 2845 2494 2914 peccatis,
2522 2844 2869 2900 securitatem
2892 2845 2988 2901 tibi
3013 2861 3119 2901 non
3141 2848 3384 2917 promisit
3408 2848 3497 2905 diu
3514 2850 3751 2905 vivendi.

2175 2931 2300 2988 Ideo
2346 2940 2633 2989 convertat
2675 2948 2734 2989 se
2765 2934 2925 2990 citius
2966 2937 3335 3007 unusquisque
3364 2939 3432 2992 ad
3477 2940 3668 3005 Deum,
3698 2949 3758 2996 et

2175 3040 2303 3081 cum
2328 3026 2596 3081 invenerit
2637 3040 2786 3091 eum,
2816 3026 3152 3097 derelinquat
3180 3029 3374 3098 impius
3405 3030 3547 3085 viam
3573 3046 3754 3097 suam,

2178 3124 2236 3173 et
2261 3117 2345 3171 vir
2368 3116 2586 3186 iniquus
2603 3115 2960 3186 cogitationes
2987 3132 3131 3183 suas,
3169 3125 3224 3173 et
3253 3119 3591 3174 miserebitur
3611 3119 3757 3190 eius,

2176 3206 2434 3276 quoniam
2465 3206 2665 3262 multus
2686 3214 2773 3263 est
2793 3206 2863 3262 ad
2888 3206 3292 3278 ignoscendum.
3343 3207 3402 3263 Si
3430 3223 3560 3279 ergo
3586 3210 3760 3264 intra-

2178 3297 2319 3353 verit
2367 3292 2546 3353 snbito
2580 3295 2697 3354 dies
2738 3307 3050 3363 extremus,
3090 3299 3234 3366 perit
3259 3298 3478 3366 dilatio,
3507 3309 3564 3355 et
3589 3308 3763 3356 restat

2178 3388 2494 3454 damnatio;
2543 3386 2722 3458 perire
2745 3401 2851 3442 non
2890 3388 2990 3452 vis,
3021 3388 3138 3442 redi
3176 3388 3246 3444 ad
3289 3389 3455 3444 Deum
3481 3398 3539 3444 ct
3561 3391 3758 3457 vives;

2177 3479 2287 3534 noli
2316 3479 2600 3547 desperare
2621 3476 2689 3534 de
2714 3478 2869 3533 venia
2898 3491 3262 3548 peccatorum,
3295 3494 3396 3535 nec
3419 3481 3485 3536 de
3505 3482 3615 3536 vita
3635 3481 3764 3537 tono

2180 3568 2330 3637 giore
2378 3565 2669 3622 conﬁdere.
2729 3565 3056 3623 Convertere
3108 3583 3239 3639 ergo
3286 3577 3341 3623 et
3387 3570 3765 3639 penitentiam

2182 3671 2300 3726 age.
2332 3655 2488 3721 Cras,
2528 3656 2756 3725 inquies,
2814 3666 3163 3724 convertam;
3207 3672 3373 3727 quare
3416 3674 3523 3712 non
3562 3659 3766 3715 hodie?

2182 3744 2360 3801 Dicis:
2391 3744 2530 3813 Quid
2552 3745 2678 3800 mali
2696 3752 2781 3801 est
2802 3746 2849 3801 si
2873 3760 2997 3802 cras
3019 3746 3233 3803 dicam?
3262 3747 3574 3819 Respondeo
3590 3766 3604 3802 :
3620 3750 3766 3818 Quid

2182 3834 2332 3900 mali,
2360 3834 2407 3889 si
2438 3834 2635 3889 hodie?
2660 3833 2823 3889 Forte
2872 3834 3045 3890 dicis:
3096 3836 3279 3908 Longa
3325 3838 3430 3892 erit
3454 3838 3563 3892 vita
3616 3853 3763 3894 mea.

2184 3926 2407 3983 Dicam:
2461 3926 2506 3981 si
2535 3926 2690 3996 longa
2723 3926 2866 3993 erit,
2912 3927 3051 3983 bona
3096 3929 3206 3994 sit;
3249 3929 3295 3985 si
3321 3928 3524 3993 brevis.
3563 3940 3618 3987 et
3645 3933 3764 4002 ipsa

2180 4019 2323 4074 bona
2351 4018 2455 4083 sit;
2491 4018 2583 4073 sed
2625 4018 2748 4088 quis
2787 4018 2929 4095 ierat
2956 4018 3155 4074 malum
3184 4018 3433 4092 longum?
3473 4022 3768 4078 Prandium

2184 4108 2401 4181 longum
2450 4124 2558 4164 non
2585 4109 2668 4165 vis
2703 4107 2904 4165 habere
2951 4110 3149 4165 malum
3175 4150 3191 4176 ,
3243 4120 3300 4166 et
3345 4112 3508 4166 vitam
3548 4112 3769 4184 longam

2185 4200 2268 4255 vis
2300 4200 2502 4256 habere
2542 4199 2777 4256 malam?
2814 4199 3006 4256 Villam
3036 4202 3191 4265 emis,
3227 4203 3423 4257 limam
3445 4204 3767 4269 desideras;

2189 4303 2413 4344 uxorem
2457 4288 2540 4344 vis
2566 4288 2794 4355 ducere,
2835 4290 3030 4346 bonam
3057 4291 3251 4359 quaeris
3276 4307 3291 4357 ;
3321 4292 3457 4347 filios
3484 4295 3632 4348 nasci
3660 4295 3771 4361 vis,

2191 4380 2363 4435 bonos
2389 4388 2579 4449 optas;
2627 4387 2684 4435 et
2724 4389 2787 4435 ut
2811 4380 2925 4452 jam
2965 4379 3032 4436 de
3067 4382 3229 4437 rebus
3257 4382 3532 4439 vilissimis
3554 4383 3770 4454 loquar,

2191 4470 2393 4540 caligas
2413 4469 2550 4526 emis
2569 4509 2584 4534 ,
2618 4478 2674 4525 ct
2709 4484 2818 4525 non
2843 4470 2926 4526 vis
2954 4470 3124 4526 malas
3141 4510 3157 4536 ,
3188 4480 3246 4526 et
3284 4471 3447 4527 vitam
3474 4488 3625 4528 amas
3646 4490 3739 4528 tua
3760 4506 3773 4514 -

2195 4561 2346 4615 lam?
2373 4559 2511 4627 Quid
2538 4569 2591 4615 te
2614 4558 2836 4616 oﬂ'endit
2854 4561 2967 4615 vita
3007 4569 3117 4625 tua,
3148 4575 3308 4631 quam
3340 4562 3508 4617 solam
3545 4564 3627 4618 vis
3652 4579 3777 4618 ma—

2197 4651 2300 4705 lam
2321 4690 2336 4716 ,
2365 4659 2426 4704 ut
2453 4650 2595 4705 inter
2620 4649 2803 4706 omnia
2842 4649 2980 4706 bona
3017 4658 3109 4706 tua
3151 4650 3295 4707 solus
3331 4654 3408 4707 sis
3442 4652 3654 4707 malus?
3686 4653 3777 4708 Ne

2197 4742 2371 4797 .ardes
2394 4742 2619 4795 converti
2656 4741 2725 4795 ad
2758 4740 3062 4808 Dominum,
3110 4751 3160 4797 et
3187 4759 3251 4797 ne
3274 4743 3488 4813 differas
3514 4744 3579 4797 de
3605 4745 3689 4797 die
3718 4745 3777 4798 in

2198 4832 2339 4885 diem
2370 4829 2559 4902 (Eccli.
2587 4829 2664 4903 v).
2702 4831 2877 4887 Verba
2910 4831 3004 4886 Dei
3047 4840 3203 4899 sunt,
3251 4847 3358 4887 non
3396 4847 3553 4887 mea:
3604 4848 3713 4887 non
3743 4850 3779 4888 a

2199 4935 2286 4975 me
2326 4921 2444 4975 hate
2470 4921 2697 4985 audisti,
2750 4921 2847 4975 sed
2885 4935 2986 4992 ego
3031 4928 3208 4977 tecum
3252 4923 3412 4978 audio
3449 4938 3482 4978 a
3521 4922 3774 4979 Domino.

2198 5009 2359 5065 Forte
2386 5010 2712 5081 respondes:
2744 5008 2898 5076 Cras,
2924 5025 3065 5067 cras.
3101 5010 3146 5066 Ο
3174 5027 3276 5066 vox
3296 5013 3536 5067 corvina.
3564 5012 3779 5069 Corvus

2198 5115 2305 5154 non
2336 5098 2473 5154 redit
2500 5098 2569 5153 ad
2595 5113 2800 5165 arcam,
2825 5098 3068 5154 columba
3090 5099 3248 5154 redit.
3292 5098 3350 5154 Si
3378 5115 3507 5172 ergo
3532 5108 3662 5156 tunc
3693 5106 3782 5157 vis

2197 5187 2568 5256 paenitentiam
2598 5201 2758 5258 agere
2797 5189 3012 5257 quando
3038 5204 3264 5258 peccare
3291 5206 3397 5246 non
3431 5199 3603 5259 potes,
3643 5206 3779 5261 pec-

2198 5285 2318 5331 cata
2351 5285 2404 5330 te
2436 5276 2776 5341 dimiserunt,
2810 5292 2916 5332 non
2947 5288 3001 5331 tu
3030 5277 3141 5332 illa.
3189 5277 3334 5334 Satis
3365 5279 3571 5334 alienus
3598 5295 3631 5333 a
3672 5279 3781 5335 fide

2197 5376 2299 5430 est,
2328 5367 2418 5434 qui
2452 5366 2519 5420 ad
2542 5366 2802 5445 agendam
2832 5367 3202 5436 paenitentiam
3233 5376 3442 5438 tempus
3480 5371 3785 5425 senectutis

2198 5463 2495 5524 exspectat.
2543 5454 2885 5510 Metuendum
2934 5463 3019 5511 est
3051 5472 3138 5521 ne,
3187 5457 3315 5511 dum
3354 5466 3538 5526 sperat
3564 5458 3787 5513 miseri-

2198 5546 2461 5612 cordiam,
2512 5543 2716 5600 incidat
2752 5545 2807 5599 in
2834 5544 3116 5614 judicium.
3157 5545 3339 5616 Neque
3367 5547 3513 5602 enim
3540 5554 3673 5604 tunc
3693 5562 3789 5603 ve-
