4040 6188
324 251 429 304 ΜΞ

317 366 465 418 niam
492 359 752 422 inveniet,
782 357 872 427 qui
901 354 1039 410 male
1069 361 1251 423 aptum
1278 351 1447 405 venia:
1479 360 1688 417 tempus
1726 345 1902 419 perdi-
1936 355 1978 411 Α

317 456 419 508 dit.
450 452 527 509 lbi
547 449 663 520 jam
696 465 727 502 a
753 449 865 502 Deo
890 461 994 500 non
1031 451 1209 514 potest
1231 441 1431 496 mereri
1460 442 1601 509 quod
1630 439 1784 507 petit,
1815 437 1909 507 qui

320 546 411 601 hic
438 544 613 597 noluit
637 541 823 596 audire
851 537 990 607 quod
1029 535 1211 605 jussit.
1257 531 1358 599 Qui
1393 543 1603 600 tempus
1638 529 1911 598 pmnitcn-

321 638 410 689 tia:
440 636 628 688 datum
660 630 902 701 negligit,
934 627 1135 681 frustra
1161 632 1283 679 ante
1311 623 1541 678 tribunal
1570 620 1768 676 Christi
1793 633 1914 689 pre-

319 742 413 779 ces
439 722 686 777 effundit.
745 719 1024 774 Festinare
1049 718 1206 771 debet
1234 716 1602 784 unusquisque
1646 722 1912 774 nostrum,

320 815 548 876 fratres,
579 811 649 864 ad
672 812 836 864 Deum
861 807 1219 862 convertenda
1249 807 1373 860 dum
1402 812 1596 876 potest,
1628 819 1694 858 ne
1718 804 1761 858 si
1788 805 1915 858 dum

318 914 505 972 potest
546 901 809 964 nolaierit,
863 899 1086 953 omnino
1129 911 1254 951 cum
1288 896 1490 949 intrare
1534 894 1785 958 voluerit,
1809 908 1913 947 non

318 995 515 1066 possit.
575 994 803 1060 Semper
845 1005 974 1057 ergo
1002 998 1301 1043 extremum
1335 989 1475 1042 diem
1515 988 1773 1041 debemus
1803 1002 1916 1041 me-

325 1096 501 1147 tuere,
556 1098 718 1151 quem
756 1096 1030 1149 nunquam
1076 1094 1358 1148 possumus
1408 1078 1719 1147 praevidere.
1777 1079 1917 1133 Ecce

323 1190 469 1228 nunc
492 1174 670 1242 ipsum
706 1172 846 1224 diem
879 1171 930 1223 in
962 1184 1067 1238 quo
1095 1169 1385 1236 loquimur,
1422 1171 1488 1222 ad
1520 1170 1572 1223 in
1597 1170 1764 1222 lncias
1790 1184 1916 1222 oon-

322 1262 600 1316 versionis
645 1261 987 1328 accepimus:
1030 1268 1085 1311 et
1126 1268 1303 1311 tamen
1348 1258 1487 1311 mala
1526 1274 1646 1328 qua:
1694 1259 1918 1313 fecinms

326 1354 457 1408 flere
487 1367 822 1406 recusamus.
872 1349 987 1403 Non
1019 1350 1193 1404 solmu
1241 1351 1529 1403 commissa
1572 1365 1676 1403 non
1709 1348 1914 1418 plangi—

328 1458 448 1495 mus
475 1481 493 1506 ,
543 1441 637 1495 sed
687 1440 851 1492 etiam
903 1454 1023 1507 qua:
1063 1438 1399 1501 deiicantur,
1437 1452 1713 1508 augemus.
1765 1437 1833 1489 At
1871 1438 1916 1491 si

328 1531 506 1596 aliqua
536 1544 634 1581 nos
662 1528 924 1597 aegritudo
968 1528 1256 1595 corripiat,
1307 1528 1352 1580 si
1402 1527 1553 1596 signa
1585 1526 1917 1595 aegritudinis

330 1620 564 1674 vicinam
606 1626 837 1672 mortem
868 1617 1209 1678 denuntient,
1253 1618 1496 1671 inducias
1532 1618 1743 1671 vivendi
1769 1633 1917 1684 qum-

1277 236 1583 295 HOMlLUE
1620 235 1710 292 DE
1745 233 1990 290 FESTlS
2030 230 2441 295 PRECIPUIS,
2483 231 2633 287 ETC.

3489 228 3586 283 i36

2560 340 2837 395 llOlliUA
2876 339 3029 395 LVII.

2144 451 2208 488 υε
2238 449 2557 489 CONTEHPTU
2591 450 2751 487 MUNDI
2778 448 2845 486 ΕΤ
2880 447 2945 486 BE
2968 446 3182 488 PILEXKO
3215 445 3450 489 ινῐιτυεο.

2077 525 2343 579 Admonet
2374 537 2492 585 nos,
2518 520 2855 585 clmrissimi,
2875 509 3076 575 beatus
3107 519 3342 575 Joannes
3387 528 3597 589 aposto-

2012 615 2117 680 lus,
2148 622 2203 669 et
2236 613 2304 667 ad
2345 620 2714 680 contemptum
2744 612 3069 665 caduearum
3106 625 3285 663 rerum
3318 618 3596 679 provocat,

2012 708 2232 762 dicens:
2266 703 2444 758 Nolite
2483 702 2699 772 diligere
2747 702 3021 763 mundum,
3077 719 3240 771 neque
3284 719 3345 756 ea
3391 718 3509 771 quae
3543 702 3598 755 in

2012 795 2206 850 mundo
2234 802 2357 848 sunt
2380 806 2399 844 :
2424 794 2677 862 quoniam
2706 792 2932 846 mundus
2961 795 3146 846 transit
3168 802 3215 846 et
3238 792 3602 861 concupiscere

1976 880 2087 937 "tia
2109 884 2244 953 ejus.
2294 882 2397 949 Qui
2441 892 2611 936 autem
2663 882 2788 951 facit
2817 882 3133 936 volunfntcm
3165 881 3292 945 Dei,
3323 891 3497 935 manet
3543 883 3597 934 in

2014 985 2265 1028 a'ternum
2292 971 2340 1044 (1
2365 971 2526 1026 Joan.
2561 970 2642 1041 ιι).
2674 971 2936 1026 Similiter
2958 981 3014 1026 et
3035 971 3226 1025 beatus
3255 971 3455 1026 Paulus
3475 987 3602 1040 apo-

2016 1074 2207 1138 stolus,
2231 1074 2473 1129 scribens
2505 1075 2571 1125 ad
2600 1072 2960 1135 Timotheum,
2988 1087 3088 1126 nos
3112 1072 3381 1126 instruens
3410 1071 3599 1124 docet:

2018 1168 2269 1239 Prwcipe,
2328 1168 2522 1237 inquit,
2551 1166 2798 1220 divitibus
2844 1168 3028 1220 mundi
3056 1167 3215 1235 hujus
3246 1182 3349 1219 non
3386 1166 3605 1235 superbe

2017 1272 2219 1324 sapere,
2273 1271 2436 1325 neque
2465 1270 2676 1323 sperare
2722 1255 2777 1307 in
2815 1254 3013 1308 incerto
3055 1254 3387 1316 divitiarum,
3428 1253 3519 1307 seti
3551 1256 3607 1306 in

2019 1347 2127 1399 Deo
2167 1348 2297 1410 vivo,
2349 1347 2438 1416 qui
2484 1354 2699 1415 prwstat
2760 1345 2905 1399 nobis
2948 1345 3123 1400 omnia
3157 1345 3487 1399 abundanter
3535 1344 3604 1396 ad

2021 1435 2318 1503 fruendum.
2360 1436 2461 1503 Qui
2496 1437 2690 1491 divites
2720 1446 2849 1490 sunt
2892 1437 2944 1490 in
2975 1437 3229 1507 operibus
3258 1438 3403 1501 suis,
3450 1436 3607 1491 facile

2021 1531 2298 1594 tribuant,
2352 1531 2755 1585 communicent
2812 1547 2934 1586 cum
2984 1532 3068 1585 his
3111 1534 3203 1601 qui
3248 1549 3353 1586 non
3383 1533 3607 1595 habent,

2022 1618 2393 1673 thesaurizent
2427 1619 2527 1674 sibi
2560 1621 2965 1674 fundamentum
3014 1621 3213 1674 bonum
3260 1621 3313 1673 in
3343 1619 3605 1682 futurum,
3645 1661 3648 1664 .

330 1710 501 1763 rimus
530 1718 591 1763 ut
617 1717 836 1777 peccata
871 1715 1053 1761 nostra
1088 1706 1418 1762 defleamus:
1455 1718 1510 1761 et
1534 1723 1627 1761 eas
1654 1724 1776 1762 cum
1810 1724 1917 1760 um—
1952 1706 1991 1763 ii
2021 1717 2075 1759 ut
2105 1707 2491 1777 apprehendant
2531 1724 2701 1761 veram
2734 1709 2890 1761 vitam
2922 1707 2971 1778 (I
3008 1707 3141 1761 Tim.
3173 1708 3270 1777 vi).
3307 1709 3606 1771 Attendite,

332 1810 434 1863 gae
461 1808 596 1851 :estu
627 1798 877 1853 desiderii
906 1797 1157 1866 petimus,
1196 1812 1331 1864 quas
1359 1804 1608 1865 acceptas
1643 1796 1804 1850 modo
1825 1813 1920 1866 pro

336 1889 501 1943 nihilo
529 1891 809 1944 habemus.
844 1888 1137 1943 l‘eusemus
1160 1904 1322 1951 nunc,
1368 1887 1725 1950 dilectissimi,
1763 1904 1923 1957 super

334 1996 431 2032 nos
454 1979 673 2032 divitias
707 1976 1003 2031 conditoris
1037 1977 1206 2031 nostri
1236 1992 1249 2040 ;
1296 1991 1520 2045 peccare
1546 1992 1642 2031 nos
1671 1977 1800 2030 vidit
1822 2017 1837 2040 ,
1871 1984 1925 2030 et

334 2069 592 2138 pertulit;
633 2069 725 2137 qui
775 2084 874 2121 nos
924 2074 1049 2121 ante
1098 2066 1312 2134 culpam
1360 2081 1585 2135 peccaro
1628 2066 1921 2135 prohibuit,

333 2163 496 2215 etiam
530 2166 654 2227 post
686 2157 896 2226 culpam
941 2165 1256 2226 exspectare
1308 2157 1375 2211 ad
1413 2156 1625 2210 veniam
1652 2172 1756 2210 non
1784 2157 1925 2211 desi-

333 2257 464 2307 st-t:
509 2262 640 2302 ecce
667 2247 780 2316 ipse
810 2262 928 2311 nos,
952 2261 1112 2315 quem
1137 2246 1496 2314 despeximus,
1531 2255 1717 2309 vocat;
1749 2245 1923 2299 aversi

336 2337 404 2390 ab
433 2336 522 2390 Illo
572 2352 780 2401 sumus,
813 2346 868 2390 et
906 2345 1081 2390 tamen
1138 2351 1242 2390 non
1289 2337 1569 2390 avertitur.
1628 2336 1778 2392 Unde
1831 2352 1927 2404 per

332 2428 527 2480 Isaiam
553 2426 781 2480 dicitur:
818 2426 883 2479 Et
906 2438 1055 2481 erunt
1083 2426 1221 2481 oculi
1252 2428 1328 2480 tui
1369 2428 1597 2482 ridentes
1636 2438 1925 2498 praecepto-

335 2534 442 2570 rem
470 2528 647 2580 tuum,
696 2526 745 2570 et
792 2534 946 2571 aures
981 2528 1086 2571 tua:
1115 2517 1327 2571 audient
1358 2535 1531 2588 vocem
1577 2529 1691 2589 post
1719 2528 1924 2589 tergunt

332 2609 595 2662 nioncntfs
622 2607 755 2678 (Ιεςι.
790 2608 938 2678 xxx).
968 2609 1132 2676 Quasi
1165 2609 1219 2663 in
1257 2608 1447 2664 faciem
1492 2610 1653 2663 honto
1689 2611 1928 2664 monitus

334 2709 439 2763 est,
469 2699 691 2768 quando
720 2699 784 2751 ad
808 2699 1076 2768 justitiam
1108 2700 1357 2754 conditus
1403 2709 1666 2769 pramepta
1711 2702 1933 2755 rectitu-

337 2792 479 2846 diuis
503 2792 754 2860 arrepit;
787 2792 880 2845 sed
905 2807 1026 2846 cum
1050 2792 1162 2845 inec
1194 2792 1381 2845 eadem
1412 2800 1677 2860 pra‘ccpta
1700 2801 1935 2846 contem-

333 2884 463 2952 psit,
500 2882 662 2952 quasi
694 2882 960 2936 conditori
995 2897 1093 2936 suo
1134 2882 1352 2935 dorsum
1392 2883 1587 2936 mentis
1636 2882 1687 2934 in
1737 2881 1930 2937 facim

336 2973 501 3028 dedit.
539 2974 648 3029 Sed
678 2988 805 3029 ecce
838 2975 1014 3030 adhuc
1056 2984 1178 3042 post
1221 2983 1431 3045 tergum
1462 2974 1707 3044 sequitur
1730 2982 1786 3029 et
1813 2990 1930 3029 mo-

2025 1796 2240 1859 fratrcs,
2275 1805 2329 1851 ct
2356 1797 2587 1853 Sollicito
2609 1813 2730 1866 qua:
2759 1798 3013 1852 dicuntur
3042 1808 3303 1866 pensato:
3331 1813 3454 1851 nam
3486 1813 3608 1850 cum

2024 1889 2279 1943 divitibus
2319 1889 2632 1957 priocipitnr
2662 1899 2719 1941 ut
2750 1888 3119 1942 thesaurizent
3163 1888 3266 1942 sibi
3293 1886 3611 1941 fundamen-

2025 1985 2136 2031 tum
2166 1978 2365 2033 bonum
2409 1979 2463 2032 in
2501 1978 2739 2032 futurum
2776 1987 2837 2032 ut
2874 1978 3280 2047 apprehendant
3316 1992 3499 2032 veram
3529 1978 3610 2031 vi-

2027 2078 2157 2130 tam,
2187 2068 2304 2123 sine
2335 2068 2496 2123 dubio
2532 2069 2632 2122 ista
2667 2067 2796 2121 falsa
2851 2068 2960 2122 vita
2985 2077 3089 2122 est.
3141 2068 3210 2122 Et
3234 2068 3470 2122 maxime
3512 2068 3614 2122 hoc

2024 2160 2220 2216 divites
2247 2158 2435 2215 audire
2464 2161 2681 2223 debent,
2711 2175 2846 2229 quos
2868 2160 3087 2230 quando
3112 2174 3376 2230 pauperes
3401 2159 3616 2215 intuen-

2029 2260 2116 2306 tur
2162 2260 2529 2317 murmurant,
2569 2259 2809 2321 gemunt,
2842 2251 3079 2304 laudanti
3116 2250 3380 2314 invident,
3411 2250 3613 2318 teqnari

2030 2341 2162 2396 wlle
2183 2349 2392 2412 optant,
2422 2341 2658 2410 impares
2684 2354 2743 2394 se
2765 2338 2969 2402 dolent,
3023 2348 3079 2392 et
3110 2338 3251 2393 inter
3271 2337 3459 2391 laudes
3482 2337 3615 2391 divi-

2029 2442 2162 2498 tum,
2191 2433 2295 2487 hoc
2324 2431 2640 2500 plerumque
2680 2430 2883 2495 dicunt,
2927 2428 3038 2484 Soli
3083 2438 3210 2483 sunt
3234 2429 3321 2483 isti
3346 2467 3362 2493 ,
3394 2429 3481 2484 isti
3509 2428 3614 2484 soli

2029 2524 2235 2578 vivunt.
2280 2521 2508 2590 Propter
2536 2521 2650 2575 hmo
2676 2535 2805 2589 ergo
2841 2520 3006 2575 verba
3034 2519 3229 2587 quibus
3256 2518 3507 2573 homines
3531 2526 3613 2573 tc-

2032 2630 2165 2669 nues
2211 2613 2469 2668 divitibus
2520 2609 2807 2665 adulantur
2832 2650 2848 2676 ,
2876 2610 3001 2678 quia
3034 2610 3133 2678 ipsi
3165 2609 3367 2670 vivunt,
3422 2623 3492 2662 ne
3533 2608 3618 2662 his

2033 2703 2363 2758 adulantium
2405 2700 2577 2756 inﬂati
2625 2701 2845 2765 verbis,
2882 2708 3073 2769 putent
3117 2714 3178 2753 se
3223 2713 3348 2753 vere
3392 2699 3615 2753 vivere:

2036 2792 2290 2863 Pra'cipe,
2315 2792 2510 2861 inquit,
2540 2791 2786 2845 divitibus
2827 2790 2986 2859 hujus
3025 2789 3208 2842 mundi
3253 2804 3358 2842 non
3402 2789 3620 2858 superbe

2034 2899 2238 2954 sapere,
2271 2899 2435 2953 neque
2482 2897 2692 2952 sperare
2739 2881 2795 2934 in
2822 2880 3021 2935 incerto
3071 2879 3400 2944 divitiarum,
3451 2879 3622 2933 sedit;

2035 2972 2145 3026 Deo
2189 2974 2320 3036 vivo,
2367 2974 2456 3039 qui
2507 2980 2721 3042 privata!
2773 2970 2919 3024 nobis
2969 2986 3148 3024 omnia
3196 2970 3526 3024 abundanter
3550 2971 3621 3023 ad

337 3071 427 3117 net
454 3080 471 3128 ;
507 3063 638 3131 quia
660 3060 775 3129 jam
811 3071 868 3117 et
916 3078 946 3117 a
979 3063 1135 3118 nobis
1171 3072 1511 3134 contemptus
1533 3072 1635 3129 est,
1668 3074 1722 3121 et
1753 3074 1930 3120 tamen
1960 3066 2005 3126 C
2038 3066 2340 3136 fruendum.
2383 3066 2587 3120 Divites
2609 3065 2733 3128 sint,
2761 3065 2857 3119 sed
2878 3064 3005 3119 ubi?
3035 3064 3093 3118 in
3115 3064 3391 3133 operibus,
3422 3065 3619 3134 inquit,

338 3170 437 3208 nos
460 3154 644 3209 adhuc
675 3168 870 3209 vocare
898 3169 1003 3209 non
1029 3163 1225 3209 cessat.
1264 3155 1429 3221 Quasi
1458 3156 1677 3212 dorsum
1701 3157 1750 3212 ei
1776 3157 1830 3212 in
1858 3157 1935 3212 fa-

338 3246 476 3300 ciem
499 3244 775 3310 dedimus,
807 3244 958 3315 cujus
985 3244 1150 3299 verba
1179 3244 1525 3316 despicimus,
1554 3246 1708 3314 cujus
1732 3262 1935 3318 praece—

338 3345 429 3405 pta
464 3333 785 3390 calcamus:
829 3334 924 3390 sed
973 3342 1124 3389 stans
1170 3344 1294 3404 post
1338 3342 1546 3406 tergum
1574 3352 1673 3391 nos
1715 3351 1934 3392 aversos

344 3433 596 3491 revocat;
647 3425 742 3495 qui
766 3433 821 3480 et
863 3424 1008 3480 videt
1033 3424 1176 3494 quod
1202 3426 1515 3495 despicitur,
1549 3436 1606 3481 et
1631 3436 1807 3482 tamen
1838 3442 1935 3497 per

343 3527 607 3590 przecepta
638 3518 858 3584 clamat,
904 3533 999 3587 per
1019 3517 1332 3587 patientiam
1363 3526 1658 3587 exspectat.
1706 3518 1935 3573 Pensate

345 3628 492 3682 ergo,
523 3610 725 3666 fratres
751 3610 1079 3675 charissimi,
1114 3610 1157 3665 si
1184 3610 1404 3665 cuilibet
1425 3619 1663 3666 vestrum
1693 3610 1930 3679 loquenti

349 3702 580 3755 famulus
617 3716 752 3755 suus
782 3700 961 3755 subito
989 3701 1309 3771 superbiret,
1344 3708 1492 3772 terga
1518 3701 1572 3755 in
1598 3700 1790 3756 faciem
1818 3702 1938 3755 mit-

351 3790 764 3860 teret,nunquid
796 3806 902 3844 non
932 3799 1274 3861 contemptus
1296 3791 1577 3855 dominus,
1607 3789 1723 3859 ejus
1750 3806 1938 3860 super-

347 3884 485 3938 biam
518 3882 760 3938 feriret?
803 3881 1022 3937 vulnera
1053 3882 1313 3937 districta:
1340 3882 1821 3937 animadversionis
1855 3883 1938 3936 in-

347 3973 588 4046 iligcret?
618 3973 761 4028 Ecce
788 3988 886 4028 nos
913 3971 1185 4043 peccando
1212 3973 1415 4027 auctori
1444 3981 1646 4037 nostro,
1703 3982 1853 4044 terga
1882 3973 1937 4027 in

349 4064 539 4119 faciem
569 4065 842 4127 dedimus,
866 4073 920 4119 et
944 4072 1120 4117 tamen
1148 4063 1501 4123 sustinemur.
1526 4062 1768 4132 Superbe
1790 4077 1940 4117 aver-

350 4172 433 4211 sos
470 4157 707 4226 benigne
743 4163 962 4210 revocat
996 4173 1009 4206 :
1064 4164 1120 4209 et
1155 4155 1247 4224 qui
1297 4154 1459 4209 ferire
1505 4170 1603 4211 nos
1626 4163 1939 4209 aversantes

352 4249 541 4317 potuit,
573 4257 634 4300 ut
660 4254 998 4301 revertamur
1035 4259 1258 4300 munera
1282 4244 1566 4313 promittit.
1600 4243 1795 4308 Tanta,
1838 4245 1937 4298 ob-

352 4359 520 4405 secro,
560 4340 861 4396 conditoris
882 4338 1050 4393 nostri
1083 4336 1451 4391 misericordia
1480 4336 1735 4390 duritiam
1756 4345 1940 4391 reatus

2036 3156 2232 3211 bonis:
2269 3155 2425 3211 facile
2467 3157 2727 3221 tribuant,
2772 3155 2899 3224 quia
2944 3171 3050 3210 non
3086 3155 3319 3224 perdunt
3352 3156 3496 3226 quod
3522 3158 3621 3210 tri—

2035 3248 2246 3312 buunt;
2290 3247 2697 3302 communicent
2750 3261 2874 3300 eum
2900 3245 2988 3300 his
3023 3246 3116 3315 qni
3162 3260 3267 3300 non
3299 3246 3533 3311 habent,
3568 3256 3626 3301 et

2035 3353 2099 3393 ex
2124 3339 2228 3393 hoc
2254 3339 2621 3395 thesaurizent
2648 3337 2754 3392 sibi
2794 3336 3205 3392 fundamentum
3235 3338 3433 3391 bonum
3464 3337 3518 3391 in
3541 3336 3627 3391 fu-

2035 3442 2217 3486 turum
2246 3441 2307 3485 ut
2341 3429 2748 3501 apprehendant
2775 3443 2962 3484 veram
2983 3429 3170 3493 vitam,
3203 3444 3310 3483 non
3333 3429 3628 3484 assentien-

2036 3534 2116 3580 tes
2144 3524 2508 3590 adulantibus,
2555 3523 2648 3594 qui
2687 3523 2875 3578 dicunt
2901 3524 3115 3587 vivere,
3161 3532 3215 3575 et
3249 3522 3392 3577 solos
3418 3523 3623 3576 vivere.

2036 3613 2158 3670 Vita
2192 3616 2293 3669 ista
2333 3630 2558 3670 somnus
2596 3622 2701 3679 est,
2743 3614 2943 3669 divitia:
2974 3614 3093 3668 ista:
3134 3613 3279 3667 velut
3307 3615 3361 3667 in
3400 3613 3629 3669 somniis

2035 3706 2227 3761 fluunt.
2279 3705 2419 3759 Audi
2447 3704 2745 3773 psalmum,
2805 3718 2840 3757 ο
2884 3703 3032 3758 dives
3059 3703 3443 3773 pauperrime:
3480 3702 3621 3757 Dor-

2035 3797 2258 3850 mierunt
2304 3811 2545 3849 somnum
2590 3810 2746 3849 suum
2771 3835 2786 3859 ,
2828 3802 2879 3848 et
2932 3792 3062 3847 nihil
3100 3794 3407 3861 invenerunt
3448 3809 3626 3848 omnes

2035 3885 2135 3939 viri
2175 3884 2482 3939 divitiarum
2529 3884 2587 3936 in
2635 3882 2877 3937 manibus
2927 3883 3039 3936 suis
3078 3880 3250 3952 (Psal.
3292 3883 3474 3955 Lxxv).
3515 3883 3630 3936 Ali-

2038 3972 2252 4042 quando
2284 3979 2341 4025 et
2376 3971 2657 4026 mendicus
2693 3971 2746 4025 in
2815 3979 2960 4025 terra
3007 3970 3219 4040 iacens,
3270 3971 3470 4042 frigore
3521 3981 3632 4028 tre-

2040 4078 2215 4129 mens,
2251 4071 2548 4132 occupatus
2596 4070 2773 4116 tamen
2806 4075 3018 4125 somno,
3055 4060 3340 4116 thesauros
3369 4062 3624 4126 somniat,

2039 4164 2095 4212 et
2115 4156 2330 4227 gaudet,
2359 4164 2414 4209 et
2451 4155 2695 4225 superbit
2738 4156 2794 4210 in
2842 4155 3101 4219 somniis,
3127 4163 3184 4209 et
3236 4169 3423 4224 parem
3468 4171 3626 4209 suum

2039 4262 2338 4316 pannosum
2375 4262 2481 4301 non
2523 4247 2779 4317 dignatur
2817 4261 3153 4316 agnoscere:
3194 4255 3248 4299 et
3290 4245 3463 4299 donec
3505 4245 3631 4299 dor-

2044 4337 2161 4401 mit,
2197 4337 2347 4391 dives
2381 4345 2482 4391 est.
2516 4335 2650 4390 Cum
2690 4350 2821 4405 ergo
2852 4334 3154 4402 vigilavcrit
3177 4373 3192 4397 ,
3248 4334 3457 4388 invenit
3485 4337 3630 4404 Quod

355 4432 516 4488 nostri
540 4429 804 4495 emolliat,
825 4438 881 4483 et
908 4429 1068 4484 homo
1090 4428 1180 4497 qui
1205 4427 1403 4481 malum
1445 4427 1586 4495 quod
1618 4426 1746 4481 fecit
1779 4443 1939 4496 expe—
1965 4409 2016 4469 Ῐ)
2044 4427 2234 4482 falsum
2261 4425 2560 4497 gaudebat;
2601 4440 2725 4479 cum
2762 4423 3119 4493 evigilaverit,
3145 4424 3349 4480 invenit
3368 4424 3513 4493 quod
3540 4439 3631 4481 ve-

354 4524 441 4576 riri
471 4534 770 4591 percussus
798 4528 1030 4588 poterat,
1060 4519 1248 4573 saltem
1261 4525 1604 4587 exspectatus
1631 4520 1936 4574 erubescat.

356 4610 559 4665 llabete
592 4624 739 4678 ergo,
770 4607 969 4663 fratres
1010 4610 1137 4673 mei,
1178 4609 1424 4663 ﬁduciam
1463 4609 1530 4664 de
1564 4608 1939 4665 misericordia

354 4700 652 4755 conditoris
702 4699 892 4761 nostri,
939 4699 1173 4770 cogitate
1224 4715 1343 4768 quae
1395 4698 1604 4763 facitis,
1650 4700 1944 4770 recogitate

356 4806 469 4859 qua:
492 4788 724 4851 fecistis,
755 4788 1057 4858 largitatem
1082 4803 1326 4857 superna:
1353 4789 1570 4858 pietatis
1599 4789 1843 4859 aspicite,
1889 4798 1946 4843 et

356 4884 417 4936 ad
443 4879 854 4935 misericordem
876 4878 1136 4946 judiccm,
1159 4878 1283 4933 dum
1299 4880 1473 4933 adhuc
1493 4887 1788 4948 exspectat,
1820 4894 1945 4934 cum

359 4972 613 5044 lacrymis
648 4972 865 5025 venite:
896 4969 1301 5025 considerantes
1334 4983 1568 5037 namque
1604 4969 1742 5037 quod
1767 4969 1945 5038 justus

360 5066 443 5127 sit,
496 5070 727 5133 peccata
755 5069 937 5115 vestra
968 5061 1131 5114 nolite
1172 5060 1481 5130 negligere;
1532 5059 1945 5114 considerantes

361 5166 482 5206 vero
506 5152 653 5221 quod
678 5150 798 5217 pius
834 5149 944 5212 sit,
995 5148 1160 5202 nolite
1203 5150 1512 5220 desperare.
1555 5149 1767 5203 Pru‘bet
1801 5150 1942 5217 apud

363 5238 528 5295 Deum
574 5239 783 5293 homini
815 5238 1067 5293 fiduciam
1117 5239 1260 5292 Deus
1288 5241 1470 5303 homo,
1503 5248 1584 5293 est
1622 5240 1778 5294 nobis
1822 5254 1943 5308 spes

362 5343 551 5399 magna
592 5328 1013 5397 pmnitcntibus,
1071 5329 1197 5397 quia
1239 5328 1528 5383 advocatus
1558 5339 1743 5384 noster
1770 5329 1944 5384 factus

332 5414 438 5473 ἐει
458 5418 628 5487 iudex
660 5427 870 5484 noster,
918 5420 1010 5488 qui
1040 5420 1174 5473 vivit
1223 5428 1277 5474 et
1312 5427 1502 5489 regnat
1533 5436 1655 5474 eum
1706 5420 1863 5475 Patre
1892 5422 1943 5475 in

365 5510 564 5564 unitate
596 5507 835 5579 Spiritus
873 5511 1045 5566 sancti
1071 5510 1237 5576 Deus,
1285 5525 1381 5581 per
1406 5512 1586 5567 omnia
1628 5513 1821 5568 saecula
1848 5530 1945 5568 sm-

364 5626 377 5653 ι
393 5604 620 5657 ult-runt.
662 5604 852 5657 Amen.

685 5697 957 5757 Parnm.
1005 5699 1128 5761 CX.

2048 4537 2167 4574 rum
2197 4520 2393 4573 doleat.
2440 4517 2602 4572 Dives
2635 4531 2766 4584 ergo
2806 4515 3045 4569 moriens
3073 4514 3267 4569 similis
3291 4525 3375 4571 est
3405 4517 3631 4587 pauperi

2050 4611 2308 4681 vigilanti,
2348 4609 2440 4677 qui
2468 4609 2753 4662 thesauros
2787 4606 3007 4661 videbat
3036 4606 3091 4661 in
3152 4607 3374 4661 somnis.
3421 4606 3555 4661 Nam
3574 4615 3634 4661 et

2050 4703 2369 4756 induebatur
2395 4713 2636 4770 purpura
2662 4708 2719 4753 et
2739 4699 2900 4768 bysso
2924 4698 3143 4767 quidam
3175 4699 3328 4753 dives
3345 4739 3359 4762 ,
3397 4712 3498 4754 nec
3537 4715 3634 4753 no-

2051 4792 2285 4845 minatus
2310 4829 2325 4854 ,
2354 4805 2453 4844 nec
2477 4789 2856 4853 nominandus,
2896 4797 3240 4859 contemptor
3277 4790 3528 4860 pauperis
3550 4790 3636 4862 jao

2048 4886 2220 4941 centis
2267 4892 2395 4940 ante
2436 4885 2656 4955 januam
2694 4898 2870 4938 suam.
2926 4883 3254 4938 lnduebatur
3298 4899 3534 4954 purpura
3578 4893 3637 4939 et

2045 4976 2225 5046 bysso,
2256 4976 2395 5029 sicut
2429 4974 2798 5044 evangelicum
2826 4974 3192 5030 testimonium
3215 4984 3331 5039 est;
3369 4984 3426 5031 et
3445 4976 3636 5045 epula-

2047 5066 2205 5118 batur
2238 5064 2479 5133 quotidic
2520 5064 2818 5133 splendide.
2868 5064 3108 5120 Mortuus
3130 5074 3235 5129 est,
3263 5065 3504 5135 sepultus
3527 5077 3631 5131 est,

2048 5154 2354 5225 evigilavit,
2392 5162 2448 5208 et
2495 5169 2553 5209 se
2582 5154 2632 5208 in
2662 5152 2896 5209 llamntis
2935 5154 3161 5208 invenit.
3212 5155 3478 5210 Dormivit
3504 5172 3635 5224 ergo

2050 5260 2297 5299 somnum
2324 5260 2503 5306 suum,
2530 5252 2585 5299 ct
2604 5244 2738 5298 nihil
2770 5244 2974 5299 invenit
2998 5243 3085 5298 illc
3106 5244 3415 5300 divitiarum
3447 5246 3499 5298 in
3527 5259 3636 5297 ma-

2052 5336 2209 5389 nibus
2229 5335 2363 5397 suis,
2394 5337 2518 5403 quia
2554 5335 2688 5389 nihil
2725 5335 2852 5389 boni
2879 5335 2989 5404 egit
3018 5336 3267 5388 manibus
3316 5335 3447 5389 suis.
3502 5330 3635 5386 Pro-

2051 5437 2172 5497 pter
2201 5426 2365 5480 vitam
2388 5440 2518 5496 ergo
2538 5434 2854 5495 quzeruntur
2880 5426 3103 5490 divitim,
3144 5441 3249 5480 non
3274 5425 3382 5477 vita
3412 5432 3637 5492 propter
3683 5497 3692 5506 δ

2051 5517 2288 5571 divitias.
2335 5517 2507 5584 Quam
2548 5517 2700 5571 nmlti
2740 5533 2863 5571 cum
2908 5517 3020 5572 suis
3057 5516 3297 5571 hostibus
3317 5515 3455 5583 parti
3485 5524 3633 5581 sunt,

2055 5616 2115 5662 ut
2150 5618 2319 5663 totum
2347 5608 2615 5675 tollerent,
2646 5618 2700 5663 et
2721 5609 2884 5663 vitam
2910 5607 3305 5675 relinquerent!
3344 5614 3633 5674 quantuma

3159 5696 3192 5752 ἡ
