4040 6188
427 296 527 353 107

1064 293 1123 351 Β,
1165 296 1417 352 ΚΛΒΑΝΙ
1455 295 1670 353 ΜΑΗΒΙ
1712 288 2014 351 ᾹΒΟΗῑΕΡ

2122 293 2392 350 [ΟϐυΝΤ.
2431 293 2717 351 OPERUM
2756 292 2934 348 PARS
2972 291 3032 347 Il.

3602 283 3707 349 1οἶ

422 426 634 481 cunque
682 409 1024 471 habuerunt,
1077 409 1212 463 tanti
1268 409 1431 462 vitam
1482 416 1768 462 emerunt:
1819 406 2005 476 Quanti
2036 411 2081 469 Λ
2111 421 2261 476 ergo,
2295 407 2491 462 l'.-atres
2515 407 2844 472 eharissimi,
2893 420 3014 461 csse
3045 403 3241 460 divites
3265 404 3461 475 cupitis
3484 443 3502 462 .
3543 421 3705 462 veras

420 503 781 574 comparanda
806 501 1018 555 estvita
1056 508 1278 561 mterna,
1307 500 1351 553 si
1384 507 1494 552 tam
1528 499 1762 568 pretiosa
1792 506 1878 552 est
1898 498 2002 550 vita

422 602 667 667 peritura
693 594 706 646 l
761 593 835 646 Da
862 592 1083 647 Ehristo
1108 591 1307 660 aliquid
1339 599 1395 644 ut
1426 591 1574 644 vivas
1602 589 1813 652 beatus,
1855 588 1900 641 si
1928 596 2008 641 to-

424 698 535 741 tum
563 686 659 739 das
697 684 837 739 hosti
882 683 1104 737 utvivas
1145 682 1441 736 mendicus.
1491 682 1567 735 Ex
1598 682 1705 735 vita
1747 689 1835 734 tua
1877 691 2011 734 tem-

422 776 634 847 porali,
673 790 834 844 quam
882 781 994 828 toto
1029 772 1216 843 pretio’
1244 773 1486 837 redimis,
1537 772 1779 841 appende
1824 769 2009 840 quanti

421 868 599 922 valeat
621 875 845 930 aeterna,
876 881 1039 935 quam
1073 863 1335 934 negligis:
1377 873 1435 917 ut
1458 864 1609 917 vivas
1646 863 1836 918 diebus
1879 876 2013 932 pau-

422 959 520 1024 cis,
543 957 644 1012 etsi
684 958 750 1011 ad
777 964 1113 1011 senectutem
1136 963 1494 1025 perventurus
1513 953 1624 1019 sis;
1649 968 1841 1007 omnes
1864 952 2010 1006 enim

423 1049 539 1102 dies
576 1047 807 1101 hominis
841 1048 909 1099 ab
938 1045 1163 1099 infantia
1208 1061 1379 1115 usque
1425 1046 1493 1098 ad
1519 1053 1824 1109 senectam,
1854 1041 2012 1113 pauci

421 1138 538 1193 dies
563 1146 707 1201 sunt,
736 1145 791 1190 et
826 1137 871 1191 si
905 1137 1018 1207 ipse
1044 1136 1213 1191 Adam
1255 1135 1414 1189 hodie
1450 1144 1784 1194 moreretur,
1813 1147 2015 1202 paucos

425 1230 540 1284 dies
563 1229 791 1293 vixerat,
816 1227 938 1295 quia
966 1241 1155 1281 omnes
1193 1225 1441 1280 ﬁnierat:
1476 1238 1679 1293 paucos
1709 1238 1837 1292 ergo
1875 1223 2013 1287 dies,

428 1330 483 1373 et
510 1320 609 1373 hos
645 1319 964 1381 laboriosos,
1019 1318 1073 1371 in
1101 1325 1251 1371 tanta
1284 1316 1487 1385 inopia,
1522 1316 1665 1370 inter
1691 1322 1867 1368 tantas
1896 1323 2013 1368 ten-

428 1412 679 1475 tatioues,
720 1411 962 1473 redimis,
994 1409 1181 1479 quanti
1224 1408 1355 1462 nihil
1390 1409 1590 1463 habere
1613 1407 1695 1462 vis
1725 1416 1784 1461 ut
1815 1408 2017 1462 habeas

426 1512 512 1567 te;
547 1501 707 1556 hodie
735 1501 1064 1569 redemptus,
1112 1515 1237 1554 eras
1260 1498 1399 1554 forte
1429 1500 1761 1564 moriturus;
1800 1498 1867 1552 ab
1912 1498 2017 1553 isto

427 1592 705 1656 dimissus,
756 1590 896 1646 forte
945 1591 1014 1645 ab
1045 1589 1153 1646 alio
1199 1589 1567 1644 trucidandus.
1608 1588 1653 1644 Ο
1703 1590 1865 1643 homo
1894 1603 2017 1643 cor-

423 1698 555 1750 pore
599 1681 804 1751 fragilis
830 1720 846 1745 ,
900 1687 1145 1748 tempore
1192 1679 1485 1744 mutabilis,
1537 1687 1709 1732 morte
1743 1678 2011 1743 solubilis,

428 1786 652 1841 pressus
696 1769 954 1825 oneribus
981 1809 997 1835 ,
1049 1766 1307 1838 fatigatus
1351 1767 1800 1824 sollicitudinibus
1826 1809 1841 1834 ,
1894 1768 2019 1822 audi
2050 1755 2095 1814 Β

429 1860 715 1916 consilium
747 1874 927 1913 meum
954 1875 968 1911 :
1024 1858 1224 1912 Releva
1251 1866 1304 1911 te
1327 1857 1506 1912 dando
1528 1857 1856 1928 pauperibus
1880 1857 2022 1927 quod

427 1948 710 2019 acquisisti
736 1947 1058 2008 laboribus;
1108 1947 1174 2001 da
1210 1962 1315 2000 non
1351 1946 1574 2001 habenti
1614 1946 1848 2016 aliquid,
1894 1948 2021 2017 quia

426 2049 481 2093 et
508 2047 564 2094 tu
600 2053 709 2093 non
731 2038 901 2093 habes
929 2037 1132 2108 aliquid
1158 2052 1172 2091 :
1223 2053 1497 2107 nunquam
1518 2040 1665 2093 enim
1686 2039 1854 2093 vitam
1871 2047 2023 2094 teter-

430 2145 554 2185 nam
592 2129 795 2195 habes;
833 2128 902 2183 da
930 2143 1060 2198 ergo
1095 2143 1158 2182 ex
1188 2142 1255 2182 eo
1289 2127 1433 2197 quod
1477 2129 1665 2193 habes,
1694 2137 1753 2183 ut
1783 2130 2021 2200 accipias

428 2221 573 2289 quod
607 2236 716 2277 non
765 2220 954 2275 habes.
996 2218 1183 2274 Pulsat
1242 2218 1525 2275 mendicus
1562 2218 1784 2289 januam
1826 2228 2017 2286 tuam;

426 2313 613 2383 pulsas
647 2310 951 2381 tujanuam
1001 2310 1213 2367 Domini
1243 2312 1343 2366 tui.
1387 2310 1502 2366 lloe
1544 2310 1676 2367 facit
1719 2313 1861 2367 Deus
1895 2327 2016 2366 cum

431 2402 683 2457 mendico
707 2416 808 2457 suo
831 2401 976 2471 quod
1002 2401 1138 2456 facis
1164 2409 1220 2455 tu
1250 2416 1375 2456 cum
1415 2410 1506 2457 tuo
1533 2421 1546 2456 :
1575 2402 1641 2457 da
1671 2417 1819 2474 ergo,
1850 2410 1905 2458 et
1934 2402 2020 2455 da-

430 2496 577 2549 bitur
623 2493 740 2548 tibi.
799 2492 857 2548 Si
910 2493 1187 2559 nolueris,
1232 2501 1291 2548 tu
1330 2494 1579 2549 videris:
1626 2494 1828 2549 clamat
1872 2493 2020 2549 enim

431 2599 656 2655 pauper,
683 2590 738 2638 et
776 2582 911 2639 dicit
939 2584 1057 2649 tibi,
1089 2583 1222 2639 Peto
1248 2598 1466 2654 panem,
1492 2593 1549 2639 et
1577 2600 1685 2639 non
1717 2585 1851 2640 das:
1881 2583 2021 2654 petis

432 2678 621 2742 vitam,
658 2685 716 2731 et
744 2688 853 2730 non
882 2674 1124 2745 accipis;
1168 2675 1447 2729 videamus
1477 2674 1598 2744 quis
1628 2683 1869 2729 nostrum
1903 2690 2019 2728 ma-

428 2772 548 2838 jore
567 2767 766 2822 domm
790 2764 1020 2831 laboret,
1064 2778 1165 2835 ego
1194 2764 1287 2834 qui
1319 2763 1544 2819 fraudor
1571 2763 1831 2827 buccella,
1864 2779 1934 2819 an
1965 2774 2020 2818 tu

433 2857 524 2926 qui
545 2853 778 2927 privaris
802 2854 912 2909 vita
934 2862 1137 2909 aeterna
1162 2868 1179 2909 :
1222 2868 1324 2925 ego
1351 2855 1442 2924 qui
1471 2855 1707 2925 castigor
1737 2856 1789 2908 in
1813 2865 2018 2918 ventre,

432 2962 502 3002 an
531 2946 697 3018 tuqui
723 2954 944 3012 mente;
977 2946 1043 3000 ad
1068 2953 1401 3015 postremum
1430 2961 1529 3015 ego
1543 2947 1635 3015 qui
1663 2947 1829 3001 ardeo
1859 2945 2019 3012 fame,

431 3054 501 3093 an
531 3046 587 3092 tu
616 3036 712 3107 qui
739 3036 1048 3092 exurendus
1089 3050 1149 3091 es
1177 3036 1331 3107 igne,
1380 3044 1436 3090 et
1475 3034 1706 3090 ﬂammis
1742 3036 2020 3090 vivacibus

2111 495 2326 551 divitias
2354 507 2552 552 amate.
2606 496 2662 551 Si
2693 496 2902 551 culmen
2931 496 3043 550 veri
3076 496 3298 551 honoris
3324 497 3588 566 qumritis,
3634 500 3704 552 al

2109 601 2330 655 regnum
2375 586 2591 642 caeleste
2625 588 2847 643 tendite.
2878 587 2933 642 Si
2966 588 3191 658 gloriam
3218 588 3537 658 dignitatum
3581 589 3709 643 dili-

2109 677 2252 746 gitis,
2284 679 2333 731 in
2367 676 2457 731 illa
2498 693 2731 747 superna
2763 677 3080 745 angelorum
3124 679 3276 733 curia
3312 678 3509 733 ascribi
3553 677 3702 735 festi-

2109 777 2254 820 nate.
2290 766 2460 822 Verba
2484 769 2576 822 Dei
2598 783 2718 838 quae
2747 784 2878 823 aure
2900 769 3195 838 percipitis,
3227 777 3408 824 mente
3448 768 3701 831 retinete,

2110 865 2165 911 et
2192 858 2444 926 operibus
2474 858 2562 913 illa
2595 859 2820 929 implere
2848 861 3097 929 sat-agite.
3148 860 3285 914 Ecce
3314 860 3507 914 transit
3541 874 3707 914 omne

2113 949 2253 1017 quod
2283 949 2336 1003 in
2364 950 2562 1004 mundo
2582 949 2762 1018 agitis,
2792 956 2847 1004 et
2874 948 2938 1004 ad
2968 957 3270 1005 extremum
3286 948 3547 1019 judicium
3582 951 3707 1005 sine

2113 1039 2224 1092 ulla
2254 1039 2524 1094 uianentis
2575 1039 2987 1110 interpositione
3032 1040 3275 1109 quotidie
3322 1041 3563 1095 volentes
3606 1055 3710 1094 no-

2115 1129 2392 1201 lentesque
2439 1131 2763 1201 properatis.
2812 1130 2922 1186 Cur
2959 1146 3090 1201 ergo
3118 1141 3333 1186 amatur
3371 1133 3511 1201 quod
3541 1131 3709 1187 relin-

2122 1220 2351 1289 quitur?
2379 1220 2487 1274 Cur
2516 1220 2645 1275 illud
2673 1220 2961 1292 negligitur
2990 1236 3096 1290 quo
3137 1222 3485 1291 pervenitur?
3512 1222 3709 1280 Amate

2116 1312 2384 1379 cmicstia,
2416 1312 2650 1383 respuite
2680 1320 2924 1377 terrena,
2954 1315 3179 1382 quaerite
3202 1324 3424 1379 aeterna,
3456 1315 3711 1385 negligite

2117 1403 2453 1474 temporalia,
2506 1408 2565 1456 ut
2589 1417 2712 1457 cum
2758 1403 2850 1458 illo
2878 1402 3096 1473 possitis
3137 1412 3454 1474 perpetuum
3481 1420 3708 1476 regnum

2118 1500 2325 1557 tenere,
2358 1493 2448 1562 qui
2480 1493 2614 1548 vivit
2661 1500 2719 1547 et
2754 1498 2943 1563 regnat
2987 1507 3110 1547 cum
3142 1493 3250 1547 Deo
3284 1491 3443 1546 Patre
3490 1492 3543 1546 in
3587 1493 3712 1547 uni-

2116 1591 2231 1638 tate
2269 1582 2502 1652 Spiritus
2528 1584 2705 1638 sancti
2739 1582 2899 1648 Deus,
2922 1596 3021 1652 per
3046 1581 3226 1637 omnia
3252 1581 3447 1637 saecula
3476 1581 3709 1637 saeculo-

2118 1690 2262 1730 rum.
2294 1674 2491 1731 Amen.

2661 1763 2938 1822 HOMILIA
2974 1763 3153 1819 LVIII.

2121 1870 2188 1908 DE
2227 1868 2388 1910 JUSTE
2420 1868 2712 1911 JDDICANDO
2758 1870 2829 1910 ET
2878 1869 3059 1910 FALSIS
3104 1868 3358 1909 TESTIBUS
3407 1870 3509 1910 NON

2797 1940 2917 1980 PIBN
2922 1941 3022 1980 D18.

3555 1871 3709 1911 DECI-

2191 2037 2510 2093 Audivrmus
2536 2037 2823 2092 Dominum
2856 2039 2908 2093 in
2936 2038 3244 2109 Evangelia,
3275 2038 3470 2093 fratres
3501 2039 3715 2094 charis-

2121 2129 2262 2194 simi,
2293 2128 2694 2200 praecipientem
2716 2137 2879 2199 atque
2908 2130 3174 2185 dicentem
3204 2149 3217 2184 :
3251 2129 3427 2185 Nolite
3441 2131 3711 2201 judicare,

2119 2226 2175 2273 et
2213 2233 2319 2272 non
2358 2217 2773 2286 judicabimini;
2827 2218 2991 2274 nolite
3040 2220 3408 2275 condenmare
3436 2262 3450 2287 ,
3506 2230 3561 2276 et
3601 2238 3716 2277 non

2119 2308 2630 2364 condemnabimini.
2668 2308 2723 2362 In
2760 2325 2869 2379 quo
2919 2310 3062 2364 enim
3084 2310 3289 2381 judicio
3310 2310 3713 2381 judicaveritis,

2112 2398 2447 2468 judicabitur
2473 2398 2539 2452 de
2569 2398 2719 2453 vobis
2747 2398 2964 2470 (Matth.
3004 2400 3100 2471 vn)
3121 2441 3133 2454 .
3177 2402 3233 2455 In
3260 2417 3367 2470 quo
3396 2417 3500 2455 non
3530 2402 3717 2470 prohi-

2120 2492 2237 2547 buit
2259 2489 2447 2559 judicii
2478 2491 2813 2547 sanctionem
2838 2534 2853 2557 ,
2903 2493 2996 2548 sed
3037 2494 3274 2550 ostendit
3314 2493 3591 2562 juzlicandi
3626 2511 3719 2550 ra-

2123 2583 2343 2637 tionem.
2368 2581 2709 2651 Compeseuft
2736 2584 3113 2653 pertinaciam,
3144 2593 3200 2639 et
3225 2584 3710 2654 docuitjustitiam.

2120 2675 2211 2729 Ait
2238 2673 2380 2729 enim
2411 2675 2525 2745 ipse
2547 2674 2671 2729 alibi
2699 2692 2713 2728 :
2742 2673 2955 2730 Iustum
2976 2674 3239 2743 judicium
3265 2675 3506 2745 judicate
3524 2676 3712 2748 (Joan.

2121 2766 2242 2837 vn).
2293 2766 2361 2822 Et
2384 2766 2437 2821 in
2464 2765 2643 2836 Lege:
2676 2765 2846 2831 Iuste,
2874 2766 3068 2836 inquit,
3100 2768 3241 2837 quod
3262 2766 3465 2835 justum
3495 2776 3579 2821 est
3620 2781 3716 2821 ex-

2122 2857 2388 2925 sequaris.
2422 2855 2610 2912 Omnis
2640 2856 2785 2910 enim
2814 2857 2905 2925 qui
2936 2867 3083 2911 recte
3116 2866 3173 2912 et
3195 2856 3578 2927 justejudicat,
3603 2865 3717 2912 sta-

2123 2955 2293 3003 teram
2324 2947 2377 3001 in
2401 2963 2561 3000 manu
2596 2955 2786 3016 gestat.
2828 2946 2882 3001 In
2911 2956 3137 3016 utroque
3158 2962 3323 3016 penso
3343 2948 3613 3018 justitiam
3660 2958 3719 3002 et

2124 3038 2550 3093 misericordiam
2580 3045 2781 3107 portat,
2810 3038 2902 3091 sed
2940 3052 3038 3107 pro
3064 3036 3274 3105 justitia
3301 3038 3477 3093 red'lit
3501 3038 3719 3108 peccati

433 3132 859 3202 mancipandus?
888 3132 983 3185 llis
1009 3131 1190 3186 verbis
1217 3131 1487 3201 pauperis,
1513 3133 1696 3187 nescio
1724 3144 1901 3186 utrum
1934 3147 2018 3186 re-
2047 3102 2092 3164 δ
2124 3130 2442 3184 sententiam
2476 3145 2490 3182 :
2543 3143 2640 3197 pro
2698 3128 3071 3183 misericordia
3139 3137 3402 3197 temperat
3452 3141 3668 3197 pmnam
3695 3144 3715 3194 ;

426 3224 697 3293 spondere
718 3223 915 3294 poterit
951 3223 1199 3292 superbia
1248 3223 1449 3277 divitis.
1485 3222 1664 3289 Omni,
1696 3224 1869 3294 inquit
1912 3225 2019 3279 Do-

430 3316 632 3381 minus,
653 3315 843 3386 petenti
864 3324 912 3368 te
936 3313 1041 3367 da:
1071 3314 1114 3367 si
1144 3314 1314 3378 omni,
1343 3324 1545 3383 quanto
1577 3315 1746 3387 magis
1771 3331 1939 3385 egeno
1968 3325 2023 3370 et

430 3405 651 3469 misero,
708 3402 863 3473 cujus
919 3404 1119 3458 macies
1164 3411 1219 3458 et
1268 3403 1442 3473 pallor
1482 3405 1825 3468 mendicant;
1866 3403 2021 3472 cujus

432 3496 612 3566 lingua
650 3501 811 3559 tacet,
865 3493 1085 3564 squalor
1130 3502 1182 3547 et
1227 3494 1458 3564 gemitus
1506 3493 1900 3564 eleemosynam
1933 3510 2023 3563 pe-

432 3595 574 3639 tunt.
623 3583 764 3639 Audi
820 3599 951 3654 ergo
979 3600 1095 3650 me,
1146 3600 1180 3639 ο
1211 3585 1380 3650 dives,
1432 3594 1487 3639 et
1528 3586 1812 3641 consilium
1844 3602 2020 3640 meum

425 3675 641 3744 placeat
673 3673 791 3741 tibi,
818 3684 1041 3746 peccata
1069 3683 1158 3729 tua
1185 3674 1542 3745 eleemosyuis
1564 3674 1784 3738 redime,
1811 3675 1918 3728 noli
1950 3675 2023 3727 in-

430 3764 691 3820 cumbere
718 3777 890 3830 auro;
938 3764 1113 3818 nudus
1147 3763 1304 3817 existi
1349 3764 1415 3818 de
1458 3771 1647 3817 ventre
1676 3763 1867 3817 matris
1897 3772 2019 3828 tum,

434 3855 612 3909 nudus
642 3853 996 3927 esrediturus
1032 3854 1087 3907 in
1119 3863 1352 3919 terram;
1382 3863 1437 3908 et
1463 3855 1507 3909 si
1537 3854 1708 3909 nullus
1733 3869 1795 3910 es
1820 3855 2021 3910 redituo

435 3956 528 3996 rus
554 3943 607 3996 in
639 3951 861 4005 terram,
894 3941 982 3996 cui
1010 3956 1304 4011 congregas
1332 3958 1493 4011 super
1523 3948 1763 3999 terram?
1783 3943 1956 3999 Credo
1978 3945 2021 3999 si

428 4034 636 4103 aliquid
668 4042 848 4089 tecum
893 4043 1108 4103 portare
1139 4048 1344 4102 posses,
1402 4034 1553 4089 vivos
1584 4035 1830 4090 homines
1859 4037 2021 4090 deve-

437 4141 637 4182 rasses.
681 4126 821 4182 Ecce
864 4126 1037 4180 nudus
1087 4126 1430 4197 regredieris,
1465 4142 1562 4181 cur
1591 4142 1697 4181 non
1734 4128 2020 4196 pecuniam

428 4217 519 4272 vel
547 4216 683 4272 bene
706 4215 794 4271 vel
832 4216 972 4271 male
1016 4224 1397 4286 congregatam
1447 4216 1703 4286 largiris?
1755 4216 2025 4272 Ptmmitte

431 4322 543 4375 quo
570 4305 747 4361 iturus
786 4318 865 4367 es.
896 4305 982 4361 fac
1010 4304 1389 4359 translationes
1425 4320 1606 4360 rerum
1637 4306 2021 4376 periturarum,

432 4406 494 4453 ut
533 4398 819 4468 pervenias
865 4398 933 4452 ad
971 4413 1196 4469 regnum
1223 4397 1503 4453 cmlerum.
1552 4398 1608 4452 Si
1647 4399 1790 4453 enim
1821 4400 2020 4454 homini

436 4488 602 4544 alicui
631 4488 819 4544 decem
874 4489 1075 4544 solidos
1117 4488 1307 4552 dares,
1339 4505 1436 4559 pro
1459 4490 1656 4559 quibus
1685 4490 1779 4545 tibi
1807 4502 2021 4545 centum

428 4578 781 4647 pestrnodum
839 4579 1123 4645 redderet,
1175 4590 1434 4649 quantum
1484 4582 1777 4650 gauderes,
1822 4592 2023 4652 quanta

436 4667 604 4722 animi
646 4667 831 4722 Imtitia
859 4668 1189 4724 exsultares!
1229 4670 1285 4725 Si
1310 4684 1440 4740 ergo
1465 4672 1644 4726 usuris
1684 4672 1907 4741 gaudes,
1948 4671 2024 4727 fe—

436 4774 570 4813 nera
600 4758 828 4816 Domino
857 4768 972 4823 tuo,
1015 4760 1190 4814 tribue
1220 4760 1328 4816 Deo
1357 4770 1447 4815 tuo
1478 4763 1543 4816 de
1588 4778 1687 4817 suo
1716 4781 1728 4816 :
1764 4763 2022 4834 multipli-

430 4860 561 4908 cato
582 4851 728 4906 enim
759 4851 964 4917 fenore,
994 4852 1182 4907 reddet
1214 4853 1329 4907 tibi.
1384 4855 1473 4907 Vis
1504 4869 1661 4909 nosse
1695 4871 1856 4924 quam
1885 4857 2023 4909 mul-

439 4942 696 5013 tipliciter
724 4944 911 4998 reddet
940 4945 1078 4999 tibi?
1102 4944 1208 4998 Pro
1239 4947 1500 5010 buecella,
1526 4963 1621 5017 pro
1651 4963 1888 5012 nummo,
1920 4964 2019 5017 pro

438 5034 617 5089 tunica
640 5075 656 5099 ,
689 5037 891 5104 accipis
936 5036 1099 5091 vitam
1131 5046 1390 5092 teternam
1413 5079 1427 5102 ,
1478 5056 1697 5109 regnum
1733 5040 2016 5103 caelorum,

438 5126 822 5185 beatitudinem
846 5128 964 5183 sine
994 5127 1116 5183 line.
1136 5127 1388 5197 Appende
1410 5145 1531 5184 cum
1564 5130 1799 5184 buccetla
1828 5139 1913 5183 tua
1944 5130 2022 5183 vi-

438 5227 548 5273 tam
580 5227 861 5280 :eternam,
916 5217 1131 5273 divitias
1178 5218 1551 5287 sempiternas,
1594 5219 1736 5272 nulla
1764 5228 1845 5271 est
1870 5233 2019 5272 coui-

435 5309 685 5380 paratio;
714 5308 813 5362 das
860 5306 1006 5361 enim
1038 5316 1260 5370 terram,
1315 5314 1370 5360 et
1397 5308 1590 5377 recipis
1631 5323 1753 5361 cum
1781 5308 1871 5376 qui
1901 5308 2025 5362 fecit

433 5400 631 5458 calum
654 5407 710 5455 et
738 5409 957 5453 terram.
987 5399 1106 5467 Ipse
1135 5399 1278 5453 enim
1310 5400 1588 5467 praunium
1618 5408 1882 5462 nostrum,
1910 5400 2025 5453 sine

437 5506 547 5561 quo
568 5492 717 5548 dives
741 5489 1028 5552 mendicat,
1058 5498 1111 5544 et
1143 5504 1266 5543 cum
1298 5504 1404 5557 quo
1426 5503 1632 5558 pauper
1657 5490 2025 5558 copiosi~sime

436 5580 590 5637 dives
612 5589 714 5636 est.
749 5578 885 5647 Quid
915 5578 1057 5633 enim
1095 5578 1255 5633 habet
1292 5577 1464 5643 dives,
1495 5578 1540 5631 si
1576 5578 1741 5632 Deum
1784 5595 1888 5633 non
1934 5578 2025 5631 ha-

439 5668 571 5724 bet?
620 5670 757 5735 Quid
789 5684 892 5724 non
949 5669 1110 5724 habet
1139 5682 1377 5738 pauper,
1427 5668 1473 5723 si
1517 5667 1683 5723 Deum
1720 5668 1919 5724 habet?
1964 5667 2025 5725 Si

2049 4441 2101 4500 D

2121 3218 2366 3288 quaedam
2399 3233 2526 3272 vero
2548 3226 2673 3271 sunt
2702 3232 2730 3269 a
2759 3217 2939 3287 judice
2966 3218 3109 3271 bono
3132 3231 3229 3286 per
3256 3216 3563 3286 aequitatem
3595 3231 3722 3271 eor-

2123 3311 2363 3381 rigenda,
2416 3310 2659 3378 quaadam
2713 3307 2893 3377 itaque
2930 3322 3029 3378 per
3070 3306 3492 3362 misericordiam
3536 3305 3727 3360 indul-

2122 3401 2314 3469 genda.
2346 3398 2474 3453 Siue
2497 3413 2848 3468 personarum
2872 3398 3187 3468 acceptione
3214 3398 3414 3451 debent
3441 3412 3558 3452 esse
3573 3395 3722 3464 judi-

2122 3490 2203 3543 cia
2232 3507 2246 3542 :
2308 3488 2439 3543 nihil
2469 3488 2612 3541 enim
2642 3487 2879 3555 iniquius
2904 3496 2989 3541 est
3013 3502 3173 3556 quam
3216 3502 3439 3541 munera
3466 3486 3721 3556 accipere

2123 3582 2175 3635 in
2200 3579 2439 3649 judiciis,
2468 3580 2591 3648 quia
2623 3593 2844 3632 munera
2868 3586 3137 3632 excaecant
3160 3577 3499 3646 prudentium
3523 3577 3721 3644 corda,

2123 3680 2178 3726 et
2218 3673 2536 3726 subvertunt
2583 3670 2743 3722 verba
2786 3666 3059 3736 justorum
3109 3668 3285 3738 (Deut.
3321 3666 3453 3733 xvi).
3502 3666 3559 3721 ln
3604 3682 3723 3736 quo

2123 3763 2266 3817 enim
2290 3761 2513 3832 judicio,
2545 3761 2675 3815 dicit
2702 3760 2982 3823 Dominus,
3022 3759 3350 3829 judicahitis,
3379 3759 3725 3828 judicabitur

2125 3850 2192 3903 de
2218 3847 2389 3903 vobis.
2444 3844 2782 3914 Quapropter
2818 3842 2983 3911 judex
3030 3843 3197 3897 Deum
3222 3844 3457 3913 judicent
3501 3844 3718 3906 timeat,

2126 3955 2193 3993 ne
2231 3937 2368 3992 forte
2390 3951 2454 3989 eo
2487 3934 2766 4002 judicante
2795 3935 2909 4004 ipse
2934 3934 3239 3988 damnetur.
3275 3934 3375 4001 Qui
3402 3935 3726 3990 innecentes

2126 4032 2347 4085 damnat
2373 4028 2454 4083 vel
2500 4027 2695 4097 impios
2710 4026 2974 4096 justillcat
3006 4041 3104 4095 pro
3134 4027 3465 4088 muneribus,
3503 4026 3585 4080 vel
3621 4042 3728 4081 cu—

2118 4121 2178 4190 ju
2211 4120 2334 4172 libet
2371 4132 2615 4185 personae
2643 4131 2827 4170 amore
2854 4117 2937 4170 vel
2966 4117 3090 4171 odio
3116 4131 3212 4170 cor
3231 4116 3596 4181 acclinaverit,
3623 4116 3723 4187 ju-

2126 4213 2248 4268 dicii
2280 4212 2564 4265 veritatem
2603 4210 2893 4264 observare
2918 4226 3023 4264 non
3054 4210 3272 4279 poterit.
3317 4207 3486 4263 Nemo
3508 4209 3725 4276 princi-

2126 4319 2251 4373 pum
2278 4301 2472 4356 stultos
2495 4301 2577 4354 vel
2600 4301 2873 4371 improbos
2892 4299 3105 4369 judices
3142 4315 3344 4370 ponere
3366 4301 3523 4354 debet
3546 4314 3560 4352 :
3587 4316 3724 4355 nam

2128 4394 2324 4446 stulttts
2349 4407 2443 4461 per
2465 4393 2733 4460 ignaviam
2756 4392 2967 4463 ignorat
2985 4391 3251 4459 justitiam
3277 4409 3291 4457 ;
3321 4391 3598 4462 improbus
3626 4408 3729 4447 au-

2126 4493 2235 4538 tem
2263 4497 2359 4552 per
2380 4482 2727 4552 cupiditatem
2752 4483 3017 4536 subvertit
3037 4483 3204 4551 ipsam
3230 4497 3393 4551 quam
3416 4482 3604 4537 didicit
3628 4499 3729 4540 ve-

2127 4577 2362 4630 ritatem.
2411 4574 2554 4627 Pcue
2589 4574 2809 4643 gravius
2846 4573 3156 4628 lacerantur
3186 4589 3452 4643 pauperes
3477 4588 3505 4626 a
3531 4575 3727 4642 pravis

2119 4664 2392 4733 judicibus
2441 4680 2603 4735 quam
2658 4681 2687 4717 a
2748 4664 3145 4718 cruentissimis
3190 4664 3478 4718 hostibus:
3535 4663 3729 4720 nullus

2125 4757 2306 4826 praedo
2335 4765 2444 4810 tam
2477 4755 2703 4826 cupidus
2734 4755 2785 4808 in
2823 4754 3035 4816 alienis,
3083 4769 3244 4823 quam
3285 4754 3451 4821 judex
3494 4753 3728 4822 iniquus

2126 4849 2179 4903 in
2206 4849 2337 4903 suis.
2370 4846 2588 4915 Pejores
2613 4854 2737 4901 sunt
2771 4846 3017 4901 hostibus
3049 4846 3261 4916 judices
3286 4845 3451 4915 iniqui
3478 4862 3491 4910 ;
3531 4845 3729 4901 hostes

2126 4954 2267 5009 smpe
2289 4938 2410 5009 fuga
2440 4939 2710 5001 vitantur,
2741 4934 2954 5004 judices
2983 4945 3204 5007 propter
3225 4935 3518 5006 potentiam
3547 4934 3727 5007 effugi

2127 5043 2231 5082 non
2260 5040 2502 5098 possunt.
2532 5027 2632 5096 Ipsi
2660 5027 2876 5080 divitias
2897 5041 2960 5079 ex
2991 5025 3188 5079 civium
3216 5024 3565 5094 oppressione
3588 5041 3730 5078 con-

2129 5134 2354 5189 gregare
2385 5118 2621 5172 student.
2662 5116 2764 5185 Ipsi
2788 5115 3007 5170 divitias
3041 5132 3103 5169 ex
3132 5116 3329 5169 civium
3360 5114 3730 5183 oppressione

2128 5224 2456 5279 congregare
2500 5209 2737 5262 sludent.
2783 5207 3083 5278 Aliquotics
3115 5207 3328 5276 judices
3374 5206 3497 5260 boni
3549 5207 3718 5259 mitti-

2131 5310 2273 5354 stros
2305 5301 2502 5354 habent
2556 5313 2799 5368 rapaces,
2845 5315 3074 5367 quorum
3123 5298 3326 5353 scelere
3354 5296 3721 5363 coinquinan-

2133 5404 2260 5456 tur,
2301 5393 2345 5447 si
2396 5408 2499 5448 non
2550 5392 2838 5461 prohibt-nt
2886 5392 3233 5459 rapacitatem
3283 5389 3530 5451 illorum;
3571 5388 3623 5441 hi
3666 5390 3722 5444 in

2130 5483 2319 5537 alienis
2349 5491 2574 5552 pereunt
2599 5483 2854 5552 peccatis,
2886 5482 3013 5550 quia
3041 5498 3142 5535 non
3163 5481 3352 5545 solum,
3376 5488 3436 5533 ut
3462 5478 3732 5549 egregius

2133 5573 2312 5627 uuunli
2345 5574 2531 5626 doctor
2560 5573 2634 5625 ait
2661 5571 2840 5644 (Rom.
2881 5573 2936 5641 ι),
2986 5572 3075 5642 qui
3104 5571 3327 5640 faciunt,
3357 5568 3448 5623 sed
3475 5568 3564 5641 qui
3597 5584 3728 5625 ξοη-

2128 5665 2356 5719 sentiunt
2392 5664 2573 5734 iniqua
2616 5664 2961 5735 facientibus,
3005 5664 3150 5736 digiti
3191 5661 3492 5719 efﬁciuntur
3538 5672 3737 5715 morte
