4040 6188
287 309 385 366 ωθ

1192 307 1200 313 ’
1265 323 1568 381 Ηοιιιιιλε
1610 327 1698 384 DE
1734 329 1977 385 rasus
2016 332 2422 404 PRAEtZIPIIIS,
2468 339 2613 393 me.

3456 356 3557 415 H0

285 432 559 493 perpetua.
606 423 764 498 Saepe
779 426 992 496 iudices
1033 434 1183 502 pravi
1232 438 1543 507 cupiditatis
1581 455 1743 495 causa
1772 449 1864 495 aut
1892 444 1939 503 Λ
1968 443 2097 500 stias
2124 446 2419 519 patiuntur,
2451 450 2663 505 forti:er
2687 468 2779 506 eas
2812 452 3088 524 sull'erant,
3118 469 3176 515 ut
3196 472 3392 520 mterna
3420 468 3551 525 bea-

284 511 531 567 dilleruut
559 523 657 569 aut
682 528 1003 586 pervertunt
1037 522 1240 592 judicia
1266 566 1278 587 ,
1320 542 1419 582 nec
1450 528 1645 583 ﬁniunt
1672 545 1867 585 causas

281 616 556 671 quousque
578 605 829 662 sacculus
872 623 1058 665 eorum
1108 611 1433 681 impleatur;
1465 618 1682 685 quando
1719 619 1863 673 enim

272 690 550 759 judicant,
592 709 701 750 non
750 712 995 767 causam,
1025 703 1119 758 sed
1146 704 1284 759 dona
1327 708 1688 763 considerant.
1717 709 1865 765 Judi-

276 795 364 834 ces
401 783 573 850 pravi,
604 783 758 854 juxta
806 790 1082 859 prophetae
1123 794 1371 861 verbum,
1424 798 1578 866 quasi
1611 797 1742 869 lupi,
1774 816 1865 854 ve-

273 883 428 938 spere
457 885 564 925 non
596 873 910 944 relinquunt
930 881 984 931 in
1008 896 1201 949 mane;
1234 883 1336 939 hoc
1356 894 1461 949 est,
1492 887 1558 941 de
1582 890 1865 956 praesentis

271 960 394 1015 vita:
418 966 709 1019 commodo
739 976 947 1023 tantum
977 973 1234 1042 cogitant,
1266 976 1333 1029 de
1359 976 1546 1031 futuro
1573 987 1753 1033 autem
1779 980 1864 1033 ni-

272 1053 343 1107 hil
367 1054 678 1124 ,.luporum
713 1074 867 1115 more
906 1073 1102 1119 cuncta
1142 1066 1413 1135 rapientes
1435 1107 1450 1134 ,
1484 1078 1541 1122 et
1573 1070 1659 1124 vix
1690 1086 1860 1140 pauca

270 1146 599 1213 pauperibus
624 1147 1008 1219 relinquentes.
1027 1153 1317 1210 Iracundus
1334 1157 1498 1226 judex
1519 1157 1705 1226 judicii
1734 1176 1862 1215 exa-

268 1249 389 1288 men
423 1234 584 1303 plene
630 1241 875 1295 contueri
915 1257 1023 1318 non
1050 1243 1212 1308 valet,
1260 1248 1383 1314 quia
1406 1248 1635 1318 caligine
1665 1228 1859 1304 fur’oris

268 1340 372 1378 non
401 1326 553 1381 videt
574 1327 876 1386 claritatem
893 1316 1136 1404 justitiam
1168 1336 1283 1391 Non
1315 1316 1544 1407 persona
1576 1342 1628 1396 in
1654 1341 1858 1410 judicio

265 1416 684 1487 consideranda,
738 1423 832 1478 sed
871 1439 1055 1480 causa.
1100 1426 1370 1499 Scriptum
1414 1440 1498 1487 est
1525 1434 1706 1488 enim:
1739 1434 1855 1490 Non

267 1508 505 1578 accipias
529 1525 818 1580 personam
850 1514 903 1569 in
917 1513 1137 1584 judicio.
1170 1518 1339 1589 Iniqui
1362 1521 1574 1591 judices
1592 1535 1777 1580 errant
1800 1526 1853 1582 in

264 1602 516 1658 veritatis
544 1607 836 1669 sententia,
885 1607 1010 1662 dum
1050 1608 1337 1666 intendunt
1374 1614 1687 1682 qualitatem
1731 1631 1854 1685 per-

264 1705 451 1756 sonas;
481 1702 543 1747 et
567 1702 763 1749 nocent
804 1710 945 1766 smpe
992 1696 1173 1766 justis,
1207 1701 1332 1755 dum
1382 1701 1626 1773 improbe
1662 1706 1848 1760 defen-

1971 535 2196 590 titudiue
2230 537 2573 595 inveniantur
2615 542 2779 613 digni.
2827 544 3150 605 Coutestans
3181 553 3406 610 obsecro
3431 574 3547 624 vos,

1968 622 2164 682 fratres
2188 628 2515 696 charissimi,
2554 642 2610 686 ut
2639 649 2853 705 seraper
2874 638 2976 693 hoc
2997 643 3306 708 attendatis,
3334 622 3549 716 quando

1966 717 2199 786 aliquem
2227 718 2495 789 judicetis,
2535 737 2627 777 seu
2655 724 2979 794 defendatis,
3010 730 3122 786 sive
3151 740 3314 788 etiam
3337 750 3437 792 noc
3468 737 3547 792 fa-

1966 806 2232 861 cientibus
2264 812 2652 877 consentiatis;
2693 817 2833 883 quod
2863 819 3140 875 veritatem
3183 832 3238 877 et
3275 825 3542 895 justitiam

1965 909 2071 949 non
2107 895 2442 966 relinquatis,
2472 901 2564 955 sed
2593 901 2645 955 in
2673 904 2920 960 omnibus
2945 910 3231 967 observare
3259 916 3541 983 studentis,

1965 992 2228 1052 quatenus
2263 1003 2293 1040 a
2325 1004 2453 1043 vero
2486 989 2667 1057 judice
2696 1003 2906 1060 vestro,
2944 998 3057 1066 ipsa
3089 1001 3335 1058 videlicet
3389 1007 3543 1062 Veri-

1964 1081 2094 1139 tate,
2123 1078 2519 1145 quaejudicabit
2545 1083 2729 1137 orbem
2763 1092 2918 1140 terra:
2941 1088 2992 1140 in
3024 1092 3277 1160 (equitate
3309 1095 3537 1163 etjusti-

1962 1163 2075 1229 tia,
2127 1180 2381 1220 coronam
2432 1168 2931 1231 immarccscibilem
2979 1192 3102 1233 cum
3142 1183 3435 1241 benedictis
3482 1189 3535 1242 in

1959 1262 2159 1308 acterna
2204 1255 2536 1313 beatitudine
2578 1263 2820 1331 accipere
2873 1271 3225 1337 mercamini;
3279 1273 3394 1342 ipso
3436 1279 3535 1330 tri-

1960 1342 2175 1409 buente,
2205 1348 2295 1413 qui
2324 1347 2454 1401 vivit
2479 1357 2534 1402 et
2561 1361 2747 1421 regnat
2769 1369 2888 1408 cum
2919 1357 3023 1411 Deo
3061 1359 3218 1414 Patre
3246 1363 3298 1416 in
3332 1365 3536 1421 unitate

1958 1429 2190 1499 Spiritus
2223 1437 2392 1489 sancti
2423 1436 2584 1504 Deus,
2629 1455 2727 1508 per
2754 1443 2931 1496 omnia
2972 1448 3164 1502 saecula
3191 1450 3526 1507 seculorum.

1954 1518 2146 1575 Amen.

2406 1622 2415 1630 ’
2482 1616 2623 1671 HOM
2633 1618 2760 1673 lLlA
2815 1621 2948 1676 LIX.

2167 1721 2230 1760 DE
2260 1723 2514 1765 SUPERBIA
2542 1727 2609 1766 ΕΤ
2640 1730 2773 1769 ΥΛΝΛ
2805 1732 2996 1772 ϐιοιιιει
3031 1736 3293 1778 (ΖΔἛἘΝΒΛ.

262 1778 397 1832 dunt
434 1780 652 1852 impios.
699 1783 960 1854 Acceptio
996 1801 1276 1857 munerum
1309 1790 1363 1843 in
1395 1788 1615 1858 judiciis
1643 1808 1850 1861 prteva-
1882 1782 1923 1840 Β
2020 1794 2246 1865 Oportet
2292 1816 2386 1854 vos
2444 1803 2600 1864 scire,
2653 1802 2850 1861 fratres
2889 1809 3212 1877 charissimi,
3268 1818 3523 1884 quoniam

258 1870 453 1925 ricatio
475 1881 563 1926 est
601 1873 866 1928 veritatis.
917 1875 1018 1942 Qui
1050 1876 1219 1931 Deum
1246 1879 1516 1946 timentes,
1540 1881 1686 1951 juste
1704 1885 1847 1954 judi-

258 1970 402 2027 cant,
427 1971 633 2017 aeterna
668 1979 699 2018 a
724 1965 833 2019 Deo
858 1968 1135 2037 accepturi
1159 1978 1284 2023 sunt
1313 1972 1554 2039 prtemia.
1585 1974 1844 2028 Conside-

256 2054 486 2108 randum
534 2062 620 2108 est
665 2055 833 2125 igitur
856 2055 1025 2125 judici
1076 2075 1144 2113 ne
1181 2059 1438 2116 falsorum
1476 2064 1692 2118 testium
1721 2065 1843 2120 dolo

255 2144 563 2207 deludetur,
597 2160 664 2199 ne
692 2161 815 2200 cum
844 2146 977 2217 ipsis
1020 2149 1241 2205 sceleris
1271 2152 1353 2206 sui
1382 2155 1640 2208 sortiatur
1664 2155 1842 2210 vindi-

255 2244 415 2288 ctam.
458 2234 508 2289 F
511 2236 658 2290 olsus
679 2238 844 2301 testis,
884 2238 1018 2294 dicit
1041 2238 1314 2307 Salomon,
1352 2260 1453 2297 non
1491 2244 1587 2298 erit
1613 2245 1841 2316 impuni-

255 2336 334 2379 tus
363 2326 547 2397 (Prov.
579 2334 718 2400 xu).
749 2328 849 2397 Qui
874 2329 1064 2386 falsum
1091 2334 1454 2389 testimonium
1485 2336 1690 2406 profert
1710 2353 1841 2394 con-

256 2426 332 2470 tra
365 2421 673 2488 proximum
727 2436 885 2476 suum
917 2462 933 2487 ,
975 2424 1349 2496 exstinguctur
1380 2427 1598 2482 lucerna
1626 2426 1743 2496 ejus
1783 2429 1838 2484 in

252 2509 339 2563 die
367 2510 560 2564 ultimo
618 2509 803 2581 (Prov.
838 2512 1005 2584 xxiv).
1048 2513 1181 2568 Item
1233 2515 1359 2569 alibi
1391 2517 1559 2571 dicit:
1590 2516 1679 2579 .Os
1700 2519 1837 2589 quod

253 2601 519 2664 mentitur,
552 2601 741 2653 occidit
782 2603 1013 2656 animant
1066 2602 1218 2674 (δίῳ.
1270 2604 1331 2675 ι),
1379 2607 1631 2675 quoniam
1691 2618 1835 2661 metu

252 2686 531 2754 cujuslibet
562 2691 848 2758 potestatis
876 2693 1153 2746 veritatem
1199 2695 1455 2760 occultat,
1503 2696 1836 2752 iracundiam

252 2775 344 2830 Dei
391 2794 556 2847 super
590 2794 652 2833 se
693 2780 928 2847 invocat,
974 2782 1097 2850 quia
1145 2784 1319 2851 magis
1362 2785 1514 2839 timet
1562 2788 1834 2841 hominem

251 2881 408 2933 quam
439 2868 626 2921 Deum.
657 2868 954 2925 Falsidicus
982 2873 1131 2927 testis
1161 2881 1243 2928 est
1271 2873 1443 2929 tribus
1468 2877 1714 2945 personis
1741 2878 1836 2931 ob-

250 2956 470 3008 noxius:
502 2957 736 3025 primum
764 2957 894 3023 Deo,
936 2959 1089 3030 cujus
1120 2964 1455 3032 prmscntiam
1501 2967 1832 3032 contemnit;

250 3043 434 3097 deinde
455 3044 655 3114 iudici,
689 3062 848 3115 quem
882 3046 1013 3101 fallit
1045 3050 1387 3115 mentiendo;
1436 3060 1709 3121 postremo
1747 3054 1828 3107 in-

1950 1887 2187 1942 cmlestis
2217 1891 2359 1958 regis
2386 1893 2586 1947 milites
2622 1895 2775 1961 estis,
2804 1906 2989 1951 contra
3025 1914 3160 1968 quos
3183 1904 3365 1960 hostes
3387 1924 3523 1977 prte-

1948 1978 2080 2033 liare
2121 1980 2380 2034 debeatis.
2428 1983 2562 2036 Dicit
2587 1985 2733 2038 enim
2792 1987 2980 2043 beatus
3030 1993 3301 2061 apostolus
3328 1995 3522 2053 Paulus

1946 2066 2161 2139 (Ep/tes.
2196 2070 2270 2141 vt)
2299 2090 2312 2124 :
2358 2071 2478 2125 Non
2501 2083 2574 2126 cst
2602 2075 2750 2129 nobis
2781 2077 3079 2133 colluctatio
3122 2083 3372 2139 adversus
3398 2104 3519 2140 car-

1946 2175 2059 2211 nem
2082 2173 2131 2212 et
2156 2161 2482 2230 sanguinem,
2506 2163 2597 2216 sed
2633 2164 2880 2221 adversus
2922 2168 3180 2239 principes
3211 2182 3258 2225 et
3284 2184 3518 2242 potesta-

1943 2257 2039 2312 tes,
2066 2258 2114 2302 et
2145 2249 2392 2304 adversus
2441 2252 2623 2306 mundi
2669 2265 2888 2310 rectores
2940 2259 3266 2315 tenebrarum
3305 2246 3515 2331 harum,

1943 2347 2122 2391 contra
2153 2339 2421 2407 Spiritalcs
2450 2342 2717 2409 nequitias
2745 2344 2799 2397 in
2825 2344 3133 2403 caelestibus.
3167 2350 3224 2404 Si
3251 2367 3379 2423 ergo
3405 2356 3516 2423 spi-

1943 2425 2126 2479 ritales
2183 2436 2308 2481 sunt
2339 2428 2542 2495 hostes,
2596 2431 2856 2488 adversus
2901 2448 3035 2504 quos
3088 2439 3512 2510 belligerandum

1939 2526 2043 2581 est,
2071 2533 2193 2572 cum
2214 2520 2548 2587 spiritalibus
2567 2524 2731 2579 armis
2755 2540 2993 2597 pugnare
3019 2530 3293 2587 debemus.
3320 2535 3514 2592 Hostes

1939 2608 2083 2660 enim
2115 2609 2285 2662 nostri
2312 2609 2581 2666 daamones
2626 2621 2789 2667 sunt:
2824 2629 2974 2670 arma
3008 2633 3212 2685 eorum,
3245 2638 3364 2677 cum
3388 2628 3510 2695 qui-

1939 2696 2039 2751 bus
2086 2698 2429 2754 invisibiliter
2455 2713 2643 2755 contra
2675 2718 2771 2758 nos
2821 2716 3084 2776 pugnant,
3137 2721 3264 2765 sunt
3293 2713 3508 2777 vitia.E

1939 2794 2128 2840 contra
2172 2803 2293 2853 nos,
2350 2789 2485 2844 duce
2543 2799 2704 2860 atque
2730 2792 3054 2862 imperatore
3081 2807 3266 2853 nostro
3294 2799 3509 2858 Christo

1938 2889 2099 2943 super
2128 2892 2225 2930 nos
2274 2889 2549 2949 regnante,
2611 2883 2781 2937 sacris
2815 2884 2981 2939 armis
3025 2886 3285 2944 virtutum
3310 2892 3505 2947 bellum

1939 2973 2179 3019 nostrum
2247 2983 2518 3037 geramus,
2568 2978 2623 3025 et
2663 2972 2944 3028 victoriam
3002 2974 3158 3032 facile
3205 2993 3303 3048 per
3348 2981 3510 3052 Regis

1938 3057 2105 3111 nostri
2135 3058 2393 3112 auxilium
2440 3062 2734 3131 capiemus.
2785 3063 2877 3117 Ait
2914 3066 3058 3119 enim
3096 3068 3210 3137 ipse
3238 3070 3303 3125 ad
3332 3071 3505 3126 aciem

250 3135 480 3200 nocenti,
533 3151 695 3205 quem
743 3138 878 3193 falso
912 3141 1221 3194 testimonio
1268 3140 1431 3196 lcedit.
1483 3142 1636 3213 Saepe
1684 3145 1829 3198 enim
1857 3123 1901 3183 (ἶ
1938 3145 2278 3201 inimicorum
2313 3163 2440 3203 suos
2475 3150 2809 3205 exhortans:
2850 3152 3024 3209 Nolite
3064 3156 3277 3225 timere,
3310 3159 3503 3229 inquit,

246 3225 420 3278 evenit
443 3233 504 3278 ut
536 3226 658 3279 falsi
706 3234 888 3293 testes,
920 3228 1132 3297 quando
1160 3239 1499 3299 separantur,
1531 3248 1655 3287 mox
1686 3251 1835 3289 men-

251 3316 407 3371 daces
428 3318 772 3375 inveniantur
796 3337 809 3372 :
842 3333 942 3374 nec
970 3321 1069 3375 sibi
1094 3321 1398 3376 blandiatur
1416 3323 1558 3393 quis,
1582 3325 1627 3379 si
1651 3326 1836 3382 audiat

251 3405 436 3462 falsum
472 3410 843 3465 testimonium
901 3412 1002 3467 dici
1052 3424 1238 3468 contra
1285 3415 1599 3483 quemlibet,
1629 3425 1684 3472 et
1724 3434 1831 3473 non

251 3497 589 3565 manifestat,
620 3515 686 3554 eo
713 3500 854 3570 quod
900 3501 1012 3570 ipse
1042 3501 1233 3556 falsum
1258 3519 1362 3556 non
1393 3504 1571 3559 dicat:
1604 3513 1831 3575 uterque

249 3589 384 3641 enim
411 3605 536 3643 reus
561 3599 664 3655 est,
694 3602 749 3645 et
769 3592 861 3660 qui
886 3592 1162 3647 veritatem
1192 3593 1442 3657 occultat,
1475 3602 1530 3648 et
1558 3595 1649 3665 qui
1677 3611 1823 3651 men-

251 3680 453 3733 dacium
516 3681 671 3744 dicit,
712 3683 837 3750 quia
889 3682 977 3736 ille
1004 3683 1256 3752 prodesse
1302 3697 1408 3737 non
1433 3684 1568 3750 vult,
1614 3694 1670 3740 et
1716 3686 1828 3756 ipse

251 3785 434 3824 nocere
456 3770 751 3825 desiderat.
781 3771 979 3827 Beatus
999 3813 1013 3837 ,
1039 3773 1188 3842 cujus
1216 3774 1580 3830 testimonium
1613 3777 1666 3830 in
1692 3793 1825 3832 con-

249 3866 425 3922 spectu
455 3856 552 3910 Dei
605 3858 880 3924 probabile
909 3859 1225 3913 invenietur.
1288 3859 1438 3915 Scire
1471 3878 1567 3917 vos
1589 3872 1822 3932 oportet,

251 3944 457 4011 fratres,
489 3947 634 4015 quod
679 3958 910 4016 quatuor
934 3950 1106 4003 modis
1126 3949 1333 4017 justitia
1363 3953 1414 4006 in
1436 3950 1654 4020 judiciis
1693 3957 1824 4009 sub-

248 4039 488 4103 vertitur,
524 4038 629 4093 hoc
667 4048 771 4104 est,
820 4042 1027 4105 timore,
1067 4042 1377 4111 cupiditate,
1414 4045 1559 4109 odio,
1600 4060 1819 4112 amore;

250 4129 456 4192 timore,
496 4128 623 4183 dum
658 4138 804 4183 metu
829 4131 1107 4199 potestatis
1132 4131 1393 4200 alicujus,
1425 4134 1708 4189 veritatem
1738 4136 1820 4190 di-

248 4232 365 4271 cere
388 4218 470 4271 vel
493 4216 740 4286 judicare
764 4219 1016 4288 quislibet
1041 4221 1278 4290 pavescit
1304 4238 1317 4283 ;
1358 4223 1667 4290 cupiditate,
1695 4224 1821 4278 dum

248 4307 459 4373 prxmio
496 4306 737 4359 muneris
787 4305 1010 4374 alicujus
1044 4309 1406 4378 corrumpitur
1441 4308 1604 4376 judex
1631 4328 1645 4377 ;
1674 4312 1816 4377 odio,

250 4400 366 4450 rhtm
393 4395 682 4464 cujuslibet
710 4395 1000 4451 inimicitiae
1023 4412 1184 4451 causa
1215 4412 1407 4451 nocere
1432 4398 1586 4454 alteri
1616 4401 1821 4455 deside-

1935 3233 2126 3289 lertior
2161 3245 2242 3290 cst
2265 3238 2354 3306 qui
2384 3239 2437 3292 in
2465 3241 2617 3295 vobis
2645 3252 2727 3296 est
2757 3258 2918 3312 quam
2961 3246 3051 3315 qui
3083 3246 3136 3300 in
3168 3250 3366 3305 mundo
3400 3264 3501 3307 est.

1933 3324 2215 3391 Conﬁdite,
2246 3327 2371 3395 quia
2406 3343 2505 3397 ego
2552 3330 2654 3384 vici
2686 3333 2941 3386 mundum
2975 3334 3160 3407 (Joan.
3213 3338 3348 3411 xw).
3376 3339 3497 3395 Pri-

1931 3430 2076 3468 mum
2119 3432 2352 3485 namque
2403 3424 2707 3488 ignotorum
2744 3422 2969 3476 telorum
3004 3422 3172 3479 hostis
3201 3429 3407 3497 antiqui
3432 3445 3497 3485 ac

1931 3503 2249 3573 principium
2287 3514 2369 3561 est
2398 3508 2668 3577 superbia,
2718 3524 2838 3578 qua:
2876 3510 3181 3583 ubicunque
3230 3517 3500 3571 subintra-

1929 3596 2084 3661 verit,
2123 3597 2362 3651 omnium
2392 3599 2643 3655 vitiorum
2679 3609 2798 3669 post
2823 3616 2879 3655 se
2904 3611 3109 3658 turmas
3137 3606 3317 3659 trahit.
3350 3606 3499 3662 lianc

1928 3701 2140 3754 quoque
2189 3688 2421 3741 maxime
2478 3688 2725 3742 conditor
2767 3697 2950 3743 noster
2973 3690 3307 3758 detestatur;
3350 3697 3491 3750 unde

1926 3782 1981 3828 et
2013 3776 2079 3829 de
2107 3790 2170 3829 co
2196 3776 2457 3845 scriptum
2487 3786 2569 3829 est
2598 3795 2610 3828 :
2645 3776 2829 3831 Omnis
2858 3781 3184 3849 arrogantia,
3212 3783 3494 3838 abomina-

1928 3865 2001 3919 tio
2028 3872 2113 3918 est
2137 3865 2278 3934 apud
2308 3865 2473 3918 Deum
2502 3882 2516 3931 ;
2546 3875 2600 3920 et
2630 3867 2754 3920 item
2782 3885 2795 3921 :
2830 3866 3051 3922 0dibilis
3072 3886 3248 3925 coram
3270 3872 3494 3930 Domino

1924 3964 1972 4008 et
2002 3954 2296 4009 hominibus
2324 3955 2565 4025 superbia
2604 3955 2792 4027 (Eccli.
2827 3956 2903 4029 χ).
2937 3958 3002 4012 Et
3021 3960 3148 4014 item
3182 3978 3195 4015 :
3234 3961 3493 4032 Superbis

1924 4045 2067 4100 Deus
2099 4046 2322 4111 resistit,
2369 4046 2660 4102 humilibus
2706 4057 2884 4102 autem
2914 4051 3143 4119 gratiam
3173 4053 3264 4107 dat
3307 4051 3488 4125 (Prov.

1924 4136 2027 4204 ιιι).
2072 4135 2360 4190 Maximum
2398 4144 2453 4190 et
2487 4138 2718 4205 primum
2751 4140 2945 4209 quippe
2990 4142 3184 4197 diaboli
3209 4155 3488 4212 peccatum

1925 4225 2024 4278 fuit
2049 4227 2295 4295 superbia
2324 4243 2338 4290 ;
2367 4236 2423 4281 et
2466 4228 2568 4282 hac
2620 4229 2861 4283 homines
2889 4231 3091 4299 primos
3118 4232 3362 4301 decepit;
3392 4249 3490 4287 un-

1921 4317 1987 4371 de
2025 4319 2281 4387 scriptum
2307 4329 2429 4373 est:
2472 4319 2689 4373 Initium
2727 4323 2979 4391 superbia:
3019 4323 3246 4376 homines
3275 4335 3487 4393 aposta-

1922 4417 2033 4460 tare
2069 4424 2100 4460 a
2129 4408 2239 4462 Deo
2270 4408 2390 4474 fecit
2416 4425 2432 4463 :
2459 4412 2706 4479 quoniam
2735 4411 2800 4463 ab
2853 4427 2913 4463 eo
2936 4412 3024 4479 qui
3056 4411 3178 4480 fecit
3214 4411 3361 4465 illum
3408 4430 3487 4467 re-

248 4496 361 4549 mi;
407 4501 617 4549 amore.
648 4486 773 4540 dum
803 4486 1004 4540 θιηῖοοε
1051 4486 1132 4540 "Cl
1164 4487 1491 4556 propinquos
1524 4497 1711 4544 contra
1730 4489 1818 4560 jll-
1846 4464 1895 4522 Ι)
1920 4499 2067 4550 cessit
2100 4514 2192 4551 cor
2218 4499 2355 4566 ejus,
2377 4499 2623 4568 quoniam
2652 4499 2856 4570 initium
2885 4509 2957 4551 est
2985 4499 3151 4552 omnis
3177 4502 3372 4569 peccati
3397 4519 3487 4557 su-

247 4577 442 4631 stitiam
474 4575 716 4631 defendit
742 4576 1028 4647 potentior.
1062 4576 1156 4631 llis
1187 4589 1417 4646 quatuor
1441 4578 1630 4642 modis,
1679 4595 1818 4649 szt‘pe

245 4669 466 4735 aquilas
486 4667 673 4737 judicii
718 4668 1066 4731 subvertitur,
1119 4679 1174 4723 ct
1234 4669 1536 4724 innocentia
1583 4670 1810 4723 l-.e.litur.

248 4755 515 4827 Magisque
571 4757 789 4812 dolendi
842 4768 968 4813 sunt
1019 4760 1112 4829 qui
1166 4760 1477 4829 Opprimuut
1529 4776 1812 4831 pauperes,

244 4863 399 4916 quam
444 4847 539 4917 qui
576 4849 853 4917 patiuntur
899 4847 1163 4916 injuriam.
1202 4849 1277 4902 llli
1319 4849 1462 4903 enim
1490 4849 1581 4919 qui
1630 4852 1812 4921 oppri-

245 4948 459 4992 muntur
500 4938 851 5009 temporalem
881 4939 1151 4994 miseriam
1180 4940 1287 4995 cito
1318 4940 1530 5002 liniunt,
1568 4940 1640 4994 illi
1688 4956 1815 4997 vero

242 5032 329 5100 qui
354 5032 665 5102 opprimunt
695 5046 789 5085 cos
813 5031 1203 5101 pet-justitiam,
1227 5034 1440 5085 aeternis
1468 5032 1695 5088 llannnis
1719 5032 1813 5087 de-

241 5130 510 5189 putantur.
548 5120 651 5175 llic
677 5136 808 5175 vero
833 5136 973 5190 saipe
998 5138 1027 5174 a
1058 5123 1213 5175 malis
1237 5122 1357 5177 boni
1381 5121 1711 5189 judicantur,
1757 5123 1812 5178 in

241 5214 413 5266 futura
442 5213 709 5281 siquidem
734 5213 844 5267 vita
872 5213 993 5267 mali
1031 5214 1339 5283 judicautur
1379 5228 1408 5266 a
1440 5213 1613 5268 bonis.
1657 5211 1813 5283 Stepe

238 5304 397 5358 etiam
419 5315 475 5359 et
498 5307 590 5360 hic
630 5305 758 5359 boni
787 5304 1024 5359 infelices
1052 5314 1177 5359 sunt
1201 5313 1255 5359 et
1293 5305 1472 5359 miseri
1501 5320 1682 5360 coram
1716 5306 1814 5361 Ιιο⁴

238 5395 486 5461 niuibus,
528 5405 586 5451 ct
617 5397 745 5451 mali
775 5396 989 5461 felices;
1036 5397 1088 5450 in
1128 5396 1214 5450 illa
1251 5397 1429 5465 itaque
1460 5397 1815 5454 retributione

235 5493 433 5540 uerna
475 5502 697 5558 semper
726 5487 849 5541 boni
884 5486 1067 5543 felices
1105 5495 1281 5548 erunt,
1326 5496 1381 5539 et
1426 5485 1551 5539 mali
1604 5500 1818 5557 semper

235 5579 416 5634 miseri
434 5589 614 5634 erunt.
643 5579 851 5645 Quibus
882 5578 1016 5632 bene
1040 5578 1140 5631 erit
1167 5578 1217 5629 iu
1242 5577 1341 5629 hoc
1370 5576 1562 5631 smculo
1591 5586 1813 5630 conten-

236 5668 367 5725 dant
388 5672 622 5727 maxime
644 5689 711 5727 ne
734 5672 873 5728 bona
900 5668 1126 5741 perdant
1149 5676 1426 5737 perpetua,
1452 5674 1504 5720 ct
1528 5667 1618 5735 qui
1650 5667 1815 5721 mulc-

1917 4587 2095 4656 perbia
2117 4601 2135 4638 :
2164 4588 2251 4653 qui
2295 4590 2511 4641 tenuerit
2566 4588 2729 4647 illam,
2782 4588 3147 4657 adimplebitur
3174 4591 3483 4657 maledictis,

1917 4685 1963 4729 et
1997 4676 2250 4731 subvertet
2266 4689 2383 4730 cum
2402 4678 2454 4729 in
2483 4678 2656 4745 ﬁnem.
2698 4673 2977 4745 Propterea
3016 4680 3350 4734 calicum-urit
3382 4681 3486 4734 Do-

1917 4770 2086 4821 minus
2113 4778 2388 4820 conventus
2427 4766 2702 4830 malorum,
2750 4777 2795 4819 et
2822 4767 3075 4821 destruxit
3122 4784 3207 4821 cos
3238 4786 3394 4837 usque
3429 4774 3484 4825 in

1915 4856 2092 4922 liuent.
2123 4853 2283 4907 Sedes
2327 4853 2517 4906 ducum
2568 4854 2904 4924 superborum
2943 4857 3202 4909 destruxit
3236 4857 3400 4923 Deus,
3432 4872 3479 4913 et

1919 4945 2096 4998 sedere
2120 4944 2238 5013 fecit
2264 4944 2409 4997 mites
2430 4961 2523 5014 pro
2555 4944 2676 4997 illis.
2711 4943 2932 4999 Radices
2977 4946 3206 5015 gentium
3234 4953 3480 5019 superba-

1921 5051 2037 5087 rum
2070 5032 2281 5101 arefecit
2318 5033 2483 5096 Deus,
2513 5044 2558 5086 et
2580 5033 2827 5103 plantavit
2865 5034 3087 5088 ltumilcs
3110 5051 3175 5089 ea:
3208 5037 3333 5106 ipsis
3357 5056 3482 5108 geu-

1918 5127 2073 5182 tibus.
2109 5125 2296 5180 Terras
2316 5126 2542 5195 gentium
2563 5126 2737 5178 crertit
2778 5124 3032 5179 Dominus
3072 5136 3119 5180 et
3144 5127 3365 5197 perdidit
3391 5146 3477 5183 eas

1906 5224 2066 5278 usque
2084 5208 2155 5260 ad
2170 5209 2593 5280 fundamentum,
2615 5208 2653 5257 A
2669 5209 2851 5274 ref/icit
2870 5223 2932 5258 ex
2946 5208 3090 5273 ipsis,
3110 5218 3157 5260 et
3175 5210 3486 5276 dispertlitls‘t

1904 5299 2042 5364 illos,
2066 5312 2111 5353 et
2131 5317 2334 5355 cessare
2359 5301 2477 5370 fecit
2503 5299 2812 5353 memoriam
2851 5315 3030 5353 eorum
3052 5317 3081 5351 π
3101 5311 3263 5355 terra.
3305 5299 3486 5355 Periti-

1915 5396 1990 5449 rlit
2024 5394 2161 5447 Deus
2210 5394 2512 5445 memoriam
2547 5391 2906 5463 superborum,
2945 5403 2992 5448 et
3037 5394 3239 5464 reliquit
3289 5410 3479 5446 tttcmo~

1918 5488 2050 5539 riam
2100 5484 2372 5536 [inutilium
2426 5500 2579 5537 sensu
2627 5482 2814 5553 (Eccli.
2845 5485 2921 5555 ι).
2968 5485 3301 5554 Quapropter
3328 5483 3472 5537 ωηιιί

1920 5574 2050 5626 vitio
2085 5573 2319 5627 deterior
2366 5581 2449 5626 est
2483 5573 2769 5641 superbia:
2808 5590 2925 5643 qum
2953 5590 3093 5643 sa-pe
3126 5583 3176 5625 et
3212 5574 3278 5625 de
3324 5574 3477 5627 bonis

1922 5666 2160 5720 nascitur
2185 5665 2411 5729 actibus,
2452 5665 2575 5719 dum
2606 5665 2765 5719 homo
2806 5666 2857 5718 iu
2899 5665 3009 5718 suis
3048 5664 3197 5717 bonis
3225 5666 3478 5735 operibus
