4040 6188
434 346 524 400 ιιι

1065 341 1125 394 Β.
1171 336 1422 394 RABANI
1461 333 1677 390 MAURI
1719 331 2040 388 ARCIIIEP.
2085 331 2396 393 MOGUNT.
2436 333 2721 390 OPEBUM
2761 303 2940 388 PARS
2977 331 3040 387 ll.

3591 325 3689 384 H9.

429 459 706 529 superbit;
737 467 793 514 et
841 465 962 528 post
1009 458 1112 512 hoc
1149 456 1328 528 perdit
1373 469 1469 525 per
1513 452 1818 522 superbiam
1863 451 2003 517 quod
2034 455 2078 510 Α
2111 451 2180 504 ris
2205 451 2358 523 quasi
2382 467 2484 504 non
2515 451 2777 520 acceperis
2814 448 2862 520 (l
2886 447 3007 502 (ἔον.
3039 445 3110 516 ιι)
3135 445 3157 499 ?
3187 444 3330 515 Ergo
3353 461 3442 515 qui
3473 443 3690 514 aliquod

431 553 616 606 habuit
661 567 758 622 per
781 553 1124 607 charitatcm.
1165 549 1298 606 Item
1334 547 1573 603 omnium
1607 545 1860 598 vitiorum
1901 559 1994 596 no-

430 643 704 696 viSsiuunu
731 649 833 696 est.
865 639 1040 710 Super
1066 639 1151 693 his
1189 637 1469 704 superbire
1521 635 1704 702 cmpit,
1752 643 1879 686 ante
1919 640 2003 684 est

429 732 532 786 ista
563 732 830 788 sententia
869 730 1138 800 ponenda,
1168 729 1234 784 de
1257 729 1370 782 alto
1399 725 1608 780 ruinam
1639 723 1787 776 facit.
1820 721 2006 776 Omnis

425 838 639 894 quoque
659 823 870 890 peccati
920 821 1156 884 initium,
1185 827 1245 873 ut
1279 818 1536 881 diximus,
1591 815 1841 884 superbia
1878 822 1961 865 est
1989 829 2002 872 ;

429 919 552 990 quia
582 934 708 972 dum
739 917 916 972 anima
945 923 1212 987 prtecepta
1244 911 1540 967 contenmit
1565 909 1858 971 Creatoris,
1882 923 2006 960 nm

430 1011 483 1064 in
525 1009 810 1078 cujuslibet
860 1007 1067 1079 peccati
1125 1005 1328 1060 corruit
1381 1001 1628 1065 foveam;
1665 1016 1788 1053 nam
1831 998 2008 1052 omnis

429 1099 679 1169 superbia
722 1107 872 1153 tanto
896 1098 948 1152 in
980 1099 1088 1151 imo
1118 1093 1266 1165 jacet
1290 1101 1490 1164 quanto
1521 1091 1572 1145 in
1616 1090 1780 1144 altam
1812 1104 1868 1143 se
1896 1089 2008 1141 cri-

430 1190 526 1256 git,
571 1198 832 1258 tantoque
883 1185 1200 1258 profundius
1247 1183 1448 1238 labitur
1490 1189 1692 1250 quanto
1743 1179 2010 1234 excelsius

428 1282 687 1340 elevatur.
720 1279 821 1346 Qui
849 1279 992 1334 enim
1033 1292 1130 1346 per
1157 1275 1429 1347 propriam
1469 1271 1776 1342 superbiam
1809 1269 2008 1323 attolli-

431 1383 540 1436 tur,
563 1388 659 1441 per
687 1372 780 1426 Dei
806 1369 1072 1439 justitiam
1095 1369 1403 1422 damnatur.
1429 1364 1580 1420 Unde
1606 1363 1863 1432 scriptum
1887 1369 1968 1415 est
1993 1378 2006 1414 :

432 1461 562 1515 Ante
593 1464 799 1516 ruinam
837 1460 1070 1516 hominis
1117 1457 1381 1512 excitatur
1423 1456 1640 1526 spiritus
1686 1453 2007 1524 ejus(Prov.

431 1554 563 1624 xu).
596 1555 758 1624 Ergo,
789 1554 1005 1617 fratres,
1037 1552 1167 1606 nihil
1200 1552 1367 1619 magis
1403 1549 1713 1604 Christiano
1734 1549 2010 1602 vitandum

431 1654 514 1699 est
541 1661 700 1714 quam
755 1645 1026 1714 superbia,
1067 1659 1186 1712 qua:
1226 1643 1362 1695 iram
1399 1640 1489 1693 Dei
1531 1648 1831 1709 provocat:
1883 1655 1990 1692 nan

432 1735 680 1806 superbia
710 1751 772 1789 ex
803 1735 1006 1804 angelis
1040 1735 1310 1788 dzemonas
1341 1730 1486 1792 fecit,
1521 1729 1794 1784 humilitas
1825 1737 2006 1782 autem

2105 543 2302 596 donum
2332 535 2424 596 Dei
2457 541 2594 608 quod
2644 541 2841 594 meruit
2872 541 2922 594 in
2951 554 3102 593 suam
3136 537 3346 592 laudem
3398 537 3688 603 convertit,

2105 633 2292 701 procul
2333 633 2494 685 dubio
2553 636 2804 685 virtutem
2845 631 2896 684 in
2927 629 3116 683 vitium
3174 625 3453 694 transfert,
3509 627 3691 683 etho-

2106 738 2232 775 nma
2269 723 2410 791 quod
2439 721 2566 777 fecit
2606 722 2657 774 in
2689 730 2970 790 peccatum
3002 737 3014 772 :
3051 734 3172 773 cum
3219 721 3366 773 enim
3392 732 3557 772 causa
3597 716 3689 788 ja-

2105 815 2323 868 ctanthe
2350 816 2592 885 pascitur
2621 829 2842 884 pauper,
2877 814 3038 868 etiam
3077 813 3252 882 ipsum
3307 813 3694 868 misericordia:

2106 920 2239 974 opus
2273 905 2322 959 in
2365 917 2644 976 peccatum
2675 907 3052 970 convertitur;
3089 907 3255 974 igitur
3284 921 3507 960 necesse
3527 914 3606 959 est
3635 915 3696 959 ut

2105 996 2364 1066 quidquid
2394 998 2554 1051 honto
2599 997 2723 1050 boni
2755 1004 2898 1067 agat,
2931 996 3041 1050 Deo
3079 1006 3284 1064 quaerat
3319 995 3556 1059 laudem,
3585 1010 3692 1048 non

2109 1088 2235 1152 sibi,
2273 1089 2411 1141 sicut
2465 1088 2580 1157 ipse
2613 1088 2871 1142 Dominus
2919 1088 2970 1141 in
3011 1088 3300 1158 Evangelia
3329 1089 3406 1142 ait
3437 1109 3449 1140 :
3481 1087 3570 1144 Sic
3603 1089 3692 1141 lu-

2107 1177 2336 1232 cautim:
2377 1189 2544 1233 rostra
2595 1195 2770 1232 coram
2809 1177 3130 1243 hominibus,
3176 1189 3228 1231 ut
3276 1178 3481 1231 rideant
3536 1194 3696 1247 opera

2108 1277 2279 1323 vestra
2303 1269 2459 1332 bona,
2493 1281 2538 1323 et
2565 1269 2853 1338 gloriﬁcent
2889 1267 3095 1324 Putrem
3126 1281 3374 1335 vestrum,
3401 1271 3489 1340 qui
3510 1270 3563 1322 in
3589 1286 3693 1323 coc-

2113 1357 2177 1412 lis
2215 1368 2288 1412 est
2327 1357 2541 1429 (Matth.
2575 1360 2648 1425 v).
2704 1359 2906 1428 Itaque,
2942 1357 3136 1413 fratres
3192 1359 3296 1414 mei
3335 1359 3694 1413 amantissimi

2109 1458 2164 1505 et
2199 1449 2700 1513 desiderantissimi,
2729 1457 2915 1504 cavete
2957 1451 3286 1519 superbiam,
3316 1449 3400 1504 cui
3437 1450 3580 1504 Deus
3613 1467 3698 1502 rc-

2111 1543 2293 1607 sistit;
2324 1542 2491 1596 vitate
2515 1542 2856 1612 jactantiam,
2889 1557 3008 1611 quae
3040 1541 3150 1595 Deo
3172 1540 3418 1612 displicet
3444 1559 3456 1594 :
3491 1540 3698 1594 abomi—

2113 1632 2309 1686 namini
2333 1633 2714 1702 arrogantiam,
2739 1646 2858 1702 qua:
2885 1632 3214 1687 abominatio
3248 1640 3331 1686 est
3352 1647 3534 1686 coram
3557 1632 3689 1686 Deo.

2117 1721 2319 1777 llabete
2341 1737 2556 1794 semper
2589 1723 2642 1778 in
2673 1723 2818 1777 omni
2856 1723 3264 1778 conversatione
3294 1731 3470 1777 vestra
3521 1723 3696 1777 humi-

431 1799 674 1881 homines
723 1799 927 1880 sanctis
977 1823 1181 1894 angelis
1227 1822 1432 1876 similes
1485 1821 1734 1874 reddidit.
1779 1819 2007 1888 Superbi
2044 1799 2086 1856 Β
2117 1814 2346 1879 litatem,
2383 1817 2658 1870 custodem
2690 1816 2988 1881 virtutum;
3021 1823 3202 1870 tenete
3236 1814 3378 1868 illam
3425 1815 3478 1868 in
3510 1815 3695 1881 corde,

431 1917 652 1987 cupiunt
685 1919 737 1971 in
768 1933 825 1972 se
859 1915 1140 1985 praedicari
1169 1913 1310 1983 quod
1341 1927 1444 1965 non
1496 1911 1720 1990 faciunt,
1776 1911 2008 1966 humiles

436 2005 706 2075 refugiunt
751 2005 1006 2076 quidquid
1058 2003 1182 2058 boni
1239 2009 1554 2072 operantur,
1607 2003 1847 2072 agnosci.
1895 2000 2009 2056 Non

434 2095 676 2150 elevetur
733 2109 863 2162 ergo
911 2094 1074 2147 homo
1121 2093 1172 2146 in
1207 2091 1348 2144 bono
1387 2105 1504 2152 suo,
1543 2087 1643 2143 'nee
1673 2089 1884 2144 laudem
1910 2089 2010 2144 sibi

435 2192 659 2254 quaerat,
693 2183 941 2253 quamvis
979 2181 1178 2250 aliquid
1203 2181 1328 2234 boni
1363 2179 1522 2234 faciat
1550 2198 1560 2232 :
1593 2181 1685 2234 sed
1711 2179 1875 2234 Deum
1908 2181 2014 2232 lau-

435 2275 550 2329 dari
574 2274 754 2344 cupiat
791 2273 843 2326 in
884 2272 1040 2328 donis
1079 2272 1210 2335 suis,
1250 2271 1341 2340 qui
1387 2270 1518 2324 nihil
1568 2271 1693 2324 boni
1742 2269 1869 2324 facit
1910 2270 2013 2324 nisi

437 2367 579 2436 quod
608 2367 747 2421 Deus
775 2365 996 2419 donavit
1037 2365 1084 2417 ei
1115 2363 1296 2417 facere
1331 2383 1343 2416 :
1383 2364 1526 2416 umle
1571 2364 1638 2418 ad
1667 2377 1788 2416 cum
1821 2371 2014 2418 cuncta

437 2458 598 2514 debet
635 2457 840 2513 referre
879 2473 998 2527 qua:
1027 2458 1164 2511 bene
1218 2454 1364 2520 facit,
1396 2471 1500 2508 non
1531 2455 1597 2509 ad
1645 2456 2011 2524 semetipsum.

439 2547 696 2602 Dominus
750 2561 984 2616 namque
1021 2544 1151 2599 dicit
1180 2545 1231 2598 in
1285 2544 1574 2612 Evangelia
1607 2562 1618 2596 ε
1653 2543 1916 2599 Attendite
1953 2562 2014 2598 ne

437 2635 692 2703 justitiam
722 2645 944 2688 vestrum
974 2632 1183 2702 faciatis
1213 2648 1388 2686 eorum
1413 2632 1732 2696 hominibus,
1756 2642 1810 2685 ut
1839 2633 2014 2686 videa-

440 2726 569 2779 mini
603 2725 668 2778 ub
691 2725 765 2778 eis
793 2723 1008 2795 (Matth.
1035 2725 1111 2792 vt)
1139 2739 1153 2786 ;
1191 2721 1242 2774 id
1269 2728 1370 2786 est,
1403 2728 1461 2773 ut
1487 2737 1592 2773 non
1633 2735 1694 2773 ea
1725 2721 2019 2776 intentione

443 2813 654 2868 faciatis
683 2813 822 2866 bona
850 2810 993 2881 quod
1019 2811 1088 2865 ab
1133 2810 1444 2864 hominibus
1469 2824 1660 2862 vanam
1688 2808 1899 2864 laudem
1922 2811 2020 2864 ba-

442 2903 634 2958 beatis.
671 2901 777 2956 Sed
822 2901 1082 2970 quidquid
1140 2898 1348 2952 faciatis
1383 2898 1528 2960 boni,
1563 2914 1660 2967 pro
1708 2898 1800 2951 Dei
1833 2913 2019 2952 amore

441 3001 496 3046 et
531 2991 700 3046 salute
738 2991 930 3044 animm
961 2997 1152 3043 vestrm
1195 2997 1248 3041 et
1292 2987 1528 3042 fraterna
1561 2989 1827 3042 charitate
1857 2988 2012 3044 facia-

443 3085 530 3137 tis.
565 3083 687 3136 ldeo
718 3083 830 3152 ipse
854 3081 1112 3136 Dominus
1138 3080 1274 3134 dixit
1300 3078 1366 3134 de
1391 3079 1709 3149 quibusdam
1734 3080 1824 3148 qui
1874 3080 2018 3135 elec-

2113 1906 2379 1960 ostendite
2409 1905 2462 1959 in
2487 1919 2757 1968 sermone,
2787 1913 2996 1960 servate
3024 1906 3076 1959 in
3109 1921 3273 1975 opere
3305 1923 3318 1959 :
3350 1913 3406 1959 et
3434 1905 3696 1976 quidquid

2113 1997 2236 2051 boni
2291 2006 2384 2050 aut
2437 1997 2490 2050 in
2523 1997 2710 2060 verbo,
2761 2005 2853 2050 aut
2885 1997 2936 2050 in
2971 2011 3135 2066 opere
3187 1997 3376 2066 agatis,
3426 1997 3694 2050 omniain

2114 2085 2337 2154 gloriam
2370 2085 2463 2139 Dei
2487 2085 2666 2150 facite,
2693 2086 2936 2141 dicentes
2961 2100 3082 2140 cum
3106 2085 3372 2155 Propheta
3403 2101 3415 2135 :
3455 2084 3576 2137 Non
3600 2102 3698 2138 uo-

2115 2175 2211 2238 his,
2245 2175 2480 2238 Domine,
2509 2190 2610 2227 non
2642 2175 2812 2238 nobis,
2841 2175 2932 2228 sed
2981 2175 3180 2228 nomini
3225 2185 3316 2227 tuo
3356 2175 3424 2227 da
3469 2173 3695 2245 giarium

2117 2264 2288 2338 (Paul.
2364 2280 2490 2321 cxm
2544 2267 2582 2339 ).
2615 2265 2811 2338 Sicque
2835 2267 3063 2336 potestis
3103 2282 3314 2336 pmaam
3346 2265 3582 2336 elfugerc
3603 2282 3698 2337 ge-

2119 2365 2327 2420 bcnnze,
2358 2371 2518 2426 quam
2547 2366 2822 2411 merentur
2870 2357 3110 2426 superbi,
3142 2367 3196 2410 et
3225 2357 3292 2411 ad
3319 2372 3538 2426 regnum
3568 2374 3698 2427 per-

2117 2447 2299 2500 venire
2333 2447 2575 2510 eteleste,
2601 2447 2743 2516 quod
2779 2455 3054 2500 merentur
3101 2445 3329 2501 humiles
3357 2465 3370 2501 :
3400 2457 3698 2518 priestante

2120 2537 2346 2591 Domino
2372 2545 2558 2591 nostro
2585 2536 2712 2591 Jesu
2744 2537 2981 2599 Christo,
3032 2536 3123 2606 qui
3153 2551 3274 2590 eum
3301 2518 3462 2591 Patre
3488 2547 3544 2592 et
3569 2537 3698 2609 Spi-

2119 2627 2222 2682 ritu
2275 2636 2462 2682 saneto
2500 2628 2632 2682 vivit
2661 2637 2714 2682 et
2747 2638 2935 2699 regnat
2965 2628 3126 2694 Deus,
3155 2644 3252 2698 per
3278 2629 3455 2682 omnia
3492 2630 3691 2686 saecula

2119 2719 2456 2774 Stcculorum.
2483 2719 2674 2774 Amen.

2687 2809 2967 2865 llOMlLlA
3021 2810 3131 2866 LX.

2360 2914 2427 2953 DE
2455 2915 2738 2956 ιηΑευΝυιΑ
2767 2918 2835 2956 ΕΤ
2870 2918 3146 2957 11011101010
3171 2919 3428 2958 CAVEXDO.

2197 2990 2452 3046 Dominus
2477 2993 2638 3064 igitur
2668 3002 2720 3048 et
2743 2991 2993 3049 Salvator
3029 3003 3234 3060 noster,
3263 2993 3458 3051 fratres
3483 2997 3703 3050 charis-

2123 3082 2265 3145 simi,
2304 3098 2401 3137 suo
2427 3083 2591 3137 verbo
2631 3099 2834 3152 suoque
2863 3085 3105 3156 exemplo
3133 3087 3199 3140 ad
3231 3089 3703 3143 mansuetudinem

447 3185 726 3242 mosynam
763 3169 987 3234 faciunt,
1012 3169 1092 3223 vel
1127 3169 1402 3223 orationes
1426 3177 1480 3222 ct
1501 3167 1724 3238 jejunia,
1749 3179 1808 3222 ut
1833 3171 1902 3224 ab
1923 3171 2021 3225 bo-
2047 3146 2090 3206 (ἶ
2123 3181 2178 3226 et
2211 3173 2518 3242 patientiam
2547 3191 2644 3230 nos
2682 3177 2986 3243 instituens,
3017 3179 3112 3233 irae
3139 3188 3198 3233 et
3226 3179 3423 3235 furoris
3459 3182 3703 3250 pertina-

449 3262 684 3316 minibus
713 3261 926 3315 laudem
968 3260 1236 3329 accipiant
1264 3278 1276 3313 :
1306 3261 1464 3313 Amen
1491 3259 1608 3313 dico
1629 3259 1788 3325 vobis,
1821 3277 2021 3332 recepe-

441 3363 564 3408 runt
616 3352 898 3406 mercedem
955 3369 1102 3406 suam
1150 3349 1356 3422 (Ibid.).
1399 3349 1499 3416 Qui
1559 3365 1658 3418 pro
1707 3365 1770 3404 eo
1820 3355 2018 3404 bonum

441 3442 718 3513 quodlibet
755 3441 882 3496 facit
920 3451 978 3496 ut
1029 3442 1094 3494 ab
1140 3440 1446 3495 hominibus
1499 3440 1760 3505 laudetur,
1793 3441 1906 3494 haec
1938 3449 2024 3494 est

441 3547 652 3587 merces
703 3532 843 3586 illius
871 3546 1031 3602 quam
1074 3529 1341 3600 quaesivit,
1383 3539 1440 3583 et
1467 3530 1664 3584 nullam
1693 3545 1721 3584 a
1751 3530 1859 3583 Deo
1903 3545 2022 3599 spe-

443 3637 565 3676 rare
603 3622 764 3675 habet
800 3621 1206 3675 retributionem
1231 3635 1245 3683 ;
1287 3619 1412 3688 quia
1440 3635 1537 3687 pro
1560 3619 1678 3688 ejus
1702 3632 1886 3672 amore
1914 3633 2018 3672 non

442 3711 594 3776 fecit,
625 3711 717 3766 sed
764 3725 862 3781 pro
897 3725 1033 3762 vana
1067 3709 1317 3762 humana:
1361 3708 1535 3762 laudis
1563 3706 1848 3776 jactantia,
1881 3707 2021 3762 sicut

444 3798 739 3868 hypocrita:
792 3797 970 3852 facere
1021 3797 1214 3852 solent.
1257 3796 1410 3864 Quod
1473 3797 1662 3850 vitium
1715 3796 2022 3851 hominibus

443 3890 687 3960 placendi
714 3891 767 3943 in
797 3889 953 3942 bonis
1005 3889 1278 3956 operibus,
1313 3889 1568 3943 Dominus
1597 3889 1850 3944 Christus
1879 3888 2019 3943 mul-

445 3991 556 4032 tum
581 3979 899 4040 detestatur,
938 3985 993 4030 et
1017 3977 1212 4044 sapius
1237 3975 1556 4042 Pharisaeos,
1607 3978 1698 4046 qui
1737 3978 1872 4033 tales
1899 3977 2019 4032 fue-

445 4076 574 4122 runt
625 4067 678 4122 in
728 4067 932 4132 Iudaea,
968 4067 1191 4122 terribili
1241 4069 1476 4136 percutit
1516 4069 2023 4138 maledictione,di-

444 4175 572 4212 cens
599 4176 610 4212 :
680 4157 767 4212 Va:
819 4159 980 4223 vobis,
1021 4159 1303 4228 hypocrita:
1332 4157 1550 4228 (Matth.
1577 4159 1754 4230 χχιιι).
1782 4158 1910 4227 Sed,
1939 4176 2022 4216 se-

443 4250 676 4304 cundum
736 4249 1069 4319 Apostolum,
1111 4249 1200 4318 qui
1251 4247 1525 4317 gloriatur,
1566 4247 1620 4301 in
1662 4249 1886 4303 Domino
1910 4250 2021 4320 glo-

443 4338 666 4408 rietur“
693 4336 813 4391 Cor.
846 4337 906 4410 ι).
925 4337 1024 4406 Qui
1043 4337 1184 4391 enim
1211 4336 1420 4391 laudem
1443 4352 1548 4390 non
1570 4337 1909 4407 appetit,nec
1923 4354 2020 4408 pro

2121 3263 2260 3318 ciam
2290 3266 2504 3334 penitus
2554 3267 2846 3332 abdicavit,
2875 3279 2935 3324 ut
2962 3271 3064 3326 boc
3090 3272 3230 3340 quod
3256 3271 3413 3342 Legis
3440 3275 3703 3329 Inandato

2126 3354 2346 3423 implere
2387 3371 2490 3410 non
2536 3358 2722 3424 valuit,
2750 3359 3021 3431 Evangelii
3054 3372 3528 3417 consutnmarctur
3553 3381 3702 3434 pra--

2126 3453 2298 3514 cepto.
2338 3445 2446 3500 Lex
2483 3448 2624 3502 cnim
2681 3450 3030 3505 homicidium
3078 3452 3370 3522 prohibuit,
3423 3453 3516 3508 sed
3570 3457 3704 3524 quia

2127 3534 2286 3588 irasci
2336 3538 2601 3605 permisit,
2655 3540 2796 3607 quod
2847 3541 3194 3596 seminarium
3260 3551 3345 3597 cst
3394 3544 3700 3608 homicidii,

2127 3627 2300 3696 ipsum
2327 3629 2513 3682 vitium
2555 3629 2793 3700 perfecte
2822 3648 2924 3686 non
2980 3633 3216 3688 abstulit.
3250 3633 3573 3706 Redemptor
3600 3635 3705 3690 ita-

2125 3733 2229 3787 que
2260 3727 2458 3786 noster,
2497 3721 2586 3790 qui
2618 3737 2722 3776 non
2751 3723 2892 3776 venit
2921 3724 3091 3795 legem
3122 3725 3352 3790 solvere,
3393 3726 3488 3782 sed
3518 3727 3703 3781 adim-

2123 3810 2289 3878 plere,
2319 3811 2368 3864 id
2400 3813 2541 3880 quod
2585 3813 2635 3867 in
2665 3814 2780 3884 lege
2809 3815 2986 3870 minus
3023 3817 3144 3882 fuit,
3172 3833 3267 3872 sua
3299 3817 3575 3873 sanctione
3605 3820 3707 3873 ad-

2124 3899 2382 3970 implcvit,
2417 3901 2510 3956 ira:
2535 3904 2869 3959 occasionem
2895 3905 3086 3961 tollens
3115 3924 3129 3961 :
3160 3915 3215 3962 et
3256 3924 3360 3962 non
3387 3907 3558 3964 solum
3589 3926 3703 3964 non

2125 3989 2308 4056 irasci,
2342 3991 2425 4046 vel
2473 4007 2577 4047 non
2607 3995 2854 4051 occidere
2892 3993 3072 4064 jussit,
3103 3999 3231 4067 quin
3282 3999 3442 4054 etiam
3469 4001 3704 4058 adversa

2122 4098 2337 4152 quoque
2366 4083 2433 4138 ab
2456 4085 2577 4140 aliis
2627 4085 2882 4156 irrogata,
2915 4089 3309 4158 patientissime
3336 4107 3435 4146 nos
3466 4091 3706 4147 tolerare

2120 4171 2395 4240 przeccpit.
2424 4171 2506 4226 Ira
2536 4175 2678 4230 enim
2717 4186 2798 4231 est
2824 4179 3072 4247 quredam
3101 4181 3278 4248 passio
3309 4181 3526 4244 mentis,
3547 4198 3700 4252 quzr,

2123 4261 2166 4314 si
2194 4261 2402 4314 ratione
2453 4277 2557 4316 non
2611 4265 2831 4334 regitur,
2887 4267 2937 4322 iu
2971 4265 3210 4322 furorem
3250 4269 3496 4334 vertitur,
3535 4270 3608 4324 ita
3640 4285 3704 4326 ut

2121 4349 2282 4404 homo
2309 4351 2389 4405 sui
2416 4351 2583 4406 animi
2614 4354 2879 4422 impotens
2906 4355 3016 4422 fiat,
3046 4355 3248 4412 faciens
3269 4360 3408 4426 quod
3438 4375 3543 4413 non
3572 4376 3706 4414 (on-

441 4429 765 4482 contumelia
795 4430 1164 4492 conturbatur,
1199 4442 1296 4482 nec
1328 4427 1446 4480 ideo
1497 4442 1556 4481 se
1593 4429 1791 4482 bonum
1833 4428 2012 4484 existi-

441 4519 655 4538 ,
699 4535 710 4538 _
884 4535 913 4538 ,_
945 4521 972 4538 ,.
1023 4521 1062 4538 ,.
1218 4519 1464 4538 ._-‘._.___
1502 4519 1693 4538 ,ηςηι
1718 4519 1830 4538 -ιεε-
1857 4519 2012 4538 μη..-

2126 4441 2288 4493 venit.
2330 4439 2454 4495 Hec
2505 4442 2650 4496 enim
2702 4444 2746 4498 si
2805 4446 2968 4500 corde
3019 4446 3235 4512 insedit,
3266 4451 3710 4506 omncmcximit

439 4527 549 4572 met
561 4519 742 4583 homo,
760 4521 1004 4589 quamvis
1015 4521 1082 4575 ab
1098 4520 1201 4572 alio
1218 4519 1482 4583 laudatur,
1495 4519 1616 4588 quia
1632 4519 1698 4574 ab
1712 4519 1834 4573 aliis
1849 4519 2021 4590 qualis

440 4608 511 4661 sit
542 4609 685 4662 intus
718 4610 1033 4678 ignoratur;
1064 4611 1156 4664 sed
1186 4611 1286 4665 hoc
1320 4610 1519 4681 cogitet
1543 4611 1667 4681 quia
1718 4611 1859 4666 Deus
1903 4611 2020 4681 cjus

441 4700 712 4768 inspector
735 4708 814 4753 est
854 4701 1031 4754 cordis
1059 4719 1070 4753 :
1116 4701 1242 4771 quid
1272 4702 1490 4770 prodest
1533 4693 1680 4756 ‘malo
1709 4701 1933 4766 homini,
1970 4702 2016 4756 si

437 4789 611 4844 bonus
654 4791 1016 4858 praedicetur?
1046 4790 1198 4844 Tunc
1238 4807 1367 4862 ergo
1418 4792 1686 4848 veraciter
1739 4793 1838 4847 hoc
1869 4792 2012 4862 quod

437 4880 732 4950 agitbomo
781 4882 980 4935 bonum
1011 4889 1114 4945 est,
1167 4883 1380 4951 quando
1427 4883 1640 4952 placere
1681 4881 2010 4938 desiderata

435 4986 543 5040 quo
564 4971 724 5026 habet
751 4973 1010 5042 quidquid
1041 4973 1164 5026 boni
1197 4973 1377 5038 habet,
1407 4973 1490 5027 vel
1542 4973 1672 5029 facit
1705 4989 1825 5045 qua:
1871 4975 2010 5029 bona

435 5077 595 5133 agere
623 5062 850 5117 videtur.
877 5065 944 5118 Et
989 5065 1080 5134 qui
1112 5080 1206 5134 per
1239 5065 1354 5119 haec
1393 5081 1497 5121 non
1537 5066 1666 5131 Deo,
1711 5067 1804 5120 sed
1838 5068 2014 5124 homi-

436 5150 596 5204 nibus
647 5148 862 5220 placere
914 5153 1080 5221 cupit,
1137 5152 1190 5207 in
1229 5167 1423 5206 vanum
1474 5153 1682 5209 laborat
1707 5163 1762 5209 et
1788 5155 1842 5209 in
1879 5173 2011 5212 ven-

438 5248 552 5294 tum
575 5240 824 5296 seminat.
871 5241 1120 5314 Magnum
1148 5256 1208 5299 se
1233 5245 1604 5314 unusquisque
1631 5261 1751 5300 esse
1797 5247 2010 5305 studeat

432 5332 488 5387 in
513 5332 630 5390 suis
651 5333 925 5404 operibus,
973 5335 1068 5389 sed
1099 5334 1167 5390 de
1194 5333 1559 5406 magnitudine
1587 5351 1682 5390 sua
1717 5338 2008 5395 humanttm

435 5439 541 5480 non
565 5435 772 5495 quaerat
813 5424 1070 5490 favorem,
1102 5441 1172 5482 ne
1207 5426 1401 5497 perdat
1439 5427 1580 5498 quod
1619 5429 1824 5494 habuit,
1861 5439 1914 5487 et
1941 5433 2012 5486 sit

433 5525 632 5579 parvus
660 5513 855 5571 factus.
891 5516 1140 5588 Increpat
1165 5532 1260 5573 eos
1279 5517 1470 5572 beatus
1511 5517 1707 5573 Paulus
1740 5523 2012 5590 apostolus

432 5602 524 5668 qui
559 5601 611 5658 in
641 5606 756 5661 suis
783 5605 1085 5678 gloriantur
1107 5606 1426 5670 benefactis,
1457 5607 1670 5662 dicens:
1691 5606 1832 5674 Quid
1853 5611 2010 5666 habes

434 5690 572 5750 quod
595 5708 696 5747 non
723 5697 966 5752 arceoisti
991 5697 1016 5750 1’
1052 5695 1109 5751 Si
1134 5706 1306 5751 autem
1337 5697 1602 5766 accepisti,
1642 5698 1769 5764 quid
1815 5699 2010 5768 giariu-

2128 4531 2514 4600 providentiam
2539 4533 2606 4587 ab
2639 4550 2703 4588 eo
2732 4534 2876 4600 facti,
2907 4553 3007 4592 nec
3030 4538 3290 4608 judicium
3324 4550 3466 4597 recte
3492 4542 3707 4597 discre-

2126 4622 2287 4678 tionis
2339 4623 2630 4694 inquirere,
2657 4641 2757 4682 uec
2797 4627 3034 4683 honesta:
3076 4631 3544 4700 contemplationis
3577 4637 3709 4688 vir-

2127 4719 2258 4772 tute,
2291 4727 2392 4767 nec
2425 4715 2789 4770 maturitatem
2833 4717 3040 4772 consilii
3079 4719 3278 4774 baicre
3335 4722 3551 4791 poterit,
3601 4725 3714 4778 Sed

2121 4803 2302 4856 omnia
2333 4817 2430 4873 per
2465 4804 2819 4875 prmeipitium
2845 4808 3112 4876 quoddam
3148 4807 3326 4864 facere
3364 4811 3595 4864 videtur.
3625 4812 3716 4869 De

2120 4907 2224 4960 qua
2255 4891 2396 4947 idem
2435 4893 2656 4962 pullulat
2688 4903 2866 4949 tumor
2900 4898 3114 4960 mentis,
3141 4897 3291 4961 rixae,
3331 4901 3714 4968 contumelim,

2123 4979 2344 5043 clamor,
2402 4979 2716 5052 indignatio,
2767 4985 3132 5054 pnesumptio,
3174 4985 3540 5055 llaspbemim,
3569 5005 3722 5044 san-

2118 5072 2296 5140 guinis
2351 5070 2562 5139 effusio,
2603 5074 2916 5140 homiciﬁia,
2965 5075 3257 5131 uieiscendi
3287 5078 3576 5148 cupiditas,
3615 5081 3724 5135 iu-

2111 5161 2376 5229 juriarum
2408 5165 2686 5219 memoria.
2722 5165 2850 5232 Qaze
2891 5167 3124 5222 vincitur
3172 5184 3268 5237 per
3291 5169 3610 5239 patientiam
3643 5185 3722 5230 et

2116 5251 2615 5322 longanimitatem,
2679 5265 2735 5310 et
2795 5247 2890 5326 per
2955 5259 3214 5314 rationem
3281 5259 3728 5320 intellecmalezn

2117 5356 2280 5410 quam
2315 5341 2457 5398 Deus
2484 5344 2670 5398 inserit
2699 5346 2969 5401 mentibus
2992 5347 3265 5414 humanis,
3293 5360 3347 5404 et
3373 5366 3472 5420 per
3509 5367 3734 5407 recor-

2117 5431 2388 5486 dationcm
2443 5431 2718 5489 Orationis
2751 5434 3059 5502 Dominicas,
3087 5438 3177 5493 ubi
3211 5440 3320 5494 Deo
3340 5440 3575 5494 dicitur:
3608 5441 3735 5498 υἱ..

2115 5523 2259 5574 mitte
2286 5523 2430 5577 nobis
2456 5523 2625 5577 debita
2657 5535 2856 5590 nostra,
2897 5527 3027 5580 sicut
3056 5537 3102 5580 et
3143 5544 3235 5581 nos
3273 5529 3586 5582 dimittimus
3613 5533 3744 5587 (Ic-

2116 5611 2367 5666 (litoribus
2403 5613 2612 5667 nostris.
2663 5612 3000 5685 Quapropter
3025 5617 3069 5671 si
3119 5617 3263 5671 illam
3313 5633 3579 5672 summam
3612 5623 3687 5676 iii

2116 5702 2224 5756 vini
2257 5702 2460 5769 prmmii
2494 5703 2738 5772 cupimus
2767 5703 3012 5774 adipisci,
3045 5706 3111 5762 de
3143 5724 3248 5778 quo
3275 5708 3506 5763 dicitur:
3541 5707 3751 5766 Bruti
