4040 6188
293 301 394 356 H3

1239 257 1544 354 nontam:
1582 297 1672 350 nr.
1707 293 1949 352 FESTIS
1986 295 2398 363 remulcens,
2437 298 2588 354 ure.

291 418 482 470 mundo
504 411 684 478 corde,
715 413 968 482 quoniam
1002 412 1102 483 ipsi
1141 411 1307 466 Deum
1335 412 1578 466 videbunt
1603 426 1623 473 ;
1661 424 1766 463 non
1785 422 1874 462 so-
1898 412 1948 469 A
1975 409 2154 479 gladio
2176 412 2422 480 persequi
2448 429 2554 467 non
2581 420 2778 482 potest,
2805 415 3150 483 persequitur
3177 416 3439 471 oratione.
3477 419 3544 473 Et

293 504 394 558 tum
421 506 537 560 haec
562 519 596 558 e
631 503 844 558 nostris
870 503 1079 557 actibus
1105 503 1434 572 amputanda
1454 509 1558 564 est,
1591 499 1687 556 sed
1707 500 1871 554 etiam

291 594 353 646 de
376 593 602 648 internis
624 593 825 648 anima!
879 593 1138 648 radicitus
1169 591 1536 660 exstirpanda.
1583 589 1700 645 Non
1725 588 1870 644 enim

293 685 441 739 valde
465 685 714 754 proderit
762 685 1060 739 iracundiae
1089 683 1360 740 cohibitus
1415 681 1565 737 furor
1588 683 1643 736 in
1681 681 1868 747 verbo,

290 786 386 826 nec
428 771 486 827 in
528 770 784 827 eﬂ‘ectum
830 771 1094 842 prolatus,
1145 772 1191 827 si
1217 771 1364 826 illam
1401 771 1614 826 arcanis
1637 770 1870 840 pectoris

291 861 457 916 nostri
485 862 652 928 Deus,
689 877 856 930 quem
907 869 1116 916 secreta
1153 861 1397 917 cor-dium
1428 875 1536 914 non
1567 859 1752 923 latent,
1784 859 1868 914 in-

290 969 406 1009 esse
431 953 795 1024 perspexerit.
828 952 996 1019 Quasi
1025 967 1152 1008 vero
1185 952 1437 1006 universa
1466 950 1731 1005 virulenta
1762 965 1862 1006 sert

289 1047 525 1116 pontium
552 1059 754 1115 genera
784 1045 868 1099 vel
894 1043 1155 1109 ferarum,
1183 1059 1308 1098 cum
1337 1043 1390 1098 in
1418 1042 1704 1098 solitudine
1729 1043 1870 1098 suis-

291 1149 389 1203 que
416 1133 690 1189 cubilibus
713 1133 1091 1198 immorantur,
1131 1132 1349 1188 innoxia
1373 1139 1739 1202 perseverent,
1770 1145 1870 1184 nec

293 1233 466 1280 tamen
495 1237 562 1278 ex
590 1237 658 1278 eo
683 1223 1026 1292 pronuntiari
1061 1231 1288 1292 possunt
1331 1222 1548 1277 innoxia
1580 1221 1705 1291 quia
1736 1220 1868 1276 nulli

290 1320 537 1378 noceant,
569 1313 672 1366 hoc
691 1313 836 1368 enim
862 1312 943 1368 eis
971 1328 1077 1368 non
1126 1311 1376 1366 affectum
1407 1309 1677 1382 [affectus]
1707 1311 1866 1366 boni-

292 1409 438 1472 tatis,
488 1407 588 1464 sed
641 1407 938 1462 necessitas
981 1406 1286 1462 solitudinis
1309 1404 1558 1470 confert;
1595 1420 1716 1474 qua:
1741 1420 1864 1462 cum

289 1496 509 1553 ledendi
539 1507 700 1552 nacta
727 1496 1175 1564 fuerintcopiam,
1226 1495 1278 1549 in
1326 1493 1630 1564 semetipsis
1679 1481 1868 1547 recon-

290 1589 458 1643 ditum
489 1588 646 1641 virus
691 1595 745 1642 et
791 1586 989 1640 anima:
1036 1584 1308 1639 feritatem
1348 1583 1594 1654 protinus
1641 1590 1868 1651 egerunt

288 1686 447 1746 atque
482 1675 878 1729 demonstrant.
932 1673 1163 1726 Radices
1216 1671 1361 1724 enim
1401 1669 1654 1724 vitiorum
1686 1669 1866 1738 potius

1973 501 2114 556 vivet
2146 501 2322 559 adhuc
2347 505 2439 574 qui
2477 506 2832 571 maledicitur,
2859 515 2914 562 et
2945 515 3123 562 tamen
3164 507 3210 561 is
3257 509 3348 578 qui
3375 509 3546 564 male-

1971 593 2103 647 dicit
2123 593 2236 662 jam
2263 595 2328 650 de
2365 604 2541 651 morte
2590 597 2732 652 illius
2757 611 2882 652 reus
2911 604 3144 652 tenetur.
3173 595 3333 654 lubet
3359 607 3542 656 autem

1971 681 2114 738 Deus
2136 684 2479 755 utdiligatur
2511 685 2779 752 inimicus,
2827 694 2882 741 et
2911 695 3086 742 tamen
3136 695 3358 758 rogatur
3398 687 3542 744 Deus

1969 781 2031 826 ut
2079 773 2292 831 occidat
2336 774 2635 829 inimicum.
2687 775 2942 844 Quisquis
2993 776 3175 845 itaque
3198 777 3278 832 sic
3301 784 3442 840 orat,
3480 778 3536 830 in

1969 861 2100 931 ipsis
2128 863 2240 918 suis
2265 863 2516 932 precibus
2543 871 2728 918 contra
2758 865 3092 920 conditorem
3122 873 3340 936 pugnat.
3386 865 3539 922 Unde

1967 961 2024 1007 ct
2055 953 2155 1007 sub
2177 949 2327 1006 Judze
2355 953 2535 1022 specie
2575 953 2770 1008 dicitur
2795 970 2808 1006 :
2840 952 2965 1008 Fiat
3005 956 3170 1008 oratio
3197 956 3309 1026 ejus
3341 956 3396 1010 in
3419 974 3538 1026 pec-

1967 1049 2142 1094 catum
2199 1037 2374 1112 (Paul.
2406 1039 2579 1111 cvm).
2621 1040 2810 1098 Oratio
2861 1043 3058 1112 quippe
3108 1043 3159 1096 in
3187 1056 3410 1114 peccato
3454 1055 3539 1102 est

1967 1130 2055 1185 illa
2077 1140 2260 1201 petere
2293 1147 2412 1202 qua:
2430 1133 2680 1202 prohibet
2725 1133 2840 1204 ipse
2875 1135 2966 1204 qui
3001 1135 3219 1204 petitur.
3262 1136 3396 1191 Hinc
3433 1135 3537 1191 Ve-

1965 1221 2100 1277 ritas
2143 1223 2313 1279 dicit:
2353 1222 2486 1279 Cum
2525 1224 2681 1279 statis
2723 1225 2790 1279 ad
2843 1226 3130 1290 orandum,
3187 1226 3441 1282 dimittite
3490 1228 3536 1282 si

1965 1309 2095 1380 quid
2131 1309 2341 1366 habetis
2393 1311 2447 1366 in
2496 1312 2752 1368 cordibus
2801 1313 2998 1368 vestris
3047 1313 3242 1385 (Marc.
3293 1313 3392 1386 xl).
3427 1313 3533 1370 Sed

1965 1413 2094 1453 ecce
2122 1400 2278 1456 nobis
2305 1400 2556 1456 inimicus
2583 1402 2822 1472 graviter
2843 1403 3087 1471 deliquit,
3119 1401 3312 1457 damna
3337 1400 3536 1470 intulit,

1959 1484 2209 1554 iuvantes
2245 1489 2405 1552 laesit,
2455 1499 2698 1544 amantes
2749 1499 3061 1560 persecutus
3091 1498 3216 1545 est:
3252 1491 3532 1546 retinenda

1949 1577 2079 1645 haec
2105 1587 2306 1642 essent,
2332 1578 2379 1632 si
2403 1579 2720 1633 remittenda
2746 1579 2900 1634 nobis
2929 1579 3121 1634 delicta
3150 1596 3256 1634 non
3306 1587 3526 1647 essent;

1965 1663 2256 1718 advocatus
2287 1666 2487 1719 etenim
2517 1675 2700 1720 noster
2723 1681 2936 1734 precem
2965 1667 3123 1722 nobis
3162 1667 3216 1721 in
3245 1683 3406 1722 causa
3437 1684 3534 1722 no-

288 1742 460 1823 cxcidi
505 1767 756 1837 praecipit
800 1766 1145 1836 evangelicus
1189 1779 1388 1829 sermo,
1440 1780 1604 1834 quam
1658 1763 1868 1820 fructus
1898 1742 1942 1800 Β
1971 1765 2081 1810 stra
2109 1758 2430 1826 composuit,
2465 1766 2520 1812 et
2550 1758 2662 1826 ipsc
2689 1757 2926 1825 ejusdem
2955 1773 3131 1813 causm
3151 1757 3313 1826 judex
3339 1768 3424 1813 est
3443 1759 3536 1828 qui

288 1860 374 1928 qui
402 1859 594 1930 procul
649 1858 831 1918 dubio.
883 1857 1082 1912 evulsis
1131 1857 1428 1922 fomitibus,
1455 1872 1759 1928 nequaqnm
1789 1856 1868 1910 ul-

289 1950 460 2004 terius
512 1948 873 2019 pullulabunt.
915 1947 1091 2017 Atque
1140 1948 1213 2001 ila
1237 1959 1390 2001 mens
1437 1948 1639 2016 poterit
1669 1947 1868 2017 jugitt‘r

289 2039 339 2092 in
394 2038 546 2093 omni
597 2037 858 2109 patientia
887 2044 943 2092 et
967 2037 1256 2092 sanctitate
1306 2035 1546 2092 durare:
1579 2052 1702 2092 cum
1747 2037 1866 2093 haec

287 2144 392 2183 non
429 2129 498 2183 de
521 2129 806 2198 superficie
832 2128 1164 2196 operationis
1191 2138 1246 2182 et
1281 2134 1521 2193 actuum,
1553 2128 1646 2182 sed
1674 2129 1741 2182 de
1767 2143 1858 2183 co-

288 2220 605 2289 gitationum
659 2219 859 2274 fuerint
908 2219 1092 2275 evulsa
1131 2219 1516 2289 penetralibus.
1573 2219 1637 2272 Et
1663 2219 1866 2274 idcirco

289 2327 352 2364 nc
374 2309 718 2364 homicidium
746 2316 1104 2378 perpetretur,
1136 2310 1217 2362 ira
1237 2309 1526 2377 odiumque
1551 2308 1863 2372 succiditur,

289 2405 404 2458 s'nc
433 2403 630 2472 quibus
659 2401 938 2457 homicidii
963 2402 1166 2457 crimen
1214 2399 1524 2456 nullomodo
1546 2399 1746 2454 valebit
1772 2399 1865 2454 ad-

293 2493 453 2546 mitti.
483 2491 589 2557 Qui
621 2493 870 2546 irascitur
905 2491 1050 2547 enim
1091 2491 1246 2559 fratri
1273 2507 1390 2555 suo,
1433 2506 1550 2544 reus
1595 2490 1692 2544 erit
1721 2489 1869 2558 judi-

291 2587 368 2638 cio
393 2583 610 2653 (llatth.
642 2583 696 2654 v)
723 2601 739 2646 ;
769 2585 858 2653 qui
906 2583 1016 2638 odit
1065 2582 1281 2651 fratrem
1310 2597 1465 2636 suum
1499 2581 1760 2636 homicida
1789 2593 1866 2634 cst

291 2674 338 2744 (l
361 2675 522 2728 Joan.
568 2673 686 2743 In);
730 2675 782 2728 in
808 2689 874 2728 eo
908 2673 1132 2736 scilicet,
1165 2688 1273 2742 quo
1303 2688 1427 2728 cum
1472 2672 1635 2728 corde
1683 2671 1868 2741 cupiat

291 2763 512 2817 interire
535 2762 692 2831 cujus
718 2777 967 2818 cruorem
1004 2763 1219 2831 propria
1253 2777 1416 2816 manu
1469 2762 1550 2816 vel
1593 2761 1696 2816 telo
1727 2761 1866 2832 apud

289 2851 536 2908 homines
585 2851 806 2907 minime
853 2849 1054 2906 fudisse
1108 2852 1472 2920 cegnoscitur.
1525 2850 1732 2906 All'ectu
1773 2852 1868 2906 ira}

292 2940 554 2997 homicida
602 2942 1041 3011 pronuntiatura
1075 2941 1319 3006 Domino,
1371 2941 1494 3009 quia
1540 2956 1646 2995 non
1693 2939 1864 2995 solum

290 3029 618 3098 operationis
639 3029 854 3092 effectu,
884 3028 976 3083 sed
1015 3029 1176 3082 ctiam
1211 3044 1306 3098 pro
1345 3027 1639 3085 voluntatis
1663 3045 1726 3084 ac
1755 3030 1862 3084 voti

293 3117 552 3172 desiderio
604 3117 898 3188 unicuique
927 3124 1019 3172 aut
1059 3118 1339 3188 prmminm
1386 3119 1594 3182 reddat,
1625 3128 1716 3172 aut
1746 3135 1863 3188 pte-

293 3224 434 3261 nam.
465 3207 726 3278 Egregius
751 3223 882 3262 vero
911 3209 1093 3262 mundi
1129 3209 1448 3278 praedicator
1470 3207 1598 3262 dicit
1624 3223 1638 3260 :
1680 3207 1863 3262 Omnis

293 3299 608 3362 amaritudo,
637 3309 686 3351 et
715 3299 796 3350 ira
824 3307 871 3352 et
895 3299 1202 3368 indignatio,
1235 3309 1282 3352 et
1304 3299 1521 3363 clamor,
1552 3308 1598 3352 et
1625 3297 1864 3364 blasphe-

291 3390 392 3441 mia
418 3389 641 3442 tollatur
666 3405 700 3443 a
730 3389 870 3444 vobis
901 3388 1114 3461 (Ephes.
1151 3389 1246 3460 tv).
1287 3389 1396 3445 Nec
1433 3390 1598 3448 etiam
1651 3389 1734 3442 ira
1764 3390 1866 3443 viri

291 3481 546 3550 justitiam
589 3481 684 3536 Dei
713 3483 928 3552 operari
969 3484 1187 3552 poterit.
1219 3483 1303 3538 [ra
1333 3484 1540 3539 scilicet
1568 3483 1686 3538 sine
1722 3492 1861 3538 tem—

294 3579 604 3640 peramento
629 3585 826 3640 expers
850 3577 934 3624 est
962 3571 1200 3626 rationis.
1237 3570 1519 3640 Responsio
1563 3569 1731 3624 mollis
1760 3571 1862 3624 mi-

297 3661 417 3729 tigat
452 3661 608 3724 iram,
642 3676 814 3714 sermo
840 3660 1006 3713 durus
1031 3662 1248 3714 suscitat
1272 3643 1715 3733 furorcm‘(Prov.
1749 3658 1862 3732 xv).

306 3747 392 3803 Vir
415 3751 726 3814 iracundus,
751 3758 809 3805 ut
845 3751 921 3805 ait
961 3751 1236 3818 Salomon,
1285 3762 1526 3822 provocat
1559 3752 1738 3820 rixas;
1774 3753 1864 3823 qui

292 3843 486 3910 patiens
509 3852 607 3907 est,
638 3841 842 3910 mitigat
895 3840 1171 3894 suscitatus
1196 3840 1404 3913 (ΝΜ).
1447 3841 1706 3910 Spiritum
1737 3857 1862 3895 vero

293 3931 357 3983 ad
391 3929 728 3986 irascendum
777 3929 987 3987 facilem
1018 3931 1140 4001 quis
1191 3931 1456 3986 sustinere
1507 3931 1862 4000 poterit?lra

293 4038 395 4076 non
422 4024 585 4078 habet
612 4023 1061 4088 miscricordiam,
1088 4037 1186 4076 nec
1209 4037 1496 4091 erumpens
1525 4021 1674 4076 furor
1702 4021 1862 4074 linem

295 4113 534 4168 vindicta:
569 4113 737 4168 novit.
767 4112 824 4166 Si
857 4120 930 4178 te,
967 4128 1000 4167 ο
1026 4112 1208 4176 homo,
1250 4109 1709 4181 prxoccupaverit
1756 4109 1855 4174 ira,

292 4202 472 4274 mitiga
503 4219 645 4256 eam.
673 4203 766 4256 Illa
795 4203 871 4256 ira
896 4201 1035 4256 mala
1055 4211 1137 4256 cst
1158 4219 1276 4271 qua:
1306 4209 1540 4258 mentem
1573 4201 1774 4264 turbat,
1809 4208 1865 4254 ut

292 4305 489 4345 rectum
511 4293 800 4347 consilium
825 4292 1098 4362 perdatur.
1125 4291 1216 4345 illa
1243 4292 1322 4344 ira
1347 4292 1580 4361 cstjustzt
1601 4298 1654 4346 et
1679 4305 1859 4344 ncces-

291 4383 454 4446 saria,
469 4383 686 4451 quando
704 4383 864 4436 homo
883 4391 1067 4437 contra
1090 4382 1308 4453 propria
1337 4382 1590 4436 irascitur
1617 4389 1859 4452 peccata,

289 4482 336 4523 et
367 4480 554 4525 reintra
593 4472 830 4542 scipsnm
859 4473 1240 4542 indignabitur,
1283 4471 1411 4526 dum
1439 4471 1578 4526 male
1607 4471 1736 4540 agit.
1769 4471 1856 4524 Di-

287 4563 358 4613 cit
407 4560 716 4632 Propheta;
749 4561 1048 4616 Irascimini
1097 4573 1145 4616 et
1201 4563 1358 4616 uoz’ite
1407 4579 1621 4632 peccare
1681 4560 1852 4634 (Psal.

289 4655 380 4719 ιι).
411 4653 692 4707 (lonccssit
715 4653 856 4721 quod
889 4663 1090 4708 natum
1115 4661 1218 4716 est,
1249 4653 1365 4708 tulit
1391 4653 1531 4722 quod
1557 4652 1726 4722 culpa:
1747 4663 1852 4708 cst.

287 4743 370 4795 ira
402 4743 623 4799 alterius
645 4755 732 4798 tua
755 4745 990 4800 leniatur
1015 4747 1294 4816 patientia.
1331 4745 1458 4800 Noli
1478 4747 1610 4800 vinci
1631 4764 1663 4799 (ι
1694 4747 1855 4812 maio,

285 4835 377 4885 sed
405 4834 548 4888 since
567 4837 622 4889 in
649 4835 784 4888 bona
813 4834 1010 4888 malum
1047 4835 1224 4905 (fiam.
1256 4836 1376 4904 xu).
1407 4837 1642 4892 Alterius
1671 4853 1859 4906 pecca-

286 4933 398 4976 tum
448 4934 597 4979 tuum
627 4925 700 4978 sit
727 4926 1028 4993 prximum.
1079 4925 1332 4995 Displicet
1363 4926 1455 4979 tibi
1485 4927 1707 4982 alterius
1755 4929 1856 4992 ira,

283 5016 425 5082 quod
449 5015 543 5069 tibi
574 5018 627 5070 in
657 5015 830 5070 altero
863 5015 1128 5085 displicet,
1160 5017 1211 5071 iu
1241 5015 1409 5086 tcipso
1440 5031 1653 5086 quoque
1678 5017 1862 5086 displi-

283 5113 421 5158 ceat.
452 5103 567 5160 Noli
602 5105 1050 5172 tranquillitatem
1097 5105 1292 5160 mentis
1333 5115 1435 5160 tua:
1483 5107 1704 5162 alterius
1735 5122 1858 5176 pcr-

285 5194 589 5252 turbatione
620 5195 917 5248 maculare.
952 5191 1067 5250 Noli
1094 5205 1146 5250 te
1169 5195 1430 5264 mqualem
1459 5195 1625 5250 stulto
1660 5193 1859 5261 facere,

281 5286 407 5355 quia
433 5285 508 5340 ira
537 5287 592 5340 in
625 5286 748 5340 sinu
775 5284 926 5340 stulti
951 5284 1238 5354 requiescit
1265 5303 1275 5338 :
1311 5286 1355 5338 si
1381 5295 1435 5338 tu
1465 5285 1715 5340 irasceris
1735 5301 1862 5340 con-

279 5384 362 5430 tra
386 5393 529 5441 cum,
557 5386 722 5432 erunt
747 5376 856 5429 duo
884 5375 1032 5440 mali,
1067 5383 1122 5428 tu
1151 5383 1204 5429 ct
1235 5375 1322 5430 ille
1348 5394 1361 5428 τ
1387 5375 1578 5430 melius
1602 5375 1693 5429 tibi
1718 5385 1864 5430 esset

277 5470 644 5533 essebonum,
687 5481 1003 5537 quanquam
1036 5465 1125 5519 ille
1154 5466 1224 5520 sit
1253 5466 1459 5530 malus;
1490 5481 1586 5520 cur
1610 5473 1664 5520 tu
1693 5482 1758 5520 ex
1787 5465 1863 5518 al-

277 5561 448 5614 terius
477 5562 678 5614 malitia
709 5559 888 5614 malus
942 5556 1206 5612 elliccris?
1246 5557 1352 5612 Sed
1404 5559 1576 5612 adhuc
1611 5559 1751 5627 quod
1779 5567 1861 5612 cst

278 5652 512 5720 gravius,
538 5652 674 5705 alius
702 5649 947 5721 postulat
979 5657 1204 5704 tl‘lOI‘lCltt
1255 5649 1456 5704 inimici
1488 5667 1501 5702 :
1543 5665 1663 5703 cum
1699 5664 1855 5717 quem

1966 1847 2260 1901 advocatus
2291 1863 2303 1900 :
2341 1847 2487 1916 preci
2518 1856 2698 1901 autem
2731 1862 2890 1916 quam
2931 1856 3234 1916 composuit
3277 1847 3538 1904 conditio-

1966 1951 2088 1990 nem
2135 1936 2364 1991 inseruit
2411 1936 2596 1991 dicens
2644 1954 2658 1988 :
2695 1935 2902 1990 Dimitte
2948 1936 3093 1990 nobis
3129 1937 3302 1990 debita
3336 1947 3532 2000 nostra,

1965 2026 2101 2080 sicut
2127 2035 2173 2080 et
2214 2042 2307 2079 nos
2336 2025 2644 2080 dimittimus
2672 2025 2988 2080 debitoribus
3015 2027 3224 2079 nostris.
3251 2025 3384 2092 Quia
3411 2040 3538 2094 ergo

1965 2116 2080 2186 ipse
2109 2116 2273 2186 judcx
2314 2116 2457 2170 venit
2481 2117 2572 2185 qui
2601 2117 2894 2171 advocatus
2920 2116 3146 2179 exstitit,
3175 2117 3290 2184 ipse
3322 2130 3536 2186 prerem

1963 2207 2183 2262 exaudit
2213 2207 2302 2276 qui
2335 2205 2478 2262 fecit.
2524 2208 2633 2262 Aut
2669 2221 2798 2279 ergo
2823 2223 2930 2262 non
2978 2207 3237 2261 facientes
3264 2207 3490 2262 dicimus
3518 2223 3532 2260 :

1967 2302 2178 2357 Dimitte
2228 2303 2377 2356 nobis
2427 2302 2599 2356 debita
2645 2311 2843 2367 nostra,
2874 2310 2929 2356 et
2960 2301 3186 2371 reliqua,
3217 2309 3273 2356 et
3297 2310 3536 2358 nosmet-

1967 2395 2113 2464 ipsos
2149 2395 2254 2449 hoc
2298 2394 2523 2449 dicendo
2582 2394 2810 2462 amplius
2860 2393 3126 2463 ligamus:
3163 2402 3258 2448 aut
3307 2393 3538 2449 fortasse

1965 2483 2104 2538 hanc
2132 2483 2494 2538 conditionem
2526 2483 2578 2538 in
2623 2484 2867 2538 oratione
2909 2482 3332 2545 intermittimus,
3365 2491 3421 2536 ct
3443 2483 3538 2537 ad-

1968 2581 2188 2628 vocatus
2216 2581 2399 2628 noster
2423 2586 2638 2642 precem
2665 2587 2827 2640 quam
2869 2571 3195 2642 composuit,
3244 2587 3349 2624 non
3377 2587 3532 2628 reco-

1965 2661 2196 2733 gnoscit,
2230 2669 2391 2730 atque
2441 2661 2581 2730 apud
2621 2677 2680 2716 se
2715 2659 2963 2731 protinus
3013 2660 3144 2715 dicit
3174 2677 3186 2714 :
3217 2657 3343 2714 Scio
3391 2661 3535 2730 quod

1967 2753 2174 2816 monui,
2205 2768 2310 2807 non
2337 2761 2422 2806 est
2451 2752 2567 2821 ipsa
2617 2752 2792 2806 oratio
2845 2765 3008 2820 quam
3068 2749 3190 2805 feci.
3226 2749 3362 2816 Quid
3403 2765 3534 2818 ergo

1967 2844 2124 2899 nobis
2146 2841 2469 2907 faciendum,
2498 2841 2714 2906 fratres,
2743 2841 2844 2896 nisi
2884 2849 2943 2895 ut
2980 2856 3122 2895 vene
3149 2839 3428 2894 charitatis
3455 2839 3534 2893 af-

1968 2935 2166 2993 fectum
2204 2934 2572 3005 impendamus
2604 2932 2862 2990 fratribus
2894 2932 3094 2990 nostris
3125 2949 3136 2987 :
3172 2939 3229 2987 ut
3256 2931 3398 2988 sicut
3424 2944 3537 2987 ma-

1969 3043 2072 3084 nus
2099 3034 2313 3083 nostras
2341 3025 2474 3080 foris
2500 3042 2530 3079 a
2557 3026 2724 3091 caede,
2753 3026 2826 3080 ita
2857 3035 2912 3080 et
2958 3025 3103 3080 intus
3127 3024 3194 3079 ab
3221 3024 3344 3079 odio
3371 3024 3534 3078 corda

1893 3087 1938 3148 (ἶ
1970 3126 2152 3172 nostra
2179 3124 2464 3171 serventur
2493 3115 2731 3170 innoxia.
2775 3115 3068 3171 Homicidia
3118 3115 3284 3177 enim,
3311 3122 3372 3167 nt
3395 3113 3532 3168 scri-

1967 3216 2116 3278 ptum
2145 3215 2248 3272 est,
2281 3222 2505 3276 regnum
2534 3207 2628 3260 Dei
2657 3221 2762 3260 non
2787 3205 3136 3275 possidebunt
3165 3201 3307 3274 (Cal.
3335 3202 3387 3272 v)
3415 3219 3429 3268 ;
3455 3215 3532 3266 ct,

1968 3301 2072 3366 Qui
2099 3300 2207 3354 odit
2245 3300 2462 3369 fratrem
2509 3316 2682 3364 suum,
2709 3301 2763 3354 in
2809 3299 3030 3353 tenebris
3052 3306 3126 3351 est
3157 3295 3208 3368 (1
3232 3294 3394 3350 Joan.
3423 3294 3486 3366 ιι)
3517 3311 3531 3359 ;

1967 3391 2189 3458 abjicite
2218 3393 2366 3462 prius
2388 3407 2418 3446 a
2451 3392 2603 3445 vobis
2631 3391 2836 3454 odium,
2861 3396 2913 3444 et
2963 3389 3058 3451 ita,
3089 3389 3198 3442 Deo
3223 3385 3534 3447 auxiliante,

1966 3481 2138 3536 vitare
2188 3481 2416 3550 potestis
2471 3479 2836 3553 homicidium.
2879 3478 2968 3532 Sic
3013 3485 3070 3530 ct
3121 3491 3228 3530 non
3278 3473 3447 3530 solum
3479 3489 3534 3527 ιη

1966 3571 2217 3626 tenebras
2241 3569 2542 3624 exteriores
2581 3584 2706 3623 cum
2759 3567 3150 3623 homicidarum
3202 3576 3442 3625 auctore,
3479 3565 3533 3618 itl

1963 3669 2048 3716 est
2079 3675 2201 3714 cum
2249 3659 2479 3723 diabolo,
2516 3675 2619 3712 non
2652 3658 2820 3720 ibitis,
2851 3657 2958 3710 imo
3009 3671 3132 3710 cum
3164 3655 3398 3724 pacificis
3429 3653 3532 3705 l’a-

1965 3751 2063 3805 tris
2095 3750 2316 3805 caeleste
2379 3763 2598 3818 regnum
2651 3746 2772 3800 Filii
2827 3745 3123 3800 dulcissimi
3153 3741 3530 3814 possidebitis:

1964 3840 2109 3912 quod
2141 3841 2294 3895 vobis
2337 3839 2597 3906 nobisque
2620 3837 2895 3891 vobiscum
2926 3842 3114 3890 auctor
3155 3843 3212 3888 et
3257 3833 3536 3888 restitutor

1964 3929 2155 3986 salutis
2204 3936 2402 3984 nostra:
2448 3927 2744 3982 concedere
2791 3925 3040 3996 dignetur
3079 3923 3238 3980 .lesus
3288 3921 3536 3976 Christus

1964 4019 2222 4074 Dominus
2255 4027 2460 4080 noster,
2488 4017 2580 4087 qui
2628 4017 2760 4070 vivit
2785 4025 2841 4070 et
2871 4022 3060 4086 regnat
3085 4030 3204 4069 cum
3239 4012 3348 4067 Deo
3374 4013 3532 4066 Patre

1962 4119 2017 4167 et
2047 4111 2250 4182 Spiritu
2282 4118 2489 4174 sancto,
2545 4109 2598 4163 in
2655 4109 2860 4164 unitate
2889 4116 2944 4162 et
2997 4105 3240 4160 trinitate
3295 4103 3537 4175 perfecta

1965 4205 2124 4268 Deus,
2164 4219 2260 4274 per
2285 4201 2469 4257 omnia
2499 4201 2696 4257 smcula
2724 4199 3064 4256 saeculorum.
3092 4197 3286 4252 Amen.

2535 4308 2810 4364 HOMILIA
2838 4306 2971 4362 LXI.

2341 4398 2551 4438 CONTRA
2584 4395 2822 4434 ιΝνιοιΑδι
2860 4393 2929 4432 ΕΤ
2964 4389 3147 4430 ODIUM.

2037 4471 2224 4528 Zelare
2253 4473 2394 4542 quod
2422 4473 2621 4525 bonum
2665 4469 2866 4531 videas,
2915 4474 2969 4518 et
3015 4463 3251 4518 invidere
3302 4463 3538 4516 meliori-

1965 4566 2084 4626 bus,
2116 4563 2229 4617 lcve
2254 4562 2392 4632 apud
2413 4560 2676 4630 quosdam
2701 4565 2756 4611 et
2788 4555 3054 4609 modicum
3075 4553 3280 4608 crimen
3304 4554 3537 4613 videtur,

1964 4655 2160 4708 fratres
2199 4649 2556 4706 dilectissimi.
2590 4649 2829 4717 Dumque
2861 4645 3204 4699 existimatur
3250 4644 3367 4700 leve
3418 4659 3538 4698 esse

1963 4752 2020 4798 ct
2047 4743 2340 4805 modicum,
2365 4755 2471 4794 non
2497 4721 2902 4802 timetur;duin
2958 4752 3062 4790 non
3111 4736 3349 4800 timetur,
3402 4719 3534 4789 con-

1966 4833 2228 4889 temnitur
2252 4848 2267 4897 ;
2291 4833 2414 4885 dum
2445 4826 2834 4891 contemnitur,
2861 4841 2966 4880 non
3016 4823 3178 4879 facile
3212 4825 3449 4878 vitatur:
3483 4833 3538 4876 ct

1968 4923 2028 4978 tit
2055 4937 2198 4977 cmea
2227 4929 2283 4976 et
2308 4919 2515 4976 occulta
2553 4916 2841 4986 pernicies,
2878 4930 3019 4984 quae,
3057 4915 3183 4966 dum
3213 4912 3388 4968 minus
3411 4925 3533 4982 per-

1967 5013 2212 5082 spicitur.
2251 5017 2311 5064 ut
2334 5009 2511 5064 caveri
2537 5023 2568 5061 a
2597 5005 3004 5076 providentibus
3032 5006 3220 5072 possit,
3277 5004 3536 5075 improvi-

1967 5105 2063 5158 das
2092 5110 2296 5157 mentes
2323 5101 2558 5154 latenter
2591 5096 2800 5168 affligit.
2854 5098 2968 5166 Ego
3015 5097 3196 5165 itaque
3244 5104 3374 5166 puto
3403 5096 3535 5152 nihil

1968 5194 2140 5264 magis
2160 5191 2466 5247 Christiano
2511 5190 2828 5252 cavendum,
2852 5187 2986 5242 nihil
3018 5187 3229 5243 cautius
3254 5187 3537 5256 providcn-

1967 5284 2113 5348 dum,
2144 5298 2301 5351 quam
2347 5297 2413 5336 ne
2451 5281 2570 5350 quis
2597 5280 2834 5336 invideat
2859 5289 2914 5334 et
2940 5280 3106 5336 livore
3131 5280 3376 5349 capiatur
3406 5296 3418 5331 :
3462 5293 3530 5332 uc

1961 5375 2103 5444 quis,
2133 5373 2364 5444 fallentis
2391 5373 2597 5428 inimici
2643 5373 2801 5428 can-is
2829 5371 3036 5440 laqueis
3056 5370 3380 5442 implicatus,
3404 5368 3532 5422 dum

1965 5463 2082 5518 zclo
2111 5443 2275 5517 frater
2311 5464 2362 5516 in
2392 5461 2574 5517 fratris
2601 5463 2723 5518 odio
2745 5462 3098 5525 convertitur,
3130 5459 3304 5529 gladio
3325 5473 3421 5510 suo
3443 5471 3536 5508 nc-

1965 5555 2108 5610 scius
2144 5555 2256 5622 ipsc
2305 5555 2621 5624 perimatur.
2670 5555 2821 5620 Quod
2857 5562 2914 5609 ut
2965 5551 3213 5620 colligere
3239 5547 3448 5616 plenius
3478 5556 3536 5600 ct

1966 5645 2302 5736 manifestius
2327 5647 2632 5716 perspicere
2662 5646 2899 5716 possitis,
2943 5643 3010 5697 ad
3048 5637 3346 5708 caputeius
3372 5649 3538 5710 atque
