  <div class='ocr_page' id='page_1' title='image "/cluster/home/n/w/nwhite01/storage/ocr_20150623/110/hvd.32044054759758/063.png"; bbox 0 0 4040 6188; ppageno 0'>
   <div class='ocr_carea' id='block_1_1' title="bbox 425 279 527 333">
    <p class='ocr_par' dir='ltr' id='par_1_1' title="bbox 425 279 527 333">
     <span class='ocr_line' id='line_1_1' title="bbox 425 279 527 333; baseline 0 0"><span class='ocrx_word' id='word_1_1' title='bbox 425 279 527 333; x_wconf 76' lang='grc'><strong>115</strong></span> 
     </span>
    </p>
   </div>
   <div class='ocr_carea' id='block_1_2' title="bbox 1044 267 3009 329">
    <p class='ocr_par' dir='ltr' id='par_1_2' title="bbox 1044 267 3009 329">
     <span class='ocr_line' id='line_1_2' title="bbox 1044 267 3009 329; baseline -0.003 -1"><span class='ocrx_word' id='word_1_2' title='bbox 1044 274 1105 328; x_wconf 88' lang='grc' dir='ltr'><strong>Β.</strong></span> <span class='ocrx_word' id='word_1_3' title='bbox 1147 273 1401 329; x_wconf 78' lang='lat' dir='ltr'><strong>RABANI</strong></span> <span class='ocrx_word' id='word_1_4' title='bbox 1439 271 1659 329; x_wconf 77' lang='lat' dir='ltr'><strong>MAUR!</strong></span> <span class='ocrx_word' id='word_1_5' title='bbox 1698 271 2017 328; x_wconf 78' lang='lat' dir='ltr'><strong>ARCHIEP.</strong></span> <span class='ocrx_word' id='word_1_6' title='bbox 2059 268 2366 327; x_wconf 77' lang='lat' dir='ltr'><strong>MOGUNT.</strong></span> <span class='ocrx_word' id='word_1_7' title='bbox 2408 267 2692 325; x_wconf 80' lang='lat' dir='ltr'><strong>OPERUM</strong></span> <span class='ocrx_word' id='word_1_8' title='bbox 2726 268 2909 325; x_wconf 79' lang='lat' dir='ltr'><strong>PARS</strong></span> <span class='ocrx_word' id='word_1_9' title='bbox 2945 267 3009 323; x_wconf 85' lang='lat' dir='ltr'><strong>ll.</strong></span> 
     </span>
    </p>
   </div>
   <div class='ocr_carea' id='block_1_3' title="bbox 3578 267 3681 322">
    <p class='ocr_par' dir='ltr' id='par_1_3' title="bbox 3578 267 3681 322">
     <span class='ocr_line' id='line_1_3' title="bbox 3578 267 3681 322; baseline 0.019 -2"><span class='ocrx_word' id='word_1_10' title='bbox 3578 267 3681 322; x_wconf 72' lang='lat'><strong>{16</strong></span> 
     </span>
    </p>
   </div>
   <div class='ocr_carea' id='block_1_4' title="bbox 423 379 3686 465">
    <p class='ocr_par' dir='ltr' id='par_1_4' title="bbox 423 379 3686 465">
     <span class='ocr_line' id='line_1_4' title="bbox 423 379 3686 465; baseline -0.004 -16"><span class='ocrx_word' id='word_1_11' title='bbox 423 396 491 450; x_wconf 88' lang='lat' dir='ltr'><strong>ad</strong></span> <span class='ocrx_word' id='word_1_12' title='bbox 534 395 797 465; x_wconf 82' lang='lat' dir='ltr'><strong>originem</strong></span> <span class='ocrx_word' id='word_1_13' title='bbox 849 403 1210 445; x_wconf 85' lang='lat' dir='ltr'><strong>recurramus.</strong></span> <span class='ocrx_word' id='word_1_14' title='bbox 1264 389 1557 445; x_wconf 77' lang='lat' dir='ltr'><strong>Videamus</strong></span> <span class='ocrx_word' id='word_1_15' title='bbox 1602 386 1744 441; x_wconf 91' lang='lat' dir='ltr'><strong>unde</strong></span> <span class='ocrx_word' id='word_1_16' title='bbox 1770 384 1918 441; x_wconf 83' lang='lat' dir='ltr'><strong>zelus</strong></span> <span class='ocrx_word' id='word_1_17' title='bbox 1946 395 2001 440; x_wconf 91' lang='lat' dir='ltr'><strong>et</strong></span> <span class='ocrx_word' id='word_1_18' title='bbox 2028 390 2074 447; x_wconf 81' lang='grc' dir='ltr'>Α</span> <span class='ocrx_word' id='word_1_19' title='bbox 2104 383 2342 453; x_wconf 84' lang='lat' dir='ltr'><strong>prepria,</strong></span> <span class='ocrx_word' id='word_1_20' title='bbox 2387 380 2471 437; x_wconf 86' lang='lat' dir='ltr'><strong>vel</strong></span> <span class='ocrx_word' id='word_1_21' title='bbox 2517 381 2778 437; x_wconf 81' lang='lat' dir='ltr'><strong>beneﬁcia</strong></span> <span class='ocrx_word' id='word_1_22' title='bbox 2820 381 3021 445; x_wconf 89' lang='lat' dir='ltr'><strong>divina,</strong></span> <span class='ocrx_word' id='word_1_23' title='bbox 3063 382 3120 434; x_wconf 88' lang='lat' dir='ltr'><strong>in</strong></span> <span class='ocrx_word' id='word_1_24' title='bbox 3166 379 3368 436; x_wconf 84' lang='lat' dir='ltr'><strong>malum</strong></span> <span class='ocrx_word' id='word_1_25' title='bbox 3406 380 3686 450; x_wconf 85' lang='lat' dir='ltr'><strong>proprium</strong></span> 
     </span>
    </p>
   </div>
   <div class='ocr_carea' id='block_1_5' title="bbox 422 471 3692 554">
    <p class='ocr_par' dir='ltr' id='par_1_5' title="bbox 422 471 3692 554">
     <span class='ocr_line' id='line_1_5' title="bbox 422 471 3692 554; baseline -0.003 -16"><span class='ocrx_word' id='word_1_26' title='bbox 422 482 638 554; x_wconf 88' lang='lat' dir='ltr'><strong>quando</strong></span> <span class='ocrx_word' id='word_1_27' title='bbox 666 490 722 537; x_wconf 90' lang='lat' dir='ltr'><strong>et</strong></span> <span class='ocrx_word' id='word_1_28' title='bbox 764 481 1035 550; x_wconf 90' lang='lat' dir='ltr'><strong>quomodo</strong></span> <span class='ocrx_word' id='word_1_29' title='bbox 1078 478 1306 547; x_wconf 88' lang='lat' dir='ltr'><strong>coeperit</strong></span> <span class='ocrx_word' id='word_1_30' title='bbox 1343 494 1359 531; x_wconf 89' lang='lat'><strong>:</strong></span> <span class='ocrx_word' id='word_1_31' title='bbox 1390 476 1603 531; x_wconf 77' lang='lat' dir='ltr'><strong>facilius</strong></span> <span class='ocrx_word' id='word_1_32' title='bbox 1647 475 1793 531; x_wconf 86' lang='lat' dir='ltr'><strong>enim</strong></span> <span class='ocrx_word' id='word_1_33' title='bbox 1830 490 1861 529; x_wconf 89' lang='lat' dir='ltr'><strong>a</strong></span> <span class='ocrx_word' id='word_1_34' title='bbox 1902 490 1998 529; x_wconf 88' lang='lat' dir='ltr'><strong>no-</strong></span> <span class='ocrx_word' id='word_1_35' title='bbox 2097 474 2237 529; x_wconf 89' lang='lat' dir='ltr'><strong>bona</strong></span> <span class='ocrx_word' id='word_1_36' title='bbox 2266 472 2441 529; x_wconf 88' lang='lat' dir='ltr'><strong>aliena</strong></span> <span class='ocrx_word' id='word_1_37' title='bbox 2470 482 2810 538; x_wconf 70' lang='lat' dir='ltr'><strong>convertere,</strong></span> <span class='ocrx_word' id='word_1_38' title='bbox 2848 472 3141 526; x_wconf 74' lang='lat' dir='ltr'><strong>illustrium</strong></span> <span class='ocrx_word' id='word_1_39' title='bbox 3174 471 3541 542; x_wconf 73' lang='lat' dir='ltr'><strong>prosperitate</strong></span> <span class='ocrx_word' id='word_1_40' title='bbox 3575 481 3692 527; x_wconf 89' lang='lat' dir='ltr'><strong>tor-</strong></span> 
     </span>
    </p>
   </div>
   <div class='ocr_carea' id='block_1_6' title="bbox 425 560 3694 640">
    <p class='ocr_par' dir='ltr' id='par_1_6' title="bbox 425 560 3694 640">
     <span class='ocr_line' id='line_1_6' title="bbox 425 560 3694 640; baseline -0.004 -10"><span class='ocrx_word' id='word_1_41' title='bbox 425 576 511 631; x_wconf 84' lang='lat' dir='ltr'><strong>bis</strong></span> <span class='ocrx_word' id='word_1_42' title='bbox 545 572 747 629; x_wconf 88' lang='lat' dir='ltr'><strong>malum</strong></span> <span class='ocrx_word' id='word_1_43' title='bbox 788 580 898 625; x_wconf 86' lang='lat' dir='ltr'><strong>tam</strong></span> <span class='ocrx_word' id='word_1_44' title='bbox 934 568 1296 640; x_wconf 89' lang='lat' dir='ltr'><strong>perniciosum</strong></span> <span class='ocrx_word' id='word_1_45' title='bbox 1347 566 1622 627; x_wconf 77' lang='lat' dir='ltr'><strong>vitabitur,</strong></span> <span class='ocrx_word' id='word_1_46' title='bbox 1677 565 1722 619; x_wconf 93' lang='lat' dir='ltr'><strong>si</strong></span> <span class='ocrx_word' id='word_1_47' title='bbox 1756 563 1998 633; x_wconf 89' lang='lat' dir='ltr'><strong>ejusdem</strong></span> <span class='ocrx_word' id='word_1_48' title='bbox 2099 563 2275 634; x_wconf 86' lang='lat' dir='ltr'><strong>queri,</strong></span> <span class='ocrx_word' id='word_1_49' title='bbox 2321 563 2551 617; x_wconf 88' lang='lat' dir='ltr'><strong>aliorum</strong></span> <span class='ocrx_word' id='word_1_50' title='bbox 2596 562 2821 634; x_wconf 78' lang='lat' dir='ltr'><strong>gloriam</strong></span> <span class='ocrx_word' id='word_1_51' title='bbox 2852 561 3031 619; x_wconf 88' lang='lat' dir='ltr'><strong>facere</strong></span> <span class='ocrx_word' id='word_1_52' title='bbox 3076 576 3229 616; x_wconf 89' lang='lat' dir='ltr'><strong>suam</strong></span> <span class='ocrx_word' id='word_1_53' title='bbox 3257 575 3496 632; x_wconf 72' lang='lat' dir='ltr'><strong>pmnam.</strong></span> <span class='ocrx_word' id='word_1_54' title='bbox 3546 560 3694 618; x_wconf 75' lang='lat' dir='ltr'><strong>Mala</strong></span> 
     </span>
    </p>
   </div>
   <div class='ocr_carea' id='block_1_7' title="bbox 427 650 3693 733">
    <p class='ocr_par' dir='ltr' id='par_1_7' title="bbox 427 650 3693 733">
     <span class='ocr_line' id='line_1_7' title="bbox 427 650 3693 733; baseline -0.004 -13"><span class='ocrx_word' id='word_1_55' title='bbox 427 665 556 721; x_wconf 86' lang='lat' dir='ltr'><strong>mali</strong></span> <span class='ocrx_word' id='word_1_56' title='bbox 584 673 637 719; x_wconf 90' lang='lat' dir='ltr'><strong>et</strong></span> <span class='ocrx_word' id='word_1_57' title='bbox 665 664 818 733; x_wconf 85' lang='lat' dir='ltr'><strong>origo</strong></span> <span class='ocrx_word' id='word_1_58' title='bbox 868 669 924 715; x_wconf 88' lang='lat' dir='ltr'><strong>et</strong></span> <span class='ocrx_word' id='word_1_59' title='bbox 974 659 1289 730; x_wconf 79' lang='lat' dir='ltr'><strong>magnitudo</strong></span> <span class='ocrx_word' id='word_1_60' title='bbox 1339 664 1612 712; x_wconf 87' lang='lat' dir='ltr'><strong>noscatur.</strong></span> <span class='ocrx_word' id='word_1_61' title='bbox 1646 655 1783 710; x_wconf 83' lang='lat' dir='ltr'><strong>Hinc</strong></span> <span class='ocrx_word' id='word_1_62' title='bbox 1839 654 2005 707; x_wconf 88' lang='lat' dir='ltr'><strong>zabu-</strong></span> <span class='ocrx_word' id='word_1_63' title='bbox 2100 666 2315 721; x_wconf 87' lang='lat' dir='ltr'><strong>quoque</strong></span> <span class='ocrx_word' id='word_1_64' title='bbox 2350 651 2550 706; x_wconf 91' lang='lat' dir='ltr'><strong>habent</strong></span> <span class='ocrx_word' id='word_1_65' title='bbox 2590 651 2909 716; x_wconf 85' lang='lat' dir='ltr'><strong>terminum,</strong></span> <span class='ocrx_word' id='word_1_66' title='bbox 2938 658 2994 705; x_wconf 92' lang='lat' dir='ltr'><strong>et</strong></span> <span class='ocrx_word' id='word_1_67' title='bbox 3034 651 3391 721; x_wconf 84' lang='lat' dir='ltr'><strong>quodcunque</strong></span> <span class='ocrx_word' id='word_1_68' title='bbox 3420 650 3693 722; x_wconf 87' lang='lat' dir='ltr'><strong>delinqui-</strong></span> 
     </span>
    </p>
   </div>
   <div class='ocr_carea' id='block_1_8' title="bbox 430 743 2006 816">
    <p class='ocr_par' dir='ltr' id='par_1_8' title="bbox 430 743 2006 816">
     <span class='ocr_line' id='line_1_8' title="bbox 430 743 2006 816; baseline -0.01 -5"><span class='ocrx_word' id='word_1_69' title='bbox 430 757 516 812; x_wconf 87' lang='lat' dir='ltr'><strong>lus</strong></span> <span class='ocrx_word' id='word_1_70' title='bbox 563 756 706 811; x_wconf 89' lang='lat' dir='ltr'><strong>inter</strong></span> <span class='ocrx_word' id='word_1_71' title='bbox 735 752 890 807; x_wconf 89' lang='lat' dir='ltr'><strong>initia</strong></span> <span class='ocrx_word' id='word_1_72' title='bbox 945 749 1127 805; x_wconf 86' lang='lat' dir='ltr'><strong>statim</strong></span> <span class='ocrx_word' id='word_1_73' title='bbox 1177 747 1365 802; x_wconf 90' lang='lat' dir='ltr'><strong>mundi</strong></span> <span class='ocrx_word' id='word_1_74' title='bbox 1422 754 1478 801; x_wconf 87' lang='lat' dir='ltr'><strong>et</strong></span> <span class='ocrx_word' id='word_1_75' title='bbox 1527 745 1670 816; x_wconf 88' lang='lat' dir='ltr'><strong>perit</strong></span> <span class='ocrx_word' id='word_1_76' title='bbox 1712 743 1918 812; x_wconf 81' lang='lat' dir='ltr'><strong>primus</strong></span> <span class='ocrx_word' id='word_1_77' title='bbox 1948 750 2006 796; x_wconf 90' lang='lat' dir='ltr'><strong>et</strong></span> 
     </span>
    </p>
   </div>
   <div class='ocr_carea' id='block_1_9' title="bbox 430 831 2003 916">
    <p class='ocr_par' dir='ltr' id='par_1_9' title="bbox 430 831 2003 916">
     <span class='ocr_line' id='line_1_9' title="bbox 430 831 2003 916; baseline -0.01 -14"><span class='ocrx_word' id='word_1_78' title='bbox 430 846 681 916; x_wconf 84' lang='lat' dir='ltr'><strong>perdidit.</strong></span> <span class='ocrx_word' id='word_1_79' title='bbox 737 842 831 900; x_wconf 85' lang='lat' dir='ltr'><strong>Ille</strong></span> <span class='ocrx_word' id='word_1_80' title='bbox 857 839 1096 908; x_wconf 90' lang='lat' dir='ltr'><strong>angelica</strong></span> <span class='ocrx_word' id='word_1_81' title='bbox 1128 836 1413 905; x_wconf 87' lang='lat' dir='ltr'><strong>majestate</strong></span> <span class='ocrx_word' id='word_1_82' title='bbox 1451 834 1735 899; x_wconf 84' lang='lat' dir='ltr'><strong>subnixus,</strong></span> <span class='ocrx_word' id='word_1_83' title='bbox 1767 831 1855 886; x_wconf 91' lang='lat' dir='ltr'><strong>ille</strong></span> <span class='ocrx_word' id='word_1_84' title='bbox 1894 831 2003 886; x_wconf 83' lang='lat' dir='ltr'><strong>Deo</strong></span> 
     </span>
    </p>
   </div>
   <div class='ocr_carea' id='block_1_10' title="bbox 432 921 2005 1007">
    <p class='ocr_par' dir='ltr' id='par_1_10' title="bbox 432 921 2005 1007">
     <span class='ocr_line' id='line_1_10' title="bbox 432 921 2005 1007; baseline -0.014 -12"><span class='ocrx_word' id='word_1_85' title='bbox 432 946 687 1007; x_wconf 90' lang='lat' dir='ltr'><strong>acceptus</strong></span> <span class='ocrx_word' id='word_1_86' title='bbox 720 942 775 991; x_wconf 90' lang='lat' dir='ltr'><strong>et</strong></span> <span class='ocrx_word' id='word_1_87' title='bbox 822 935 1039 997; x_wconf 90' lang='lat' dir='ltr'><strong>charus,</strong></span> <span class='ocrx_word' id='word_1_88' title='bbox 1092 936 1376 999; x_wconf 88' lang='lat' dir='ltr'><strong>postquam</strong></span> <span class='ocrx_word' id='word_1_89' title='bbox 1417 926 1693 981; x_wconf 84' lang='lat' dir='ltr'><strong>hominem</strong></span> <span class='ocrx_word' id='word_1_90' title='bbox 1750 922 1817 976; x_wconf 87' lang='lat' dir='ltr'><strong>ad</strong></span> <span class='ocrx_word' id='word_1_91' title='bbox 1866 921 2005 975; x_wconf 87' lang='lat' dir='ltr'><strong>ima-</strong></span> 
     </span>
    </p>
   </div>
   <div class='ocr_carea' id='block_1_11' title="bbox 430 1009 2008 1100">
    <p class='ocr_par' dir='ltr' id='par_1_11' title="bbox 430 1009 2008 1100">
     <span class='ocr_line' id='line_1_11' title="bbox 430 1009 2008 1100; baseline -0.011 -17"><span class='ocrx_word' id='word_1_92' title='bbox 430 1030 609 1100; x_wconf 81' lang='lat' dir='ltr'><strong>ginem</strong></span> <span class='ocrx_word' id='word_1_93' title='bbox 659 1025 756 1081; x_wconf 88' lang='lat' dir='ltr'><strong>Dei</strong></span> <span class='ocrx_word' id='word_1_94' title='bbox 807 1022 1009 1077; x_wconf 85' lang='lat' dir='ltr'><strong>factum</strong></span> <span class='ocrx_word' id='word_1_95' title='bbox 1052 1018 1358 1088; x_wconf 79' lang='lat' dir='ltr'><strong>conSpexit,</strong></span> <span class='ocrx_word' id='word_1_96' title='bbox 1411 1016 1465 1070; x_wconf 89' lang='lat' dir='ltr'><strong>in</strong></span> <span class='ocrx_word' id='word_1_97' title='bbox 1513 1014 1689 1069; x_wconf 83' lang='lat' dir='ltr'><strong>zelum</strong></span> <span class='ocrx_word' id='word_1_98' title='bbox 1743 1009 2008 1066; x_wconf 89' lang='lat' dir='ltr'><strong>malevolo</strong></span> 
     </span>
    </p>
   </div>
   <div class='ocr_carea' id='block_1_12' title="bbox 430 1101 2011 1185">
    <p class='ocr_par' dir='ltr' id='par_1_12' title="bbox 430 1101 2011 1185">
     <span class='ocr_line' id='line_1_12' title="bbox 430 1101 2011 1185; baseline -0.013 -14"><span class='ocrx_word' id='word_1_99' title='bbox 430 1118 600 1171; x_wconf 79' lang='lat' dir='ltr'><strong>livore</strong></span> <span class='ocrx_word' id='word_1_100' title='bbox 624 1111 889 1185; x_wconf 83' lang='lat' dir='ltr'><strong>prorupit,</strong></span> <span class='ocrx_word' id='word_1_101' title='bbox 913 1124 1017 1164; x_wconf 90' lang='lat' dir='ltr'><strong>non</strong></span> <span class='ocrx_word' id='word_1_102' title='bbox 1041 1108 1190 1178; x_wconf 87' lang='lat' dir='ltr'><strong>prius</strong></span> <span class='ocrx_word' id='word_1_103' title='bbox 1212 1105 1471 1176; x_wconf 82' lang='lat' dir='ltr'><strong>dejiciens</strong></span> <span class='ocrx_word' id='word_1_104' title='bbox 1496 1103 1724 1157; x_wconf 88' lang='lat' dir='ltr'><strong>alterum</strong></span> <span class='ocrx_word' id='word_1_105' title='bbox 1754 1101 2011 1155; x_wconf 86' lang='lat' dir='ltr'><strong>instinctu</strong></span> 
     </span>
    </p>
   </div>
   <div class='ocr_carea' id='block_1_13' title="bbox 432 1191 2014 1275">
    <p class='ocr_par' dir='ltr' id='par_1_13' title="bbox 432 1191 2014 1275">
     <span class='ocr_line' id='line_1_13' title="bbox 432 1191 2014 1275; baseline -0.012 -14"><span class='ocrx_word' id='word_1_106' title='bbox 432 1207 558 1272; x_wconf 84' lang='lat' dir='ltr'><strong>zeli,</strong></span> <span class='ocrx_word' id='word_1_107' title='bbox 581 1218 744 1275; x_wconf 89' lang='lat' dir='ltr'><strong>quam</strong></span> <span class='ocrx_word' id='word_1_108' title='bbox 772 1203 889 1272; x_wconf 89' lang='lat' dir='ltr'><strong>ipse</strong></span> <span class='ocrx_word' id='word_1_109' title='bbox 917 1215 1013 1270; x_wconf 92' lang='lat' dir='ltr'><strong>pro</strong></span> <span class='ocrx_word' id='word_1_110' title='bbox 1041 1198 1156 1252; x_wconf 88' lang='lat' dir='ltr'><strong>zelo</strong></span> <span class='ocrx_word' id='word_1_111' title='bbox 1181 1205 1308 1252; x_wconf 82' lang='lat' dir='ltr'><strong>ante</strong></span> <span class='ocrx_word' id='word_1_112' title='bbox 1334 1195 1574 1265; x_wconf 89' lang='lat' dir='ltr'><strong>dcjectus</strong></span> <span class='ocrx_word' id='word_1_113' title='bbox 1600 1207 1615 1246; x_wconf 87' lang='lat'><strong>:</strong></span> <span class='ocrx_word' id='word_1_114' title='bbox 1642 1191 1886 1262; x_wconf 89' lang='lat' dir='ltr'><strong>captivus</strong></span> <span class='ocrx_word' id='word_1_115' title='bbox 1916 1204 2014 1245; x_wconf 87' lang='lat' dir='ltr'><strong>an-</strong></span> 
     </span>
    </p>
   </div>
   <div class='ocr_carea' id='block_1_14' title="bbox 435 1280 2011 1363">
    <p class='ocr_par' dir='ltr' id='par_1_14' title="bbox 435 1280 2011 1363">
     <span class='ocr_line' id='line_1_14' title="bbox 435 1280 2011 1363; baseline -0.011 -12"><span class='ocrx_word' id='word_1_116' title='bbox 435 1305 647 1363; x_wconf 84' lang='lat' dir='ltr'><strong>tequam</strong></span> <span class='ocrx_word' id='word_1_117' title='bbox 677 1291 912 1361; x_wconf 88' lang='lat' dir='ltr'><strong>capiens,</strong></span> <span class='ocrx_word' id='word_1_118' title='bbox 962 1288 1201 1359; x_wconf 89' lang='lat' dir='ltr'><strong>perditus</strong></span> <span class='ocrx_word' id='word_1_119' title='bbox 1242 1292 1526 1354; x_wconf 86' lang='lat' dir='ltr'><strong>antequam</strong></span> <span class='ocrx_word' id='word_1_120' title='bbox 1565 1282 1819 1352; x_wconf 89' lang='lat' dir='ltr'><strong>perdens,</strong></span> <span class='ocrx_word' id='word_1_121' title='bbox 1860 1280 2011 1344; x_wconf 71' lang='lat' dir='ltr'><strong>dunt,</strong></span> 
     </span>
    </p>
   </div>
   <div class='ocr_carea' id='block_1_15' title="bbox 436 1368 2017 1445">
    <p class='ocr_par' dir='ltr' id='par_1_15' title="bbox 436 1368 2017 1445">
     <span class='ocr_line' id='line_1_15' title="bbox 436 1368 2017 1445; baseline -0.011 -5"><span class='ocrx_word' id='word_1_122' title='bbox 436 1383 743 1440; x_wconf 80' lang='lat' dir='ltr'><strong>stimulante</strong></span> <span class='ocrx_word' id='word_1_123' title='bbox 768 1380 960 1443; x_wconf 84' lang='lat' dir='ltr'><strong>livore,</strong></span> <span class='ocrx_word' id='word_1_124' title='bbox 990 1377 1189 1432; x_wconf 93' lang='lat' dir='ltr'><strong>homini</strong></span> <span class='ocrx_word' id='word_1_125' title='bbox 1221 1374 1448 1445; x_wconf 76' lang='lat' dir='ltr'><strong>gratiam</strong></span> <span class='ocrx_word' id='word_1_126' title='bbox 1476 1374 1616 1427; x_wconf 78' lang='lat' dir='ltr'><strong>datae</strong></span> <span class='ocrx_word' id='word_1_127' title='bbox 1640 1368 2017 1425; x_wconf 50' lang='lat' dir='ltr'><strong>immortalita.</strong></span> 
     </span>
    </p>
   </div>
   <div class='ocr_carea' id='block_1_16' title="bbox 438 1459 2015 1544">
    <p class='ocr_par' dir='ltr' id='par_1_16' title="bbox 438 1459 2015 1544">
     <span class='ocr_line' id='line_1_16' title="bbox 438 1459 2015 1544; baseline -0.011 -13"><span class='ocrx_word' id='word_1_128' title='bbox 438 1478 507 1530; x_wconf 89' lang='lat' dir='ltr'><strong>tis</strong></span> <span class='ocrx_word' id='word_1_129' title='bbox 539 1475 724 1544; x_wconf 75' lang='lat' dir='ltr'><strong>eripit,</strong></span> <span class='ocrx_word' id='word_1_130' title='bbox 765 1473 878 1542; x_wconf 90' lang='lat' dir='ltr'><strong>ipse</strong></span> <span class='ocrx_word' id='word_1_131' title='bbox 915 1484 1128 1539; x_wconf 90' lang='lat' dir='ltr'><strong>quoque</strong></span> <span class='ocrx_word' id='word_1_132' title='bbox 1167 1467 1220 1521; x_wconf 89' lang='lat' dir='ltr'><strong>id</strong></span> <span class='ocrx_word' id='word_1_133' title='bbox 1253 1464 1393 1535; x_wconf 91' lang='lat' dir='ltr'><strong>quod</strong></span> <span class='ocrx_word' id='word_1_134' title='bbox 1419 1464 1569 1535; x_wconf 92' lang='lat' dir='ltr'><strong>prius</strong></span> <span class='ocrx_word' id='word_1_135' title='bbox 1604 1461 1779 1516; x_wconf 82' lang='lat' dir='ltr'><strong>fuerat</strong></span> <span class='ocrx_word' id='word_1_136' title='bbox 1814 1459 2015 1514; x_wconf 87' lang='lat' dir='ltr'><strong>amisit.</strong></span> 
     </span>
    </p>
   </div>
   <div class='ocr_carea' id='block_1_17' title="bbox 440 1550 2020 1633">
    <p class='ocr_par' dir='ltr' id='par_1_17' title="bbox 440 1550 2020 1633">
     <span class='ocr_line' id='line_1_17' title="bbox 440 1550 2020 1633; baseline -0.009 -13"><span class='ocrx_word' id='word_1_137' title='bbox 440 1565 607 1633; x_wconf 87' lang='lat' dir='ltr'><strong>Quale</strong></span> <span class='ocrx_word' id='word_1_138' title='bbox 645 1563 844 1618; x_wconf 89' lang='lat' dir='ltr'><strong>malum</strong></span> <span class='ocrx_word' id='word_1_139' title='bbox 871 1570 986 1625; x_wconf 89' lang='lat' dir='ltr'><strong>est,</strong></span> <span class='ocrx_word' id='word_1_140' title='bbox 1032 1559 1226 1612; x_wconf 77' lang='lat' dir='ltr'><strong>fratres</strong></span> <span class='ocrx_word' id='word_1_141' title='bbox 1254 1553 1621 1619; x_wconf 89' lang='lat' dir='ltr'><strong>dilectissimi,</strong></span> <span class='ocrx_word' id='word_1_142' title='bbox 1663 1567 1772 1623; x_wconf 89' lang='lat' dir='ltr'><strong>quo</strong></span> <span class='ocrx_word' id='word_1_143' title='bbox 1797 1550 2020 1619; x_wconf 76' lang='lat' dir='ltr'><strong>angelus</strong></span> 
     </span>
    </p>
   </div>
   <div class='ocr_carea' id='block_1_18' title="bbox 439 1642 2019 1721">
    <p class='ocr_par' dir='ltr' id='par_1_18' title="bbox 439 1642 2019 1721">
     <span class='ocr_line' id='line_1_18' title="bbox 439 1642 2019 1721; baseline -0.009 -12"><span class='ocrx_word' id='word_1_144' title='bbox 439 1654 653 1718; x_wconf 88' lang='lat' dir='ltr'><strong>cecidit,</strong></span> <span class='ocrx_word' id='word_1_145' title='bbox 682 1666 789 1721; x_wconf 91' lang='lat' dir='ltr'><strong>quo</strong></span> <span class='ocrx_word' id='word_1_146' title='bbox 813 1647 1192 1705; x_wconf 86' lang='lat' dir='ltr'><strong>circumveniri</strong></span> <span class='ocrx_word' id='word_1_147' title='bbox 1216 1645 1324 1700; x_wconf 91' lang='lat' dir='ltr'><strong>alta</strong></span> <span class='ocrx_word' id='word_1_148' title='bbox 1348 1652 1404 1699; x_wconf 89' lang='lat' dir='ltr'><strong>et</strong></span> <span class='ocrx_word' id='word_1_149' title='bbox 1430 1644 1687 1714; x_wconf 62' lang='lat' dir='ltr'><strong>praeclara</strong></span> <span class='ocrx_word' id='word_1_150' title='bbox 1717 1642 2019 1697; x_wconf 77' lang='lat' dir='ltr'><strong>sublimitas</strong></span> 
     </span>
    </p>
   </div>
   <div class='ocr_carea' id='block_1_19' title="bbox 2103 742 3691 807">
    <p class='ocr_par' dir='ltr' id='par_1_19' title="bbox 2103 742 3691 807">
     <span class='ocr_line' id='line_1_19' title="bbox 2103 742 3691 807; baseline 0.003 -9"><span class='ocrx_word' id='word_1_151' title='bbox 2103 753 2209 807; x_wconf 89' lang='lat' dir='ltr'><strong>tur,</strong></span> <span class='ocrx_word' id='word_1_152' title='bbox 2232 743 2413 798; x_wconf 77' lang='lat' dir='ltr'><strong>delicti</strong></span> <span class='ocrx_word' id='word_1_153' title='bbox 2433 743 2898 798; x_wconf 89' lang='lat' dir='ltr'><strong>consummatione</strong></span> <span class='ocrx_word' id='word_1_154' title='bbox 2921 742 3122 797; x_wconf 83' lang='lat' dir='ltr'><strong>finitur.</strong></span> <span class='ocrx_word' id='word_1_155' title='bbox 3146 744 3203 798; x_wconf 86' lang='lat' dir='ltr'><strong>In</strong></span> <span class='ocrx_word' id='word_1_156' title='bbox 3226 743 3490 800; x_wconf 89' lang='lat' dir='ltr'><strong>adulterio</strong></span> <span class='ocrx_word' id='word_1_157' title='bbox 3509 756 3691 801; x_wconf 85' lang='lat' dir='ltr'><strong>cessat</strong></span> 
     </span>
    </p>
   </div>
   <div class='ocr_carea' id='block_1_20' title="bbox 2105 835 3691 906">
    <p class='ocr_par' dir='ltr' id='par_1_20' title="bbox 2105 835 3691 906">
     <span class='ocr_line' id='line_1_20' title="bbox 2105 835 3691 906; baseline 0.003 -17"><span class='ocrx_word' id='word_1_158' title='bbox 2105 835 2336 900; x_wconf 86' lang='lat' dir='ltr'><strong>facinus,</strong></span> <span class='ocrx_word' id='word_1_159' title='bbox 2379 842 2691 905; x_wconf 89' lang='lat' dir='ltr'><strong>perpetrato</strong></span> <span class='ocrx_word' id='word_1_160' title='bbox 2737 843 2957 904; x_wconf 88' lang='lat' dir='ltr'><strong>stupro;</strong></span> <span class='ocrx_word' id='word_1_161' title='bbox 3004 835 3057 889; x_wconf 91' lang='lat' dir='ltr'><strong>in</strong></span> <span class='ocrx_word' id='word_1_162' title='bbox 3102 835 3312 890; x_wconf 90' lang='lat' dir='ltr'><strong>latrone</strong></span> <span class='ocrx_word' id='word_1_163' title='bbox 3351 838 3691 906; x_wconf 88' lang='lat' dir='ltr'><strong>conquiescit</strong></span> 
     </span>
    </p>
   </div>
   <div class='ocr_carea' id='block_1_21' title="bbox 2104 922 3693 995">
    <p class='ocr_par' dir='ltr' id='par_1_21' title="bbox 2104 922 3693 995">
     <span class='ocr_line' id='line_1_21' title="bbox 2104 922 3693 995; baseline 0.001 -17"><span class='ocrx_word' id='word_1_164' title='bbox 2104 922 2299 985; x_wconf 88' lang='lat' dir='ltr'><strong>scelus,</strong></span> <span class='ocrx_word' id='word_1_165' title='bbox 2336 923 2628 979; x_wconf 91' lang='lat' dir='ltr'><strong>homicidio</strong></span> <span class='ocrx_word' id='word_1_166' title='bbox 2663 923 2930 989; x_wconf 86' lang='lat' dir='ltr'><strong>admisso;</strong></span> <span class='ocrx_word' id='word_1_167' title='bbox 2970 931 3026 979; x_wconf 89' lang='lat' dir='ltr'><strong>et</strong></span> <span class='ocrx_word' id='word_1_168' title='bbox 3063 923 3302 994; x_wconf 75' lang='lat' dir='ltr'><strong>przedoni</strong></span> <span class='ocrx_word' id='word_1_169' title='bbox 3332 928 3693 995; x_wconf 80' lang='lat' dir='ltr'><strong>rapacitatem</strong></span> 
     </span>
    </p>
   </div>
   <div class='ocr_carea' id='block_1_22' title="bbox 2106 1014 3696 1086">
    <p class='ocr_par' dir='ltr' id='par_1_22' title="bbox 2106 1014 3696 1086">
     <span class='ocr_line' id='line_1_22' title="bbox 2106 1014 3696 1086; baseline 0.002 -17"><span class='ocrx_word' id='word_1_170' title='bbox 2106 1014 2296 1069; x_wconf 84' lang='lat' dir='ltr'><strong>statuit</strong></span> <span class='ocrx_word' id='word_1_171' title='bbox 2319 1029 2568 1084; x_wconf 89' lang='lat' dir='ltr'><strong>possessa</strong></span> <span class='ocrx_word' id='word_1_172' title='bbox 2602 1015 2805 1084; x_wconf 70' lang='lat' dir='ltr'><strong>praeda,</strong></span> <span class='ocrx_word' id='word_1_173' title='bbox 2830 1024 2886 1069; x_wconf 91' lang='lat' dir='ltr'><strong>et</strong></span> <span class='ocrx_word' id='word_1_174' title='bbox 2910 1015 3133 1071; x_wconf 84' lang='lat' dir='ltr'><strong>falsario</strong></span> <span class='ocrx_word' id='word_1_175' title='bbox 3161 1017 3376 1072; x_wconf 89' lang='lat' dir='ltr'><strong>modum</strong></span> <span class='ocrx_word' id='word_1_176' title='bbox 3405 1018 3560 1086; x_wconf 87' lang='lat' dir='ltr'><strong>ponit</strong></span> <span class='ocrx_word' id='word_1_177' title='bbox 3592 1018 3696 1072; x_wconf 85' lang='lat' dir='ltr'><strong>im-</strong></span> 
     </span>
    </p>
   </div>
   <div class='ocr_carea' id='block_1_23' title="bbox 2106 1101 3691 1176">
    <p class='ocr_par' dir='ltr' id='par_1_23' title="bbox 2106 1101 3691 1176">
     <span class='ocr_line' id='line_1_23' title="bbox 2106 1101 3691 1176; baseline 0.003 -21"><span class='ocrx_word' id='word_1_178' title='bbox 2106 1102 2249 1172; x_wconf 89' lang='lat' dir='ltr'><strong>pleta</strong></span> <span class='ocrx_word' id='word_1_179' title='bbox 2275 1101 2486 1157; x_wconf 84' lang='lat' dir='ltr'><strong>fallacia</strong></span> <span class='ocrx_word' id='word_1_180' title='bbox 2518 1120 2531 1156; x_wconf 93' lang='lat'><strong>:</strong></span> <span class='ocrx_word' id='word_1_181' title='bbox 2570 1103 2718 1157; x_wconf 89' lang='lat' dir='ltr'><strong>zelus</strong></span> <span class='ocrx_word' id='word_1_182' title='bbox 2752 1104 3041 1158; x_wconf 90' lang='lat' dir='ltr'><strong>terminum</strong></span> <span class='ocrx_word' id='word_1_183' title='bbox 3089 1120 3196 1159; x_wconf 88' lang='lat' dir='ltr'><strong>non</strong></span> <span class='ocrx_word' id='word_1_184' title='bbox 3237 1104 3431 1171; x_wconf 91' lang='lat' dir='ltr'><strong>habet,</strong></span> <span class='ocrx_word' id='word_1_185' title='bbox 3474 1120 3691 1176; x_wconf 87' lang='lat' dir='ltr'><strong>perma-</strong></span> 
     </span>
    </p>
   </div>
   <div class='ocr_carea' id='block_1_24' title="bbox 2109 1191 3697 1264">
    <p class='ocr_par' dir='ltr' id='par_1_24' title="bbox 2109 1191 3697 1264">
     <span class='ocr_line' id='line_1_24' title="bbox 2109 1191 3697 1264; baseline 0.002 -18"><span class='ocrx_word' id='word_1_186' title='bbox 2109 1208 2243 1247; x_wconf 88' lang='lat' dir='ltr'><strong>nens</strong></span> <span class='ocrx_word' id='word_1_187' title='bbox 2276 1191 2475 1263; x_wconf 88' lang='lat' dir='ltr'><strong>jugiter</strong></span> <span class='ocrx_word' id='word_1_188' title='bbox 2502 1192 2701 1246; x_wconf 91' lang='lat' dir='ltr'><strong>malum</strong></span> <span class='ocrx_word' id='word_1_189' title='bbox 2742 1200 2795 1247; x_wconf 90' lang='lat' dir='ltr'><strong>et</strong></span> <span class='ocrx_word' id='word_1_190' title='bbox 2840 1192 2958 1248; x_wconf 90' lang='lat' dir='ltr'><strong>sine</strong></span> <span class='ocrx_word' id='word_1_191' title='bbox 2987 1193 3093 1248; x_wconf 86' lang='lat' dir='ltr'><strong>fine</strong></span> <span class='ocrx_word' id='word_1_192' title='bbox 3121 1201 3435 1263; x_wconf 89' lang='lat' dir='ltr'><strong>peccatum;</strong></span> <span class='ocrx_word' id='word_1_193' title='bbox 3466 1203 3697 1264; x_wconf 91' lang='lat' dir='ltr'><strong>quanto-</strong></span> 
     </span>
    </p>
   </div>
   <div class='ocr_carea' id='block_1_25' title="bbox 2110 1282 3692 1354">
    <p class='ocr_par' dir='ltr' id='par_1_25' title="bbox 2110 1282 3692 1354">
     <span class='ocr_line' id='line_1_25' title="bbox 2110 1282 3692 1354; baseline 0.003 -19"><span class='ocrx_word' id='word_1_194' title='bbox 2110 1298 2216 1352; x_wconf 90' lang='lat' dir='ltr'><strong>que</strong></span> <span class='ocrx_word' id='word_1_195' title='bbox 2249 1282 2338 1337; x_wconf 91' lang='lat' dir='ltr'><strong>ille</strong></span> <span class='ocrx_word' id='word_1_196' title='bbox 2367 1282 2455 1336; x_wconf 91' lang='lat' dir='ltr'><strong>cui</strong></span> <span class='ocrx_word' id='word_1_197' title='bbox 2504 1283 2776 1337; x_wconf 86' lang='lat' dir='ltr'><strong>invidetur</strong></span> <span class='ocrx_word' id='word_1_198' title='bbox 2823 1297 3074 1338; x_wconf 88' lang='lat' dir='ltr'><strong>successu</strong></span> <span class='ocrx_word' id='word_1_199' title='bbox 3120 1284 3343 1339; x_wconf 87' lang='lat' dir='ltr'><strong>meliore</strong></span> <span class='ocrx_word' id='word_1_200' title='bbox 3381 1284 3692 1354; x_wconf 87' lang='lat' dir='ltr'><strong>profecerit,</strong></span> 
     </span>
    </p>
   </div>
   <div class='ocr_carea' id='block_1_26' title="bbox 2114 1372 3697 1451">
    <p class='ocr_par' dir='ltr' id='par_1_26' title="bbox 2114 1372 3697 1451">
     <span class='ocr_line' id='line_1_26' title="bbox 2114 1372 3697 1451; baseline 0.003 -25"><span class='ocrx_word' id='word_1_201' title='bbox 2114 1381 2264 1451; x_wconf 85' lang='lat' dir='ltr'><strong>tanto</strong></span> <span class='ocrx_word' id='word_1_202' title='bbox 2309 1372 2523 1428; x_wconf 87' lang='lat' dir='ltr'><strong>invidus</strong></span> <span class='ocrx_word' id='word_1_203' title='bbox 2572 1372 2627 1427; x_wconf 90' lang='lat' dir='ltr'><strong>in</strong></span> <span class='ocrx_word' id='word_1_204' title='bbox 2675 1373 2851 1443; x_wconf 88' lang='lat' dir='ltr'><strong>majus</strong></span> <span class='ocrx_word' id='word_1_205' title='bbox 2899 1374 3202 1429; x_wconf 89' lang='lat' dir='ltr'><strong>incendium</strong></span> <span class='ocrx_word' id='word_1_206' title='bbox 3250 1374 3435 1431; x_wconf 85' lang='lat' dir='ltr'><strong>livoris</strong></span> <span class='ocrx_word' id='word_1_207' title='bbox 3484 1376 3697 1445; x_wconf 85' lang='lat' dir='ltr'><strong>ignibus</strong></span> 
     </span>
    </p>
   </div>
   <div class='ocr_carea' id='block_1_27' title="bbox 2114 1467 3697 1539">
    <p class='ocr_par' dir='ltr' id='par_1_27' title="bbox 2114 1467 3697 1539">
     <span class='ocr_line' id='line_1_27' title="bbox 2114 1467 3697 1539; baseline -0.001 -15"><span class='ocrx_word' id='word_1_208' title='bbox 2114 1468 2405 1524; x_wconf 86' lang='lat' dir='ltr'><strong>inardescit</strong></span> <span class='ocrx_word' id='word_1_209' title='bbox 2433 1486 2446 1499; x_wconf 77' lang='lat'><strong><em>~</em></strong></span> <span class='ocrx_word' id='word_1_210' title='bbox 2478 1468 2603 1523; x_wconf 91' lang='lat' dir='ltr'><strong>hinc</strong></span> <span class='ocrx_word' id='word_1_211' title='bbox 2630 1467 2806 1524; x_wconf 81' lang='lat' dir='ltr'><strong>vultus</strong></span> <span class='ocrx_word' id='word_1_212' title='bbox 2832 1468 3036 1534; x_wconf 83' lang='lat' dir='ltr'><strong>minax,</strong></span> <span class='ocrx_word' id='word_1_213' title='bbox 3066 1476 3251 1524; x_wconf 88' lang='lat' dir='ltr'><strong>torvus</strong></span> <span class='ocrx_word' id='word_1_214' title='bbox 3279 1479 3546 1539; x_wconf 88' lang='lat' dir='ltr'><strong>aspectus,</strong></span> <span class='ocrx_word' id='word_1_215' title='bbox 3577 1469 3697 1539; x_wconf 81' lang='lat' dir='ltr'><strong>pal-</strong></span> 
     </span>
    </p>
   </div>
   <div class='ocr_carea' id='block_1_28' title="bbox 2114 1556 3697 1624">
    <p class='ocr_par' dir='ltr' id='par_1_28' title="bbox 2114 1556 3697 1624">
     <span class='ocr_line' id='line_1_28' title="bbox 2114 1556 3697 1624; baseline 0.001 -13"><span class='ocrx_word' id='word_1_216' title='bbox 2114 1558 2196 1612; x_wconf 82' lang='lat' dir='ltr'><strong>lor</strong></span> <span class='ocrx_word' id='word_1_217' title='bbox 2239 1558 2292 1611; x_wconf 92' lang='lat' dir='ltr'><strong>in</strong></span> <span class='ocrx_word' id='word_1_218' title='bbox 2327 1556 2482 1620; x_wconf 89' lang='lat' dir='ltr'><strong>facie,</strong></span> <span class='ocrx_word' id='word_1_219' title='bbox 2532 1558 2585 1611; x_wconf 92' lang='lat' dir='ltr'><strong>in</strong></span> <span class='ocrx_word' id='word_1_220' title='bbox 2628 1556 2787 1612; x_wconf 90' lang='lat' dir='ltr'><strong>labiis</strong></span> <span class='ocrx_word' id='word_1_221' title='bbox 2826 1565 3045 1623; x_wconf 91' lang='lat' dir='ltr'><strong>tremor,</strong></span> <span class='ocrx_word' id='word_1_222' title='bbox 3088 1559 3289 1613; x_wconf 91' lang='lat' dir='ltr'><strong>stridor</strong></span> <span class='ocrx_word' id='word_1_223' title='bbox 3328 1559 3382 1613; x_wconf 90' lang='lat' dir='ltr'><strong>in</strong></span> <span class='ocrx_word' id='word_1_224' title='bbox 3426 1560 3697 1624; x_wconf 90' lang='lat' dir='ltr'><strong>dentibus,</strong></span> 
     </span>
    </p>
   </div>
   <div class='ocr_carea' id='block_1_29' title="bbox 2115 1648 3700 1715">
    <p class='ocr_par' dir='ltr' id='par_1_29' title="bbox 2115 1648 3700 1715">
     <span class='ocr_line' id='line_1_29' title="bbox 2115 1648 3700 1715; baseline 0 -10"><span class='ocrx_word' id='word_1_225' title='bbox 2115 1651 2280 1706; x_wconf 89' lang='lat' dir='ltr'><strong>verba</strong></span> <span class='ocrx_word' id='word_1_226' title='bbox 2311 1648 2497 1704; x_wconf 89' lang='lat' dir='ltr'><strong>rabida</strong></span> <span class='ocrx_word' id='word_1_227' title='bbox 2531 1656 2587 1702; x_wconf 94' lang='lat' dir='ltr'><strong>et</strong></span> <span class='ocrx_word' id='word_1_228' title='bbox 2619 1648 2877 1703; x_wconf 76' lang='lat' dir='ltr'><strong>effrenata</strong></span> <span class='ocrx_word' id='word_1_229' title='bbox 2902 1649 3167 1715; x_wconf 90' lang='lat' dir='ltr'><strong>convicia,</strong></span> <span class='ocrx_word' id='word_1_230' title='bbox 3208 1665 3398 1705; x_wconf 91' lang='lat' dir='ltr'><strong>manus</strong></span> <span class='ocrx_word' id='word_1_231' title='bbox 3436 1650 3503 1705; x_wconf 90' lang='lat' dir='ltr'><strong>ad</strong></span> <span class='ocrx_word' id='word_1_232' title='bbox 3536 1650 3700 1705; x_wconf 73' lang='lat' dir='ltr'><strong>caedis</strong></span> 
     </span>
    </p>
   </div>
   <div class='ocr_carea' id='block_1_30' title="bbox 437 1729 3698 1814">
    <p class='ocr_par' dir='ltr' id='par_1_30' title="bbox 437 1729 3698 1814">
     <span class='ocr_line' id='line_1_30' title="bbox 437 1729 3698 1814; baseline -0.002 -16"><span class='ocrx_word' id='word_1_233' title='bbox 437 1743 642 1814; x_wconf 90' lang='lat' dir='ltr'><strong>potuit;</strong></span> <span class='ocrx_word' id='word_1_234' title='bbox 671 1756 779 1811; x_wconf 88' lang='lat' dir='ltr'><strong>quo</strong></span> <span class='ocrx_word' id='word_1_235' title='bbox 806 1740 1063 1806; x_wconf 86' lang='lat' dir='ltr'><strong>deceptus</strong></span> <span class='ocrx_word' id='word_1_236' title='bbox 1098 1736 1212 1805; x_wconf 88' lang='lat' dir='ltr'><strong>ipse</strong></span> <span class='ocrx_word' id='word_1_237' title='bbox 1259 1741 1342 1788; x_wconf 87' lang='lat' dir='ltr'><strong>est</strong></span> <span class='ocrx_word' id='word_1_238' title='bbox 1383 1732 1476 1803; x_wconf 87' lang='lat' dir='ltr'><strong>qui</strong></span> <span class='ocrx_word' id='word_1_239' title='bbox 1524 1731 1761 1802; x_wconf 87' lang='lat' dir='ltr'><strong>decipit!</strong></span> <span class='ocrx_word' id='word_1_240' title='bbox 1812 1729 2023 1787; x_wconf 77' lang='lat' dir='ltr'><strong>Exinde</strong></span> <span class='ocrx_word' id='word_1_241' title='bbox 2049 1729 2091 1788; x_wconf 74' lang='grc' dir='ltr'>Β</span> <span class='ocrx_word' id='word_1_242' title='bbox 2118 1738 2426 1793; x_wconf 75' lang='lat' dir='ltr'><strong>violentiam</strong></span> <span class='ocrx_word' id='word_1_243' title='bbox 2453 1745 2721 1807; x_wconf 90' lang='lat' dir='ltr'><strong>prompta,</strong></span> <span class='ocrx_word' id='word_1_244' title='bbox 2752 1738 2914 1791; x_wconf 87' lang='lat' dir='ltr'><strong>etiam</strong></span> <span class='ocrx_word' id='word_1_245' title='bbox 2935 1739 2982 1792; x_wconf 88' lang='lat' dir='ltr'><strong>si</strong></span> <span class='ocrx_word' id='word_1_246' title='bbox 3006 1754 3036 1793; x_wconf 85' lang='lat' dir='ltr'><strong>a</strong></span> <span class='ocrx_word' id='word_1_247' title='bbox 3061 1738 3240 1809; x_wconf 83' lang='lat' dir='ltr'><strong>gladio</strong></span> <span class='ocrx_word' id='word_1_248' title='bbox 3265 1739 3493 1794; x_wconf 75' lang='lat' dir='ltr'><strong>interim</strong></span> <span class='ocrx_word' id='word_1_249' title='bbox 3505 1754 3698 1803; x_wconf 90' lang='lat' dir='ltr'><strong>vacua,</strong></span> 
     </span>
    </p>
   </div>
   <div class='ocr_carea' id='block_1_31' title="bbox 440 1823 2024 1903">
    <p class='ocr_par' dir='ltr' id='par_1_31' title="bbox 440 1823 2024 1903">
     <span class='ocr_line' id='line_1_31' title="bbox 440 1823 2024 1903; baseline -0.01 -11"><span class='ocrx_word' id='word_1_250' title='bbox 440 1835 642 1892; x_wconf 89' lang='lat' dir='ltr'><strong>invidia</strong></span> <span class='ocrx_word' id='word_1_251' title='bbox 669 1840 947 1903; x_wconf 85' lang='lat' dir='ltr'><strong>grassatur</strong></span> <span class='ocrx_word' id='word_1_252' title='bbox 973 1830 1024 1883; x_wconf 92' lang='lat' dir='ltr'><strong>in</strong></span> <span class='ocrx_word' id='word_1_253' title='bbox 1058 1827 1236 1889; x_wconf 90' lang='lat' dir='ltr'><strong>terris,</strong></span> <span class='ocrx_word' id='word_1_254' title='bbox 1275 1826 1400 1880; x_wconf 91' lang='lat' dir='ltr'><strong>dum</strong></span> <span class='ocrx_word' id='word_1_255' title='bbox 1445 1824 1612 1878; x_wconf 84' lang='lat' dir='ltr'><strong>livore</strong></span> <span class='ocrx_word' id='word_1_256' title='bbox 1644 1823 1884 1893; x_wconf 89' lang='lat' dir='ltr'><strong>perituro</strong></span> <span class='ocrx_word' id='word_1_257' title='bbox 1906 1835 2024 1876; x_wconf 87' lang='lat' dir='ltr'><strong>ma-</strong></span> 
     </span>
    </p>
   </div>
   <div class='ocr_carea' id='block_1_32' title="bbox 442 1914 2024 2002">
    <p class='ocr_par' dir='ltr' id='par_1_32' title="bbox 442 1914 2024 2002">
     <span class='ocr_line' id='line_1_32' title="bbox 442 1914 2024 2002; baseline -0.011 -17"><span class='ocrx_word' id='word_1_258' title='bbox 442 1931 614 2002; x_wconf 88' lang='lat' dir='ltr'><strong>gistro</strong></span> <span class='ocrx_word' id='word_1_259' title='bbox 634 1923 952 1995; x_wconf 80' lang='lat' dir='ltr'><strong>perditionis</strong></span> <span class='ocrx_word' id='word_1_260' title='bbox 975 1919 1310 1988; x_wconf 88' lang='lat' dir='ltr'><strong>obsequitur,</strong></span> <span class='ocrx_word' id='word_1_261' title='bbox 1341 1918 1467 2002; x_wconf 81' lang='lat' dir='ltr'><strong>dum</strong></span> <span class='ocrx_word' id='word_1_262' title='bbox 1490 1915 1736 1970; x_wconf 88' lang='lat' dir='ltr'><strong>zabulum</strong></span> <span class='ocrx_word' id='word_1_263' title='bbox 1763 1915 1852 1983; x_wconf 88' lang='lat' dir='ltr'><strong>qui</strong></span> <span class='ocrx_word' id='word_1_264' title='bbox 1881 1914 2024 1969; x_wconf 89' lang='lat' dir='ltr'><strong>zelat</strong></span> 
     </span>
    </p>
   </div>
   <div class='ocr_carea' id='block_1_33' title="bbox 444 1995 2024 2080">
    <p class='ocr_par' dir='ltr' id='par_1_33' title="bbox 444 1995 2024 2080">
     <span class='ocr_line' id='line_1_33' title="bbox 444 1995 2024 2080; baseline -0.011 -5"><span class='ocrx_word' id='word_1_265' title='bbox 444 1995 717 2080; x_wconf 72' lang='lat' dir='ltr'><strong>imitatur;</strong></span> <span class='ocrx_word' id='word_1_266' title='bbox 750 2015 889 2068; x_wconf 81' lang='lat' dir='ltr'><strong>sicut</strong></span> <span class='ocrx_word' id='word_1_267' title='bbox 924 2012 1186 2079; x_wconf 89' lang='lat' dir='ltr'><strong>scriptum</strong></span> <span class='ocrx_word' id='word_1_268' title='bbox 1212 2016 1294 2062; x_wconf 90' lang='lat' dir='ltr'><strong>cst</strong></span> <span class='ocrx_word' id='word_1_269' title='bbox 1329 2024 1341 2060; x_wconf 95' lang='lat'>:</span> <span class='ocrx_word' id='word_1_270' title='bbox 1381 1995 1588 2060; x_wconf 72' lang='lat' dir='ltr'><strong>Invidia</strong></span> <span class='ocrx_word' id='word_1_271' title='bbox 1618 2016 1790 2059; x_wconf 88' lang='lat' dir='ltr'><strong>autem</strong></span> <span class='ocrx_word' id='word_1_272' title='bbox 1826 2003 2024 2058; x_wconf 81' lang='lat' dir='ltr'><strong>diaboli</strong></span> 
     </span>
    </p>
   </div>
   <div class='ocr_carea' id='block_1_34' title="bbox 443 2093 2026 2166">
    <p class='ocr_par' dir='ltr' id='par_1_34' title="bbox 443 2093 2026 2166">
     <span class='ocr_line' id='line_1_34' title="bbox 443 2093 2026 2166; baseline -0.011 -3"><span class='ocrx_word' id='word_1_273' title='bbox 443 2125 583 2162; x_wconf 84' lang='lat' dir='ltr'><strong>mors</strong></span> <span class='ocrx_word' id='word_1_274' title='bbox 614 2104 835 2160; x_wconf 89' lang='lat' dir='ltr'><strong>intravit</strong></span> <span class='ocrx_word' id='word_1_275' title='bbox 860 2103 915 2155; x_wconf 87' lang='lat' dir='ltr'><strong>in</strong></span> <span class='ocrx_word' id='word_1_276' title='bbox 953 2099 1126 2153; x_wconf 83' lang='lat' dir='ltr'><strong>orbem</strong></span> <span class='ocrx_word' id='word_1_277' title='bbox 1157 2108 1416 2150; x_wconf 88' lang='lat' dir='ltr'><strong>terrarum</strong></span> <span class='ocrx_word' id='word_1_278' title='bbox 1442 2094 1589 2166; x_wconf 88' lang='lat' dir='ltr'><strong>(Sap.</strong></span> <span class='ocrx_word' id='word_1_279' title='bbox 1625 2093 1708 2163; x_wconf 85' lang='grc' dir='ltr'><strong>ιι).</strong></span> <span class='ocrx_word' id='word_1_280' title='bbox 1740 2093 2026 2147; x_wconf 89' lang='lat' dir='ltr'><strong>Imitantur</strong></span> 
     </span>
    </p>
   </div>
   <div class='ocr_carea' id='block_1_35' title="bbox 446 2183 2022 2262">
    <p class='ocr_par' dir='ltr' id='par_1_35' title="bbox 446 2183 2022 2262">
     <span class='ocr_line' id='line_1_35' title="bbox 446 2183 2022 2262; baseline -0.006 -15"><span class='ocrx_word' id='word_1_281' title='bbox 446 2207 574 2262; x_wconf 86' lang='lat' dir='ltr'><strong>ergo</strong></span> <span class='ocrx_word' id='word_1_282' title='bbox 595 2191 759 2255; x_wconf 90' lang='lat' dir='ltr'><strong>illum,</strong></span> <span class='ocrx_word' id='word_1_283' title='bbox 785 2190 877 2260; x_wconf 90' lang='lat' dir='ltr'><strong>qui</strong></span> <span class='ocrx_word' id='word_1_284' title='bbox 905 2198 1030 2244; x_wconf 90' lang='lat' dir='ltr'><strong>sunt</strong></span> <span class='ocrx_word' id='word_1_285' title='bbox 1057 2204 1123 2243; x_wconf 79' lang='lat' dir='ltr'><strong>cx</strong></span> <span class='ocrx_word' id='word_1_286' title='bbox 1148 2196 1299 2258; x_wconf 89' lang='lat' dir='ltr'><strong>parte</strong></span> <span class='ocrx_word' id='word_1_287' title='bbox 1328 2188 1489 2243; x_wconf 90' lang='lat' dir='ltr'><strong>illius.</strong></span> <span class='ocrx_word' id='word_1_288' title='bbox 1520 2185 1656 2240; x_wconf 82' lang='lat' dir='ltr'><strong>Hinc</strong></span> <span class='ocrx_word' id='word_1_289' title='bbox 1680 2199 1807 2255; x_wconf 82' lang='lat' dir='ltr'><strong>ergo</strong></span> <span class='ocrx_word' id='word_1_290' title='bbox 1830 2183 2022 2237; x_wconf 87' lang='lat' dir='ltr'><strong>violata</strong></span> 
     </span>
    </p>
   </div>
   <div class='ocr_carea' id='block_1_36' title="bbox 446 2274 2021 2348">
    <p class='ocr_par' dir='ltr' id='par_1_36' title="bbox 446 2274 2021 2348">
     <span class='ocr_line' id='line_1_36' title="bbox 446 2274 2021 2348; baseline -0.008 -12"><span class='ocrx_word' id='word_1_291' title='bbox 446 2289 572 2336; x_wconf 90' lang='lat' dir='ltr'><strong>sunt</strong></span> <span class='ocrx_word' id='word_1_292' title='bbox 611 2279 964 2335; x_wconf 86' lang='lat' dir='ltr'><strong>fraternitatis</strong></span> <span class='ocrx_word' id='word_1_293' title='bbox 1003 2278 1294 2348; x_wconf 90' lang='lat' dir='ltr'><strong>primordia</strong></span> <span class='ocrx_word' id='word_1_294' title='bbox 1315 2318 1330 2342; x_wconf 94' lang='lat'><strong>,</strong></span> <span class='ocrx_word' id='word_1_295' title='bbox 1370 2277 1494 2331; x_wconf 89' lang='lat' dir='ltr'><strong>hinc</strong></span> <span class='ocrx_word' id='word_1_296' title='bbox 1527 2274 1813 2343; x_wconf 88' lang='lat' dir='ltr'><strong>parricidia</strong></span> <span class='ocrx_word' id='word_1_297' title='bbox 1839 2286 2021 2342; x_wconf 68' lang='lat' dir='ltr'><strong>cmpe-</strong></span> 
     </span>
    </p>
   </div>
   <div class='ocr_carea' id='block_1_37' title="bbox 449 2362 2021 2439">
    <p class='ocr_par' dir='ltr' id='par_1_37' title="bbox 449 2362 2021 2439">
     <span class='ocr_line' id='line_1_37' title="bbox 449 2362 2021 2439; baseline -0.006 -13"><span class='ocrx_word' id='word_1_298' title='bbox 449 2378 574 2426; x_wconf 87' lang='lat' dir='ltr'><strong>runt</strong></span> <span class='ocrx_word' id='word_1_299' title='bbox 612 2369 843 2425; x_wconf 86' lang='lat' dir='ltr'><strong>nefanda</strong></span> <span class='ocrx_word' id='word_1_300' title='bbox 877 2387 889 2422; x_wconf 90' lang='lat'><strong>:</strong></span> <span class='ocrx_word' id='word_1_301' title='bbox 926 2368 1054 2423; x_wconf 89' lang='lat' dir='ltr'><strong>dum</strong></span> <span class='ocrx_word' id='word_1_302' title='bbox 1082 2367 1214 2423; x_wconf 81' lang='lat' dir='ltr'><strong>Abel</strong></span> <span class='ocrx_word' id='word_1_303' title='bbox 1238 2368 1440 2439; x_wconf 88' lang='lat' dir='ltr'><strong>justum</strong></span> <span class='ocrx_word' id='word_1_304' title='bbox 1468 2365 1599 2420; x_wconf 88' lang='lat' dir='ltr'><strong>Cain</strong></span> <span class='ocrx_word' id='word_1_305' title='bbox 1636 2364 1747 2419; x_wconf 90' lang='lat' dir='ltr'><strong>odit</strong></span> <span class='ocrx_word' id='word_1_306' title='bbox 1774 2362 2021 2431; x_wconf 77' lang='lat' dir='ltr'><strong>iniustus,</strong></span> 
     </span>
    </p>
   </div>
   <div class='ocr_carea' id='block_1_38' title="bbox 448 2456 2020 2526">
    <p class='ocr_par' dir='ltr' id='par_1_38' title="bbox 448 2456 2020 2526">
     <span class='ocr_line' id='line_1_38' title="bbox 448 2456 2020 2526; baseline -0.005 -11"><span class='ocrx_word' id='word_1_307' title='bbox 448 2462 578 2517; x_wconf 89' lang='lat' dir='ltr'><strong>dum</strong></span> <span class='ocrx_word' id='word_1_308' title='bbox 627 2462 824 2516; x_wconf 91' lang='lat' dir='ltr'><strong>bonum</strong></span> <span class='ocrx_word' id='word_1_309' title='bbox 873 2461 1044 2516; x_wconf 91' lang='lat' dir='ltr'><strong>malus</strong></span> <span class='ocrx_word' id='word_1_310' title='bbox 1092 2460 1292 2514; x_wconf 87' lang='lat' dir='ltr'><strong>invidia</strong></span> <span class='ocrx_word' id='word_1_311' title='bbox 1342 2467 1397 2513; x_wconf 88' lang='lat' dir='ltr'><strong>et</strong></span> <span class='ocrx_word' id='word_1_312' title='bbox 1450 2458 1617 2512; x_wconf 90' lang='lat' dir='ltr'><strong>livore</strong></span> <span class='ocrx_word' id='word_1_313' title='bbox 1663 2456 2020 2526; x_wconf 90' lang='lat' dir='ltr'><strong>persequitur.</strong></span> 
     </span>
    </p>
   </div>
   <div class='ocr_carea' id='block_1_39' title="bbox 450 2547 2026 2607">
    <p class='ocr_par' dir='ltr' id='par_1_39' title="bbox 450 2547 2026 2607">
     <span class='ocr_line' id='line_1_39' title="bbox 450 2547 2026 2607; baseline -0.004 -1"><span class='ocrx_word' id='word_1_314' title='bbox 450 2552 681 2607; x_wconf 87' lang='lat' dir='ltr'><strong>Tantum</strong></span> <span class='ocrx_word' id='word_1_315' title='bbox 701 2551 866 2606; x_wconf 88' lang='lat' dir='ltr'><strong>valuit</strong></span> <span class='ocrx_word' id='word_1_316' title='bbox 891 2552 957 2606; x_wconf 90' lang='lat' dir='ltr'><strong>ad</strong></span> <span class='ocrx_word' id='word_1_317' title='bbox 982 2550 1496 2607; x_wconf 89' lang='lat' dir='ltr'><strong>consummationem</strong></span> <span class='ocrx_word' id='word_1_318' title='bbox 1523 2548 1777 2604; x_wconf 87' lang='lat' dir='ltr'><strong>facinoris</strong></span> <span class='ocrx_word' id='word_1_319' title='bbox 1806 2547 2026 2602; x_wconf 84' lang='lat' dir='ltr'><strong>aemula-</strong></span> 
     </span>
    </p>
   </div>
   <div class='ocr_carea' id='block_1_40' title="bbox 450 2639 2025 2710">
    <p class='ocr_par' dir='ltr' id='par_1_40' title="bbox 450 2639 2025 2710">
     <span class='ocr_line' id='line_1_40' title="bbox 450 2639 2025 2710; baseline -0.005 -10"><span class='ocrx_word' id='word_1_320' title='bbox 450 2646 613 2702; x_wconf 88' lang='lat' dir='ltr'><strong>tionis</strong></span> <span class='ocrx_word' id='word_1_321' title='bbox 641 2644 810 2710; x_wconf 88' lang='lat' dir='ltr'><strong>furor,</strong></span> <span class='ocrx_word' id='word_1_322' title='bbox 836 2652 898 2699; x_wconf 90' lang='lat' dir='ltr'><strong>ut</strong></span> <span class='ocrx_word' id='word_1_323' title='bbox 930 2659 1029 2700; x_wconf 90' lang='lat' dir='ltr'><strong>nec</strong></span> <span class='ocrx_word' id='word_1_324' title='bbox 1055 2645 1292 2699; x_wconf 89' lang='lat' dir='ltr'><strong>charitas</strong></span> <span class='ocrx_word' id='word_1_325' title='bbox 1316 2643 1518 2707; x_wconf 90' lang='lat' dir='ltr'><strong>fratris,</strong></span> <span class='ocrx_word' id='word_1_326' title='bbox 1546 2657 1646 2697; x_wconf 89' lang='lat' dir='ltr'><strong>nec</strong></span> <span class='ocrx_word' id='word_1_327' title='bbox 1674 2639 1894 2696; x_wconf 88' lang='lat' dir='ltr'><strong>sceleris</strong></span> <span class='ocrx_word' id='word_1_328' title='bbox 1922 2640 2025 2694; x_wconf 90' lang='lat' dir='ltr'><strong>im-</strong></span> 
     </span>
    </p>
   </div>
   <div class='ocr_carea' id='block_1_41' title="bbox 452 2730 2039 2803">
    <p class='ocr_par' dir='ltr' id='par_1_41' title="bbox 452 2730 2039 2803">
     <span class='ocr_line' id='line_1_41' title="bbox 452 2730 2039 2803; baseline -0.004 -14"><span class='ocrx_word' id='word_1_329' title='bbox 452 2737 714 2800; x_wconf 85' lang='lat' dir='ltr'><strong>manitas,</strong></span> <span class='ocrx_word' id='word_1_330' title='bbox 752 2749 853 2790; x_wconf 89' lang='lat' dir='ltr'><strong>nec</strong></span> <span class='ocrx_word' id='word_1_331' title='bbox 882 2734 1044 2789; x_wconf 88' lang='lat' dir='ltr'><strong>timor</strong></span> <span class='ocrx_word' id='word_1_332' title='bbox 1079 2733 1202 2799; x_wconf 90' lang='lat' dir='ltr'><strong>Dei,</strong></span> <span class='ocrx_word' id='word_1_333' title='bbox 1237 2748 1336 2789; x_wconf 87' lang='lat' dir='ltr'><strong>nec</strong></span> <span class='ocrx_word' id='word_1_334' title='bbox 1361 2748 1518 2803; x_wconf 76' lang='lat' dir='ltr'><strong>ptena</strong></span> <span class='ocrx_word' id='word_1_335' title='bbox 1549 2731 1725 2786; x_wconf 90' lang='lat' dir='ltr'><strong>delicti</strong></span> <span class='ocrx_word' id='word_1_336' title='bbox 1760 2730 2039 2801; x_wconf 83' lang='lat' dir='ltr'><strong>cogitare-‘</strong></span> 
     </span>
    </p>
   </div>
   <div class='ocr_carea' id='block_1_42' title="bbox 452 2820 2025 2894">
    <p class='ocr_par' dir='ltr' id='par_1_42' title="bbox 452 2820 2025 2894">
     <span class='ocr_line' id='line_1_42' title="bbox 452 2820 2025 2894; baseline -0.005 -13"><span class='ocrx_word' id='word_1_337' title='bbox 452 2840 558 2883; x_wconf 88' lang='lat' dir='ltr'><strong>tur.</strong></span> <span class='ocrx_word' id='word_1_338' title='bbox 604 2826 734 2894; x_wconf 71' lang='lat' dir='ltr'><strong>Quae</strong></span> <span class='ocrx_word' id='word_1_339' title='bbox 773 2841 916 2882; x_wconf 90' lang='lat' dir='ltr'><strong>nunc</strong></span> <span class='ocrx_word' id='word_1_340' title='bbox 959 2826 1383 2890; x_wconf 88' lang='lat' dir='ltr'><strong>considerantes,</strong></span> <span class='ocrx_word' id='word_1_341' title='bbox 1436 2824 1631 2878; x_wconf 86' lang='lat' dir='ltr'><strong>fratres</strong></span> <span class='ocrx_word' id='word_1_342' title='bbox 1671 2820 2025 2885; x_wconf 89' lang='lat' dir='ltr'><strong>dilectissimi,</strong></span> 
     </span>
    </p>
   </div>
   <div class='ocr_carea' id='block_1_43' title="bbox 451 2913 2032 2985">
    <p class='ocr_par' dir='ltr' id='par_1_43' title="bbox 451 2913 2032 2985">
     <span class='ocr_line' id='line_1_43' title="bbox 451 2913 2032 2985; baseline -0.004 -12"><span class='ocrx_word' id='word_1_343' title='bbox 451 2923 639 2973; x_wconf 90' lang='lat' dir='ltr'><strong>contra</strong></span> <span class='ocrx_word' id='word_1_344' title='bbox 667 2923 871 2971; x_wconf 87' lang='lat' dir='ltr'><strong>tantam</strong></span> <span class='ocrx_word' id='word_1_345' title='bbox 901 2915 1193 2985; x_wconf 89' lang='lat' dir='ltr'><strong>perniciem</strong></span> <span class='ocrx_word' id='word_1_346' title='bbox 1234 2914 1360 2970; x_wconf 89' lang='lat' dir='ltr'><strong>mali</strong></span> <span class='ocrx_word' id='word_1_347' title='bbox 1407 2913 1688 2984; x_wconf 82' lang='lat' dir='ltr'><strong>vigilanter</strong></span> <span class='ocrx_word' id='word_1_348' title='bbox 1725 2921 1781 2968; x_wconf 90' lang='lat' dir='ltr'><strong>et</strong></span> <span class='ocrx_word' id='word_1_349' title='bbox 1820 2913 2032 2967; x_wconf 86' lang='lat' dir='ltr'><strong>fortiter</strong></span> 
     </span>
    </p>
   </div>
   <div class='ocr_carea' id='block_1_44' title="bbox 451 3006 2027 3077">
    <p class='ocr_par' dir='ltr' id='par_1_44' title="bbox 451 3006 2027 3077">
     <span class='ocr_line' id='line_1_44' title="bbox 451 3006 2027 3077; baseline -0.004 -13"><span class='ocrx_word' id='word_1_350' title='bbox 451 3010 632 3064; x_wconf 87' lang='lat' dir='ltr'><strong>dicata</strong></span> <span class='ocrx_word' id='word_1_351' title='bbox 675 3009 785 3064; x_wconf 91' lang='lat' dir='ltr'><strong>Deo</strong></span> <span class='ocrx_word' id='word_1_352' title='bbox 821 3017 1042 3077; x_wconf 87' lang='lat' dir='ltr'><strong>pectora</strong></span> <span class='ocrx_word' id='word_1_353' title='bbox 1082 3007 1407 3063; x_wconf 88' lang='lat' dir='ltr'><strong>muniamus.</strong></span> <span class='ocrx_word' id='word_1_354' title='bbox 1456 3006 1696 3061; x_wconf 83' lang='lat' dir='ltr'><strong>Aliorum</strong></span> <span class='ocrx_word' id='word_1_355' title='bbox 1728 3021 1873 3060; x_wconf 90' lang='lat' dir='ltr'><strong>mors</strong></span> <span class='ocrx_word' id='word_1_356' title='bbox 1900 3019 2027 3075; x_wconf 90' lang='lat' dir='ltr'><strong>pro-</strong></span> 
     </span>
    </p>
   </div>
   <div class='ocr_carea' id='block_1_45' title="bbox 454 3077 2100 3169">
    <p class='ocr_par' dir='ltr' id='par_1_45' title="bbox 454 3077 2100 3169">
     <span class='ocr_line' id='line_1_45' title="bbox 454 3077 2100 3169; baseline -0.003 -14"><span class='ocrx_word' id='word_1_357' title='bbox 454 3101 603 3157; x_wconf 87' lang='lat' dir='ltr'><strong>ficiat</strong></span> <span class='ocrx_word' id='word_1_358' title='bbox 628 3100 694 3155; x_wconf 91' lang='lat' dir='ltr'><strong>ad</strong></span> <span class='ocrx_word' id='word_1_359' title='bbox 721 3108 963 3155; x_wconf 88' lang='lat' dir='ltr'><strong>nostram</strong></span> <span class='ocrx_word' id='word_1_360' title='bbox 991 3100 1237 3163; x_wconf 87' lang='lat' dir='ltr'><strong>salutem,</strong></span> <span class='ocrx_word' id='word_1_361' title='bbox 1265 3098 1681 3169; x_wconf 89' lang='lat' dir='ltr'><strong>imprudentium</strong></span> <span class='ocrx_word' id='word_1_362' title='bbox 1710 3112 1882 3168; x_wconf 66' lang='lat' dir='ltr'><strong>poena:</strong></span> <span class='ocrx_word' id='word_1_363' title='bbox 1905 3112 2030 3166; x_wconf 92' lang='lat' dir='ltr'><strong>pro-</strong></span> <span class='ocrx_word' id='word_1_364' title='bbox 2056 3077 2100 3139; x_wconf 66' lang='grc' dir='ltr'><strong>(ἶ</strong></span> 
     </span>
    </p>
   </div>
   <div class='ocr_carea' id='block_1_46' title="bbox 454 3186 2029 3255">
    <p class='ocr_par' dir='ltr' id='par_1_46' title="bbox 454 3186 2029 3255">
     <span class='ocr_line' id='line_1_46' title="bbox 454 3186 2029 3255; baseline -0.003 -12"><span class='ocrx_word' id='word_1_365' title='bbox 454 3191 760 3246; x_wconf 89' lang='lat' dir='ltr'><strong>videntibus</strong></span> <span class='ocrx_word' id='word_1_366' title='bbox 784 3187 1067 3244; x_wconf 88' lang='lat' dir='ltr'><strong>conferant</strong></span> <span class='ocrx_word' id='word_1_367' title='bbox 1089 3189 1394 3244; x_wconf 89' lang='lat' dir='ltr'><strong>sanitatem.</strong></span> <span class='ocrx_word' id='word_1_368' title='bbox 1425 3187 1540 3242; x_wconf 87' lang='lat' dir='ltr'><strong>Non</strong></span> <span class='ocrx_word' id='word_1_369' title='bbox 1574 3198 1654 3242; x_wconf 86' lang='lat' dir='ltr'><strong>est</strong></span> <span class='ocrx_word' id='word_1_370' title='bbox 1683 3194 1861 3241; x_wconf 88' lang='lat' dir='ltr'><strong>autem</strong></span> <span class='ocrx_word' id='word_1_371' title='bbox 1887 3186 2029 3255; x_wconf 91' lang='lat' dir='ltr'><strong>quod</strong></span> 
     </span>
    </p>
   </div>
   <div class='ocr_carea' id='block_1_47' title="bbox 456 3275 2027 3351">
    <p class='ocr_par' dir='ltr' id='par_1_47' title="bbox 456 3275 2027 3351">
     <span class='ocr_line' id='line_1_47' title="bbox 456 3275 2027 3351; baseline -0.005 -16"><span class='ocrx_word' id='word_1_372' title='bbox 456 3281 655 3351; x_wconf 91' lang='lat' dir='ltr'><strong>aliquis</strong></span> <span class='ocrx_word' id='word_1_373' title='bbox 684 3279 958 3335; x_wconf 75' lang='lat' dir='ltr'><strong>existimet</strong></span> <span class='ocrx_word' id='word_1_374' title='bbox 997 3278 1199 3333; x_wconf 91' lang='lat' dir='ltr'><strong>malum</strong></span> <span class='ocrx_word' id='word_1_375' title='bbox 1231 3278 1373 3333; x_wconf 91' lang='lat' dir='ltr'><strong>istud</strong></span> <span class='ocrx_word' id='word_1_376' title='bbox 1402 3292 1507 3331; x_wconf 90' lang='lat' dir='ltr'><strong>una</strong></span> <span class='ocrx_word' id='word_1_377' title='bbox 1536 3276 1716 3346; x_wconf 88' lang='lat' dir='ltr'><strong>specie</strong></span> <span class='ocrx_word' id='word_1_378' title='bbox 1745 3275 2027 3340; x_wconf 90' lang='lat' dir='ltr'><strong>contineri,</strong></span> 
     </span>
    </p>
   </div>
   <div class='ocr_carea' id='block_1_48' title="bbox 457 3366 2032 3440">
    <p class='ocr_par' dir='ltr' id='par_1_48' title="bbox 457 3366 2032 3440">
     <span class='ocr_line' id='line_1_48' title="bbox 457 3366 2032 3440; baseline -0.003 -15"><span class='ocrx_word' id='word_1_379' title='bbox 457 3379 553 3425; x_wconf 90' lang='lat' dir='ltr'><strong>aut</strong></span> <span class='ocrx_word' id='word_1_380' title='bbox 578 3369 829 3426; x_wconf 86' lang='lat' dir='ltr'><strong>brevibus</strong></span> <span class='ocrx_word' id='word_1_381' title='bbox 857 3369 1107 3425; x_wconf 89' lang='lat' dir='ltr'><strong>terminis</strong></span> <span class='ocrx_word' id='word_1_382' title='bbox 1127 3377 1183 3424; x_wconf 90' lang='lat' dir='ltr'><strong>et</strong></span> <span class='ocrx_word' id='word_1_383' title='bbox 1210 3376 1437 3440; x_wconf 90' lang='lat' dir='ltr'><strong>angusto</strong></span> <span class='ocrx_word' id='word_1_384' title='bbox 1469 3367 1576 3422; x_wconf 86' lang='lat' dir='ltr'><strong>fine</strong></span> <span class='ocrx_word' id='word_1_385' title='bbox 1602 3367 1868 3422; x_wconf 87' lang='lat' dir='ltr'><strong>concludi.</strong></span> <span class='ocrx_word' id='word_1_386' title='bbox 1902 3366 2032 3421; x_wconf 86' lang='lat' dir='ltr'><strong>Late</strong></span> 
     </span>
    </p>
   </div>
   <div class='ocr_carea' id='block_1_49' title="bbox 455 3458 2033 3532">
    <p class='ocr_par' dir='ltr' id='par_1_49' title="bbox 455 3458 2033 3532">
     <span class='ocr_line' id='line_1_49' title="bbox 455 3458 2033 3532; baseline -0.001 -16"><span class='ocrx_word' id='word_1_387' title='bbox 455 3470 603 3532; x_wconf 87' lang='lat' dir='ltr'><strong>patet</strong></span> <span class='ocrx_word' id='word_1_388' title='bbox 637 3461 737 3516; x_wconf 90' lang='lat' dir='ltr'><strong>zeli</strong></span> <span class='ocrx_word' id='word_1_389' title='bbox 762 3460 1036 3532; x_wconf 78' lang='lat' dir='ltr'><strong>multiplex</strong></span> <span class='ocrx_word' id='word_1_390' title='bbox 1065 3469 1120 3515; x_wconf 88' lang='lat' dir='ltr'><strong>et</strong></span> <span class='ocrx_word' id='word_1_391' title='bbox 1157 3459 1384 3515; x_wconf 86' lang='lat' dir='ltr'><strong>fecunda</strong></span> <span class='ocrx_word' id='word_1_392' title='bbox 1419 3459 1709 3529; x_wconf 90' lang='lat' dir='ltr'><strong>pernicies.</strong></span> <span class='ocrx_word' id='word_1_393' title='bbox 1749 3458 1920 3513; x_wconf 82' lang='lat' dir='ltr'><strong>Radix</strong></span> <span class='ocrx_word' id='word_1_394' title='bbox 1948 3468 2033 3514; x_wconf 89' lang='lat' dir='ltr'><strong>est</strong></span> 
     </span>
    </p>
   </div>
   <div class='ocr_carea' id='block_1_50' title="bbox 455 3548 2031 3627">
    <p class='ocr_par' dir='ltr' id='par_1_50' title="bbox 455 3548 2031 3627">
     <span class='ocr_line' id='line_1_50' title="bbox 455 3548 2031 3627; baseline -0.004 -19"><span class='ocrx_word' id='word_1_395' title='bbox 455 3554 695 3608; x_wconf 88' lang='lat' dir='ltr'><strong>omnium</strong></span> <span class='ocrx_word' id='word_1_396' title='bbox 727 3552 1023 3619; x_wconf 89' lang='lat' dir='ltr'><strong>malorum,</strong></span> <span class='ocrx_word' id='word_1_397' title='bbox 1066 3551 1186 3607; x_wconf 87' lang='lat' dir='ltr'><strong>fons</strong></span> <span class='ocrx_word' id='word_1_398' title='bbox 1225 3551 1489 3616; x_wconf 88' lang='lat' dir='ltr'><strong>cladium,</strong></span> <span class='ocrx_word' id='word_1_399' title='bbox 1520 3550 1867 3627; x_wconf 77' lang='lat' dir='ltr'><strong>seminarium</strong></span> <span class='ocrx_word' id='word_1_400' title='bbox 1896 3548 2031 3603; x_wconf 86' lang='lat' dir='ltr'><strong>deli-</strong></span> 
     </span>
    </p>
   </div>
   <div class='ocr_carea' id='block_1_51' title="bbox 457 3640 2036 3712">
    <p class='ocr_par' dir='ltr' id='par_1_51' title="bbox 457 3640 2036 3712">
     <span class='ocr_line' id='line_1_51' title="bbox 457 3640 2036 3712; baseline -0.002 -15"><span class='ocrx_word' id='word_1_401' title='bbox 457 3652 699 3708; x_wconf 86' lang='lat' dir='ltr'><strong>ctorum,</strong></span> <span class='ocrx_word' id='word_1_402' title='bbox 733 3643 956 3698; x_wconf 89' lang='lat' dir='ltr'><strong>materia</strong></span> <span class='ocrx_word' id='word_1_403' title='bbox 986 3642 1285 3712; x_wconf 86' lang='lat' dir='ltr'><strong>culparum.</strong></span> <span class='ocrx_word' id='word_1_404' title='bbox 1314 3642 1441 3697; x_wconf 87' lang='lat' dir='ltr'><strong>lude</strong></span> <span class='ocrx_word' id='word_1_405' title='bbox 1481 3642 1660 3697; x_wconf 86' lang='lat' dir='ltr'><strong>odium</strong></span> <span class='ocrx_word' id='word_1_406' title='bbox 1689 3641 1889 3711; x_wconf 87' lang='lat' dir='ltr'><strong>surgit,</strong></span> <span class='ocrx_word' id='word_1_407' title='bbox 1920 3640 2036 3694; x_wconf 85' lang='lat' dir='ltr'><strong>ani-</strong></span> 
     </span>
    </p>
   </div>
   <div class='ocr_carea' id='block_1_52' title="bbox 460 3730 2031 3803">
    <p class='ocr_par' dir='ltr' id='par_1_52' title="bbox 460 3730 2031 3803">
     <span class='ocr_line' id='line_1_52' title="bbox 460 3730 2031 3803; baseline -0.002 -15"><span class='ocrx_word' id='word_1_408' title='bbox 460 3734 683 3788; x_wconf 90' lang='lat' dir='ltr'><strong>mositas</strong></span> <span class='ocrx_word' id='word_1_409' title='bbox 720 3732 842 3787; x_wconf 91' lang='lat' dir='ltr'><strong>inde</strong></span> <span class='ocrx_word' id='word_1_410' title='bbox 887 3733 1152 3803; x_wconf 85' lang='lat' dir='ltr'><strong>procedit.</strong></span> <span class='ocrx_word' id='word_1_411' title='bbox 1196 3731 1493 3786; x_wconf 82' lang='lat' dir='ltr'><strong>Avaritiam</strong></span> <span class='ocrx_word' id='word_1_412' title='bbox 1531 3732 1680 3786; x_wconf 87' lang='lat' dir='ltr'><strong>zelus</strong></span> <span class='ocrx_word' id='word_1_413' title='bbox 1718 3730 2031 3797; x_wconf 87' lang='lat' dir='ltr'><strong>inflammat,</strong></span> 
     </span>
    </p>
   </div>
   <div class='ocr_carea' id='block_1_53' title="bbox 460 3822 2036 3894">
    <p class='ocr_par' dir='ltr' id='par_1_53' title="bbox 460 3822 2036 3894">
     <span class='ocr_line' id='line_1_53' title="bbox 460 3822 2036 3894; baseline -0.003 -14"><span class='ocrx_word' id='word_1_414' title='bbox 460 3826 586 3880; x_wconf 90' lang='lat' dir='ltr'><strong>dum</strong></span> <span class='ocrx_word' id='word_1_415' title='bbox 633 3825 756 3894; x_wconf 90' lang='lat' dir='ltr'><strong>quis</strong></span> <span class='ocrx_word' id='word_1_416' title='bbox 802 3839 900 3878; x_wconf 90' lang='lat' dir='ltr'><strong>suo</strong></span> <span class='ocrx_word' id='word_1_417' title='bbox 945 3839 1052 3878; x_wconf 89' lang='lat' dir='ltr'><strong>non</strong></span> <span class='ocrx_word' id='word_1_418' title='bbox 1098 3830 1276 3893; x_wconf 88' lang='lat' dir='ltr'><strong>potest</strong></span> <span class='ocrx_word' id='word_1_419' title='bbox 1322 3838 1441 3880; x_wconf 88' lang='lat' dir='ltr'><strong>esse</strong></span> <span class='ocrx_word' id='word_1_420' title='bbox 1489 3832 1808 3889; x_wconf 88' lang='lat' dir='ltr'><strong>contentus,</strong></span> <span class='ocrx_word' id='word_1_421' title='bbox 1850 3822 2036 3878; x_wconf 89' lang='lat' dir='ltr'><strong>videns</strong></span> 
     </span>
    </p>
   </div>
   <div class='ocr_carea' id='block_1_54' title="bbox 461 3911 2036 3977">
    <p class='ocr_par' dir='ltr' id='par_1_54' title="bbox 461 3911 2036 3977">
     <span class='ocr_line' id='line_1_54' title="bbox 461 3911 2036 3977; baseline -0.003 -6"><span class='ocrx_word' id='word_1_422' title='bbox 461 3917 690 3971; x_wconf 87' lang='lat' dir='ltr'><strong>alterum</strong></span> <span class='ocrx_word' id='word_1_423' title='bbox 733 3914 998 3970; x_wconf 90' lang='lat' dir='ltr'><strong>ditiorem.</strong></span> <span class='ocrx_word' id='word_1_424' title='bbox 1046 3911 1406 3967; x_wconf 84' lang='lat' dir='ltr'><strong>Ambitionem</strong></span> <span class='ocrx_word' id='word_1_425' title='bbox 1446 3913 1593 3968; x_wconf 88' lang='lat' dir='ltr'><strong>zelus</strong></span> <span class='ocrx_word' id='word_1_426' title='bbox 1630 3914 1856 3977; x_wconf 84' lang='lat' dir='ltr'><strong>excitat,</strong></span> <span class='ocrx_word' id='word_1_427' title='bbox 1910 3914 2036 3968; x_wconf 91' lang='lat' dir='ltr'><strong>dum</strong></span> 
     </span>
    </p>
   </div>
   <div class='ocr_carea' id='block_1_55' title="bbox 460 4002 2036 4073">
    <p class='ocr_par' dir='ltr' id='par_1_55' title="bbox 460 4002 2036 4073">
     <span class='ocr_line' id='line_1_55' title="bbox 460 4002 2036 4073; baseline -0.002 -13"><span class='ocrx_word' id='word_1_428' title='bbox 460 4005 637 4061; x_wconf 87' lang='lat' dir='ltr'><strong>cernit</strong></span> <span class='ocrx_word' id='word_1_429' title='bbox 662 4004 784 4073; x_wconf 88' lang='lat' dir='ltr'><strong>quis</strong></span> <span class='ocrx_word' id='word_1_430' title='bbox 819 4002 983 4057; x_wconf 89' lang='lat' dir='ltr'><strong>alium</strong></span> <span class='ocrx_word' id='word_1_431' title='bbox 1028 4002 1081 4056; x_wconf 90' lang='lat' dir='ltr'><strong>in</strong></span> <span class='ocrx_word' id='word_1_432' title='bbox 1122 4002 1415 4057; x_wconf 86' lang='lat' dir='ltr'><strong>honoribus</strong></span> <span class='ocrx_word' id='word_1_433' title='bbox 1443 4003 1757 4057; x_wconf 88' lang='lat' dir='ltr'><strong>auctiorem.</strong></span> <span class='ocrx_word' id='word_1_434' title='bbox 1790 4003 1916 4058; x_wconf 88' lang='lat' dir='ltr'><strong>Zelo</strong></span> <span class='ocrx_word' id='word_1_435' title='bbox 1940 4018 2036 4057; x_wconf 81' lang='lat' dir='ltr'><strong>ex-</strong></span> 
     </span>
    </p>
   </div>
   <div class='ocr_carea' id='block_1_56' title="bbox 462 4092 2041 4161">
    <p class='ocr_par' dir='ltr' id='par_1_56' title="bbox 462 4092 2041 4161">
     <span class='ocr_line' id='line_1_56' title="bbox 462 4092 2041 4161; baseline -0.003 -11"><span class='ocrx_word' id='word_1_436' title='bbox 462 4096 666 4150; x_wconf 89' lang='lat' dir='ltr'><strong>citante</strong></span> <span class='ocrx_word' id='word_1_437' title='bbox 692 4108 884 4149; x_wconf 89' lang='lat' dir='ltr'><strong>sensus</strong></span> <span class='ocrx_word' id='word_1_438' title='bbox 908 4100 1142 4157; x_wconf 88' lang='lat' dir='ltr'><strong>nostros,</strong></span> <span class='ocrx_word' id='word_1_439' title='bbox 1172 4099 1331 4161; x_wconf 88' lang='lat' dir='ltr'><strong>atque</strong></span> <span class='ocrx_word' id='word_1_440' title='bbox 1359 4092 1413 4147; x_wconf 93' lang='lat' dir='ltr'><strong>in</strong></span> <span class='ocrx_word' id='word_1_441' title='bbox 1437 4092 1690 4149; x_wconf 90' lang='lat' dir='ltr'><strong>ditionem</strong></span> <span class='ocrx_word' id='word_1_442' title='bbox 1715 4108 1864 4147; x_wconf 88' lang='lat' dir='ltr'><strong>suam</strong></span> <span class='ocrx_word' id='word_1_443' title='bbox 1896 4109 2041 4147; x_wconf 87' lang='lat' dir='ltr'><strong>men-</strong></span> 
     </span>
    </p>
   </div>
   <div class='ocr_carea' id='block_1_57' title="bbox 466 4183 2042 4256">
    <p class='ocr_par' dir='ltr' id='par_1_57' title="bbox 466 4183 2042 4256">
     <span class='ocr_line' id='line_1_57' title="bbox 466 4183 2042 4256; baseline -0.002 -15"><span class='ocrx_word' id='word_1_444' title='bbox 466 4188 535 4241; x_wconf 89' lang='lat' dir='ltr'><strong>tis</strong></span> <span class='ocrx_word' id='word_1_445' title='bbox 563 4200 759 4242; x_wconf 89' lang='lat' dir='ltr'><strong>arcana</strong></span> <span class='ocrx_word' id='word_1_446' title='bbox 808 4183 1101 4256; x_wconf 85' lang='lat' dir='ltr'><strong>redigente,</strong></span> <span class='ocrx_word' id='word_1_447' title='bbox 1146 4183 1240 4239; x_wconf 90' lang='lat' dir='ltr'><strong>Dei</strong></span> <span class='ocrx_word' id='word_1_448' title='bbox 1269 4183 1431 4238; x_wconf 92' lang='lat' dir='ltr'><strong>timor</strong></span> <span class='ocrx_word' id='word_1_449' title='bbox 1474 4184 1763 4253; x_wconf 89' lang='lat' dir='ltr'><strong>spernitur,</strong></span> <span class='ocrx_word' id='word_1_450' title='bbox 1796 4183 2042 4254; x_wconf 89' lang='lat' dir='ltr'><strong>magiste-</strong></span> 
     </span>
    </p>
   </div>
   <div class='ocr_carea' id='block_1_58' title="bbox 465 4272 2035 4345">
    <p class='ocr_par' dir='ltr' id='par_1_58' title="bbox 465 4272 2035 4345">
     <span class='ocr_line' id='line_1_58' title="bbox 465 4272 2035 4345; baseline -0.003 -14"><span class='ocrx_word' id='word_1_451' title='bbox 465 4276 606 4331; x_wconf 89' lang='lat' dir='ltr'><strong>rium</strong></span> <span class='ocrx_word' id='word_1_452' title='bbox 629 4274 829 4331; x_wconf 80' lang='lat' dir='ltr'><strong>Christi</strong></span> <span class='ocrx_word' id='word_1_453' title='bbox 857 4273 1163 4345; x_wconf 80' lang='lat' dir='ltr'><strong>negligitur,</strong></span> <span class='ocrx_word' id='word_1_454' title='bbox 1187 4272 1375 4343; x_wconf 89' lang='lat' dir='ltr'><strong>judicii</strong></span> <span class='ocrx_word' id='word_1_455' title='bbox 1402 4273 1517 4328; x_wconf 87' lang='lat' dir='ltr'><strong>dies</strong></span> <span class='ocrx_word' id='word_1_456' title='bbox 1546 4290 1649 4328; x_wconf 93' lang='lat' dir='ltr'><strong>non</strong></span> <span class='ocrx_word' id='word_1_457' title='bbox 1676 4274 1998 4345; x_wconf 68' lang='lat' dir='ltr'><strong>prtevidetur</strong></span> <span class='ocrx_word' id='word_1_458' title='bbox 2023 4292 2035 4327; x_wconf 88' lang='lat'><strong>:</strong></span> 
     </span>
    </p>
   </div>
   <div class='ocr_carea' id='block_1_59' title="bbox 464 4365 2038 4437">
    <p class='ocr_par' dir='ltr' id='par_1_59' title="bbox 464 4365 2038 4437">
     <span class='ocr_line' id='line_1_59' title="bbox 464 4365 2038 4437; baseline -0.003 -13"><span class='ocrx_word' id='word_1_459' title='bbox 464 4368 680 4424; x_wconf 86' lang='lat' dir='ltr'><strong>inflatur</strong></span> <span class='ocrx_word' id='word_1_460' title='bbox 726 4366 997 4437; x_wconf 89' lang='lat' dir='ltr'><strong>superbia,</strong></span> <span class='ocrx_word' id='word_1_461' title='bbox 1040 4366 1393 4421; x_wconf 85' lang='lat' dir='ltr'><strong>exacerbatur</strong></span> <span class='ocrx_word' id='word_1_462' title='bbox 1432 4365 1660 4431; x_wconf 75' lang='lat' dir='ltr'><strong>smvitia,</strong></span> <span class='ocrx_word' id='word_1_463' title='bbox 1707 4366 2038 4436; x_wconf 88' lang='lat' dir='ltr'><strong>impatientia</strong></span> 
     </span>
    </p>
   </div>
   <div class='ocr_carea' id='block_1_60' title="bbox 465 4455 2036 4525">
    <p class='ocr_par' dir='ltr' id='par_1_60' title="bbox 465 4455 2036 4525">
     <span class='ocr_line' id='line_1_60' title="bbox 465 4455 2036 4525; baseline -0.004 -9"><span class='ocrx_word' id='word_1_464' title='bbox 465 4460 726 4524; x_wconf 88' lang='lat' dir='ltr'><strong>concutit,</strong></span> <span class='ocrx_word' id='word_1_465' title='bbox 770 4457 899 4513; x_wconf 88' lang='lat' dir='ltr'><strong>furit</strong></span> <span class='ocrx_word' id='word_1_466' title='bbox 928 4457 1216 4523; x_wconf 86' lang='lat' dir='ltr'><strong>discordia,</strong></span> <span class='ocrx_word' id='word_1_467' title='bbox 1261 4459 1340 4511; x_wconf 88' lang='lat' dir='ltr'><strong>ira</strong></span> <span class='ocrx_word' id='word_1_468' title='bbox 1386 4456 1652 4522; x_wconf 82' lang='lat' dir='ltr'><strong>fervescit,</strong></span> <span class='ocrx_word' id='word_1_469' title='bbox 1702 4473 1801 4512; x_wconf 89' lang='lat' dir='ltr'><strong>nec</strong></span> <span class='ocrx_word' id='word_1_470' title='bbox 1840 4472 1897 4512; x_wconf 89' lang='lat' dir='ltr'><strong>se</strong></span> <span class='ocrx_word' id='word_1_471' title='bbox 1924 4455 2036 4525; x_wconf 86' lang='lat' dir='ltr'><strong>jam</strong></span> 
     </span>
    </p>
   </div>
   <div class='ocr_carea' id='block_1_61' title="bbox 465 4547 2042 4622">
    <p class='ocr_par' dir='ltr' id='par_1_61' title="bbox 465 4547 2042 4622">
     <span class='ocr_line' id='line_1_61' title="bbox 465 4547 2042 4622; baseline -0.001 -16"><span class='ocrx_word' id='word_1_472' title='bbox 465 4560 643 4622; x_wconf 87' lang='lat' dir='ltr'><strong>potest</strong></span> <span class='ocrx_word' id='word_1_473' title='bbox 682 4549 932 4605; x_wconf 89' lang='lat' dir='ltr'><strong>cohibere</strong></span> <span class='ocrx_word' id='word_1_474' title='bbox 957 4550 1039 4604; x_wconf 90' lang='lat' dir='ltr'><strong>vel</strong></span> <span class='ocrx_word' id='word_1_475' title='bbox 1071 4566 1278 4621; x_wconf 90' lang='lat' dir='ltr'><strong>regere,</strong></span> <span class='ocrx_word' id='word_1_476' title='bbox 1311 4549 1401 4619; x_wconf 89' lang='lat' dir='ltr'><strong>qui</strong></span> <span class='ocrx_word' id='word_1_477' title='bbox 1444 4547 1620 4604; x_wconf 86' lang='lat' dir='ltr'><strong>factus</strong></span> <span class='ocrx_word' id='word_1_478' title='bbox 1646 4559 1729 4604; x_wconf 88' lang='lat' dir='ltr'><strong>cst</strong></span> <span class='ocrx_word' id='word_1_479' title='bbox 1762 4551 2042 4621; x_wconf 74' lang='lat' dir='ltr'><strong>potestatis</strong></span> 
     </span>
    </p>
   </div>
   <div class='ocr_carea' id='block_1_62' title="bbox 466 4641 2037 4712">
    <p class='ocr_par' dir='ltr' id='par_1_62' title="bbox 466 4641 2037 4712">
     <span class='ocr_line' id='line_1_62' title="bbox 466 4641 2037 4712; baseline -0.003 -15"><span class='ocrx_word' id='word_1_480' title='bbox 466 4643 674 4698; x_wconf 67' lang='lat' dir='ltr'><strong>alienae.</strong></span> <span class='ocrx_word' id='word_1_481' title='bbox 727 4641 863 4697; x_wconf 92' lang='lat' dir='ltr'><strong>llinc</strong></span> <span class='ocrx_word' id='word_1_482' title='bbox 909 4641 1201 4698; x_wconf 66' lang='lat' dir='ltr'><strong>Dominicm</strong></span> <span class='ocrx_word' id='word_1_483' title='bbox 1242 4642 1389 4712; x_wconf 88' lang='lat' dir='ltr'><strong>pacis</strong></span> <span class='ocrx_word' id='word_1_484' title='bbox 1436 4641 1703 4695; x_wconf 89' lang='lat' dir='ltr'><strong>vinculum</strong></span> <span class='ocrx_word' id='word_1_485' title='bbox 1754 4641 2037 4710; x_wconf 83' lang='lat' dir='ltr'><strong>rumpitur,</strong></span> 
     </span>
    </p>
   </div>
   <div class='ocr_carea' id='block_1_63' title="bbox 468 4730 2044 4807">
    <p class='ocr_par' dir='ltr' id='par_1_63' title="bbox 468 4730 2044 4807">
     <span class='ocr_line' id='line_1_63' title="bbox 468 4730 2044 4807; baseline -0.003 -19"><span class='ocrx_word' id='word_1_486' title='bbox 468 4734 594 4788; x_wconf 90' lang='lat' dir='ltr'><strong>hinc</strong></span> <span class='ocrx_word' id='word_1_487' title='bbox 651 4730 890 4807; x_wconf 85' lang='lat' dir='ltr'><strong>charitas</strong></span> <span class='ocrx_word' id='word_1_488' title='bbox 936 4730 1172 4785; x_wconf 85' lang='lat' dir='ltr'><strong>fraterna</strong></span> <span class='ocrx_word' id='word_1_489' title='bbox 1228 4732 1491 4798; x_wconf 86' lang='lat' dir='ltr'><strong>violatur,</strong></span> <span class='ocrx_word' id='word_1_490' title='bbox 1542 4731 1670 4787; x_wconf 89' lang='lat' dir='ltr'><strong>hinc</strong></span> <span class='ocrx_word' id='word_1_491' title='bbox 1712 4732 2044 4787; x_wconf 77' lang='lat' dir='ltr'><strong>adulteretur</strong></span> 
     </span>
    </p>
   </div>
   <div class='ocr_carea' id='block_1_64' title="bbox 470 4825 2044 4896">
    <p class='ocr_par' dir='ltr' id='par_1_64' title="bbox 470 4825 2044 4896">
     <span class='ocr_line' id='line_1_64' title="bbox 470 4825 2044 4896; baseline 0.001 -17"><span class='ocrx_word' id='word_1_492' title='bbox 470 4826 691 4892; x_wconf 80' lang='lat' dir='ltr'><strong>veritas,</strong></span> <span class='ocrx_word' id='word_1_493' title='bbox 719 4826 898 4880; x_wconf 89' lang='lat' dir='ltr'><strong>unitas</strong></span> <span class='ocrx_word' id='word_1_494' title='bbox 926 4825 1208 4890; x_wconf 90' lang='lat' dir='ltr'><strong>scinditur,</strong></span> <span class='ocrx_word' id='word_1_495' title='bbox 1246 4826 1313 4879; x_wconf 89' lang='lat' dir='ltr'><strong>ad</strong></span> <span class='ocrx_word' id='word_1_496' title='bbox 1348 4827 1580 4882; x_wconf 67' lang='lat' dir='ltr'><strong>haereses</strong></span> <span class='ocrx_word' id='word_1_497' title='bbox 1607 4835 1767 4896; x_wconf 86' lang='lat' dir='ltr'><strong>atque</strong></span> <span class='ocrx_word' id='word_1_498' title='bbox 1795 4828 1858 4882; x_wconf 80' lang='lat' dir='ltr'><strong>ad</strong></span> <span class='ocrx_word' id='word_1_499' title='bbox 1899 4826 2044 4882; x_wconf 90' lang='lat' dir='ltr'><strong>schi-</strong></span> 
     </span>
    </p>
   </div>
   <div class='ocr_carea' id='block_1_65' title="bbox 470 4917 2041 4989">
    <p class='ocr_par' dir='ltr' id='par_1_65' title="bbox 470 4917 2041 4989">
     <span class='ocr_line' id='line_1_65' title="bbox 470 4917 2041 4989; baseline -0.001 -14"><span class='ocrx_word' id='word_1_500' title='bbox 470 4926 642 4975; x_wconf 90' lang='lat' dir='ltr'><strong>smata</strong></span> <span class='ocrx_word' id='word_1_501' title='bbox 671 4918 963 4989; x_wconf 86' lang='lat' dir='ltr'><strong>prosilitur.</strong></span> <span class='ocrx_word' id='word_1_502' title='bbox 991 4917 1125 4971; x_wconf 93' lang='lat' dir='ltr'><strong>Dum</strong></span> <span class='ocrx_word' id='word_1_503' title='bbox 1153 4918 1486 4973; x_wconf 88' lang='lat' dir='ltr'><strong>obtrectatur</strong></span> <span class='ocrx_word' id='word_1_504' title='bbox 1508 4920 1894 4985; x_wconf 88' lang='lat' dir='ltr'><strong>sacerdotibus,</strong></span> <span class='ocrx_word' id='word_1_505' title='bbox 1917 4920 2041 4974; x_wconf 91' lang='lat' dir='ltr'><strong>dum</strong></span> 
     </span>
    </p>
   </div>
   <div class='ocr_carea' id='block_1_66' title="bbox 471 5006 2040 5079">
    <p class='ocr_par' dir='ltr' id='par_1_66' title="bbox 471 5006 2040 5079">
     <span class='ocr_line' id='line_1_66' title="bbox 471 5006 2040 5079; baseline -0.001 -17"><span class='ocrx_word' id='word_1_506' title='bbox 471 5009 738 5079; x_wconf 75' lang='lat' dir='ltr'><strong>episcopis</strong></span> <span class='ocrx_word' id='word_1_507' title='bbox 766 5006 1063 5070; x_wconf 87' lang='lat' dir='ltr'><strong>invidetur;</strong></span> <span class='ocrx_word' id='word_1_508' title='bbox 1096 5006 1220 5060; x_wconf 92' lang='lat' dir='ltr'><strong>dum</strong></span> <span class='ocrx_word' id='word_1_509' title='bbox 1261 5007 1383 5076; x_wconf 89' lang='lat' dir='ltr'><strong>quis</strong></span> <span class='ocrx_word' id='word_1_510' title='bbox 1422 5017 1514 5061; x_wconf 90' lang='lat' dir='ltr'><strong>aut</strong></span> <span class='ocrx_word' id='word_1_511' title='bbox 1555 5009 1901 5079; x_wconf 88' lang='lat' dir='ltr'><strong>conqueritur</strong></span> <span class='ocrx_word' id='word_1_512' title='bbox 1935 5023 2040 5062; x_wconf 89' lang='lat' dir='ltr'><strong>non</strong></span> 
     </span>
    </p>
   </div>
   <div class='ocr_carea' id='block_1_67' title="bbox 472 5095 2044 5169">
    <p class='ocr_par' dir='ltr' id='par_1_67' title="bbox 472 5095 2044 5169">
     <span class='ocr_line' id='line_1_67' title="bbox 472 5095 2044 5169; baseline -0.003 -13"><span class='ocrx_word' id='word_1_513' title='bbox 472 5117 530 5156; x_wconf 86' lang='lat' dir='ltr'><strong>se</strong></span> <span class='ocrx_word' id='word_1_514' title='bbox 557 5099 733 5169; x_wconf 91' lang='lat' dir='ltr'><strong>potius</strong></span> <span class='ocrx_word' id='word_1_515' title='bbox 762 5096 1066 5151; x_wconf 88' lang='lat' dir='ltr'><strong>ordinatum</strong></span> <span class='ocrx_word' id='word_1_516' title='bbox 1087 5136 1102 5159; x_wconf 93' lang='lat'><strong>,</strong></span> <span class='ocrx_word' id='word_1_517' title='bbox 1149 5106 1242 5148; x_wconf 88' lang='lat' dir='ltr'><strong>aut</strong></span> <span class='ocrx_word' id='word_1_518' title='bbox 1270 5096 1586 5166; x_wconf 84' lang='lat' dir='ltr'><strong>dedignatur</strong></span> <span class='ocrx_word' id='word_1_519' title='bbox 1630 5097 1858 5152; x_wconf 88' lang='lat' dir='ltr'><strong>alterum</strong></span> <span class='ocrx_word' id='word_1_520' title='bbox 1904 5095 2044 5152; x_wconf 87' lang='lat' dir='ltr'><strong>ferre</strong></span> 
     </span>
    </p>
   </div>
   <div class='ocr_carea' id='block_1_68' title="bbox 370 5186 2046 5261">
    <p class='ocr_par' dir='ltr' id='par_1_68' title="bbox 370 5186 2046 5261">
     <span class='ocr_line' id='line_1_68' title="bbox 370 5186 2046 5261; baseline -0.003 -15"><span class='ocrx_word' id='word_1_521' title='bbox 370 5247 374 5252; x_wconf 77' lang='grc'>,</span> <span class='ocrx_word' id='word_1_522' title='bbox 474 5190 841 5261; x_wconf 77' lang='lat' dir='ltr'><strong>pncpositum,</strong></span> <span class='ocrx_word' id='word_1_523' title='bbox 872 5189 996 5243; x_wconf 90' lang='lat' dir='ltr'><strong>hinc</strong></span> <span class='ocrx_word' id='word_1_524' title='bbox 1027 5186 1360 5250; x_wconf 89' lang='lat' dir='ltr'><strong>recalcitrat,</strong></span> <span class='ocrx_word' id='word_1_525' title='bbox 1395 5187 1517 5241; x_wconf 92' lang='lat' dir='ltr'><strong>hinc</strong></span> <span class='ocrx_word' id='word_1_526' title='bbox 1546 5188 1796 5252; x_wconf 84' lang='lat' dir='ltr'><strong>rebellat,</strong></span> <span class='ocrx_word' id='word_1_527' title='bbox 1835 5188 1902 5242; x_wconf 89' lang='lat' dir='ltr'><strong>de</strong></span> <span class='ocrx_word' id='word_1_528' title='bbox 1932 5187 2046 5242; x_wconf 89' lang='lat' dir='ltr'><strong>zelo</strong></span> 
     </span>
    </p>
   </div>
   <div class='ocr_carea' id='block_1_69' title="bbox 473 5277 2043 5353">
    <p class='ocr_par' dir='ltr' id='par_1_69' title="bbox 473 5277 2043 5353">
     <span class='ocr_line' id='line_1_69' title="bbox 473 5277 2043 5353; baseline -0.004 -16"><span class='ocrx_word' id='word_1_529' title='bbox 473 5281 767 5353; x_wconf 87' lang='lat' dir='ltr'><strong>superbus,</strong></span> <span class='ocrx_word' id='word_1_530' title='bbox 804 5279 870 5333; x_wconf 88' lang='lat' dir='ltr'><strong>dc</strong></span> <span class='ocrx_word' id='word_1_531' title='bbox 898 5277 1240 5334; x_wconf 70' lang='lat' dir='ltr'><strong>munulationc</strong></span> <span class='ocrx_word' id='word_1_532' title='bbox 1280 5291 1592 5346; x_wconf 91' lang='lat' dir='ltr'><strong>perversus,</strong></span> <span class='ocrx_word' id='word_1_533' title='bbox 1625 5278 1961 5333; x_wconf 88' lang='lat' dir='ltr'><strong>animositate</strong></span> <span class='ocrx_word' id='word_1_534' title='bbox 1990 5287 2043 5332; x_wconf 89' lang='lat' dir='ltr'><strong>et</strong></span> 
     </span>
    </p>
   </div>
   <div class='ocr_carea' id='block_1_70' title="bbox 474 5368 2046 5437">
    <p class='ocr_par' dir='ltr' id='par_1_70' title="bbox 474 5368 2046 5437">
     <span class='ocr_line' id='line_1_70' title="bbox 474 5368 2046 5437; baseline -0.001 -9"><span class='ocrx_word' id='word_1_535' title='bbox 474 5374 673 5434; x_wconf 80' lang='lat' dir='ltr'><strong>livore,</strong></span> <span class='ocrx_word' id='word_1_536' title='bbox 717 5387 822 5426; x_wconf 86' lang='lat' dir='ltr'><strong>non</strong></span> <span class='ocrx_word' id='word_1_537' title='bbox 868 5371 1098 5427; x_wconf 90' lang='lat' dir='ltr'><strong>hominis</strong></span> <span class='ocrx_word' id='word_1_538' title='bbox 1142 5368 1235 5426; x_wconf 89' lang='lat' dir='ltr'><strong>sed</strong></span> <span class='ocrx_word' id='word_1_539' title='bbox 1279 5369 1499 5424; x_wconf 88' lang='lat' dir='ltr'><strong>honoris</strong></span> <span class='ocrx_word' id='word_1_540' title='bbox 1544 5369 1812 5428; x_wconf 89' lang='lat' dir='ltr'><strong>inimicus.</strong></span> <span class='ocrx_word' id='word_1_541' title='bbox 1861 5370 2046 5437; x_wconf 80' lang='lat' dir='ltr'><strong>Qualis</strong></span> 
     </span>
    </p>
   </div>
   <div class='ocr_carea' id='block_1_71' title="bbox 474 5459 2046 5529">
    <p class='ocr_par' dir='ltr' id='par_1_71' title="bbox 474 5459 2046 5529">
     <span class='ocr_line' id='line_1_71' title="bbox 474 5459 2046 5529; baseline -0.001 -11"><span class='ocrx_word' id='word_1_542' title='bbox 474 5480 603 5518; x_wconf 83' lang='lat' dir='ltr'><strong>vero</strong></span> <span class='ocrx_word' id='word_1_543' title='bbox 629 5471 711 5518; x_wconf 92' lang='lat' dir='ltr'><strong>est</strong></span> <span class='ocrx_word' id='word_1_544' title='bbox 748 5463 956 5527; x_wconf 90' lang='lat' dir='ltr'><strong>anima,</strong></span> <span class='ocrx_word' id='word_1_545' title='bbox 995 5468 1049 5516; x_wconf 89' lang='lat' dir='ltr'><strong>et</strong></span> <span class='ocrx_word' id='word_1_546' title='bbox 1094 5462 1146 5514; x_wconf 91' lang='lat' dir='ltr'><strong>in</strong></span> <span class='ocrx_word' id='word_1_547' title='bbox 1186 5474 1250 5515; x_wconf 92' lang='lat' dir='ltr'><strong>ca</strong></span> <span class='ocrx_word' id='word_1_548' title='bbox 1291 5474 1411 5529; x_wconf 66' lang='lat' dir='ltr'><strong>quae</strong></span> <span class='ocrx_word' id='word_1_549' title='bbox 1451 5459 1831 5529; x_wconf 79' lang='lat' dir='ltr'><strong>cogitationum</strong></span> <span class='ocrx_word' id='word_1_550' title='bbox 1873 5461 2046 5517; x_wconf 87' lang='lat' dir='ltr'><strong>tabes!</strong></span> 
     </span>
    </p>
   </div>
   <div class='ocr_carea' id='block_1_72' title="bbox 475 5547 2044 5622">
    <p class='ocr_par' dir='ltr' id='par_1_72' title="bbox 475 5547 2044 5622">
     <span class='ocr_line' id='line_1_72' title="bbox 475 5547 2044 5622; baseline -0.001 -15"><span class='ocrx_word' id='word_1_551' title='bbox 475 5553 707 5620; x_wconf 80' lang='lat' dir='ltr'><strong>pectoris</strong></span> <span class='ocrx_word' id='word_1_552' title='bbox 737 5559 936 5622; x_wconf 89' lang='lat' dir='ltr'><strong>quanta</strong></span> <span class='ocrx_word' id='word_1_553' title='bbox 962 5550 1168 5620; x_wconf 84' lang='lat' dir='ltr'><strong>rubigo,</strong></span> <span class='ocrx_word' id='word_1_554' title='bbox 1201 5548 1378 5603; x_wconf 89' lang='lat' dir='ltr'><strong>zclare</strong></span> <span class='ocrx_word' id='word_1_555' title='bbox 1402 5547 1455 5601; x_wconf 91' lang='lat' dir='ltr'><strong>in</strong></span> <span class='ocrx_word' id='word_1_556' title='bbox 1481 5548 1651 5604; x_wconf 91' lang='lat' dir='ltr'><strong>altero</strong></span> <span class='ocrx_word' id='word_1_557' title='bbox 1679 5550 1760 5606; x_wconf 86' lang='lat' dir='ltr'><strong>vel</strong></span> <span class='ocrx_word' id='word_1_558' title='bbox 1792 5550 2044 5606; x_wconf 88' lang='lat' dir='ltr'><strong>virtutem</strong></span> 
     </span>
    </p>
   </div>
   <div class='ocr_carea' id='block_1_73' title="bbox 475 5641 2047 5714">
    <p class='ocr_par' dir='ltr' id='par_1_73' title="bbox 475 5641 2047 5714">
     <span class='ocr_line' id='line_1_73' title="bbox 475 5641 2047 5714; baseline 0.001 -17"><span class='ocrx_word' id='word_1_559' title='bbox 475 5644 610 5714; x_wconf 83' lang='lat' dir='ltr'><strong>ejus,</strong></span> <span class='ocrx_word' id='word_1_560' title='bbox 650 5645 731 5701; x_wconf 89' lang='lat' dir='ltr'><strong>vel</strong></span> <span class='ocrx_word' id='word_1_561' title='bbox 772 5644 1111 5702; x_wconf 88' lang='lat' dir='ltr'><strong>felicitatem!</strong></span> <span class='ocrx_word' id='word_1_562' title='bbox 1146 5643 1199 5698; x_wconf 88' lang='lat' dir='ltr'><strong>id</strong></span> <span class='ocrx_word' id='word_1_563' title='bbox 1226 5651 1330 5708; x_wconf 90' lang='lat' dir='ltr'><strong>est,</strong></span> <span class='ocrx_word' id='word_1_564' title='bbox 1361 5641 1538 5697; x_wconf 87' lang='lat' dir='ltr'><strong>odisse</strong></span> <span class='ocrx_word' id='word_1_565' title='bbox 1577 5642 1630 5696; x_wconf 92' lang='lat' dir='ltr'><strong>in</strong></span> <span class='ocrx_word' id='word_1_566' title='bbox 1659 5657 1725 5699; x_wconf 89' lang='lat' dir='ltr'><strong>eo</strong></span> <span class='ocrx_word' id='word_1_567' title='bbox 1749 5644 1830 5697; x_wconf 91' lang='lat' dir='ltr'><strong>vel</strong></span> <span class='ocrx_word' id='word_1_568' title='bbox 1859 5646 2047 5703; x_wconf 79' lang='lat' dir='ltr'><strong>merita</strong></span> 
     </span>
    </p>
   </div>
   <div class='ocr_carea' id='block_1_74' title="bbox 2066 4417 2117 4475">
    <p class='ocr_par' dir='ltr' id='par_1_74' title="bbox 2066 4417 2117 4475">
     <span class='ocr_line' id='line_1_74' title="bbox 2066 4417 2117 4475; baseline 0 0"><span class='ocrx_word' id='word_1_569' title='bbox 2066 4417 2117 4475; x_wconf 92' lang='lat' dir='ltr'><strong>D</strong></span> 
     </span>
    </p>
   </div>
   <div class='ocr_carea' id='block_1_75' title="bbox 2118 1823 3703 1883">
    <p class='ocr_par' dir='ltr' id='par_1_75' title="bbox 2118 1823 3703 1883">
     <span class='ocr_line' id='line_1_75' title="bbox 2118 1823 3703 1883; baseline -0.001 0"><span class='ocrx_word' id='word_1_570' title='bbox 2118 1829 2241 1883; x_wconf 55' lang='lat' dir='ltr'><strong>odio</strong></span> <span class='ocrx_word' id='word_1_571' title='bbox 2268 1835 2445 1880; x_wconf 89' lang='lat' dir='ltr'><strong>tamen</strong></span> <span class='ocrx_word' id='word_1_572' title='bbox 2488 1823 2696 1880; x_wconf 68' lang='lat' dir='ltr'><strong>furiata:</strong></span> <span class='ocrx_word' id='word_1_573' title='bbox 2724 1826 2921 1880; x_wconf 90' lang='lat' dir='ltr'><strong>mentis</strong></span> <span class='ocrx_word' id='word_1_574' title='bbox 2947 1834 3155 1880; x_wconf 89' lang='lat' dir='ltr'><strong>armata</strong></span> <span class='ocrx_word' id='word_1_575' title='bbox 3184 1841 3200 1880; x_wconf 89' lang='lat'><strong>:</strong></span> <span class='ocrx_word' id='word_1_576' title='bbox 3233 1826 3503 1882; x_wconf 84' lang='lat' dir='ltr'><strong>homicidii</strong></span> <span class='ocrx_word' id='word_1_577' title='bbox 3545 1843 3703 1881; x_wconf 87' lang='lat' dir='ltr'><strong>nam-</strong></span> 
     </span>
    </p>
   </div>
   <div class='ocr_carea' id='block_1_76' title="bbox 2120 1916 3705 1988">
    <p class='ocr_par' dir='ltr' id='par_1_76' title="bbox 2120 1916 3705 1988">
     <span class='ocr_line' id='line_1_76' title="bbox 2120 1916 3705 1988; baseline 0.001 -17"><span class='ocrx_word' id='word_1_578' title='bbox 2120 1933 2224 1988; x_wconf 88' lang='lat' dir='ltr'><strong>que</strong></span> <span class='ocrx_word' id='word_1_579' title='bbox 2271 1916 2511 1971; x_wconf 89' lang='lat' dir='ltr'><strong>facinore</strong></span> <span class='ocrx_word' id='word_1_580' title='bbox 2558 1916 2849 1988; x_wconf 88' lang='lat' dir='ltr'><strong>perstringi</strong></span> <span class='ocrx_word' id='word_1_581' title='bbox 2892 1932 3013 1971; x_wconf 88' lang='lat' dir='ltr'><strong>eum</strong></span> <span class='ocrx_word' id='word_1_582' title='bbox 3062 1917 3308 1987; x_wconf 89' lang='lat' dir='ltr'><strong>quisquis</strong></span> <span class='ocrx_word' id='word_1_583' title='bbox 3348 1918 3605 1973; x_wconf 88' lang='lat' dir='ltr'><strong>zclaverit</strong></span> <span class='ocrx_word' id='word_1_584' title='bbox 3646 1928 3705 1973; x_wconf 89' lang='lat' dir='ltr'><strong>et</strong></span> 
     </span>
    </p>
   </div>
   <div class='ocr_carea' id='block_1_77' title="bbox 2122 2007 3705 2080">
    <p class='ocr_par' dir='ltr' id='par_1_77' title="bbox 2122 2007 3705 2080">
     <span class='ocr_line' id='line_1_77' title="bbox 2122 2007 3705 2080; baseline 0.001 -17"><span class='ocrx_word' id='word_1_585' title='bbox 2122 2010 2244 2063; x_wconf 82' lang='lat' dir='ltr'><strong>odio</strong></span> <span class='ocrx_word' id='word_1_586' title='bbox 2275 2008 2523 2063; x_wconf 83' lang='lat' dir='ltr'><strong>habuerit</strong></span> <span class='ocrx_word' id='word_1_587' title='bbox 2560 2008 2781 2062; x_wconf 91' lang='lat' dir='ltr'><strong>fratrem</strong></span> <span class='ocrx_word' id='word_1_588' title='bbox 2807 2024 2961 2064; x_wconf 90' lang='lat' dir='ltr'><strong>suum</strong></span> <span class='ocrx_word' id='word_1_589' title='bbox 2983 2049 2998 2074; x_wconf 94' lang='lat'><strong>,</strong></span> <span class='ocrx_word' id='word_1_590' title='bbox 3028 2008 3267 2064; x_wconf 88' lang='lat' dir='ltr'><strong>declarat</strong></span> <span class='ocrx_word' id='word_1_591' title='bbox 3298 2007 3532 2065; x_wconf 79' lang='lat' dir='ltr'><strong>Joannes</strong></span> <span class='ocrx_word' id='word_1_592' title='bbox 3572 2025 3705 2080; x_wconf 87' lang='lat' dir='ltr'><strong>apo-</strong></span> 
     </span>
    </p>
   </div>
   <div class='ocr_carea' id='block_1_78' title="bbox 2122 2099 3705 2171">
    <p class='ocr_par' dir='ltr' id='par_1_78' title="bbox 2122 2099 3705 2171">
     <span class='ocr_line' id='line_1_78' title="bbox 2122 2099 3705 2171; baseline 0.001 -17"><span class='ocrx_word' id='word_1_593' title='bbox 2122 2100 2292 2154; x_wconf 87' lang='lat' dir='ltr'><strong>stolus</strong></span> <span class='ocrx_word' id='word_1_594' title='bbox 2324 2101 2375 2155; x_wconf 95' lang='lat' dir='ltr'><strong>in</strong></span> <span class='ocrx_word' id='word_1_595' title='bbox 2412 2100 2646 2169; x_wconf 83' lang='lat' dir='ltr'><strong>Epistula</strong></span> <span class='ocrx_word' id='word_1_596' title='bbox 2681 2115 2813 2165; x_wconf 90' lang='lat' dir='ltr'><strong>sua,</strong></span> <span class='ocrx_word' id='word_1_597' title='bbox 2854 2101 3037 2155; x_wconf 90' lang='lat' dir='ltr'><strong>dicens</strong></span> <span class='ocrx_word' id='word_1_598' title='bbox 3078 2118 3091 2154; x_wconf 88' lang='lat'><strong>:</strong></span> <span class='ocrx_word' id='word_1_599' title='bbox 3142 2099 3246 2166; x_wconf 91' lang='lat' dir='ltr'><strong>Qui</strong></span> <span class='ocrx_word' id='word_1_600' title='bbox 3287 2100 3503 2171; x_wconf 78' lang='lat' dir='ltr'><strong>fratrem</strong></span> <span class='ocrx_word' id='word_1_601' title='bbox 3549 2118 3705 2156; x_wconf 80' lang='lat' dir='ltr'><strong>suum</strong></span> 
     </span>
    </p>
   </div>
   <div class='ocr_carea' id='block_1_79' title="bbox 2124 2190 3705 2257">
    <p class='ocr_par' dir='ltr' id='par_1_79' title="bbox 2124 2190 3705 2257">
     <span class='ocr_line' id='line_1_79' title="bbox 2124 2190 3705 2257; baseline 0.002 -14"><span class='ocrx_word' id='word_1_602' title='bbox 2124 2191 2251 2254; x_wconf 88' lang='lat' dir='ltr'><strong>odit,</strong></span> <span class='ocrx_word' id='word_1_603' title='bbox 2283 2190 2545 2244; x_wconf 81' lang='lat' dir='ltr'><strong>homicida</strong></span> <span class='ocrx_word' id='word_1_604' title='bbox 2588 2201 2685 2245; x_wconf 81' lang='lat' dir='ltr'><strong>est.</strong></span> <span class='ocrx_word' id='word_1_605' title='bbox 2731 2191 2801 2245; x_wconf 80' lang='lat' dir='ltr'><strong>Et</strong></span> <span class='ocrx_word' id='word_1_606' title='bbox 2845 2192 2987 2245; x_wconf 79' lang='lat' dir='ltr'><strong>scitis</strong></span> <span class='ocrx_word' id='word_1_607' title='bbox 3016 2209 3034 2245; x_wconf 93' lang='lat'><strong><em>:</em></strong></span> <span class='ocrx_word' id='word_1_608' title='bbox 3066 2191 3201 2257; x_wconf 84' lang='lat' dir='ltr'><strong>Quia</strong></span> <span class='ocrx_word' id='word_1_609' title='bbox 3231 2193 3395 2246; x_wconf 84' lang='lat' dir='ltr'><strong>omnis</strong></span> <span class='ocrx_word' id='word_1_610' title='bbox 3442 2192 3705 2246; x_wconf 77' lang='lat' dir='ltr'><strong>homicida</strong></span> 
     </span>
    </p>
   </div>
   <div class='ocr_carea' id='block_1_80' title="bbox 2126 2281 3708 2353">
    <p class='ocr_par' dir='ltr' id='par_1_80' title="bbox 2126 2281 3708 2353">
     <span class='ocr_line' id='line_1_80' title="bbox 2126 2281 3708 2353; baseline 0.001 -18"><span class='ocrx_word' id='word_1_611' title='bbox 2126 2297 2228 2335; x_wconf 85' lang='lat' dir='ltr'><strong>non</strong></span> <span class='ocrx_word' id='word_1_612' title='bbox 2276 2281 2425 2335; x_wconf 85' lang='lat' dir='ltr'><strong>habet</strong></span> <span class='ocrx_word' id='word_1_613' title='bbox 2466 2284 2628 2335; x_wconf 79' lang='lat' dir='ltr'><strong>vitam</strong></span> <span class='ocrx_word' id='word_1_614' title='bbox 2673 2282 2728 2335; x_wconf 87' lang='lat' dir='ltr'><strong>in</strong></span> <span class='ocrx_word' id='word_1_615' title='bbox 2771 2298 2825 2335; x_wconf 86' lang='lat' dir='ltr'><strong>se</strong></span> <span class='ocrx_word' id='word_1_616' title='bbox 2863 2293 3156 2335; x_wconf 84' lang='lat' dir='ltr'><strong>manentem</strong></span> <span class='ocrx_word' id='word_1_617' title='bbox 3196 2281 3247 2353; x_wconf 90' lang='grc'><strong>(1</strong></span> <span class='ocrx_word' id='word_1_618' title='bbox 3275 2281 3434 2335; x_wconf 82' lang='lat' dir='ltr'><strong>Joan.</strong></span> <span class='ocrx_word' id='word_1_619' title='bbox 3476 2281 3582 2353; x_wconf 81' lang='lat' dir='ltr'><strong>ut).</strong></span> <span class='ocrx_word' id='word_1_620' title='bbox 3638 2283 3708 2336; x_wconf 88' lang='lat' dir='ltr'><strong>Et</strong></span> 
     </span>
    </p>
   </div>
   <div class='ocr_carea' id='block_1_81' title="bbox 2125 2372 3707 2443">
    <p class='ocr_par' dir='ltr' id='par_1_81' title="bbox 2125 2372 3707 2443">
     <span class='ocr_line' id='line_1_81' title="bbox 2125 2372 3707 2443; baseline 0 -16"><span class='ocrx_word' id='word_1_621' title='bbox 2125 2374 2318 2428; x_wconf 89' lang='lat' dir='ltr'><strong>iterum</strong></span> <span class='ocrx_word' id='word_1_622' title='bbox 2352 2391 2365 2428; x_wconf 89' lang='lat'>:</span> <span class='ocrx_word' id='word_1_623' title='bbox 2399 2372 2502 2438; x_wconf 88' lang='lat' dir='ltr'><strong>Qui</strong></span> <span class='ocrx_word' id='word_1_624' title='bbox 2528 2373 2657 2426; x_wconf 84' lang='lat' dir='ltr'><strong>dicit</strong></span> <span class='ocrx_word' id='word_1_625' title='bbox 2696 2390 2750 2427; x_wconf 83' lang='lat' dir='ltr'><strong>se</strong></span> <span class='ocrx_word' id='word_1_626' title='bbox 2784 2390 2894 2428; x_wconf 79' lang='lat' dir='ltr'><strong>esse</strong></span> <span class='ocrx_word' id='word_1_627' title='bbox 2938 2375 2993 2427; x_wconf 87' lang='lat' dir='ltr'><strong>in</strong></span> <span class='ocrx_word' id='word_1_628' title='bbox 3039 2372 3168 2438; x_wconf 86' lang='lat' dir='ltr'><strong>luce,</strong></span> <span class='ocrx_word' id='word_1_629' title='bbox 3213 2382 3262 2427; x_wconf 85' lang='lat' dir='ltr'><strong>et</strong></span> <span class='ocrx_word' id='word_1_630' title='bbox 3295 2374 3511 2443; x_wconf 82' lang='lat' dir='ltr'><strong>fratrem</strong></span> <span class='ocrx_word' id='word_1_631' title='bbox 3552 2390 3707 2428; x_wconf 85' lang='lat' dir='ltr'><strong>suum</strong></span> 
     </span>
    </p>
   </div>
   <div class='ocr_carea' id='block_1_82' title="bbox 2125 2463 3709 2534">
    <p class='ocr_par' dir='ltr' id='par_1_82' title="bbox 2125 2463 3709 2534">
     <span class='ocr_line' id='line_1_82' title="bbox 2125 2463 3709 2534; baseline 0 -17"><span class='ocrx_word' id='word_1_632' title='bbox 2125 2463 2261 2526; x_wconf 87' lang='lat' dir='ltr'><strong>odit,</strong></span> <span class='ocrx_word' id='word_1_633' title='bbox 2304 2463 2356 2516; x_wconf 86' lang='lat' dir='ltr'><strong>in</strong></span> <span class='ocrx_word' id='word_1_634' title='bbox 2392 2463 2613 2516; x_wconf 80' lang='lat' dir='ltr'><strong>tenebris</strong></span> <span class='ocrx_word' id='word_1_635' title='bbox 2650 2472 2726 2517; x_wconf 84' lang='lat' dir='ltr'><strong>est</strong></span> <span class='ocrx_word' id='word_1_636' title='bbox 2754 2480 2914 2534; x_wconf 79' lang='lat' dir='ltr'><strong>usque</strong></span> <span class='ocrx_word' id='word_1_637' title='bbox 2948 2464 3139 2529; x_wconf 83' lang='lat' dir='ltr'><strong>adhuc,</strong></span> <span class='ocrx_word' id='word_1_638' title='bbox 3170 2473 3217 2517; x_wconf 87' lang='lat' dir='ltr'><strong>et</strong></span> <span class='ocrx_word' id='word_1_639' title='bbox 3247 2463 3302 2517; x_wconf 89' lang='lat' dir='ltr'><strong>in</strong></span> <span class='ocrx_word' id='word_1_640' title='bbox 3337 2463 3557 2518; x_wconf 72' lang='lat' dir='ltr'><strong>tenebris</strong></span> <span class='ocrx_word' id='word_1_641' title='bbox 3587 2480 3709 2517; x_wconf 83' lang='lat' dir='ltr'><strong>am-</strong></span> 
     </span>
    </p>
   </div>
   <div class='ocr_carea' id='block_1_83' title="bbox 2126 2552 3708 2624">
    <p class='ocr_par' dir='ltr' id='par_1_83' title="bbox 2126 2552 3708 2624">
     <span class='ocr_line' id='line_1_83' title="bbox 2126 2552 3708 2624; baseline 0.001 -18"><span class='ocrx_word' id='word_1_642' title='bbox 2126 2552 2290 2619; x_wconf 87' lang='lat' dir='ltr'><strong>bulat,</strong></span> <span class='ocrx_word' id='word_1_643' title='bbox 2326 2564 2374 2607; x_wconf 86' lang='lat' dir='ltr'><strong>et</strong></span> <span class='ocrx_word' id='word_1_644' title='bbox 2414 2555 2573 2608; x_wconf 80' lang='lat' dir='ltr'><strong>nescit</strong></span> <span class='ocrx_word' id='word_1_645' title='bbox 2610 2570 2711 2624; x_wconf 83' lang='lat' dir='ltr'><strong>quo</strong></span> <span class='ocrx_word' id='word_1_646' title='bbox 2749 2564 2830 2608; x_wconf 86' lang='lat' dir='ltr'><strong>eat</strong></span> <span class='ocrx_word' id='word_1_647' title='bbox 2855 2568 2873 2606; x_wconf 86' lang='lat'><strong>.&#39;</strong></span> <span class='ocrx_word' id='word_1_648' title='bbox 2897 2555 3020 2624; x_wconf 86' lang='lat' dir='ltr'><strong>quia</strong></span> <span class='ocrx_word' id='word_1_649' title='bbox 3060 2555 3281 2610; x_wconf 63' lang='lat' dir='ltr'><strong>tenebrae</strong></span> <span class='ocrx_word' id='word_1_650' title='bbox 3319 2566 3708 2609; x_wconf 72' lang='lat' dir='ltr'><strong>macaverunt</strong></span> 
     </span>
    </p>
   </div>
   <div class='ocr_carea' id='block_1_84' title="bbox 2127 2645 3712 2719">
    <p class='ocr_par' dir='ltr' id='par_1_84' title="bbox 2127 2645 3712 2719">
     <span class='ocr_line' id='line_1_84' title="bbox 2127 2645 3712 2719; baseline 0.001 -20"><span class='ocrx_word' id='word_1_651' title='bbox 2127 2646 2304 2700; x_wconf 84' lang='lat' dir='ltr'><strong>oculos</strong></span> <span class='ocrx_word' id='word_1_652' title='bbox 2344 2646 2456 2715; x_wconf 89' lang='lat' dir='ltr'><strong>ejus</strong></span> <span class='ocrx_word' id='word_1_653' title='bbox 2498 2645 2551 2719; x_wconf 89' lang='grc' dir='ltr'><strong>(Ι</strong></span> <span class='ocrx_word' id='word_1_654' title='bbox 2579 2646 2736 2700; x_wconf 87' lang='lat' dir='ltr'><strong>Joan.</strong></span> <span class='ocrx_word' id='word_1_655' title='bbox 2779 2646 2860 2717; x_wconf 84' lang='grc' dir='ltr'><strong>ιι).</strong></span> <span class='ocrx_word' id='word_1_656' title='bbox 2903 2646 3007 2713; x_wconf 89' lang='lat' dir='ltr'><strong>Qui</strong></span> <span class='ocrx_word' id='word_1_657' title='bbox 3046 2646 3189 2712; x_wconf 88' lang='lat' dir='ltr'><strong>odit,</strong></span> <span class='ocrx_word' id='word_1_658' title='bbox 3235 2647 3441 2718; x_wconf 87' lang='lat' dir='ltr'><strong>inquit,</strong></span> <span class='ocrx_word' id='word_1_659' title='bbox 3489 2646 3712 2717; x_wconf 79' lang='lat' dir='ltr'><strong>fratrem</strong></span> 
     </span>
    </p>
   </div>
   <div class='ocr_carea' id='block_1_85' title="bbox 2126 2734 3710 2807">
    <p class='ocr_par' dir='ltr' id='par_1_85' title="bbox 2126 2734 3710 2807">
     <span class='ocr_line' id='line_1_85' title="bbox 2126 2734 3710 2807; baseline 0.001 -19"><span class='ocrx_word' id='word_1_660' title='bbox 2126 2750 2310 2799; x_wconf 85' lang='lat' dir='ltr'><strong>suum,</strong></span> <span class='ocrx_word' id='word_1_661' title='bbox 2349 2735 2404 2788; x_wconf 85' lang='lat' dir='ltr'><strong>in</strong></span> <span class='ocrx_word' id='word_1_662' title='bbox 2439 2735 2660 2789; x_wconf 80' lang='lat' dir='ltr'><strong>tenebris</strong></span> <span class='ocrx_word' id='word_1_663' title='bbox 2700 2734 2964 2800; x_wconf 82' lang='lat' dir='ltr'><strong>ambulat,</strong></span> <span class='ocrx_word' id='word_1_664' title='bbox 3003 2744 3051 2789; x_wconf 82' lang='lat' dir='ltr'><strong>ct</strong></span> <span class='ocrx_word' id='word_1_665' title='bbox 3093 2736 3252 2789; x_wconf 80' lang='lat' dir='ltr'><strong>nescit</strong></span> <span class='ocrx_word' id='word_1_666' title='bbox 3292 2752 3395 2807; x_wconf 84' lang='lat' dir='ltr'><strong>quo</strong></span> <span class='ocrx_word' id='word_1_667' title='bbox 3424 2746 3527 2790; x_wconf 84' lang='lat' dir='ltr'><strong>eat.</strong></span> <span class='ocrx_word' id='word_1_668' title='bbox 3572 2735 3710 2790; x_wconf 86' lang='lat' dir='ltr'><strong>Item</strong></span> 
     </span>
    </p>
   </div>
   <div class='ocr_carea' id='block_1_86' title="bbox 2127 2823 3710 2895">
    <p class='ocr_par' dir='ltr' id='par_1_86' title="bbox 2127 2823 3710 2895">
     <span class='ocr_line' id='line_1_86' title="bbox 2127 2823 3710 2895; baseline 0 -18"><span class='ocrx_word' id='word_1_669' title='bbox 2127 2823 2269 2878; x_wconf 89' lang='lat' dir='ltr'><strong>enim</strong></span> <span class='ocrx_word' id='word_1_670' title='bbox 2300 2824 2514 2878; x_wconf 88' lang='lat' dir='ltr'><strong>nescius</strong></span> <span class='ocrx_word' id='word_1_671' title='bbox 2550 2823 2605 2877; x_wconf 91' lang='lat' dir='ltr'><strong>in</strong></span> <span class='ocrx_word' id='word_1_672' title='bbox 2640 2824 2935 2894; x_wconf 88' lang='lat' dir='ltr'><strong>gehennam</strong></span> <span class='ocrx_word' id='word_1_673' title='bbox 2973 2824 3193 2895; x_wconf 89' lang='lat' dir='ltr'><strong>ignarus</strong></span> <span class='ocrx_word' id='word_1_674' title='bbox 3220 2832 3277 2878; x_wconf 91' lang='lat' dir='ltr'><strong>et</strong></span> <span class='ocrx_word' id='word_1_675' title='bbox 3304 2839 3477 2879; x_wconf 74' lang='lat' dir='ltr'><strong>caecus</strong></span> <span class='ocrx_word' id='word_1_676' title='bbox 3513 2824 3710 2893; x_wconf 63' lang='lat' dir='ltr'><strong>praeci-</strong></span> 
     </span>
    </p>
   </div>
   <div class='ocr_carea' id='block_1_87' title="bbox 2127 2914 3709 2985">
    <p class='ocr_par' dir='ltr' id='par_1_87' title="bbox 2127 2914 3709 2985">
     <span class='ocr_line' id='line_1_87' title="bbox 2127 2914 3709 2985; baseline 0 -16"><span class='ocrx_word' id='word_1_677' title='bbox 2127 2915 2329 2985; x_wconf 89' lang='lat' dir='ltr'><strong>pitatur</strong></span> <span class='ocrx_word' id='word_1_678' title='bbox 2353 2915 2405 2968; x_wconf 91' lang='lat' dir='ltr'><strong>in</strong></span> <span class='ocrx_word' id='word_1_679' title='bbox 2432 2930 2667 2984; x_wconf 68' lang='lat' dir='ltr'><strong>pinnam,</strong></span> <span class='ocrx_word' id='word_1_680' title='bbox 2696 2915 2952 2970; x_wconf 86' lang='lat' dir='ltr'><strong>recedens</strong></span> <span class='ocrx_word' id='word_1_681' title='bbox 2972 2914 3177 2970; x_wconf 87' lang='lat' dir='ltr'><strong>scilicet</strong></span> <span class='ocrx_word' id='word_1_682' title='bbox 3202 2931 3233 2969; x_wconf 87' lang='lat' dir='ltr'><strong>a</strong></span> <span class='ocrx_word' id='word_1_683' title='bbox 3254 2914 3455 2971; x_wconf 87' lang='lat' dir='ltr'><strong>Christi</strong></span> <span class='ocrx_word' id='word_1_684' title='bbox 3485 2915 3709 2980; x_wconf 87' lang='lat' dir='ltr'><strong>lumine,</strong></span> 
     </span>
    </p>
   </div>
   <div class='ocr_carea' id='block_1_88' title="bbox 2130 3006 3714 3078">
    <p class='ocr_par' dir='ltr' id='par_1_88' title="bbox 2130 3006 3714 3078">
     <span class='ocr_line' id='line_1_88' title="bbox 2130 3006 3714 3078; baseline -0.002 -15"><span class='ocrx_word' id='word_1_685' title='bbox 2130 3009 2397 3065; x_wconf 85' lang='lat' dir='ltr'><strong>monentis</strong></span> <span class='ocrx_word' id='word_1_686' title='bbox 2425 3018 2477 3064; x_wconf 90' lang='lat' dir='ltr'><strong>et</strong></span> <span class='ocrx_word' id='word_1_687' title='bbox 2517 3008 2757 3064; x_wconf 83' lang='lat' dir='ltr'><strong>docentis</strong></span> <span class='ocrx_word' id='word_1_688' title='bbox 2786 3031 2799 3062; x_wconf 87' lang='lat'><strong>:</strong></span> <span class='ocrx_word' id='word_1_689' title='bbox 2831 3006 2944 3078; x_wconf 87' lang='lat' dir='ltr'><strong>Ego</strong></span> <span class='ocrx_word' id='word_1_690' title='bbox 2973 3024 3088 3062; x_wconf 86' lang='lat' dir='ltr'><strong>sum</strong></span> <span class='ocrx_word' id='word_1_691' title='bbox 3130 3007 3312 3062; x_wconf 91' lang='lat' dir='ltr'><strong>lumen</strong></span> <span class='ocrx_word' id='word_1_692' title='bbox 3346 3007 3529 3061; x_wconf 88' lang='lat' dir='ltr'><strong>mundi</strong></span> <span class='ocrx_word' id='word_1_693' title='bbox 3562 3024 3580 3061; x_wconf 89' lang='lat'><strong><em>:</em></strong></span> <span class='ocrx_word' id='word_1_694' title='bbox 3618 3007 3714 3077; x_wconf 83' lang='lat' dir='ltr'><strong>qui</strong></span> 
     </span>
    </p>
   </div>
   <div class='ocr_carea' id='block_1_89' title="bbox 2130 3098 3718 3165">
    <p class='ocr_par' dir='ltr' id='par_1_89' title="bbox 2130 3098 3718 3165">
     <span class='ocr_line' id='line_1_89' title="bbox 2130 3098 3718 3165; baseline 0.001 -14"><span class='ocrx_word' id='word_1_695' title='bbox 2130 3115 2211 3152; x_wconf 84' lang='lat' dir='ltr'><strong>me</strong></span> <span class='ocrx_word' id='word_1_696' title='bbox 2244 3108 2462 3154; x_wconf 89' lang='lat' dir='ltr'><strong>secutus</strong></span> <span class='ocrx_word' id='word_1_697' title='bbox 2503 3098 2691 3162; x_wconf 87' lang='lat' dir='ltr'><strong>fuerit,</strong></span> <span class='ocrx_word' id='word_1_698' title='bbox 2734 3116 2838 3153; x_wconf 84' lang='lat' dir='ltr'><strong>non</strong></span> <span class='ocrx_word' id='word_1_699' title='bbox 2871 3099 3100 3153; x_wconf 83' lang='lat' dir='ltr'><strong>ambulat</strong></span> <span class='ocrx_word' id='word_1_700' title='bbox 3131 3100 3185 3153; x_wconf 84' lang='lat' dir='ltr'><strong>in</strong></span> <span class='ocrx_word' id='word_1_701' title='bbox 3213 3098 3456 3165; x_wconf 77' lang='lat' dir='ltr'><strong>tenebris,</strong></span> <span class='ocrx_word' id='word_1_702' title='bbox 3499 3100 3586 3154; x_wconf 85' lang='lat' dir='ltr'><strong>sed</strong></span> <span class='ocrx_word' id='word_1_703' title='bbox 3616 3101 3718 3153; x_wconf 73' lang='lat' dir='ltr'><strong>lia-</strong></span> 
     </span>
    </p>
   </div>
   <div class='ocr_carea' id='block_1_90' title="bbox 2130 3192 3716 3267">
    <p class='ocr_par' dir='ltr' id='par_1_90' title="bbox 2130 3192 3716 3267">
     <span class='ocr_line' id='line_1_90' title="bbox 2130 3192 3716 3267; baseline -0.001 -17"><span class='ocrx_word' id='word_1_704' title='bbox 2130 3197 2262 3251; x_wconf 86' lang='lat' dir='ltr'><strong>bebit</strong></span> <span class='ocrx_word' id='word_1_705' title='bbox 2295 3196 2469 3250; x_wconf 87' lang='lat' dir='ltr'><strong>lumen</strong></span> <span class='ocrx_word' id='word_1_706' title='bbox 2503 3196 2619 3250; x_wconf 73' lang='lat' dir='ltr'><strong>vita:</strong></span> <span class='ocrx_word' id='word_1_707' title='bbox 2641 3194 2821 3267; x_wconf 80' lang='lat' dir='ltr'><strong>(Joan.</strong></span> <span class='ocrx_word' id='word_1_708' title='bbox 2850 3194 2992 3261; x_wconf 88' lang='lat' dir='ltr'><strong>vm).</strong></span> <span class='ocrx_word' id='word_1_709' title='bbox 3024 3194 3280 3264; x_wconf 85' lang='lat' dir='ltr'><strong>Sequitur</strong></span> <span class='ocrx_word' id='word_1_710' title='bbox 3300 3192 3592 3257; x_wconf 89' lang='lat' dir='ltr'><strong>Christum,</strong></span> <span class='ocrx_word' id='word_1_711' title='bbox 3618 3194 3716 3263; x_wconf 85' lang='lat' dir='ltr'><strong>qui</strong></span> 
     </span>
    </p>
   </div>
   <div class='ocr_carea' id='block_1_91' title="bbox 2129 3283 3721 3356">
    <p class='ocr_par' dir='ltr' id='par_1_91' title="bbox 2129 3283 3721 3356">
     <span class='ocr_line' id='line_1_91' title="bbox 2129 3283 3721 3356; baseline -0.003 -15"><span class='ocrx_word' id='word_1_712' title='bbox 2129 3285 2415 3356; x_wconf 64' lang='lat' dir='ltr'><strong>praeceptis</strong></span> <span class='ocrx_word' id='word_1_713' title='bbox 2436 3284 2553 3354; x_wconf 90' lang='lat' dir='ltr'><strong>ejus</strong></span> <span class='ocrx_word' id='word_1_714' title='bbox 2576 3283 2796 3349; x_wconf 86' lang='lat' dir='ltr'><strong>insistit,</strong></span> <span class='ocrx_word' id='word_1_715' title='bbox 2827 3283 2917 3353; x_wconf 83' lang='lat' dir='ltr'><strong>qui</strong></span> <span class='ocrx_word' id='word_1_716' title='bbox 2945 3299 3041 3354; x_wconf 92' lang='lat' dir='ltr'><strong>per</strong></span> <span class='ocrx_word' id='word_1_717' title='bbox 3065 3283 3359 3355; x_wconf 87' lang='lat' dir='ltr'><strong>magisterii</strong></span> <span class='ocrx_word' id='word_1_718' title='bbox 3385 3284 3501 3355; x_wconf 89' lang='lat' dir='ltr'><strong>ejus</strong></span> <span class='ocrx_word' id='word_1_719' title='bbox 3530 3283 3721 3354; x_wconf 90' lang='lat' dir='ltr'><strong>gradi-</strong></span> 
     </span>
    </p>
   </div>
   <div class='ocr_carea' id='block_1_92' title="bbox 2132 3372 3715 3445">
    <p class='ocr_par' dir='ltr' id='par_1_92' title="bbox 2132 3372 3715 3445">
     <span class='ocr_line' id='line_1_92' title="bbox 2132 3372 3715 3445; baseline -0.003 -16"><span class='ocrx_word' id='word_1_720' title='bbox 2132 3384 2221 3430; x_wconf 93' lang='lat' dir='ltr'><strong>tur</strong></span> <span class='ocrx_word' id='word_1_721' title='bbox 2247 3375 2423 3440; x_wconf 86' lang='lat' dir='ltr'><strong>viam,</strong></span> <span class='ocrx_word' id='word_1_722' title='bbox 2467 3374 2558 3443; x_wconf 91' lang='lat' dir='ltr'><strong>qui</strong></span> <span class='ocrx_word' id='word_1_723' title='bbox 2599 3374 2823 3445; x_wconf 88' lang='lat' dir='ltr'><strong>vestigia</strong></span> <span class='ocrx_word' id='word_1_724' title='bbox 2864 3372 2982 3443; x_wconf 88' lang='lat' dir='ltr'><strong>ejus</strong></span> <span class='ocrx_word' id='word_1_725' title='bbox 3025 3381 3187 3444; x_wconf 90' lang='lat' dir='ltr'><strong>atque</strong></span> <span class='ocrx_word' id='word_1_726' title='bbox 3216 3373 3409 3429; x_wconf 90' lang='lat' dir='ltr'><strong>itinera</strong></span> <span class='ocrx_word' id='word_1_727' title='bbox 3451 3380 3715 3438; x_wconf 89' lang='lat' dir='ltr'><strong>sectatur,</strong></span> 
     </span>
    </p>
   </div>
   <div class='ocr_carea' id='block_1_93' title="bbox 2131 3461 3721 3534">
    <p class='ocr_par' dir='ltr' id='par_1_93' title="bbox 2131 3461 3721 3534">
     <span class='ocr_line' id='line_1_93' title="bbox 2131 3461 3721 3534; baseline 0.001 -17"><span class='ocrx_word' id='word_1_728' title='bbox 2131 3464 2223 3534; x_wconf 89' lang='lat' dir='ltr'><strong>qui</strong></span> <span class='ocrx_word' id='word_1_729' title='bbox 2245 3464 2386 3534; x_wconf 90' lang='lat' dir='ltr'><strong>quod</strong></span> <span class='ocrx_word' id='word_1_730' title='bbox 2408 3462 2656 3519; x_wconf 91' lang='lat' dir='ltr'><strong>Christus</strong></span> <span class='ocrx_word' id='word_1_731' title='bbox 2682 3471 2736 3517; x_wconf 90' lang='lat' dir='ltr'><strong>ct</strong></span> <span class='ocrx_word' id='word_1_732' title='bbox 2761 3463 2944 3518; x_wconf 77' lang='lat' dir='ltr'><strong>docuit</strong></span> <span class='ocrx_word' id='word_1_733' title='bbox 2965 3471 3022 3519; x_wconf 90' lang='lat' dir='ltr'><strong>et</strong></span> <span class='ocrx_word' id='word_1_734' title='bbox 3047 3463 3177 3518; x_wconf 87' lang='lat' dir='ltr'><strong>fecit</strong></span> <span class='ocrx_word' id='word_1_735' title='bbox 3206 3463 3463 3518; x_wconf 89' lang='lat' dir='ltr'><strong>imitatur.</strong></span> <span class='ocrx_word' id='word_1_736' title='bbox 3485 3461 3721 3518; x_wconf 82' lang='lat' dir='ltr'><strong>Provide</strong></span> 
     </span>
    </p>
   </div>
   <div class='ocr_carea' id='block_1_94' title="bbox 2134 3553 3721 3623">
    <p class='ocr_par' dir='ltr' id='par_1_94' title="bbox 2134 3553 3721 3623">
     <span class='ocr_line' id='line_1_94' title="bbox 2134 3553 3721 3623; baseline 0.002 -17"><span class='ocrx_word' id='word_1_737' title='bbox 2134 3553 2470 3623; x_wconf 87' lang='lat' dir='ltr'><strong>tibimetipsi,</strong></span> <span class='ocrx_word' id='word_1_738' title='bbox 2519 3569 2552 3608; x_wconf 92' lang='grc' dir='ltr'><strong>ο</strong></span> <span class='ocrx_word' id='word_1_739' title='bbox 2597 3554 2780 3619; x_wconf 90' lang='lat' dir='ltr'><strong>homo,</strong></span> <span class='ocrx_word' id='word_1_740' title='bbox 2810 3561 2865 3608; x_wconf 91' lang='lat' dir='ltr'><strong>et</strong></span> <span class='ocrx_word' id='word_1_741' title='bbox 2897 3555 3039 3609; x_wconf 88' lang='lat' dir='ltr'><strong>unde</strong></span> <span class='ocrx_word' id='word_1_742' title='bbox 3073 3554 3383 3609; x_wconf 89' lang='lat' dir='ltr'><strong>vulneratus</strong></span> <span class='ocrx_word' id='word_1_743' title='bbox 3410 3569 3552 3619; x_wconf 91' lang='lat' dir='ltr'><strong>eras,</strong></span> <span class='ocrx_word' id='word_1_744' title='bbox 3589 3554 3721 3609; x_wconf 87' lang='lat' dir='ltr'><strong>inde</strong></span> 
     </span>
    </p>
   </div>
   <div class='ocr_carea' id='block_1_95' title="bbox 2134 3645 3722 3717">
    <p class='ocr_par' dir='ltr' id='par_1_95' title="bbox 2134 3645 3722 3717">
     <span class='ocr_line' id='line_1_95' title="bbox 2134 3645 3722 3717; baseline 0.002 -18"><span class='ocrx_word' id='word_1_745' title='bbox 2134 3645 2351 3699; x_wconf 77' lang='lat' dir='ltr'><strong>studeas</strong></span> <span class='ocrx_word' id='word_1_746' title='bbox 2388 3645 2566 3700; x_wconf 91' lang='lat' dir='ltr'><strong>curari</strong></span> <span class='ocrx_word' id='word_1_747' title='bbox 2604 3663 2615 3698; x_wconf 95' lang='lat'>:</span> <span class='ocrx_word' id='word_1_748' title='bbox 2660 3660 2780 3700; x_wconf 88' lang='lat' dir='ltr'><strong>ama</strong></span> <span class='ocrx_word' id='word_1_749' title='bbox 2821 3660 2916 3701; x_wconf 89' lang='lat' dir='ltr'><strong>eos</strong></span> <span class='ocrx_word' id='word_1_750' title='bbox 2951 3661 3088 3715; x_wconf 91' lang='lat' dir='ltr'><strong>quos</strong></span> <span class='ocrx_word' id='word_1_751' title='bbox 3126 3655 3252 3700; x_wconf 87' lang='lat' dir='ltr'><strong>ante</strong></span> <span class='ocrx_word' id='word_1_752' title='bbox 3287 3646 3507 3707; x_wconf 87' lang='lat' dir='ltr'><strong>oderas,</strong></span> <span class='ocrx_word' id='word_1_753' title='bbox 3550 3646 3722 3717; x_wconf 85' lang='lat' dir='ltr'><strong>dilige</strong></span> 
     </span>
    </p>
   </div>
   <div class='ocr_carea' id='block_1_96' title="bbox 2134 3736 3725 3805">
    <p class='ocr_par' dir='ltr' id='par_1_96' title="bbox 2134 3736 3725 3805">
     <span class='ocr_line' id='line_1_96' title="bbox 2134 3736 3725 3805; baseline 0.001 -14"><span class='ocrx_word' id='word_1_754' title='bbox 2134 3736 2253 3791; x_wconf 90' lang='lat' dir='ltr'><strong>illos</strong></span> <span class='ocrx_word' id='word_1_755' title='bbox 2286 3738 2480 3805; x_wconf 86' lang='lat' dir='ltr'><strong>quibus</strong></span> <span class='ocrx_word' id='word_1_756' title='bbox 2519 3736 2732 3804; x_wconf 87' lang='lat' dir='ltr'><strong>injustis</strong></span> <span class='ocrx_word' id='word_1_757' title='bbox 2759 3738 3243 3793; x_wconf 86' lang='lat' dir='ltr'><strong>obtrectationibus</strong></span> <span class='ocrx_word' id='word_1_758' title='bbox 3280 3737 3586 3802; x_wconf 88' lang='lat' dir='ltr'><strong>invidebas;</strong></span> <span class='ocrx_word' id='word_1_759' title='bbox 3622 3738 3725 3792; x_wconf 89' lang='lat' dir='ltr'><strong>bo-</strong></span> 
     </span>
    </p>
   </div>
   <div class='ocr_carea' id='block_1_97' title="bbox 2136 3830 3720 3902">
    <p class='ocr_par' dir='ltr' id='par_1_97' title="bbox 2136 3830 3720 3902">
     <span class='ocr_line' id='line_1_97' title="bbox 2136 3830 3720 3902; baseline 0 -17"><span class='ocrx_word' id='word_1_760' title='bbox 2136 3845 2234 3885; x_wconf 90' lang='lat' dir='ltr'><strong>nos</strong></span> <span class='ocrx_word' id='word_1_761' title='bbox 2264 3830 2497 3895; x_wconf 87' lang='lat' dir='ltr'><strong>imitare,</strong></span> <span class='ocrx_word' id='word_1_762' title='bbox 2533 3832 2578 3885; x_wconf 91' lang='lat' dir='ltr'><strong>si</strong></span> <span class='ocrx_word' id='word_1_763' title='bbox 2620 3831 2815 3885; x_wconf 89' lang='lat' dir='ltr'><strong>sectari</strong></span> <span class='ocrx_word' id='word_1_764' title='bbox 2843 3839 3037 3900; x_wconf 89' lang='lat' dir='ltr'><strong>potes:</strong></span> <span class='ocrx_word' id='word_1_765' title='bbox 3080 3832 3123 3885; x_wconf 90' lang='lat' dir='ltr'><strong>si</strong></span> <span class='ocrx_word' id='word_1_766' title='bbox 3154 3831 3350 3886; x_wconf 87' lang='lat' dir='ltr'><strong>sectari</strong></span> <span class='ocrx_word' id='word_1_767' title='bbox 3395 3847 3498 3887; x_wconf 93' lang='lat' dir='ltr'><strong>non</strong></span> <span class='ocrx_word' id='word_1_768' title='bbox 3539 3841 3720 3902; x_wconf 87' lang='lat' dir='ltr'><strong>potes,</strong></span> 
     </span>
    </p>
   </div>
   <div class='ocr_carea' id='block_1_98' title="bbox 2136 3918 3725 3992">
    <p class='ocr_par' dir='ltr' id='par_1_98' title="bbox 2136 3918 3725 3992">
     <span class='ocr_line' id='line_1_98' title="bbox 2136 3918 3725 3992; baseline 0.001 -18"><span class='ocrx_word' id='word_1_769' title='bbox 2136 3919 2405 3974; x_wconf 72' lang='lat' dir='ltr'><strong>collmtare</strong></span> <span class='ocrx_word' id='word_1_770' title='bbox 2439 3927 2584 3974; x_wconf 86' lang='lat' dir='ltr'><strong>certe</strong></span> <span class='ocrx_word' id='word_1_771' title='bbox 2626 3928 2680 3974; x_wconf 90' lang='lat' dir='ltr'><strong>et</strong></span> <span class='ocrx_word' id='word_1_772' title='bbox 2718 3920 3095 3992; x_wconf 88' lang='lat' dir='ltr'><strong>congratulare</strong></span> <span class='ocrx_word' id='word_1_773' title='bbox 3143 3919 3483 3983; x_wconf 89' lang='lat' dir='ltr'><strong>melioribus;</strong></span> <span class='ocrx_word' id='word_1_774' title='bbox 3531 3918 3615 3975; x_wconf 87' lang='lat' dir='ltr'><strong>fac</strong></span> <span class='ocrx_word' id='word_1_775' title='bbox 3664 3929 3725 3976; x_wconf 88' lang='lat' dir='ltr'><strong>te</strong></span> 
     </span>
    </p>
   </div>
   <div class='ocr_carea' id='block_1_99' title="bbox 2129 4008 3725 4079">
    <p class='ocr_par' dir='ltr' id='par_1_99' title="bbox 2129 4008 3725 4079">
     <span class='ocr_line' id='line_1_99' title="bbox 2129 4008 3725 4079; baseline -0.001 -15"><span class='ocrx_word' id='word_1_776' title='bbox 2129 4008 2242 4069; x_wconf 86' lang='lat' dir='ltr'><strong>illis</strong></span> <span class='ocrx_word' id='word_1_777' title='bbox 2275 4012 2508 4063; x_wconf 90' lang='lat' dir='ltr'><strong>adunata</strong></span> <span class='ocrx_word' id='word_1_778' title='bbox 2536 4008 2819 4064; x_wconf 87' lang='lat' dir='ltr'><strong>dilectione</strong></span> <span class='ocrx_word' id='word_1_779' title='bbox 2845 4009 3162 4079; x_wconf 89' lang='lat' dir='ltr'><strong>participem</strong></span> <span class='ocrx_word' id='word_1_780' title='bbox 3183 4048 3198 4074; x_wconf 92' lang='lat'><strong>,</strong></span> <span class='ocrx_word' id='word_1_781' title='bbox 3250 4008 3338 4063; x_wconf 89' lang='lat' dir='ltr'><strong>fac</strong></span> <span class='ocrx_word' id='word_1_782' title='bbox 3362 4017 3413 4064; x_wconf 91' lang='lat' dir='ltr'><strong>te</strong></span> <span class='ocrx_word' id='word_1_783' title='bbox 3444 4010 3725 4064; x_wconf 87' lang='lat' dir='ltr'><strong>consortio</strong></span> 
     </span>
    </p>
   </div>
   <div class='ocr_carea' id='block_1_100' title="bbox 2137 4103 3726 4162">
    <p class='ocr_par' dir='ltr' id='par_1_100' title="bbox 2137 4103 3726 4162">
     <span class='ocr_line' id='line_1_100' title="bbox 2137 4103 3726 4162; baseline -0.002 0"><span class='ocrx_word' id='word_1_784' title='bbox 2137 4106 2418 4162; x_wconf 88' lang='lat' dir='ltr'><strong>charitatis</strong></span> <span class='ocrx_word' id='word_1_785' title='bbox 2443 4114 2497 4160; x_wconf 89' lang='lat' dir='ltr'><strong>et</strong></span> <span class='ocrx_word' id='word_1_786' title='bbox 2527 4104 2879 4160; x_wconf 87' lang='lat' dir='ltr'><strong>fraternitatis</strong></span> <span class='ocrx_word' id='word_1_787' title='bbox 2906 4105 3118 4160; x_wconf 87' lang='lat' dir='ltr'><strong>vinculo</strong></span> <span class='ocrx_word' id='word_1_788' title='bbox 3142 4105 3497 4160; x_wconf 71' lang='lat' dir='ltr'><strong>cohaeredem.</strong></span> <span class='ocrx_word' id='word_1_789' title='bbox 3525 4103 3726 4159; x_wconf 87' lang='lat' dir='ltr'><strong>Dimit-</strong></span> 
     </span>
    </p>
   </div>
   <div class='ocr_carea' id='block_1_101' title="bbox 2140 4193 3726 4265">
    <p class='ocr_par' dir='ltr' id='par_1_101' title="bbox 2140 4193 3726 4265">
     <span class='ocr_line' id='line_1_101' title="bbox 2140 4193 3726 4265; baseline -0.003 -14"><span class='ocrx_word' id='word_1_790' title='bbox 2140 4204 2319 4251; x_wconf 89' lang='lat' dir='ltr'><strong>tentur</strong></span> <span class='ocrx_word' id='word_1_791' title='bbox 2356 4195 2454 4249; x_wconf 88' lang='lat' dir='ltr'><strong>tibi</strong></span> <span class='ocrx_word' id='word_1_792' title='bbox 2485 4195 2693 4260; x_wconf 86' lang='lat' dir='ltr'><strong>debita,</strong></span> <span class='ocrx_word' id='word_1_793' title='bbox 2721 4195 2936 4265; x_wconf 92' lang='lat' dir='ltr'><strong>quando</strong></span> <span class='ocrx_word' id='word_1_794' title='bbox 2966 4196 3077 4264; x_wconf 87' lang='lat' dir='ltr'><strong>ipsc</strong></span> <span class='ocrx_word' id='word_1_795' title='bbox 3114 4194 3413 4258; x_wconf 86' lang='lat' dir='ltr'><strong>dimiseris;</strong></span> <span class='ocrx_word' id='word_1_796' title='bbox 3452 4193 3726 4262; x_wconf 81' lang='lat' dir='ltr'><strong>accipien-</strong></span> 
     </span>
    </p>
   </div>
   <div class='ocr_carea' id='block_1_102' title="bbox 2140 4284 3720 4354">
    <p class='ocr_par' dir='ltr' id='par_1_102' title="bbox 2140 4284 3720 4354">
     <span class='ocr_line' id='line_1_102' title="bbox 2140 4284 3720 4354; baseline -0.003 -14"><span class='ocrx_word' id='word_1_797' title='bbox 2140 4296 2227 4340; x_wconf 90' lang='lat' dir='ltr'><strong>tur</strong></span> <span class='ocrx_word' id='word_1_798' title='bbox 2256 4284 2519 4340; x_wconf 88' lang='lat' dir='ltr'><strong>saerificia</strong></span> <span class='ocrx_word' id='word_1_799' title='bbox 2565 4294 2685 4349; x_wconf 90' lang='lat' dir='ltr'><strong>tua,</strong></span> <span class='ocrx_word' id='word_1_800' title='bbox 2721 4301 2840 4338; x_wconf 91' lang='lat' dir='ltr'><strong>eum</strong></span> <span class='ocrx_word' id='word_1_801' title='bbox 2882 4284 3137 4354; x_wconf 86' lang='lat' dir='ltr'><strong>pacificus</strong></span> <span class='ocrx_word' id='word_1_802' title='bbox 3167 4284 3234 4338; x_wconf 90' lang='lat' dir='ltr'><strong>ad</strong></span> <span class='ocrx_word' id='word_1_803' title='bbox 3275 4284 3439 4338; x_wconf 88' lang='lat' dir='ltr'><strong>Deum</strong></span> <span class='ocrx_word' id='word_1_804' title='bbox 3469 4284 3720 4348; x_wconf 89' lang='lat' dir='ltr'><strong>veneris;</strong></span> 
     </span>
    </p>
   </div>
   <div class='ocr_carea' id='block_1_103' title="bbox 2142 4373 3726 4443">
    <p class='ocr_par' dir='ltr' id='par_1_103' title="bbox 2142 4373 3726 4443">
     <span class='ocr_line' id='line_1_103' title="bbox 2142 4373 3726 4443; baseline -0.002 -12"><span class='ocrx_word' id='word_1_805' title='bbox 2142 4391 2332 4431; x_wconf 90' lang='lat' dir='ltr'><strong>sensus</strong></span> <span class='ocrx_word' id='word_1_806' title='bbox 2373 4384 2533 4443; x_wconf 90' lang='lat' dir='ltr'><strong>atque</strong></span> <span class='ocrx_word' id='word_1_807' title='bbox 2575 4384 2726 4429; x_wconf 89' lang='lat' dir='ltr'><strong>actus</strong></span> <span class='ocrx_word' id='word_1_808' title='bbox 2756 4375 2833 4428; x_wconf 90' lang='lat' dir='ltr'><strong>tui</strong></span> <span class='ocrx_word' id='word_1_809' title='bbox 2866 4375 3123 4429; x_wconf 90' lang='lat' dir='ltr'><strong>divinitus</strong></span> <span class='ocrx_word' id='word_1_810' title='bbox 3153 4374 3472 4443; x_wconf 84' lang='lat' dir='ltr'><strong>dirigentur,</strong></span> <span class='ocrx_word' id='word_1_811' title='bbox 3502 4373 3726 4441; x_wconf 89' lang='lat' dir='ltr'><strong>quando</strong></span> 
     </span>
    </p>
   </div>
   <div class='ocr_carea' id='block_1_104' title="bbox 2143 4465 3728 4537">
    <p class='ocr_par' dir='ltr' id='par_1_104' title="bbox 2143 4465 3728 4537">
     <span class='ocr_line' id='line_1_104' title="bbox 2143 4465 3728 4537; baseline -0.003 -13"><span class='ocrx_word' id='word_1_812' title='bbox 2143 4484 2204 4524; x_wconf 88' lang='lat' dir='ltr'><strong>ea</strong></span> <span class='ocrx_word' id='word_1_813' title='bbox 2235 4483 2355 4537; x_wconf 79' lang='lat' dir='ltr'><strong>quae</strong></span> <span class='ocrx_word' id='word_1_814' title='bbox 2393 4468 2574 4521; x_wconf 88' lang='lat' dir='ltr'><strong>divina</strong></span> <span class='ocrx_word' id='word_1_815' title='bbox 2617 4475 2670 4520; x_wconf 91' lang='lat' dir='ltr'><strong>et</strong></span> <span class='ocrx_word' id='word_1_816' title='bbox 2701 4466 2844 4535; x_wconf 88' lang='lat' dir='ltr'><strong>justa</strong></span> <span class='ocrx_word' id='word_1_817' title='bbox 2875 4475 2998 4521; x_wconf 91' lang='lat' dir='ltr'><strong>sunt</strong></span> <span class='ocrx_word' id='word_1_818' title='bbox 3027 4466 3368 4536; x_wconf 86' lang='lat' dir='ltr'><strong>cogitaveris.</strong></span> <span class='ocrx_word' id='word_1_819' title='bbox 3401 4465 3544 4519; x_wconf 87' lang='lat' dir='ltr'><strong>sicut</strong></span> <span class='ocrx_word' id='word_1_820' title='bbox 3586 4465 3728 4520; x_wconf 82' lang='lat' dir='ltr'><strong>scri-</strong></span> 
     </span>
    </p>
   </div>
   <div class='ocr_carea' id='block_1_105' title="bbox 2141 4554 3727 4628">
    <p class='ocr_par' dir='ltr' id='par_1_105' title="bbox 2141 4554 3727 4628">
     <span class='ocr_line' id='line_1_105' title="bbox 2141 4554 3727 4628; baseline -0.001 -17"><span class='ocrx_word' id='word_1_821' title='bbox 2141 4566 2288 4628; x_wconf 88' lang='lat' dir='ltr'><strong>ptum</strong></span> <span class='ocrx_word' id='word_1_822' title='bbox 2314 4556 2398 4612; x_wconf 82' lang='lat' dir='ltr'><strong>est</strong></span> <span class='ocrx_word' id='word_1_823' title='bbox 2423 4571 2437 4610; x_wconf 89' lang='lat'><strong>:</strong></span> <span class='ocrx_word' id='word_1_824' title='bbox 2469 4556 2575 4612; x_wconf 86' lang='lat' dir='ltr'><strong>Cor</strong></span> <span class='ocrx_word' id='word_1_825' title='bbox 2601 4557 2702 4610; x_wconf 89' lang='lat' dir='ltr'><strong>viri</strong></span> <span class='ocrx_word' id='word_1_826' title='bbox 2730 4557 2930 4627; x_wconf 88' lang='lat' dir='ltr'><strong>cogitat</strong></span> <span class='ocrx_word' id='word_1_827' title='bbox 2966 4555 3131 4626; x_wconf 90' lang='lat' dir='ltr'><strong>justa,</strong></span> <span class='ocrx_word' id='word_1_828' title='bbox 3157 4562 3216 4609; x_wconf 86' lang='lat' dir='ltr'><strong>ut</strong></span> <span class='ocrx_word' id='word_1_829' title='bbox 3242 4570 3271 4608; x_wconf 88' lang='lat' dir='ltr'><strong>a</strong></span> <span class='ocrx_word' id='word_1_830' title='bbox 3314 4554 3429 4609; x_wconf 91' lang='lat' dir='ltr'><strong>Deo</strong></span> <span class='ocrx_word' id='word_1_831' title='bbox 3454 4554 3727 4625; x_wconf 85' lang='lat' dir='ltr'><strong>dirigatur</strong></span> 
     </span>
    </p>
   </div>
   <div class='ocr_carea' id='block_1_106' title="bbox 2143 4638 3725 4721">
    <p class='ocr_par' dir='ltr' id='par_1_106' title="bbox 2143 4638 3725 4721">
     <span class='ocr_line' id='line_1_106' title="bbox 2143 4638 3725 4721; baseline 0.001 -22"><span class='ocrx_word' id='word_1_832' title='bbox 2143 4647 2324 4721; x_wconf 83' lang='lat' dir='ltr'><strong>(Prov.</strong></span> <span class='ocrx_word' id='word_1_833' title='bbox 2344 4638 2477 4711; x_wconf 74' lang='lat' dir='ltr'><strong>XVI).</strong></span> <span class='ocrx_word' id='word_1_834' title='bbox 2499 4647 2675 4702; x_wconf 83' lang='lat' dir='ltr'><strong>[labes</strong></span> <span class='ocrx_word' id='word_1_835' title='bbox 2707 4656 2887 4702; x_wconf 85' lang='lat' dir='ltr'><strong>autem</strong></span> <span class='ocrx_word' id='word_1_836' title='bbox 2929 4646 3096 4700; x_wconf 90' lang='lat' dir='ltr'><strong>multa</strong></span> <span class='ocrx_word' id='word_1_837' title='bbox 3136 4663 3256 4716; x_wconf 76' lang='lat' dir='ltr'><strong>qua:</strong></span> <span class='ocrx_word' id='word_1_838' title='bbox 3287 4646 3490 4715; x_wconf 85' lang='lat' dir='ltr'><strong>cogites</strong></span> <span class='ocrx_word' id='word_1_839' title='bbox 3516 4664 3528 4700; x_wconf 94' lang='lat'>:</span> <span class='ocrx_word' id='word_1_840' title='bbox 3560 4660 3725 4715; x_wconf 87' lang='lat' dir='ltr'><strong>para-</strong></span> 
     </span>
    </p>
   </div>
   <div class='ocr_carea' id='block_1_107' title="bbox 2142 4736 3727 4807">
    <p class='ocr_par' dir='ltr' id='par_1_107' title="bbox 2142 4736 3727 4807">
     <span class='ocr_line' id='line_1_107' title="bbox 2142 4736 3727 4807; baseline 0.003 -19"><span class='ocrx_word' id='word_1_841' title='bbox 2142 4738 2317 4793; x_wconf 90' lang='lat' dir='ltr'><strong>disum</strong></span> <span class='ocrx_word' id='word_1_842' title='bbox 2349 4739 2549 4807; x_wconf 89' lang='lat' dir='ltr'><strong>cogita,</strong></span> <span class='ocrx_word' id='word_1_843' title='bbox 2582 4754 2691 4807; x_wconf 78' lang='lat' dir='ltr'><strong>quo</strong></span> <span class='ocrx_word' id='word_1_844' title='bbox 2725 4737 2857 4793; x_wconf 89' lang='lat' dir='ltr'><strong>Cain</strong></span> <span class='ocrx_word' id='word_1_845' title='bbox 2895 4752 3000 4793; x_wconf 89' lang='lat' dir='ltr'><strong>non</strong></span> <span class='ocrx_word' id='word_1_846' title='bbox 3032 4738 3201 4803; x_wconf 87' lang='lat' dir='ltr'><strong>redit,</strong></span> <span class='ocrx_word' id='word_1_847' title='bbox 3228 4737 3317 4807; x_wconf 92' lang='lat' dir='ltr'><strong>qui</strong></span> <span class='ocrx_word' id='word_1_848' title='bbox 3348 4737 3462 4791; x_wconf 89' lang='lat' dir='ltr'><strong>zelo</strong></span> <span class='ocrx_word' id='word_1_849' title='bbox 3495 4736 3727 4793; x_wconf 83' lang='lat' dir='ltr'><strong>fratrem</strong></span> 
     </span>
    </p>
   </div>
   <div class='ocr_carea' id='block_1_108' title="bbox 2144 4826 3727 4897">
    <p class='ocr_par' dir='ltr' id='par_1_108' title="bbox 2144 4826 3727 4897">
     <span class='ocr_line' id='line_1_108' title="bbox 2144 4826 3727 4897; baseline 0.001 -16"><span class='ocrx_word' id='word_1_850' title='bbox 2144 4828 2390 4897; x_wconf 85' lang='lat' dir='ltr'><strong>peremit.</strong></span> <span class='ocrx_word' id='word_1_851' title='bbox 2435 4827 2620 4895; x_wconf 87' lang='lat' dir='ltr'><strong>Cogita</strong></span> <span class='ocrx_word' id='word_1_852' title='bbox 2651 4827 2870 4883; x_wconf 67' lang='lat' dir='ltr'><strong>caeleste</strong></span> <span class='ocrx_word' id='word_1_853' title='bbox 2902 4842 3142 4897; x_wconf 86' lang='lat' dir='ltr'><strong>regnum,</strong></span> <span class='ocrx_word' id='word_1_854' title='bbox 3188 4828 3253 4881; x_wconf 89' lang='lat' dir='ltr'><strong>ad</strong></span> <span class='ocrx_word' id='word_1_855' title='bbox 3296 4826 3438 4896; x_wconf 86' lang='lat' dir='ltr'><strong>quod</strong></span> <span class='ocrx_word' id='word_1_856' title='bbox 3482 4844 3588 4881; x_wconf 88' lang='lat' dir='ltr'><strong>non</strong></span> <span class='ocrx_word' id='word_1_857' title='bbox 3618 4827 3727 4882; x_wconf 86' lang='lat' dir='ltr'><strong>nisi</strong></span> 
     </span>
    </p>
   </div>
   <div class='ocr_carea' id='block_1_109' title="bbox 2144 4914 3726 4985">
    <p class='ocr_par' dir='ltr' id='par_1_109' title="bbox 2144 4914 3726 4985">
     <span class='ocr_line' id='line_1_109' title="bbox 2144 4914 3726 4985; baseline -0.001 -14"><span class='ocrx_word' id='word_1_858' title='bbox 2144 4918 2425 4971; x_wconf 88' lang='lat' dir='ltr'><strong>unanimes</strong></span> <span class='ocrx_word' id='word_1_859' title='bbox 2453 4926 2613 4985; x_wconf 85' lang='lat' dir='ltr'><strong>atque</strong></span> <span class='ocrx_word' id='word_1_860' title='bbox 2640 4916 2933 4972; x_wconf 78' lang='lat' dir='ltr'><strong>concordes</strong></span> <span class='ocrx_word' id='word_1_861' title='bbox 2959 4916 3215 4971; x_wconf 89' lang='lat' dir='ltr'><strong>Dominus</strong></span> <span class='ocrx_word' id='word_1_862' title='bbox 3241 4916 3495 4970; x_wconf 89' lang='lat' dir='ltr'><strong>admittit.</strong></span> <span class='ocrx_word' id='word_1_863' title='bbox 3533 4914 3726 4985; x_wconf 83' lang='lat' dir='ltr'><strong>Cogita</strong></span> 
     </span>
    </p>
   </div>
   <div class='ocr_carea' id='block_1_110' title="bbox 2143 5007 3726 5078">
    <p class='ocr_par' dir='ltr' id='par_1_110' title="bbox 2143 5007 3726 5078">
     <span class='ocr_line' id='line_1_110' title="bbox 2143 5007 3726 5078; baseline 0.003 -19"><span class='ocrx_word' id='word_1_864' title='bbox 2143 5009 2284 5077; x_wconf 89' lang='lat' dir='ltr'><strong>quod</strong></span> <span class='ocrx_word' id='word_1_865' title='bbox 2313 5007 2403 5062; x_wconf 84' lang='lat' dir='ltr'><strong>filii</strong></span> <span class='ocrx_word' id='word_1_866' title='bbox 2433 5007 2522 5061; x_wconf 91' lang='lat' dir='ltr'><strong>Dei</strong></span> <span class='ocrx_word' id='word_1_867' title='bbox 2562 5008 2614 5061; x_wconf 92' lang='lat' dir='ltr'><strong>hi</strong></span> <span class='ocrx_word' id='word_1_868' title='bbox 2652 5008 2747 5062; x_wconf 90' lang='lat' dir='ltr'><strong>soli</strong></span> <span class='ocrx_word' id='word_1_869' title='bbox 2789 5008 2994 5077; x_wconf 85' lang='lat' dir='ltr'><strong>possint</strong></span> <span class='ocrx_word' id='word_1_870' title='bbox 3020 5009 3196 5063; x_wconf 89' lang='lat' dir='ltr'><strong>vocari</strong></span> <span class='ocrx_word' id='word_1_871' title='bbox 3229 5009 3322 5078; x_wconf 90' lang='lat' dir='ltr'><strong>qui</strong></span> <span class='ocrx_word' id='word_1_872' title='bbox 3352 5008 3455 5063; x_wconf 86' lang='lat' dir='ltr'><strong>sint</strong></span> <span class='ocrx_word' id='word_1_873' title='bbox 3486 5008 3726 5077; x_wconf 80' lang='lat' dir='ltr'><strong>pacifici,</strong></span> 
     </span>
    </p>
   </div>
   <div class='ocr_carea' id='block_1_111' title="bbox 2145 5096 3729 5168">
    <p class='ocr_par' dir='ltr' id='par_1_111' title="bbox 2145 5096 3729 5168">
     <span class='ocr_line' id='line_1_111' title="bbox 2145 5096 3729 5168; baseline 0.003 -19"><span class='ocrx_word' id='word_1_874' title='bbox 2145 5098 2235 5167; x_wconf 89' lang='lat' dir='ltr'><strong>qui</strong></span> <span class='ocrx_word' id='word_1_875' title='bbox 2283 5098 2562 5153; x_wconf 85' lang='lat' dir='ltr'><strong>nativitalc</strong></span> <span class='ocrx_word' id='word_1_876' title='bbox 2590 5107 2644 5152; x_wconf 89' lang='lat' dir='ltr'><strong>et</strong></span> <span class='ocrx_word' id='word_1_877' title='bbox 2690 5099 2804 5168; x_wconf 87' lang='lat' dir='ltr'><strong>lege</strong></span> <span class='ocrx_word' id='word_1_878' title='bbox 2842 5098 3019 5152; x_wconf 87' lang='lat' dir='ltr'><strong>divina</strong></span> <span class='ocrx_word' id='word_1_879' title='bbox 3064 5099 3129 5152; x_wconf 90' lang='lat' dir='ltr'><strong>ad</strong></span> <span class='ocrx_word' id='word_1_880' title='bbox 3176 5096 3578 5153; x_wconf 88' lang='lat' dir='ltr'><strong>similitudinem</strong></span> <span class='ocrx_word' id='word_1_881' title='bbox 3626 5098 3729 5154; x_wconf 86' lang='lat' dir='ltr'><strong>Dei</strong></span> 
     </span>
    </p>
   </div>
   <div class='ocr_carea' id='block_1_112' title="bbox 2149 5186 3734 5258">
    <p class='ocr_par' dir='ltr' id='par_1_112' title="bbox 2149 5186 3734 5258">
     <span class='ocr_line' id='line_1_112' title="bbox 2149 5186 3734 5258; baseline 0.004 -20"><span class='ocrx_word' id='word_1_882' title='bbox 2149 5186 2323 5241; x_wconf 83' lang='lat' dir='ltr'><strong>Patris</strong></span> <span class='ocrx_word' id='word_1_883' title='bbox 2365 5196 2420 5242; x_wconf 91' lang='lat' dir='ltr'><strong>et</strong></span> <span class='ocrx_word' id='word_1_884' title='bbox 2447 5187 2647 5241; x_wconf 86' lang='lat' dir='ltr'><strong>Christi</strong></span> <span class='ocrx_word' id='word_1_885' title='bbox 2696 5189 3055 5257; x_wconf 84' lang='lat' dir='ltr'><strong>respondeant</strong></span> <span class='ocrx_word' id='word_1_886' title='bbox 3099 5188 3323 5242; x_wconf 89' lang='lat' dir='ltr'><strong>adunari</strong></span> <span class='ocrx_word' id='word_1_887' title='bbox 3364 5188 3586 5258; x_wconf 88' lang='lat' dir='ltr'><strong>:cogita</strong></span> <span class='ocrx_word' id='word_1_888' title='bbox 3622 5188 3734 5245; x_wconf 79' lang='lat' dir='ltr'><strong>sub</strong></span> 
     </span>
    </p>
   </div>
   <div class='ocr_carea' id='block_1_113' title="bbox 2147 5278 3733 5349">
    <p class='ocr_par' dir='ltr' id='par_1_113' title="bbox 2147 5278 3733 5349">
     <span class='ocr_line' id='line_1_113' title="bbox 2147 5278 3733 5349; baseline 0.001 -17"><span class='ocrx_word' id='word_1_889' title='bbox 2147 5278 2315 5332; x_wconf 79' lang='lat' dir='ltr'><strong>oculis</strong></span> <span class='ocrx_word' id='word_1_890' title='bbox 2338 5279 2429 5332; x_wconf 85' lang='lat' dir='ltr'><strong>Dei</strong></span> <span class='ocrx_word' id='word_1_891' title='bbox 2458 5287 2625 5344; x_wconf 84' lang='lat' dir='ltr'><strong>stare,</strong></span> <span class='ocrx_word' id='word_1_892' title='bbox 2647 5287 2925 5349; x_wconf 83' lang='lat' dir='ltr'><strong>spectante</strong></span> <span class='ocrx_word' id='word_1_893' title='bbox 2951 5294 3016 5334; x_wconf 89' lang='lat' dir='ltr'><strong>ac</strong></span> <span class='ocrx_word' id='word_1_894' title='bbox 3036 5278 3310 5347; x_wconf 80' lang='lat' dir='ltr'><strong>judicante</strong></span> <span class='ocrx_word' id='word_1_895' title='bbox 3336 5279 3474 5349; x_wconf 85' lang='lat' dir='ltr'><strong>ipso,</strong></span> <span class='ocrx_word' id='word_1_896' title='bbox 3501 5294 3733 5334; x_wconf 82' lang='lat' dir='ltr'><strong>conver-</strong></span> 
     </span>
    </p>
   </div>
   <div class='ocr_carea' id='block_1_114' title="bbox 2148 5369 3737 5439">
    <p class='ocr_par' dir='ltr' id='par_1_114' title="bbox 2148 5369 3737 5439">
     <span class='ocr_line' id='line_1_114' title="bbox 2148 5369 3737 5439; baseline 0.003 -18"><span class='ocrx_word' id='word_1_897' title='bbox 2148 5369 2370 5423; x_wconf 88' lang='lat' dir='ltr'><strong>sationis</strong></span> <span class='ocrx_word' id='word_1_898' title='bbox 2408 5384 2470 5423; x_wconf 87' lang='lat' dir='ltr'><strong>ac</strong></span> <span class='ocrx_word' id='word_1_899' title='bbox 2498 5369 2621 5423; x_wconf 77' lang='lat' dir='ltr'><strong>vitae</strong></span> <span class='ocrx_word' id='word_1_900' title='bbox 2655 5378 2854 5424; x_wconf 74' lang='lat' dir='ltr'><strong>nostrze</strong></span> <span class='ocrx_word' id='word_1_901' title='bbox 2881 5369 3177 5434; x_wconf 88' lang='lat' dir='ltr'><strong>curricula;</strong></span> <span class='ocrx_word' id='word_1_902' title='bbox 3217 5370 3403 5439; x_wconf 87' lang='lat' dir='ltr'><strong>sicque</strong></span> <span class='ocrx_word' id='word_1_903' title='bbox 3437 5370 3737 5427; x_wconf 82' lang='lat' dir='ltr'><strong>decurrere</strong></span> 
     </span>
    </p>
   </div>
   <div class='ocr_carea' id='block_1_115' title="bbox 2148 5460 3735 5528">
    <p class='ocr_par' dir='ltr' id='par_1_115' title="bbox 2148 5460 3735 5528">
     <span class='ocr_line' id='line_1_115' title="bbox 2148 5460 3735 5528; baseline -0.001 -14"><span class='ocrx_word' id='word_1_904' title='bbox 2148 5469 2203 5514; x_wconf 90' lang='lat' dir='ltr'><strong>ct</strong></span> <span class='ocrx_word' id='word_1_905' title='bbox 2233 5461 2513 5528; x_wconf 85' lang='lat' dir='ltr'><strong>pervenire</strong></span> <span class='ocrx_word' id='word_1_906' title='bbox 2553 5476 2651 5514; x_wconf 88' lang='lat' dir='ltr'><strong>nos</strong></span> <span class='ocrx_word' id='word_1_907' title='bbox 2690 5460 2756 5513; x_wconf 91' lang='lat' dir='ltr'><strong>ad</strong></span> <span class='ocrx_word' id='word_1_908' title='bbox 2797 5460 2899 5514; x_wconf 89' lang='lat' dir='ltr'><strong>hoc</strong></span> <span class='ocrx_word' id='word_1_909' title='bbox 2936 5468 3061 5513; x_wconf 89' lang='lat' dir='ltr'><strong>tunc</strong></span> <span class='ocrx_word' id='word_1_910' title='bbox 3098 5460 3308 5513; x_wconf 89' lang='lat' dir='ltr'><strong>demum</strong></span> <span class='ocrx_word' id='word_1_911' title='bbox 3342 5473 3499 5526; x_wconf 85' lang='lat' dir='ltr'><strong>posse</strong></span> <span class='ocrx_word' id='word_1_912' title='bbox 3533 5460 3735 5513; x_wconf 87' lang='lat' dir='ltr'><strong>creda-</strong></span> 
     </span>
    </p>
   </div>
   <div class='ocr_carea' id='block_1_116' title="bbox 2153 5547 3739 5619">
    <p class='ocr_par' dir='ltr' id='par_1_116' title="bbox 2153 5547 3739 5619">
     <span class='ocr_line' id='line_1_116' title="bbox 2153 5547 3739 5619; baseline -0.003 -15"><span class='ocrx_word' id='word_1_913' title='bbox 2153 5567 2288 5611; x_wconf 84' lang='lat' dir='ltr'><strong>mus.</strong></span> <span class='ocrx_word' id='word_1_914' title='bbox 2319 5559 2375 5603; x_wconf 93' lang='lat' dir='ltr'><strong>ut</strong></span> <span class='ocrx_word' id='word_1_915' title='bbox 2403 5566 2525 5604; x_wconf 88' lang='lat' dir='ltr'><strong>eum</strong></span> <span class='ocrx_word' id='word_1_916' title='bbox 2555 5550 2736 5603; x_wconf 86' lang='lat' dir='ltr'><strong>videre</strong></span> <span class='ocrx_word' id='word_1_917' title='bbox 2779 5550 3057 5619; x_wconf 82' lang='lat' dir='ltr'><strong>contingat</strong></span> <span class='ocrx_word' id='word_1_918' title='bbox 3092 5548 3266 5610; x_wconf 82' lang='lat' dir='ltr'><strong>nobis,</strong></span> <span class='ocrx_word' id='word_1_919' title='bbox 3300 5563 3343 5601; x_wconf 88' lang='lat' dir='ltr'><strong>Si</strong></span> <span class='ocrx_word' id='word_1_920' title='bbox 3384 5547 3555 5615; x_wconf 89' lang='lat' dir='ltr'><strong>ipsum</strong></span> <span class='ocrx_word' id='word_1_921' title='bbox 3585 5562 3739 5602; x_wconf 83' lang='lat' dir='ltr'><strong>nunc</strong></span> 
     </span>
    </p>
   </div>
   <div class='ocr_carea' id='block_1_117' title="bbox 2152 5633 3739 5703">
    <p class='ocr_par' dir='ltr' id='par_1_117' title="bbox 2152 5633 3739 5703">
     <span class='ocr_line' id='line_1_117' title="bbox 2152 5633 3739 5703; baseline -0.001 -8"><span class='ocrx_word' id='word_1_922' title='bbox 2152 5633 2417 5697; x_wconf 85' lang='lat' dir='ltr'><strong>videntem</strong></span> <span class='ocrx_word' id='word_1_923' title='bbox 2455 5640 2781 5696; x_wconf 86' lang='lat' dir='ltr'><strong>delectemus</strong></span> <span class='ocrx_word' id='word_1_924' title='bbox 2817 5640 3024 5694; x_wconf 88' lang='lat' dir='ltr'><strong>actibus</strong></span> <span class='ocrx_word' id='word_1_925' title='bbox 3059 5640 3291 5701; x_wconf 88' lang='lat' dir='ltr'><strong>nostris,</strong></span> <span class='ocrx_word' id='word_1_926' title='bbox 3333 5639 3377 5692; x_wconf 88' lang='lat' dir='ltr'><strong>si</strong></span> <span class='ocrx_word' id='word_1_927' title='bbox 3409 5652 3506 5691; x_wconf 84' lang='lat' dir='ltr'><strong>nos</strong></span> <span class='ocrx_word' id='word_1_928' title='bbox 3535 5636 3739 5703; x_wconf 74' lang='lat' dir='ltr'><strong>dignos</strong></span> 
     </span>
    </p>
   </div>
  </div>
