4040 6188
274 297 352 353 ll’l
1220 300 1521 356 llOMliJA‘J
1566 301 1651 354 DE
1691 300 1926 355 1·ἚὶὀῖΊὸ
1971 299 2380 369 ΡΒιΕΕΙΡϋΙὸ,
2422 303 2573 359 ΕἸῈ.

3423 319 3525 375 illi

269 418 426 485 gratia
473 414 592 482 ejus
636 424 692 468 et
736 414 1061 484 indulgentia
1107 417 1460 485 praebeamus.
1506 417 1550 470 si
1597 415 1840 486 plaeitnri
1874 419 1920 476 Α
1947 415 2179 482 habere,
2224 424 2276 472 ct
2318 417 2509 488 perdes
2538 436 2631 489 per
2661 421 2973 488 iniustitiam
3002 424 3144 493 quod
3172 435 3223 481 te
3250 426 3389 482 Deus
3417 430 3532 483 vult

268 523 469 576 ECIHPU‘
518 508 573 560 in
619 522 808 575 regno,
856 507 910 561 in
952 509 1053 562 hoc
1085 510 1283 561 mundo
1328 517 1452 562 ante
1486 509 1795 577 placeamus
1829 525 1841 560 :

269 599 344 652 cui
384 605 511 650 tunc
553 597 674 650 sine
711 596 874 650 dubio
914 596 1265 667 placebimus,
1309 598 1354 652 si
1398 598 1554 651 modo
1594 600 1663 651 ah
1699 600 1846 652 omni

270 691 374 745 zelo
401 700 460 745 et
496 690 668 744 livore
701 691 917 745 invidiae
949 692 1107 746 alieni
1143 693 1447 755 existimus,
1482 703 1536 747 et
1576 694 1849 762 proximis

271 791 473 835 mstrns
511 796 641 835 vera
680 781 967 836 dilectione
1004 797 1249 835 amamus
1282 801 1294 835 :
1332 784 1456 852 quia
1499 783 1704 851 paritici
1755 784 1846 838 filii

270 882 386 927 sunt
427 875 560 937 Det,
599 881 657 926 et
693 874 786 942 qui
831 873 1005 940 diligit
1038 874 1257 928 fratrem
1300 892 1453 930 suum
1497 892 1562 931 ex
1606 878 1712 930 Deo
1748 892 1845 930 na-

270 977 348 1019 tas
376 977 462 1020 est
487 976 542 1022 et
573 967 775 1020 videbit
803 968 965 1022 Deum
993 985 1006 1020 :
1031 968 1184 1036 cujus
1218 969 1420 1022 visiOnc
1454 981 1709 1039 perpetua
1735 971 1847 1037 ipse

271 1074 357 1109 nos
395 1057 600 1127 perfrui
634 1058 922 1120 concedat,
953 1057 1043 1126 qui
1078 1073 1174 1112 nos
1216 1075 1244 1113 a
1281 1069 1451 1114 morte
1492 1071 1746 1130 perpetua
1779 1063 1844 1114 li-

272 1151 566 1211 beraverat,
600 1149 853 1204 Christus
888 1148 1122 1202 salvator
1152 1156 1352 1209 noster,
1389 1150 1478 1217 qui
1516 1152 1641 1205 vivit
1674 1160 1727 1203 et
1759 1167 1842 1206 rc-

269 1252 530 1310 gnatcum
557 1243 666 1296 Deo
696 1241 859 1295 Patre
891 1242 945 1294 in
977 1241 1181 1295 unitate
1215 1242 1450 1311 Spiritus
1480 1244 1649 1296 sancti
1682 1244 1842 1307 Deus,

269 1350 355 1401 p‘r
389 1333 574 1387 omnia
612 1333 810 1387 szecula
850 1332 1188 1387 saeculorum.
1234 1334 1404 1388 Amen

818 1472 1093 1527 llOMlLlA
1137 1472 1294 1529 LXII.

572 1602 780 1640 COVTRA
821 1601 1063 1640 FRAUDEM
1102 1601 1172 1640 ΕΤ
1210 1601 1518 1639 ΑἚἋΒΙΤΙΑἎΙ.

330 1698 598 1752 Ευιινρηὶι
637 1699 771 1751 bene
815 1697 1016 1750 homini
1056 1696 1364 1751 Christiano
1401 1698 1490 1766 qni
1530 1699 1592 1752 ad
1626 1698 1844 1753 coaleste

1950 506 2169 572 habere,
2215 507 2265 561 id
2312 518 2396 563 est
2436 510 2821 565 beatitudinem
2846 516 3250 584 sempiternam.
3296 517 3353 574 Si
3383 523 3530 575 enim

1948 593 2036 648 fur
2061 596 2143 650 vel
2173 606 2355 665 raptor
2374 598 2588 653 oculum
2613 602 2935 671 perdidisset
2960 605 3012 659 in
3041 605 3183 662 furto
3209 609 3291 663 vel
3317 610 3531 682 rapina,

1949 683 2173 741 forsitan
2204 697 2389 757 postea
2427 690 2628 745 furtum
2658 709 2762 747 non
2790 694 3008 751 fecisset
3035 699 3117 754 vel
3147 701 3391 773 rapinam
3424 720 3437 757 :
3476 716 3530 761 ct

1948 776 2122 828 nescit
2149 776 2234 830 ille
2264 777 2384 831 talis
2408 782 2549 848 quod
2581 781 2633 834 in
2665 781 2925 859 ejusmodi
2953 796 3172 855 peccato
3202 788 3381 846 lumen
3415 809 3535 863 per-

1947 866 2082 921 didit
2107 869 2301 931 cordis,
2335 872 2477 938 quod
2509 872 2698 929 melior
2724 886 2808 930 est
2831 878 2977 931 omni
3019 878 3220 935 lumine
3264 886 3530 953 corporis.

1947 958 2136 1029 Magis,
2183 977 2365 1025 avare,
2413 964 2507 1017 des
2570 968 2894 1036 pauperibus
2952 972 3093 1040 quod
3140 974 3325 1038 habes,
3370 993 3531 1045 quam

1946 1064 2042 1117 per
2066 1050 2307 1104 fraudem
2336 1054 2584 1121 acquiras
2611 1058 2752 1125 quod
2778 1074 2882 1111 non
2913 1061 3099 1126 habes,
3131 1073 3189 1117 ut
3213 1066 3451 1122 invrnias
3479 1070 3537 1125 in

1945 1138 2082 1191 cmlo
2125 1142 2266 1208 quod
2309 1142 2502 1196 dedisti
2546 1146 2598 1198 in
2641 1155 2784 1201 terra
2825 1167 2837 1202 :
2877 1151 3003 1218 quid
3052 1153 3208 1210 times
3248 1160 3557 1225 pecuniam’

1947 1236 2088 1282 tuam
2121 1231 2366 1298 perdere,
2393 1242 2447 1287 et
2473 1250 2575 1288 non
2607 1237 2764 1291 times
2795 1250 2851 1292 ut
2879 1250 3020 1294 totus
3049 1248 3273 1311 pereas?
3299 1247 3401 1302 Pro
3430 1267 3524 1306 ac-

1944 1319 2232 1386 quisltione
2265 1324 2505 1389 pecunia:
2550 1324 2739 1381 falsum
2781 1330 3143 1388 testimonium
3187 1336 3341 1403 dicis,
3384 1355 3532 1397 mcu-

1947 1408 2081 1471 tiris,
2124 1411 2268 1478 rapis
2306 1411 2513 1475 aliena,
2548 1412 2722 1481 juras,
2762 1418 3028 1488 perjnras,
3073 1439 3192 1491 qua:
3233 1424 3312 1479 lex
3342 1437 3527 1483 vetat:

1946 1514 2120 1554 nonne
2159 1516 2280 1554 cum
2331 1503 2444 1556 inec
2484 1505 2662 1558 omnia
2720 1506 2882 1572 facis,
2928 1526 3095 1578 quare
3134 1530 3238 1567 non
3282 1517 3438 1572 times
3476 1528 3533 1572 ιιι

1946 1600 2089 1644 totus
2128 1593 2318 1647 ardcas
2358 1596 2411 1646 in
2456 1600 2755 1651 aeternum?
2802 1600 2931 1666 Cur,
2976 1620 3171 1670 avare,
3223 1607 3339 1676 plus
3378 1626 3529 1681 amas

1945 1697 2133 1733 aurum
2176 1699 2334 1750 quam
2378 1685 2653 1739 animum?
2699 1689 2835 1754 Quid
2878 1693 3019 1746 enim
3064 1698 3306 1763 proderit
3346 1701 3438 1754 tibi
3482 1702 3527 1756 si

266 1790 433 1843 unum
472 1803 731 1856 mgnum,
772 1795 829 1841 ει
869 1801 1127 1855 δίψει-ηπ
1166 1787 1378 1841 divitias
1417 1788 1695 1855 percipere
1733 1804 1847 1842 ³η),
1880 1756 1921 1813 Β
1951 1772 2204 1826 mumlum
2239 1774 2544 1829 universum
2584 1777 2828 1843 lucreris,
2867 1783 3059 1837 animm
3095 1795 3274 1841 autem
3309 1798 3410 1843 tute
3437 1794 3527 1846 de-

267 1881 357 1941 bit,
388 1887 445 1931 ut
473 1893 535 1932 se
559 1894 589 1931 a
620 1876 973 1945 pnesentibus
998 1875 1157 1931 rebus
1192 1884 1473 1945 temperet,
1501 1885 1554 1931 ct
1580 1878 1847 1947 philargv-

268 1970 354 2020 ne
380 1967 598 2025 malum,
633 1966 778 2035 quod
807 1965 1041 2019 maxime
1074 1966 1364 2019 humanum
1400 1981 1568 2035 genus
1590 1967 1846 2035 eaptivat,

265 2056 412 2124 quasi
444 2070 708 2109 venenum
741 2054 1076 2110 mortifermn
1118 2054 1318 2123 fugiat,
1364 2072 1431 2111 uc
1472 2071 1569 2126 per
1608 2056 1847 2112 fraudem

264 2147 459 2216 aliquid
494 2146 720 2215 adipisci
748 2147 969 2217 gestiat,
996 2147 1077 2201 vel
1104 2164 1199 2218 per
1227 2148 1572 2217 rapacitatem
1601 2165 1844 2218 possessa

267 2243 649 2295 i.nmensuratc
677 2240 905 2294 retineat
934 2255 950 2293 :
988 2242 1110 2310 quia
1144 2242 1319 2295 omnis
1348 2239 1494 2296 fraus
1522 2241 1630 2296 Deo
1660 2242 1846 2311 displi-

267 2340 367 2393 cet,
394 2341 447 2385 et
472 2331 700 2385 avaritia
728 2331 1042 2386 idololatria:
1086 2334 1155 2386 ab
1200 2332 1453 2401 Apostolo
1480 2343 1841 2402 comparatur.

267 2420 431 2472 Αωτο
449 2430 649 2482 autem,
671 2419 806 2474 dicit
831 2418 1131 2488 Scriptura,
1155 2421 1283 2474 nihil
1300 2433 1373 2475 es:
1399 2422 1679 2475 scelestius.
1707 2422 1845 2488 Quid

268 2510 488 2576 superbit
518 2518 660 2563 terra
685 2518 734 2562 et
761 2509 893 2563 cinis
909 2510 934 2561 .7
961 2509 1110 2564 Nihil
1138 2522 1213 2565 est
1236 2512 1463 2582 iniquius
1486 2528 1644 2582 quam
1668 2530 1846 2568 amare

266 2602 554 2667 pecuniam.
607 2599 713 2655 Hic
753 2602 891 2655 enim
938 2603 1169 2656 aniiuam
1217 2619 1365 2657 suam
1415 2602 1648 2657 venalem
1694 2604 1847 2658 habet

269 2691 451 2761 (Ειεέἰ.
491 2691 569 2762 x).
606 2691 845 2745 Avaritia
877 2692 1040 2751 enim.
1072 2707 1232 2762 quam
1267 2693 1438 2748 Graeci
1464 2693 1845 2765 philargyriam

268 2792 477 2845 vocant,
529 2782 699 2835 nimia
746 2790 827 2835 est
874 2782 1139 2850 cupiditas
1182 2783 1488 2838 divitiarum
1533 2784 1846 2854 acquirendi

270 2871 347 2926 vel
370 2874 608 2927 tenendi.
637 2873 768 2940 Qua:
792 2873 959 2943 pestis
987 2873 1322 2943 inexplebilis
1346 2883 1448 2939 est,
1478 2885 1532 2930 et
1559 2876 1847 2947 hydropico

271 2965 447 3020 morbi)
470 2965 746 3020 similatur
775 2979 790 3018 :
822 2965 961 3020 sicut
982 2966 1124 3020 enim
1163 2966 1482 3038 hydropicus
1504 2976 1704 3037 quanto
1727 2967 1845 3037 plus

1951 1863 2259 1916 trizueutum
2291 1866 2554 1933 pa'.iaris?
2602 1868 2668 1921 Et
2712 1870 2822 1937 ipse
2872 1872 3127 1930 Dominus
3159 1878 3210 1930 in
3240 1878 3528 1950 Evangelia

1948 1951 2073 2004 dicit
2113 1969 2125 2005 :
2164 1953 2358 2008 Cavete
2384 1953 2451 2007 ab
2488 1957 2636 2011 omni
2676 1958 2929 2026 avaritia,
2960 1962 3085 2031 quia
3116 1981 3221 2018 non
3265 1967 3316 2019 in
3357 1970 3528 2023 aliun~

1948 2043 2128 2097 tlantia
2173 2043 2484 2115 cujusquam
2534 2048 2643 2101 vita
2686 2059 2768 2103 est
2811 2066 2931 2120 qua:
2977 2054 3227 2121 possidet.
3278 2056 3528 2131 Nunquid

1948 2150 2056 2187 non
2085 2134 2277 2190 divites
2313 2136 2562 2191 similiter
2604 2140 2903 2193 moriuntur
2942 2142 3082 2197 sicut
3119 2153 3173 2197 et
3214 2160 3476 2216 pauperes
3510 2167 3523 2203 :

1948 2242 2051 2279 non
2084 2227 2335 2296 prodesse
2362 2238 2588 2298 possunt
2617 2230 2819 2287 divitia:
2853 2232 2906 2287 in
2936 2235 3021 2289 die
3047 2236 3289 2304 ultionis,
3331 2256 3430 2309 nec
3460 2241 3524 2296 li-

1947 2316 2211 2371 berabunt
2244 2318 2383 2372 male
2409 2329 2623 2377 utentes
2648 2322 2727 2377 eis
2753 2338 2782 2376 a
2809 2324 2984 2392 ptenis
3009 2327 3368 2395 sempiternis.
3402 2329 3529 2385 Vul-

1948 2408 2036 2470 tis,
2069 2405 2281 2471 fratres,
2314 2425 2471 2464 nosse
2500 2426 2661 2479 quam
2692 2414 3010 2482 perniciose,
3042 2432 3201 2485 quam
3231 2421 3407 2485 noxie,
3440 2422 3525 2476 fo-

1946 2513 2060 2550 mes
2088 2498 2207 2563 iste,
2235 2500 2338 2553 nisi
2365 2500 2524 2554 fuerit
2546 2502 2827 2573 diligenter
2854 2506 3083 2573 excisus,
3115 2510 3183 2561 ad
3211 2510 3327 2579 ejus
3356 2512 3524 2567 inter—

1946 2592 2078 2647 itum
2121 2596 2211 2663 qui
2254 2610 2376 2649 eum
2417 2597 2655 2665 ceperit,
2709 2598 3017 2664 frnctitiect,
3064 2611 3118 2656 et
3157 2620 3315 2659 omne
3355 2623 3528 2677 genus

1946 2684 2199 2753 praevalet
2226 2686 2542 2743 ramusculis
2571 2688 2859 2743 vitiorum"
2904 2692 3109 2761 respice
3138 2693 3433 2769 [respicite]
3473 2700 3527 2755 in

1944 2773 2137 2829 ludam
2165 2776 2527 2846 apostolorum
2555 2795 2782 2834 numero
2815 2782 3177 2850 deputandum
3210 2802 3223 2837 :
3252 2787 3375 2854 quia
3416 2804 3525 2845 non

1945 2866 2111 2921 voluit
2146 2868 2412 2937 serpentis
2438 2869 2595 2939 hujus
2622 2879 2782 2939 caput
2810 2882 3113 2939 conterere,
3144 2876 3526 2944 qualiter-eum

1946 2969 2046 3009 suo
2090 2969 2297 3009 veneno
2344 2957 2666 3025 peremerit;
2723 2966 2778 3014 et
2824 2962 3272 3032 concupiscentia:
3320 2964 3531 3035 laqueis

271 3056 413 3120 bibit,
445 3065 597 3111 tanto
626 3056 745 3126 plus
770 3056 885 3110 sitit
913 3073 926 3109 :
961 3056 1038 3111 sic
1064 3065 1118 3111 et
1144 3072 1338 3113 avarus
1361 3065 1562 3128 quanto
1586 3057 1843 3127 majorem
1870 3094 1915 3155 Ο
1948 3044 2315 3155 ίςιόίίῑυιιιιθιί
2341 3054 2450 3100 iam
2479 3049 3029 3155 θιπυριειιρνωοίνίιίε
3059 3053 3263 3109 crimen
3293 3054 3528 3128 impegi?

271 3149 544 3216 pecuniam
577 3149 834 3217 acquirit,
875 3157 1024 3202 tanto
1066 3147 1323 3217 majorem
1360 3150 1559 3206 habere
1590 3152 1792 3222 appetit
1824 3167 1836 3204 :

270 3246 320 3290 et
342 3238 467 3290 dum
500 3237 694 3291 modus
721 3239 767 3292 ei
800 3253 906 3292 non
929 3247 1013 3292 est
1041 3238 1094 3293 in
1124 3238 1389 3302 habendo,
1420 3242 1608 3295 modus
1635 3240 1704 3293 illi
1736 3255 1842 3294 non

270 3338 346 3383 est
382 3330 434 3383 in
480 3330 862 3385 desiderando.
904 3329 1039 3385 llinc
1081 3339 1373 3384 nascuntur
1406 3330 1636 3393 invidite,
1678 3329 1843 3397 furta,

272 3417 571 3484 latrocinia,
621 3420 929 3483 homicidia,
974 3420 1276 3484 mendacia,
1321 3420 1572 3490 perjuria,
1624 3421 1840 3489 rapiam,

272 3509 558 3569 violentize.
610 3510 952 3579 inquietudo,
1000 3508 1194 3579 injusta
1235 3509 1467 3578 judicia,
1511 3516 1848 3580 contemptus

271 3599 532 3664 veritatis,
560 3598 758 3654 future
789 3599 1134 3654 beatitudinis
1163 3599 1381 3664 oblivio,
1415 3599 1698 3655 obduratio
1725 3615 1848 3656 cor-

271 3687 368 3741 dis.
418 3687 551 3755 Qum
587 3687 648 3741 fit
681 3690 951 3743 contraria
990 3688 1369 3744 misericordia:
1413 3696 1467 3743 et
1493 3688 1846 3760 eleemosynze

272 3776 320 3831 in
352 3793 635 3850 pauperes,
665 3787 722 3833 et
747 3779 911 3834 totius
941 3779 1157 3848 pietatis
1187 3777 1401 3833 aemula.
1429 3777 1684 3834 Dominus
1716 3793 1845 3848 ergo

271 3878 471 3929 noster,
503 3870 597 3938 qui
634 3885 733 3924 nos
764 3869 1024 3939 benignos
1059 3884 1179 3925 esse
1216 3869 1282 3924 de
1325 3876 1508 3923 nostra
1546 3868 1845 3925 substantia

269 3959 589 4029 pauperibus
632 3967 689 4013 et
731 3959 943 4015 miseris
986 3960 1254 4022 admonet,
1298 3960 1414 4029 ipse
1452 3974 1551 4014 nos
1591 3961 1657 4013 ab
1697 3960 1843 4014 omni

267 4049 492 4102 avaritia
539 4057 599 4102 et
642 4047 840 4116 injusta
890 4050 1130 4119 pecunia:
1179 4049 1532 4118 acquisitione
1578 4049 1841 4118 pmhibet.

266 4142 362 4210 Qui
392 4159 522 4197 vero
548 4143 629 4197 ait
656 4161 670 4196 :
702 4144 778 4197 De
798 4141 961 4211 justis
994 4141 1264 4197 laboribus
1305 4142 1409 4196 tuis
1436 4140 1519 4196 fac
1547 4141 1844 4213 eleemosy-

268 4249 417 4296 nam,
462 4233 578 4301 ipse
626 4246 725 4301 per
764 4230 1076 4302 Apostolum
1121 4247 1274 4287 suum
1311 4232 1559 4286 hortatur
1607 4247 1728 4297 nos,
1758 4233 1843 4287 di-

266 4337 393 4376 cens
430 4340 445 4374 :
486 4322 664 4376 Nolite
709 4321 952 4377 fraudem
1000 4320 1179 4378 facere
1224 4322 1450 4377 invicem
1493 4321 1543 4393 (1
1570 4320 1694 4376 Cor.
1723 4320 1840 4395 vn).

268 4409 397 4465 Nam
421 4412 516 4481 qui
555 4410 747 4465 fraude
770 4410 1009 4480 qualibet
1045 4409 1244 4480 aliquid
1284 4410 1624 4480 acquisierit,
1665 4412 1841 4481 perdit
1866 4431 1919 4492 Ι)

258 4499 480 4567 iustitiae
505 4501 836 4570 aquitatem.
862 4500 988 4554 Des.
1008 4514 1191 4567 avare,
1216 4501 1321 4565 dic,
1353 4502 1563 4571 cupide,
1589 4502 1694 4567 die,
1726 4517 1842 4559 sce-

269 4590 452 4653 lerate,
478 4590 609 4659 quid
636 4589 945 4660 acquisisti?
972 4588 1127 4646 Forte
1150 4590 1307 4654 dicis,
1330 4588 1531 4645 Aurum
1559 4593 1840 4661 acquisivi,

266 4690 316 4733 et
357 4695 543 4733 verum
569 4678 706 4734 dicis
736 4699 749 4733 :
780 4694 911 4733 ecce
935 4694 1124 4733 aurum
1149 4678 1425 4748 acquisisti
1456 4694 1550 4748 per
1572 4679 1842 4747 fraudem,

265 4776 319 4820 ct
357 4769 513 4823 tidem
551 4768 831 4839 perdidisti
882 4782 976 4836 per
1020 4760 1355 4836 injustitiam.
1406 4767 1462 4822 Si
1507 4768 1561 4823 in
1603 4778 1841 4825 mercatu

269 4862 300 4913 tl
321 4862 423 4914 lem
454 4861 728 4916 invenires
753 4860 1029 4927 venalem,
1069 4861 1113 4915 si
1154 4861 1325 4916 bonus
1364 4875 1545 4927 esses,
1574 4863 1843 4932 quomodo

266 4968 635 5021 comparasses
670 4966 826 5015 eam;
874 4967 1041 5021 quare
1082 4966 1188 5007 non
1233 4953 1393 5007 times
1436 4954 1661 5021 perdere
1698 4969 1837 5019 eam,

264 5056 421 5108 quam
448 5050 498 5095 te
522 5041 665 5097 Deus
693 5040 863 5095 voluit
892 5042 1092 5098 habere
1121 5041 1173 5096 in
1202 5042 1399 5096 corde?
1440 5042 1644 5096 Aurum
1667 5030 1840 5100 habes

266 5129 347 5183 vel
374 5138 654 5202 argentum
684 5129 768 5184 vel
796 5129 939 5183 aliud
975 5129 1103 5199 quid
1138 5129 1431 5201 pretiosum
1466 5131 1517 5185 in
1548 5145 1670 5187 arca
1690 5172 1703 5196 ,
1744 5133 1839 5188 sed
1867 5201 1879 5212 .

262 5220 512 5276 damnum
556 5224 613 5277 in
653 5222 1003 5279 conscientia.
1037 5221 1130 5276 His
1151 5224 1400 5277 omnibus
1427 5223 1674 5278 meliores
1699 5224 1837 5278 divi-

263 5311 366 5365 tias
389 5312 704 5381 perdidisti,
740 5312 795 5367 id
821 5322 904 5365 est
939 5311 1096 5366 fidem
1138 5320 1191 5365 et
1212 5312 1479 5382 justitiam
1517 5319 1570 5367 et
1596 5313 1840 5369 dilectio-

262 5416 384 5456 nem
408 5404 499 5459 Dei
524 5413 585 5459 et
610 5402 868 5475 proximi.
892 5402 1123 5457 Lucrum
1154 5412 1301 5457 tuum
1330 5403 1554 5473 cogitas,
1584 5405 1838 5459 damnum

262 5501 409 5548 tuum
443 5512 548 5551 non
587 5494 940 5551 consideras?
970 5494 1026 5549 Si
1060 5494 1185 5548 huic
1224 5494 1373 5548 lucro
1410 5495 1634 5564 gaudes,
1670 5510 1837 5565 quare

259 5584 350 5638 illa
376 5587 579 5657 perdita
608 5602 718 5642 non
743 5585 989 5655 plangis?
1016 5584 1133 5655 plus
1160 5584 1434 5654 perdidisti
1458 5600 1617 5653 quam
1647 5585 1837 5654 acqui-

260 5675 397 5733 sisti.
435 5679 479 5736 Ο
517 5680 695 5745 dives,
734 5678 881 5748 rapis
920 5692 1014 5746 per
1045 5675 1335 5745 potentiam
1368 5675 1508 5745 quod
1539 5675 1629 5730 tibi
1662 5676 1835 5746 placet

1947 3135 2037 3199 rit,
2061 3143 2119 3188 ut
2144 3136 2533 3207 redemptorem
2563 3138 2746 3192 mundi
2775 3148 2830 3193 et
2855 3141 3102 3196 humanm
3126 3142 3314 3201 salutis
3340 3155 3527 3201 aucto-

1945 3241 2059 3280 rem
2090 3226 2159 3281 ob
2188 3227 2408 3297 triginta
2449 3238 2734 3299 argenteos
2764 3237 3095 3299 persuaserit
3124 3234 3353 3288 vendere
3384 3254 3401 3287 ι
3432 3238 3526 3305 qui

1944 3332 2284 3387 nequaquam
2319 3320 2386 3373 ad
2422 3328 2529 3373 tam
2556 3330 2699 3375 esset
2724 3322 3011 3377 scelestum
3053 3325 3371 3394 proditionis
3396 3327 3528 3382 faci-

1945 3425 2049 3464 nus
2077 3410 2377 3474 devolutus,
2423 3411 2467 3465 si
2510 3426 2613 3482 non
2649 3413 2988 3484 philargyrim
3016 3417 3203 3472 morbo
3228 3416 3421 3474 fuisset
3446 3420 3527 3474 in~

1946 3499 2151 3569 fectus;
2198 3517 2298 3557 nec
2344 3502 2633 3558 Dominicae
2678 3506 3056 3575 negotiationis
3101 3523 3223 3563 reus
3262 3525 3326 3564 ac
3356 3512 3527 3567 sacri-

1945 3591 2097 3664 legus
2121 3591 2435 3656 exstitisset,
2464 3592 2565 3647 nisi
2588 3594 2739 3663 prius
2760 3594 2947 3652 solitus
2976 3594 3165 3650 fuisset
3190 3598 3291 3653 sibi
3324 3599 3526 3654 loculos

1944 3688 2181 3743 creditos
2201 3687 2513 3757 compilare.
2544 3686 2649 3743 Sed
2672 3688 2796 3743 licet
2822 3688 2973 3743 multi
2994 3690 3328 3744 detestentur
3350 3693 3529 3751 scelus

1942 3775 2113 3844 Iudae,
2146 3777 2300 3846 pauci
2342 3785 2524 3831 tamen
2563 3777 2737 3832 vitare
2778 3777 3013 3831 student.
3054 3778 3152 3844 Qui
3182 3795 3312 3850 ergo
3344 3781 3525 3837 Domi-
3580 3760 3623 3789 .‘

1944 3882 2071 3921 num
2111 3866 2378 3931 vendidit,
2418 3881 2544 3921 reus
2582 3880 2703 3921 esse
2732 3867 2799 3922 ab
2834 3868 3142 3924 hominibus
3168 3871 3523 3942 dijudicatur;

1943 3963 1998 4012 et
2018 3954 2110 4026 qui
2137 3955 2417 4009 veritatem
2442 3970 2542 4025 pro
2566 3957 2848 4012 mendacio
2872 3968 3189 4024 commutat,
3212 3962 3303 4016 vix
3330 3978 3362 4017 a
3390 3979 3524 4033 quo-

1942 4061 2106 4117 quam
2142 4048 2572 4117 reprehenditur.
2616 4048 2912 4114 Attendite,
2959 4050 3179 4119 fratres,
3219 4069 3341 4124 qua)
3380 4056 3522 4121 dico,

1942 4138 2068 4209 quia
2096 4138 2400 4208 quicunque
2435 4150 2652 4209 propter
2678 4155 2918 4195 amorem
2944 4142 3217 4210 pecunize,
3254 4144 3337 4199 vel
3376 4161 3523 4202 com-

1941 4229 2159 4284 modum
2195 4235 2466 4283 terrenum
2486 4269 2501 4291 ,
2540 4230 2821 4285 veritatem
2856 4232 3064 4297 vendit,
3096 4231 3367 4288 Christum
3397 4251 3525 4305 pro-

1943 4319 2044 4385 dit,
2088 4326 2144 4373 et
2182 4317 2333 4374 Iudae
2378 4319 2597 4375 sceleris
2630 4329 2713 4374 est
2747 4322 3031 4390 particeps.
3077 4321 3169 4374 Ait
3215 4324 3358 4377 enim
3407 4327 3524 4395 ipse

1943 4408 2198 4464 Dominus
2229 4426 2243 4463 :
2276 4407 2389 4479 Ego
2412 4426 2528 4463 sum
2556 4410 2656 4473 ria,
2680 4419 2736 4462 et
2762 4412 2948 4463 veritas
2981 4419 3030 4463 et
3057 4411 3193 4475 vita;
3223 4412 3385 4466 vitam
3416 4416 3523 4468 uti-

1945 4510 2050 4567 que
2073 4496 2303 4564 deserit,
2333 4497 2426 4567 qui
2449 4499 2731 4551 veritatem
2762 4512 2857 4566 pro
2876 4497 3100 4565 pecunia
3133 4499 3352 4554 vendit:
3378 4504 3520 4558 unde

1945 4596 2000 4643 et
2043 4598 2285 4643 mercatu
2328 4588 2562 4643 infausto
2601 4603 2706 4643 non
2753 4588 2916 4642 vitam
2963 4599 3200 4645 meretur
3238 4600 3518 4658 aeternam,

1944 4684 2041 4739 sed
2082 4684 2346 4740 mendacii
2377 4684 2608 4738 debitam
2653 4695 2928 4754 mergetur
2970 4686 3022 4740 in
3053 4702 3290 4756 ptenam.
3321 4686 3519 4751 Nolite,

1946 4773 2176 4840 fratres,
2218 4774 2383 4829 nolite
2406 4774 2645 4828 avaritia:
2670 4774 2877 4830 catenis
2912 4775 3093 4846 ligari,
3142 4777 3304 4832 nolite
3336 4793 3520 4832 amore

1946 4876 2124 4916 rerum
2155 4861 2444 4916 labentium
2483 4862 2686 4916 irretiri
2717 4881 2729 4915 :
2760 4879 2970 4918 sursum
3010 4880 3106 4919 cor
3127 4866 3335 4936 erigite,
3361 4875 3520 4921 teter-

1946 4968 2070 5006 nam
2125 4952 2512 5031 beatitudinem
2563 4952 2883 5009 desiderate.
2940 4953 3077 5009 Nam
3132 4958 3362 5013 mundus
3419 4958 3520 5014 iste

1946 5044 2174 5109 transit,
2215 5052 2271 5099 et
2310 5043 2745 5112 concupiscentia
2772 5044 2918 5112 ejus;
2958 5046 3178 5100 verbum
3205 5055 3386 5102 autem
3412 5048 3519 5102 Do-

1944 5133 2079 5187 mini
2106 5140 2288 5188 manet
2319 5134 2370 5187 in
2406 5141 2688 5190 aeternum.
2727 5133 2865 5190 Hinc
2892 5151 2991 5190 nos
3024 5134 3222 5192 Paulus
3244 5138 3517 5208 apostolus

1945 5222 2201 5277 admonet
2235 5230 2290 5277 et
2316 5223 2447 5278 dicit
2487 5238 2502 5276 :
2542 5222 2762 5295 Tempus
2802 5225 2947 5278 breve
2985 5233 3092 5289 est;
3133 5225 3385 5296 reliquum
3427 5242 3515 5279 sus

1941 5321 2125 5384 perest
2157 5322 2212 5368 ut
2241 5313 2331 5385 qui
2369 5313 2556 5369 habent
2597 5330 2811 5379 uxores,
2855 5324 3101 5385 tanquam
3136 5331 3238 5371 non
3272 5315 3515 5368 habentes

1940 5404 2043 5457 sint
2069 5417 2087 5454 :
2121 5413 2167 5456 et
2207 5403 2295 5473 qui
2328 5402 2475 5474 ﬂent,
2513 5412 2761 5473 tanquam
2803 5420 2905 5458 non
2941 5405 3156 5474 ﬂentes;
3191 5413 3239 5457 et
3266 5402 3354 5472 qui
3384 5418 3515 5469 gau-

1938 5494 2081 5559 dent,
2110 5504 2359 5564 tauquam
2385 5510 2487 5549 non
2518 5494 2831 5563 gaudentes;
2856 5505 2901 5547 et
2927 5494 3015 5564 qui
3036 5502 3230 5556 emunt,
3260 5502 3508 5560 tanquam

1939 5603 2041 5640 non
2067 5584 2418 5656 possidentes;
2451 5593 2497 5637 et
2531 5586 2621 5653 qui
2648 5594 2863 5638 utuntur
2886 5584 2981 5637 hoc
3022 5581 3232 5642 mundo,
3260 5589 3509 5649 tauquam

1940 5695 2041 5733 non
2100 5686 2315 5731 utantur
2363 5692 2381 5731 :
2428 5679 2656 5746 prwterit
2705 5679 2841 5730 enim
2899 5675 3069 5743 figura
3121 5672 3280 5739 hujus
3327 5681 3515 5726 mundi
