4040 6188
483 322 585 378 illi

1117 316 1179 372 Β.
1219 314 1471 371 liABANl
1515 313 1731 369 MAUlll
1771 310 2090 366 ARCHIEP.
2134 309 2442 367 MOGUNT.
2485 308 2771 365 OPERUM
2809 309 2988 366 PARS
3027 309 3089 363 ll.

3654 307 3754 363 1ἳο

482 440 530 509 ll
564 440 687 493 (lor.
719 438 841 508 vn).
886 434 997 495 ille,
1038 436 1249 497 frazrcs,
1290 446 1512 485 uxorem
1553 430 1757 483 habens
1797 438 1875 482 est
1914 428 2065 496 quasi
2098 432 2145 489 Α
2173 441 2277 496 quc
2321 441 2482 482 sexus
2529 426 2812 496 omnisque
2850 435 2984 482 astas
3024 426 3162 497 gulae
3200 425 3401 479 malum
3441 427 3493 479 in
3531 441 3757 483 consue-

478 549 582 587 non
612 532 840 593 habens,
864 526 951 597 qui
980 527 1057 580 sic
1087 525 1265 578 studet
1294 523 1507 592 placere
1532 518 1768 587 coniugi,
1795 527 1853 571 ιιι
1880 528 2061 572 tamen

477 638 583 677 non
614 619 889 689 displiceat
919 614 1217 671 Ctmditori.
1261 612 1376 666 Flet
1402 624 1637 680 quoque,
1670 610 1761 662 sed
1808 618 2061 677 tanquam

476 728 582 765 .mn
618 710 774 773 fleat,
807 708 895 777 qui
936 708 1012 761 sie
1046 703 1430 774 temporalibus
1457 701 1669 754 damnis
1704 699 1972 769 allligitur.
2005 708 2066 751 ut

478 811 654 855 tamen
685 800 750 852 de
777 797 994 851 zelernis
1022 795 1185 849 lucris
1212 807 1426 861 semper
1458 791 1697 844 animum
1728 789 2057 843 consoletur.

474 892 681 944 Gattlet
715 903 862 951 vero,
907 887 997 940 sed
1030 894 1281 954 tanquam
1313 897 1417 936 non
1450 879 1706 951 gaudeat,
1750 879 1840 949 qui
1883 879 1961 932 sic
1997 879 2062 933 de

474 979 768 1050 temporali
797 994 859 1031 us
890 976 1043 1031 luonis
1069 973 1366 1037 hilarescit,
1402 982 1459 1025 ut
1487 982 1667 1025 tamen
1692 984 1905 1039 semper
1934 985 2059 1038 per-

472 1082 631 1144 petua
664 1078 931 1125 tormenta
956 1068 1291 1130 consideret;
1324 1074 1380 1119 et
1421 1065 1472 1118 in
1520 1065 1621 1118 hoc
1647 1064 1790 1133 qutnl
1825 1071 2059 1116 mentem

472 1161 666 1231 gaudio
705 1159 977 1223 sublevat,
1010 1158 1150 1211 hanc
1186 1155 1438 1210 continuo
1474 1153 1710 1222 pondere
1745 1152 1952 1221 provili
1989 1151 2058 1204 ii-

475 1251 637 1306 moris
666 1257 893 1320 premat.
926 1248 1067 1303 Emit
1088 1255 1290 1311 autem,
1319 1245 1412 1299 sed
1437 1244 1588 1313 quasi
1619 1258 1723 1297 nou
1751 1242 2056 1312 possidens,

471 1342 560 1412 qui
592 1350 644 1397 et
674 1343 740 1395 ad
772 1356 927 1395 usum
973 1349 1189 1393 terrena
1232 1345 1533 1407 prmparat,
1577 1343 1633 1389 et
1679 1343 1856 1390 tamen
1899 1342 2058 1389 cauta

469 1432 791 1503 cogitatione
817 1430 1074 1500 prmvidet
1097 1428 1237 1497 quod
1263 1442 1325 1481 ea
1357 1426 1517 1480 citius
1541 1425 1828 1493 relinquat.
1864 1423 2059 1479 Mundo

468 1538 684 1594 quoque
715 1522 901 1586 utitur,
930 1522 1022 1574 sed
1053 1519 1204 1589 quasi
1240 1534 1344 1571 non
1384 1525 1583 1579 utatur,
1613 1517 1702 1586 qui
1731 1525 1784 1570 et
1809 1530 2060 1570 necessa-

469 1614 547 1667 ria
580 1621 770 1668 cuncta
797 1611 1037 1667 exterius
1061 1612 1127 1663 ad
1155 1610 1278 1663 vitm
1304 1625 1415 1663 suae
1444 1608 1802 1661 ministerium
1841 1607 2055 1677 redigit,

465 1712 521 1757 et
548 1712 726 1756 tamen
756 1703 868 1755 hrec
904 1701 1090 1754 eadem
1121 1715 1224 1751 non
1256 1698 1394 1751 sinet
1434 1712 1544 1751 sum
1572 1697 1736 1751 menti
1765 1696 2053 1760 dominari,

2165 518 2404 573 tudinem
2425 518 2606 571 vertit.
2637 517 2911 570 Laudatur
2930 528 3173 586 peccator
3194 517 3248 571 in
3268 516 3541 571 desideriis
3565 518 3757 573 anima:

2161 626 2291 671 sum,
2321 621 2375 663 et
2403 610 2492 678 qui
2526 609 2708 678 iniqua
2738 608 2893 679 gerit,
2927 607 3249 661 benedicitur
3279 604 3452 677 (Psal.
3482 608 3581 678 Ix).
3614 607 3757 663 Tan-

2162 710 2384 771 tumque
2424 703 2541 755 lnec
2575 702 2742 770 pestis
2770 700 3040 763 excrevit,
3073 707 3132 752 ut
3160 699 3421 767 quosdam
3461 699 3529 753 de
3569 707 3755 754 nostro

2160 794 2370 856 ordine,
2410 792 2514 847 hoc.
2553 802 2631 847 est
2672 794 2738 847 de
2777 792 3118 846 sacerdotum
3157 804 3402 855 numero,
3441 791 3513 845 ita
3544 800 3751 846 tantum

2161 882 2542 951 captivaverit,
2574 892 2631 936 ut
2658 895 2764 935 non
2799 881 2972 935 solum
3004 880 3135 949 ipsis
3163 880 3406 935 ebriosos
3432 897 3539 937 non
3568 896 3754 952 repre-

2161 976 2479 1039 henderent,
2523 974 2619 1029 sed
2658 974 2820 1028 etiam
2851 972 3049 1028 ebriosi
3094 972 3306 1027 fierent.
3348 972 3479 1039 Qua:
3517 981 3602 1028 est
3640 973 3756 1029 haec

2163 1065 2424 1133 nequitia,
2454 1063 2669 1127 fratres,
2698 1062 2839 1133 quod
2870 1076 2939 1116 ne
2966 1060 3165 1114 malum
3190 1069 3299 1115 tam
3320 1076 3584 1129 amarum,
3608 1064 3752 1133 quod

2160 1156 2364 1209 nullum
2396 1154 2766 1225 praepositum,
2800 1151 2999 1207 nullam
3032 1152 3343 1221 dignitatem
3372 1154 3611 1223 patiatur
3637 1154 3753 1209 fieri

2161 1245 2379 1299 illzcsam
2408 1262 2421 1296 :
2453 1244 2542 1298 ubi
2570 1243 2860 1297 virtutibus
2886 1241 3205 1306 detrahitur,
3230 1253 3286 1297 et
3314 1244 3444 1297 vitia
3472 1245 3757 1313 praeconiis

2159 1335 2486 1399 efferuntur;
2511 1335 2599 1389 ubi
2623 1333 2946 1389 abstinentia
2968 1341 3024 1388 et
3052 1334 3317 1389 sobrietas
3342 1336 3747 1404 vituperantur,

2159 1436 2214 1482 et
2237 1427 2358 1497 gula
2386 1434 2546 1495 atque
2573 1425 2808 1481 ebrietas
2847 1425 3154 1479 laudantur.
3196 1426 3361 1479 Aiunt
3390 1426 3535 1480 enim
3566 1444 3580 1481 :
3612 1427 3754 1482 Vere

2159 1517 2290 1589 largi
2318 1526 2457 1579 sunt,
2483 1526 2536 1571 et
2561 1518 2704 1587 quod
2731 1517 2783 1571 hi
2812 1515 2909 1572 soli
2941 1517 3327 1572 misericordia:
3358 1525 3411 1572 et
3466 1518 3753 1573 cbaritatis

2152 1607 2272 1677 jura
2320 1609 2640 1670 observent,
2680 1607 2772 1677 qui
2815 1607 3061 1661 ebrietati
3111 1616 3165 1661 et
3208 1608 3491 1664 voracitati
3527 1623 3751 1678 operam

2159 1700 2304 1753 dant.
2355 1697 2517 1765 Quasi
2550 1697 2918 1753 misericordia
2964 1707 3021 1752 et
3061 1697 3299 1753 cbaritas
3342 1699 3413 1752 sit
3455 1698 3751 1767 quemlibet

468 1802 527 1846 ut
556 1792 797 1861 subjecta
839 1790 971 1845 foris
1010 1788 1281 1852 serviant,
1311 1794 1367 1842 et
1399 1801 1671 1855 nunquam
1706 1785 2057 1839 intentionem
2092 1781 2132 1838 Β
2161 1790 2505 1858 semetipsum
2533 1789 2799 1857 decipere,
2830 1796 2884 1843 et
2924 1788 3059 1843 alios
3084 1772 3265 1842 secum
3293 1789 3359 1843 ad
3390 1789 3749 1859 perditionem

464 1883 632 1936 animi
663 1883 728 1935 ad
758 1881 862 1936 alta
911 1881 1181 1934 tendentis
1227 1877 1497 1949 frangant.
1545 1876 1863 1946 Quicunque
1892 1876 2055 1946 igitur

465 1972 599 2026 tales
622 1983 766 2035 sunt,
795 1972 876 2025 eis
900 1968 1142 2041 profecto
1167 1978 1384 2024 terrena
1411 1969 1589 2023 omnia
1624 1984 1728 2023 non
1754 1969 1818 2022 ad
1847 1968 2057 2023 deside-

465 2062 636 2126 rium,
673 2062 766 2115 sed
809 2061 875 2115 ad
907 2076 1062 2114 usum
1095 2067 1464 2123 assumuntur,
1495 2058 1618 2127 quia
1650 2059 1808 2113 rebus
1836 2058 2049 2127 quidem

462 2150 786 2206 necessariis
822 2158 1066 2214 nttmtur,
1113 2149 1205 2204 sed
1249 2148 1379 2203 nihil
1428 2149 1629 2203 habere
1665 2164 1785 2202 cum
1828 2158 2052 2217 peccato

462 2242 705 2310 cupiunt.
734 2239 808 2295 De
837 2239 967 2309 ipsis
993 2254 1207 2308 quoque
1233 2239 1394 2291 rebus
1420 2237 1618 2291 habitis
1646 2236 1884 2306 quotidie
1910 2252 2051 2290 mer—
2102 2294 2109 2305 ,

460 2330 622 2386 cedes
646 2331 953 2401 acquirunt,
984 2336 1040 2382 et
1071 2328 1191 2398 plus
1233 2327 1466 2398 gaudent
1496 2327 1637 2381 bono
1665 2340 1849 2396 opere,
1886 2340 2049 2395 quam

459 2424 600 2478 bona
630 2423 991 2493 possessione.
1038 2419 1165 2474 llzec
1205 2434 1334 2488 ergo
1364 2418 1616 2488 cogitate,
1648 2425 1849 2471 etcum
1883 2415 2049 2471 relin-

460 2530 627 2587 quere
650 2523 841 2571 cuncta
866 2529 987 2584 quae
1013 2511 1196 2566 mundi
1222 2518 1351 2565 sunt
1378 2525 1484 2564 non
1506 2508 1755 2580 potestis,
1779 2507 2048 2562 exteriora

458 2606 597 2661 bene
641 2605 883 2659 exterius
931 2604 1109 2674 agite,
1165 2601 1258 2658 sed
1304 2609 1359 2656 et
1408 2600 1662 2654 ardenter
1705 2597 1933 2653 interius
1979 2598 2048 2653 ad

458 2706 663 2751 interna
705 2694 976 2749 festinate.
1015 2693 1159 2749 Nihil
1194 2693 1265 2747 sit
1298 2692 1441 2760 quod
1482 2691 1809 2745 desiderium
1850 2699 2048 2745 vestrae

460 2786 657 2841 mentis
686 2785 955 2846 retardet,
989 2783 1186 2838 nullius
1215 2799 1309 2837 vos
1339 2782 1413 2837 rei
1451 2783 1503 2836 in
1541 2783 1641 2836 hoc
1671 2781 1870 2836 mundo
1899 2780 2047 2836 dele-

459 2875 912 2945 ctatid‘implicet.
958 2873 1013 2928 Si
1059 2873 1257 2926 bonum
1300 2872 1554 2941 diligitur,
1605 2886 1758 2925 mens
1798 2870 1852 2924 in
1892 2870 2049 2925 benis

458 2968 791 3029 melioribus,
826 2967 927 3021 hoc
955 2974 1039 3020 est
1068 2965 1119 3019 in
1151 2964 1479 3029 coelestibus,
1510 2962 1823 3019 delectetur.
1853 2960 1910 3018 Si
1935 2976 2049 3016 ma-

457 3059 571 3114 lum
599 3058 877 3121 metuitur,
913 3055 1054 3110 mala
1082 3055 1263 3108 animo
1288 3062 1487 3109 mtcrna
1524 3060 1897 3123 proponantur
1935 3068 1948 3105 :
1987 3060 2046 3107 ut

2158 1881 2392 1934 trahere.
2435 1878 2685 1948 Nunquid
2730 1873 2936 1932 Paulus
2969 1876 3262 1946 apostolus,
3306 1877 3522 1943 fratres,
3569 1878 3750 1935 taliter

2155 1971 2413 2040 przedicat
2435 1971 2790 2026 charitatem?
2814 1971 2892 2024 ait
2915 1970 3057 2023 enim
3093 1984 3107 2023 :
3142 1967 3390 2024 Charitas
3416 1971 3618 2040 patiens
3643 1983 3745 2036 est,

2156 2064 2375 2132 benigna
2402 2071 2476 2117 est
2504 2078 2521 2117 :
2551 2078 2654 2116 non
2680 2061 2977 2123 matulatur,
3011 2077 3115 2115 non
3153 2062 3261 2131 agit
3309 2077 3610 2131 perperam,
3640 2078 3749 2117 non

2153 2162 2231 2208 est
2260 2153 2552 2217 ambitiosa,
2582 2171 2683 2207 non
2722 2155 2908 2225 qua'rit
2939 2170 3055 2225 quae
3089 2170 3187 2208 sua
3230 2163 3350 2207 sunt
3380 2169 3398 2207 :
3428 2168 3532 2207 non
3569 2154 3749 2208 irrita-

2153 2253 2258 2309 tur,
2301 2260 2403 2298 non
2435 2244 2625 2315 cogitat
2666 2244 2886 2309 malum,
2917 2260 3020 2297 non
3048 2243 3238 2314 gaudet
3269 2259 3425 2314 super
3446 2243 3743 2315 iniquitate,

2152 2336 2441 2405 congaudet
2471 2346 2644 2390 autem
2682 2336 2887 2391 veritati
2919 2334 2971 2407 (ι
2997 2333 3121 2389 Cor.
3154 2334 3298 2406 xm).
3335 2334 3519 2406 Igitur,
3561 2344 3622 2389 ut
3648 2350 3721 2389 au

2150 2427 2329 2491 distis,
2352 2426 2582 2481 charitas
2603 2427 2824 2497 benigna
2849 2435 2941 2489 est,
2973 2434 3149 2480 tamen
3171 2441 3274 2480 non
3294 2426 3402 2495 agit
3426 2441 3699 2497 perperam
3720 2438 3743 2476 :

2153 2536 2256 2573 non
2281 2529 2355 2573 est
2382 2518 2675 2581 ambitiosa,
2704 2534 2944 2589 quu'rens
2968 2533 3086 2589 qua:
3115 2534 3211 2571 sua
3235 2526 3375 2582 sunt,
3405 2524 3459 2571 et
3488 2531 3594 2571 non
3617 2530 3746 2587 qua:

2154 2608 2267 2664 Dei.
2307 2607 2523 2663 Patiens
2550 2619 2645 2672 est,
2681 2617 2861 2663 tamen
2894 2624 2996 2661 non
3027 2607 3219 2677 cogitat
3244 2606 3463 2671 malum,
3495 2622 3586 2661 nec
3608 2622 3746 2676 gau-

2150 2700 2235 2754 det
2256 2717 2411 2768 super
2432 2700 2777 2770 iniquitatem.
2806 2697 2977 2753 Dicite
3000 2697 3155 2761 mihi,
3177 2698 3268 2767 qui
3291 2699 3741 2754 comessationem

2149 2798 2205 2845 et
2220 2791 2536 2845 ebrietatem
2560 2788 2809 2854 laudatis,
2827 2796 3011 2842 utrum
3035 2788 3235 2843 bonum
3264 2788 3335 2843 sit
3357 2803 3422 2842 an
3444 2787 3644 2843 malum
3665 2785 3748 2841 lu-

2150 2900 2272 2939 men
2294 2884 2490 2938 mentis
2518 2898 2617 2954 per
2650 2882 2966 2938 ebrietatem
2999 2895 3293 2945 excmcare,
3328 2880 3590 2935 rationem
3619 2895 3746 2949 per-

2150 2974 2310 3041 dere,
2335 2976 2509 3029 visum
2541 2972 2818 3029 oculorum
2849 2971 3089 3036 turbare,
3112 2971 3365 3041 loquendi
3399 2986 3553 3025 usum
3584 2971 3749 3025 amit-

2150 3072 2282 3132 tere,
2306 3064 2453 3120 nullo
2473 3064 2647 3120 ollicio
2668 3063 3031 3118 membrorum
3064 3062 3247 3133 potiri,
3280 3062 3508 3118 similem
3538 3061 3743 3117 furenti

458 3151 585 3206 dum
608 3149 736 3204 illuc
755 3162 877 3204 esse
897 3147 1160 3217 conspicit
1185 3156 1238 3201 et
1262 3145 1490 3217 amplius
1511 3145 1650 3215 quod
1674 3146 2042 3215 pertimescat,

2151 3164 2205 3211 et
2232 3130 2582 3225 energumino
2609 3154 2765 3208 fieri?
2794 3152 3044 3222 Nunquid
3068 3130 3218 3208 Deus
3247 3152 3519 3207 hominem
3561 3149 3735 3208 talem

458 3241 550 3299 hic
575 3240 797 3298 omnino
821 3258 928 3295 non
955 3242 1177 3295 haereat.
1209 3238 1289 3293 Ad
1317 3240 1431 3293 haec
1455 3237 1697 3308 profecto
1721 3238 1927 3309 agenda
1954 3238 2051 3292 ha-

455 3331 646 3387 bemus
680 3331 1032 3387 mediatorem
1069 3330 1164 3384 Dei
1204 3338 1257 3385 et
1296 3329 1575 3383 hominum
1610 3328 1912 3397 adiutorem
1953 3344 2051 3383 no-

456 3430 651 3488 strum,
694 3437 791 3492 per
831 3437 992 3492 quem
1034 3421 1193 3475 citius
1236 3428 1428 3475 cuncta
1470 3418 1853 3482 obtinebimus,
1895 3417 1942 3471 si
1982 3418 2049 3473 ad

455 3515 606 3571 illum
647 3531 777 3570 vero
828 3529 1011 3569 amore
1058 3511 1347 3584 ﬂagramus
1389 3529 1402 3564 :
1448 3512 1540 3581 qui
1583 3511 1713 3565 vivit
1754 3519 1809 3565 et
1859 3519 2049 3582 regnat

456 3623 579 3661 cum
626 3606 785 3661 Patre
841 3606 894 3660 in
944 3606 1147 3659 unitate
1197 3603 1431 3674 Spiritus
1485 3602 1656 3658 sancti
1708 3602 1891 3669 Deus,
1951 3618 2050 3672 per

454 3698 633 3754 munia
678 3695 871 3752 sarcula
913 3696 1256 3751 smculorum.
1300 3694 1491 3749 Amen.

1001 3850 1284 3906 llOMlLlA
1327 3850 1505 3905 LXlll.

629 3974 837 4013 CONTRA
875 3972 1312 4012 COMESSATIONEII
1336 4000 1349 4022 ν
1389 3976 1457 4013 ΕΤ
1496 3974 1872 4024 EBRIETATEM,

972 4044 1043 4081 ΕΤ
1081 4043 1534 4083 δευιηιιιιτΑτιειι.

531 4140 669 4197 Sunt
703 4141 946 4209 quanlam
978 4141 1129 4204 vitia,
1162 4139 1360 4196 fratres
1393 4142 1721 4207 Charissimi,
1754 4160 1892 4215 qure,
1920 4161 2043 4199 cum

453 4234 639 4306 gravia
687 4233 825 4298 sint,
872 4233 945 4287 ita
990 4232 1323 4303 temporibus
1363 4233 1565 4288 nostris
1603 4236 1743 4303 apud
1782 4237 2041 4304 quosdam

451 4328 590 4385 levia
631 4340 751 4382 esse
785 4327 1057 4389 videntur,
1096 4333 1156 4378 ut
1196 4335 1290 4379 aut
1325 4325 1567 4388 minima,
1611 4334 1704 4379 aut
1746 4326 1890 4381 nulla
1927 4343 2045 4381 om-

452 4420 582 4473 nino
621 4433 903 4488 perperam
946 4430 1135 4498 gerere
1171 4416 1460 4470 credantur
1494 4431 1510 4469 :
1544 4424 1594 4470 et
1637 4416 1715 4471 sic
1751 4418 2043 4487 prmt‘alent

450 4509 614 4563 modo
660 4508 714 4561 in
766 4508 1027 4563 abusione
1073 4506 1386 4570 hominum,
1439 4514 1498 4559 ut
1547 4523 1653 4562 non
1705 4508 1878 4563 solum
1926 4509 2040 4578 jam

450 4597 744 4668 vituperari
786 4606 847 4651 ut
896 4605 1117 4668 peccata
1158 4597 1242 4650 vel
1282 4598 1534 4663 crimina,
1579 4599 1673 4653 sed
1715 4599 1877 4655 etiam
1927 4600 2040 4655 lau-

450 4688 568 4743 dari
608 4695 669 4742 ut
707 4687 936 4743 virtutes
984 4688 1123 4756 apud
1164 4688 1406 4758 perditos
1446 4690 1762 4744 meruerint.
1809 4690 1885 4745 De
1922 4694 2042 4761 qui-

449 4778 551 4834 bus
593 4789 738 4834 reete
776 4792 872 4849 per
909 4778 1225 4848 prophetam
1269 4781 1471 4835 dicitur
1507 4798 1521 4834 :
1560 4777 1843 4836 Peccatum
1883 4800 2039 4837 suum

449 4870 591 4926 sicut
648 4868 943 4923 Sodomitas
997 4868 1413 4939 pradicaeerunt
1440 4912 1454 4936 ,
1518 4887 1610 4925 nec
1657 4872 2039 4929 absconderant

452 4958 588 5030 (lea.
623 4958 728 5031 ιιι).
774 4959 979 5026 Quibus
1018 4959 1145 5013 item
1183 4961 1445 5031 condigna
1488 4951 1863 5031 repensatione
1894 4978 2043 5018 erro-

448 5053 528 5107 ris
568 5067 755 5107 eorum
796 5051 1054 5105 Dominus
1091 5067 1188 5121 per
1225 5053 1543 5121 prophetam
1583 5052 1713 5107 dicit
1754 5072 1766 5107 :
1823 5053 1909 5108 Va:
1948 5070 2043 5109 vo-

443 5146 549 5211 ltis,
595 5144 790 5215 inquit,
830 5144 918 5215 qui
945 5143 1121 5196 dicitis
1151 5142 1350 5196 malum
1380 5143 1590 5209 bonum,
1624 5155 1672 5200 et
1705 5146 1894 5199 bonum
1928 5164 2042 5201 ma-

441 5256 572 5296 lum.
629 5234 889 5291 l’onentes
934 5237 1172 5291 tenebras
1217 5235 1426 5299 lumen,
1470 5247 1518 5291 et
1558 5237 1733 5293 lumen
1771 5239 2039 5304 tenebras;

430 5349 495 5403 po
516 5341 690 5385 nentes
745 5345 985 5383 amarunt
1044 5331 1107 5383 in.
1152 5327 1345 5393 dulce,
1395 5339 1443 5382 et
1495 5329 1647 5384 dulce
1694 5331 1748 5384 in
1796 5338 2038 5385 amarum

441 5423 591 5495 (lca.
634 5423 722 5494 v).
774 5421 922 5476 inter
970 5436 1090 5491 qua:
1142 5421 1378 5475 maxime
1433 5436 1577 5475 nunc
1616 5424 1937 5477 comessatio
1986 5433 2040 5478 et

442 5517 678 5572 ebrietas
720 5517 982 5589 impunita
1028 5525 1272 5588 regnant,
1316 5530 1438 5569 cum
1480 5531 1585 5568 non
1628 5516 1799 5571 solmn
1843 5516 2033 5587 plebeii

441 5608 541 5661 viri
585 5618 639 5663 et
679 5610 1025 5680 ignobiliores
1075 5608 1308 5677 quique,
1362 5606 1456 5660 sed
1495 5615 1550 5659 et
1589 5607 1881 5662 nobiliores
1922 5609 2035 5679 glo-

445 5698 681 5767 riosique
724 5708 880 5755 terrae
923 5701 1007 5755 his
1051 5699 1206 5753 malis
1251 5698 1444 5753 it't'cliti
1482 5705 1629 5753 sunt.
1676 5698 1862 5756 Omnis
1900 5719 2031 5773 qua»

2152 3247 2405 3304 ereavit?
2438 3245 2689 3316 Nunquid
2725 3247 2841 3301 hmc
2874 3245 3046 3314 gloria
3086 3244 3339 3314 imaginis
3371 3244 3465 3299 Dei
3502 3254 3587 3300 est
3612 3284 3629 3309 ,
3668 3245 3747 3300 de

2152 3354 2257 3409 qua
2303 3338 2562 3408 scriptum
2613 3346 2743 3391 est:
2797 3335 2948 3390 Fecit
2998 3334 3141 3389 Deus
3190 3334 3462 3389 hominem
3498 3336 3567 3389 ad
3599 3336 3747 3390 ima-

2151 3429 2330 3499 ginem
2378 3441 2566 3491 suam,
2619 3425 2685 3479 ad
2734 3424 3142 3480 similitudinem
3194 3424 3289 3479 Dei
3333 3424 3536 3479 creavit
3583 3424 3745 3479 illum

2152 3517 2324 3590 (Gen.
2356 3517 2438 3589 ι).
2471 3516 2722 3586 Nunquid
2754 3517 2922 3571 Deum
2952 3514 3019 3569 ad
3050 3514 3463 3569 similitudinem
3497 3524 3745 3569 vestram

2149 3609 2414 3665 furiosum
2445 3608 2654 3664 audetis
2684 3606 2898 3662 dicere?
2937 3605 3068 3673 Quze
3102 3606 3436 3676 blasphemia
3475 3606 3744 3661 intolera-

2150 3700 2277 3755 bilis
2304 3707 2485 3764 csset,
2525 3698 2650 3769 quia
2690 3698 2803 3769 ipse
2836 3712 3047 3752 summe
3087 3697 3293 3761 bonus,
3333 3705 3389 3751 et
3423 3696 3571 3751 solus
3606 3698 3746 3751 bea-

2151 3796 2267 3852 tus,
2303 3795 2357 3842 et
2389 3794 2584 3857 potens
2605 3827 2619 3851 ,
2656 3786 2773 3840 Rex
2806 3798 2993 3856 regum
3014 3824 3028 3847 ,
3066 3793 3121 3838 et
3160 3785 3418 3839 Dominus
3453 3785 3750 3839 dominan—

2148 3879 2301 3933 tium.
2346 3876 2486 3933 Vidit
2527 3889 2711 3933 cuncta
2750 3894 2868 3950 quin
2902 3875 3060 3942 fecit,
3109 3889 3158 3933 et
3198 3888 3348 3933 erant
3399 3878 3548 3933 ualde
3599 3878 3749 3933 bona

2151 3968 2170 4043 (
2195 3970 2335 4025 Ibid.
2365 3969 2404 4042 ).
2444 3971 2620 4041 Atque
2658 3972 2786 4027 hinc
2818 3972 3040 4044 intelligi
3072 3974 3232 4028 datur
3261 3971 3405 4041 quod
3436 3972 3677 4026 ebrietas
3710 3987 3748 4026 a

2150 4061 2259 4116 Deo
2295 4077 2400 4115 non
2436 4069 2522 4115 est
2557 4069 2774 4125 creata,
2813 4078 2914 4117 nec
2946 4063 3089 4118 inter
3126 4077 3188 4117 ea
3224 4061 3293 4117 ab
3328 4075 3393 4116 eo
3427 4060 3750 4115 hominibus

2147 4153 2522 4207 commendata
2550 4194 2564 4217 ,
2600 4153 2726 4222 quia
2760 4170 2863 4207 non
2900 4163 2985 4209 est
3014 4157 3153 4210 bona
3184 4196 3197 4218 ,
3234 4154 3328 4209 sed
3360 4153 3546 4222 utique
3581 4152 3752 4209 valde

2146 4242 2287 4295 mala
2315 4259 2327 4295 :
2357 4248 2410 4296 et
2442 4257 2547 4296 non
2576 4243 2748 4297 solum
2777 4259 2876 4313 per
2903 4260 2961 4299 se
2989 4244 3126 4299 mala
3146 4285 3162 4308 ,
3189 4244 3283 4299 sed
3310 4243 3576 4298 malorum
3603 4241 3753 4296 alin-

2146 4349 2265 4388 rum
2314 4333 2579 4389 effectrix.
2627 4333 2846 4389 Credite
2886 4337 3053 4402 mihi,
3105 4335 3332 4401 fratres,
3380 4336 3504 4405 quia
3550 4336 3749 4391 omnia

2147 4442 2283 4496 pene
2329 4427 2471 4481 mala
2520 4426 2648 4482 hinc
2693 4428 3033 4483 exoriuntur.
3080 4426 3217 4482 Nam
3266 4428 3395 4482 hinc
3426 4427 3750 4482 excitantur

2147 4521 2271 4584 irm,
2305 4520 2438 4575 rixae
2459 4561 2473 4584 ,
2507 4519 2891 4584 dissensiones,
2921 4520 3304 4583 detractiones,
3334 4517 3749 4583 aemulationes,

2146 4621 2344 4675 sectae,
2400 4611 2647 4676 invidim,
2701 4610 3027 4675 homicidia,
3074 4610 3373 4674 adulteria,
3420 4607 3752 4662 fornicatio-

2144 4715 2277 4764 nes,
2324 4698 2500 4765 furta,
2551 4699 2683 4753 falsa
2730 4698 3073 4763 testimonia,
3122 4697 3437 4762 latrocinia,
3480 4696 3750 4765 blasphe-

2146 4792 2269 4845 mite
2294 4833 2307 4857 ,
2339 4799 2395 4845 et
2427 4791 2512 4845 his
2540 4789 2760 4845 similia.
2792 4789 2868 4843 De
2896 4790 3093 4860 quibus
3122 4786 3412 4857 Apostolus
3440 4786 3519 4839 ait
3546 4803 3560 4839 :
3595 4784 3749 4852 Quo-

2147 4883 2292 4937 niam
2329 4881 2422 4951 qui
2462 4881 2593 4935 talia
2628 4887 2824 4951 agunt,
2860 4894 3085 4950 regnum
3120 4877 3213 4933 Dei
3252 4891 3357 4931 non
3390 4889 3745 4944 consequen-

2150 4981 2255 5026 tur.
2309 4971 2415 5027 Sed
2463 4980 2523 5025 ut
2566 4971 2781 5041 planius
2827 4969 2921 5025 fiat
2970 4984 3132 5039 quam
3169 4965 3503 5022 detestabilis
3537 4978 3627 5020 res
3666 4966 3742 5019 sit

2145 5061 2413 5127 ebrietas,
2450 5077 2728 5117 sacrarum
2775 5060 3178 5131 Scripturarum
3219 5056 3542 5113 testimoniis
3574 5065 3731 5110 uten-

2145 5153 2272 5208 dum
2311 5169 2431 5208 esse
2471 5168 2796 5217 censemus;
2849 5169 2974 5207 nam
3020 5153 3135 5223 ipsa
3184 5149 3401 5206 Veritas
3448 5148 3744 5219 discipulis

2143 5246 2256 5301 suis
2283 5245 2653 5317 in'Evangelio
2682 5246 2757 5299 ait
2785 5262 2799 5299 :
2829 5244 3091 5298 Attendite
3111 5252 3285 5297 autem
3311 5241 3477 5304 vobis,
3509 5257 3576 5294 ne
3600 5240 3745 5310 forte

2142 5346 2423 5406 graventur
2466 5337 2624 5390 corda
2669 5345 2837 5391 vestra
2880 5337 2934 5390 in
2977 5333 3224 5406 crapula,
3263 5343 3314 5388 et
3356 5332 3640 5396 ebrietate,
3688 5342 3742 5385 et

2142 5430 2281 5483 curis
2309 5429 2469 5499 hujus
2500 5430 2617 5483 vita:
2636 5470 2650 5493 ,
2684 5437 2730 5483 et
2756 5429 3084 5498 superveniat
3111 5428 3166 5481 in
3194 5443 3279 5481 vos
3306 5427 3416 5481 dies
3437 5424 3532 5479 illa
3561 5438 3581 5477 :
3613 5434 3744 5479 tan-

2138 5539 2297 5591 quant
2345 5520 2564 5593 laqueus
2606 5522 2743 5576 enim
2786 5523 2951 5576 reniet
2997 5538 3153 5593 super
3196 5536 3373 5575 omnes
3414 5518 3504 5589 qui
3547 5518 3742 5572 sedent

2138 5629 2293 5682 super
2327 5613 2513 5681 faciem
2550 5624 2701 5667 terra:
2734 5611 2903 5684 (Luc.
2942 5629 3031 5667 χιιι
3058 5618 3095 5679 ).
3131 5612 3209 5667 Ac
3238 5612 3283 5667 si
3309 5619 3558 5683 patenter
3584 5610 3716 5665 dice

2140 5713 2221 5761 ret
2248 5724 2259 5759 :
2295 5704 2492 5761 Cavete
2523 5706 2799 5777 crapulam
2829 5713 2881 5761 et
2911 5707 3261 5775 ebrietatem,
3292 5714 3345 5760 et
3374 5702 3745 5758 ambitionem
