  <div class='ocr_page' id='page_1' title='image "/cluster/home/n/w/nwhite01/storage/ocr_20150623/110/hvd.32044054759758/066.png"; bbox 0 0 4040 6188; ppageno 0'>
   <div class='ocr_carea' id='block_1_1' title="bbox 294 272 2598 381">
    <p class='ocr_par' dir='ltr' id='par_1_1' title="bbox 294 272 2598 381">
     <span class='ocr_line' id='line_1_1' title="bbox 294 272 2598 381; baseline 0.007 -23"><span class='ocrx_word' id='word_1_1' title='bbox 294 302 374 360; x_wconf 67' lang='grc' dir='ltr'><strong>Ιὲἰ</strong></span> <span class='ocrx_word' id='word_1_2' title='bbox 1239 272 1545 366; x_wconf 68' lang='grc' dir='ltr'><strong>ΗΟΜΙΙᾸΕ</strong></span> <span class='ocrx_word' id='word_1_3' title='bbox 1586 311 1673 366; x_wconf 85' lang='lat' dir='ltr'><strong>DE</strong></span> <span class='ocrx_word' id='word_1_4' title='bbox 1711 311 1954 367; x_wconf 83' lang='lat' dir='ltr'><strong>FES&#39;l‘lS</strong></span> <span class='ocrx_word' id='word_1_5' title='bbox 1991 312 2406 381; x_wconf 64' lang='lat' dir='ltr'><strong>PRECIPUIS,</strong></span> <span class='ocrx_word' id='word_1_6' title='bbox 2448 315 2598 374; x_wconf 83' lang='lat' dir='ltr'><strong>ETC.</strong></span> 
     </span>
    </p>
   </div>
   <div class='ocr_carea' id='block_1_2' title="bbox 3438 324 3543 379">
    <p class='ocr_par' dir='ltr' id='par_1_2' title="bbox 3438 324 3543 379">
     <span class='ocr_line' id='line_1_2' title="bbox 3438 324 3543 379; baseline 0.01 -1"><span class='ocrx_word' id='word_1_7' title='bbox 3438 324 3543 379; x_wconf 65' lang='lat'><strong>£33</strong></span> 
     </span>
    </p>
   </div>
   <div class='ocr_carea' id='block_1_3' title="bbox 292 415 3544 498">
    <p class='ocr_par' dir='ltr' id='par_1_3' title="bbox 292 415 3544 498">
     <span class='ocr_line' id='line_1_3' title="bbox 292 415 3544 498; baseline 0.005 -24"><span class='ocrx_word' id='word_1_8' title='bbox 292 416 553 490; x_wconf 64' lang='lat' dir='ltr'><strong>praesentis</strong></span> <span class='ocrx_word' id='word_1_9' title='bbox 588 415 813 483; x_wconf 68' lang='lat' dir='ltr'><strong>saeculi,</strong></span> <span class='ocrx_word' id='word_1_10' title='bbox 846 431 914 473; x_wconf 88' lang='lat' dir='ltr'><strong>ne</strong></span> <span class='ocrx_word' id='word_1_11' title='bbox 950 415 1088 473; x_wconf 76' lang='lat' dir='ltr'><strong>forte</strong></span> <span class='ocrx_word' id='word_1_12' title='bbox 1116 431 1213 473; x_wconf 85' lang='lat' dir='ltr'><strong>vos</strong></span> <span class='ocrx_word' id='word_1_13' title='bbox 1251 418 1366 474; x_wconf 90' lang='lat' dir='ltr'><strong>dies</strong></span> <span class='ocrx_word' id='word_1_14' title='bbox 1398 419 1584 474; x_wconf 88' lang='lat' dir='ltr'><strong>ultima</strong></span> <span class='ocrx_word' id='word_1_15' title='bbox 1619 420 1861 489; x_wconf 90' lang='lat' dir='ltr'><strong>impliea-</strong></span> <span class='ocrx_word' id='word_1_16' title='bbox 1889 426 1935 483; x_wconf 79' lang='grc' dir='ltr'><strong>Α</strong></span> <span class='ocrx_word' id='word_1_17' title='bbox 1963 436 2141 477; x_wconf 78' lang='lat' dir='ltr'><strong>omnis</strong></span> <span class='ocrx_word' id='word_1_18' title='bbox 2166 425 2443 479; x_wconf 76' lang='lat' dir='ltr'><strong>enarratio</strong></span> <span class='ocrx_word' id='word_1_19' title='bbox 2471 433 2651 479; x_wconf 87' lang='lat' dir='ltr'><strong>vestra</strong></span> <span class='ocrx_word' id='word_1_20' title='bbox 2684 426 2736 480; x_wconf 89' lang='lat' dir='ltr'><strong>in</strong></span> <span class='ocrx_word' id='word_1_21' title='bbox 2764 428 3048 498; x_wconf 64' lang='lat' dir='ltr'><strong>praeceptis</strong></span> <span class='ocrx_word' id='word_1_22' title='bbox 3085 429 3368 487; x_wconf 84' lang='lat' dir='ltr'><strong>Altissitni.</strong></span> <span class='ocrx_word' id='word_1_23' title='bbox 3406 432 3544 491; x_wconf 84' lang='lat' dir='ltr'><strong>Nam</strong></span> 
     </span>
    </p>
   </div>
   <div class='ocr_carea' id='block_1_4' title="bbox 294 507 1857 575">
    <p class='ocr_par' dir='ltr' id='par_1_4' title="bbox 294 507 1857 575">
     <span class='ocr_line' id='line_1_4' title="bbox 294 507 1857 575; baseline 0.001 -10"><span class='ocrx_word' id='word_1_24' title='bbox 294 520 364 566; x_wconf 88' lang='lat' dir='ltr'><strong>tos</strong></span> <span class='ocrx_word' id='word_1_25' title='bbox 406 510 487 564; x_wconf 88' lang='lat' dir='ltr'><strong>his</strong></span> <span class='ocrx_word' id='word_1_26' title='bbox 531 507 685 564; x_wconf 84' lang='lat' dir='ltr'><strong>vitiis</strong></span> <span class='ocrx_word' id='word_1_27' title='bbox 717 507 994 575; x_wconf 77' lang='lat' dir='ltr'><strong>inveniat,</strong></span> <span class='ocrx_word' id='word_1_28' title='bbox 1042 515 1249 565; x_wconf 87' lang='lat' dir='ltr'><strong>etcum</strong></span> <span class='ocrx_word' id='word_1_29' title='bbox 1285 512 1622 567; x_wconf 82' lang='lat' dir='ltr'><strong>amatoribus</strong></span> <span class='ocrx_word' id='word_1_30' title='bbox 1672 513 1857 567; x_wconf 89' lang='lat' dir='ltr'><strong>mundi</strong></span> 
     </span>
    </p>
   </div>
   <div class='ocr_carea' id='block_1_5' title="bbox 290 600 1859 675">
    <p class='ocr_par' dir='ltr' id='par_1_5' title="bbox 290 600 1859 675">
     <span class='ocr_line' id='line_1_5' title="bbox 290 600 1859 675; baseline 0.001 -16"><span class='ocrx_word' id='word_1_31' title='bbox 290 611 469 659; x_wconf 80' lang='lat' dir='ltr'><strong>:ctemo</strong></span> <span class='ocrx_word' id='word_1_32' title='bbox 493 615 721 656; x_wconf 80' lang='lat' dir='ltr'><strong>carcere</strong></span> <span class='ocrx_word' id='word_1_33' title='bbox 745 600 1048 671; x_wconf 86' lang='lat' dir='ltr'><strong>puniendos</strong></span> <span class='ocrx_word' id='word_1_34' title='bbox 1073 602 1273 656; x_wconf 91' lang='lat' dir='ltr'><strong>trudat.</strong></span> <span class='ocrx_word' id='word_1_35' title='bbox 1298 603 1404 658; x_wconf 86' lang='lat' dir='ltr'><strong>Per</strong></span> <span class='ocrx_word' id='word_1_36' title='bbox 1427 604 1616 659; x_wconf 88' lang='lat' dir='ltr'><strong>Isaiam</strong></span> <span class='ocrx_word' id='word_1_37' title='bbox 1644 622 1859 675; x_wconf 89' lang='lat' dir='ltr'><strong>quoque</strong></span> 
     </span>
    </p>
   </div>
   <div class='ocr_carea' id='block_1_6' title="bbox 288 689 1853 764">
    <p class='ocr_par' dir='ltr' id='par_1_6' title="bbox 288 689 1853 764">
     <span class='ocr_line' id='line_1_6' title="bbox 288 689 1853 764; baseline 0.003 -17"><span class='ocrx_word' id='word_1_38' title='bbox 288 692 585 764; x_wconf 77' lang='lat' dir='ltr'><strong>prophetam</strong></span> <span class='ocrx_word' id='word_1_39' title='bbox 610 689 876 747; x_wconf 82' lang='lat' dir='ltr'><strong>Dominus</strong></span> <span class='ocrx_word' id='word_1_40' title='bbox 901 693 1239 762; x_wconf 85' lang='lat' dir='ltr'><strong>potatoribus</strong></span> <span class='ocrx_word' id='word_1_41' title='bbox 1263 694 1332 747; x_wconf 89' lang='lat' dir='ltr'><strong>ita</strong></span> <span class='ocrx_word' id='word_1_42' title='bbox 1356 696 1712 762; x_wconf 85' lang='lat' dir='ltr'><strong>comminans,</strong></span> <span class='ocrx_word' id='word_1_43' title='bbox 1738 698 1811 752; x_wconf 85' lang='lat' dir='ltr'><strong>ait</strong></span> <span class='ocrx_word' id='word_1_44' title='bbox 1839 716 1853 752; x_wconf 90' lang='lat'>:</span> 
     </span>
    </p>
   </div>
   <div class='ocr_carea' id='block_1_7' title="bbox 298 780 1860 855">
    <p class='ocr_par' dir='ltr' id='par_1_7' title="bbox 298 780 1860 855">
     <span class='ocr_line' id='line_1_7' title="bbox 298 780 1860 855; baseline 0.006 -21"><span class='ocrx_word' id='word_1_45' title='bbox 298 780 375 837; x_wconf 74' lang='grc' dir='ltr'><strong>γω</strong></span> <span class='ocrx_word' id='word_1_46' title='bbox 407 782 562 838; x_wconf 90' lang='lat' dir='ltr'><strong>vobis</strong></span> <span class='ocrx_word' id='word_1_47' title='bbox 588 784 681 855; x_wconf 90' lang='lat' dir='ltr'><strong>qui</strong></span> <span class='ocrx_word' id='word_1_48' title='bbox 706 786 1020 855; x_wconf 84' lang='lat' dir='ltr'><strong>consurgitis</strong></span> <span class='ocrx_word' id='word_1_49' title='bbox 1050 802 1201 840; x_wconf 87' lang='lat' dir='ltr'><strong>mane</strong></span> <span class='ocrx_word' id='word_1_50' title='bbox 1229 787 1298 841; x_wconf 88' lang='lat' dir='ltr'><strong>ad</strong></span> <span class='ocrx_word' id='word_1_51' title='bbox 1328 788 1626 842; x_wconf 78' lang='lat' dir='ltr'><strong>ebrietatem</strong></span> <span class='ocrx_word' id='word_1_52' title='bbox 1656 800 1860 844; x_wconf 87' lang='lat' dir='ltr'><strong>sectan-</strong></span> 
     </span>
    </p>
   </div>
   <div class='ocr_carea' id='block_1_8' title="bbox 288 874 1856 946">
    <p class='ocr_par' dir='ltr' id='par_1_8' title="bbox 288 874 1856 946">
     <span class='ocr_line' id='line_1_8' title="bbox 288 874 1856 946; baseline 0.004 -20"><span class='ocrx_word' id='word_1_53' title='bbox 288 874 393 926; x_wconf 85' lang='lat' dir='ltr'><strong>dam</strong></span> <span class='ocrx_word' id='word_1_54' title='bbox 410 915 424 938; x_wconf 96' lang='lat'><strong>,</strong></span> <span class='ocrx_word' id='word_1_55' title='bbox 450 882 500 927; x_wconf 86' lang='lat' dir='ltr'><strong>et</strong></span> <span class='ocrx_word' id='word_1_56' title='bbox 528 875 821 944; x_wconf 88' lang='lat' dir='ltr'><strong>potandum</strong></span> <span class='ocrx_word' id='word_1_57' title='bbox 844 891 1007 946; x_wconf 88' lang='lat' dir='ltr'><strong>usque</strong></span> <span class='ocrx_word' id='word_1_58' title='bbox 1031 876 1099 929; x_wconf 91' lang='lat' dir='ltr'><strong>ad</strong></span> <span class='ocrx_word' id='word_1_59' title='bbox 1122 893 1383 946; x_wconf 77' lang='lat' dir='ltr'><strong>vesperam</strong></span> <span class='ocrx_word' id='word_1_60' title='bbox 1403 918 1417 942; x_wconf 89' lang='lat'><strong>,</strong></span> <span class='ocrx_word' id='word_1_61' title='bbox 1445 886 1500 930; x_wconf 92' lang='lat' dir='ltr'><strong>ut</strong></span> <span class='ocrx_word' id='word_1_62' title='bbox 1530 879 1648 933; x_wconf 79' lang='lat' dir='ltr'><strong>vino</strong></span> <span class='ocrx_word' id='word_1_63' title='bbox 1673 889 1856 932; x_wconf 79' lang='lat' dir='ltr'><strong>trstue—</strong></span> 
     </span>
    </p>
   </div>
   <div class='ocr_carea' id='block_1_9' title="bbox 288 963 1855 1035">
    <p class='ocr_par' dir='ltr' id='par_1_9' title="bbox 288 963 1855 1035">
     <span class='ocr_line' id='line_1_9' title="bbox 288 963 1855 1035; baseline 0.004 -19"><span class='ocrx_word' id='word_1_64' title='bbox 288 963 382 1017; x_wconf 91' lang='lat' dir='ltr'><strong>tis:</strong></span> <span class='ocrx_word' id='word_1_65' title='bbox 406 964 611 1017; x_wconf 79' lang='lat' dir='ltr'><strong>cithara</strong></span> <span class='ocrx_word' id='word_1_66' title='bbox 645 972 696 1017; x_wconf 88' lang='lat' dir='ltr'><strong>et</strong></span> <span class='ocrx_word' id='word_1_67' title='bbox 731 964 878 1035; x_wconf 77' lang='lat' dir='ltr'><strong>lyra,</strong></span> <span class='ocrx_word' id='word_1_68' title='bbox 910 976 958 1018; x_wconf 91' lang='lat' dir='ltr'><strong>et</strong></span> <span class='ocrx_word' id='word_1_69' title='bbox 985 974 1287 1034; x_wconf 81' lang='lat' dir='ltr'><strong>tympanum</strong></span> <span class='ocrx_word' id='word_1_70' title='bbox 1324 975 1373 1019; x_wconf 91' lang='lat' dir='ltr'><strong>et</strong></span> <span class='ocrx_word' id='word_1_71' title='bbox 1405 966 1564 1029; x_wconf 88' lang='lat' dir='ltr'><strong>tibia,</strong></span> <span class='ocrx_word' id='word_1_72' title='bbox 1597 977 1643 1021; x_wconf 87' lang='lat' dir='ltr'><strong>et</strong></span> <span class='ocrx_word' id='word_1_73' title='bbox 1680 969 1855 1022; x_wconf 75' lang='lat' dir='ltr'><strong>vinum</strong></span> 
     </span>
    </p>
   </div>
   <div class='ocr_carea' id='block_1_10' title="bbox 285 1053 1854 1128">
    <p class='ocr_par' dir='ltr' id='par_1_10' title="bbox 285 1053 1854 1128">
     <span class='ocr_line' id='line_1_10' title="bbox 285 1053 1854 1128; baseline 0.003 -21"><span class='ocrx_word' id='word_1_74' title='bbox 285 1055 334 1108; x_wconf 82' lang='lat' dir='ltr'><strong>in</strong></span> <span class='ocrx_word' id='word_1_75' title='bbox 358 1053 597 1109; x_wconf 74' lang='lat' dir='ltr'><strong>conviviis</strong></span> <span class='ocrx_word' id='word_1_76' title='bbox 627 1054 814 1109; x_wconf 79' lang='lat' dir='ltr'><strong>vestris</strong></span> <span class='ocrx_word' id='word_1_77' title='bbox 832 1096 847 1119; x_wconf 91' lang='lat'><strong>,</strong></span> <span class='ocrx_word' id='word_1_78' title='bbox 878 1064 928 1109; x_wconf 90' lang='lat' dir='ltr'><strong>et</strong></span> <span class='ocrx_word' id='word_1_79' title='bbox 954 1071 1084 1125; x_wconf 85' lang='lat' dir='ltr'><strong>opus</strong></span> <span class='ocrx_word' id='word_1_80' title='bbox 1115 1053 1324 1110; x_wconf 79' lang='lat' dir='ltr'><strong>Domini</strong></span> <span class='ocrx_word' id='word_1_81' title='bbox 1353 1073 1458 1110; x_wconf 90' lang='lat' dir='ltr'><strong>non</strong></span> <span class='ocrx_word' id='word_1_82' title='bbox 1488 1059 1744 1128; x_wconf 85' lang='lat' dir='ltr'><strong>respicitis</strong></span> <span class='ocrx_word' id='word_1_83' title='bbox 1762 1099 1775 1121; x_wconf 90' lang='lat'><strong>,</strong></span> <span class='ocrx_word' id='word_1_84' title='bbox 1806 1069 1854 1113; x_wconf 92' lang='lat' dir='ltr'><strong>et</strong></span> 
     </span>
    </p>
   </div>
   <div class='ocr_carea' id='block_1_11' title="bbox 287 1145 1858 1220">
    <p class='ocr_par' dir='ltr' id='par_1_11' title="bbox 287 1145 1858 1220">
     <span class='ocr_line' id='line_1_11' title="bbox 287 1145 1858 1220; baseline 0.005 -25"><span class='ocrx_word' id='word_1_85' title='bbox 287 1159 424 1214; x_wconf 83' lang='lat' dir='ltr'><strong>opera</strong></span> <span class='ocrx_word' id='word_1_86' title='bbox 447 1160 706 1198; x_wconf 84' lang='lat' dir='ltr'><strong>manuum</strong></span> <span class='ocrx_word' id='word_1_87' title='bbox 729 1145 844 1215; x_wconf 93' lang='lat' dir='ltr'><strong>ejus</strong></span> <span class='ocrx_word' id='word_1_88' title='bbox 869 1162 970 1200; x_wconf 90' lang='lat' dir='ltr'><strong>non</strong></span> <span class='ocrx_word' id='word_1_89' title='bbox 997 1146 1359 1202; x_wconf 73' lang='lat' dir='ltr'><strong>consideratis.</strong></span> <span class='ocrx_word' id='word_1_90' title='bbox 1387 1145 1670 1218; x_wconf 86' lang='lat' dir='ltr'><strong>Propterea</strong></span> <span class='ocrx_word' id='word_1_91' title='bbox 1696 1150 1858 1220; x_wconf 86' lang='lat' dir='ltr'><strong>capti-</strong></span> 
     </span>
    </p>
   </div>
   <div class='ocr_carea' id='block_1_12' title="bbox 285 1232 1850 1306">
    <p class='ocr_par' dir='ltr' id='par_1_12' title="bbox 285 1232 1850 1306">
     <span class='ocr_line' id='line_1_12' title="bbox 285 1232 1850 1306; baseline 0.004 -19"><span class='ocrx_word' id='word_1_92' title='bbox 285 1250 365 1287; x_wconf 74' lang='grc' dir='ltr'>ω</span> <span class='ocrx_word' id='word_1_93' title='bbox 396 1232 585 1287; x_wconf 89' lang='lat' dir='ltr'><strong>ductus</strong></span> <span class='ocrx_word' id='word_1_94' title='bbox 623 1243 700 1287; x_wconf 89' lang='lat' dir='ltr'><strong>est</strong></span> <span class='ocrx_word' id='word_1_95' title='bbox 738 1233 962 1304; x_wconf 89' lang='lat' dir='ltr'><strong>populus</strong></span> <span class='ocrx_word' id='word_1_96' title='bbox 982 1274 997 1300; x_wconf 97' lang='lat'><strong>,</strong></span> <span class='ocrx_word' id='word_1_97' title='bbox 1038 1236 1163 1306; x_wconf 90' lang='lat' dir='ltr'><strong>quia</strong></span> <span class='ocrx_word' id='word_1_98' title='bbox 1204 1253 1308 1291; x_wconf 89' lang='lat' dir='ltr'><strong>non</strong></span> <span class='ocrx_word' id='word_1_99' title='bbox 1337 1238 1516 1292; x_wconf 80' lang='lat' dir='ltr'><strong>habuit</strong></span> <span class='ocrx_word' id='word_1_100' title='bbox 1546 1240 1815 1294; x_wconf 76' lang='lat' dir='ltr'><strong>scientiam</strong></span> <span class='ocrx_word' id='word_1_101' title='bbox 1836 1280 1850 1304; x_wconf 92' lang='lat'><strong>,</strong></span> 
     </span>
    </p>
   </div>
   <div class='ocr_carea' id='block_1_13' title="bbox 283 1327 1854 1402">
    <p class='ocr_par' dir='ltr' id='par_1_13' title="bbox 283 1327 1854 1402">
     <span class='ocr_line' id='line_1_13' title="bbox 283 1327 1854 1402; baseline 0.003 -19"><span class='ocrx_word' id='word_1_102' title='bbox 283 1338 327 1382; x_wconf 88' lang='lat' dir='ltr'><strong>et</strong></span> <span class='ocrx_word' id='word_1_103' title='bbox 348 1327 537 1383; x_wconf 77' lang='lat' dir='ltr'><strong>nobiles</strong></span> <span class='ocrx_word' id='word_1_104' title='bbox 565 1329 682 1399; x_wconf 89' lang='lat' dir='ltr'><strong>ejus</strong></span> <span class='ocrx_word' id='word_1_105' title='bbox 711 1328 1017 1382; x_wconf 81' lang='lat' dir='ltr'><strong>interierunt</strong></span> <span class='ocrx_word' id='word_1_106' title='bbox 1044 1328 1213 1399; x_wconf 76' lang='lat' dir='ltr'><strong>fame,</strong></span> <span class='ocrx_word' id='word_1_107' title='bbox 1242 1340 1290 1384; x_wconf 87' lang='lat' dir='ltr'><strong>et</strong></span> <span class='ocrx_word' id='word_1_108' title='bbox 1317 1330 1594 1385; x_wconf 85' lang='lat' dir='ltr'><strong>multitudo</strong></span> <span class='ocrx_word' id='word_1_109' title='bbox 1624 1332 1737 1402; x_wconf 83' lang='lat' dir='ltr'><strong>ejus</strong></span> <span class='ocrx_word' id='word_1_110' title='bbox 1765 1334 1854 1387; x_wconf 85' lang='lat' dir='ltr'><strong>siti</strong></span> 
     </span>
    </p>
   </div>
   <div class='ocr_carea' id='block_1_14' title="bbox 281 1418 1851 1492">
    <p class='ocr_par' dir='ltr' id='par_1_14' title="bbox 281 1418 1851 1492">
     <span class='ocr_line' id='line_1_14' title="bbox 281 1418 1851 1492; baseline 0.003 -18"><span class='ocrx_word' id='word_1_111' title='bbox 281 1422 492 1475; x_wconf 77' lang='lat' dir='ltr'><strong>mruit.</strong></span> <span class='ocrx_word' id='word_1_112' title='bbox 531 1418 821 1492; x_wconf 84' lang='lat' dir='ltr'><strong>Propterea</strong></span> <span class='ocrx_word' id='word_1_113' title='bbox 856 1422 1095 1476; x_wconf 86' lang='lat' dir='ltr'><strong>dilatavit</strong></span> <span class='ocrx_word' id='word_1_114' title='bbox 1129 1422 1366 1492; x_wconf 81' lang='lat' dir='ltr'><strong>infernus</strong></span> <span class='ocrx_word' id='word_1_115' title='bbox 1398 1426 1627 1479; x_wconf 88' lang='lat' dir='ltr'><strong>animam</strong></span> <span class='ocrx_word' id='word_1_116' title='bbox 1661 1443 1811 1481; x_wconf 91' lang='lat' dir='ltr'><strong>suam</strong></span> <span class='ocrx_word' id='word_1_117' title='bbox 1836 1466 1851 1491; x_wconf 97' lang='lat'><strong>,</strong></span> 
     </span>
    </p>
   </div>
   <div class='ocr_carea' id='block_1_15' title="bbox 281 1516 1853 1587">
    <p class='ocr_par' dir='ltr' id='par_1_15' title="bbox 281 1516 1853 1587">
     <span class='ocr_line' id='line_1_15' title="bbox 281 1516 1853 1587; baseline 0.002 -17"><span class='ocrx_word' id='word_1_118' title='bbox 281 1528 325 1570; x_wconf 82' lang='lat' dir='ltr'><strong>et</strong></span> <span class='ocrx_word' id='word_1_119' title='bbox 348 1516 544 1585; x_wconf 82' lang='lat' dir='ltr'><strong>aperuit</strong></span> <span class='ocrx_word' id='word_1_120' title='bbox 574 1532 633 1570; x_wconf 91' lang='lat' dir='ltr'><strong>os</strong></span> <span class='ocrx_word' id='word_1_121' title='bbox 661 1532 814 1570; x_wconf 87' lang='lat' dir='ltr'><strong>suum</strong></span> <span class='ocrx_word' id='word_1_122' title='bbox 844 1516 1036 1587; x_wconf 83' lang='lat' dir='ltr'><strong>absque</strong></span> <span class='ocrx_word' id='word_1_123' title='bbox 1059 1516 1169 1571; x_wconf 88' lang='lat' dir='ltr'><strong>ullo</strong></span> <span class='ocrx_word' id='word_1_124' title='bbox 1201 1517 1442 1583; x_wconf 85' lang='lat' dir='ltr'><strong>termino,</strong></span> <span class='ocrx_word' id='word_1_125' title='bbox 1466 1528 1515 1573; x_wconf 90' lang='lat' dir='ltr'><strong>et</strong></span> <span class='ocrx_word' id='word_1_126' title='bbox 1543 1519 1853 1574; x_wconf 83' lang='lat' dir='ltr'><strong>descendent</strong></span> 
     </span>
    </p>
   </div>
   <div class='ocr_carea' id='block_1_16' title="bbox 282 1607 1851 1683">
    <p class='ocr_par' dir='ltr' id='par_1_16' title="bbox 282 1607 1851 1683">
     <span class='ocr_line' id='line_1_16' title="bbox 282 1607 1851 1683; baseline 0.004 -23"><span class='ocrx_word' id='word_1_127' title='bbox 282 1607 426 1676; x_wconf 77' lang='lat' dir='ltr'><strong>fortes</strong></span> <span class='ocrx_word' id='word_1_128' title='bbox 460 1607 579 1677; x_wconf 84' lang='lat' dir='ltr'><strong>ejus</strong></span> <span class='ocrx_word' id='word_1_129' title='bbox 620 1616 670 1662; x_wconf 88' lang='lat' dir='ltr'><strong>et</strong></span> <span class='ocrx_word' id='word_1_130' title='bbox 703 1608 928 1679; x_wconf 88' lang='lat' dir='ltr'><strong>populus</strong></span> <span class='ocrx_word' id='word_1_131' title='bbox 972 1609 1121 1679; x_wconf 85' lang='lat' dir='ltr'><strong>ejus,</strong></span> <span class='ocrx_word' id='word_1_132' title='bbox 1164 1619 1214 1663; x_wconf 89' lang='lat' dir='ltr'><strong>et</strong></span> <span class='ocrx_word' id='word_1_133' title='bbox 1255 1610 1503 1665; x_wconf 89' lang='lat' dir='ltr'><strong>sublimes</strong></span> <span class='ocrx_word' id='word_1_134' title='bbox 1532 1610 1851 1683; x_wconf 78' lang='lat' dir='ltr'><strong>gloriosique</strong></span> 
     </span>
    </p>
   </div>
   <div class='ocr_carea' id='block_1_17' title="bbox 280 1695 1851 1771">
    <p class='ocr_par' dir='ltr' id='par_1_17' title="bbox 280 1695 1851 1771">
     <span class='ocr_line' id='line_1_17' title="bbox 280 1695 1851 1771; baseline 0.006 -21"><span class='ocrx_word' id='word_1_135' title='bbox 280 1697 382 1766; x_wconf 77' lang='lat' dir='ltr'><strong>ejus</strong></span> <span class='ocrx_word' id='word_1_136' title='bbox 408 1697 476 1749; x_wconf 82' lang='lat' dir='ltr'><strong>ad</strong></span> <span class='ocrx_word' id='word_1_137' title='bbox 505 1712 628 1751; x_wconf 87' lang='lat' dir='ltr'><strong>eum</strong></span> <span class='ocrx_word' id='word_1_138' title='bbox 657 1695 800 1768; x_wconf 90' lang='lat' dir='ltr'><strong>(Isa.</strong></span> <span class='ocrx_word' id='word_1_139' title='bbox 823 1697 910 1769; x_wconf 60' lang='grc' dir='ltr'><strong>ιι).</strong></span> <span class='ocrx_word' id='word_1_140' title='bbox 944 1696 1073 1752; x_wconf 86' lang='lat' dir='ltr'><strong>Item</strong></span> <span class='ocrx_word' id='word_1_141' title='bbox 1103 1698 1155 1753; x_wconf 92' lang='lat' dir='ltr'><strong>in</strong></span> <span class='ocrx_word' id='word_1_142' title='bbox 1186 1698 1374 1753; x_wconf 89' lang='lat' dir='ltr'><strong>eodem</strong></span> <span class='ocrx_word' id='word_1_143' title='bbox 1398 1702 1659 1770; x_wconf 85' lang='lat' dir='ltr'><strong>propheta</strong></span> <span class='ocrx_word' id='word_1_144' title='bbox 1689 1704 1851 1771; x_wconf 88' lang='lat' dir='ltr'><strong>paulo</strong></span> 
     </span>
    </p>
   </div>
   <div class='ocr_carea' id='block_1_18' title="bbox 1961 514 3546 591">
    <p class='ocr_par' dir='ltr' id='par_1_18' title="bbox 1961 514 3546 591">
     <span class='ocr_line' id='line_1_18' title="bbox 1961 514 3546 591; baseline 0.008 -23"><span class='ocrx_word' id='word_1_145' title='bbox 1961 514 2125 570; x_wconf 86' lang='lat' dir='ltr'><strong>homo</strong></span> <span class='ocrx_word' id='word_1_146' title='bbox 2164 515 2475 587; x_wconf 79' lang='lat' dir='ltr'><strong>linguosus,</strong></span> <span class='ocrx_word' id='word_1_147' title='bbox 2518 524 2573 570; x_wconf 90' lang='lat' dir='ltr'><strong>et</strong></span> <span class='ocrx_word' id='word_1_148' title='bbox 2609 518 2929 573; x_wconf 89' lang='lat' dir='ltr'><strong>temerarius</strong></span> <span class='ocrx_word' id='word_1_149' title='bbox 2963 520 3016 573; x_wconf 92' lang='lat' dir='ltr'><strong>in</strong></span> <span class='ocrx_word' id='word_1_150' title='bbox 3048 523 3213 577; x_wconf 86' lang='lat' dir='ltr'><strong>verbo</strong></span> <span class='ocrx_word' id='word_1_151' title='bbox 3256 538 3392 591; x_wconf 89' lang='lat' dir='ltr'><strong>suo,</strong></span> <span class='ocrx_word' id='word_1_152' title='bbox 3426 525 3546 581; x_wconf 86' lang='lat' dir='ltr'><strong>odi-</strong></span> 
     </span>
    </p>
   </div>
   <div class='ocr_carea' id='block_1_19' title="bbox 1958 603 3545 678">
    <p class='ocr_par' dir='ltr' id='par_1_19' title="bbox 1958 603 3545 678">
     <span class='ocr_line' id='line_1_19' title="bbox 1958 603 3545 678; baseline 0.01 -20"><span class='ocrx_word' id='word_1_153' title='bbox 1958 603 2086 660; x_wconf 88' lang='lat' dir='ltr'><strong>bilis</strong></span> <span class='ocrx_word' id='word_1_154' title='bbox 2114 614 2230 671; x_wconf 89' lang='lat' dir='ltr'><strong>est,</strong></span> <span class='ocrx_word' id='word_1_155' title='bbox 2273 607 2395 675; x_wconf 84' lang='lat' dir='ltr'><strong>quia</strong></span> <span class='ocrx_word' id='word_1_156' title='bbox 2419 648 2433 672; x_wconf 92' lang='lat'><strong>,</strong></span> <span class='ocrx_word' id='word_1_157' title='bbox 2477 615 2535 662; x_wconf 91' lang='lat' dir='ltr'><strong>ut</strong></span> <span class='ocrx_word' id='word_1_158' title='bbox 2570 609 2836 678; x_wconf 89' lang='lat' dir='ltr'><strong>scriptum</strong></span> <span class='ocrx_word' id='word_1_159' title='bbox 2879 619 3006 667; x_wconf 87' lang='lat' dir='ltr'><strong>est:</strong></span> <span class='ocrx_word' id='word_1_160' title='bbox 3042 614 3146 677; x_wconf 73' lang='lat' dir='ltr'><strong>Cui</strong></span> <span class='ocrx_word' id='word_1_161' title='bbox 3186 615 3545 674; x_wconf 82' lang='lat' dir='ltr'><strong>inconsidera-</strong></span> 
     </span>
    </p>
   </div>
   <div class='ocr_carea' id='block_1_20' title="bbox 1956 695 3538 780">
    <p class='ocr_par' dir='ltr' id='par_1_20' title="bbox 1956 695 3538 780">
     <span class='ocr_line' id='line_1_20' title="bbox 1956 695 3538 780; baseline 0.01 -34"><span class='ocrx_word' id='word_1_162' title='bbox 1956 703 2042 748; x_wconf 90' lang='lat' dir='ltr'><strong>tus</strong></span> <span class='ocrx_word' id='word_1_163' title='bbox 2080 703 2157 749; x_wconf 91' lang='lat' dir='ltr'><strong>est</strong></span> <span class='ocrx_word' id='word_1_164' title='bbox 2195 695 2264 749; x_wconf 89' lang='lat' dir='ltr'><strong>ad</strong></span> <span class='ocrx_word' id='word_1_165' title='bbox 2316 695 2672 767; x_wconf 89' lang='lat' dir='ltr'><strong>loquendum,</strong></span> <span class='ocrx_word' id='word_1_166' title='bbox 2722 702 2904 755; x_wconf 84' lang='lat' dir='ltr'><strong>sentiet</strong></span> <span class='ocrx_word' id='word_1_167' title='bbox 2949 701 3092 757; x_wconf 88' lang='lat' dir='ltr'><strong>mala</strong></span> <span class='ocrx_word' id='word_1_168' title='bbox 3143 703 3344 773; x_wconf 84' lang='lat' dir='ltr'><strong>(Prov.</strong></span> <span class='ocrx_word' id='word_1_169' title='bbox 3378 709 3538 780; x_wconf 81' lang='lat' dir='ltr'><strong>xm).</strong></span> 
     </span>
    </p>
   </div>
   <div class='ocr_carea' id='block_1_21' title="bbox 1957 781 3544 863">
    <p class='ocr_par' dir='ltr' id='par_1_21' title="bbox 1957 781 3544 863">
     <span class='ocr_line' id='line_1_21' title="bbox 1957 781 3544 863; baseline 0.013 -28"><span class='ocrx_word' id='word_1_170' title='bbox 1957 781 2339 839; x_wconf 83' lang='lat' dir='ltr'><strong>Recordamini</strong></span> <span class='ocrx_word' id='word_1_171' title='bbox 2385 787 2654 855; x_wconf 87' lang='lat' dir='ltr'><strong>quomodo</strong></span> <span class='ocrx_word' id='word_1_172' title='bbox 2696 789 2953 845; x_wconf 88' lang='lat' dir='ltr'><strong>Dominus</strong></span> <span class='ocrx_word' id='word_1_173' title='bbox 2982 809 3143 863; x_wconf 88' lang='lat' dir='ltr'><strong>supra</strong></span> <span class='ocrx_word' id='word_1_174' title='bbox 3171 798 3544 855; x_wconf 73' lang='lat' dir='ltr'><strong>saeerdonibus</strong></span> 
     </span>
    </p>
   </div>
   <div class='ocr_carea' id='block_1_22' title="bbox 1956 873 3542 941">
    <p class='ocr_par' dir='ltr' id='par_1_22' title="bbox 1956 873 3542 941">
     <span class='ocr_line' id='line_1_22' title="bbox 1956 873 3542 941; baseline 0.009 -13"><span class='ocrx_word' id='word_1_175' title='bbox 1956 873 2070 928; x_wconf 86' lang='lat' dir='ltr'><strong>suis</strong></span> <span class='ocrx_word' id='word_1_176' title='bbox 2108 882 2163 927; x_wconf 92' lang='lat' dir='ltr'><strong>et</strong></span> <span class='ocrx_word' id='word_1_177' title='bbox 2202 874 2465 930; x_wconf 82' lang='lat' dir='ltr'><strong>ministris</strong></span> <span class='ocrx_word' id='word_1_178' title='bbox 2515 877 2847 932; x_wconf 82' lang='lat' dir='ltr'><strong>tabernaculi</strong></span> <span class='ocrx_word' id='word_1_179' title='bbox 2897 881 2982 934; x_wconf 93' lang='lat' dir='ltr'><strong>sui</strong></span> <span class='ocrx_word' id='word_1_180' title='bbox 3024 883 3090 934; x_wconf 88' lang='lat' dir='ltr'><strong>de</strong></span> <span class='ocrx_word' id='word_1_181' title='bbox 3133 884 3397 940; x_wconf 79' lang='lat' dir='ltr'><strong>ebrietate</strong></span> <span class='ocrx_word' id='word_1_182' title='bbox 3446 903 3542 941; x_wconf 88' lang='lat' dir='ltr'><strong>ca-</strong></span> 
     </span>
    </p>
   </div>
   <div class='ocr_carea' id='block_1_23' title="bbox 1956 952 3541 1046">
    <p class='ocr_par' dir='ltr' id='par_1_23' title="bbox 1956 952 3541 1046">
     <span class='ocr_line' id='line_1_23' title="bbox 1956 952 3541 1046; baseline 0.009 -29"><span class='ocrx_word' id='word_1_183' title='bbox 1956 952 2129 1018; x_wconf 62' lang='lat' dir='ltr'><strong>ve&#39;nda</strong></span> <span class='ocrx_word' id='word_1_184' title='bbox 2175 967 2476 1035; x_wconf 71' lang='lat' dir='ltr'><strong>prmeepit:</strong></span> <span class='ocrx_word' id='word_1_185' title='bbox 2532 982 2628 1023; x_wconf 79' lang='lat' dir='ltr'><strong>vos</strong></span> <span class='ocrx_word' id='word_1_186' title='bbox 2672 971 2815 1023; x_wconf 88' lang='lat' dir='ltr'><strong>enim</strong></span> <span class='ocrx_word' id='word_1_187' title='bbox 2857 985 3079 1034; x_wconf 87' lang='lat' dir='ltr'><strong>otunes,</strong></span> <span class='ocrx_word' id='word_1_188' title='bbox 3118 980 3254 1028; x_wconf 88' lang='lat' dir='ltr'><strong>teste</strong></span> <span class='ocrx_word' id='word_1_189' title='bbox 3297 976 3541 1046; x_wconf 84' lang='lat' dir='ltr'><strong>apostolo</strong></span> 
     </span>
    </p>
   </div>
   <div class='ocr_carea' id='block_1_24' title="bbox 1955 1055 3542 1136">
    <p class='ocr_par' dir='ltr' id='par_1_24' title="bbox 1955 1055 3542 1136">
     <span class='ocr_line' id='line_1_24' title="bbox 1955 1055 3542 1136; baseline 0.008 -28"><span class='ocrx_word' id='word_1_190' title='bbox 1955 1055 2147 1120; x_wconf 85' lang='lat' dir='ltr'><strong>Petro,</strong></span> <span class='ocrx_word' id='word_1_191' title='bbox 2196 1056 2329 1111; x_wconf 88' lang='lat' dir='ltr'><strong>estis</strong></span> <span class='ocrx_word' id='word_1_192' title='bbox 2377 1072 2545 1127; x_wconf 89' lang='lat' dir='ltr'><strong>genus</strong></span> <span class='ocrx_word' id='word_1_193' title='bbox 2592 1059 2840 1127; x_wconf 81' lang='lat' dir='ltr'><strong>regium,</strong></span> <span class='ocrx_word' id='word_1_194' title='bbox 2891 1068 2947 1114; x_wconf 92' lang='lat' dir='ltr'><strong>ct</strong></span> <span class='ocrx_word' id='word_1_195' title='bbox 2992 1064 3356 1130; x_wconf 80' lang='lat' dir='ltr'><strong>sacerdotale,</strong></span> <span class='ocrx_word' id='word_1_196' title='bbox 3409 1081 3542 1136; x_wconf 89' lang='lat' dir='ltr'><strong>gens</strong></span> 
     </span>
    </p>
   </div>
   <div class='ocr_carea' id='block_1_25' title="bbox 1956 1147 3539 1226">
    <p class='ocr_par' dir='ltr' id='par_1_25' title="bbox 1956 1147 3539 1226">
     <span class='ocr_line' id='line_1_25' title="bbox 1956 1147 3539 1226; baseline 0.006 -25"><span class='ocrx_word' id='word_1_197' title='bbox 1956 1155 2177 1212; x_wconf 89' lang='lat' dir='ltr'><strong>sancta,</strong></span> <span class='ocrx_word' id='word_1_198' title='bbox 2206 1147 2435 1218; x_wconf 88' lang='lat' dir='ltr'><strong>populus</strong></span> <span class='ocrx_word' id='word_1_199' title='bbox 2463 1149 2838 1218; x_wconf 86' lang='lat' dir='ltr'><strong>acquisitionis</strong></span> <span class='ocrx_word' id='word_1_200' title='bbox 2866 1150 2928 1221; x_wconf 87' lang='grc' dir='ltr'><strong>(Ι</strong></span> <span class='ocrx_word' id='word_1_201' title='bbox 2960 1148 3100 1206; x_wconf 88' lang='lat' dir='ltr'><strong>Petr.</strong></span> <span class='ocrx_word' id='word_1_202' title='bbox 3133 1153 3207 1225; x_wconf 92' lang='grc' dir='ltr'><strong>ιι)</strong></span> <span class='ocrx_word' id='word_1_203' title='bbox 3235 1171 3248 1219; x_wconf 92' lang='grc'>;</span> <span class='ocrx_word' id='word_1_204' title='bbox 3280 1156 3372 1225; x_wconf 90' lang='lat' dir='ltr'><strong>qui</strong></span> <span class='ocrx_word' id='word_1_205' title='bbox 3400 1171 3539 1226; x_wconf 89' lang='lat' dir='ltr'><strong>quo-</strong></span> 
     </span>
    </p>
   </div>
   <div class='ocr_carea' id='block_1_26' title="bbox 1957 1236 3539 1315">
    <p class='ocr_par' dir='ltr' id='par_1_26' title="bbox 1957 1236 3539 1315">
     <span class='ocr_line' id='line_1_26' title="bbox 1957 1236 3539 1315; baseline 0.006 -24"><span class='ocrx_word' id='word_1_206' title='bbox 1957 1238 2087 1292; x_wconf 86' lang='lat' dir='ltr'><strong>tidie</strong></span> <span class='ocrx_word' id='word_1_207' title='bbox 2123 1236 2333 1293; x_wconf 86' lang='lat' dir='ltr'><strong>debetis</strong></span> <span class='ocrx_word' id='word_1_208' title='bbox 2370 1238 2482 1293; x_wconf 90' lang='lat' dir='ltr'><strong>Deo</strong></span> <span class='ocrx_word' id='word_1_209' title='bbox 2517 1240 2723 1295; x_wconf 85' lang='lat' dir='ltr'><strong>servire</strong></span> <span class='ocrx_word' id='word_1_210' title='bbox 2768 1241 2823 1295; x_wconf 89' lang='lat' dir='ltr'><strong>in</strong></span> <span class='ocrx_word' id='word_1_211' title='bbox 2861 1255 2990 1297; x_wconf 87' lang='lat' dir='ltr'><strong>vero</strong></span> <span class='ocrx_word' id='word_1_212' title='bbox 3016 1243 3133 1312; x_wconf 85' lang='lat' dir='ltr'><strong>ejus</strong></span> <span class='ocrx_word' id='word_1_213' title='bbox 3164 1244 3539 1315; x_wconf 82' lang='lat' dir='ltr'><strong>tabernaculo,</strong></span> 
     </span>
    </p>
   </div>
   <div class='ocr_carea' id='block_1_27' title="bbox 1955 1328 3540 1397">
    <p class='ocr_par' dir='ltr' id='par_1_27' title="bbox 1955 1328 3540 1397">
     <span class='ocr_line' id='line_1_27' title="bbox 1955 1328 3540 1397; baseline 0.004 -15"><span class='ocrx_word' id='word_1_214' title='bbox 1955 1328 2098 1397; x_wconf 91' lang='lat' dir='ltr'><strong>quod</strong></span> <span class='ocrx_word' id='word_1_215' title='bbox 2127 1338 2212 1383; x_wconf 91' lang='lat' dir='ltr'><strong>est</strong></span> <span class='ocrx_word' id='word_1_216' title='bbox 2241 1328 2505 1384; x_wconf 88' lang='lat' dir='ltr'><strong>Ecclesia.</strong></span> <span class='ocrx_word' id='word_1_217' title='bbox 2557 1328 2835 1395; x_wconf 88' lang='lat' dir='ltr'><strong>Quiescite</strong></span> <span class='ocrx_word' id='word_1_218' title='bbox 2860 1340 2918 1385; x_wconf 90' lang='lat' dir='ltr'><strong>et</strong></span> <span class='ocrx_word' id='word_1_219' title='bbox 2947 1332 3211 1388; x_wconf 85' lang='lat' dir='ltr'><strong>abstinete</strong></span> <span class='ocrx_word' id='word_1_220' title='bbox 3250 1349 3346 1388; x_wconf 83' lang='lat' dir='ltr'><strong>vos</strong></span> <span class='ocrx_word' id='word_1_221' title='bbox 3380 1349 3410 1388; x_wconf 91' lang='lat' dir='ltr'><strong>a</strong></span> <span class='ocrx_word' id='word_1_222' title='bbox 3446 1350 3540 1389; x_wconf 88' lang='lat' dir='ltr'><strong>co-</strong></span> 
     </span>
    </p>
   </div>
   <div class='ocr_carea' id='block_1_28' title="bbox 1955 1422 3535 1493">
    <p class='ocr_par' dir='ltr' id='par_1_28' title="bbox 1955 1422 3535 1493">
     <span class='ocr_line' id='line_1_28' title="bbox 1955 1422 3535 1493; baseline 0.002 -16"><span class='ocrx_word' id='word_1_223' title='bbox 1955 1423 2284 1478; x_wconf 89' lang='lat' dir='ltr'><strong>messatione</strong></span> <span class='ocrx_word' id='word_1_224' title='bbox 2312 1431 2367 1477; x_wconf 92' lang='lat' dir='ltr'><strong>et</strong></span> <span class='ocrx_word' id='word_1_225' title='bbox 2386 1423 2649 1477; x_wconf 83' lang='lat' dir='ltr'><strong>ebrietate</strong></span> <span class='ocrx_word' id='word_1_226' title='bbox 2668 1464 2683 1488; x_wconf 93' lang='lat'><strong>,</strong></span> <span class='ocrx_word' id='word_1_227' title='bbox 2708 1437 2738 1477; x_wconf 91' lang='lat' dir='ltr'><strong>a</strong></span> <span class='ocrx_word' id='word_1_228' title='bbox 2765 1422 3109 1493; x_wconf 84' lang='lat' dir='ltr'><strong>loquacitate,</strong></span> <span class='ocrx_word' id='word_1_229' title='bbox 3134 1441 3165 1478; x_wconf 91' lang='lat' dir='ltr'><strong>a</strong></span> <span class='ocrx_word' id='word_1_230' title='bbox 3188 1425 3535 1492; x_wconf 87' lang='lat' dir='ltr'><strong>scurrilitate,</strong></span> 
     </span>
    </p>
   </div>
   <div class='ocr_carea' id='block_1_29' title="bbox 1955 1515 3529 1584">
    <p class='ocr_par' dir='ltr' id='par_1_29' title="bbox 1955 1515 3529 1584">
     <span class='ocr_line' id='line_1_29' title="bbox 1955 1515 3529 1584; baseline 0.003 -17"><span class='ocrx_word' id='word_1_231' title='bbox 1955 1528 1985 1567; x_wconf 92' lang='lat' dir='ltr'><strong>a</strong></span> <span class='ocrx_word' id='word_1_232' title='bbox 2015 1515 2273 1579; x_wconf 81' lang='lat' dir='ltr'><strong>vanitate,</strong></span> <span class='ocrx_word' id='word_1_233' title='bbox 2301 1523 2356 1569; x_wconf 91' lang='lat' dir='ltr'><strong>et</strong></span> <span class='ocrx_word' id='word_1_234' title='bbox 2383 1529 2598 1584; x_wconf 88' lang='lat' dir='ltr'><strong>semper</strong></span> <span class='ocrx_word' id='word_1_235' title='bbox 2624 1515 2767 1584; x_wconf 90' lang='lat' dir='ltr'><strong>quod</strong></span> <span class='ocrx_word' id='word_1_236' title='bbox 2795 1515 2995 1570; x_wconf 90' lang='lat' dir='ltr'><strong>bonum</strong></span> <span class='ocrx_word' id='word_1_237' title='bbox 3025 1526 3109 1571; x_wconf 90' lang='lat' dir='ltr'><strong>est</strong></span> <span class='ocrx_word' id='word_1_238' title='bbox 3134 1518 3414 1572; x_wconf 89' lang='lat' dir='ltr'><strong>sectamini</strong></span> <span class='ocrx_word' id='word_1_239' title='bbox 3444 1518 3529 1572; x_wconf 91' lang='lat' dir='ltr'><strong>in-</strong></span> 
     </span>
    </p>
   </div>
   <div class='ocr_carea' id='block_1_30' title="bbox 1952 1604 3534 1675">
    <p class='ocr_par' dir='ltr' id='par_1_30' title="bbox 1952 1604 3534 1675">
     <span class='ocr_line' id='line_1_30' title="bbox 1952 1604 3534 1675; baseline 0.001 -16"><span class='ocrx_word' id='word_1_240' title='bbox 1952 1606 2125 1659; x_wconf 87' lang='lat' dir='ltr'><strong>vicem</strong></span> <span class='ocrx_word' id='word_1_241' title='bbox 2149 1604 2282 1659; x_wconf 88' lang='lat' dir='ltr'><strong>etin</strong></span> <span class='ocrx_word' id='word_1_242' title='bbox 2307 1619 2518 1670; x_wconf 90' lang='lat' dir='ltr'><strong>omnes,</strong></span> <span class='ocrx_word' id='word_1_243' title='bbox 2543 1612 2602 1659; x_wconf 93' lang='lat' dir='ltr'><strong>ut</strong></span> <span class='ocrx_word' id='word_1_244' title='bbox 2621 1604 2738 1675; x_wconf 84' lang='lat' dir='ltr'><strong>ejus</strong></span> <span class='ocrx_word' id='word_1_245' title='bbox 2763 1604 2882 1659; x_wconf 82' lang='lat' dir='ltr'><strong>ﬁeri</strong></span> <span class='ocrx_word' id='word_1_246' title='bbox 2914 1607 3157 1661; x_wconf 88' lang='lat' dir='ltr'><strong>membra</strong></span> <span class='ocrx_word' id='word_1_247' title='bbox 3184 1606 3499 1661; x_wconf 87' lang='lat' dir='ltr'><strong>mereamini</strong></span> <span class='ocrx_word' id='word_1_248' title='bbox 3518 1646 3534 1670; x_wconf 91' lang='lat'><strong>,</strong></span> 
     </span>
    </p>
   </div>
   <div class='ocr_carea' id='block_1_31' title="bbox 1954 1695 3535 1766">
    <p class='ocr_par' dir='ltr' id='par_1_31' title="bbox 1954 1695 3535 1766">
     <span class='ocr_line' id='line_1_31' title="bbox 1954 1695 3535 1766; baseline 0.002 -17"><span class='ocrx_word' id='word_1_249' title='bbox 1954 1695 2044 1766; x_wconf 90' lang='lat' dir='ltr'><strong>qui</strong></span> <span class='ocrx_word' id='word_1_250' title='bbox 2077 1702 2161 1750; x_wconf 89' lang='lat' dir='ltr'><strong>est</strong></span> <span class='ocrx_word' id='word_1_251' title='bbox 2181 1708 2342 1749; x_wconf 88' lang='lat' dir='ltr'><strong>verus</strong></span> <span class='ocrx_word' id='word_1_252' title='bbox 2368 1695 2622 1750; x_wconf 88' lang='lat' dir='ltr'><strong>sacerdos</strong></span> <span class='ocrx_word' id='word_1_253' title='bbox 2647 1703 2704 1749; x_wconf 89' lang='lat' dir='ltr'><strong>et</strong></span> <span class='ocrx_word' id='word_1_254' title='bbox 2729 1711 2891 1752; x_wconf 89' lang='lat' dir='ltr'><strong>verus</strong></span> <span class='ocrx_word' id='word_1_255' title='bbox 2912 1696 3171 1750; x_wconf 89' lang='lat' dir='ltr'><strong>Dominus</strong></span> <span class='ocrx_word' id='word_1_256' title='bbox 3191 1707 3398 1763; x_wconf 87' lang='lat' dir='ltr'><strong>noster,</strong></span> <span class='ocrx_word' id='word_1_257' title='bbox 3421 1696 3535 1752; x_wconf 76' lang='lat' dir='ltr'><strong>Rex</strong></span> 
     </span>
    </p>
   </div>
   <div class='ocr_carea' id='block_1_32' title="bbox 280 1786 3531 1865">
    <p class='ocr_par' dir='ltr' id='par_1_32' title="bbox 280 1786 3531 1865">
     <span class='ocr_line' id='line_1_32' title="bbox 280 1786 3531 1865; baseline 0 -24"><span class='ocrx_word' id='word_1_258' title='bbox 280 1795 388 1857; x_wconf 87' lang='lat' dir='ltr'><strong>post</strong></span> <span class='ocrx_word' id='word_1_259' title='bbox 407 1786 587 1841; x_wconf 89' lang='lat' dir='ltr'><strong>divina</strong></span> <span class='ocrx_word' id='word_1_260' title='bbox 609 1787 911 1857; x_wconf 88' lang='lat' dir='ltr'><strong>increpatio</strong></span> <span class='ocrx_word' id='word_1_261' title='bbox 937 1787 1233 1858; x_wconf 73' lang='lat' dir='ltr'><strong>subiungit,</strong></span> <span class='ocrx_word' id='word_1_262' title='bbox 1262 1790 1448 1846; x_wconf 88' lang='lat' dir='ltr'><strong>dicens</strong></span> <span class='ocrx_word' id='word_1_263' title='bbox 1480 1809 1494 1846; x_wconf 90' lang='lat'><strong>:</strong></span> <span class='ocrx_word' id='word_1_264' title='bbox 1531 1791 1623 1847; x_wconf 70' lang='lat' dir='ltr'><strong>Va:</strong></span> <span class='ocrx_word' id='word_1_265' title='bbox 1649 1794 1739 1865; x_wconf 91' lang='lat' dir='ltr'><strong>qui</strong></span> <span class='ocrx_word' id='word_1_266' title='bbox 1758 1811 1851 1863; x_wconf 77' lang='grc' dir='ltr'><strong>ρο·-</strong></span> <span class='ocrx_word' id='word_1_267' title='bbox 1877 1800 1925 1859; x_wconf 81' lang='lat' dir='ltr'><strong>B</strong></span> <span class='ocrx_word' id='word_1_268' title='bbox 1954 1802 2141 1857; x_wconf 81' lang='lat' dir='ltr'><strong>regum</strong></span> <span class='ocrx_word' id='word_1_269' title='bbox 2169 1796 2225 1841; x_wconf 90' lang='lat' dir='ltr'><strong>et</strong></span> <span class='ocrx_word' id='word_1_270' title='bbox 2254 1786 2514 1842; x_wconf 84' lang='lat' dir='ltr'><strong>Dominus</strong></span> <span class='ocrx_word' id='word_1_271' title='bbox 2541 1787 2910 1851; x_wconf 87' lang='lat' dir='ltr'><strong>dominorum,</strong></span> <span class='ocrx_word' id='word_1_272' title='bbox 2940 1787 3098 1842; x_wconf 80' lang='lat' dir='ltr'><strong>Jesus</strong></span> <span class='ocrx_word' id='word_1_273' title='bbox 3126 1786 3375 1842; x_wconf 86' lang='lat' dir='ltr'><strong>Christus</strong></span> <span class='ocrx_word' id='word_1_274' title='bbox 3405 1789 3531 1842; x_wconf 89' lang='lat' dir='ltr'><strong>uni-</strong></span> 
     </span>
    </p>
   </div>
   <div class='ocr_carea' id='block_1_33' title="bbox 281 1878 1852 1956">
    <p class='ocr_par' dir='ltr' id='par_1_33' title="bbox 281 1878 1852 1956">
     <span class='ocr_line' id='line_1_33' title="bbox 281 1878 1852 1956; baseline 0.005 -25"><span class='ocrx_word' id='word_1_275' title='bbox 281 1888 427 1931; x_wconf 86' lang='lat' dir='ltr'><strong>tentcs</strong></span> <span class='ocrx_word' id='word_1_276' title='bbox 454 1879 579 1931; x_wconf 84' lang='lat' dir='ltr'><strong>estis</strong></span> <span class='ocrx_word' id='word_1_277' title='bbox 610 1878 683 1930; x_wconf 93' lang='lat' dir='ltr'><strong>ad</strong></span> <span class='ocrx_word' id='word_1_278' title='bbox 709 1878 986 1933; x_wconf 88' lang='lat' dir='ltr'><strong>bibendum</strong></span> <span class='ocrx_word' id='word_1_279' title='bbox 1016 1880 1189 1956; x_wconf 83' lang='lat' dir='ltr'><strong>vinum</strong></span> <span class='ocrx_word' id='word_1_280' title='bbox 1209 1920 1223 1944; x_wconf 92' lang='lat'><strong>,</strong></span> <span class='ocrx_word' id='word_1_281' title='bbox 1256 1890 1302 1935; x_wconf 89' lang='lat' dir='ltr'><strong>et</strong></span> <span class='ocrx_word' id='word_1_282' title='bbox 1322 1882 1430 1935; x_wconf 69' lang='lat' dir='ltr'><strong>viri</strong></span> <span class='ocrx_word' id='word_1_283' title='bbox 1459 1883 1620 1952; x_wconf 85' lang='lat' dir='ltr'><strong>fortes</strong></span> <span class='ocrx_word' id='word_1_284' title='bbox 1652 1884 1721 1937; x_wconf 88' lang='lat' dir='ltr'><strong>ad</strong></span> <span class='ocrx_word' id='word_1_285' title='bbox 1749 1886 1852 1939; x_wconf 90' lang='lat' dir='ltr'><strong>mi-</strong></span> 
     </span>
    </p>
   </div>
   <div class='ocr_carea' id='block_1_34' title="bbox 278 1965 1851 2045">
    <p class='ocr_par' dir='ltr' id='par_1_34' title="bbox 278 1965 1851 2045">
     <span class='ocr_line' id='line_1_34' title="bbox 278 1965 1851 2045; baseline 0.006 -26"><span class='ocrx_word' id='word_1_286' title='bbox 278 1965 509 2019; x_wconf 83' lang='lat' dir='ltr'><strong>scendam</strong></span> <span class='ocrx_word' id='word_1_287' title='bbox 538 1966 841 2020; x_wconf 86' lang='lat' dir='ltr'><strong>ebrietatem</strong></span> <span class='ocrx_word' id='word_1_288' title='bbox 863 1984 881 2021; x_wconf 91' lang='lat'><strong><em>:</em></strong></span> <span class='ocrx_word' id='word_1_289' title='bbox 908 1968 999 2038; x_wconf 90' lang='lat' dir='ltr'><strong>qui</strong></span> <span class='ocrx_word' id='word_1_290' title='bbox 1022 1970 1336 2038; x_wconf 83' lang='lat' dir='ltr'><strong>justi/icatis</strong></span> <span class='ocrx_word' id='word_1_291' title='bbox 1364 1973 1579 2042; x_wconf 88' lang='lat' dir='ltr'><strong>impium</strong></span> <span class='ocrx_word' id='word_1_292' title='bbox 1609 1991 1704 2045; x_wconf 85' lang='lat' dir='ltr'><strong>pro</strong></span> <span class='ocrx_word' id='word_1_293' title='bbox 1731 1993 1851 2029; x_wconf 85' lang='lat' dir='ltr'><strong>mu-</strong></span> 
     </span>
    </p>
   </div>
   <div class='ocr_carea' id='block_1_35' title="bbox 278 2058 1902 2136">
    <p class='ocr_par' dir='ltr' id='par_1_35' title="bbox 278 2058 1902 2136">
     <span class='ocr_line' id='line_1_35' title="bbox 278 2058 1902 2136; baseline 0.006 -25"><span class='ocrx_word' id='word_1_294' title='bbox 278 2058 510 2123; x_wconf 80' lang='lat' dir='ltr'><strong>neribus,</strong></span> <span class='ocrx_word' id='word_1_295' title='bbox 555 2069 604 2112; x_wconf 88' lang='lat' dir='ltr'><strong>et</strong></span> <span class='ocrx_word' id='word_1_296' title='bbox 641 2058 910 2129; x_wconf 84' lang='lat' dir='ltr'><strong>justitiam</strong></span> <span class='ocrx_word' id='word_1_297' title='bbox 950 2060 1086 2129; x_wconf 84' lang='lat' dir='ltr'><strong>justi</strong></span> <span class='ocrx_word' id='word_1_298' title='bbox 1129 2063 1349 2132; x_wconf 81' lang='lat' dir='ltr'><strong>aufertis</strong></span> <span class='ocrx_word' id='word_1_299' title='bbox 1391 2066 1456 2118; x_wconf 88' lang='lat' dir='ltr'><strong>ab</strong></span> <span class='ocrx_word' id='word_1_300' title='bbox 1497 2082 1577 2119; x_wconf 87' lang='lat' dir='ltr'><strong>eo.</strong></span> <span class='ocrx_word' id='word_1_301' title='bbox 1634 2066 1902 2136; x_wconf 68' lang='lat' dir='ltr'><strong>PrOpter.</strong></span> 
     </span>
    </p>
   </div>
   <div class='ocr_carea' id='block_1_36' title="bbox 275 2148 1855 2223">
    <p class='ocr_par' dir='ltr' id='par_1_36' title="bbox 275 2148 1855 2223">
     <span class='ocr_line' id='line_1_36' title="bbox 275 2148 1855 2223; baseline 0.006 -23"><span class='ocrx_word' id='word_1_302' title='bbox 275 2148 404 2217; x_wconf 69' lang='lat' dir='ltr'><strong>quod</strong></span> <span class='ocrx_word' id='word_1_303' title='bbox 427 2187 443 2211; x_wconf 94' lang='lat'><strong>,</strong></span> <span class='ocrx_word' id='word_1_304' title='bbox 480 2148 617 2202; x_wconf 82' lang='lat' dir='ltr'><strong>sicut</strong></span> <span class='ocrx_word' id='word_1_305' title='bbox 652 2148 869 2202; x_wconf 79' lang='lat' dir='ltr'><strong>devorat</strong></span> <span class='ocrx_word' id='word_1_306' title='bbox 903 2150 1152 2220; x_wconf 86' lang='lat' dir='ltr'><strong>stipulam</strong></span> <span class='ocrx_word' id='word_1_307' title='bbox 1188 2150 1368 2223; x_wconf 85' lang='lat' dir='ltr'><strong>lingua</strong></span> <span class='ocrx_word' id='word_1_308' title='bbox 1405 2154 1542 2223; x_wconf 83' lang='lat' dir='ltr'><strong>ignis</strong></span> <span class='ocrx_word' id='word_1_309' title='bbox 1568 2194 1582 2218; x_wconf 92' lang='lat'><strong>,</strong></span> <span class='ocrx_word' id='word_1_310' title='bbox 1624 2164 1673 2209; x_wconf 88' lang='lat' dir='ltr'><strong>et</strong></span> <span class='ocrx_word' id='word_1_311' title='bbox 1710 2154 1855 2209; x_wconf 88' lang='lat' dir='ltr'><strong>calor</strong></span> 
     </span>
    </p>
   </div>
   <div class='ocr_carea' id='block_1_37' title="bbox 276 2237 1850 2313">
    <p class='ocr_par' dir='ltr' id='par_1_37' title="bbox 276 2237 1850 2313">
     <span class='ocr_line' id='line_1_37' title="bbox 276 2237 1850 2313; baseline 0.004 -24"><span class='ocrx_word' id='word_1_312' title='bbox 276 2237 491 2305; x_wconf 64' lang='lat' dir='ltr'><strong>ﬂamma</strong></span> <span class='ocrx_word' id='word_1_313' title='bbox 533 2237 708 2291; x_wconf 69' lang='lat' dir='ltr'><strong>exurit</strong></span> <span class='ocrx_word' id='word_1_314' title='bbox 732 2250 752 2289; x_wconf 89' lang='lat'><strong><em>:</em></strong></span> <span class='ocrx_word' id='word_1_315' title='bbox 796 2239 874 2292; x_wconf 90' lang='lat' dir='ltr'><strong>sic</strong></span> <span class='ocrx_word' id='word_1_316' title='bbox 918 2239 1073 2293; x_wconf 76' lang='lat' dir='ltr'><strong>radix</strong></span> <span class='ocrx_word' id='word_1_317' title='bbox 1110 2255 1292 2295; x_wconf 87' lang='lat' dir='ltr'><strong>eorum</strong></span> <span class='ocrx_word' id='word_1_318' title='bbox 1328 2244 1479 2309; x_wconf 86' lang='lat' dir='ltr'><strong>quasi</strong></span> <span class='ocrx_word' id='word_1_319' title='bbox 1504 2242 1686 2313; x_wconf 78' lang='lat' dir='ltr'><strong>favilla</strong></span> <span class='ocrx_word' id='word_1_320' title='bbox 1715 2245 1810 2298; x_wconf 81' lang='lat' dir='ltr'><strong>erit</strong></span> <span class='ocrx_word' id='word_1_321' title='bbox 1835 2285 1850 2309; x_wconf 92' lang='lat'><strong>,</strong></span> 
     </span>
    </p>
   </div>
   <div class='ocr_carea' id='block_1_38' title="bbox 274 2328 1851 2403">
    <p class='ocr_par' dir='ltr' id='par_1_38' title="bbox 274 2328 1851 2403">
     <span class='ocr_line' id='line_1_38' title="bbox 274 2328 1851 2403; baseline 0.007 -25"><span class='ocrx_word' id='word_1_322' title='bbox 274 2335 318 2378; x_wconf 86' lang='lat' dir='ltr'><strong>et</strong></span> <span class='ocrx_word' id='word_1_323' title='bbox 340 2341 543 2395; x_wconf 77' lang='lat' dir='ltr'><strong>germen</strong></span> <span class='ocrx_word' id='word_1_324' title='bbox 573 2342 758 2380; x_wconf 88' lang='lat' dir='ltr'><strong>eorum</strong></span> <span class='ocrx_word' id='word_1_325' title='bbox 786 2337 845 2381; x_wconf 89' lang='lat' dir='ltr'><strong>ut</strong></span> <span class='ocrx_word' id='word_1_326' title='bbox 872 2328 1041 2398; x_wconf 82' lang='lat' dir='ltr'><strong>pulvis</strong></span> <span class='ocrx_word' id='word_1_327' title='bbox 1069 2331 1331 2386; x_wconf 85' lang='lat' dir='ltr'><strong>ascendet.</strong></span> <span class='ocrx_word' id='word_1_328' title='bbox 1362 2331 1675 2403; x_wconf 86' lang='lat' dir='ltr'><strong>Abjecerunt</strong></span> <span class='ocrx_word' id='word_1_329' title='bbox 1712 2336 1851 2389; x_wconf 89' lang='lat' dir='ltr'><strong>enim</strong></span> 
     </span>
    </p>
   </div>
   <div class='ocr_carea' id='block_1_39' title="bbox 274 2414 1854 2493">
    <p class='ocr_par' dir='ltr' id='par_1_39' title="bbox 274 2414 1854 2493">
     <span class='ocr_line' id='line_1_39' title="bbox 274 2414 1854 2493; baseline 0.006 -26"><span class='ocrx_word' id='word_1_330' title='bbox 274 2415 427 2485; x_wconf 68' lang='lat' dir='ltr'><strong>leges:</strong></span> <span class='ocrx_word' id='word_1_331' title='bbox 453 2414 668 2470; x_wconf 80' lang='lat' dir='ltr'><strong>Domini</strong></span> <span class='ocrx_word' id='word_1_332' title='bbox 696 2419 1054 2485; x_wconf 73' lang='lat' dir='ltr'><strong>exercituum,</strong></span> <span class='ocrx_word' id='word_1_333' title='bbox 1093 2429 1141 2475; x_wconf 87' lang='lat' dir='ltr'><strong>et</strong></span> <span class='ocrx_word' id='word_1_334' title='bbox 1181 2420 1445 2493; x_wconf 83' lang='lat' dir='ltr'><strong>eloquium</strong></span> <span class='ocrx_word' id='word_1_335' title='bbox 1484 2425 1653 2478; x_wconf 88' lang='lat' dir='ltr'><strong>sancti</strong></span> <span class='ocrx_word' id='word_1_336' title='bbox 1681 2423 1854 2478; x_wconf 85' lang='lat' dir='ltr'><strong>Israel</strong></span> 
     </span>
    </p>
   </div>
   <div class='ocr_carea' id='block_1_40' title="bbox 275 2505 1853 2584">
    <p class='ocr_par' dir='ltr' id='par_1_40' title="bbox 275 2505 1853 2584">
     <span class='ocr_line' id='line_1_40' title="bbox 275 2505 1853 2584; baseline 0.008 -26"><span class='ocrx_word' id='word_1_337' title='bbox 275 2505 767 2575; x_wconf 79' lang='lat' dir='ltr'><strong>blasphemaoerunt.</strong></span> <span class='ocrx_word' id='word_1_338' title='bbox 816 2507 954 2563; x_wconf 83' lang='lat' dir='ltr'><strong>Ideo</strong></span> <span class='ocrx_word' id='word_1_339' title='bbox 992 2511 1161 2566; x_wconf 88' lang='lat' dir='ltr'><strong>iratus</strong></span> <span class='ocrx_word' id='word_1_340' title='bbox 1206 2523 1281 2568; x_wconf 90' lang='lat' dir='ltr'><strong>est</strong></span> <span class='ocrx_word' id='word_1_341' title='bbox 1330 2514 1483 2584; x_wconf 78' lang='lat' dir='ltr'><strong>furor</strong></span> <span class='ocrx_word' id='word_1_342' title='bbox 1527 2514 1744 2569; x_wconf 88' lang='lat' dir='ltr'><strong>Domini</strong></span> <span class='ocrx_word' id='word_1_343' title='bbox 1797 2518 1853 2571; x_wconf 91' lang='lat' dir='ltr'><strong>in</strong></span> 
     </span>
    </p>
   </div>
   <div class='ocr_carea' id='block_1_41' title="bbox 273 2594 1854 2676">
    <p class='ocr_par' dir='ltr' id='par_1_41' title="bbox 273 2594 1854 2676">
     <span class='ocr_line' id='line_1_41' title="bbox 273 2594 1854 2676; baseline 0.009 -31"><span class='ocrx_word' id='word_1_344' title='bbox 273 2594 511 2664; x_wconf 74' lang='lat' dir='ltr'><strong>populum</strong></span> <span class='ocrx_word' id='word_1_345' title='bbox 532 2635 549 2660; x_wconf 92' lang='lat'><strong>,</strong></span> <span class='ocrx_word' id='word_1_346' title='bbox 581 2604 629 2649; x_wconf 90' lang='lat' dir='ltr'><strong>et</strong></span> <span class='ocrx_word' id='word_1_347' title='bbox 661 2598 891 2651; x_wconf 74' lang='lat' dir='ltr'><strong>extendit</strong></span> <span class='ocrx_word' id='word_1_348' title='bbox 920 2615 1133 2654; x_wconf 88' lang='lat' dir='ltr'><strong>manum</strong></span> <span class='ocrx_word' id='word_1_349' title='bbox 1161 2618 1319 2673; x_wconf 89' lang='lat' dir='ltr'><strong>super</strong></span> <span class='ocrx_word' id='word_1_350' title='bbox 1342 2619 1491 2669; x_wconf 90' lang='lat' dir='ltr'><strong>eum,</strong></span> <span class='ocrx_word' id='word_1_351' title='bbox 1524 2614 1571 2658; x_wconf 89' lang='lat' dir='ltr'><strong>et</strong></span> <span class='ocrx_word' id='word_1_352' title='bbox 1600 2607 1854 2676; x_wconf 85' lang='lat' dir='ltr'><strong>percussit</strong></span> 
     </span>
    </p>
   </div>
   <div class='ocr_carea' id='block_1_42' title="bbox 272 2685 1851 2762">
    <p class='ocr_par' dir='ltr' id='par_1_42' title="bbox 272 2685 1851 2762">
     <span class='ocr_line' id='line_1_42' title="bbox 272 2685 1851 2762; baseline 0.009 -27"><span class='ocrx_word' id='word_1_353' title='bbox 272 2699 381 2736; x_wconf 78' lang='lat' dir='ltr'><strong>eum</strong></span> <span class='ocrx_word' id='word_1_354' title='bbox 404 2700 424 2748; x_wconf 85' lang='lat'><em>;</em></span> <span class='ocrx_word' id='word_1_355' title='bbox 452 2695 501 2738; x_wconf 85' lang='lat' dir='ltr'><strong>et</strong></span> <span class='ocrx_word' id='word_1_356' title='bbox 527 2685 831 2740; x_wconf 89' lang='lat' dir='ltr'><strong>conturbati</strong></span> <span class='ocrx_word' id='word_1_357' title='bbox 873 2699 994 2742; x_wconf 88' lang='lat' dir='ltr'><strong>sunt</strong></span> <span class='ocrx_word' id='word_1_358' title='bbox 1023 2702 1221 2746; x_wconf 86' lang='lat' dir='ltr'><strong>montes</strong></span> <span class='ocrx_word' id='word_1_359' title='bbox 1244 2732 1258 2758; x_wconf 96' lang='lat'><strong>,</strong></span> <span class='ocrx_word' id='word_1_360' title='bbox 1288 2701 1337 2746; x_wconf 93' lang='lat' dir='ltr'><strong>et</strong></span> <span class='ocrx_word' id='word_1_361' title='bbox 1368 2693 1509 2762; x_wconf 81' lang='lat' dir='ltr'><strong>facta</strong></span> <span class='ocrx_word' id='word_1_362' title='bbox 1544 2704 1665 2749; x_wconf 87' lang='lat' dir='ltr'><strong>sunt</strong></span> <span class='ocrx_word' id='word_1_363' title='bbox 1708 2712 1851 2749; x_wconf 88' lang='lat' dir='ltr'><strong>mor-</strong></span> 
     </span>
    </p>
   </div>
   <div class='ocr_carea' id='block_1_43' title="bbox 274 2775 1852 2852">
    <p class='ocr_par' dir='ltr' id='par_1_43' title="bbox 274 2775 1852 2852">
     <span class='ocr_line' id='line_1_43' title="bbox 274 2775 1852 2852; baseline 0.008 -25"><span class='ocrx_word' id='word_1_364' title='bbox 274 2775 427 2828; x_wconf 87' lang='lat' dir='ltr'><strong>ticina</strong></span> <span class='ocrx_word' id='word_1_365' title='bbox 465 2791 651 2829; x_wconf 89' lang='lat' dir='ltr'><strong>eorum</strong></span> <span class='ocrx_word' id='word_1_366' title='bbox 690 2777 845 2846; x_wconf 84' lang='lat' dir='ltr'><strong>quasi</strong></span> <span class='ocrx_word' id='word_1_367' title='bbox 876 2788 1105 2833; x_wconf 90' lang='lat' dir='ltr'><strong>stercora</strong></span> <span class='ocrx_word' id='word_1_368' title='bbox 1139 2781 1193 2836; x_wconf 89' lang='lat' dir='ltr'><strong>in</strong></span> <span class='ocrx_word' id='word_1_369' title='bbox 1232 2782 1403 2836; x_wconf 88' lang='lat' dir='ltr'><strong>medio</strong></span> <span class='ocrx_word' id='word_1_370' title='bbox 1434 2783 1745 2852; x_wconf 84' lang='lat' dir='ltr'><strong>platearum.</strong></span> <span class='ocrx_word' id='word_1_371' title='bbox 1785 2784 1852 2840; x_wconf 88' lang='lat' dir='ltr'><strong>In</strong></span> 
     </span>
    </p>
   </div>
   <div class='ocr_carea' id='block_1_44' title="bbox 275 2868 1853 2944">
    <p class='ocr_par' dir='ltr' id='par_1_44' title="bbox 275 2868 1853 2944">
     <span class='ocr_line' id='line_1_44' title="bbox 275 2868 1853 2944; baseline 0.006 -23"><span class='ocrx_word' id='word_1_372' title='bbox 275 2868 503 2922; x_wconf 71' lang='lat' dir='ltr'><strong>omnibus</strong></span> <span class='ocrx_word' id='word_1_373' title='bbox 539 2868 622 2921; x_wconf 83' lang='lat' dir='ltr'><strong>Itis</strong></span> <span class='ocrx_word' id='word_1_374' title='bbox 658 2885 766 2922; x_wconf 90' lang='lat' dir='ltr'><strong>non</strong></span> <span class='ocrx_word' id='word_1_375' title='bbox 798 2880 874 2923; x_wconf 89' lang='lat' dir='ltr'><strong>est</strong></span> <span class='ocrx_word' id='word_1_376' title='bbox 907 2887 1122 2926; x_wconf 83' lang='lat' dir='ltr'><strong>auersus</strong></span> <span class='ocrx_word' id='word_1_377' title='bbox 1161 2872 1313 2942; x_wconf 84' lang='lat' dir='ltr'><strong>furor</strong></span> <span class='ocrx_word' id='word_1_378' title='bbox 1358 2874 1507 2944; x_wconf 89' lang='lat' dir='ltr'><strong>ejus,</strong></span> <span class='ocrx_word' id='word_1_379' title='bbox 1543 2876 1634 2929; x_wconf 87' lang='lat' dir='ltr'><strong>sed</strong></span> <span class='ocrx_word' id='word_1_380' title='bbox 1680 2877 1853 2931; x_wconf 87' lang='lat' dir='ltr'><strong>adhuc</strong></span> 
     </span>
    </p>
   </div>
   <div class='ocr_carea' id='block_1_45' title="bbox 274 2960 1853 3037">
    <p class='ocr_par' dir='ltr' id='par_1_45' title="bbox 274 2960 1853 3037">
     <span class='ocr_line' id='line_1_45' title="bbox 274 2960 1853 3037; baseline 0.007 -26"><span class='ocrx_word' id='word_1_381' title='bbox 274 2975 451 3012; x_wconf 79' lang='lat' dir='ltr'><strong>manus</strong></span> <span class='ocrx_word' id='word_1_382' title='bbox 475 2960 593 3028; x_wconf 85' lang='lat' dir='ltr'><strong>ejus</strong></span> <span class='ocrx_word' id='word_1_383' title='bbox 619 2969 836 3014; x_wconf 72' lang='lat' dir='ltr'><strong>extensa</strong></span> <span class='ocrx_word' id='word_1_384' title='bbox 864 2960 1039 3033; x_wconf 87' lang='lat' dir='ltr'><strong>(Ibid.</strong></span> <span class='ocrx_word' id='word_1_385' title='bbox 1061 2962 1101 3034; x_wconf 92' lang='lat'><strong>).</strong></span> <span class='ocrx_word' id='word_1_386' title='bbox 1133 2963 1236 3017; x_wconf 87' lang='lat' dir='ltr'><strong>Per</strong></span> <span class='ocrx_word' id='word_1_387' title='bbox 1263 2963 1606 3020; x_wconf 90' lang='lat' dir='ltr'><strong>Salomonem</strong></span> <span class='ocrx_word' id='word_1_388' title='bbox 1635 2981 1853 3037; x_wconf 92' lang='lat' dir='ltr'><strong>quoque</strong></span> 
     </span>
    </p>
   </div>
   <div class='ocr_carea' id='block_1_46' title="bbox 277 3051 1854 3121">
    <p class='ocr_par' dir='ltr' id='par_1_46' title="bbox 277 3051 1854 3121">
     <span class='ocr_line' id='line_1_46' title="bbox 277 3051 1854 3121; baseline 0.005 -17"><span class='ocrx_word' id='word_1_389' title='bbox 277 3051 519 3106; x_wconf 85' lang='lat' dir='ltr'><strong>similiter</strong></span> <span class='ocrx_word' id='word_1_390' title='bbox 545 3052 827 3121; x_wconf 85' lang='lat' dir='ltr'><strong>Sapientia</strong></span> <span class='ocrx_word' id='word_1_391' title='bbox 871 3053 1050 3108; x_wconf 91' lang='lat' dir='ltr'><strong>divina</strong></span> <span class='ocrx_word' id='word_1_392' title='bbox 1092 3055 1393 3109; x_wconf 89' lang='lat' dir='ltr'><strong>detestatur</strong></span> <span class='ocrx_word' id='word_1_393' title='bbox 1436 3056 1753 3112; x_wconf 88' lang='lat' dir='ltr'><strong>ebrietatem</strong></span> <span class='ocrx_word' id='word_1_394' title='bbox 1798 3066 1854 3112; x_wconf 90' lang='lat' dir='ltr'><strong>et</strong></span> 
     </span>
    </p>
   </div>
   <div class='ocr_carea' id='block_1_47' title="bbox 1954 1877 3533 1950">
    <p class='ocr_par' dir='ltr' id='par_1_47' title="bbox 1954 1877 3533 1950">
     <span class='ocr_line' id='line_1_47' title="bbox 1954 1877 3533 1950; baseline -0.001 -15"><span class='ocrx_word' id='word_1_395' title='bbox 1954 1879 2170 1950; x_wconf 82' lang='lat' dir='ltr'><strong>genitus</strong></span> <span class='ocrx_word' id='word_1_396' title='bbox 2198 1878 2293 1934; x_wconf 90' lang='lat' dir='ltr'><strong>Dei</strong></span> <span class='ocrx_word' id='word_1_397' title='bbox 2323 1879 2524 1944; x_wconf 88' lang='lat' dir='ltr'><strong>Filius,</strong></span> <span class='ocrx_word' id='word_1_398' title='bbox 2556 1879 2647 1947; x_wconf 92' lang='lat' dir='ltr'><strong>qui</strong></span> <span class='ocrx_word' id='word_1_399' title='bbox 2679 1892 2802 1932; x_wconf 90' lang='lat' dir='ltr'><strong>cum</strong></span> <span class='ocrx_word' id='word_1_400' title='bbox 2830 1878 2994 1932; x_wconf 90' lang='lat' dir='ltr'><strong>Patre</strong></span> <span class='ocrx_word' id='word_1_401' title='bbox 3020 1887 3077 1933; x_wconf 91' lang='lat' dir='ltr'><strong>et</strong></span> <span class='ocrx_word' id='word_1_402' title='bbox 3107 1877 3312 1948; x_wconf 90' lang='lat' dir='ltr'><strong>Spiritu</strong></span> <span class='ocrx_word' id='word_1_403' title='bbox 3341 1887 3533 1934; x_wconf 88' lang='lat' dir='ltr'><strong>sancto</strong></span> 
     </span>
    </p>
   </div>
   <div class='ocr_carea' id='block_1_48' title="bbox 1954 1968 3530 2041">
    <p class='ocr_par' dir='ltr' id='par_1_48' title="bbox 1954 1968 3530 2041">
     <span class='ocr_line' id='line_1_48' title="bbox 1954 1968 3530 2041; baseline -0.003 -16"><span class='ocrx_word' id='word_1_404' title='bbox 1954 1972 2085 2025; x_wconf 82' lang='lat' dir='ltr'><strong>vivit</strong></span> <span class='ocrx_word' id='word_1_405' title='bbox 2126 1979 2182 2025; x_wconf 92' lang='lat' dir='ltr'><strong>et</strong></span> <span class='ocrx_word' id='word_1_406' title='bbox 2218 1979 2407 2041; x_wconf 78' lang='lat' dir='ltr'><strong>regnat</strong></span> <span class='ocrx_word' id='word_1_407' title='bbox 2449 1970 2593 2025; x_wconf 85' lang='lat' dir='ltr'><strong>Deus</strong></span> <span class='ocrx_word' id='word_1_408' title='bbox 2633 1969 2687 2024; x_wconf 91' lang='lat' dir='ltr'><strong>in</strong></span> <span class='ocrx_word' id='word_1_409' title='bbox 2726 1968 2908 2025; x_wconf 88' lang='lat' dir='ltr'><strong>omnia</strong></span> <span class='ocrx_word' id='word_1_410' title='bbox 2946 1968 3145 2024; x_wconf 75' lang='lat' dir='ltr'><strong>smcula</strong></span> <span class='ocrx_word' id='word_1_411' title='bbox 3189 1968 3530 2025; x_wconf 79' lang='lat' dir='ltr'><strong>saeculorum.</strong></span> 
     </span>
    </p>
   </div>
   <div class='ocr_carea' id='block_1_49' title="bbox 1952 2061 2144 2117">
    <p class='ocr_par' dir='ltr' id='par_1_49' title="bbox 1952 2061 2144 2117">
     <span class='ocr_line' id='line_1_49' title="bbox 1952 2061 2144 2117; baseline 0 -2"><span class='ocrx_word' id='word_1_412' title='bbox 1952 2061 2144 2117; x_wconf 85' lang='lat' dir='ltr'><strong>Amen.</strong></span> 
     </span>
    </p>
   </div>
   <div class='ocr_carea' id='block_1_50' title="bbox 2489 2150 2995 2208">
    <p class='ocr_par' dir='ltr' id='par_1_50' title="bbox 2489 2150 2995 2208">
     <span class='ocr_line' id='line_1_50' title="bbox 2489 2150 2995 2208; baseline 0.002 -3"><span class='ocrx_word' id='word_1_413' title='bbox 2489 2150 2771 2208; x_wconf 77' lang='lat' dir='ltr'><strong>IIOMILIA</strong></span> <span class='ocrx_word' id='word_1_414' title='bbox 2815 2152 2926 2207; x_wconf 73' lang='lat' dir='ltr'><strong>LXI</strong></span> <span class='ocrx_word' id='word_1_415' title='bbox 2939 2154 2995 2206; x_wconf 81' lang='grc' dir='ltr'><strong>ν.</strong></span> 
     </span>
    </p>
   </div>
   <div class='ocr_carea' id='block_1_51' title="bbox 2025 2256 3462 2299">
    <p class='ocr_par' dir='ltr' id='par_1_51' title="bbox 2025 2256 3462 2299">
     <span class='ocr_line' id='line_1_51' title="bbox 2025 2256 3462 2299; baseline -0.001 -2"><span class='ocrx_word' id='word_1_416' title='bbox 2025 2259 2091 2297; x_wconf 74' lang='grc' dir='ltr'><strong>ΒΕ</strong></span> <span class='ocrx_word' id='word_1_417' title='bbox 2114 2256 2311 2299; x_wconf 74' lang='grc' dir='ltr'><strong>ετυιιιο</strong></span> <span class='ocrx_word' id='word_1_418' title='bbox 2338 2257 2474 2297; x_wconf 78' lang='lat' dir='ltr'><strong>BONO</strong></span> <span class='ocrx_word' id='word_1_419' title='bbox 2498 2259 2567 2298; x_wconf 77' lang='lat' dir='ltr'><strong>ET</strong></span> <span class='ocrx_word' id='word_1_420' title='bbox 2597 2257 2946 2297; x_wconf 68' lang='lat' dir='ltr'><strong>DISCRETIONE</strong></span> <span class='ocrx_word' id='word_1_421' title='bbox 2976 2258 3178 2298; x_wconf 67' lang='lat' dir='ltr'><strong>SBHPEB</strong></span> <span class='ocrx_word' id='word_1_422' title='bbox 3201 2257 3462 2299; x_wconf 67' lang='lat' dir='ltr'><strong>IIABENDA.</strong></span> 
     </span>
    </p>
   </div>
   <div class='ocr_carea' id='block_1_52' title="bbox 2025 2332 3535 2403">
    <p class='ocr_par' dir='ltr' id='par_1_52' title="bbox 2025 2332 3535 2403">
     <span class='ocr_line' id='line_1_52' title="bbox 2025 2332 3535 2403; baseline 0.003 -17"><span class='ocrx_word' id='word_1_423' title='bbox 2025 2332 2356 2403; x_wconf 81' lang='lat' dir='ltr'><strong>Redemptor</strong></span> <span class='ocrx_word' id='word_1_424' title='bbox 2386 2334 2571 2403; x_wconf 89' lang='lat' dir='ltr'><strong>itaque</strong></span> <span class='ocrx_word' id='word_1_425' title='bbox 2599 2342 2804 2398; x_wconf 88' lang='lat' dir='ltr'><strong>noster,</strong></span> <span class='ocrx_word' id='word_1_426' title='bbox 2839 2335 2930 2403; x_wconf 92' lang='lat' dir='ltr'><strong>qui</strong></span> <span class='ocrx_word' id='word_1_427' title='bbox 2961 2335 3337 2389; x_wconf 63' lang='lat' dir='ltr'><strong>contentionum</strong></span> <span class='ocrx_word' id='word_1_428' title='bbox 3366 2332 3535 2391; x_wconf 78' lang='lat' dir='ltr'><strong>disci-</strong></span> 
     </span>
    </p>
   </div>
   <div class='ocr_carea' id='block_1_53' title="bbox 1951 2423 3536 2497">
    <p class='ocr_par' dir='ltr' id='par_1_53' title="bbox 1951 2423 3536 2497">
     <span class='ocr_line' id='line_1_53' title="bbox 1951 2423 3536 2497; baseline 0.004 -21"><span class='ocrx_word' id='word_1_429' title='bbox 1951 2423 2203 2495; x_wconf 89' lang='lat' dir='ltr'><strong>pulorum</strong></span> <span class='ocrx_word' id='word_1_430' title='bbox 2246 2440 2468 2479; x_wconf 90' lang='lat' dir='ltr'><strong>suorum</strong></span> <span class='ocrx_word' id='word_1_431' title='bbox 2515 2425 2582 2480; x_wconf 92' lang='lat' dir='ltr'><strong>de</strong></span> <span class='ocrx_word' id='word_1_432' title='bbox 2624 2425 2862 2494; x_wconf 86' lang='lat' dir='ltr'><strong>primatu</strong></span> <span class='ocrx_word' id='word_1_433' title='bbox 2906 2425 3273 2494; x_wconf 89' lang='lat' dir='ltr'><strong>compescuit,</strong></span> <span class='ocrx_word' id='word_1_434' title='bbox 3322 2425 3376 2480; x_wconf 90' lang='lat' dir='ltr'><strong>in</strong></span> <span class='ocrx_word' id='word_1_435' title='bbox 3425 2438 3536 2497; x_wconf 87' lang='lat' dir='ltr'><strong>quo</strong></span> 
     </span>
    </p>
   </div>
   <div class='ocr_carea' id='block_1_54' title="bbox 1952 2513 3530 2585">
    <p class='ocr_par' dir='ltr' id='par_1_54' title="bbox 1952 2513 3530 2585">
     <span class='ocr_line' id='line_1_54' title="bbox 1952 2513 3530 2585; baseline 0.001 -15"><span class='ocrx_word' id='word_1_436' title='bbox 1952 2513 2283 2570; x_wconf 88' lang='lat' dir='ltr'><strong>contendere</strong></span> <span class='ocrx_word' id='word_1_437' title='bbox 2333 2514 2569 2569; x_wconf 89' lang='lat' dir='ltr'><strong>debeant</strong></span> <span class='ocrx_word' id='word_1_438' title='bbox 2609 2514 2891 2570; x_wconf 87' lang='lat' dir='ltr'><strong>ostendit:</strong></span> <span class='ocrx_word' id='word_1_439' title='bbox 2941 2513 3279 2581; x_wconf 87' lang='lat' dir='ltr'><strong>Contendite,</strong></span> <span class='ocrx_word' id='word_1_440' title='bbox 3320 2516 3530 2585; x_wconf 84' lang='lat' dir='ltr'><strong>inquit,</strong></span> 
     </span>
    </p>
   </div>
   <div class='ocr_carea' id='block_1_55' title="bbox 1950 2603 3533 2677">
    <p class='ocr_par' dir='ltr' id='par_1_55' title="bbox 1950 2603 3533 2677">
     <span class='ocr_line' id='line_1_55' title="bbox 1950 2603 3533 2677; baseline 0.002 -20"><span class='ocrx_word' id='word_1_441' title='bbox 1950 2604 2153 2658; x_wconf 83' lang='lat' dir='ltr'><strong>intrare</strong></span> <span class='ocrx_word' id='word_1_442' title='bbox 2192 2621 2286 2675; x_wconf 88' lang='lat' dir='ltr'><strong>per</strong></span> <span class='ocrx_word' id='word_1_443' title='bbox 2324 2614 2606 2676; x_wconf 84' lang='lat' dir='ltr'><strong>angustam</strong></span> <span class='ocrx_word' id='word_1_444' title='bbox 2640 2614 2846 2675; x_wconf 87' lang='lat' dir='ltr'><strong>portam</strong></span> <span class='ocrx_word' id='word_1_445' title='bbox 2895 2604 2913 2674; x_wconf 95' lang='lat'><strong>(</strong></span> <span class='ocrx_word' id='word_1_446' title='bbox 2939 2603 3067 2658; x_wconf 90' lang='lat' dir='ltr'><strong>Luc.</strong></span> <span class='ocrx_word' id='word_1_447' title='bbox 3100 2621 3197 2659; x_wconf 74' lang='lat' dir='ltr'><strong>xm</strong></span> <span class='ocrx_word' id='word_1_448' title='bbox 3220 2605 3261 2676; x_wconf 95' lang='lat'><strong>).</strong></span> <span class='ocrx_word' id='word_1_449' title='bbox 3291 2606 3533 2677; x_wconf 83' lang='lat' dir='ltr'><strong>Angusta</strong></span> 
     </span>
    </p>
   </div>
   <div class='ocr_carea' id='block_1_56' title="bbox 1951 2694 3535 2765">
    <p class='ocr_par' dir='ltr' id='par_1_56' title="bbox 1951 2694 3535 2765">
     <span class='ocr_line' id='line_1_56' title="bbox 1951 2694 3535 2765; baseline -0.001 -16"><span class='ocrx_word' id='word_1_450' title='bbox 1951 2708 2082 2765; x_wconf 84' lang='lat' dir='ltr'><strong>ergo</strong></span> <span class='ocrx_word' id='word_1_451' title='bbox 2121 2702 2281 2764; x_wconf 87' lang='lat' dir='ltr'><strong>porta</strong></span> <span class='ocrx_word' id='word_1_452' title='bbox 2323 2704 2380 2749; x_wconf 91' lang='lat' dir='ltr'><strong>et</strong></span> <span class='ocrx_word' id='word_1_453' title='bbox 2417 2702 2569 2749; x_wconf 90' lang='lat' dir='ltr'><strong>arcta</strong></span> <span class='ocrx_word' id='word_1_454' title='bbox 2600 2694 2688 2747; x_wconf 86' lang='lat' dir='ltr'><strong>via</strong></span> <span class='ocrx_word' id='word_1_455' title='bbox 2712 2701 2799 2748; x_wconf 90' lang='lat' dir='ltr'><strong>est</strong></span> <span class='ocrx_word' id='word_1_456' title='bbox 2823 2709 2943 2763; x_wconf 59' lang='lat' dir='ltr'><strong>quae</strong></span> <span class='ocrx_word' id='word_1_457' title='bbox 2973 2694 3121 2749; x_wconf 88' lang='lat' dir='ltr'><strong>ducit</strong></span> <span class='ocrx_word' id='word_1_458' title='bbox 3150 2695 3217 2748; x_wconf 88' lang='lat' dir='ltr'><strong>ad</strong></span> <span class='ocrx_word' id='word_1_459' title='bbox 3248 2694 3442 2755; x_wconf 87' lang='lat' dir='ltr'><strong>vitam,</strong></span> <span class='ocrx_word' id='word_1_460' title='bbox 3478 2700 3535 2748; x_wconf 84' lang='lat' dir='ltr'><strong>et</strong></span> 
     </span>
    </p>
   </div>
   <div class='ocr_carea' id='block_1_57' title="bbox 1951 2783 3531 2855">
    <p class='ocr_par' dir='ltr' id='par_1_57' title="bbox 1951 2783 3531 2855">
     <span class='ocr_line' id='line_1_57' title="bbox 1951 2783 3531 2855; baseline 0.001 -18"><span class='ocrx_word' id='word_1_461' title='bbox 1951 2784 2108 2855; x_wconf 90' lang='lat' dir='ltr'><strong>pauci</strong></span> <span class='ocrx_word' id='word_1_462' title='bbox 2149 2791 2279 2838; x_wconf 87' lang='lat' dir='ltr'><strong>sunt</strong></span> <span class='ocrx_word' id='word_1_463' title='bbox 2305 2785 2397 2853; x_wconf 88' lang='lat' dir='ltr'><strong>qui</strong></span> <span class='ocrx_word' id='word_1_464' title='bbox 2429 2784 2637 2838; x_wconf 90' lang='lat' dir='ltr'><strong>intrant</strong></span> <span class='ocrx_word' id='word_1_465' title='bbox 2664 2798 2761 2852; x_wconf 90' lang='lat' dir='ltr'><strong>per</strong></span> <span class='ocrx_word' id='word_1_466' title='bbox 2788 2799 2928 2839; x_wconf 89' lang='lat' dir='ltr'><strong>eam.</strong></span> <span class='ocrx_word' id='word_1_467' title='bbox 2962 2783 3074 2839; x_wconf 82' lang='lat' dir='ltr'><strong>Hac</strong></span> <span class='ocrx_word' id='word_1_468' title='bbox 3102 2798 3232 2853; x_wconf 71' lang='lat' dir='ltr'><strong>ergo</strong></span> <span class='ocrx_word' id='word_1_469' title='bbox 3263 2785 3531 2839; x_wconf 88' lang='lat' dir='ltr'><strong>sententia</strong></span> 
     </span>
    </p>
   </div>
   <div class='ocr_carea' id='block_1_58' title="bbox 1951 2872 3532 2944">
    <p class='ocr_par' dir='ltr' id='par_1_58' title="bbox 1951 2872 3532 2944">
     <span class='ocr_line' id='line_1_58' title="bbox 1951 2872 3532 2944; baseline -0.001 -16"><span class='ocrx_word' id='word_1_470' title='bbox 1951 2874 2083 2944; x_wconf 91' lang='lat' dir='ltr'><strong>quid</strong></span> <span class='ocrx_word' id='word_1_471' title='bbox 2127 2873 2274 2928; x_wconf 88' lang='lat' dir='ltr'><strong>aliud</strong></span> <span class='ocrx_word' id='word_1_472' title='bbox 2304 2873 2463 2929; x_wconf 89' lang='lat' dir='ltr'><strong>nobis</strong></span> <span class='ocrx_word' id='word_1_473' title='bbox 2492 2874 2769 2928; x_wconf 88' lang='lat' dir='ltr'><strong>insinuare</strong></span> <span class='ocrx_word' id='word_1_474' title='bbox 2797 2873 2912 2944; x_wconf 88' lang='lat' dir='ltr'><strong>ipsa</strong></span> <span class='ocrx_word' id='word_1_475' title='bbox 2944 2873 3161 2928; x_wconf 80' lang='lat' dir='ltr'><strong>Veritas</strong></span> <span class='ocrx_word' id='word_1_476' title='bbox 3190 2874 3390 2937; x_wconf 86' lang='lat' dir='ltr'><strong>voluit,</strong></span> <span class='ocrx_word' id='word_1_477' title='bbox 3422 2872 3532 2927; x_wconf 73' lang='lat' dir='ltr'><strong>fra-</strong></span> 
     </span>
    </p>
   </div>
   <div class='ocr_carea' id='block_1_59' title="bbox 1952 2962 3532 3033">
    <p class='ocr_par' dir='ltr' id='par_1_59' title="bbox 1952 2962 3532 3033">
     <span class='ocr_line' id='line_1_59' title="bbox 1952 2962 3532 3033; baseline -0.002 -15"><span class='ocrx_word' id='word_1_478' title='bbox 1952 2971 2064 3018; x_wconf 88' lang='lat' dir='ltr'><strong>tres</strong></span> <span class='ocrx_word' id='word_1_479' title='bbox 2090 2962 2397 3018; x_wconf 90' lang='lat' dir='ltr'><strong>charissimi</strong></span> <span class='ocrx_word' id='word_1_480' title='bbox 2420 3003 2435 3028; x_wconf 93' lang='lat'><strong>,</strong></span> <span class='ocrx_word' id='word_1_481' title='bbox 2458 2978 2620 3033; x_wconf 87' lang='lat' dir='ltr'><strong>quam</strong></span> <span class='ocrx_word' id='word_1_482' title='bbox 2661 2970 2722 3017; x_wconf 92' lang='lat' dir='ltr'><strong>ut</strong></span> <span class='ocrx_word' id='word_1_483' title='bbox 2744 2978 2842 3033; x_wconf 92' lang='lat' dir='ltr'><strong>per</strong></span> <span class='ocrx_word' id='word_1_484' title='bbox 2870 2970 3071 3016; x_wconf 89' lang='lat' dir='ltr'><strong>rectam</strong></span> <span class='ocrx_word' id='word_1_485' title='bbox 3100 2962 3450 3018; x_wconf 85' lang='lat' dir='ltr'><strong>intentionem</strong></span> <span class='ocrx_word' id='word_1_486' title='bbox 3477 2970 3532 3017; x_wconf 91' lang='lat' dir='ltr'><strong>et</strong></span> 
     </span>
    </p>
   </div>
   <div class='ocr_carea' id='block_1_60' title="bbox 1952 3052 3528 3123">
    <p class='ocr_par' dir='ltr' id='par_1_60' title="bbox 1952 3052 3528 3123">
     <span class='ocr_line' id='line_1_60' title="bbox 1952 3052 3528 3123; baseline -0.001 -15"><span class='ocrx_word' id='word_1_487' title='bbox 1952 3054 2190 3109; x_wconf 87' lang='lat' dir='ltr'><strong>studium</strong></span> <span class='ocrx_word' id='word_1_488' title='bbox 2206 3055 2405 3108; x_wconf 91' lang='lat' dir='ltr'><strong>bonum</strong></span> <span class='ocrx_word' id='word_1_489' title='bbox 2421 3054 2587 3108; x_wconf 86' lang='lat' dir='ltr'><strong>vitam</strong></span> <span class='ocrx_word' id='word_1_490' title='bbox 2610 3052 2948 3108; x_wconf 84' lang='lat' dir='ltr'><strong>solummodo</strong></span> <span class='ocrx_word' id='word_1_491' title='bbox 2975 3068 3257 3123; x_wconf 89' lang='lat' dir='ltr'><strong>possemus</strong></span> <span class='ocrx_word' id='word_1_492' title='bbox 3272 3052 3528 3123; x_wconf 91' lang='lat' dir='ltr'><strong>consequi</strong></span> 
     </span>
    </p>
   </div>
   <div class='ocr_carea' id='block_1_61' title="bbox 271 3141 3523 3217">
    <p class='ocr_par' dir='ltr' id='par_1_61' title="bbox 271 3141 3523 3217">
     <span class='ocr_line' id='line_1_61' title="bbox 271 3141 3523 3217; baseline 0.002 -22"><span class='ocrx_word' id='word_1_493' title='bbox 271 3141 515 3211; x_wconf 87' lang='lat' dir='ltr'><strong>prohibet</strong></span> <span class='ocrx_word' id='word_1_494' title='bbox 566 3142 795 3197; x_wconf 87' lang='lat' dir='ltr'><strong>dicens:</strong></span> <span class='ocrx_word' id='word_1_495' title='bbox 826 3142 936 3197; x_wconf 85' lang='lat' dir='ltr'><strong>Fili</strong></span> <span class='ocrx_word' id='word_1_496' title='bbox 964 3144 1074 3209; x_wconf 88' lang='lat' dir='ltr'><strong>mi,</strong></span> <span class='ocrx_word' id='word_1_497' title='bbox 1115 3144 1223 3198; x_wconf 88' lang='lat' dir='ltr'><strong>noli</strong></span> <span class='ocrx_word' id='word_1_498' title='bbox 1253 3161 1361 3200; x_wconf 88' lang='lat' dir='ltr'><strong>esse</strong></span> <span class='ocrx_word' id='word_1_499' title='bbox 1404 3146 1460 3200; x_wconf 91' lang='lat' dir='ltr'><strong>in</strong></span> <span class='ocrx_word' id='word_1_500' title='bbox 1486 3148 1728 3201; x_wconf 84' lang='lat' dir='ltr'><strong>conviviis</strong></span> <span class='ocrx_word' id='word_1_501' title='bbox 1753 3164 1845 3217; x_wconf 82' lang='grc' dir='ltr'><strong>ρο·</strong></span> <span class='ocrx_word' id='word_1_502' title='bbox 1871 3148 1916 3211; x_wconf 87' lang='lat' dir='ltr'><strong>C</strong></span> <span class='ocrx_word' id='word_1_503' title='bbox 1947 3146 2536 3216; x_wconf 85' lang='lat' dir='ltr'><strong>sempiternam?Miles</strong></span> <span class='ocrx_word' id='word_1_504' title='bbox 2570 3147 2665 3217; x_wconf 90' lang='lat' dir='ltr'><strong>qui</strong></span> <span class='ocrx_word' id='word_1_505' title='bbox 2701 3146 2940 3217; x_wconf 78' lang='lat' dir='ltr'><strong>legitime</strong></span> <span class='ocrx_word' id='word_1_506' title='bbox 2987 3148 3312 3215; x_wconf 86' lang='lat' dir='ltr'><strong>certaverit,</strong></span> <span class='ocrx_word' id='word_1_507' title='bbox 3361 3162 3523 3202; x_wconf 87' lang='lat' dir='ltr'><strong>coro-</strong></span> 
     </span>
    </p>
   </div>
   <div class='ocr_carea' id='block_1_62' title="bbox 271 3234 3528 3311">
    <p class='ocr_par' dir='ltr' id='par_1_62' title="bbox 271 3234 3528 3311">
     <span class='ocr_line' id='line_1_62' title="bbox 271 3234 3528 3311; baseline 0.003 -28"><span class='ocrx_word' id='word_1_508' title='bbox 271 3243 486 3286; x_wconf 81' lang='lat' dir='ltr'><strong>tatorum</strong></span> <span class='ocrx_word' id='word_1_509' title='bbox 508 3274 524 3296; x_wconf 94' lang='lat'><strong>,</strong></span> <span class='ocrx_word' id='word_1_510' title='bbox 574 3249 668 3287; x_wconf 89' lang='lat' dir='ltr'><strong>nec</strong></span> <span class='ocrx_word' id='word_1_511' title='bbox 711 3234 769 3287; x_wconf 88' lang='lat' dir='ltr'><strong>in</strong></span> <span class='ocrx_word' id='word_1_512' title='bbox 824 3236 1283 3290; x_wconf 86' lang='lat' dir='ltr'><strong>comessationibus</strong></span> <span class='ocrx_word' id='word_1_513' title='bbox 1353 3253 1533 3291; x_wconf 84' lang='lat' dir='ltr'><strong>eorum</strong></span> <span class='ocrx_word' id='word_1_514' title='bbox 1593 3239 1681 3309; x_wconf 87' lang='lat' dir='ltr'><strong>qui</strong></span> <span class='ocrx_word' id='word_1_515' title='bbox 1735 3255 1853 3292; x_wconf 84' lang='lat' dir='ltr'><strong>car—</strong></span> <span class='ocrx_word' id='word_1_516' title='bbox 1952 3239 2170 3293; x_wconf 84' lang='lat' dir='ltr'><strong>nabitur</strong></span> <span class='ocrx_word' id='word_1_517' title='bbox 2200 3239 2219 3311; x_wconf 94' lang='lat'><strong>(</strong></span> <span class='ocrx_word' id='word_1_518' title='bbox 2242 3238 2305 3292; x_wconf 90' lang='lat' dir='ltr'><strong>II</strong></span> <span class='ocrx_word' id='word_1_519' title='bbox 2337 3238 2473 3292; x_wconf 88' lang='lat' dir='ltr'><strong>Tim.</strong></span> <span class='ocrx_word' id='word_1_520' title='bbox 2501 3254 2539 3293; x_wconf 88' lang='grc' dir='ltr'><strong>ιι</strong></span> <span class='ocrx_word' id='word_1_521' title='bbox 2565 3237 2584 3310; x_wconf 99' lang='grc'>)</span> <span class='ocrx_word' id='word_1_522' title='bbox 2611 3254 2628 3304; x_wconf 90' lang='lat'><strong>;</strong></span> <span class='ocrx_word' id='word_1_523' title='bbox 2658 3239 2749 3307; x_wconf 91' lang='lat' dir='ltr'><strong>qui</strong></span> <span class='ocrx_word' id='word_1_524' title='bbox 2778 3248 2958 3295; x_wconf 87' lang='lat' dir='ltr'><strong>autem</strong></span> <span class='ocrx_word' id='word_1_525' title='bbox 2989 3247 3214 3309; x_wconf 87' lang='lat' dir='ltr'><strong>accepto</strong></span> <span class='ocrx_word' id='word_1_526' title='bbox 3241 3239 3381 3294; x_wconf 90' lang='lat' dir='ltr'><strong>bono</strong></span> <span class='ocrx_word' id='word_1_527' title='bbox 3411 3253 3528 3293; x_wconf 87' lang='lat' dir='ltr'><strong>cer-</strong></span> 
     </span>
    </p>
   </div>
   <div class='ocr_carea' id='block_1_63' title="bbox 274 3324 3522 3399">
    <p class='ocr_par' dir='ltr' id='par_1_63' title="bbox 274 3324 3522 3399">
     <span class='ocr_line' id='line_1_63' title="bbox 274 3324 3522 3399; baseline 0.002 -24"><span class='ocrx_word' id='word_1_528' title='bbox 274 3339 355 3375; x_wconf 86' lang='lat' dir='ltr'><strong>nes</strong></span> <span class='ocrx_word' id='word_1_529' title='bbox 387 3324 457 3376; x_wconf 90' lang='lat' dir='ltr'><strong>ad</strong></span> <span class='ocrx_word' id='word_1_530' title='bbox 498 3324 812 3377; x_wconf 79' lang='lat' dir='ltr'><strong>vescendum</strong></span> <span class='ocrx_word' id='word_1_531' title='bbox 848 3325 1121 3392; x_wconf 82' lang='lat' dir='ltr'><strong>conferunt</strong></span> <span class='ocrx_word' id='word_1_532' title='bbox 1149 3341 1168 3380; x_wconf 91' lang='lat'><strong><em>:</em></strong></span> <span class='ocrx_word' id='word_1_533' title='bbox 1195 3327 1286 3397; x_wconf 87' lang='lat' dir='ltr'><strong>qui</strong></span> <span class='ocrx_word' id='word_1_534' title='bbox 1324 3336 1564 3381; x_wconf 77' lang='lat' dir='ltr'><strong>vacantes</strong></span> <span class='ocrx_word' id='word_1_535' title='bbox 1603 3328 1808 3397; x_wconf 90' lang='lat' dir='ltr'><strong>potibus</strong></span> <span class='ocrx_word' id='word_1_536' title='bbox 1834 3368 1849 3394; x_wconf 95' lang='lat'><strong>,</strong></span> <span class='ocrx_word' id='word_1_537' title='bbox 1949 3330 2152 3383; x_wconf 86' lang='lat' dir='ltr'><strong>tamine</strong></span> <span class='ocrx_word' id='word_1_538' title='bbox 2182 3337 2331 3383; x_wconf 88' lang='lat' dir='ltr'><strong>retro</strong></span> <span class='ocrx_word' id='word_1_539' title='bbox 2361 3329 2715 3394; x_wconf 81' lang='lat' dir='ltr'><strong>convertitur,</strong></span> <span class='ocrx_word' id='word_1_540' title='bbox 2745 3336 2900 3397; x_wconf 88' lang='lat' dir='ltr'><strong>aptus</strong></span> <span class='ocrx_word' id='word_1_541' title='bbox 2934 3343 3040 3383; x_wconf 88' lang='lat' dir='ltr'><strong>non</strong></span> <span class='ocrx_word' id='word_1_542' title='bbox 3068 3343 3188 3383; x_wconf 86' lang='lat' dir='ltr'><strong>esse</strong></span> <span class='ocrx_word' id='word_1_543' title='bbox 3218 3342 3381 3399; x_wconf 76' lang='lat' dir='ltr'><strong>regno</strong></span> <span class='ocrx_word' id='word_1_544' title='bbox 3408 3342 3522 3383; x_wconf 71' lang='lat' dir='ltr'><strong>cm-</strong></span> 
     </span>
    </p>
   </div>
   <div class='ocr_carea' id='block_1_64' title="bbox 272 3413 3519 3490">
    <p class='ocr_par' dir='ltr' id='par_1_64' title="bbox 272 3413 3519 3490">
     <span class='ocr_line' id='line_1_64' title="bbox 272 3413 3519 3490; baseline 0.002 -25"><span class='ocrx_word' id='word_1_545' title='bbox 272 3423 316 3465; x_wconf 84' lang='lat' dir='ltr'><strong>et</strong></span> <span class='ocrx_word' id='word_1_546' title='bbox 356 3413 545 3467; x_wconf 81' lang='lat' dir='ltr'><strong>dantes</strong></span> <span class='ocrx_word' id='word_1_547' title='bbox 596 3413 836 3483; x_wconf 82' lang='lat' dir='ltr'><strong>symbola</strong></span> <span class='ocrx_word' id='word_1_548' title='bbox 883 3425 1253 3470; x_wconf 87' lang='lat' dir='ltr'><strong>consumentur</strong></span> <span class='ocrx_word' id='word_1_549' title='bbox 1298 3415 1498 3487; x_wconf 83' lang='lat' dir='ltr'><strong>(Prov.</strong></span> <span class='ocrx_word' id='word_1_550' title='bbox 1534 3417 1730 3488; x_wconf 75' lang='lat' dir='ltr'><strong>xxut).</strong></span> <span class='ocrx_word' id='word_1_551' title='bbox 1783 3418 1849 3473; x_wconf 87' lang='lat' dir='ltr'><strong>Et</strong></span> <span class='ocrx_word' id='word_1_552' title='bbox 1952 3421 2127 3474; x_wconf 89' lang='lat' dir='ltr'><strong>lorum</strong></span> <span class='ocrx_word' id='word_1_553' title='bbox 2175 3419 2530 3490; x_wconf 77' lang='lat' dir='ltr'><strong>dignoscitur.</strong></span> <span class='ocrx_word' id='word_1_554' title='bbox 2573 3417 2821 3474; x_wconf 86' lang='lat' dir='ltr'><strong>Studium</strong></span> <span class='ocrx_word' id='word_1_555' title='bbox 2868 3418 3111 3487; x_wconf 79' lang='lat' dir='ltr'><strong>profecto</strong></span> <span class='ocrx_word' id='word_1_556' title='bbox 3152 3419 3349 3473; x_wconf 90' lang='lat' dir='ltr'><strong>bonum</strong></span> <span class='ocrx_word' id='word_1_557' title='bbox 3397 3428 3519 3483; x_wconf 88' lang='lat' dir='ltr'><strong>est,</strong></span> 
     </span>
    </p>
   </div>
   <div class='ocr_carea' id='block_1_65' title="bbox 273 3503 3520 3579">
    <p class='ocr_par' dir='ltr' id='par_1_65' title="bbox 273 3503 3520 3579">
     <span class='ocr_line' id='line_1_65' title="bbox 273 3503 3520 3579; baseline 0.002 -22"><span class='ocrx_word' id='word_1_558' title='bbox 273 3503 422 3569; x_wconf 83' lang='lat' dir='ltr'><strong>paulo</strong></span> <span class='ocrx_word' id='word_1_559' title='bbox 467 3512 628 3575; x_wconf 85' lang='lat' dir='ltr'><strong>post,</strong></span> <span class='ocrx_word' id='word_1_560' title='bbox 673 3505 831 3575; x_wconf 86' lang='lat' dir='ltr'><strong>quasi</strong></span> <span class='ocrx_word' id='word_1_561' title='bbox 880 3507 1265 3576; x_wconf 88' lang='lat' dir='ltr'><strong>obstupescens</strong></span> <span class='ocrx_word' id='word_1_562' title='bbox 1314 3508 1499 3562; x_wconf 92' lang='lat' dir='ltr'><strong>talium</strong></span> <span class='ocrx_word' id='word_1_563' title='bbox 1550 3508 1853 3563; x_wconf 81' lang='lat' dir='ltr'><strong>damnatio—</strong></span> <span class='ocrx_word' id='word_1_564' title='bbox 1948 3511 2197 3579; x_wconf 89' lang='lat' dir='ltr'><strong>bonaque</strong></span> <span class='ocrx_word' id='word_1_565' title='bbox 2224 3510 2510 3575; x_wconf 88' lang='lat' dir='ltr'><strong>voluntas,</strong></span> <span class='ocrx_word' id='word_1_566' title='bbox 2542 3524 2640 3579; x_wconf 90' lang='lat' dir='ltr'><strong>per</strong></span> <span class='ocrx_word' id='word_1_567' title='bbox 2668 3511 3043 3564; x_wconf 90' lang='lat' dir='ltr'><strong>mandatorum</strong></span> <span class='ocrx_word' id='word_1_568' title='bbox 3085 3509 3181 3564; x_wconf 89' lang='lat' dir='ltr'><strong>Dei</strong></span> <span class='ocrx_word' id='word_1_569' title='bbox 3218 3511 3520 3565; x_wconf 89' lang='lat' dir='ltr'><strong>custodiam</strong></span> 
     </span>
    </p>
   </div>
   <div class='ocr_carea' id='block_1_66' title="bbox 274 3597 3527 3676">
    <p class='ocr_par' dir='ltr' id='par_1_66' title="bbox 274 3597 3527 3676">
     <span class='ocr_line' id='line_1_66' title="bbox 274 3597 3527 3676; baseline 0.002 -24"><span class='ocrx_word' id='word_1_570' title='bbox 274 3612 414 3661; x_wconf 77' lang='lat' dir='ltr'><strong>netu,</strong></span> <span class='ocrx_word' id='word_1_571' title='bbox 448 3597 731 3669; x_wconf 79' lang='lat' dir='ltr'><strong>subiungit</strong></span> <span class='ocrx_word' id='word_1_572' title='bbox 760 3617 776 3652; x_wconf 73' lang='grc' dir='ltr'>ε</span> <span class='ocrx_word' id='word_1_573' title='bbox 808 3598 943 3665; x_wconf 86' lang='lat' dir='ltr'><strong>Cui,</strong></span> <span class='ocrx_word' id='word_1_574' title='bbox 975 3601 1173 3671; x_wconf 86' lang='lat' dir='ltr'><strong>inquit,</strong></span> <span class='ocrx_word' id='word_1_575' title='bbox 1212 3620 1287 3657; x_wconf 78' lang='lat' dir='ltr'><strong>me</strong></span> <span class='ocrx_word' id='word_1_576' title='bbox 1310 3604 1336 3656; x_wconf 72' lang='grc'><strong><em>2</em></strong></span> <span class='ocrx_word' id='word_1_577' title='bbox 1368 3604 1521 3674; x_wconf 87' lang='lat' dir='ltr'><strong>cujus</strong></span> <span class='ocrx_word' id='word_1_578' title='bbox 1553 3606 1695 3674; x_wconf 87' lang='lat' dir='ltr'><strong>patri</strong></span> <span class='ocrx_word' id='word_1_579' title='bbox 1729 3622 1803 3660; x_wconf 78' lang='lat' dir='ltr'><strong>vce</strong></span> <span class='ocrx_word' id='word_1_580' title='bbox 1825 3606 1853 3660; x_wconf 66' lang='grc'><em>2</em></span> <span class='ocrx_word' id='word_1_581' title='bbox 1947 3608 2091 3662; x_wconf 89' lang='lat' dir='ltr'><strong>velle</strong></span> <span class='ocrx_word' id='word_1_582' title='bbox 2111 3606 2406 3676; x_wconf 88' lang='lat' dir='ltr'><strong>quemlibet</strong></span> <span class='ocrx_word' id='word_1_583' title='bbox 2431 3605 2713 3675; x_wconf 84' lang='lat' dir='ltr'><strong>pervenire</strong></span> <span class='ocrx_word' id='word_1_584' title='bbox 2735 3605 2801 3659; x_wconf 88' lang='lat' dir='ltr'><strong>ad</strong></span> <span class='ocrx_word' id='word_1_585' title='bbox 2827 3604 3080 3674; x_wconf 80' lang='lat' dir='ltr'><strong>gaudium</strong></span> <span class='ocrx_word' id='word_1_586' title='bbox 3103 3604 3489 3671; x_wconf 88' lang='lat' dir='ltr'><strong>sempiternum</strong></span> <span class='ocrx_word' id='word_1_587' title='bbox 3511 3642 3527 3668; x_wconf 95' lang='lat'><strong>,</strong></span> 
     </span>
    </p>
   </div>
   <div class='ocr_carea' id='block_1_67' title="bbox 272 3689 3531 3769">
    <p class='ocr_par' dir='ltr' id='par_1_67' title="bbox 272 3689 3531 3769">
     <span class='ocr_line' id='line_1_67' title="bbox 272 3689 3531 3769; baseline 0.003 -28"><span class='ocrx_word' id='word_1_588' title='bbox 272 3689 349 3741; x_wconf 74' lang='lat' dir='ltr'><strong>esi</strong></span> <span class='ocrx_word' id='word_1_589' title='bbox 385 3691 519 3744; x_wconf 62' lang='lat' dir='ltr'><strong>riae</strong></span> <span class='ocrx_word' id='word_1_590' title='bbox 545 3690 573 3743; x_wconf 73' lang='grc'><strong><em>2</em></strong></span> <span class='ocrx_word' id='word_1_591' title='bbox 613 3691 704 3766; x_wconf 80' lang='lat' dir='ltr'><strong>cui</strong></span> <span class='ocrx_word' id='word_1_592' title='bbox 753 3689 915 3759; x_wconf 68' lang='lat' dir='ltr'><strong>{owe</strong></span> <span class='ocrx_word' id='word_1_593' title='bbox 936 3693 962 3744; x_wconf 84' lang='lat'><strong><em>?</em></strong></span> <span class='ocrx_word' id='word_1_594' title='bbox 1003 3694 1087 3747; x_wconf 89' lang='lat' dir='ltr'><strong>cui</strong></span> <span class='ocrx_word' id='word_1_595' title='bbox 1129 3695 1243 3749; x_wconf 90' lang='lat' dir='ltr'><strong>sine</strong></span> <span class='ocrx_word' id='word_1_596' title='bbox 1286 3712 1448 3750; x_wconf 89' lang='lat' dir='ltr'><strong>causa</strong></span> <span class='ocrx_word' id='word_1_597' title='bbox 1473 3696 1688 3751; x_wconf 83' lang='lat' dir='ltr'><strong>vulnera</strong></span> <span class='ocrx_word' id='word_1_598' title='bbox 1713 3699 1738 3752; x_wconf 69' lang='lat'><strong>.9</strong></span> <span class='ocrx_word' id='word_1_599' title='bbox 1764 3699 1850 3752; x_wconf 90' lang='lat' dir='ltr'><strong>cui</strong></span> <span class='ocrx_word' id='word_1_600' title='bbox 1950 3710 2012 3755; x_wconf 86' lang='lat' dir='ltr'><strong>ut</strong></span> <span class='ocrx_word' id='word_1_601' title='bbox 2039 3699 2299 3769; x_wconf 77' lang='lat' dir='ltr'><strong>quidquid</strong></span> <span class='ocrx_word' id='word_1_602' title='bbox 2331 3706 2487 3769; x_wconf 82' lang='lat' dir='ltr'><strong>agat,</strong></span> <span class='ocrx_word' id='word_1_603' title='bbox 2520 3698 2586 3751; x_wconf 90' lang='lat' dir='ltr'><strong>ad</strong></span> <span class='ocrx_word' id='word_1_604' title='bbox 2615 3698 2671 3751; x_wconf 91' lang='lat' dir='ltr'><strong>id</strong></span> <span class='ocrx_word' id='word_1_605' title='bbox 2698 3694 2898 3750; x_wconf 83' lang='lat' dir='ltr'><strong>referat</strong></span> <span class='ocrx_word' id='word_1_606' title='bbox 2925 3703 2986 3749; x_wconf 92' lang='lat' dir='ltr'><strong>ut</strong></span> <span class='ocrx_word' id='word_1_607' title='bbox 3011 3694 3122 3750; x_wconf 83' lang='lat' dir='ltr'><strong>Deo</strong></span> <span class='ocrx_word' id='word_1_608' title='bbox 3148 3694 3358 3762; x_wconf 88' lang='lat' dir='ltr'><strong>placeat</strong></span> <span class='ocrx_word' id='word_1_609' title='bbox 3384 3711 3398 3747; x_wconf 87' lang='lat'><strong>:</strong></span> <span class='ocrx_word' id='word_1_610' title='bbox 3430 3709 3531 3750; x_wconf 82' lang='lat' dir='ltr'><strong>nec</strong></span> 
     </span>
    </p>
   </div>
   <div class='ocr_carea' id='block_1_68' title="bbox 273 3779 3527 3858">
    <p class='ocr_par' dir='ltr' id='par_1_68' title="bbox 273 3779 3527 3858">
     <span class='ocr_line' id='line_1_68' title="bbox 273 3779 3527 3858; baseline 0.002 -28"><span class='ocrx_word' id='word_1_611' title='bbox 273 3780 488 3848; x_wconf 61' lang='lat' dir='ltr'><strong>&quot;lusio</strong></span> <span class='ocrx_word' id='word_1_612' title='bbox 517 3779 801 3834; x_wconf 88' lang='lat' dir='ltr'><strong>oculorum</strong></span> <span class='ocrx_word' id='word_1_613' title='bbox 823 3782 849 3835; x_wconf 69' lang='grc' dir='ltr'><em>γ</em></span> <span class='ocrx_word' id='word_1_614' title='bbox 878 3780 1066 3838; x_wconf 86' lang='lat' dir='ltr'><strong>Nonne</strong></span> <span class='ocrx_word' id='word_1_615' title='bbox 1093 3784 1175 3838; x_wconf 80' lang='lat' dir='ltr'><strong>Itis</strong></span> <span class='ocrx_word' id='word_1_616' title='bbox 1207 3785 1298 3856; x_wconf 91' lang='lat' dir='ltr'><strong>qui</strong></span> <span class='ocrx_word' id='word_1_617' title='bbox 1326 3798 1602 3842; x_wconf 87' lang='lat' dir='ltr'><strong>morantur</strong></span> <span class='ocrx_word' id='word_1_618' title='bbox 1624 3788 1679 3841; x_wconf 88' lang='lat' dir='ltr'><strong>in</strong></span> <span class='ocrx_word' id='word_1_619' title='bbox 1709 3789 1847 3852; x_wconf 74' lang='lat' dir='ltr'><strong>vino,</strong></span> <span class='ocrx_word' id='word_1_620' title='bbox 1947 3791 2049 3844; x_wconf 88' lang='lat' dir='ltr'><strong>sihi</strong></span> <span class='ocrx_word' id='word_1_621' title='bbox 2099 3805 2196 3858; x_wconf 88' lang='lat' dir='ltr'><strong>per</strong></span> <span class='ocrx_word' id='word_1_622' title='bbox 2237 3790 2342 3842; x_wconf 81' lang='lat' dir='ltr'><strong>hoc</strong></span> <span class='ocrx_word' id='word_1_623' title='bbox 2378 3787 2578 3855; x_wconf 90' lang='lat' dir='ltr'><strong>aliquid</strong></span> <span class='ocrx_word' id='word_1_624' title='bbox 2625 3784 2996 3839; x_wconf 86' lang='lat' dir='ltr'><strong>transitorium</strong></span> <span class='ocrx_word' id='word_1_625' title='bbox 3045 3797 3244 3838; x_wconf 89' lang='lat' dir='ltr'><strong>avarus</strong></span> <span class='ocrx_word' id='word_1_626' title='bbox 3287 3790 3527 3854; x_wconf 83' lang='lat' dir='ltr'><strong>appetat.</strong></span> 
     </span>
    </p>
   </div>
   <div class='ocr_carea' id='block_1_69' title="bbox 268 3870 3529 3948">
    <p class='ocr_par' dir='ltr' id='par_1_69' title="bbox 268 3870 3529 3948">
     <span class='ocr_line' id='line_1_69' title="bbox 268 3870 3529 3948; baseline 0.002 -26"><span class='ocrx_word' id='word_1_627' title='bbox 268 3882 313 3922; x_wconf 79' lang='lat' dir='ltr'><strong>et</strong></span> <span class='ocrx_word' id='word_1_628' title='bbox 338 3872 548 3925; x_wconf 80' lang='lat' dir='ltr'><strong>student</strong></span> <span class='ocrx_word' id='word_1_629' title='bbox 598 3870 857 3925; x_wconf 85' lang='lat' dir='ltr'><strong>calicibus</strong></span> <span class='ocrx_word' id='word_1_630' title='bbox 898 3876 1166 3943; x_wconf 86' lang='lat' dir='ltr'><strong>epotandis</strong></span> <span class='ocrx_word' id='word_1_631' title='bbox 1193 3876 1219 3929; x_wconf 82' lang='lat'><strong><em>?</em></strong></span> <span class='ocrx_word' id='word_1_632' title='bbox 1249 3875 1333 3930; x_wconf 90' lang='lat' dir='ltr'><strong>Ne</strong></span> <span class='ocrx_word' id='word_1_633' title='bbox 1372 3876 1627 3931; x_wconf 86' lang='lat' dir='ltr'><strong>intuearis</strong></span> <span class='ocrx_word' id='word_1_634' title='bbox 1671 3879 1848 3932; x_wconf 82' lang='lat' dir='ltr'><strong>vinum</strong></span> <span class='ocrx_word' id='word_1_635' title='bbox 1950 3881 2102 3934; x_wconf 88' lang='lat' dir='ltr'><strong>Tunc</strong></span> <span class='ocrx_word' id='word_1_636' title='bbox 2139 3880 2281 3935; x_wconf 91' lang='lat' dir='ltr'><strong>enim</strong></span> <span class='ocrx_word' id='word_1_637' title='bbox 2322 3880 2521 3933; x_wconf 86' lang='lat' dir='ltr'><strong>bonum</strong></span> <span class='ocrx_word' id='word_1_638' title='bbox 2559 3892 2694 3948; x_wconf 88' lang='lat' dir='ltr'><strong>opus</strong></span> <span class='ocrx_word' id='word_1_639' title='bbox 2728 3877 2833 3931; x_wconf 92' lang='lat' dir='ltr'><strong>rite</strong></span> <span class='ocrx_word' id='word_1_640' title='bbox 2871 3877 3069 3947; x_wconf 88' lang='lat' dir='ltr'><strong>agitur,</strong></span> <span class='ocrx_word' id='word_1_641' title='bbox 3110 3891 3234 3931; x_wconf 91' lang='lat' dir='ltr'><strong>cum</strong></span> <span class='ocrx_word' id='word_1_642' title='bbox 3273 3891 3339 3931; x_wconf 78' lang='lat' dir='ltr'><strong>ex</strong></span> <span class='ocrx_word' id='word_1_643' title='bbox 3381 3886 3529 3932; x_wconf 87' lang='lat' dir='ltr'><strong>recta</strong></span> 
     </span>
    </p>
   </div>
   <div class='ocr_carea' id='block_1_70' title="bbox 265 3962 3524 4039">
    <p class='ocr_par' dir='ltr' id='par_1_70' title="bbox 265 3962 3524 4039">
     <span class='ocr_line' id='line_1_70' title="bbox 265 3962 3524 4039; baseline 0.002 -24"><span class='ocrx_word' id='word_1_644' title='bbox 265 3963 469 4031; x_wconf 74' lang='lat' dir='ltr'><strong>quando</strong></span> <span class='ocrx_word' id='word_1_645' title='bbox 495 3963 760 4032; x_wconf 79' lang='lat' dir='ltr'><strong>ﬂavescit,</strong></span> <span class='ocrx_word' id='word_1_646' title='bbox 793 3980 909 4016; x_wconf 90' lang='lat' dir='ltr'><strong>cum</strong></span> <span class='ocrx_word' id='word_1_647' title='bbox 936 3962 1253 4033; x_wconf 71' lang='lat' dir='ltr'><strong>splenduerit</strong></span> <span class='ocrx_word' id='word_1_648' title='bbox 1280 3967 1335 4020; x_wconf 89' lang='lat' dir='ltr'><strong>in</strong></span> <span class='ocrx_word' id='word_1_649' title='bbox 1363 3967 1493 4021; x_wconf 85' lang='lat' dir='ltr'><strong>vitro</strong></span> <span class='ocrx_word' id='word_1_650' title='bbox 1522 3966 1667 4020; x_wconf 90' lang='lat' dir='ltr'><strong>color</strong></span> <span class='ocrx_word' id='word_1_651' title='bbox 1691 3968 1806 4035; x_wconf 84' lang='lat' dir='ltr'><strong>ejus</strong></span> <span class='ocrx_word' id='word_1_652' title='bbox 1828 3981 1846 4018; x_wconf 90' lang='lat'><strong><em>:</em></strong></span> <span class='ocrx_word' id='word_1_653' title='bbox 1948 3968 2293 4039; x_wconf 88' lang='lat' dir='ltr'><strong>cogitationis</strong></span> <span class='ocrx_word' id='word_1_654' title='bbox 2349 3966 2650 4022; x_wconf 89' lang='lat' dir='ltr'><strong>intentione</strong></span> <span class='ocrx_word' id='word_1_655' title='bbox 2701 3975 3011 4036; x_wconf 84' lang='lat' dir='ltr'><strong>generatur.</strong></span> <span class='ocrx_word' id='word_1_656' title='bbox 3077 3965 3226 4022; x_wconf 90' lang='lat' dir='ltr'><strong>Unde</strong></span> <span class='ocrx_word' id='word_1_657' title='bbox 3278 3967 3414 4021; x_wconf 87' lang='lat' dir='ltr'><strong>bene</strong></span> <span class='ocrx_word' id='word_1_658' title='bbox 3470 3966 3524 4021; x_wconf 91' lang='lat' dir='ltr'><strong>in</strong></span> 
     </span>
    </p>
   </div>
   <div class='ocr_carea' id='block_1_71' title="bbox 266 4049 3530 4128">
    <p class='ocr_par' dir='ltr' id='par_1_71' title="bbox 266 4049 3530 4128">
     <span class='ocr_line' id='line_1_71' title="bbox 266 4049 3530 4128; baseline 0.004 -26"><span class='ocrx_word' id='word_1_659' title='bbox 266 4051 559 4120; x_wconf 73' lang='lat' dir='ltr'><strong>ingreditur</strong></span> <span class='ocrx_word' id='word_1_660' title='bbox 600 4049 826 4116; x_wconf 86' lang='lat' dir='ltr'><strong>blande,</strong></span> <span class='ocrx_word' id='word_1_661' title='bbox 872 4051 959 4105; x_wconf 88' lang='lat' dir='ltr'><strong>sed</strong></span> <span class='ocrx_word' id='word_1_662' title='bbox 991 4052 1045 4106; x_wconf 91' lang='lat' dir='ltr'><strong>in</strong></span> <span class='ocrx_word' id='word_1_663' title='bbox 1085 4055 1362 4109; x_wconf 83' lang='lat' dir='ltr'><strong>novissimo</strong></span> <span class='ocrx_word' id='word_1_664' title='bbox 1392 4056 1646 4109; x_wconf 84' lang='lat' dir='ltr'><strong>mordebit</strong></span> <span class='ocrx_word' id='word_1_665' title='bbox 1674 4065 1731 4108; x_wconf 89' lang='lat' dir='ltr'><strong>ut</strong></span> <span class='ocrx_word' id='word_1_666' title='bbox 1763 4071 1849 4109; x_wconf 83' lang='lat' dir='ltr'><strong>co-</strong></span> <span class='ocrx_word' id='word_1_667' title='bbox 1947 4058 2237 4128; x_wconf 82' lang='lat' dir='ltr'><strong>Evangelio</strong></span> <span class='ocrx_word' id='word_1_668' title='bbox 2274 4056 2491 4113; x_wconf 76' lang='lat' dir='ltr'><strong>Veritas</strong></span> <span class='ocrx_word' id='word_1_669' title='bbox 2519 4058 2646 4113; x_wconf 89' lang='lat' dir='ltr'><strong>dicit</strong></span> <span class='ocrx_word' id='word_1_670' title='bbox 2676 4074 2690 4111; x_wconf 88' lang='lat'><strong>:</strong></span> <span class='ocrx_word' id='word_1_671' title='bbox 2722 4057 2961 4111; x_wconf 86' lang='lat' dir='ltr'><strong>Lucerna</strong></span> <span class='ocrx_word' id='word_1_672' title='bbox 3003 4060 3237 4128; x_wconf 90' lang='lat' dir='ltr'><strong>corporis</strong></span> <span class='ocrx_word' id='word_1_673' title='bbox 3280 4070 3356 4114; x_wconf 85' lang='lat' dir='ltr'><strong>est</strong></span> <span class='ocrx_word' id='word_1_674' title='bbox 3402 4075 3530 4116; x_wconf 90' lang='lat' dir='ltr'><strong>ocu-</strong></span> 
     </span>
    </p>
   </div>
   <div class='ocr_carea' id='block_1_72' title="bbox 269 4142 1845 4219">
    <p class='ocr_par' dir='ltr' id='par_1_72' title="bbox 269 4142 1845 4219">
     <span class='ocr_line' id='line_1_72' title="bbox 269 4142 1845 4219; baseline 0.004 -25"><span class='ocrx_word' id='word_1_675' title='bbox 269 4142 412 4197; x_wconf 72' lang='lat' dir='ltr'><strong>lsber</strong></span> <span class='ocrx_word' id='word_1_676' title='bbox 434 4157 454 4194; x_wconf 90' lang='lat'><strong><em>:</em></strong></span> <span class='ocrx_word' id='word_1_677' title='bbox 484 4154 545 4219; x_wconf 24' lang='lat' dir='ltr'><strong>et,</strong></span> <span class='ocrx_word' id='word_1_678' title='bbox 573 4144 715 4197; x_wconf 84' lang='lat' dir='ltr'><strong>sicut</strong></span> <span class='ocrx_word' id='word_1_679' title='bbox 754 4144 961 4213; x_wconf 84' lang='lat' dir='ltr'><strong>regulus</strong></span> <span class='ocrx_word' id='word_1_680' title='bbox 996 4161 1190 4199; x_wconf 74' lang='lat' dir='ltr'><strong>venena</strong></span> <span class='ocrx_word' id='word_1_681' title='bbox 1222 4147 1479 4217; x_wconf 72' lang='lat' dir='ltr'><strong>di/fundet</strong></span> <span class='ocrx_word' id='word_1_682' title='bbox 1508 4146 1686 4219; x_wconf 88' lang='lat' dir='ltr'><strong>(Ibid.</strong></span> <span class='ocrx_word' id='word_1_683' title='bbox 1706 4145 1748 4217; x_wconf 93' lang='lat'><strong>).</strong></span> <span class='ocrx_word' id='word_1_684' title='bbox 1789 4146 1845 4201; x_wconf 82' lang='lat' dir='ltr'><strong>In</strong></span> 
     </span>
    </p>
   </div>
   <div class='ocr_carea' id='block_1_73' title="bbox 264 4231 1843 4305">
    <p class='ocr_par' dir='ltr' id='par_1_73' title="bbox 264 4231 1843 4305">
     <span class='ocr_line' id='line_1_73' title="bbox 264 4231 1843 4305; baseline 0.005 -20"><span class='ocrx_word' id='word_1_685' title='bbox 264 4231 400 4304; x_wconf 76' lang='lat' dir='ltr'><strong>Lege</strong></span> <span class='ocrx_word' id='word_1_686' title='bbox 438 4248 670 4303; x_wconf 88' lang='lat' dir='ltr'><strong>quoque</strong></span> <span class='ocrx_word' id='word_1_687' title='bbox 705 4232 963 4288; x_wconf 89' lang='lat' dir='ltr'><strong>Dominus</strong></span> <span class='ocrx_word' id='word_1_688' title='bbox 994 4237 1251 4305; x_wconf 68' lang='lat' dir='ltr'><strong>prmcepit</strong></span> <span class='ocrx_word' id='word_1_689' title='bbox 1283 4238 1465 4291; x_wconf 88' lang='lat' dir='ltr'><strong>Aaron</strong></span> <span class='ocrx_word' id='word_1_690' title='bbox 1501 4237 1575 4294; x_wconf 85' lang='lat' dir='ltr'><strong>ita</strong></span> <span class='ocrx_word' id='word_1_691' title='bbox 1611 4238 1799 4294; x_wconf 89' lang='lat' dir='ltr'><strong>dicens</strong></span> <span class='ocrx_word' id='word_1_692' title='bbox 1830 4256 1843 4293; x_wconf 93' lang='lat'>:</span> 
     </span>
    </p>
   </div>
   <div class='ocr_carea' id='block_1_74' title="bbox 275 4319 1845 4396">
    <p class='ocr_par' dir='ltr' id='par_1_74' title="bbox 275 4319 1845 4396">
     <span class='ocr_line' id='line_1_74' title="bbox 275 4319 1845 4396; baseline 0.006 -22"><span class='ocrx_word' id='word_1_693' title='bbox 275 4319 459 4376; x_wconf 72' lang='lat' dir='ltr'><strong>Vinum</strong></span> <span class='ocrx_word' id='word_1_694' title='bbox 498 4331 553 4376; x_wconf 83' lang='lat' dir='ltr'><strong>et</strong></span> <span class='ocrx_word' id='word_1_695' title='bbox 595 4338 751 4376; x_wconf 89' lang='lat' dir='ltr'><strong>omne</strong></span> <span class='ocrx_word' id='word_1_696' title='bbox 789 4322 927 4393; x_wconf 81' lang='lat' dir='ltr'><strong>quod</strong></span> <span class='ocrx_word' id='word_1_697' title='bbox 963 4324 1224 4379; x_wconf 85' lang='lat' dir='ltr'><strong>inebriare</strong></span> <span class='ocrx_word' id='word_1_698' title='bbox 1263 4334 1426 4396; x_wconf 87' lang='lat' dir='ltr'><strong>potest</strong></span> <span class='ocrx_word' id='word_1_699' title='bbox 1458 4342 1559 4382; x_wconf 90' lang='lat' dir='ltr'><strong>non</strong></span> <span class='ocrx_word' id='word_1_700' title='bbox 1589 4326 1727 4381; x_wconf 83' lang='lat' dir='ltr'><strong>bibes</strong></span> <span class='ocrx_word' id='word_1_701' title='bbox 1756 4336 1845 4395; x_wconf 85' lang='lat' dir='ltr'><strong>tu,</strong></span> 
     </span>
    </p>
   </div>
   <div class='ocr_carea' id='block_1_75' title="bbox 259 4410 1847 4481">
    <p class='ocr_par' dir='ltr' id='par_1_75' title="bbox 259 4410 1847 4481">
     <span class='ocr_line' id='line_1_75' title="bbox 259 4410 1847 4481; baseline 0.006 -19"><span class='ocrx_word' id='word_1_702' title='bbox 259 4420 307 4462; x_wconf 85' lang='lat' dir='ltr'><strong>et</strong></span> <span class='ocrx_word' id='word_1_703' title='bbox 343 4410 449 4478; x_wconf 75' lang='lat' dir='ltr'><strong>ﬁlii</strong></span> <span class='ocrx_word' id='word_1_704' title='bbox 487 4412 611 4478; x_wconf 81' lang='lat' dir='ltr'><strong>tui,</strong></span> <span class='ocrx_word' id='word_1_705' title='bbox 652 4411 869 4481; x_wconf 87' lang='lat' dir='ltr'><strong>quando</strong></span> <span class='ocrx_word' id='word_1_706' title='bbox 906 4411 1169 4467; x_wconf 87' lang='lat' dir='ltr'><strong>intrabitis</strong></span> <span class='ocrx_word' id='word_1_707' title='bbox 1199 4414 1255 4468; x_wconf 89' lang='lat' dir='ltr'><strong>in</strong></span> <span class='ocrx_word' id='word_1_708' title='bbox 1280 4413 1677 4471; x_wconf 88' lang='lat' dir='ltr'><strong>tabernaculum</strong></span> <span class='ocrx_word' id='word_1_709' title='bbox 1702 4419 1847 4472; x_wconf 87' lang='lat' dir='ltr'><strong>testi-</strong></span> 
     </span>
    </p>
   </div>
   <div class='ocr_carea' id='block_1_76' title="bbox 1947 4151 3528 4223">
    <p class='ocr_par' dir='ltr' id='par_1_76' title="bbox 1947 4151 3528 4223">
     <span class='ocr_line' id='line_1_76' title="bbox 1947 4151 3528 4223; baseline -0.001 -16"><span class='ocrx_word' id='word_1_710' title='bbox 1947 4154 2051 4208; x_wconf 87' lang='lat' dir='ltr'><strong>lus.</strong></span> <span class='ocrx_word' id='word_1_711' title='bbox 2098 4152 2157 4209; x_wconf 89' lang='lat' dir='ltr'><strong>Si</strong></span> <span class='ocrx_word' id='word_1_712' title='bbox 2205 4152 2389 4208; x_wconf 89' lang='lat' dir='ltr'><strong>oculus</strong></span> <span class='ocrx_word' id='word_1_713' title='bbox 2442 4163 2564 4207; x_wconf 87' lang='lat' dir='ltr'><strong>tuus</strong></span> <span class='ocrx_word' id='word_1_714' title='bbox 2613 4151 2834 4223; x_wconf 74' lang='lat' dir='ltr'><strong>simplex</strong></span> <span class='ocrx_word' id='word_1_715' title='bbox 2878 4152 3078 4220; x_wconf 81' lang='lat' dir='ltr'><strong>fuerit,</strong></span> <span class='ocrx_word' id='word_1_716' title='bbox 3125 4161 3290 4209; x_wconf 88' lang='lat' dir='ltr'><strong>totum</strong></span> <span class='ocrx_word' id='word_1_717' title='bbox 3337 4168 3528 4223; x_wconf 88' lang='lat' dir='ltr'><strong>corpus</strong></span> 
     </span>
    </p>
   </div>
   <div class='ocr_carea' id='block_1_77' title="bbox 1948 4240 3528 4313">
    <p class='ocr_par' dir='ltr' id='par_1_77' title="bbox 1948 4240 3528 4313">
     <span class='ocr_line' id='line_1_77' title="bbox 1948 4240 3528 4313; baseline 0 -16"><span class='ocrx_word' id='word_1_718' title='bbox 1948 4252 2096 4297; x_wconf 76' lang='lat' dir='ltr'><strong>tuum</strong></span> <span class='ocrx_word' id='word_1_719' title='bbox 2141 4241 2373 4296; x_wconf 89' lang='lat' dir='ltr'><strong>lucidum</strong></span> <span class='ocrx_word' id='word_1_720' title='bbox 2416 4244 2535 4297; x_wconf 88' lang='lat' dir='ltr'><strong>erit.</strong></span> <span class='ocrx_word' id='word_1_721' title='bbox 2583 4240 2644 4297; x_wconf 88' lang='lat' dir='ltr'><strong>Si</strong></span> <span class='ocrx_word' id='word_1_722' title='bbox 2692 4250 2868 4296; x_wconf 90' lang='lat' dir='ltr'><strong>autem</strong></span> <span class='ocrx_word' id='word_1_723' title='bbox 2914 4241 3096 4296; x_wconf 88' lang='lat' dir='ltr'><strong>oculus</strong></span> <span class='ocrx_word' id='word_1_724' title='bbox 3138 4252 3260 4297; x_wconf 87' lang='lat' dir='ltr'><strong>tuus</strong></span> <span class='ocrx_word' id='word_1_725' title='bbox 3305 4260 3528 4313; x_wconf 85' lang='lat' dir='ltr'><strong>nequam</strong></span> 
     </span>
    </p>
   </div>
   <div class='ocr_carea' id='block_1_78' title="bbox 1948 4332 3523 4405">
    <p class='ocr_par' dir='ltr' id='par_1_78' title="bbox 1948 4332 3523 4405">
     <span class='ocr_line' id='line_1_78' title="bbox 1948 4332 3523 4405; baseline 0.001 -19"><span class='ocrx_word' id='word_1_726' title='bbox 1948 4333 2138 4405; x_wconf 87' lang='lat' dir='ltr'><strong>fuerit,</strong></span> <span class='ocrx_word' id='word_1_727' title='bbox 2184 4343 2350 4388; x_wconf 87' lang='lat' dir='ltr'><strong>totum</strong></span> <span class='ocrx_word' id='word_1_728' title='bbox 2391 4349 2578 4400; x_wconf 86' lang='lat' dir='ltr'><strong>corpus</strong></span> <span class='ocrx_word' id='word_1_729' title='bbox 2622 4342 2771 4386; x_wconf 89' lang='lat' dir='ltr'><strong>tuum</strong></span> <span class='ocrx_word' id='word_1_730' title='bbox 2807 4332 3134 4386; x_wconf 88' lang='lat' dir='ltr'><strong>tenebrosum</strong></span> <span class='ocrx_word' id='word_1_731' title='bbox 3163 4337 3259 4386; x_wconf 88' lang='lat' dir='ltr'><strong>erit</strong></span> <span class='ocrx_word' id='word_1_732' title='bbox 3288 4333 3523 4403; x_wconf 76' lang='lat' dir='ltr'><strong>(Hattlt.</strong></span> 
     </span>
    </p>
   </div>
   <div class='ocr_carea' id='block_1_79' title="bbox 1947 4420 3526 4497">
    <p class='ocr_par' dir='ltr' id='par_1_79' title="bbox 1947 4420 3526 4497">
     <span class='ocr_line' id='line_1_79' title="bbox 1947 4420 3526 4497; baseline -0.001 -20"><span class='ocrx_word' id='word_1_733' title='bbox 1947 4423 2064 4497; x_wconf 88' lang='lat' dir='ltr'><strong>vt).</strong></span> <span class='ocrx_word' id='word_1_734' title='bbox 2096 4424 2233 4491; x_wconf 86' lang='lat' dir='ltr'><strong>Quid</strong></span> <span class='ocrx_word' id='word_1_735' title='bbox 2280 4423 2424 4477; x_wconf 88' lang='lat' dir='ltr'><strong>enim</strong></span> <span class='ocrx_word' id='word_1_736' title='bbox 2468 4436 2566 4492; x_wconf 89' lang='lat' dir='ltr'><strong>per</strong></span> <span class='ocrx_word' id='word_1_737' title='bbox 2605 4421 2819 4476; x_wconf 88' lang='lat' dir='ltr'><strong>oculum</strong></span> <span class='ocrx_word' id='word_1_738' title='bbox 2862 4420 3199 4489; x_wconf 78' lang='lat' dir='ltr'><strong>exprimitur,</strong></span> <span class='ocrx_word' id='word_1_739' title='bbox 3243 4421 3349 4476; x_wconf 88' lang='lat' dir='ltr'><strong>nisi</strong></span> <span class='ocrx_word' id='word_1_740' title='bbox 3392 4438 3526 4491; x_wconf 84' lang='lat' dir='ltr'><strong>opus</strong></span> 
     </span>
    </p>
   </div>
   <div class='ocr_carea' id='block_1_80' title="bbox 262 4501 3520 4586">
    <p class='ocr_par' dir='ltr' id='par_1_80' title="bbox 262 4501 3520 4586">
     <span class='ocr_line' id='line_1_80' title="bbox 262 4501 3520 4586; baseline -0.001 -18"><span class='ocrx_word' id='word_1_741' title='bbox 262 4506 426 4558; x_wconf 68' lang='grc' dir='ltr'><strong>αοπίί</strong></span> <span class='ocrx_word' id='word_1_742' title='bbox 444 4544 460 4568; x_wconf 70' lang='grc' dir='ltr'><strong>ν</strong></span> <span class='ocrx_word' id='word_1_743' title='bbox 501 4520 573 4558; x_wconf 78' lang='grc' dir='ltr'><em>ηε</em></span> <span class='ocrx_word' id='word_1_744' title='bbox 612 4504 915 4558; x_wconf 72' lang='lat' dir='ltr'><strong>moriamim&#39;</strong></span> <span class='ocrx_word' id='word_1_745' title='bbox 944 4520 963 4559; x_wconf 91' lang='lat'><strong><em>:</em></strong></span> <span class='ocrx_word' id='word_1_746' title='bbox 990 4505 1114 4576; x_wconf 88' lang='lat' dir='ltr'><strong>quia</strong></span> <span class='ocrx_word' id='word_1_747' title='bbox 1138 4516 1451 4576; x_wconf 64' lang='lat' dir='ltr'><strong>praeceptum</strong></span> <span class='ocrx_word' id='word_1_748' title='bbox 1478 4516 1551 4560; x_wconf 80' lang='lat' dir='ltr'><strong>est</strong></span> <span class='ocrx_word' id='word_1_749' title='bbox 1579 4509 1846 4578; x_wconf 87' lang='lat' dir='ltr'><strong>sempiter-</strong></span> <span class='ocrx_word' id='word_1_750' title='bbox 1870 4501 1924 4562; x_wconf 83' lang='lat' dir='ltr'><strong>D</strong></span> <span class='ocrx_word' id='word_1_751' title='bbox 1949 4532 2104 4572; x_wconf 85' lang='lat' dir='ltr'><strong>suum</strong></span> <span class='ocrx_word' id='word_1_752' title='bbox 2136 4516 2472 4586; x_wconf 74' lang='lat' dir='ltr'><strong>przeveniens</strong></span> <span class='ocrx_word' id='word_1_753' title='bbox 2510 4512 2690 4568; x_wconf 89' lang='lat' dir='ltr'><strong>cordis</strong></span> <span class='ocrx_word' id='word_1_754' title='bbox 2728 4510 2998 4565; x_wconf 82' lang='lat' dir='ltr'><strong>intentio?</strong></span> <span class='ocrx_word' id='word_1_755' title='bbox 3040 4511 3167 4579; x_wconf 88' lang='lat' dir='ltr'><strong>quia</strong></span> <span class='ocrx_word' id='word_1_756' title='bbox 3204 4511 3520 4582; x_wconf 85' lang='lat' dir='ltr'><strong>priusquam</strong></span> 
     </span>
    </p>
   </div>
   <div class='ocr_carea' id='block_1_81' title="bbox 260 4595 1846 4664">
    <p class='ocr_par' dir='ltr' id='par_1_81' title="bbox 260 4595 1846 4664">
     <span class='ocr_line' id='line_1_81' title="bbox 260 4595 1846 4664; baseline 0.003 -18"><span class='ocrx_word' id='word_1_757' title='bbox 260 4610 381 4647; x_wconf 70' lang='lat' dir='ltr'><strong>nm</strong></span> <span class='ocrx_word' id='word_1_758' title='bbox 410 4596 469 4647; x_wconf 85' lang='lat' dir='ltr'><strong>in</strong></span> <span class='ocrx_word' id='word_1_759' title='bbox 497 4595 864 4664; x_wconf 87' lang='lat' dir='ltr'><strong>generationes</strong></span> <span class='ocrx_word' id='word_1_760' title='bbox 890 4604 1085 4650; x_wconf 81' lang='lat' dir='ltr'><strong>vestras</strong></span> <span class='ocrx_word' id='word_1_761' title='bbox 1109 4608 1128 4647; x_wconf 90' lang='lat'><strong><em>:</em></strong></span> <span class='ocrx_word' id='word_1_762' title='bbox 1155 4604 1203 4650; x_wconf 88' lang='lat' dir='ltr'><strong>et</strong></span> <span class='ocrx_word' id='word_1_763' title='bbox 1233 4605 1288 4649; x_wconf 91' lang='lat' dir='ltr'><strong>ut</strong></span> <span class='ocrx_word' id='word_1_764' title='bbox 1313 4596 1546 4652; x_wconf 86' lang='lat' dir='ltr'><strong>habeatis</strong></span> <span class='ocrx_word' id='word_1_765' title='bbox 1574 4599 1846 4651; x_wconf 86' lang='lat' dir='ltr'><strong>scientiam</strong></span> 
     </span>
    </p>
   </div>
   <div class='ocr_carea' id='block_1_82' title="bbox 257 4681 1845 4756">
    <p class='ocr_par' dir='ltr' id='par_1_82' title="bbox 257 4681 1845 4756">
     <span class='ocr_line' id='line_1_82' title="bbox 257 4681 1845 4756; baseline 0.004 -24"><span class='ocrx_word' id='word_1_766' title='bbox 257 4681 599 4737; x_wconf 78' lang='lat' dir='ltr'><strong>discernendi</strong></span> <span class='ocrx_word' id='word_1_767' title='bbox 632 4684 773 4737; x_wconf 84' lang='lat' dir='ltr'><strong>inter</strong></span> <span class='ocrx_word' id='word_1_768' title='bbox 804 4693 1043 4739; x_wconf 87' lang='lat' dir='ltr'><strong>sanctum</strong></span> <span class='ocrx_word' id='word_1_769' title='bbox 1080 4695 1128 4739; x_wconf 91' lang='lat' dir='ltr'><strong>et</strong></span> <span class='ocrx_word' id='word_1_770' title='bbox 1160 4687 1463 4756; x_wconf 78' lang='lat' dir='ltr'><strong>profanum,</strong></span> <span class='ocrx_word' id='word_1_771' title='bbox 1512 4687 1648 4741; x_wconf 88' lang='lat' dir='ltr'><strong>inter</strong></span> <span class='ocrx_word' id='word_1_772' title='bbox 1674 4686 1845 4756; x_wconf 86' lang='lat' dir='ltr'><strong>pollu-</strong></span> 
     </span>
    </p>
   </div>
   <div class='ocr_carea' id='block_1_83' title="bbox 258 4777 1844 4851">
    <p class='ocr_par' dir='ltr' id='par_1_83' title="bbox 258 4777 1844 4851">
     <span class='ocr_line' id='line_1_83' title="bbox 258 4777 1844 4851; baseline 0.002 -22"><span class='ocrx_word' id='word_1_773' title='bbox 258 4787 365 4829; x_wconf 73' lang='lat' dir='ltr'><strong>tu-</strong></span> <span class='ocrx_word' id='word_1_774' title='bbox 394 4788 446 4831; x_wconf 82' lang='lat' dir='ltr'><strong>et</strong></span> <span class='ocrx_word' id='word_1_775' title='bbox 473 4777 738 4832; x_wconf 84' lang='lat' dir='ltr'><strong>mundum</strong></span> <span class='ocrx_word' id='word_1_776' title='bbox 762 4790 782 4829; x_wconf 87' lang='lat'><strong><em>:</em></strong></span> <span class='ocrx_word' id='word_1_777' title='bbox 813 4778 1144 4851; x_wconf 83' lang='lat' dir='ltr'><strong>doceatisque</strong></span> <span class='ocrx_word' id='word_1_778' title='bbox 1171 4778 1311 4847; x_wconf 81' lang='lat' dir='ltr'><strong>ﬁlios</strong></span> <span class='ocrx_word' id='word_1_779' title='bbox 1346 4778 1519 4834; x_wconf 86' lang='lat' dir='ltr'><strong>Israel</strong></span> <span class='ocrx_word' id='word_1_780' title='bbox 1553 4780 1730 4833; x_wconf 89' lang='lat' dir='ltr'><strong>omnia</strong></span> <span class='ocrx_word' id='word_1_781' title='bbox 1766 4780 1844 4832; x_wconf 88' lang='lat' dir='ltr'><strong>le-</strong></span> 
     </span>
    </p>
   </div>
   <div class='ocr_carea' id='block_1_84' title="bbox 258 4867 1847 4940">
    <p class='ocr_par' dir='ltr' id='par_1_84' title="bbox 258 4867 1847 4940">
     <span class='ocr_line' id='line_1_84' title="bbox 258 4867 1847 4940; baseline 0.002 -21"><span class='ocrx_word' id='word_1_782' title='bbox 258 4870 446 4937; x_wconf 71' lang='lat' dir='ltr'><strong>gitima</strong></span> <span class='ocrx_word' id='word_1_783' title='bbox 472 4886 592 4923; x_wconf 87' lang='lat' dir='ltr'><strong>mea</strong></span> <span class='ocrx_word' id='word_1_784' title='bbox 621 4885 744 4939; x_wconf 69' lang='lat' dir='ltr'><strong>qua:</strong></span> <span class='ocrx_word' id='word_1_785' title='bbox 770 4867 974 4924; x_wconf 86' lang='lat' dir='ltr'><strong>locutus</strong></span> <span class='ocrx_word' id='word_1_786' title='bbox 1002 4878 1077 4923; x_wconf 85' lang='lat' dir='ltr'><strong>est</strong></span> <span class='ocrx_word' id='word_1_787' title='bbox 1107 4869 1364 4925; x_wconf 88' lang='lat' dir='ltr'><strong>Dominus</strong></span> <span class='ocrx_word' id='word_1_788' title='bbox 1393 4869 1462 4923; x_wconf 90' lang='lat' dir='ltr'><strong>ad</strong></span> <span class='ocrx_word' id='word_1_789' title='bbox 1487 4886 1573 4924; x_wconf 91' lang='lat' dir='ltr'><strong>eos</strong></span> <span class='ocrx_word' id='word_1_790' title='bbox 1603 4886 1697 4940; x_wconf 84' lang='lat' dir='ltr'><strong>per</strong></span> <span class='ocrx_word' id='word_1_791' title='bbox 1730 4886 1847 4923; x_wconf 55' lang='lat' dir='ltr'><strong>ma.</strong></span> 
     </span>
    </p>
   </div>
   <div class='ocr_carea' id='block_1_85' title="bbox 259 4958 1845 5031">
    <p class='ocr_par' dir='ltr' id='par_1_85' title="bbox 259 4958 1845 5031">
     <span class='ocr_line' id='line_1_85' title="bbox 259 4958 1845 5031; baseline 0.002 -19"><span class='ocrx_word' id='word_1_792' title='bbox 259 4975 385 5012; x_wconf 73' lang='lat' dir='ltr'><strong><em>nu</em></strong></span> <span class='ocrx_word' id='word_1_793' title='bbox 427 4958 604 5030; x_wconf 66' lang='grc' dir='ltr'><strong>Ησςὴ</strong></span> <span class='ocrx_word' id='word_1_794' title='bbox 636 4958 658 5031; x_wconf 93' lang='grc'>(</span> <span class='ocrx_word' id='word_1_795' title='bbox 685 4958 808 5013; x_wconf 77' lang='lat' dir='ltr'><strong>Leo.</strong></span> <span class='ocrx_word' id='word_1_796' title='bbox 836 4976 870 5014; x_wconf 77' lang='grc' dir='ltr'><strong>ι</strong></span> <span class='ocrx_word' id='word_1_797' title='bbox 894 4958 935 5030; x_wconf 92' lang='grc'><strong>).</strong></span> <span class='ocrx_word' id='word_1_798' title='bbox 976 4960 1115 5014; x_wconf 85' lang='lat' dir='ltr'><strong>Ecce</strong></span> <span class='ocrx_word' id='word_1_799' title='bbox 1152 4961 1312 5015; x_wconf 81' lang='lat' dir='ltr'><strong>modo</strong></span> <span class='ocrx_word' id='word_1_800' title='bbox 1344 4960 1602 5025; x_wconf 88' lang='lat' dir='ltr'><strong>audistis,</strong></span> <span class='ocrx_word' id='word_1_801' title='bbox 1647 4958 1845 5015; x_wconf 79' lang='lat' dir='ltr'><strong>fratres</strong></span> 
     </span>
    </p>
   </div>
   <div class='ocr_carea' id='block_1_86' title="bbox 259 5047 1845 5119">
    <p class='ocr_par' dir='ltr' id='par_1_86' title="bbox 259 5047 1845 5119">
     <span class='ocr_line' id='line_1_86' title="bbox 259 5047 1845 5119; baseline 0.003 -20"><span class='ocrx_word' id='word_1_802' title='bbox 259 5047 606 5112; x_wconf 82' lang='lat' dir='ltr'><strong>charissimi,</strong></span> <span class='ocrx_word' id='word_1_803' title='bbox 640 5064 711 5104; x_wconf 82' lang='lat' dir='ltr'><strong>ex</strong></span> <span class='ocrx_word' id='word_1_804' title='bbox 741 5050 1024 5104; x_wconf 90' lang='lat' dir='ltr'><strong>sententiis</strong></span> <span class='ocrx_word' id='word_1_805' title='bbox 1052 5059 1361 5104; x_wconf 83' lang='lat' dir='ltr'><strong>sanctarum</strong></span> <span class='ocrx_word' id='word_1_806' title='bbox 1403 5049 1804 5119; x_wconf 87' lang='lat' dir='ltr'><strong>Scripturarum</strong></span> <span class='ocrx_word' id='word_1_807' title='bbox 1828 5088 1845 5115; x_wconf 96' lang='lat'><strong>,</strong></span> 
     </span>
    </p>
   </div>
   <div class='ocr_carea' id='block_1_87' title="bbox 257 5138 1850 5208">
    <p class='ocr_par' dir='ltr' id='par_1_87' title="bbox 257 5138 1850 5208">
     <span class='ocr_line' id='line_1_87' title="bbox 257 5138 1850 5208; baseline 0.003 -19"><span class='ocrx_word' id='word_1_808' title='bbox 257 5145 527 5204; x_wconf 83' lang='lat' dir='ltr'><strong>quantum</strong></span> <span class='ocrx_word' id='word_1_809' title='bbox 568 5138 841 5192; x_wconf 86' lang='lat' dir='ltr'><strong>conditori</strong></span> <span class='ocrx_word' id='word_1_810' title='bbox 886 5147 1074 5192; x_wconf 90' lang='lat' dir='ltr'><strong>nostro</strong></span> <span class='ocrx_word' id='word_1_811' title='bbox 1112 5139 1394 5208; x_wconf 88' lang='lat' dir='ltr'><strong>displiceat</strong></span> <span class='ocrx_word' id='word_1_812' title='bbox 1431 5139 1754 5194; x_wconf 89' lang='lat' dir='ltr'><strong>comessatio</strong></span> <span class='ocrx_word' id='word_1_813' title='bbox 1793 5147 1850 5193; x_wconf 93' lang='lat' dir='ltr'><strong>et</strong></span> 
     </span>
    </p>
   </div>
   <div class='ocr_carea' id='block_1_88' title="bbox 259 5226 1849 5299">
    <p class='ocr_par' dir='ltr' id='par_1_88' title="bbox 259 5226 1849 5299">
     <span class='ocr_line' id='line_1_88' title="bbox 259 5226 1849 5299; baseline 0.004 -21"><span class='ocrx_word' id='word_1_814' title='bbox 259 5226 532 5293; x_wconf 78' lang='lat' dir='ltr'><strong>ebrietas,</strong></span> <span class='ocrx_word' id='word_1_815' title='bbox 574 5236 633 5283; x_wconf 89' lang='lat' dir='ltr'><strong>et</strong></span> <span class='ocrx_word' id='word_1_816' title='bbox 674 5228 892 5295; x_wconf 85' lang='lat' dir='ltr'><strong>qualern</strong></span> <span class='ocrx_word' id='word_1_817' title='bbox 929 5227 1327 5283; x_wconf 89' lang='lat' dir='ltr'><strong>damnationem</strong></span> <span class='ocrx_word' id='word_1_818' title='bbox 1358 5227 1603 5285; x_wconf 81' lang='lat' dir='ltr'><strong>conferat</strong></span> <span class='ocrx_word' id='word_1_819' title='bbox 1644 5230 1731 5284; x_wconf 90' lang='lat' dir='ltr'><strong>bis</strong></span> <span class='ocrx_word' id='word_1_820' title='bbox 1754 5229 1849 5299; x_wconf 91' lang='lat' dir='ltr'><strong>qui</strong></span> 
     </span>
    </p>
   </div>
   <div class='ocr_carea' id='block_1_89' title="bbox 259 5318 1849 5395">
    <p class='ocr_par' dir='ltr' id='par_1_89' title="bbox 259 5318 1849 5395">
     <span class='ocr_line' id='line_1_89' title="bbox 259 5318 1849 5395; baseline 0.006 -25"><span class='ocrx_word' id='word_1_821' title='bbox 259 5326 322 5370; x_wconf 63' lang='grc' dir='ltr'><strong><em>α</em></strong></span> <span class='ocrx_word' id='word_1_822' title='bbox 372 5320 700 5375; x_wconf 80' lang='lat' dir='ltr'><strong>abutuntur.</strong></span> <span class='ocrx_word' id='word_1_823' title='bbox 750 5318 998 5386; x_wconf 86' lang='lat' dir='ltr'><strong>Parcite,</strong></span> <span class='ocrx_word' id='word_1_824' title='bbox 1041 5336 1255 5392; x_wconf 71' lang='lat' dir='ltr'><strong>quaeso,</strong></span> <span class='ocrx_word' id='word_1_825' title='bbox 1302 5332 1414 5377; x_wconf 88' lang='lat' dir='ltr'><strong>tam</strong></span> <span class='ocrx_word' id='word_1_826' title='bbox 1460 5338 1659 5395; x_wconf 84' lang='lat' dir='ltr'><strong>magno</strong></span> <span class='ocrx_word' id='word_1_827' title='bbox 1707 5325 1849 5379; x_wconf 88' lang='lat' dir='ltr'><strong>malo</strong></span> 
     </span>
    </p>
   </div>
   <div class='ocr_carea' id='block_1_90' title="bbox 260 5403 1848 5484">
    <p class='ocr_par' dir='ltr' id='par_1_90' title="bbox 260 5403 1848 5484">
     <span class='ocr_line' id='line_1_90' title="bbox 260 5403 1848 5484; baseline 0.005 -24"><span class='ocrx_word' id='word_1_828' title='bbox 260 5403 542 5463; x_wconf 76' lang='lat' dir='ltr'><strong>lmnsorari</strong></span> <span class='ocrx_word' id='word_1_829' title='bbox 563 5449 579 5474; x_wconf 97' lang='lat'><strong>,</strong></span> <span class='ocrx_word' id='word_1_830' title='bbox 619 5408 750 5479; x_wconf 88' lang='lat' dir='ltr'><strong>quia</strong></span> <span class='ocrx_word' id='word_1_831' title='bbox 789 5408 943 5465; x_wconf 89' lang='lat' dir='ltr'><strong>vobis</strong></span> <span class='ocrx_word' id='word_1_832' title='bbox 977 5422 1298 5480; x_wconf 68' lang='lat' dir='ltr'><strong>praesentem</strong></span> <span class='ocrx_word' id='word_1_833' title='bbox 1342 5413 1754 5484; x_wconf 87' lang='lat' dir='ltr'><strong>prosperitatem</strong></span> <span class='ocrx_word' id='word_1_834' title='bbox 1792 5422 1848 5468; x_wconf 87' lang='lat' dir='ltr'><strong>et</strong></span> 
     </span>
    </p>
   </div>
   <div class='ocr_carea' id='block_1_91' title="bbox 257 5496 1844 5569">
    <p class='ocr_par' dir='ltr' id='par_1_91' title="bbox 257 5496 1844 5569">
     <span class='ocr_line' id='line_1_91' title="bbox 257 5496 1844 5569; baseline 0.004 -18"><span class='ocrx_word' id='word_1_835' title='bbox 257 5496 429 5554; x_wconf 77' lang='lat' dir='ltr'><strong>vitam</strong></span> <span class='ocrx_word' id='word_1_836' title='bbox 455 5498 675 5556; x_wconf 75' lang='lat' dir='ltr'><strong>auferat</strong></span> <span class='ocrx_word' id='word_1_837' title='bbox 703 5499 1107 5569; x_wconf 86' lang='lat' dir='ltr'><strong>sempiternam.</strong></span> <span class='ocrx_word' id='word_1_838' title='bbox 1157 5499 1278 5555; x_wconf 88' lang='lat' dir='ltr'><strong>Sint</strong></span> <span class='ocrx_word' id='word_1_839' title='bbox 1304 5502 1456 5557; x_wconf 82' lang='lat' dir='ltr'><strong>vobis</strong></span> <span class='ocrx_word' id='word_1_840' title='bbox 1484 5502 1726 5557; x_wconf 81' lang='lat' dir='ltr'><strong>convivia</strong></span> <span class='ocrx_word' id='word_1_841' title='bbox 1754 5518 1844 5557; x_wconf 87' lang='lat' dir='ltr'><strong>so-</strong></span> 
     </span>
    </p>
   </div>
   <div class='ocr_carea' id='block_1_92' title="bbox 258 5585 1843 5662">
    <p class='ocr_par' dir='ltr' id='par_1_92' title="bbox 258 5585 1843 5662">
     <span class='ocr_line' id='line_1_92' title="bbox 258 5585 1843 5662; baseline 0.004 -21"><span class='ocrx_word' id='word_1_842' title='bbox 258 5585 373 5641; x_wconf 79' lang='lat' dir='ltr'><strong>bria</strong></span> <span class='ocrx_word' id='word_1_843' title='bbox 393 5630 409 5651; x_wconf 92' lang='lat'><strong>,</strong></span> <span class='ocrx_word' id='word_1_844' title='bbox 443 5591 555 5646; x_wconf 83' lang='lat' dir='ltr'><strong>sint</strong></span> <span class='ocrx_word' id='word_1_845' title='bbox 581 5591 720 5661; x_wconf 81' lang='lat' dir='ltr'><strong>justi</strong></span> <span class='ocrx_word' id='word_1_846' title='bbox 760 5590 865 5643; x_wconf 87' lang='lat' dir='ltr'><strong>viri</strong></span> <span class='ocrx_word' id='word_1_847' title='bbox 896 5591 1167 5656; x_wconf 80' lang='lat' dir='ltr'><strong>convivae,</strong></span> <span class='ocrx_word' id='word_1_848' title='bbox 1198 5600 1253 5645; x_wconf 91' lang='lat' dir='ltr'><strong>et</strong></span> <span class='ocrx_word' id='word_1_849' title='bbox 1291 5592 1343 5645; x_wconf 87' lang='lat' dir='ltr'><strong>in</strong></span> <span class='ocrx_word' id='word_1_850' title='bbox 1381 5593 1570 5647; x_wconf 90' lang='lat' dir='ltr'><strong>timore</strong></span> <span class='ocrx_word' id='word_1_851' title='bbox 1598 5592 1693 5649; x_wconf 90' lang='lat' dir='ltr'><strong>Dei</strong></span> <span class='ocrx_word' id='word_1_852' title='bbox 1727 5592 1843 5662; x_wconf 86' lang='lat' dir='ltr'><strong>glo-</strong></span> 
     </span>
    </p>
   </div>
   <div class='ocr_carea' id='block_1_93' title="bbox 256 5678 1845 5756">
    <p class='ocr_par' dir='ltr' id='par_1_93' title="bbox 256 5678 1845 5756">
     <span class='ocr_line' id='line_1_93' title="bbox 256 5678 1845 5756; baseline 0.003 -23"><span class='ocrx_word' id='word_1_853' title='bbox 256 5678 425 5736; x_wconf 73' lang='lat' dir='ltr'><strong>riatio</strong></span> <span class='ocrx_word' id='word_1_854' title='bbox 459 5694 664 5740; x_wconf 75' lang='lat' dir='ltr'><strong>veStra.</strong></span> <span class='ocrx_word' id='word_1_855' title='bbox 708 5680 770 5737; x_wconf 83' lang='lat' dir='ltr'><strong>In</strong></span> <span class='ocrx_word' id='word_1_856' title='bbox 807 5696 974 5736; x_wconf 82' lang='lat' dir='ltr'><strong>sensu</strong></span> <span class='ocrx_word' id='word_1_857' title='bbox 1011 5692 1188 5737; x_wconf 87' lang='lat' dir='ltr'><strong>vestro</strong></span> <span class='ocrx_word' id='word_1_858' title='bbox 1226 5683 1293 5738; x_wconf 88' lang='lat' dir='ltr'><strong>sit</strong></span> <span class='ocrx_word' id='word_1_859' title='bbox 1328 5684 1594 5756; x_wconf 74' lang='lat' dir='ltr'><strong>cogitatus</strong></span> <span class='ocrx_word' id='word_1_860' title='bbox 1630 5684 1759 5748; x_wconf 81' lang='lat' dir='ltr'><strong>Dei,</strong></span> <span class='ocrx_word' id='word_1_861' title='bbox 1788 5693 1845 5737; x_wconf 88' lang='lat' dir='ltr'><strong>et</strong></span> 
     </span>
    </p>
   </div>
   <div class='ocr_carea' id='block_1_94' title="bbox 1950 4599 3519 4671">
    <p class='ocr_par' dir='ltr' id='par_1_94' title="bbox 1950 4599 3519 4671">
     <span class='ocr_line' id='line_1_94' title="bbox 1950 4599 3519 4671; baseline -0.003 -10"><span class='ocrx_word' id='word_1_862' title='bbox 1950 4621 2014 4661; x_wconf 87' lang='lat' dir='ltr'><strong>se</strong></span> <span class='ocrx_word' id='word_1_863' title='bbox 2041 4607 2095 4662; x_wconf 91' lang='lat' dir='ltr'><strong>in</strong></span> <span class='ocrx_word' id='word_1_864' title='bbox 2129 4606 2344 4660; x_wconf 90' lang='lat' dir='ltr'><strong>actione</strong></span> <span class='ocrx_word' id='word_1_865' title='bbox 2372 4609 2660 4665; x_wconf 82' lang='lat' dir='ltr'><strong>exerceat,</strong></span> <span class='ocrx_word' id='word_1_866' title='bbox 2693 4602 2795 4656; x_wconf 90' lang='lat' dir='ltr'><strong>hoc</strong></span> <span class='ocrx_word' id='word_1_867' title='bbox 2819 4599 2932 4666; x_wconf 91' lang='lat' dir='ltr'><strong>jam</strong></span> <span class='ocrx_word' id='word_1_868' title='bbox 2971 4602 3114 4670; x_wconf 89' lang='lat' dir='ltr'><strong>quod</strong></span> <span class='ocrx_word' id='word_1_869' title='bbox 3152 4603 3351 4671; x_wconf 91' lang='lat' dir='ltr'><strong>appetit</strong></span> <span class='ocrx_word' id='word_1_870' title='bbox 3397 4618 3519 4658; x_wconf 84' lang='lat' dir='ltr'><strong>con-</strong></span> 
     </span>
    </p>
   </div>
   <div class='ocr_carea' id='block_1_95' title="bbox 1950 4688 3521 4765">
    <p class='ocr_par' dir='ltr' id='par_1_95' title="bbox 1950 4688 3521 4765">
     <span class='ocr_line' id='line_1_95' title="bbox 1950 4688 3521 4765; baseline -0.003 -15"><span class='ocrx_word' id='word_1_871' title='bbox 1950 4695 2259 4765; x_wconf 89' lang='lat' dir='ltr'><strong>templatur.</strong></span> <span class='ocrx_word' id='word_1_872' title='bbox 2290 4693 2355 4747; x_wconf 87' lang='lat' dir='ltr'><strong>Et</strong></span> <span class='ocrx_word' id='word_1_873' title='bbox 2379 4691 2508 4762; x_wconf 92' lang='lat' dir='ltr'><strong>quid</strong></span> <span class='ocrx_word' id='word_1_874' title='bbox 2537 4688 2895 4759; x_wconf 87' lang='lat' dir='ltr'><strong>appellatione</strong></span> <span class='ocrx_word' id='word_1_875' title='bbox 2922 4690 3164 4760; x_wconf 79' lang='lat' dir='ltr'><strong>corporis</strong></span> <span class='ocrx_word' id='word_1_876' title='bbox 3191 4690 3521 4761; x_wconf 77' lang='lat' dir='ltr'><strong>designazur,</strong></span> 
     </span>
    </p>
   </div>
   <div class='ocr_carea' id='block_1_96' title="bbox 1946 4779 3521 4852">
    <p class='ocr_par' dir='ltr' id='par_1_96' title="bbox 1946 4779 3521 4852">
     <span class='ocr_line' id='line_1_96' title="bbox 1946 4779 3521 4852; baseline -0.003 -12"><span class='ocrx_word' id='word_1_877' title='bbox 1946 4785 2052 4840; x_wconf 90' lang='lat' dir='ltr'><strong>nisi</strong></span> <span class='ocrx_word' id='word_1_878' title='bbox 2077 4797 2410 4852; x_wconf 60' lang='lat' dir='ltr'><strong>unaquaique</strong></span> <span class='ocrx_word' id='word_1_879' title='bbox 2438 4781 2602 4845; x_wconf 87' lang='lat' dir='ltr'><strong>actio,</strong></span> <span class='ocrx_word' id='word_1_880' title='bbox 2629 4794 2749 4849; x_wconf 65' lang='lat' dir='ltr'><strong>qua:</strong></span> <span class='ocrx_word' id='word_1_881' title='bbox 2778 4779 3133 4835; x_wconf 88' lang='lat' dir='ltr'><strong>intentionem</strong></span> <span class='ocrx_word' id='word_1_882' title='bbox 3158 4795 3310 4835; x_wconf 88' lang='lat' dir='ltr'><strong>suam</strong></span> <span class='ocrx_word' id='word_1_883' title='bbox 3327 4821 3342 4845; x_wconf 92' lang='lat'><strong>,</strong></span> <span class='ocrx_word' id='word_1_884' title='bbox 3364 4783 3521 4851; x_wconf 85' lang='lat' dir='ltr'><strong>quasi</strong></span> 
     </span>
    </p>
   </div>
   <div class='ocr_carea' id='block_1_97' title="bbox 1947 4868 3520 4940">
    <p class='ocr_par' dir='ltr' id='par_1_97' title="bbox 1947 4868 3520 4940">
     <span class='ocr_line' id='line_1_97' title="bbox 1947 4868 3520 4940; baseline -0.003 -12"><span class='ocrx_word' id='word_1_885' title='bbox 1947 4875 2243 4928; x_wconf 90' lang='lat' dir='ltr'><strong>intuentem</strong></span> <span class='ocrx_word' id='word_1_886' title='bbox 2271 4870 2486 4926; x_wconf 81' lang='lat' dir='ltr'><strong>oculum</strong></span> <span class='ocrx_word' id='word_1_887' title='bbox 2505 4909 2522 4935; x_wconf 91' lang='lat'><strong>,</strong></span> <span class='ocrx_word' id='word_1_888' title='bbox 2551 4871 2816 4939; x_wconf 88' lang='lat' dir='ltr'><strong>sequitur.</strong></span> <span class='ocrx_word' id='word_1_889' title='bbox 2852 4868 3091 4923; x_wconf 84' lang='lat' dir='ltr'><strong>Lucerna</strong></span> <span class='ocrx_word' id='word_1_890' title='bbox 3115 4868 3300 4939; x_wconf 88' lang='lat' dir='ltr'><strong>itaque</strong></span> <span class='ocrx_word' id='word_1_891' title='bbox 3335 4887 3520 4940; x_wconf 82' lang='lat' dir='ltr'><strong>corpo-</strong></span> 
     </span>
    </p>
   </div>
   <div class='ocr_carea' id='block_1_98' title="bbox 1947 4957 3520 5029">
    <p class='ocr_par' dir='ltr' id='par_1_98' title="bbox 1947 4957 3520 5029">
     <span class='ocr_line' id='line_1_98' title="bbox 1947 4957 3520 5029; baseline -0.003 -12"><span class='ocrx_word' id='word_1_892' title='bbox 1947 4964 2021 5018; x_wconf 88' lang='lat' dir='ltr'><strong>ris</strong></span> <span class='ocrx_word' id='word_1_893' title='bbox 2063 4970 2138 5016; x_wconf 87' lang='lat' dir='ltr'><strong>est</strong></span> <span class='ocrx_word' id='word_1_894' title='bbox 2178 4959 2392 5023; x_wconf 85' lang='lat' dir='ltr'><strong>oculus,</strong></span> <span class='ocrx_word' id='word_1_895' title='bbox 2443 4959 2569 5029; x_wconf 87' lang='lat' dir='ltr'><strong>quia</strong></span> <span class='ocrx_word' id='word_1_896' title='bbox 2612 4974 2711 5028; x_wconf 90' lang='lat' dir='ltr'><strong>per</strong></span> <span class='ocrx_word' id='word_1_897' title='bbox 2747 4958 2903 5013; x_wconf 77' lang='lat' dir='ltr'><strong>bona:</strong></span> <span class='ocrx_word' id='word_1_898' title='bbox 2953 4957 3266 5013; x_wconf 87' lang='lat' dir='ltr'><strong>intentionis</strong></span> <span class='ocrx_word' id='word_1_899' title='bbox 3311 4959 3520 5013; x_wconf 89' lang='lat' dir='ltr'><strong>radium</strong></span> 
     </span>
    </p>
   </div>
   <div class='ocr_carea' id='block_1_99' title="bbox 1946 5034 3525 5106">
    <p class='ocr_par' dir='ltr' id='par_1_99' title="bbox 1946 5034 3525 5106">
     <span class='ocr_line' id='line_1_99' title="bbox 1946 5034 3525 5106; baseline -0.004 -1"><span class='ocrx_word' id='word_1_900' title='bbox 1946 5051 2140 5106; x_wconf 87' lang='lat' dir='ltr'><strong>merita</strong></span> <span class='ocrx_word' id='word_1_901' title='bbox 2167 5049 2504 5104; x_wconf 84' lang='lat' dir='ltr'><strong>illustrantur</strong></span> <span class='ocrx_word' id='word_1_902' title='bbox 2528 5034 2801 5103; x_wconf 32' lang='lat' dir='ltr'><strong>actionis:</strong></span> <span class='ocrx_word' id='word_1_903' title='bbox 2825 5047 2893 5101; x_wconf 82' lang='lat' dir='ltr'><strong>Et</strong></span> <span class='ocrx_word' id='word_1_904' title='bbox 2931 5048 2979 5102; x_wconf 79' lang='lat' dir='ltr'><strong>si</strong></span> <span class='ocrx_word' id='word_1_905' title='bbox 3023 5046 3206 5102; x_wconf 89' lang='lat' dir='ltr'><strong>oculus</strong></span> <span class='ocrx_word' id='word_1_906' title='bbox 3251 5057 3369 5102; x_wconf 84' lang='lat' dir='ltr'><strong>tuus</strong></span> <span class='ocrx_word' id='word_1_907' title='bbox 3399 5048 3525 5101; x_wconf 86' lang='lat' dir='ltr'><strong>sim-</strong></span> 
     </span>
    </p>
   </div>
   <div class='ocr_carea' id='block_1_100' title="bbox 1948 5135 3523 5214">
    <p class='ocr_par' dir='ltr' id='par_1_100' title="bbox 1948 5135 3523 5214">
     <span class='ocr_line' id='line_1_100' title="bbox 1948 5135 3523 5214; baseline -0.004 -19"><span class='ocrx_word' id='word_1_908' title='bbox 1948 5143 2068 5214; x_wconf 81' lang='lat' dir='ltr'><strong>plca:</strong></span> <span class='ocrx_word' id='word_1_909' title='bbox 2095 5142 2284 5213; x_wconf 78' lang='lat' dir='ltr'><strong>fuerit,</strong></span> <span class='ocrx_word' id='word_1_910' title='bbox 2315 5151 2480 5195; x_wconf 89' lang='lat' dir='ltr'><strong>totum</strong></span> <span class='ocrx_word' id='word_1_911' title='bbox 2519 5156 2707 5210; x_wconf 85' lang='lat' dir='ltr'><strong>corpus</strong></span> <span class='ocrx_word' id='word_1_912' title='bbox 2747 5149 2892 5194; x_wconf 87' lang='lat' dir='ltr'><strong>tuum</strong></span> <span class='ocrx_word' id='word_1_913' title='bbox 2937 5138 3173 5192; x_wconf 83' lang='lat' dir='ltr'><strong>lucidum</strong></span> <span class='ocrx_word' id='word_1_914' title='bbox 3222 5139 3317 5191; x_wconf 83' lang='lat' dir='ltr'><strong>erit</strong></span> <span class='ocrx_word' id='word_1_915' title='bbox 3345 5153 3365 5191; x_wconf 83' lang='lat'><strong><em>:</em></strong></span> <span class='ocrx_word' id='word_1_916' title='bbox 3397 5135 3523 5206; x_wconf 84' lang='lat' dir='ltr'><strong>quia</strong></span> 
     </span>
    </p>
   </div>
   <div class='ocr_carea' id='block_1_101' title="bbox 1953 5227 3515 5299">
    <p class='ocr_par' dir='ltr' id='par_1_101' title="bbox 1953 5227 3515 5299">
     <span class='ocr_line' id='line_1_101' title="bbox 1953 5227 3515 5299; baseline -0.006 -12"><span class='ocrx_word' id='word_1_917' title='bbox 1953 5240 2007 5287; x_wconf 92' lang='lat' dir='ltr'><strong>et</strong></span> <span class='ocrx_word' id='word_1_918' title='bbox 2058 5233 2103 5288; x_wconf 91' lang='lat' dir='ltr'><strong>si</strong></span> <span class='ocrx_word' id='word_1_919' title='bbox 2155 5239 2299 5287; x_wconf 90' lang='lat' dir='ltr'><strong>recte</strong></span> <span class='ocrx_word' id='word_1_920' title='bbox 2346 5230 2676 5285; x_wconf 88' lang='lat' dir='ltr'><strong>intendimus</strong></span> <span class='ocrx_word' id='word_1_921' title='bbox 2720 5244 2817 5299; x_wconf 89' lang='lat' dir='ltr'><strong>per</strong></span> <span class='ocrx_word' id='word_1_922' title='bbox 2863 5228 3263 5298; x_wconf 77' lang='lat' dir='ltr'><strong>sitnplicitatem</strong></span> <span class='ocrx_word' id='word_1_923' title='bbox 3312 5227 3515 5295; x_wconf 75' lang='lat' dir='ltr'><strong>cogita-</strong></span> 
     </span>
    </p>
   </div>
   <div class='ocr_carea' id='block_1_102' title="bbox 1955 5316 3514 5391">
    <p class='ocr_par' dir='ltr' id='par_1_102' title="bbox 1955 5316 3514 5391">
     <span class='ocr_line' id='line_1_102' title="bbox 1955 5316 3514 5391; baseline -0.007 -16"><span class='ocrx_word' id='word_1_924' title='bbox 1955 5322 2148 5386; x_wconf 85' lang='lat' dir='ltr'><strong>tionis,</strong></span> <span class='ocrx_word' id='word_1_925' title='bbox 2169 5321 2370 5376; x_wconf 88' lang='lat' dir='ltr'><strong>bonum</strong></span> <span class='ocrx_word' id='word_1_926' title='bbox 2399 5334 2534 5391; x_wconf 90' lang='lat' dir='ltr'><strong>opus</strong></span> <span class='ocrx_word' id='word_1_927' title='bbox 2562 5319 2811 5383; x_wconf 71' lang='lat' dir='ltr'><strong>edicitur,</strong></span> <span class='ocrx_word' id='word_1_928' title='bbox 2842 5318 3057 5373; x_wconf 89' lang='lat' dir='ltr'><strong>etiamsi</strong></span> <span class='ocrx_word' id='word_1_929' title='bbox 3097 5318 3276 5371; x_wconf 90' lang='lat' dir='ltr'><strong>minus</strong></span> <span class='ocrx_word' id='word_1_930' title='bbox 3319 5316 3514 5370; x_wconf 86' lang='lat' dir='ltr'><strong>bonum</strong></span> 
     </span>
    </p>
   </div>
   <div class='ocr_carea' id='block_1_103' title="bbox 1951 5401 3573 5487">
    <p class='ocr_par' dir='ltr' id='par_1_103' title="bbox 1951 5401 3573 5487">
     <span class='ocr_line' id='line_1_103' title="bbox 1951 5401 3573 5487; baseline -0.007 -23"><span class='ocrx_word' id='word_1_931' title='bbox 1951 5424 2072 5464; x_wconf 84' lang='lat' dir='ltr'><strong>esse</strong></span> <span class='ocrx_word' id='word_1_932' title='bbox 2120 5408 2389 5463; x_wconf 83' lang='lat' dir='ltr'><strong>videatur.</strong></span> <span class='ocrx_word' id='word_1_933' title='bbox 2442 5407 2508 5461; x_wconf 76' lang='lat' dir='ltr'><strong>Et</strong></span> <span class='ocrx_word' id='word_1_934' title='bbox 2556 5409 2602 5461; x_wconf 89' lang='lat' dir='ltr'><strong>si</strong></span> <span class='ocrx_word' id='word_1_935' title='bbox 2653 5405 2834 5461; x_wconf 86' lang='lat' dir='ltr'><strong>oculus</strong></span> <span class='ocrx_word' id='word_1_936' title='bbox 2889 5415 3011 5459; x_wconf 86' lang='lat' dir='ltr'><strong>tuus</strong></span> <span class='ocrx_word' id='word_1_937' title='bbox 3061 5420 3280 5475; x_wconf 88' lang='lat' dir='ltr'><strong>nequam</strong></span> <span class='ocrx_word' id='word_1_938' title='bbox 3329 5401 3519 5473; x_wconf 75' lang='lat' dir='ltr'><strong>fuerit,</strong></span> <span class='ocrx_word' id='word_1_939' title='bbox 3568 5482 3573 5487; x_wconf 11' lang='grc' dir='ltr'><em>ἡ</em></span> 
     </span>
    </p>
   </div>
   <div class='ocr_carea' id='block_1_104' title="bbox 1950 5496 3523 5567">
    <p class='ocr_par' dir='ltr' id='par_1_104' title="bbox 1950 5496 3523 5567">
     <span class='ocr_line' id='line_1_104' title="bbox 1950 5496 3523 5567; baseline -0.005 -14"><span class='ocrx_word' id='word_1_940' title='bbox 1950 5510 2117 5555; x_wconf 83' lang='lat' dir='ltr'><strong>totum</strong></span> <span class='ocrx_word' id='word_1_941' title='bbox 2155 5515 2339 5567; x_wconf 81' lang='lat' dir='ltr'><strong>corpus</strong></span> <span class='ocrx_word' id='word_1_942' title='bbox 2371 5509 2516 5552; x_wconf 85' lang='lat' dir='ltr'><strong>tuum</strong></span> <span class='ocrx_word' id='word_1_943' title='bbox 2546 5497 2872 5552; x_wconf 84' lang='lat' dir='ltr'><strong>tenebrosum</strong></span> <span class='ocrx_word' id='word_1_944' title='bbox 2900 5499 2996 5551; x_wconf 89' lang='lat' dir='ltr'><strong>erit</strong></span> <span class='ocrx_word' id='word_1_945' title='bbox 3022 5515 3040 5553; x_wconf 94' lang='lat'><em>:</em></span> <span class='ocrx_word' id='word_1_946' title='bbox 3070 5496 3194 5565; x_wconf 87' lang='lat' dir='ltr'><strong>quia</strong></span> <span class='ocrx_word' id='word_1_947' title='bbox 3235 5508 3358 5548; x_wconf 84' lang='lat' dir='ltr'><strong>eum</strong></span> <span class='ocrx_word' id='word_1_948' title='bbox 3399 5507 3523 5562; x_wconf 89' lang='lat' dir='ltr'><strong>per-</strong></span> 
     </span>
    </p>
   </div>
   <div class='ocr_carea' id='block_1_105' title="bbox 1951 5586 3521 5659">
    <p class='ocr_par' dir='ltr' id='par_1_105' title="bbox 1951 5586 3521 5659">
     <span class='ocr_line' id='line_1_105' title="bbox 1951 5586 3521 5659; baseline -0.004 -13"><span class='ocrx_word' id='word_1_949' title='bbox 1951 5606 2105 5646; x_wconf 81' lang='lat' dir='ltr'><strong>versa</strong></span> <span class='ocrx_word' id='word_1_950' title='bbox 2148 5590 2441 5645; x_wconf 89' lang='lat' dir='ltr'><strong>intentione</strong></span> <span class='ocrx_word' id='word_1_951' title='bbox 2477 5589 2605 5659; x_wconf 83' lang='lat' dir='ltr'><strong>quid</strong></span> <span class='ocrx_word' id='word_1_952' title='bbox 2647 5590 2731 5645; x_wconf 84' lang='lat' dir='ltr'><strong>vel</strong></span> <span class='ocrx_word' id='word_1_953' title='bbox 2775 5598 2978 5646; x_wconf 85' lang='lat' dir='ltr'><strong>rectum</strong></span> <span class='ocrx_word' id='word_1_954' title='bbox 3019 5589 3217 5656; x_wconf 79' lang='lat' dir='ltr'><strong>agitur,</strong></span> <span class='ocrx_word' id='word_1_955' title='bbox 3248 5594 3302 5642; x_wconf 87' lang='lat' dir='ltr'><strong>et</strong></span> <span class='ocrx_word' id='word_1_956' title='bbox 3333 5586 3521 5656; x_wconf 85' lang='lat' dir='ltr'><strong>splen-</strong></span> 
     </span>
    </p>
   </div>
   <div class='ocr_carea' id='block_1_106' title="bbox 1950 5677 3527 5745">
    <p class='ocr_par' dir='ltr' id='par_1_106' title="bbox 1950 5677 3527 5745">
     <span class='ocr_line' id='line_1_106' title="bbox 1950 5677 3527 5745; baseline -0.007 -7"><span class='ocrx_word' id='word_1_957' title='bbox 1950 5683 2077 5738; x_wconf 90' lang='lat' dir='ltr'><strong>dere</strong></span> <span class='ocrx_word' id='word_1_958' title='bbox 2122 5698 2304 5737; x_wconf 80' lang='lat' dir='ltr'><strong>coram</strong></span> <span class='ocrx_word' id='word_1_959' title='bbox 2345 5681 2651 5737; x_wconf 80' lang='lat' dir='ltr'><strong>hominibus</strong></span> <span class='ocrx_word' id='word_1_960' title='bbox 2693 5682 2953 5745; x_wconf 88' lang='lat' dir='ltr'><strong>cernitur,</strong></span> <span class='ocrx_word' id='word_1_961' title='bbox 2998 5677 3135 5745; x_wconf 82' lang='lat' dir='ltr'><strong>apud</strong></span> <span class='ocrx_word' id='word_1_962' title='bbox 3178 5692 3405 5732; x_wconf 71' lang='lat' dir='ltr'><strong>examen</strong></span> <span class='ocrx_word' id='word_1_963' title='bbox 3447 5677 3527 5730; x_wconf 80' lang='lat' dir='ltr'><strong>in-</strong></span> 
     </span>
    </p>
   </div>
  </div>
