4040 6188
479 303 580 363 123

1152 340 1165 354 .
1209 299 1460 354 [MBAN]
1498 300 1713 356 MAUlil
1752 295 2069 354 ARCHIEP.
2114 294 2419 351 MOUUNT.
2461 292 2746 352 OPERUH
2787 292 2962 347 PARS
3003 291 3062 345 ll.

3636 293 3734 348 124

479 417 616 474 terni
655 414 852 487 ju-licis
891 412 1232 468 obscuratur.
1278 413 1531 483 Vigilanti
1579 414 1744 481 igitur
1783 427 1913 466 cura
1956 425 2052 479 per
2080 414 2126 471 Α
2155 406 2409 462 dicebat:
2450 407 2629 477 Neque
2660 407 2922 461 ιιιιιὺιιΙαινὶ
2956 408 3011 460 iu
3051 406 3288 474 mugu's,
3336 422 3496 475 neque
3538 407 3591 461 iu
3635 408 3736 463 mi—

476 513 666 562 cuncta
692 519 853 574 Opera
884 502 1107 556 intentio
1137 502 1290 556 nobis
1320 511 1504 556 nostra
1541 502 1817 571 pensanda
1848 508 1923 554 est
1947 541 1962 564 ,
1990 508 2049 553 ut

476 595 608 651 nihil
636 582 930 662 temporale
967 592 1021 646 in
1063 592 1149 646 his
1187 607 1308 661 quas
1344 592 1456 663 agit
1494 600 1743 662 appetat,
1786 601 1955 646 totam
1988 604 2049 645 se

477 706 530 743 ιιι
577 688 845 743 soliditate
892 685 1207 741 aeternitatis
1258 685 1427 756 ﬁgat:
1460 701 1528 740 ne
1567 686 1612 740 si
1656 693 1810 739 extra
1857 683 2049 737 funda-

476 786 713 833 mentum
744 777 972 832 actionis
1014 785 1212 832 nostra:
1248 775 1449 830 fabrica
1493 775 1730 845 ponitur,
1763 783 1907 829 terra
1947 773 2046 827 de-

475 868 715 921 hiscente
754 867 1013 921 solvatur.
1047 865 1153 921 Sed
1186 875 1244 920 ut
1278 882 1417 936 opus
1455 874 1696 919 vestrum
1739 865 1804 919 ad
1846 865 2045 919 bonum

475 960 633 1013 tinem
674 959 957 1028 pervenire
993 958 1195 1026 possit,
1239 957 1492 1011 discretio
1533 957 1685 1011 vobis
1725 955 1913 1020 valde,
1944 955 2050 1007 fra-

473 1057 600 1111 tres,
630 1050 937 1105 necessaria
964 1056 1066 1114 est,
1091 1050 1217 1117 quia
1238 1047 1490 1102 discretio
1511 1055 1596 1101 est
1612 1045 1850 1099 omnium
1876 1053 2048 1100 mater

472 1139 752 1193 virtutum.
802 1139 1126 1207 Plerumque
1169 1137 1315 1193 enim
1366 1138 1536 1191 virtus
1582 1152 1704 1191 cum
1754 1136 2045 1190 indiscrete

472 1239 705 1294 tenetur,
751 1231 1054 1293 amittitur;
1084 1244 1206 1285 cum
1237 1229 1470 1284 discrete
1498 1228 1893 1289 intermittitur,
1927 1227 2045 1297 plus

472 1325 707 1371 tenetur.
758 1318 867 1373 Nec
913 1318 1108 1371 mirum
1148 1318 1193 1373 si
1240 1318 1292 1372 in
1340 1318 1615 1387 corporeis
1657 1317 2041 1387 intelligimus,

469 1414 613 1483 quod
657 1414 740 1483 agi
781 1422 837 1467 et
874 1413 1208 1481 incorporeis
1249 1414 1409 1466 rebus
1452 1413 1711 1465 videmus.
1744 1412 1823 1464 Ex
1869 1412 2044 1465 studio

471 1520 701 1573 namque
744 1520 904 1559 arcus
939 1502 1281 1564 distenditur,
1329 1510 1386 1556 ut
1430 1503 1482 1556 in
1524 1517 1621 1557 suo
1652 1512 1892 1571 tempore
1919 1515 2043 1555 eum

470 1595 702 1648 utilitate
753 1594 1022 1647 tendatur.
1074 1590 1176 1657 Qui
1230 1591 1273 1644 si
1322 1592 1492 1645 otium
1543 1589 1889 1643 relaxationis
1936 1603 2042 1642 non

469 1684 664 1753 accipit
686 1725 700 1748 ,
743 1683 969 1737 feriendi
1002 1683 1250 1735 virtutem
1283 1682 1399 1751 ipso
1430 1696 1529 1734 usu
1557 1680 1815 1735 tensionis
1844 1680 2037 1749 perdit.

2155 501 2404 556 rabilibus
2443 518 2599 571 super
2638 518 2718 555 me
2766 500 2955 572 (Psal.
2990 516 3130 553 cxxx
3156 500 3195 570 ).
3232 497 3406 568 Super
3435 515 3493 555 se
3530 502 3734 572 quippe

2154 592 2206 646 in
2239 592 2571 648 mirabilibus
2600 591 2934 656 ambularet,
2963 592 3006 645 si
3039 606 3302 661 apparere
3332 606 3562 662 magnus
3591 593 3733 648 ultra

2154 704 2315 757 quam
2358 696 2568 756 poterat
2595 695 2885 756 quzercrct.
2921 685 3096 753 Super
3124 699 3184 738 se
3214 699 3448 753 namque
3477 684 3531 739 in
3560 687 3732 741 mira-

2149 782 2345 837 bilibus
2375 781 2660 845 attollitur,
2691 780 2783 850 qui
2813 789 2867 835 et
2898 781 2948 834 in
2983 780 3064 834 his
3096 780 3164 834 ad
3190 795 3311 848 qua:
3355 796 3461 834 non
3498 781 3730 847 suilirit,

2149 871 2318 926 videri
2368 880 2612 925 conatur.
2665 871 2839 940 Ergo,
2897 868 3096 924 fratres
3143 870 3506 930 dilectissimi.
3558 874 3732 942 ιιιιυό-

2146 977 2358 1031 cunque
2406 960 2530 1016 boni
2571 961 2790 1029 possitis
2829 962 3092 1015 instanter
3132 962 3303 1030 agite,
3344 970 3399 1016 et
3437 963 3577 1017 inter
3614 964 3731 1018 hme

2147 1050 2487 1107 discretionis
2527 1065 2831 1106 mensuram
2875 1052 2930 1104 in
2960 1052 3211 1106 omnibus
3239 1061 3395 1106 caute
3423 1061 3477 1107 ct
3505 1054 3732 1123 diligen-

2148 1152 2230 1195 ter
2254 1141 2536 1196 cnstodite.
2578 1141 2670 1196 Sic
2711 1143 2913 1196 currite
2957 1142 3009 1197 in
3050 1143 3229 1198 stadio
3270 1142 3428 1211 hujus
3469 1145 3628 1208 vitaz,
3670 1154 3731 1201 ut

2145 1229 2613 1299 comprehendatis
2642 1230 2806 1284 vitam
2837 1240 3118 1285 aeternam.
3154 1231 3247 1286 Sic
3277 1233 3329 1286 in
3359 1250 3530 1304 agone
3570 1236 3731 1288 Chri-

2145 1318 2323 1372 stiano
2353 1319 2659 1381 decertate,
2694 1329 2753 1373 nt
2783 1336 2813 1374 a
2843 1320 3065 1376 Christo
3101 1324 3454 1378 eoronemini.
3500 1324 3728 1379 Humili-

2147 1417 2312 1464 tatem
2343 1425 2528 1464 veram
2555 1411 2823 1480 pnecipue
2851 1421 3049 1467 tenete.
3083 1414 3145 1466 Et
3178 1414 3437 1483 quidquid
3464 1416 3586 1470 honi
3618 1417 3730 1486 agi-

2146 1499 2248 1564 tis,
2281 1500 2473 1555 divina:
2508 1502 2693 1570 gratia:
2733 1501 2863 1555 illud
2902 1502 3203 1572 deputetis,
3235 1520 3340 1557 non
3373 1506 3524 1560 vobis
3551 1523 3564 1557 :
3596 1506 3721 1572 quia

2144 1606 2296 1643 omne
2336 1590 2517 1644 datum
2560 1590 2843 1661 optimum,
2890 1602 2937 1645 et
2982 1608 3133 1645 omne
3170 1592 3365 1647 donum
3403 1595 3723 1663 perfectura,

2146 1678 2417 1732 desursum
2464 1688 2577 1742 est,
2628 1679 2940 1734 descendens
2987 1697 3020 1734 a
3070 1690 3220 1749 patre
3255 1679 3509 1736 luminum
3560 1682 3718 1753 (Jac.

467 1771 557 1825 Sic
589 1771 877 1842 aliquando
908 1772 960 1825 in
1004 1770 1396 1826 exercitatione
1435 1770 1608 1824 virtus
1651 1784 1772 1823 cum
1814 1784 1909 1837 per
1931 1768 2037 1822 dis-
2067 1755 2116 1814 Β
2146 1771 2224 1842 ι).
2256 1772 2493 1842 Agonem
2522 1780 2759 1826 vestrum
2786 1772 3013 1828 Domino
3039 1764 3289 1843 pre'cibus
3317 1774 3716 1828 commendate.

464 1863 758 1916 credoncm
800 1862 1253 1931 praetermittitur,
1280 1868 1611 1924 reservatur,
1641 1869 1700 1913 ut
1729 1868 1878 1913 tanto
1922 1865 2043 1929 post

464 1956 591 2008 vitia
641 1955 881 2009 valenter
930 1953 1120 2018 feriat,
1166 1962 1366 2022 quanto
1410 1969 1441 2006 a
1489 1954 1865 2023 persecutione
1909 1953 2042 2007 intc-

465 2045 566 2098 rim
620 2045 915 2114 prudenter
963 2052 1159 2098 cessat.
1207 2043 1357 2097 'func
1399 2053 1578 2098 autem
1623 2052 1768 2097 recte
1820 2052 2039 2112 accepta

466 2153 715 2192 mensura
753 2153 877 2192 cum
917 2138 1215 2207 anteposita
1255 2137 1425 2191 oculis
1451 2138 1687 2191 virorum
1719 2136 2039 2207 spiritalium

465 2226 577 2280 vita
617 2227 926 2296 respicitur,
967 2228 1181 2296 quando
1208 2228 1394 2282 electa:
1422 2228 1710 2298 unicuique
1736 2228 1932 2282 anim:e
1972 2228 2037 2282 ad

463 2316 783 2371 sumendam
816 2317 1024 2370 vivendi
1070 2317 1329 2387 regulam,
1364 2326 1576 2387 patrum
1624 2317 2038 2387 prtecedentium

462 2408 708 2477 exempla
734 2419 1140 2475 monstrantur;
1172 2421 1234 2463 ut
1260 2425 1325 2465 ex
1354 2410 1565 2463 illorum
1596 2410 1705 2463 vita
1734 2410 2040 2466 consideret

462 2502 589 2571 quid
623 2502 674 2555 in
708 2502 822 2556 suis
851 2502 1064 2557 actibus
1094 2511 1305 2567 servet,
1337 2511 1604 2572 quatenus
1632 2512 1881 2571 respecto
1902 2503 2036 2573 justi

462 2594 647 2648 limitis
687 2595 944 2649 tramite:
991 2609 1090 2650 nec
1132 2593 1271 2648 infra
1321 2595 1541 2649 minima
1590 2595 1865 2665 negligens
1906 2593 2038 2649 defi-

463 2687 600 2749 ciat,
634 2700 734 2740 nec
764 2685 905 2739 ultra
937 2686 1171 2740 maxima
1203 2684 1520 2755 superbiens
1550 2686 1769 2749 tendat;
1803 2700 1904 2740 nec
1932 2684 2035 2739 mi-

459 2792 565 2833 nus
593 2785 818 2832 conetur
841 2778 1059 2848 explere
1085 2794 1247 2849 quam
1277 2776 1503 2845 sullicit,
1533 2795 1635 2833 nec
1661 2779 1781 2849 plus
1809 2780 2037 2849 arripiat

459 2883 619 2938 quam
643 2869 850 2938 accepit
875 2888 887 2922 :
918 2884 985 2923 ne
1010 2878 1104 2924 aut
1129 2870 1194 2924 ad
1223 2884 1530 2924 mensuram
1555 2886 1716 2941 quant
1740 2871 1902 2927 debet
1929 2887 2034 2927 non

457 2960 776 3029 perveniat,
809 2971 903 3015 aut
931 2962 1174 3017 eamdem
1215 2975 1519 3017 mensuram
1565 2963 1851 3029 deserens,
1879 2972 2034 3019 extra

459 3048 683 3103 limitem
714 3050 892 3104 cadat.
934 3050 1172 3120 Angusta
1212 3050 1411 3121 quippe
1440 3058 1594 3121 porta
1624 3060 1710 3107 est
1736 3068 1857 3122 quae
1885 3054 2032 3109 ducit

459 3140 526 3195 ad
576 3140 780 3207 vitam;
835 3150 889 3197 et
932 3142 1020 3197 ille
1064 3142 1204 3197 hanc
1242 3143 1561 3213 ingreditur,
1600 3143 1692 3212 qui
1730 3143 1783 3196 in
1823 3145 2033 3200 cunctis

457 3242 579 3297 quae
610 3228 721 3300 agit
749 3230 1090 3285 discretionis
1127 3230 1431 3285 subtilitate
1467 3240 1687 3301 propter
1715 3232 1855 3287 hanc
1883 3233 2036 3287 solli-

461 3320 566 3374 cite
588 3329 895 3375 coarctatur
920 3339 933 3375 :
963 3337 1085 3375 nam
1114 3322 1201 3391 qui
1232 3335 1326 3391 per
1349 3321 1652 3377 voluntates
1678 3323 1923 3391 proprias
1948 3339 2020 3378 se-

459 3425 588 3465 cura
629 3419 808 3465 mente
848 3426 907 3466 se
947 3411 1167 3478 dilatat,
1207 3419 1447 3483 angusta:
1479 3412 1581 3467 sibi
1621 3421 1790 3484 portae
1829 3415 2033 3469 aditum

459 3494 705 3556 damnat.
741 3501 813 3557 Ut
837 3516 967 3573 ergo
994 3500 1153 3570 hujus
1185 3510 1342 3556 teme
1368 3518 1619 3557 mensura
1649 3513 1915 3570 servetur,
1946 3521 2036 3560 su-

455 3604 553 3659 per
606 3605 727 3645 eam
774 3590 1034 3645 divinitus
1082 3591 1222 3645 linea
1273 3592 1528 3646 tenditur.
1573 3593 1708 3660 Quia
1750 3603 1808 3648 ut
1848 3604 2034 3649 nostra

454 3695 617 3750 Opera
647 3680 730 3734 vel
758 3681 968 3735 minora
1000 3681 1403 3751 proliciant,vel
1433 3681 1637 3751 majora
1668 3684 2029 3750 moderentur,

458 3786 556 3840 per
594 3786 748 3825 sacra
790 3772 1001 3841 eloquia
1051 3771 1264 3827 subtilis
1291 3781 1416 3827 ante
1446 3787 1545 3827 nos
1576 3780 1887 3827 sanctorum
1922 3774 2033 3828 vita

458 3863 822 3930 expanditur;
874 3870 930 3916 et
977 3864 1105 3930 quid
1154 3864 1309 3918 nobis
1354 3873 1725 3934 quantumque
1767 3865 2034 3936 agendum

456 3953 562 4017 sit,
592 3961 811 4007 ostensa
859 3953 1071 4007 illorum
1110 3954 1438 4010 discretione
1477 3956 1749 4011 delinitur.
1791 3958 2035 4029 Quapro-

454 4054 596 4114 pter,
627 4044 822 4099 fratres
850 4044 1181 4109 charissimi,
1214 4045 1266 4099 in
1304 4046 1451 4099 omni
1493 4047 1671 4101 studio
1711 4048 2033 4117 spiritalium

456 4136 715 4190 virtutum
744 4135 1098 4205 vosmetipsos
1125 4136 1422 4191 exercitate
1442 4177 1456 4200 ,
1484 4145 1539 4191 et
1567 4136 1801 4192 discrete
1831 4138 1882 4192 iu
1911 4154 2031 4194 om-

455 4228 614 4282 nibus
643 4226 951 4282 conservari
971 4266 986 4291 ,
1028 4226 1299 4296 negligere
1330 4226 1524 4291 nolite,
1558 4242 1657 4282 nec
1683 4243 1846 4298 supra
1878 4244 2031 4284 men-

453 4336 677 4382 suram,
729 4327 784 4373 et
830 4319 1095 4373 rationem
1144 4317 1346 4387 aliquid
1394 4333 1557 4387 agere
1606 4320 1919 4375 assuescite.
1972 4322 2031 4376 1n

2145 1860 2306 1933 Spem
2357 1870 2591 1916 vestram
2641 1861 2693 1919 in
2740 1861 2908 1916 Deum
2958 1861 3134 1931 ﬁgite,
3187 1859 3410 1931 ejusque
3457 1872 3716 1932 perpetua

2143 1952 2350 2005 visione
2394 1951 2596 2021 perfrui
2641 1964 2767 2007 ante
2821 1952 3002 2006 omnia
3052 1953 3371 2008 desiderate.
3420 1952 3501 2006 Ad
3556 1968 3717 2022 quam

2141 2043 2550 2111 pervenientes,
2605 2043 2944 2098 exsultabitis
2997 2044 3181 2099 laetitia
3231 2043 3610 2105 inenarrabili.
3668 2036 3724 2099 et

2141 2132 2333 2200 adepto
2378 2147 2589 2185 summo
2635 2132 2773 2186 bono
2817 2132 2870 2186 in
2909 2141 3169 2186 arternum
3211 2148 3333 2187 cum
3377 2132 3581 2186 sanctis
3619 2147 3720 2186 an-

2141 2220 2272 2291 gelis
2326 2221 2669 2292 gaudebitis:
2726 2231 3017 2291 praestante
3070 2223 3293 2277 Domino
3348 2231 3531 2277 nostro
3584 2219 3716 2277 Jesu

2140 2312 2387 2378 Christo,
2430 2314 2520 2382 qui
2562 2313 2693 2367 vivit
2732 2323 2787 2368 et
2831 2322 3021 2382 regnat
3066 2328 3187 2367 cum
3235 2312 3393 2367 Patre
3428 2320 3483 2366 et
3514 2311 3722 2380 Spiritu

2139 2412 2327 2458 sancto
2369 2419 2507 2459 unus
2546 2402 2727 2467 Deus,
2768 2419 2864 2473 per
2907 2403 3087 2457 ontnia
3136 2402 3330 2457 satcula
3373 2401 3718 2458 saeculorum.

2139 2495 2333 2552 Amen.

2213 2586 2231 2655 (
2256 2584 2387 2651 Ome
2420 2596 2708 2655 sequuntur
2740 2584 2969 2639 Itomilia:
3001 2600 3101 2637 non
3132 2594 3291 2655 erant
3310 2594 3501 2638 nolatw
3539 2586 3592 2638 in
3631 2585 3719 2639 iu-

2140 2654 2251 2709 dice
2279 2654 2614 2709 homilidrum
2643 2672 2661 2708 :
2703 2655 3051 2724 sequebantur
3077 2664 3249 2707 tamen
3278 2654 3331 2706 in
3362 2655 3724 2724 ntqnuscripta

2137 2725 2455 2794 exemplari,
2505 2734 2553 2779 et
2599 2721 2820 2792 fortasse
2852 2722 3059 2777 Βιώηηὶ
3098 2740 3201 2777 non
3241 2733 3381 2777 sunt.
3430 2721 3562 2777 Vide
3612 2721 3724 2777 Pa-

2139 2795 2371 2849 melium.
2396 2796 2416 2866 )

2686 2916 2966 2973 ilOMlLlA
3001 2915 3162 2971 LXV.

2371 3048 2422 3087 ιιι
2454 3045 2723 3087 ιιοιιιειιαιε
2752 3044 2940 3084 ιιιειιυε
2967 3042 3180 3092 QUANDO
3204 3041 3481 3083 VOLUERIS.

2207 3143 2448 3213 Oportet,
2474 3141 2808 3197 dilectissimi
2840 3139 3057 3205 fratres,
3084 3139 3378 3209 unicuique
3399 3137 3718 3192 Christiano

2139 3234 2368 3288 libenter
2389 3233 2698 3287 auscultare
2724 3245 2936 3285 sacram
2967 3227 3303 3299 Scripturam
3320 3269 3335 3293 ,
3362 3228 3728 3285 auscultatam

2137 3323 2391 3378 libentius
2432 3322 2640 3376 audire.
2682 3319 2818 3387 Quia
2859 3328 2990 3374 tunc
3038 3318 3257 3389 prolicit
3287 3318 3493 3373 homini
3523 3319 3729 3374 audire

2137 3414 2301 3468 verba
2341 3413 2521 3468 divina
2542 3452 2556 3477 ,
2588 3412 2633 3467 si
2664 3427 2765 3466 vox
2799 3409 3145 3480 praedicantis
3174 3409 3231 3464 in
3261 3424 3393 3463 aure
3418 3408 3597 3463 cordis
3637 3409 3728 3463 in-

2138 3502 2338 3573 figitur.
2382 3502 2517 3569 Quia
2563 3516 2666 3555 non
2709 3500 2985 3553 auditores
3028 3506 3236 3551 tantum
3267 3497 3414 3552 verbi
3449 3495 3729 3565 justifica-

2135 3595 2356 3658 buntur,
2402 3593 2493 3649 sed
2537 3592 2772 3647 factores
2812 3589 3009 3662 (Rom.
3042 3590 3150 3661 ιι).
3194 3590 3459 3661 Ideoque,
3503 3589 3727 3645 charis-

2135 3684 2292 3747 simi,
2324 3683 2504 3737 audite
2537 3682 2762 3736 verbum
2792 3680 3041 3745 Domini,
3075 3689 3133 3735 et
3158 3678 3443 3749 intelligite
3470 3686 3526 3732 et
3554 3676 3727 3733 facite

2136 3776 2316 3832 omnia
2347 3774 2597 3829 mandata
2627 3771 2874 3837 Domini;
2902 3770 3277 3826 convertimini
3303 3769 3369 3825 ad
3396 3768 3683 3823 Dominum
3703 3808 3724 3832 ,

2135 3873 2193 3919 et
2231 3864 2373 3935 agite
2411 3863 2821 3933 pmnitentiam,
2855 3870 2914 3915 ut
2942 3861 3228 3916 deleantur
3257 3868 3439 3916 vestra
3468 3870 3721 3930 peccata.

2138 3956 2349 4011 Timete
2387 3956 2672 4010 Dominmu
2696 3996 2711 4020 ,
2755 3963 2812 4009 et
2852 3955 2977 4011 date
3017 3954 3092 4009 illi
3135 3955 3430 4019 honorem,
3460 3955 3726 4023 quoniam

2136 4049 2286 4103 venit
2317 4046 2580 4117 judicium
2608 4046 2760 4115 ejus,
2792 4055 2850 4102 et
2878 4047 2994 4116 ipse
3015 4045 3282 4116 judicabit
3309 4047 3557 4103 omnibus
3586 4063 3727 4118 gen-

2136 4139 2300 4194 tibus.
2340 4139 2598 4194 Amemus
2633 4140 2803 4194 Deunt
2842 4137 3059 4193 Patrem
3112 4138 3569 4209 omnipotentem,
3622 4141 3725 4208 qui

2136 4228 2191 4284 in
2231 4229 2369 4284 caelo
2397 4237 2451 4284 et
2480 4230 2534 4283 in
2566 4238 2708 4284 terra
2742 4228 2906 4284 habet
2935 4236 3285 4297 potestatem,
3322 4229 3375 4283 in
3409 4228 3544 4283 mari
3575 4237 3629 4282 et
3660 4229 3727 4285 in

2135 4325 2385 4379 omnibus
2413 4340 2531 4394 qua:
2561 4324 2615 4379 in
2643 4324 2724 4380 eis
2752 4332 2915 4390 sunt;
2946 4324 3265 4381 festinemus
3303 4325 3370 4379 ad
3417 4324 3559 4379 illam
3589 4324 3730 4380 bea-

453 4410 718 4481 meiPili
763 4410 911 4464 enim
958 4408 1147 4479 Pedem
1195 4406 1453 4478 Ροιτίϐίιν
1506 4407 1599 4477 (illi
1654 4423 2030 4464 mensurarum
2056 4438 2109 4498 Ι)
2136 4424 2243 4470 tam
2274 4415 2439 4469 vitam
2471 4416 2560 4471 ubi
2590 4430 2806 4486 semper
2834 4430 3115 4485 speramus
3141 4430 3478 4485 permanere.
3522 4418 3724 4488 Despi-

455 4516 677 4557 suarum
709 4501 936 4555 limitem
966 4515 1074 4555 non
1105 4499 1351 4554 attendit.
1394 4498 1459 4553 Et
1488 4498 1803 4569 plerumque
1833 4500 2033 4555 amittit

455 4593 596 4664 quod
646 4600 891 4662 poterat,
937 4592 1029 4662 qui
1069 4592 1328 4647 audacter
1367 4606 1431 4646 ea
1460 4592 1528 4646 ad
1560 4607 1679 4661 qua:
1719 4592 2033 4663 pertingere

454 4699 563 4740 non
605 4685 777 4746 valet,
823 4682 1064 4752 arripere
1105 4682 1342 4738 festinat.
1391 4681 1526 4737 Nam
1560 4690 1616 4737 et
1658 4683 2029 4738 membrorum

453 4782 766 4830 nostrorum
812 4780 942 4827 tunc
984 4770 1299 4826 ministeriis
1344 4772 1584 4838 utimur,
1629 4788 1755 4828 eum
1805 4788 1903 4829 sua
1951 4775 2031 4829 eis

453 4864 626 4920 olIicia
684 4864 936 4919 distincte
989 4876 1288 4917 servamus.
1349 4862 1551 4917 Lucem
1603 4863 1800 4933 quippe
1858 4863 2029 4919 oculis

454 4958 758 5021 cernimus,
811 4970 996 5012 vocem
1048 4970 1181 5010 vero
1222 4955 1444 5011 auribus
1485 4955 1754 5010 audimus.
1806 4955 1864 5010 Si
1915 4958 2033 5026 quis

458 5062 637 5105 autem
658 5090 673 5114 ,
703 5056 910 5104 mutato
948 5048 1163 5126 ordine,
1194 5048 1311 5103 voci
1350 5048 1567 5112 oculos,
1597 5047 1702 5101 luci
1742 5063 1902 5103 aures
1932 5064 2029 5103 ac-

453 5141 792 5205 commodet,
836 5140 961 5196 huic
998 5149 1228 5209 utraque
1264 5140 1537 5195 incassum
1580 5148 1784 5210 patent.
1825 5138 1881 5194 Si
1908 5140 2032 5209 quis

452 5239 648 5293 odores
679 5235 804 5291 velit
831 5248 927 5289 ore
965 5234 1309 5296 discernere,
1348 5246 1570 5301 sapores
1610 5247 1743 5286 nare
1783 5240 2029 5303 gustare,

452 5330 735 5398 utriusque
762 5340 955 5380 sensus
977 5325 1049 5379 ibi
1078 5323 1599 5391 ministerium,quia
1631 5322 1909 5392 pervertit,
1946 5322 2029 5376 in-

453 5421 675 5476 terimit.
714 5420 846 5472 Dum
876 5417 1020 5472 enim
1051 5416 1286 5486 propriis
1316 5416 1431 5470 lucc
1459 5415 1646 5469 usibus
1684 5431 1791 5469 non
1836 5424 2030 5485 aptan-

454 5521 565 5577 tur,
602 5522 656 5569 et
682 5526 779 5568 sua
807 5507 981 5565 ofﬁcia
1012 5509 1297 5573 deserunt,
1330 5515 1385 5562 et
1415 5506 1483 5561 ad
1510 5516 1768 5561 extranea
1801 5521 1904 5560 non
1938 5521 2028 5561 as-

454 5613 699 5674 surgunt.
729 5605 873 5659 Bene
902 5604 1081 5671 itaque
1112 5600 1277 5655 David
1306 5601 1451 5654 intra
1477 5606 1730 5667 acceptas
1754 5614 1818 5652 ex
1846 5598 2026 5653 divina

455 5691 706 5763 largitate
747 5707 1060 5760 mensuras,
1104 5691 1292 5762 pedem
1337 5690 1518 5747 cordis
1559 5697 1862 5757 presserat,
1906 5705 2029 5746 cum

2135 4506 2340 4561 ciamus
2371 4507 2525 4560 istam
2558 4506 2725 4560 vitam
2757 4506 3096 4561 terrestrium
3116 4547 3132 4571 ,
3163 4508 3612 4576 concupiscamus
3652 4508 3729 4563 il-

2134 4594 2242 4648 lam
2289 4594 2455 4649 vitam
2493 4594 2816 4649 caelestium.
2859 4594 2965 4649 ista
3003 4594 3111 4648 vita
3152 4604 3239 4650 est
3281 4596 3479 4651 misera
3522 4604 3579 4650 ct
3621 4597 3729 4652 de-

2132 4695 2289 4758 cepta
2326 4694 2382 4741 et
2418 4686 2916 4755 eoncupiscentiosa
2938 4725 2954 4750 ,
2984 4686 3069 4742 vel
3095 4686 3253 4756 plena
3284 4688 3554 4742 scandulis
3579 4706 3593 4741 :
3625 4688 3732 4746 hic

2133 4778 2188 4832 in
2219 4777 2405 4833 labore
2439 4777 2700 4841 vivimus,
2730 4786 2786 4831 et
2816 4778 2870 4831 in
2902 4776 3089 4832 dolore
3118 4778 3421 4843 morimur;
3456 4778 3556 4831 ista
3601 4779 3731 4835 vita

2136 4865 2296 4920 finem
2342 4865 2536 4930 habet,
2580 4880 2804 4935 regnum
2847 4864 2941 4921 Dei
2985 4864 3145 4919 finem
3192 4880 3298 4918 non
3344 4864 3526 4919 habet.
3561 4854 3769 4922 Unde-

2135 4955 2536 5010 consideremus
2580 4955 2969 5023 nosmetipsos.
3016 4955 3141 5023 quia
3183 4970 3289 5008 non
3334 4955 3535 5010 scimus
3569 4955 3736 5011 diem

2138 5061 2312 5115 neque
2339 5047 2529 5100 horam
2560 5046 2774 5113 quando
2797 5045 3058 5100 Dominus
3079 5056 3265 5101 noster
3285 5045 3443 5101 Jcsus
3463 5045 3735 5105 Christus

2136 5138 2242 5192 erit
2266 5146 2524 5191 venturus
2551 5136 2616 5190 ad
2641 5134 2927 5203 judicium.
2962 5135 3018 5190 lu
3045 5136 3133 5190 die
3172 5136 3263 5190 illa
3302 5137 3484 5191 veniet
3521 5135 3726 5192 Domi-

2139 5244 2241 5283 nus
2287 5229 2352 5283 de
2396 5227 2551 5282 caelus
2589 5243 2711 5281 cum
2750 5227 2958 5297 angelis
2987 5234 3046 5282 et
3076 5242 3199 5282 cum
3229 5227 3483 5283 omnibus
3509 5228 3741 5285 sanctis

2134 5322 2251 5392 ejus
2298 5321 2364 5374 ad
2407 5318 2758 5387 judicandum
2806 5333 2994 5375 omnes
3099 5326 3328 5387 genteS.
3424 5327 3482 5371 et
3524 5316 3746 5376 reddet

2134 5412 2422 5482 unicuique
2470 5411 2767 5464 secundum
2820 5424 2985 5474 opera
3044 5424 3165 5462 sua.
3219 5409 3456 5473 Idcirco,
3514 5404 3746 5467 fratres

2133 5505 2276 5568 mei,
2310 5512 2593 5558 teneamus
2639 5500 2761 5555 illas
2804 5500 3064 5562 virtutes,
3113 5514 3233 5568 qua:
3280 5499 3514 5552 maxima
3562 5497 3745 5557 lucra

2131 5595 2417 5653 conferunt
2444 5591 2726 5645 animabus
2752 5588 2976 5644 nostris.
3023 5587 3116 5642 Ha:
3159 5595 3286 5641 sunt
3326 5585 3552 5639 virtutes
3596 5587 3704 5640 ani

2135 5703 2375 5753 marum,
2407 5683 2631 5753 diligere
2671 5682 2842 5737 Deum
2869 5688 2923 5736 ct
2951 5679 3292 5751 proximum,
3333 5686 3389 5732 et
3428 5676 3582 5731 odire
3621 5673 3747 5741 illa
