4040 6188
308 312 415 367 £35
1277 317 1583 375 llOMlLIZE
1628 321 1714 375 DE
1752 321 1994 378 FESTIS
2031 324 2440 395 PRA‘ICIPUIS,
2481 329 2634 386 ETC.
3470 338 3573 395 126

306 442 427 496 qum
458 440 560 480 non
587 426 763 500 diligit
789 428 936 485 Deus
961 448 975 484 :
1004 433 1319 502 patientiam
1351 436 1544 489 sectari
1571 443 1624 489 et
1651 435 1717 489 ab
1744 436 1888 490 omni
1920 440 1966 498 A
1994 448 2192 507 potest;
2220 441 2454 497 invocate
2490 461 2627 511 eum,
2656 446 2780 499 dum
2805 464 2961 519 prope
2984 461 3078 505 est.
3109 450 3440 522 Derelinquat
3470 456 3571 509 im-

307 518 643 588 impatientia
676 520 985 589 declinare;
1016 525 1322 578 castitatem
1351 528 1597 595 corporis
1622 536 1677 582 et
1703 528 1895 583 animae
1995 531 2112 599 pius
2149 531 2285 584 viam
2306 547 2473 595 suam,
2500 536 2640 589 etvir
2658 536 2868 607 iniquus
2893 518 3227 609 cogitationes
3265 559 3388 599 suos
3412 547 3577 613 pessi-

306 602 621 674 custodire;
667 624 869 667 vanam
910 613 1137 683 gloriam
1180 623 1562 680 contemnere,
1611 626 1665 671 et
1713 618 1892 672 omnia

305 697 509 751 mihiea
553 697 816 764 calcare;
866 701 1227 758 humilitatem
1280 704 1479 760 habere
1521 716 1578 760 et
1625 713 1891 762 tumorem

305 787 572 857 superbia:
603 790 909 847 abominari
945 811 957 846 :
990 794 1129 849 iram
1157 797 1413 850 cohibere
1443 806 1500 851 et
1528 796 1765 852 furorem
1807 812 1893 852 re-

302 877 585 946 primere;
619 879 689 933 ab
716 881 867 936 omni
896 883 1125 938 stultitia
1164 885 1438 940 declinare.
1478 895 1533 942 et
1570 888 1890 958 sapientiam

301 967 543 1022 divinam
592 970 888 1040 amplecti,
946 989 1011 1028 ac
1060 990 1274 1030 omnem
1324 977 1658 1033 voluntatem
1709 980 1890 1036 carnis

301 1055 576 1124 subjicere
603 1063 772 1116 menti
802 1080 816 1117 :
849 1064 1133 1121 avaritiam
1164 1083 1417 1137 spernere
1446 1080 1500 1125 et
1530 1071 1747 1141 prepria
1779 1071 1888 1125 lar-

299 1150 403 1218 giri
439 1168 452 1202 :
482 1150 731 1206 caelestia
762 1155 927 1210 rebus
957 1158 1190 1213 terrenis
1230 1174 1580 1230 prteponere;
1624 1162 1888 1231 judicium

297 1237 395 1292 Dei
428 1241 517 1295 die
550 1253 825 1314 noctuque
857 1247 1155 1317 impensius
1185 1252 1433 1306 meditari
1466 1271 1479 1306 :
1510 1255 1593 1308 lue
1623 1266 1751 1311 sunt
1777 1257 1887 1311 vir-

299 1339 445 1385 tutes
487 1333 688 1388 animae
708 1376 722 1400 ,
754 1338 896 1392 unde
928 1340 1106 1394 omnis
1139 1340 1344 1397 fructus
1372 1345 1628 1413 spiritalis
1659 1348 1883 1403 orietur.

297 1420 443 1475 Deus
487 1423 633 1476 enim
679 1439 783 1479 non
835 1440 894 1480 se
938 1428 1051 1483 vult
1094 1432 1276 1486 verbis
1318 1442 1524 1488 tantum
1566 1436 1748 1507 diligi,
1789 1437 1885 1493 sed

293 1515 460 1568 corde
483 1530 623 1584 puro
649 1525 704 1570 et
725 1519 980 1587 operibus
1000 1518 1183 1590 justis.
1215 1523 1315 1590 Qui
1345 1526 1490 1579 enim
1516 1525 1681 1580 dicit:
1712 1528 1883 1598 Diligo

294 1607 499 1672 Deum,
531 1619 590 1665 et
630 1612 882 1667 mandata
923 1615 1042 1685 ejus
1078 1632 1184 1670 non
1216 1619 1482 1684 custodit,
1516 1620 1747 1675 mendax
1775 1630 1878 1677 est.

294 1697 439 1753 Deus
467 1700 617 1753 enim
647 1717 754 1755 non
782 1702 999 1787 auditor
1025 1706 1311 1761 verborum
1335 1748 1349 1771 ,
1381 1708 1473 1763 sed
1500 1710 1682 1764 cordis
1711 1710 1884 1779 inspe-

1996 634 2114 674 mas
2135 618 2268 691 (Ira.
2290 620 2398 691 LV).
2442 623 2574 690 Quia
2599 626 2675 680 sic
2698 635 2778 680 est
2802 628 2909 681 vita
2942 629 3041 683 ista
3063 633 3215 700 quasi
3241 634 3313 687 sit
3334 634 3495 690 homo
3522 636 3575 690 in

1995 708 2153 762 domo
2176 708 2350 763 aliena
2381 729 2394 764 :
2423 713 2598 767 nescit
2635 729 2743 782 quo
2766 716 2853 769 die
2870 717 2955 771 vel
2980 733 3083 787 qua
3108 720 3240 775 hora
3263 722 3477 778 dicatur
3495 725 3569 791 ei,

1998 798 2126 852 Veni
2149 798 2314 865 foras,
2338 802 2460 869 quia
2485 818 2590 858 non
2616 815 2702 858 est
2722 813 2812 859 tua
2835 807 3024 863 domus
3056 825 3107 863 ιιι
3134 826 3239 880 qua
3265 826 3325 867 es
3348 830 3362 864 :
3386 814 3464 868 sic
3488 814 3574 868 in-

1994 890 2240 958 cognitus
2262 899 2344 945 est
2372 892 2525 945 nobis
2549 893 2671 947 [luis
2695 904 2899 949 noster.
2946 896 3068 951 Ideo
3106 900 3456 957 admonemus
3478 918 3572 957 vos

1992 987 2049 1030 ut
2072 981 2214 1047 quod
2235 982 2558 1050 promisistis
2582 984 2637 1038 in
2662 986 2932 1054 baptismo
2952 997 3076 1043 ante
3097 1000 3440 1060 conspectum
3467 994 3562 1049 Dei

1989 1070 2075 1123 vel
2101 1072 2432 1141 angelorum,
2460 1076 2603 1129 nulla
2640 1078 2712 1132 sit
2741 1079 3100 1149 negligentia;
3145 1090 3200 1136 et
3224 1084 3268 1137 si
3294 1083 3408 1153 jam
3445 1085 3566 1153 fuit,

1991 1171 2273 1217 snecurrat
2314 1167 2652 1233 poenitentia.
2712 1168 2827 1224 Duo
2870 1180 2995 1226 sunt
3036 1187 3156 1242 qua:
3192 1176 3555 1243 promisistis:

1988 1265 2176 1318 unum,
2205 1255 2426 1309 credere
2469 1271 2565 1310 vos
2606 1257 2657 1310 in
2692 1257 2860 1313 Deum
2884 1259 3097 1316 Patrem
3141 1264 3566 1332 omnipotentem

1988 1350 2043 1398 et
2086 1344 2137 1397 in
2171 1343 2355 1399 Iesum
2389 1345 2662 1402 Christum
2696 1348 2890 1403 Filium
2929 1365 3077 1418 ejus,
3119 1361 3173 1406 et
3218 1354 3271 1407 in
3307 1355 3565 1425 Spiritum

1987 1442 2263 1498 sanctum;
2309 1435 2556 1501 alterum,
2583 1439 2910 1505 promisistis
2949 1442 3333 1498 abrenuntiare
3357 1446 3569 1502 diabolo

1984 1532 2039 1575 et
2058 1524 2305 1578 omnibus
2328 1525 2582 1593 operibus
2607 1526 2742 1593 ejus.
2768 1530 2823 1582 lu
2850 1530 2934 1584 bis
2956 1531 3208 1586 brevibus
3229 1536 3568 1592 sermonibus

1984 1613 2149 1667 multa
2190 1622 2312 1667 sunt
2352 1631 2473 1684 qua:
2513 1618 2877 1672 continentur.
2925 1620 3015 1675 llic
3058 1621 3404 1679 abrenuntiat
3449 1626 3566 1681 dia-

1982 1704 2162 1759 bolum
2201 1716 2254 1759 et
2291 1722 2453 1777 opera
2501 1705 2645 1775 ejus,
2695 1711 2786 1779 qui
2827 1710 2959 1780 fugit
3000 1715 3303 1769 criminalia
3343 1725 3562 1785 precata

289 1801 413 1846 ςιοτ
442 1802 521 1848 εει
547 1836 562 1858 ,
592 1804 648 1850 ει
676 1796 851 1866 diligi;
878 1782 973 1853 ξοδ
1002 1801 1094 1871 qui
1134 1801 1186 1854 in
1218 1802 1564 1872 simplicitate
1591 1804 1770 1858 cordis
1800 1804 1882 1858 di-
1914 1782 1956 1841 Β
1983 1811 2102 1865 qua:
2129 1809 2376 1867 mergunt
2418 1799 2663 1855 homines
2702 1801 2753 1855 in
2793 1804 3111 1873 supplicium
3154 1814 3436 1872 mteruum,
3462 1810 3564 1865 hoc

288 1882 474 1951 ligunt
514 1884 690 1940 illum.
733 1884 831 1942 His
868 1890 1034 1943 etiam
1071 1892 1396 1960 supradictis
1433 1894 1724 1949 virtutibus
1766 1896 1881 1950 anis

291 1992 537 2041 marum,
568 1977 764 2034 fratres
790 1983 931 2047 mei,
954 1991 1080 2037 sunt
1104 1985 1349 2054 quadam
1378 1986 1504 2040 vitia
1536 1987 1878 2042 adversantia

287 2087 410 2140 qua:
438 2073 715 2143 prodeunt
741 2091 805 2129 ex
838 2077 1021 2131 radice
1051 2077 1384 2146 iniquitatis,
1429 2087 1589 2149 atque
1630 2088 1879 2150 mergunt

287 2163 545 2219 homines
594 2165 650 2219 iu
700 2175 923 2235 puteum
972 2169 1200 2235 inferni,
1241 2173 1679 2241 perpetrantibus
1719 2185 1785 2228 ca‘
1824 2182 1880 2228 et

287 2270 394 2308 non
428 2257 866 2312 cmendantibus.
902 2259 1027 2315 Haec
1056 2271 1180 2317 sunt
1208 2264 1412 2318 ventris
1442 2264 1734 2335 ingluvies,
1769 2267 1877 2321 for-

286 2347 524 2410 nicatio,
551 2349 781 2403 avaritia
799 2390 814 2413 ,
845 2351 925 2404 ira
946 2392 960 2416 ,
989 2368 1125 2406 vana
1152 2352 1319 2423 gloria
1341 2395 1355 2419 ,
1383 2355 1651 2424 superbia.
1683 2357 1761 2410 Ex
1792 2357 1876 2414 his

284 2448 589 2494 nascuntur
617 2444 1074 2507 comessationes,
1111 2447 1405 2502 ebrietates
1425 2489 1439 2513 ,
1471 2448 1621 2503 locus
1651 2450 1875 2506 inhone-

283 2539 401 2583 stus
448 2529 661 2603 (Forte,
710 2532 918 2589 lucrmn
966 2537 1391 2611 inhonestum),
1443 2542 1870 2612 stultiloquium,

282 2621 662 2688 metulacimn,
696 2621 873 2687 furta,
902 2625 1167 2696 periuria,
1204 2629 1374 2699 turpis
1403 2630 1538 2685 lucri
1570 2634 1884 2703 appetitus,-

283 2709 416 2764 falsa
462 2713 808 2777 testimonia,
854 2715 1257 2783 inhumanitas,
1304 2722 1605 2789 rapacitas,
1647 2725 1875 2780 homici-

278 2802 367 2855 dia
386 2843 399 2856 .
428 2803 765 2880 inimicitiae,
794 2810 1199 2873 contentiones,
1228 2812 1470 2880 invidiae,
1502 2816 1833 2886 impatientia
1853 2860 1869 2886 ,

282 2890 617 2962 indignatio,
649 2904 1020 2967 contemptus,
1054 2900 1417 2957 inobedientia
1437 2944 1452 2967 ,
1486 2907 1866 2975 murmuratio,

279 2981 566 3037 detractio.
600 2981 682 3037 Ab
712 2985 799 3040 bis
827 2987 992 3041 etiam
1023 2989 1168 3044 vitiis
1200 2999 1254 3045 et
1282 2992 1351 3046 ab
1389 2992 1509 3048 aliis
1546 3010 1865 3063 caveamus,

278 3081 333 3124 et
363 3073 705 3141 declinemus
735 3076 803 3129 ab
832 3076 944 3141 eis,
977 3086 1031 3151 et
1063 3078 1241 3134 inania
1270 3083 1620 3139 emendemus
1651 3085 1705 3139 in
1747 3100 1863 3140 me-

1981 1894 2085 1951 est,
2130 1888 2500 1958 sacrilegium,
2546 1891 2921 1957 homicidium,
2972 1897 3319 1964 adulterium,
3366 1900 3560 1956 fulSUIII

1984 1977 2378 2042 testimonium,
2434 1982 2670 2046 furtmn,
2716 1984 2993 2052 rapinam,
3047 1989 3373 2056 superbiam,
3420 1990 3561 2045 invi-

1979 2067 2144 2133 diam,
2187 2070 2492 2134 avaritiam,
2536 2072 2909 2141 cupiditatem,
2953 2075 3310 2141 iracundiam,
3347 2093 3560 2133 comes-

1979 2160 2266 2223 sationem,
2303 2163 2622 2217 ebrietatem
2647 2172 2701 2218 et
2731 2164 2958 2235 reliqua,
2985 2168 3109 2236 quia
3153 2184 3258 2223 non
3303 2172 3562 2225 mentitur

1977 2263 2195 2308 sanctus
2217 2254 2503 2323 Apostolus
2529 2257 2714 2312 dicens
2741 2275 2753 2310 :
2787 2259 2968 2329 Neque
2996 2261 3189 2316 ebriosi
3223 2278 3435 2334 regnum
3464 2264 3559 2318 Dei

1974 2344 2306 2411 possidebunt
2346 2344 2397 2416 (I
2423 2344 2548 2399 Cor.
2596 2347 2693 2418 vr).
2742 2348 2975 2404 Proinde
3033 2367 3191 2407 nemo
3229 2366 3291 2408 se
3328 2355 3558 2410 circum-

1975 2432 2174 2485 veniat.
2228 2432 2542 2503 Quicunque
2583 2436 2849 2499 ebriosus,
2893 2453 2991 2507 pro
3033 2440 3145 2508 ipsa
3192 2442 3481 2509 ebrietate,
3509 2445 3557 2498 si

1973 2522 2341 2590 paenitentiam
2385 2541 2489 2579 non
2522 2526 2692 2596 egerit
2730 2536 2787 2581 et
2820 2542 2989 2597 usque
3022 2528 3089 2582 ad
3125 2539 3355 2586 mortem
3400 2548 3553 2587 suam

1972 2614 2025 2668 in
2061 2614 2172 2683 ipsa
2202 2616 2465 2670 ebrietate
2489 2617 2766 2682 manserit,
2799 2619 2850 2671 in
2878 2628 3141 2673 aeternum
3172 2620 3388 2690 peribit,
3419 2631 3474 2677 et
3499 2625 3554 2677 in
3604 2658 3613 2665 -

1971 2717 2229 2776 perpetua
2279 2705 2495 2761 ﬂamma
2550 2709 2666 2763 sine
2704 2708 2810 2762 fine
2852 2710 3082 2764 ardebit.
3134 2710 3396 2768 Similiter
3442 2728 3557 2769 me-

1973 2797 2230 2851 tuendqu
2273 2806 2357 2852 est
2393 2798 2786 2869 jurameutum,
2836 2800 2959 2869 quia
2992 2816 3091 2871 per
3118 2800 3378 2872 Spiritum
3428 2819 3554 2859 san-

1968 2894 2113 2940 ctum
2143 2887 2344 2942 dictum
2374 2897 2452 2943 est
2491 2889 2541 2943 in
2570 2905 2726 2944 sacra
2749 2890 3026 2961 Scriptura
3053 2908 3067 2948 :
3102 2891 3188 2947 Vir
3218 2894 3440 2949 multum
3459 2897 3555 2967 ju-

1968 2993 2092 3031 rrms
2114 2977 2413 3048 implebitur
2431 2978 2704 3051 iniquitate
2728 2979 2917 3052 (Eccli.
2945 2983 3123 3053 χχιιι).
3154 2982 3289 3051 Quia
3318 2986 3550 3055 quicun-

1967 3081 2072 3136 que
2098 3066 2575 3137 perjuramentum
2625 3068 2833 3141 [Forte,
2883 3071 3202 3145 perjurium]
3255 3073 3463 3141 fecerit,
3497 3084 3552 3132 et

279 3162 382 3218 ιίηε
408 3166 554 3235 quod
584 3167 924 3237 negligenter
955 3146 1327 3240 peccavimus,
1357 3190 1425 3229 ne
1455 3176 1636 3231 subito
1660 3192 1864 3248 ρηοε,
1891 3145 1935 3205 C
1968 3158 2013 3212 si
2049 3159 2197 3248 vivat
2226 3174 2473 3229 corpore,
2506 3170 2684 3215 tamen
2735 3171 2982 3218 mortuus
3012 3172 3096 3219 est
3138 3165 3191 3219 in
3235 3166 3435 3221 anima.
3485 3168 3552 3222 Et

278 3257 454 3324 cupati
495 3255 589 3312 die
629 3260 823 3314 mortis
846 3301 861 3326 ,
902 3276 1208 3330 quatramus
1238 3266 1469 3334 spatium
1501 3269 1860 3338 paenitentiae,

279 3357 333 3401 et
363 3348 615 3405 invenire
665 3367 771 3406 non
816 3355 1105 3422 possimus.
1160 3356 1480 3413 Meditemur
1526 3362 1864 3431 supradictas

278 3440 504 3497 virtutes
526 3441 753 3515 jugiter,
794 3450 1069 3516 operando
1089 3488 1104 3514 ,
1145 3450 1483 3516 confitendo,
1515 3454 1860 3522 paenitendo,

279 3536 501 3591 assidue
528 3538 598 3592 ad
628 3537 914 3594 ecclesiam
956 3541 1254 3608 veniendo,
1285 3545 1520 3609 orando,
1552 3545 1823 3616 vigilando
1844 3588 1859 3610 ,

278 3626 683 3697 eleemosynam
730 3627 1024 3700 largiendo.
1078 3631 1203 3688 Ilzec
1251 3633 1578 3691 facientibus
1605 3637 1715 3690 vita
1759 3638 1862 3693 erit

275 3726 514 3773 uerna.
554 3727 615 3774 et
654 3720 1026 3790 ingrediantur
1067 3724 1132 3779 ad
1171 3725 1300 3780 illud
1334 3743 1589 3798 regnum,
1622 3730 1711 3784 ubi
1745 3730 1859 3785 Rex

279 3824 463 3879 regum
478 3820 565 3865 est
584 3819 635 3865 et
669 3812 930 3867 Dominus
948 3814 1339 3871 dominantium
1365 3836 1378 3869 :
1411 3819 1500 3873 ubi
1524 3818 1611 3872 lux
1637 3820 1754 3875 sine
1783 3830 1861 3875 te-

278 3902 458 3957 nebris
475 3913 582 3968 est,
606 3904 717 3958 vita
747 3906 864 3959 sine
896 3915 1090 3971 morte,
1122 3907 1308 3963 laetitia
1339 3910 1456 3965 sine
1487 3910 1708 3966 tristitia
1728 3954 1743 3979 ,
1774 3929 1862 3968 sa-

278 3994 423 4048 nitas
451 3996 572 4050 sine
598 3995 823 4060 dolore;
855 3997 942 4051 ubi
978 4014 1136 4054 nemo
1164 4001 1335 4055 esurit
1364 4015 1538 4072 neque
1567 4003 1682 4058 sitit
1706 4021 1720 4068 ;
1765 4004 1855 4059 ubi

277 4094 403 4139 sunt
442 4087 652 4156 majora
689 4096 746 4140 et
788 4087 1010 4142 meliora
1041 4090 1178 4144 bona
1219 4092 1480 4162 spiritalia
1512 4110 1634 4163 quze
1674 4094 1853 4166 lingua

276 4176 506 4230 humana
537 4192 799 4233 enarrare
827 4195 932 4232 non
965 4181 1163 4250 possit,
1195 4198 1315 4251 qua:
1351 4187 1677 4254 praeparavit
1718 4186 1857 4243 Deus

276 4267 621 4337 diligentibus
650 4285 710 4324 se
733 4288 747 4323 :
780 4270 919 4341 quod
943 4272 1121 4327 oculus
1148 4292 1250 4328 non
1280 4276 1405 4330 vidit
1424 4317 1439 4341 ,
1467 4295 1559 4332 nec
1584 4279 1729 4334 auris
1754 4297 1855 4334 au-

273 4357 433 4420 diuit,
478 4374 573 4412 nec
614 4358 669 4412 in
715 4375 807 4411 cor
854 4360 1077 4415 hominis
1104 4364 1335 4417 ascendit
1366 4364 1385 4435 (
1410 4365 1438 4418 1
1465 4365 1588 4421 Cor.
1615 4383 1653 4423 ιι
1774 4369 1853 4423 Ad

274 4445 377 4500 hoc
413 4464 671 4515 regnum,
719 4448 1008 4516 adiuvante
1052 4452 1279 4507 Domino
1322 4453 1600 4512 Salvatore
1644 4466 1846 4523 nostro,

271 4539 678 4607 perveniemus.
709 4548 769 4593 ut
795 4555 919 4594 cum
962 4540 1053 4595 illo
1096 4557 1383 4612 reguemus
1427 4548 1479 4600 in
1520 4548 1849 4620 sempiterna

269 4626 484 4682 secula.
516 4628 709 4683 Amen.

802 4721 1082 4778 HOMILIA
1132 4725 1314 4781 LXVI.

766 4830 898 4869 ιτεκ
964 4832 1100 4871 UNDE
1165 4833 1223 4873 Si]
1233 4835 1328 4873 PBA
1339 4858 1352 4872 .

334 4903 557 4967 Audite,
618 4904 816 4962 fratres
861 4908 1196 4971 charissimi,
1268 4912 1539 4980 quomodo
1595 4928 1846 4982 magnum

261 4995 564 5062 periculum
595 5005 679 5050 est
714 4998 1086 5053 sacerdotibus
1117 4998 1340 5064 Christi,
1381 5002 1433 5055 id
1467 5011 1551 5057 est
1583 5003 1852 5073 episcopis

264 5095 322 5138 et
339 5086 690 5157 presbyteris.
716 5089 808 5158 qui
842 5104 948 5144 non
982 5092 1306 5148 aununtiant
1324 5094 1477 5151 vobis
1503 5111 1622 5165 qua:
1652 5094 1850 5161 facere,

262 5191 385 5245 quae
420 5178 597 5233 vitare
637 5180 919 5234 debeatis:
946 5181 1069 5250 quia
1116 5182 1159 5235 si
1206 5198 1302 5237 nos
1343 5200 1451 5238 non
1497 5185 1852 5241 auuuntiave-

261 5265 452 5331 rimus,
489 5276 550 5321 ut
583 5269 872 5339 eorrigatis
905 5274 1261 5341 vosmetipsos
1293 5274 1361 5327 ab
1389 5275 1643 5343 operibus
1675 5276 1847 5339 malis,

258 5370 363 5412 tun
412 5357 464 5413 in
506 5359 595 5413 die
628 5360 820 5430 judicii
870 5361 1133 5416 rationem
1195 5362 1455 5417 reddituri
1508 5365 1710 5420 erimus
1751 5382 1848 5435 pro

254 5447 429 5505 Vobis.
472 5450 540 5505 Et
573 5451 619 5506 si
661 5453 1033 5522 unusquisque
1070 5469 1170 5523 pro
1203 5469 1300 5509 suo
1321 5465 1542 5525 peccato
1570 5456 1654 5509 vix
1678 5456 1851 5526 possit

256 5554 467 5608 pineam
513 5542 781 5607 evadere,
827 5543 956 5613 quid
1014 5545 1080 5599 de
1125 5547 1497 5602 sacerdotibus
1536 5548 1679 5602 erit?
1721 5550 1847 5619 quia

254 5634 405 5689 nobis
446 5634 771 5689 mandatum
795 5643 879 5689 est
904 5642 961 5687 ut
983 5636 1133 5689 vobis
1166 5638 1547 5693 annmitiemus
1577 5639 1693 5695 sine
1733 5654 1848 5695 ces-

255 5724 480 5792 satione,
518 5725 808 5780 dicentes:
846 5723 1077 5789 Quwrite
1112 5726 1419 5793 Dominum,
1459 5732 1583 5783 dunt
1626 5733 1847 5786 inrcuiri

1968 3247 2275 3318 quicunque
2312 3249 2367 3303 in
2396 3264 2455 3303 se
2482 3250 2567 3304 vel
2606 3265 2773 3304 unum
2800 3252 2866 3306 de
2906 3252 3025 3308 istis
3060 3254 3295 3323 peccatis
3346 3254 3547 3310 habere

1966 3336 2275 3406 cognoscit,
2326 3337 2430 3391 nisi
2481 3337 2797 3407 paenitentia
2845 3339 2894 3394 ci
2945 3341 3277 3408 subvenerit,
3326 3358 3549 3414 regnum

1966 3426 2224 3481 cmlorum
2255 3429 2456 3483 habere
2487 3444 2593 3484 non
2621 3439 2817 3502 potest.
2872 3432 2977 3488 Sed
3012 3434 3058 3490 si
3088 3436 3335 3492 volumus
3358 3453 3544 3495 veram

1964 3518 2205 3574 invenire
2230 3529 2573 3590 peccatorum
2605 3532 2916 3580 nostrorum
2958 3527 3350 3594 remissionem,
3383 3531 3547 3586 done-

1964 3626 2086 3665 mus
2112 3626 2295 3667 veram
2337 3612 2729 3670 confessionem
2766 3630 2832 3671 ex
2871 3624 2984 3671 toto
3018 3618 3180 3673 corde
3206 3634 3328 3673 cum
3372 3619 3533 3691 Περι-γυ

1964 3703 2087 3765 mis,
2112 3702 2238 3771 quia
2267 3702 2517 3774 lacrymre
2546 3705 2921 3773 ptenitentium
2961 3708 3100 3774 apud
3130 3707 3417 3763 Dominum
3447 3725 3547 3780 pro

1962 3792 2284 3861 baptismate
2312 3793 2658 3863 deputantur,
2692 3795 2816 3864 quia
2862 3795 3003 3850 nulla
3038 3805 3143 3851 tam
3173 3799 3353 3868 gravis
3385 3800 3543 3869 culpa

1959 3891 2042 3935 est
2066 3898 2183 3951 quae
2209 3897 2305 3952 per
2331 3884 2705 3954 ptenitentiam
2737 3886 2903 3941 deleri
2932 3903 3039 3941 non
3067 3888 3255 3957 possit.
3287 3888 3543 3955 Proinde,

1962 3971 2318 4038 dilectissimi,
2360 3973 2612 4029 redimite
2656 3977 2868 4030 animas
2908 3986 3121 4034 vestras
3158 3979 3224 4034 de
3265 3995 3425 4050 paena
3466 3980 3540 4036 in-

1960 4062 2096 4117 ferni
2126 4064 2252 4117 dum
2282 4065 2334 4118 in
2365 4066 2468 4120 bac
2497 4066 2603 4120 vita
2636 4067 2834 4132 vivitis,
2866 4068 2989 4136 quia
3018 4080 3140 4139 post
3167 4078 3396 4125 mortem
3428 4073 3536 4127 nul-

1960 4155 2044 4210 lus
2081 4171 2177 4212 vos
2211 4158 2465 4223 redimet,
2508 4158 2554 4212 si
2584 4159 2650 4213 de
2680 4159 2784 4215 hoc
2824 4160 3022 4216 saeculo
3049 4162 3165 4217 sine
3208 4162 3545 4220 confessione

1959 4257 2013 4302 et
2040 4249 2358 4318 poenitentia
2392 4250 2588 4304 mortui
2628 4250 2856 4306 fueritis.
2887 4250 3127 4320 Agamus
3147 4253 3541 4321 paenitentiam,

1957 4349 2012 4395 et
2046 4340 2442 4411 eleemosynam
2482 4358 2768 4409 erogemus
2809 4344 3140 4413 pauperibus
3178 4343 3244 4398 de
3274 4342 3423 4411 justo
3463 4344 3542 4399 la-

1957 4432 2088 4486 bore
2133 4434 2430 4502 aequisitis,
2462 4436 2587 4504 quia
2622 4434 2767 4490 'sieut
2800 4450 2939 4503 aqua
2990 4435 3284 4503 exstinguit
3336 4435 3540 4505 ignem,

1880 4513 1927 4573 D
1957 4525 2027 4577 ita
2055 4524 2391 4596 eleemosyna
2423 4526 2719 4596 exstinguit
2747 4533 3029 4595 peccatum
3054 4524 3245 4597 (Eccli.
3277 4525 3382 4598 ιιι).
3410 4526 3543 4581 Dili-

1953 4633 2142 4687 gamus
2169 4617 2336 4672 Demu
2366 4633 2434 4672 ex
2465 4627 2578 4672 tuto
2609 4618 2790 4683 corde,
2821 4625 2878 4671 et
2901 4633 2966 4672 ex
3011 4626 3123 4673 tota
3151 4619 3355 4686 anima,
3388 4627 3444 4675 et
3471 4634 3542 4676 ex

1954 4716 2063 4762 tota
2095 4708 2315 4773 virtute,
2340 4718 2397 4763 et
2417 4723 2484 4763 ex
2519 4718 2627 4763 tota
2654 4717 2864 4775 mente;
2889 4709 3080 4764 deinde
3117 4710 3393 4781 proximos
3427 4711 3539 4767 sic-

1953 4807 2011 4852 ut
2044 4801 2405 4868 nosmetipsos
2433 4798 2735 4868 diligamus,
2774 4797 2878 4853 boe
2917 4807 3001 4853 est
3025 4799 3320 4854 maximum
3347 4808 3402 4855 et
3427 4803 3541 4872 pri-

1955 4903 2099 4941 mum
2148 4889 2460 4942 mandatum
2507 4886 2731 4941 Christi.
2788 4887 2857 4942 Et
2883 4886 3165 4943 observate
3198 4887 3539 4946 Dominicqu

1953 4978 2121 5041 diem,
2161 4987 2220 5032 ut
2251 4978 2454 5032 nullum
2486 4977 2681 5033 servile
2715 4993 2852 5047 Opus
2886 4979 2938 5031 in
2968 4993 3035 5033 eo
3063 4977 3300 5045 faciatis,
3330 4981 3454 5050 quia
3483 4981 3537 5036 in

1953 5088 2021 5125 co
2047 5072 2189 5125 Deus
2242 5071 2415 5125 lucem
2465 5069 2704 5124 condidit
2738 5087 2752 5126 :
2791 5070 2844 5124 in
2895 5085 2961 5125 eo
3008 5087 3208 5126 manna
3257 5070 3313 5126 iu
3353 5086 3538 5127 eremo

1953 5161 2125 5231 pluit;
2154 5162 2205 5214 in
2236 5176 2302 5215 eo
2334 5161 2659 5230 Redemptor
2686 5160 2908 5215 humani
2956 5162 3173 5231 generis
3208 5171 3398 5234 Sponte
3440 5177 3536 5231 pro

1953 5254 2128 5306 salute
2159 5263 2339 5306 nostra
2385 5267 2414 5305 a
2457 5252 2684 5307 mortuis
2728 5253 3057 5317 resurrexit;
3096 5252 3149 5307 in
3176 5267 3242 5308 eo
3270 5252 3536 5323 Spiritum

1954 5352 2204 5399 sanctmn
2250 5359 2412 5412 super
2440 5342 2729 5413 discipulos
2767 5342 2978 5398 infudit.
3016 5343 3189 5397 Tanta
3218 5343 3378 5398 debet
3413 5355 3535 5396 esse

1949 5435 2294 5491 observantia
2323 5444 2403 5500 ut,
2452 5442 2651 5504 praeter
2696 5434 2972 5489 orationes
3019 5442 3076 5488 et
3122 5434 3405 5488 missarum
3449 5445 3535 5485 su-

1949 5527 2167 5590 lemnia,
2213 5535 2271 5580 et
2310 5541 2373 5580 ea
2416 5541 2536 5596 qu:e
2572 5525 2640 5579 ad
2680 5525 3003 5580 vescendum
3050 5522 3348 5592 pertinent,
3397 5519 3534 5578 nihil

1950 5618 2093 5672 aliud
2109 5615 2339 5672 faciatis-
2354 5616 2488 5670 Nam
2518 5624 2573 5671 et
2612 5615 2656 5671 si
2695 5614 2996 5670 necessitas
3043 5611 3205 5665 fuerit
3244 5608 3529 5678 navigandi

1950 5709 2062 5764 sive
2103 5706 2424 5774 itincrandi,
2455 5706 2673 5763 licentia
2705 5704 2882 5771 datur,
2915 5704 2988 5759 ita
3027 5700 3291 5755 duntaxat
3326 5707 3387 5754 ut
3426 5697 3532 5755 hac
