4040 6188
503 216 600 272 1'37

1143 217 1201 272 ιι.
1244 217 1494 272 uanam
1534 201 1750 274 illium
1789 217 2056 274 ARClllEl

2160 216 2456 274 MOGUNT.
2499 217 2782 274 OPERUM
2821 217 3000 272 PARS
3038 217 3097 272 Il.
3648 221 3728 280 ΙΞὸ

494 329 781 385 occasione
822 327 1000 385 missa:
1033 337 1088 384 et
1113 329 1386 385 orationes
1425 343 1530 382 non
1569 326 2068 396 prmtermittantur.
2101 327 2147 384 Α
2178 324 2268 378 ubi
2315 334 2398 379 est
2433 339 2595 380 omne
2632 325 2830 379 malum
2877 335 2932 380 et
2972 325 3174 378 nullum
3219 325 3418 379 bonum
3451 327 3534 381 bis
3565 330 3648 397 qui
3682 343 3730 383 se

495 418 564 474 Et
591 419 978 490 unusquisque,
1010 434 1331 488 quacunque
1375 427 1495 472 arte
1520 418 1662 473 Deus
1689 417 1764 471 illi
1793 416 2076 472 donaverit

492 511 636 565 unde
671 513 1016 582 semetipsum
1046 525 1268 580 pascere
1301 510 1384 566 vel
1413 510 1611 566 vestire
1641 517 1840 580 potest,
1865 509 1931 564 de
1960 511 2072 582 ipsa

493 600 757 670 particula
796 616 894 671 pro
931 601 1300 671 redemptione
1327 600 1523 656 anima:
1551 616 1661 656 sua:
1689 601 1851 656 donet
1887 602 1954 656 ad
1978 617 2070 656 ec-

494 691 714 746 clesiam
743 693 828 748 vel
861 693 1184 762 pauperibus
1209 693 1473 748 decimam
1501 693 1637 763 ejus.
1687 692 1754 746 Et
1791 693 1920 747 illud
1948 709 2071 748 cer-

495 783 700 839 tissime
730 785 930 840 credite
956 785 1098 854 quod
1127 785 1306 841 omnis
1332 785 1514 849 homo,
1544 785 1790 854 quamvis
1821 793 2074 855 peccator

493 875 584 940 sit,
621 877 866 945 quamvis
898 876 1244 940 criminosus,
1263 877 1354 946 qui
1396 876 1536 930 mala
1565 884 1690 932 ante
1723 885 2073 947 perpetrave-

493 973 596 1030 rat,
627 973 682 1020 et
707 965 754 1020 si
781 965 1151 1038 eleemosynas
1189 964 1390 1028 fecerit,
1435 975 1490 1020 et
1530 965 1585 1020 in
1621 966 1760 1021 bona
1798 965 2072 1021 voluntate

489 1068 636 1110 mors
668 1055 817 1110 illum
861 1056 1146 1120 invenerit,
1181 1071 1457 1124 nunquam
1487 1056 1778 1112 descendet
1821 1057 1874 1110 in
1908 1055 2068 1110 infer-

487 1158 636 1208 num,
679 1143 773 1199 sed
815 1143 884 1199 ab
912 1143 1116 1215 angelis
1153 1144 1397 1199 elevatur
1445 1145 1500 1199 iu
1545 1143 1717 1199 cmlis.
1775 1143 2070 1214 Propterea

487 1231 746 1290 festinare
777 1235 1036 1290 debemus
1059 1235 1173 1306 jam
1203 1235 1496 1291 emendare
1525 1245 1710 1290 nostra
1739 1245 1982 1305 peccata,
2013 1241 2072 1289 ut

489 1325 633 1395 quod
663 1333 822 1380 antea
859 1325 999 1379 male
1041 1325 1265 1380 fecimus
1295 1323 1610 1388 defleamus,
1639 1334 1697 1380 et
1733 1325 1960 1380 ulterius
1990 1325 2070 1380 fa-

487 1429 612 1470 cere
651 1414 965 1471 desinamus
1001 1415 1166 1484 :quia
1207 1431 1313 1470 non
1357 1415 1596 1484 requiret
1621 1415 1762 1470 Deus
1789 1415 1974 1485 quales
2000 1417 2068 1472 ab

485 1503 641 1558 initio
687 1503 908 1570 fuimus,
951 1506 1044 1561 sed
1084 1505 1270 1574 quales
1309 1505 1452 1562 circa
1493 1506 1656 1561 linem
1695 1515 1940 1562 nostrum
1986 1509 2066 1562 in-

483 1594 630 1648 venti
655 1593 936 1650 fuerimus.
964 1595 1118 1662 Quod
1149 1595 1262 1665 ipse
1290 1596 1357 1651 ad
1384 1611 1540 1650 suum
1568 1611 1792 1667 regnum
1823 1613 1920 1653 nos
1946 1612 2067 1668 per-

2175 416 2464 471 emendare
2496 415 2801 471 noluerunt.
2835 415 2942 470 Sed
2981 425 3156 470 tamen
3188 419 3252 471 de
3279 416 3490 470 Domini
3538 419 3729 474 miscri-

2175 503 2355 560 cordia
2394 503 2572 559 nullus
2599 503 2835 570 diliidat,
2877 506 3002 576 quia
3047 506 3159 574 ipse
3193 505 3449 562 Dominus
3493 523 3590 577 per
3615 508 3731 565 Eze-

2175 596 2398 651 chielem
2439 598 2755 669 prepbctam
2795 599 2870 652 ait
2901 616 2914 652 :
2951 598 3007 652 In
3037 614 3360 669 quacunque
3389 599 3474 654 die
3499 609 3729 671 peccator

2173 703 2467 743 conversus
2503 687 2665 743 fuerit
2690 688 2758 743 ab
2783 688 3041 758 iujustitia
3069 705 3188 754 sua,
3218 674 3407 744 omnes
3436 691 3730 761 iniquitates

2172 775 2288 845 ejus
2339 777 2395 832 in
2433 777 2700 834 oblivione
2742 788 2903 833 erunt
2939 795 3122 834 coram
3157 796 3243 834 me.
3285 779 3500 851 (Ezcclt.
3535 783 3727 854 xxxiii).

2171 867 2422 938 Ideoque,
2451 869 2807 936 dilectissimi,
2838 869 3156 926 festinemus
3189 870 3560 940 derelinquere
3591 889 3733 929 omne

2170 959 2406 1026 malum,
2452 969 2508 1016 et
2557 961 2908 1016 emendemus
2955 976 3086 1026 nos,
3135 969 3190 1016 et
3237 961 3496 1017 faciamus
3537 979 3732 1018 onmem

2169 1052 2497 1108 voluntatem
2531 1051 2766 1108 Domini.
2823 1053 3094 1125 Imprimis
3147 1063 3427 1110 teneamus
3468 1054 3623 1110 fidem
3661 1071 3735 1111 re-

2169 1150 2334 1206 ctam,
2361 1151 2416 1196 et
2441 1142 2724 1215 diligamus
2745 1143 3030 1198 Dominum
3061 1153 3175 1199 toto
3200 1145 3380 1210 corde,
3409 1153 3518 1200 tota
3547 1156 3731 1213 mente,

2171 1240 2282 1286 tota
2331 1231 2570 1298 virtute;
2620 1232 2814 1288 deinde
2870 1234 3142 1304 proximos
3209 1243 3429 1308 nostros
3486 1243 3730 1305 tauquam

2170 1321 2548 1390 nosmetipsos.
2602 1321 2910 1378 Ilabeamus
2959 1323 3010 1378 in
3052 1325 3205 1379 nobis
3243 1326 3486 1380 timorem
3519 1327 3730 1389 Domini,

2168 1409 2550 1476 humilitatem,
2582 1413 2922 1475 charitatem,
2973 1429 3157 1484 pacem
3188 1431 3311 1469 cum
3347 1416 3616 1480 omnibus,
3655 1418 3738 1472 be-

2170 1504 2506 1574 nignitatem,
2532 1507 2873 1576 patientiam,
2905 1508 3241 1574 modestiam,
3261 1507 3390 1577 justi
3421 1510 3545 1574 iam,
3577 1511 3736 1564 conti-

2168 1596 2429 1662 nentiam,
2460 1597 2907 1654 misericordiam.
2947 1599 3071 1655 Ilzec
3096 1609 3221 1654 sunt
3248 1615 3410 1669 opera
3445 1601 3736 1654 misericor-

481 1684 666 1750 ducat,
713 1685 801 1740 cui
837 1693 920 1741 est
962 1686 1152 1751 honor,
1183 1685 1376 1757 gloria,
1408 1687 1582 1743 virtus
1617 1696 1672 1742 et
1719 1696 1975 1758 potestas,
2007 1690 2062 1744 in
2094 1681 2138 1740 Β
2166 1685 2268 1741 dite
2306 1702 2320 1740 :
2363 1687 2726 1742 esurientibus
2773 1688 2954 1743 cibum
3000 1689 3128 1743 dare
3143 1711 3170 1751 ,ο
3208 1689 3514 1744 sitientibus
3536 1700 3732 1760 potum,

487 1777 686 1832 srecula
719 1778 1064 1834 saeculorum.
1095 1778 1288 1834 Amen.

1005 1887 1288 1944 HOMILIA
1328 1887 1534 1944 LXVII.

996 1973 1125 2014 ITEI
1176 1975 1313 2015 ωιυε
1363 1976 1530 2016 SUPBA
1539 2000 1552 2014 .

547 2045 926 2112 Dilectissimi,
959 2057 1174 2118 oportet
1201 2051 1356 2106 vobis
1393 2065 1650 2108 enarrare
1677 2053 1819 2122 quod
1845 2069 1942 2124 per
1977 2069 2062 2110 sa-

475 2150 602 2193 cras
625 2137 938 2208 Scripturas
979 2140 1286 2196 didicimus.
1329 2141 1462 2196 Illud
1494 2149 1674 2198 tamen
1708 2145 1848 2200 scire
1889 2153 1944 2201 et
1981 2146 2062 2200 in-

478 2227 720 2301 telligere
749 2231 976 2296 debetis,
1017 2231 1282 2302 imprimis
1321 2240 1379 2287 ut
1408 2234 1642 2289 credatis
1671 2235 1725 2289 in
1757 2236 1922 2290 Deum
1955 2235 2060 2291 Pa-

477 2327 616 2375 trem
663 2321 1110 2392 omnipotentem,
1151 2331 1206 2378 et
1250 2322 1304 2378 in
1341 2321 1525 2378 Jcsum
1555 2325 1828 2380 Christum
1865 2326 2059 2383 Filium

473 2410 609 2482 ejus,
635 2421 692 2466 ct
721 2412 774 2467 in
803 2411 1066 2484 Spiritum
1097 2423 1343 2469 sanctum
1374 2432 1386 2468 :
1421 2415 1475 2469 in
1505 2415 1589 2470 his
1619 2417 1791 2473 tribus
1816 2421 2062 2489 personis

477 2512 532 2559 et
561 2505 872 2562 nominibus
905 2506 1192 2562 credamus
1238 2521 1404 2561 unum
1436 2508 1602 2562 Deum
1631 2507 1847 2563 Patrem
1883 2512 2060 2566 omni-

471 2607 789 2669 potentem,
857 2610 1160 2658 creatorem
1209 2602 1332 2658 cmli
1384 2613 1441 2658 et
1497 2613 1700 2670 terrae,
1762 2605 2056 2660 visibilium

469 2691 713 2746 omnimn
749 2700 806 2746 et
844 2692 1216 2758 invisibilium,
1265 2695 1368 2750 hoc
1404 2703 1490 2750 est
1515 2696 1750 2750 Verbum
1783 2695 1874 2750 Dei
1915 2697 2058 2765 quod

473 2781 849 2851 praedicamus.
891 2783 1027 2850 Quia
1065 2783 1110 2838 si
1148 2783 1501 2839 confiteamur
1531 2784 1584 2838 in
1612 2798 1708 2838 ore
1745 2792 1930 2840 nostro
1958 2785 2057 2839 Do-

473 2869 681 2925 minum
707 2868 916 2937 Iesum,
951 2879 1007 2926 et
1040 2874 1203 2928 corde
1250 2881 1438 2929 nostro
1480 2873 1894 2940 crediderimus,
1924 2875 2056 2930 salvi

473 2961 700 3016 erimus.
756 2960 912 3018 Unde
948 2971 1002 3018 et
1045 2964 1354 3018 misericors
1385 2963 1644 3020 Dominus
1681 2980 1780 3019 nos
1819 2980 1916 3034 per
1941 2964 2056 3019 .Ioel

471 3052 796 3122 prophetam
839 3054 1160 3108 exhortatur
1205 3065 1522 3110 convertere
1570 3056 1636 3111 de
1678 3056 1916 3126 peccatis
1957 3072 2056 3110 uo-

467 3143 621 3209 stris,
647 3143 832 3200 dicens
855 3161 869 3198 :
894 3145 1261 3200 Convertimim'
1283 3146 1350 3200 ad
1373 3165 1456 3201 me
1479 3148 1533 3202 in
1559 3157 1664 3202 toto
1689 3149 1843 3202 corde
1867 3158 2049 3212 vestro,

467 3232 526 3288 in
561 3233 792 3304 jejunio,
837 3245 884 3289 et
913 3237 1056 3305 ﬂetu,
1106 3246 1154 3290 et
1181 3236 1396 3306 planctu
1431 3236 1588 3309 (Joel.
1614 3237 1710 3306 ιι);
1751 3239 1880 3308 quia
1931 3238 2054 3294 uolo

469 3331 696 3377 mortem
745 3333 1112 3394 peccatorum,
1139 3325 1234 3380 sed
1263 3335 1320 3380 ut
1359 3334 1746 3382 convertantur
1790 3337 1842 3384 et
1871 3329 2057 3385 vivant

471 3415 692 3488 (Exerit.
724 3416 940 3490 χχχιιι).
989 3418 1056 3472 Et
1083 3419 1278 3473 iterum
1309 3420 1568 3476 Dominus
1611 3437 1709 3492 per
1739 3421 2052 3492 prophetam

472 3507 586 3562 ait:
617 3505 795 3564 Nolite
837 3509 1048 3563 tardare
1083 3511 1323 3566 converti
1363 3511 1428 3566 de
1465 3513 1703 3580 peccatis
1741 3514 1970 3579 vestris,
1998 3523 2056 3568 et

471 3613 540 3650 ne
561 3597 822 3654 dilferatis
842 3599 908 3654 de
937 3599 1024 3655 die
1064 3599 1116 3653 in
1145 3600 1284 3656 diem
1315 3600 1507 3672 (Ereti.
1537 3601 1614 3673 v),
1651 3603 1777 3673 quia
1805 3603 1929 3658 finis
1957 3619 2052 3659 no-

470 3697 584 3743 ster
611 3697 667 3744 et
699 3705 844 3744 mors
879 3706 986 3746 non
1008 3692 1226 3755 ,tardat.
1276 3691 1399 3748 [huc
1439 3693 1585 3748 enim
1635 3703 1762 3749 sunt
1802 3695 2051 3764 capitalia

467 3787 687 3847 peccata
717 3781 783 3833 de
805 3780 1002 3848 quibus
1043 3796 1142 3836 nos
1171 3793 1489 3839 convertere
1541 3785 1858 3852 debeamus,
1889 3785 1941 3840 id
1969 3797 2052 3842 est

478 3869 754 3937 superbia,
787 3869 1009 3932 invidia,
1042 3870 1352 3936 homicidia,
1407 3874 1688 3948 multiplex
1741 3875 2050 3943 fornicatiu,

467 3957 614 4026 quod
658 3971 760 4027 per
803 3957 984 4011 omnia
1031 3972 1288 4013 enarrare
1333 3961 1575 4017 illicitum
1620 3972 1741 4018 est:
1773 3965 1937 4033 furta,
1967 3984 2052 4022 ra-

413 4097 418 4102 .
467 4047 617 4118 pina,
646 4047 781 4102 falsa
826 4048 1153 4115 testimonia,
1182 4049 1496 4120 periurium,
1528 4053 1814 4118 detractio,
1845 4056 2052 4124 cupidi-

465 4146 574 4201 tas,
614 4152 753 4192 vana
796 4137 986 4208 gloria,
1029 4137 1226 4208 injusta
1273 4141 1446 4208 lucra,
1484 4145 1798 4212 ebrietates,
1844 4160 2054 4202 comes-

461 4230 726 4296 sationes,
753 4230 1117 4302 sacrilegium,
1148 4233 1290 4303 quod
1315 4241 1400 4288 est
1421 4235 1602 4290 omnis
1631 4236 1843 4292 cultura
1875 4238 2049 4294 idolo-

465 4337 584 4377 rum
623 4329 678 4376 et
703 4321 1114 4387 dtemoniorum,
1144 4323 1198 4378 id
1226 4332 1329 4388 est,
1357 4325 1606 4394 auguria,
1638 4334 1693 4381 et
1723 4328 1815 4396 qui
1857 4329 2047 4384 immo-

465 4411 581 4467 lant
617 4413 686 4466 ad
713 4423 919 4482 petras,
945 4415 1029 4470 vel
1066 4415 1134 4470 ad
1164 4415 1408 4483 arbores,
1454 4419 1568 4473 sive
1608 4419 1678 4474 ad
1721 4418 1924 4487 fontes,
1954 4432 2048 4478 aut

467 4502 870 4560 incantationes
919 4521 1014 4561 seu
1063 4509 1422 4566 divinationes
1468 4510 1704 4577 faciunt,
1735 4522 1790 4568 et
1815 4513 2042 4585 reliqua.

468 4595 596 4650 Ilarc
641 4604 766 4650 sunt
801 4612 965 4666 opera
993 4597 1223 4666 Satanae,
1257 4601 1456 4673 quibus
1481 4603 1865 4660 abrenuntiant
1889 4605 2049 4662 Chri-

465 4685 630 4740 stiani
659 4686 712 4740 in
739 4687 1026 4757 baptismo.
1060 4688 1184 4746 Ilzec
1208 4707 1372 4761 opera
1397 4694 1640 4750 diabolus
1665 4695 1720 4750 in
1747 4695 1834 4752 die
1861 4699 2050 4754 mortis

464 4787 667 4832 nostra:
698 4779 750 4832 in
781 4781 936 4835 nobis
965 4783 1211 4852 requirit.
1245 4785 1311 4838 Et
1335 4786 1380 4841 si
1405 4785 1494 4842 ille
1520 4788 1773 4858 antiquus
1796 4790 1968 4846 hostis
1991 4792 2046 4845 in

466 4866 556 4920 die
588 4867 767 4923 exitus
794 4869 967 4924 nostri
1003 4871 1270 4926 invenerit
1320 4890 1444 4931 reos
1473 4884 1527 4932 et
1572 4877 1944 4934 inemendatos
1979 4881 2047 4935 de

466 4959 794 5026 supradictis
835 4961 1106 5030 operibus,
1149 4975 1274 5019 tunc
1319 4968 1486 5022 trahit
1518 4983 1618 5024 nos
1657 4983 1841 5026 secum
1876 4972 2048 5028 nudos

464 5055 520 5102 et
545 5047 732 5103 flentes
762 5049 815 5103 in
846 5049 1114 5105 infernum
1143 5061 1198 5107 et
1223 5053 1277 5108 in
1305 5064 1536 5111 aeternas
1566 5073 1774 5127 pinnas,
1803 5061 1891 5114 ubi
1921 5071 2047 5115 sunt

464 5138 702 5194 tenebrze
721 5139 838 5194 sine
860 5139 1003 5205 luce,
1027 5141 1116 5196 ubi
1145 5151 1228 5196 est
1257 5143 1395 5214 ignis
1421 5147 1512 5215 qui
1543 5163 1815 5218 utinquam
1842 5150 2047 5205 exstin-

463 5229 676 5302 guitur,
720 5231 808 5285 ubi
853 5240 980 5286 sunt
1016 5247 1227 5289 vermes
1261 5235 1350 5304 qui
1399 5253 1674 5307 nunquam
1706 5240 2042 5296 moriuntur:

464 5320 557 5374 ubi
589 5335 748 5376 aures
777 5321 912 5376 nihil
945 5323 1199 5390 audiunt,
1245 5325 1346 5380 nisi
1378 5325 1580 5382 luctum
1616 5337 1671 5383 et
1705 5330 1961 5399 gemitum
1991 5341 2046 5387 et

463 5409 723 5466 stridores
759 5411 1034 5478 dentium;
1077 5413 1165 5467 ubi
1201 5416 1448 5470 esuriunt
1486 5425 1540 5471 et
1578 5417 1768 5472 sitiunt
1802 5421 1854 5474 in
1888 5429 2045 5476 aeter-

463 5511 616 5564 num,
645 5502 736 5562 qui
777 5504 862 5558 hic
890 5519 986 5573 per
1011 5505 1294 5560 avaritiam
1335 5507 1567 5574 illm'um,
1598 5511 1960 5566 esurientibus
1988 5523 2043 5567 et

463 5589 769 5648 sitientibus
799 5595 1030 5661 miseris,
1069 5597 1246 5652 cibum
1277 5606 1330 5651 et
1358 5585 1541 5668 potum
1567 5599 1691 5655 dare
1723 5599 2034 5656 uoluerunt:

2167 1776 2370 1830 nudum
2398 1777 2620 1844 vestire,
2659 1777 2903 1833 infirmos
2943 1786 2997 1832 et
3029 1779 3082 1833 iu
3112 1794 3333 1834 carcere
3377 1779 3588 1835 clausos
3613 1781 3735 1836 visi-

2165 1875 2282 1922 tare
2317 1876 2372 1922 et
2408 1867 2512 1922 illis
2543 1868 2870 1932 ministrare,
2905 1869 3142 1938 hospites
3185 1869 3498 1940 peregrinos
3527 1879 3583 1926 et
3610 1888 3736 1942 pau-

2163 1972 2322 2028 peres
2350 1957 2656 2028 suscipere,
2683 1957 2948 2026 justitiam
2989 1959 3246 2025 laudare,
3285 1960 3618 2030 iniquitatem
3649 1961 3740 2015 de-

2163 2047 2368 2113 testari,
2396 2047 2586 2102 viduas
2613 2056 2665 2104 et
2695 2050 2964 2118 orphanos
2989 2051 3265 2119 adjuvare,
3289 2051 3654 2122 eleemosynas
3685 2052 3740 2106 iu

2162 2152 2424 2208 pauperes
2471 2139 2684 2208 partiri,
2738 2141 3008 2197 tribulatis
3051 2142 3321 2206 auxiliari,
3371 2151 3612 2198 mortuos
3651 2159 3738 2198 se-

2159 2227 2354 2298 pelire,
2387 2227 2626 2283 decimas
2654 2229 2720 2284 de
2755 2229 3006 2285 omnibus
3046 2232 3208 2286 rebus
3258 2230 3504 2296 reddere,
3533 2247 3748 2303 semper

2159 2332 2340 2383 orare,
2371 2319 2678 2373 castitatem
2711 2325 2954 2388 corporis
2980 2329 3036 2375 et
3066 2321 3260 2375 animm
3287 2321 3578 2386 custodire,
3604 2321 3746 2394 jeju—

2159 2405 2308 2460 nium
2335 2422 2538 2473 amare,
2571 2407 2964 2464 confessionem
2995 2418 3050 2464 et
3076 2411 3451 2478 pmniteutiam
3493 2421 3748 2482 peccato-

2159 2511 2279 2550 rum
2331 2511 2543 2568 semper
2583 2513 2761 2568 agere,
2799 2510 2854 2554 et
2888 2500 3274 2569 indulgentiam
3317 2502 3570 2557 omnibus
3611 2518 3742 2575 pec-

2158 2589 2405 2645 cantibus
2439 2590 2491 2644 in
2521 2605 2580 2646 se
2609 2590 2790 2647 facere
2805 2609 2824 2655 ;·
2850 2600 2906 2647 et
2934 2593 3302 2665 unusquisque
3325 2594 3468 2663 quod
3497 2594 3598 2649 sibi
3630 2611 3744 2649 non

2157 2680 2292 2746 vult,
2325 2681 2416 2736 alii
2446 2697 2552 2736 non
2583 2681 2784 2737 faciat:
2833 2683 2946 2738 haec
2985 2681 3306 2738 facientibus
3341 2698 3504 2754 regna
3541 2699 3751 2754 prmpa~

2161 2781 2352 2829 rantur
2379 2783 2612 2839 aeterna;
2650 2782 2705 2828 et
2735 2769 2988 2829 Salvator
3023 2775 3230 2840 mundi,
3264 2774 3521 2830 Dominus
3554 2785 3750 2830 uoster

2157 2865 2316 2922 Iesus
2344 2865 2614 2931 Christus,
2646 2867 2700 2921 iu
2731 2867 2816 2921 die
2839 2867 3026 2934 judieii
3061 2867 3165 2921 illis
3203 2867 3442 2921 dicturus
3463 2866 3605 2921 erit:
3641 2866 3753 2921 Ve-

2159 2957 2283 3022 nite,
2308 2957 2559 3012 benedicti
2577 2955 2754 3011 Patris
2781 2959 2904 3023 mei,
2935 2959 3180 3028 perciuitc
3209 2974 3418 3028 regnum
3441 2958 3578 3029 quod
3599 2959 3752 3015 vobis

2156 3058 2398 3119 paratum
2445 3058 2520 3102 est
2569 3049 2632 3102 ab
2683 3049 2885 3119 origine
2925 3049 3110 3103 mundi
3152 3049 3366 3120 (Matth.
3395 3049 3542 3120 xxv).
3599 3047 3755 3104 Tunc

2155 3137 2423 3210 fulgebunt
2442 3140 2575 3209 justi
2601 3140 2734 3194 sicut
2755 3139 2835 3192 sol
2863 3143 2914 3192 in
2943 3156 3096 3208 regno
3123 3137 3300 3192 Patris
3320 3155 3498 3193 eorum
3522 3138 3754 3210 (Matth.

2168 3229 2313 3302 xm)
2348 3247 2360 3283 :
2390 3230 2481 3284 ubi
2521 3239 2603 3283 est
2638 3229 2725 3282 lux
2772 3229 2890 3284 sine
2938 3230 3194 3294 tenebris,
3229 3231 3339 3283 vita
3380 3230 3498 3284 sine
3545 3239 3760 3294 morte,

2157 3319 2246 3372 ubi
2289 3326 2374 3374 est
2421 3319 2607 3374 laetitia
2653 3328 2706 3373 et
2737 3319 2988 3389 gaudium
3035 3319 3152 3372 sine
3204 3318 3331 3382 line,
3367 3319 3454 3372 ubi
3485 3317 3762 3387 juventus

2153 3409 2272 3465 beta
2306 3411 2424 3465 sine
2449 3419 2594 3464 metu
2625 3411 2937 3475 senectutis,
2955 3410 3043 3464 ubi
3071 3410 3217 3466 salus
3249 3408 3366 3465 sine
3389 3412 3751 3482 mgritudine,

2156 3501 2242 3555 ubi
2275 3503 2540 3556 securitas
2593 3504 2709 3556 sine
2744 3505 2954 3567 timore,
2983 3504 3073 3558 ubi
3105 3519 3330 3574 regnum
3381 3505 3758 3570 immutabile,

2154 3593 2244 3647 ubi
2268 3593 2524 3662 spiritalis
2553 3593 2801 3658 scientia,
2825 3603 2878 3648 et
2908 3594 3046 3649 bona
3077 3593 3343 3659 voluntas,
3369 3603 3421 3648 et
3449 3595 3760 3649 exsultatio

2154 3685 2504 3754 sempiterna,
2545 3684 2634 3738 ubi
2668 3693 2795 3739 sunt
2839 3682 3039 3753 majora
3071 3693 3124 3740 et
3154 3685 3377 3742 meliora
3408 3687 3542 3740 bona
3575 3702 3760 3755 quam

2153 3775 2331 3846 lingua
2360 3776 2592 3830 humana
2619 3791 2873 3830 enarrare
2897 3777 3068 3846 possit
3097 3793 3217 3846 quae
3249 3777 3572 3846 prmpzmtvit
3601 3778 3764 3833 Deus

2153 3867 2499 3938 diligentibus
2541 3881 2600 3921 se
2635 3865 2687 3936 (Ι
2720 3867 2842 3920 Cor.
2868 3867 2980 3941 tt):
3007 3869 3151 3938 quod
3199 3867 3354 3922 nobis
3398 3867 3766 3938 omnipotens

2154 3959 2293 4011 Deus
2329 3965 2588 4028 prmstare
2627 3957 2902 4028 dignetur,
2933 3958 3027 4028 qui
3055 3958 3186 4012 vivit
3221 3966 3275 4013 et
3313 3967 3500 4030 regnat
3536 3959 3591 4012 in
3644 3975 3768 4012 sae—

2155 4047 2272 4101 cula
2302 4049 2641 4103 smculorum.
2671 4048 2864 4102 Amen.

2673 4158 2951 4213 IIOilILIA
2993 4157 3222 4215 LXVIII.

2565 4245 2616 4283 IN
2657 4246 2871 4284 \‘IUILIIS
2910 4245 3317 4286 DEI-’UNC'I'OIlUM.

2223 4319 2489 4374 Admonet
2545 4321 2734 4377 beatus
2778 4322 3068 4393 Apostolus
3126 4323 3177 4396 (f
3209 4324 3390 4379 Thess.
3432 4324 3507 4397 tv)
3557 4335 3619 4380 ut
3679 4331 3767 4383 de

2151 4412 2561 4479 dormientibus,
2589 4416 2689 4471 hoc
2738 4425 2820 4470 est
2859 4418 3088 4473 mortuis
3127 4419 3463 4476 charissimis
3511 4423 3774 4488 nostris,

2148 4519 2254 4558 non
2285 4507 2686 4572 contristcmnr,
2731 4509 2864 4563 sicut
2901 4519 2951 4563 et
2995 4513 3169 4565 etrtcri
3207 4514 3296 4583 qui
3328 4529 3467 4582 spem
3509 4530 3622 4568 non
3659 4517 3785 4570 Im-

2149 4595 2288 4662 bcnt,
2319 4613 2468 4668 spem
2501 4600 2706 4655 scilicet
2756 4603 3169 4659 resurrectionis
3209 4617 3264 4660 et
3309 4605 3780 4676 incon-optionis

2147 4698 2382 4744 aeternae.
2415 4691 2548 4746 Nam
2579 4693 2700 4748 ideo
2723 4694 3052 4750 dormientes
3078 4712 3172 4752 eos
3197 4698 3430 4768 appellat
3452 4699 3786 4770 Scriptura

2148 4781 2520 4846 voracissima,
2551 4792 2611 4837 ut
2637 4800 2758 4839 cum
2792 4784 3122 4842 dormientes
3168 4788 3416 4843 audimus
3451 4789 3792 4858 evigilatu-

2150 4885 2257 4930 ros,
2291 4871 2512 4927 minime
2561 4873 2926 4944 desperemus.
2980 4876 3132 4931 Unde
3175 4877 3337 4932 etiam
3385 4887 3648 4933 cantatur
3702 4885 3794 4942 in

2147 4961 2388 5030 psalmo:
2419 4963 2673 5036 Nunquid
2706 4965 2796 5035 qui
2829 4964 3019 5020 dormit
3063 4984 3164 5022 non
3205 4969 3417 5040 adjiciet
3459 4979 3514 5024 ut
3557 4987 3800 5027 resur-

2147 5054 2278 5123 gat?
2313 5054 2482 5125 (Psal.
2521 5055 2632 5127 XL.)
2674 5055 2768 5110 Est
2808 5073 2934 5128 ergo
2955 5057 3022 5113 de
3063 5061 3292 5116 mortuis
3338 5061 3418 5116 eis
3458 5061 3549 5129 qui
3611 5063 3744 5119 dili

2147 5154 2346 5214 guntur
2366 5147 2608 5217 quaedam
2633 5149 2850 5204 tristitia
2867 5150 3258 5220 quodammodo
3280 5152 3560 5218 naturalis,
3589 5169 3812 5211 mor-

2153 5244 2258 5292 tem
2309 5240 2504 5309 quippe
2555 5242 2740 5295 horrct
2788 5258 2892 5296 non
2935 5243 3153 5313 opinio,
3199 5245 3294 5298 sed
3335 5254 3564 5308 natura;
3640 5259 3812 5306 nec

2152 5345 2298 5384 mors
2331 5331 2533 5384 homini
2575 5333 2856 5386 accederet
2888 5333 2988 5387 nisi
3025 5350 3088 5388 ex
3124 5350 3280 5402 ptBtla
3303 5349 3462 5404 quam
3497 5349 3820 5404 princes-

2150 5432 2296 5476 serat
2321 5423 2492 5492 culpa.
2529 5423 2865 5492 Quapropter
2905 5425 2951 5478 si
2980 5427 3254 5490 animalia,
3289 5442 3408 5497 qua:
3445 5427 3514 5481 ita
3543 5440 3812 5487 creata

2147 5521 2273 5566 sunt
2311 5523 2369 5568 ut
2425 5530 2524 5567 suo
2565 5529 2776 5582 quoque
2833 5523 3074 5585 tempore
3125 5517 3445 5581 moriantur,
3496 5529 3824 5577 morte!“

2147 5603 2375 5675 fugiunt,
2417 5604 2640 5676 diligunt
2675 5605 2858 5670 vitam,
2883 5617 3082 5676 quanto
3118 5609 3284 5679 magis
3319 5609 3500 5673 homo,
3532 5610 3633 5678 qui
3679 5615 3833 5672 sic
