4040 6188
271 296 372 352 129

1221 296 1523 353 ιιοΜιυᾸε
1547 288 1652 352 ’ΒΕ
1691 295 1932 351 FESTIS
1970 294 2377 360 Pii/ECIPUIS,
2420 293 2566 349 ETC.

3417 294 3524 356 lZ')

265 413 436 464 fuerat
470 417 690 464 creatus
731 419 829 469 ut.
868 411 913 465 si
947 412 1124 464 vivere
1163 411 1279 464 sine
1313 417 1532 479 peccato
1569 409 1842 471 voluisset,
1874 413 1916 468 Λ
1949 409 2407 478 patriarcharum,
2452 407 2785 475 aliorumque
2833 415 3163 472 sanctorum,
3193 416 3243 462 et
3275 409 3528 472 humanm

265 503 375 555 sine
419 500 654 554 termino
689 501 916 554 viveret.
969 500 1105 554 llinc
1151 499 1331 568 itaque
1387 513 1605 552 necesse
1656 509 1738 552 est
1787 508 1848 552 ut

267 589 448 644 tristes
483 590 657 643 simus
689 591 906 658 quando
944 605 1042 644 nos
1088 589 1366 647 moriendo
1423 589 1674 643 deserunt
1711 604 1847 658 quos

267 694 528 732 amamus.
573 678 709 746 Quia
751 688 806 732 et
840 679 884 732 si
936 679 1182 733 novimus
1219 693 1312 732 eos
1349 693 1452 732 non
1495 678 1545 732 in
1585 688 1844 732 teter-num

269 770 569 838 relinquere
603 785 702 824 nos
732 785 1042 835 mansuros,
1068 770 1161 824 sed
1185 769 1512 838 aliquantum
1546 771 1848 839 praecedere

267 868 570 922 secuturos,
613 866 794 913 tamen
837 875 986 913 mors
1025 860 1160 928 ipsa,
1205 874 1363 928 quam
1411 868 1599 912 natura
1631 858 1844 928 refugit,

268 965 388 1004 cum
407 960 642 1020 occupat
664 950 940 1013 dilectum,
964 951 1252 1004 contristat
1288 951 1339 1005 in
1374 951 1527 1005 nobis
1548 950 1849 1006 dilectionis

268 1042 544 1098 affectum.
575 1041 700 1096 Ideo
736 1057 842 1096 non
877 1041 1155 1096 admonuit
1179 1041 1462 1110 Apostolus
1493 1049 1551 1094 nt
1589 1057 1691 1094 non
1721 1056 1848 1095 con-

276 1133 580 1196 tristemnr,
611 1132 706 1186 sed
736 1147 841 1184 non
860 1132 994 1184 sicut
1028 1131 1204 1184 σίτωνὶ
1223 1132 1309 1202 qui
1336 1147 1477 1200 spem
1507 1147 1607 1184 non
1639 1130 1845 1184 habent.

272 1223 674 1278 Contristamur
694 1236 824 1291 ergo
839 1235 938 1276 nos
971 1221 1023 1275 in
1041 1229 1344 1275 nostrorum
1366 1221 1650 1283 mortibus,
1669 1236 1849 1275 neces-

268 1313 426 1366 sitate
471 1311 782 1376 amittendi,
811 1311 908 1364 sed
927 1325 1047 1364 cum
1071 1324 1164 1380 spe
1187 1309 1476 1378 recipiendi
1503 1328 1515 1360 :
1541 1309 1663 1362 inde
1693 1310 1839 1379 angi-

268 1417 411 1464 mur,
451 1400 580 1454 hinc
609 1399 982 1462 consolamur;
1030 1398 1154 1456 inde
1194 1397 1478 1452 infirmitas
1510 1398 1691 1456 allicit.
1724 1399 1849 1453 hinc

270 1491 402 1544 fides
453 1487 672 1551 reficit;
733 1487 858 1542 inde
906 1487 1050 1542 dolet
1103 1488 1338 1542 humana
1389 1488 1662 1553 conditio,
1726 1487 1850 1542 hinc

271 1587 427 1631 sanat
479 1577 664 1631 divina
710 1575 1016 1646 promissio.
1089 1575 1320 1630 Proinde
1370 1591 1560 1646 pompa
1621 1576 1846 1641 funeris,

269 1669 482 1740 agmina
519 1667 902 1736 exsequiarum
947 1677 1289 1736 sumptuosa,
1337 1667 1625 1736 diligentiae
1673 1666 1851 1736 sepul-

1947 497 2296 552 cadaveribus
2319 511 2763 566 quorumcunque
2781 493 3106 562 jacentium;
3147 512 3332 552 verum
3358 511 3524 556 etiam

1946 589 2000 644 in
2047 588 2214 658 ipsius
2249 587 2458 642 Domini
2516 602 2743 656 corpore
2787 587 3060 656 prmdicati
3117 598 3280 658 atque
3325 589 3525 646 laudati

1947 690 2069 734 sunt
2099 680 2188 747 qui
2229 679 2330 734 ista
2377 679 2636 733 fecerunt.
2685 675 2944 746 impleant.
2972 679 3083 732 lucc
3114 679 3360 736 homines
3393 695 3522 752 erga

1947 786 2074 824 suos
2109 768 2282 824 officia
2312 769 2566 836 postremi
2609 769 2864 832 numeris,
2898 779 2950 822 et
2985 770 3065 824 sui
3122 771 3340 824 luuuani
3387 770 3522 826 leni-

1945 869 2126 914 menta
2155 860 2421 914 mteroris.
2462 860 2654 914 Verum
2695 859 2768 912 illi
2817 859 3001 928 tttique
3033 859 3258 914 abluunt
3307 861 3528 928 spiritus

1949 951 2346 1012 defunctorum,
2364 959 2420 1003 et
2444 948 2764 1012 oblationes,
2792 949 3082 1012 orationes,
3102 950 3522 1014 obsecrationes,

1949 1041 2117 1095 multo
2141 1055 2239 1109 pro
2267 1040 2348 1094 eis
2377 1039 2753 1093 observantius
2789 1037 2887 1109 [et]
2923 1039 3282 1095 abundantius
3321 1041 3528 1110 impen-

1949 1130 2104 1194 dunt,
2139 1129 2231 1198 qui
2261 1144 2384 1182 suos
2414 1143 2605 1190 carne,
2643 1141 2748 1180 non
2778 1127 2968 1196 spiritu
3012 1137 3274 1192 mortuos,
3304 1144 3413 1184 non
3435 1143 3528 1187 so-

1950 1219 2057 1273 lum
2101 1218 2412 1283 carnaliter,
2447 1219 2540 1272 sed
2571 1216 2882 1286 spiritaliter
2909 1225 3113 1271 amant.
3149 1217 3339 1274 Amen.

2481 1327 2763 1383 NOMINA
2822 1327 3005 1382 LXIX.

1951 1434 2015 1472 DE
2053 1434 2420 1474 CELEBRITATE
2461 1434 2843 1475 DEFUNCTORCM
2884 1434 3056 1483 ATQUE
3095 1435 3530 1479 ηεευκηεετῚοκῑ

2566 1506 2916 1544 MORTUORCM.

2022 1577 2248 1644 Quando
2301 1578 2636 1635 celebramus
2685 1581 2797 1634 dies
2855 1579 3085 1636 fratrum
3135 1581 3526 1647 defunctorum,

1955 1667 2008 1720 in
2060 1677 2237 1722 mente
2289 1669 2488 1722 habere
2533 1670 2788 1724 debemus
2829 1680 2881 1724 et
2915 1673 3042 1740 quid
3089 1675 3433 1742 sperandum,
3479 1683 3536 1728 et

272 1771 436 1820 tune,
475 1761 947 1811 monumentorum
999 1757 1252 1826 Opulenta
1298 1758 1664 1820 constructio,
1708 1757 1853 1810 vivo-
1884 1751 1927 1809 Β
1956 1757 2083 1825 quid
2135 1757 2430 1811 timendum
2479 1758 2567 1811 sit.
2617 1757 2921 1812 Secundum
2972 1761 3073 1815 hoc
3115 1763 3259 1816 enim
3313 1777 3532 1830 speran-
3611 1830 3619 1836 Ν

273 1866 389 1903 rum
422 1857 552 1902 sunt
589 1847 983 1918 qualiacunque
1015 1847 1202 1903 solatia
1223 1887 1237 1912 ,
1279 1864 1382 1902 non
1414 1836 1677 1915 adjutoria
1710 1862 1856 1901 mor-

278 1953 508 1999 tuorum.
571 1938 916 1995 Orationibus
961 1954 1089 1993 vero
1137 1946 1336 1994 sanctze
1371 1937 1642 2000 Ecclesia},
1681 1947 1735 1991 et
1768 1952 1853 1992 sa~

273 2029 477 2084 criticio
510 2029 774 2092 salutari,
817 2035 870 2083 et
909 2027 1294 2098 eleemosynis,
1341 2045 1461 2096 quae
1505 2043 1603 2096 pro
1641 2027 1854 2080 illorum

274 2119 559 2190 spiritibus
604 2129 926 2188 erogantur,
965 2135 1072 2173 non
1101 2127 1185 2172 est
1219 2117 1570 2172 dubitandum
1615 2127 1858 2173 mortuos

270 2211 534 2279 adjuvari,
567 2219 628 2265 ut
653 2226 773 2264 cum
804 2211 884 2265 eis
914 2209 1315 2264 misericordius
1345 2215 1534 2280 agatur
1569 2223 1598 2262 a
1629 2208 1854 2263 Domino

271 2319 434 2372 quam
467 2317 660 2356 eorum
687 2311 909 2371 peccata
936 2309 1269 2356 meruerunt.
1305 2299 1418 2354 Hoc
1447 2300 1590 2353 enim
1629 2315 1659 2352 a
1691 2299 1856 2368 patri-

273 2393 372 2448 bus
408 2392 666 2446 traditum
703 2391 953 2446 universa
988 2392 1236 2444 observat
1262 2389 1523 2452 Ecclesia,
1551 2398 1610 2442 ut
1641 2404 1741 2458 pro
1774 2389 1856 2444 eis

274 2484 361 2553 qui
419 2483 473 2536 in
523 2481 770 2552 corporis
820 2489 875 2536 et
915 2481 1190 2552 sanguinis
1234 2481 1432 2536 Cbristi
1481 2481 1856 2536 communione

275 2570 511 2626 defuncti
554 2580 700 2636 sunt,
744 2585 866 2625 cum
907 2569 974 2626 ad
1018 2571 1192 2640 ipsum
1238 2570 1561 2626 sacriﬁcium
1602 2570 1718 2625 loco
1757 2585 1854 2626 suo

277 2669 800 2725 commemorantur,
846 2669 1050 2726 oretur,
1085 2675 1148 2716 ac
1179 2676 1277 2730 pro
1310 2661 1414 2715 illis
1442 2675 1654 2730 quoque
1685 2660 1736 2714 id
1769 2659 1855 2715 of-

276 2749 404 2806 ferri
433 2760 910 2805 commemoretur.
940 2750 1070 2804 Cum
1101 2767 1232 2806 vero
1259 2767 1447 2806 eorum
1478 2752 1857 2807 mmmendau—

277 2843 462 2895 dorum
509 2853 674 2894 causa
705 2854 868 2910 opera
919 2839 1300 2894 misericordia:
1339 2839 1697 2906 celebrantur,
1734 2840 1855 2910 quis

276 2932 350 2986 eis
379 2931 592 2986 dubitet
628 2929 910 3001 suffragari
953 2945 1049 3000 pro
1081 2931 1276 3000 quibus
1302 2931 1573 2986 orationes
1600 2931 1711 2986 Deo
1746 2948 1854 2986 non

277 3022 506 3076 inaniter
560 3021 898 3092 allegantur?
939 3019 1053 3076 Non
1099 3021 1318 3075 omnino
1363 3021 1736 3092 ambigendum
1773 3031 1856 3076 est

1954 1846 2080 1898 dum
2127 1854 2244 1912 est,
2283 1848 2410 1916 quia
2453 1849 2681 1917 pretiosa
2725 1850 2779 1902 in
2827 1862 3098 1920 conspectu
3142 1851 3349 1906 Domini
3393 1869 3533 1907 utor;

1953 1947 2252 1990 structorum
2285 1939 2400 2008 ejus
2446 1936 2616 2009 (Psal.
2642 1939 2797 2011 cxv);
2841 1942 3133 1994 secundum
3185 1943 3284 1996 hoc
3349 1954 3529 1998 autem

1955 2027 2248 2083 timendum
2317 2037 2440 2092 est,
2504 2029 2629 2099 quia
2709 2046 2848 2084 mors
2914 2041 3240 2100 peccatorum
3307 2035 3530 2102 pessimo

1955 2115 2126 2188 (Psal.
2156 2118 2386 2189 xxxiii):
2419 2120 2664 2188 ideoque,
2713 2129 2935 2190 propter
2975 2137 3146 2190 spem,
3183 2123 3237 2177 in
3271 2126 3532 2180 meritoria

1953 2217 2156 2263 aeterna
2209 2210 2314 2262 erit
2357 2208 2569 2278 justus;
2625 2221 2848 2281 propter
2906 2213 3174 2278 timorem,
3231 2217 3298 2270 ab
3351 2217 3532 2271 auditu

1955 2296 2097 2352 malo
2135 2312 2238 2352 non
2272 2298 2501 2353 timebit.
2539 2300 2654 2354 Erit
2690 2302 2832 2355 enim
2864 2303 3078 2358 auditus
3121 2319 3229 2374 quo
3264 2305 3440 2360 nullus
3465 2306 3537 2361 sit

1957 2386 2148 2456 major,
2179 2390 2396 2457 quando
2425 2389 2627 2445 dicitur
2668 2393 2903 2447 sinistris
2931 2410 2942 2446 :
2973 2393 3054 2448 Ite
3088 2395 3141 2447 in
3174 2395 3340 2466 ignem
3382 2407 3536 2451 ater-

1955 2494 2079 2531 num
2101 2477 2314 2549 (Matth.
2340 2479 2488 2551 xxv).
2537 2483 2620 2535 Ab
2649 2481 2749 2536 hoc
2792 2483 2976 2536 auditu
3025 2484 3166 2538 inalo
3204 2484 3384 2554 justus
3425 2504 3531 2543 nor.

1955 2569 2183 2633 timebit,
2227 2580 2386 2626 erunt
2437 2572 2578 2626 enim
2614 2573 2679 2626 ad
2740 2574 3038 2638 dexteram,
3087 2576 3228 2629 inter
3263 2577 3381 2632 illos
3411 2579 3530 2647 qui-

1954 2663 2055 2718 bus
2077 2664 2320 2718 dicetur:
2357 2663 2550 2728 Venite,
2580 2664 2832 2718 benedicti
2875 2663 3054 2720 Patris
3102 2668 3240 2732 mei,
3281 2670 3529 2738 percipite

1956 2767 2167 2822 regnum
2201 2753 2412 2826 (Ibid.).
2465 2753 2524 2808 lu
2577 2755 2678 2809 bac
2723 2765 2902 2809 autem
2949 2755 3080 2820 vita,
3132 2772 3236 2826 qua
3267 2759 3533 2813 mediante

1955 2857 2164 2899 summa
2193 2845 2332 2900 bona
2365 2854 2420 2900 et
2445 2853 2568 2902 ante
2596 2861 2804 2900 summa
2841 2847 2982 2901 mala
3007 2847 3243 2912 ducitur,
3274 2849 3324 2902 in
3356 2851 3532 2904 medio

1955 2935 2218 2990 bonormn
2266 2937 2637 3007 malorumque
2663 2938 2985 3004 mediorum,
3028 2939 3079 2994 id
3108 2949 3192 2994 est
3236 2941 3288 2995 in
3343 2951 3533 2996 neutra

1954 3034 2109 3094 parte
2134 3041 2490 3091 summorum,
2519 3027 2644 3096 quia
2671 3035 2726 3082 et
2763 3029 2899 3082 bona
2929 3043 3260 3099 qtttecunque
3289 3031 3376 3086 hic
3411 3031 3529 3086 fue-

279 3112 373 3166 ista
407 3112 671 3182 prodesse
704 3110 995 3179 defunctis;
1039 3112 1131 3166 sed
1161 3111 1356 3167 talibus
1383 3112 1473 3182 qui
1504 3114 1576 3166 ita
1603 3112 1854 3167 vixerunt
1882 3117 1926 3178 C
1959 3113 2070 3166 rint
2121 3113 2326 3168 homini
2357 3115 2410 3168 in
2441 3117 2841 3186 comparatione
2898 3119 3160 3172 bonorum
3203 3131 3529 3175 retentorum

279 3211 398 3254 ante
423 3209 683 3264 mortem,
741 3209 800 3254 ut
845 3200 1053 3270 possint
1092 3199 1170 3254 eis
1216 3200 1330 3254 haec
1375 3199 1525 3254 utilia
1575 3214 1694 3255 esse
1739 3209 1860 3270 post

279 3301 522 3342 munem.
571 3287 708 3342 Nam
749 3288 842 3358 qui
888 3288 1004 3342 sine
1046 3287 1171 3353 fide,
1219 3304 1339 3358 quze
1383 3303 1480 3358 per
1517 3288 1858 3344 dilectionem

277 3393 562 3448 operator,
603 3379 830 3450 ejusque
872 3380 1222 3435 sacramentis
1255 3382 1320 3436 dc
1350 3381 1664 3451 corporibus
1705 3381 1858 3436 exie-

281 3480 420 3534 runt,
473 3469 683 3524 frustra
714 3471 818 3525 illis
847 3487 876 3524 a
903 3471 1016 3525 suis
1070 3469 1439 3542 hujuscemodi
1485 3471 1703 3542 pietatis
1753 3472 1856 3526 im-

277 3561 581 3628 penduntur
629 3559 804 3616 oliicia
853 3577 868 3616 :
911 3558 1060 3628 cujus
1106 3563 1230 3616 dum
1279 3561 1366 3616 hic
1409 3570 1589 3617 essent
1636 3562 1858 3632 pignore

279 3659 589 3712 caruerunt,
618 3648 707 3704 vel
735 3665 840 3704 non
871 3649 1225 3721 suscipientes
1245 3691 1259 3716 ,
1289 3651 1368 3706 vel
1397 3652 1450 3706 in
1478 3667 1702 3706 vacuum
1735 3668 1852 3707 sus-

279 3737 531 3808 cipientes
592 3741 690 3795 Dei
737 3741 1001 3810 gratiam,
1036 3749 1091 3798 et
1133 3743 1236 3797 sibi
1281 3759 1386 3798 non
1435 3744 1855 3800 misericordiam

279 3833 731 3900 tbesanrizantes,
779 3836 872 3890 sed
917 3837 1071 3890 iram.
1119 3836 1234 3892 Non
1283 3852 1412 3908 ergo
1457 3839 1686 3893 mortuis
1717 3855 1853 3892 nova

278 3923 462 3977 merita
501 3933 914 3995 comparantur,
957 3941 1076 3979 cum
1105 3941 1200 3994 pro
1235 3925 1315 3980 eis
1341 3925 1464 3979 boni
1494 3925 1694 3994 aliquid
1724 3941 1855 3993 ope-

275 4022 460 4066 rantur
483 4014 593 4077 sui,
625 4013 722 4068 sed
750 4028 936 4068 eormn
974 4015 1398 4084 praecedentibus
1431 4015 1635 4068 meritis
1663 4030 1854 4068 consc-

275 4105 487 4171 QGeutia
519 4105 626 4158 ista
663 4104 979 4158 redduntur.
1011 4121 1032 4141 «ι
1063 4103 1176 4158 Non
1207 4106 1348 4159 enim
1381 4106 1580 4159 victum
1605 4114 1724 4160 est:
1755 4105 1854 4160 nisi

274 4208 397 4247 cunt
448 4195 537 4250 hic
562 4196 835 4258 viverent,
867 4203 927 4248 ut
973 4196 1084 4250 haec
1128 4212 1221 4250 eos
1267 4195 1466 4264 aliquid
1511 4196 1851 4266 atljuvarcnf,

275 4300 398 4336 cum
433 4285 524 4339 hic
558 4285 744 4340 vivere
784 4285 1136 4340 destitissent.
1191 4285 1259 4339 Et
1308 4287 1428 4339 ideo
1469 4285 1624 4340 istam
1651 4275 1855 4340 'iiniens

276 4376 502 4444 quisque
531 4377 724 4438 vitam,
759 4375 858 4429 nisi
885 4375 1028 4444 quod
1059 4377 1254 4432 meruit
1291 4377 1342 4431 in
1383 4377 1517 4446 ipsa,
1539 4393 1646 4430 non
1677 4387 1855 4446 petest

1963 3204 2102 3259 nulla
2129 3215 2272 3272 sunt,
2309 3217 2361 3262 et
2394 3208 2532 3262 mala
2560 3223 2890 3277 qumeunque
2919 3209 2970 3262 in
3001 3211 3101 3265 hac
3125 3211 3234 3266 vita
3259 3215 3538 3282 experitur

1963 3294 2140 3359 homo,
2161 3296 2215 3350 in
2242 3299 2642 3366 comparatione
2668 3297 2808 3368 ignis
2829 3301 3017 3354 aeterni
3046 3315 3145 3356 nec
3173 3303 3536 3371 comparanda

1961 3397 2087 3442 sunt
2119 3405 2132 3440 :
2170 3389 2223 3442 in
2252 3389 2354 3444 hac
2377 3403 2504 3459 ergo
2531 3390 2817 3444 medietate
2843 3391 2966 3445 vita:
2993 3391 3120 3446 illud
3147 3393 3288 3462 quod
3327 3395 3537 3450 audivi-

1960 3493 2080 3532 mus
2113 3494 2257 3533 nunc
2283 3495 2346 3533 ex
2374 3479 2668 3550 Evangelio
2697 3488 2880 3535 tenere
2907 3481 3194 3537 debemus:
3217 3482 3316 3549 Qui
3343 3487 3536 3546 credit,

1961 3569 2153 3638 inquit,
2187 3569 2240 3623 in
2268 3585 2373 3634 me,
2406 3570 2531 3624 licet
2567 3571 2850 3637 moriatur,
2880 3571 3008 3624 vivit
3041 3571 3223 3642 (Joan.
3259 3575 3356 3642 x1).
3397 3574 3535 3640 Quid

1959 3669 2061 3724 est,
2089 3661 2364 3724 moriatur,
2412 3660 2574 3714 civit?
2626 3659 2776 3714 Licet
2821 3660 3084 3713 moriatur
3125 3676 3373 3730 corpore,
3405 3664 3537 3718 vivit

1959 3751 2172 3819 spiritu.
2200 3751 2400 3806 Deinde
2426 3751 2668 3820 adjungit
2693 3769 2706 3804 :
2734 3751 2802 3804 Et
2828 3751 2918 3818 qui
2946 3750 3062 3804 vicit
3083 3761 3128 3804 et
3159 3752 3317 3806 credit
3344 3753 3398 3807 in
3433 3770 3538 3819 me,

1959 3855 2062 3894 non
2087 3840 2339 3892 morietur
2369 3840 2420 3892 in
2447 3850 2696 3893 a'tcruum
2729 3838 2940 3912 (Ibid.).
2978 3839 3137 3894 Certe
3177 3841 3306 3896 licet
3341 3843 3539 3897 moria-

1960 3932 2374 4000 turzquomodo
2410 3933 2454 3987 si
2502 3948 2607 3986 non
2658 3934 2940 3998 moriatur,
2969 3935 3063 3989 sed
3111 3933 3237 3990 licet
3268 3937 3529 3991 moriatur

1959 4023 2024 4076 ad
2057 4032 2284 4092 tenipus,
2317 4041 2420 4078 non
2446 4026 2709 4082 morietur
2742 4028 2794 4081 in
2841 4029 3137 4082 aeternum?
3172 4028 3262 4085 Sic
3293 4029 3393 4084 ista
3421 4031 3532 4085 sol-

1957 4113 2101 4167 vitur
2135 4115 2377 4182 (piscatio,
2413 4125 2470 4168 ut
2500 4131 2604 4169 non
2648 4117 2756 4170 sint
2799 4117 2940 4171 inter
2973 4133 3031 4172 se
3061 4119 3332 4173 contraria
3369 4119 3535 4174 verba

1959 4203 2234 4266 Veritatis,
2264 4211 2320 4256 ut
2347 4205 2554 4273 possint
2581 4205 2849 4260 instruere
2881 4205 3073 4260 affectu
3105 4206 3340 4276 pietatis.
3371 4207 3534 4277 Ergo,

1956 4292 2084 4348 licet
2107 4308 2334 4363 corpore
2363 4295 2609 4350 morituri
2656 4295 2844 4358 simus,
2877 4296 3128 4357 vivimus,
3167 4297 3210 4350 si
3243 4297 3534 4350 credimus.

1959 4379 2051 4434 Est
2095 4389 2272 4434 autem
2317 4382 2448 4436 tizles
2497 4391 2680 4437 nostra
2733 4383 2970 4437 maxime
3015 4384 3250 4437 discreta
3295 4384 3361 4437 ab
3387 4385 3538 4439 omni

271 4466 471 4520 habere
519 4477 644 4536 post
691 4469 884 4532 ipsam.
946 4467 1330 4522 Permittantur
1377 4483 1506 4540 ergo
1556 4468 1642 4537 pia
1694 4466 1853 4522 corda
1885 4459 1932 4518 D
1961 4469 2065 4526 fide
2104 4472 2379 4542 gentilium
2435 4473 2488 4526 in
2534 4474 2928 4527 resurrectione
2975 4481 3328 4528 mortuorum.
3384 4474 3538 4532 lianc

269 4556 559 4612 durarunt
607 4559 676 4612 de
725 4575 946 4612 suorum
1001 4559 1262 4614 mortibus
1307 4559 1614 4614 contristari
1667 4557 1854 4612 dolore

269 4647 518 4713 sanabili,
547 4655 601 4700 rt.
626 4647 985 4702 cmisolabilcs
1013 4647 1277 4718 lacrymas
1307 4647 1530 4702 fundant
1552 4647 1856 4702 conditione

267 4739 483 4795 utor-tali
510 4759 525 4792 :
562 4757 702 4811 quas
731 4742 842 4796 cito
871 4741 1126 4811 reprimat
1154 4741 1275 4796 ﬁdei
1298 4741 1574 4812 gaudium,
1605 4756 1711 4810 qua
1739 4756 1855 4796 cre-

264 4831 470 4884 dentur
496 4832 708 4896 fideles,
737 4833 952 4906 quando
981 4833 1299 4896 tnoriuntur,
1330 4831 1600 4902 paululum
1635 4848 1664 4885 a
1702 4831 1856 4886 nobis

261 4917 420 4974 abire
451 4931 504 4974 et
541 4921 610 4974 ad
642 4921 869 4976 meliora
909 4921 1159 4976 transire.
1192 4919 1544 4976 Consolemur
1570 4935 1664 4974 eos
1692 4919 1854 4972 etiam

261 5023 358 5076 per
389 5009 638 5064 fraterna
675 5011 956 5080 obsequia,
992 5010 1106 5066 sive
1143 5027 1263 5081 qua:
1289 5011 1570 5065 funeribus
1597 5008 1857 5064 exhiben-

262 5108 369 5164 tur,
403 5101 524 5155 sive
556 5117 680 5170 qum
710 5100 954 5156 dolenter
990 5101 1335 5164 adhibentur,
1362 5116 1432 5156 ne
1461 5100 1531 5154 sit
1554 5098 1699 5168 justa
1728 5113 1860 5168 que-

261 5189 369 5242 rela
398 5189 706 5244 dicentium
735 5207 748 5240 ;
777 5187 1018 5244 Sustinui
1042 5189 1198 5244 simul
1217 5191 1307 5260 qui
1349 5191 1768 5256 contristarctur,
1813 5198 1859 5245 et

260 5279 524 5348 nonfuit;
553 5288 608 5333 et
637 5279 1004 5342 consolantes,
1035 5290 1082 5334 et
1114 5297 1217 5334 non
1249 5279 1420 5334 inveni
1445 5279 1615 5350 (Psal.
1644 5283 1855 5352 uvnt).

259 5367 341 5423 Sit
389 5385 498 5441 pro
542 5371 754 5424 viribus
802 5385 932 5424 cura
986 5370 1274 5440 sepeliendi
1332 5379 1386 5424 et
1439 5369 1682 5438 sepulcra
1733 5385 1861 5424 con-

257 5461 535 5524 struendi,
583 5462 714 5531 quia
766 5469 822 5514 et
865 5461 979 5514 haec
1033 5462 1084 5515 in
1115 5461 1416 5530 Scripturis
1462 5462 1664 5516 sanctis
1718 5461 1860 5515 inter

253 5549 396 5603 bona
438 5565 610 5620 opera
642 5549 901 5620 deputata
933 5557 1074 5604 sunt.
1119 5549 1228 5605 Nec
1257 5551 1430 5604 solum
1464 5550 1516 5603 in
1543 5552 1860 5619 corporibus

1960 4557 2106 4613 enim
2149 4560 2367 4614 omnino
2408 4559 2483 4614 illi
2528 4575 2633 4614 non
2680 4561 2964 4628 recipiunt,
2992 4563 3119 4632 quia
3153 4564 3241 4617 ubi
3273 4565 3536 4634 recipiant

1961 4665 2066 4704 non
2098 4649 2318 4704 habent.
2363 4650 2407 4703 Α
2449 4651 2674 4704 Domino
2720 4651 2863 4704 enim
2917 4662 3250 4722 prmparatur
3292 4653 3539 4709 voluntas

1960 4742 2212 4806 hominis,
2244 4750 2302 4796 ut
2325 4742 2393 4796 sit
2422 4740 2542 4796 ﬁdei
2577 4743 2995 4811 receptaculum.
3037 4744 3174 4798 Dicit
3202 4743 3400 4799 Iudaeis
3429 4745 3532 4799 Da-

1962 4831 2176 4885 minus:
2210 4830 2390 4884 Sermo
2427 4847 2570 4885 meus
2605 4849 2707 4886 non
2743 4833 2879 4902 capit
2916 4833 2970 4886 in
3011 4832 3150 4888 vobis
3179 4831 3360 4904 (Joan.
3391 4831 3533 4903 vnt).

1962 4921 2103 4990 Ergo
2145 4924 2196 4973 in
2233 4921 2317 4974 his
2349 4922 2492 4989 capit
2529 4922 2580 4976 in
2609 4923 2804 4991 quibus
2833 4922 3038 4977 invenit.
3062 4923 3202 4992 quod
3236 4923 3432 4993 capiat.
3484 4924 3538 4978 in

1960 5009 2047 5064 his
2085 5009 2228 5062 enim
2261 5010 2466 5064 invenit
2495 5011 2635 5079 quod
2675 5012 2854 5080 capiat
2883 5027 3062 5066 sermo
3089 5013 3180 5081 qui
3207 5011 3370 5082 capit,
3401 5013 3542 5080 quod

1965 5101 2101 5154 Deus
2134 5100 2434 5170 pollicendo
2494 5115 2602 5156 non
2643 5103 2860 5172 decipit.
2921 5101 3010 5157 ille
3050 5102 3193 5156 enim
3225 5101 3314 5170 qui
3353 5102 3546 5170 quzmit

1959 5205 2116 5245 ovem
2148 5189 2434 5260 perditam,
2461 5199 2516 5244 et
2541 5207 2700 5260 quam
2733 5199 2940 5261 quarrat
2987 5191 3154 5254 novit,
3188 5199 3240 5244 et.
3271 5190 3359 5244 ubi
3390 5205 3538 5258 quar-

1963 5287 2066 5342 rat,
2097 5289 2150 5334 ct
2174 5281 2442 5349 quomodo
2478 5280 2595 5349 ejus
2637 5280 2876 5334 membra
2925 5280 3168 5350 dispersa
3215 5278 3454 5346 colligat,
3487 5286 3540 5330 cl.

1963 5368 2016 5422 in
2054 5383 2213 5422 unam
2258 5368 2485 5423 salutem
2535 5370 2764 5439 redigat,
2802 5377 2858 5424 et
2899 5369 2973 5423 ita
3012 5370 3303 5424 constituat
3329 5377 3386 5421 ut
3416 5381 3536 5420 eant

1961 5459 2186 5515 ulterius
2221 5475 2328 5514 non
2362 5460 2570 5528 perdat.
2617 5459 2966 5514 Consolcmur
2989 5475 3116 5531 ergo
3155 5474 3252 5512 nos
3285 5457 3536 5521 invicem,

1963 5557 2016 5604 et
2050 5551 2102 5604 in
2133 5550 2218 5605 bis
2247 5551 2586 5605 sermonibus
2612 5551 2832 5606 nostris.
2884 5550 3066 5606 Potest
3103 5564 3208 5604 non
3233 5546 3414 5603 dolere
3441 5562 3539 5602 cor

325 5705 352 5733 ι
392 5691 582 5748 [-urus
631 5701 945 5762 ('nt‘l'ttpilts.
1010 5689 1138 5746 Vide
1183 5697 1429 5746 sanctum
1472 5689 1844 5762 Augustinum.
1891 5687 1983 5741 lib.
2019 5685 2084 5741 de
2115 5683 2264 5750 Fide,
2302 5684 2406 5754 Spe
2433 5693 2486 5740 et
2514 5684 2803 5748 (Zizaritate,
2839 5698 2954 5750 cap.
2994 5681 3109 5734 HO.
