4040 6188
411 272 507 332 131

1050 270 1112 326 Β.
1151 269 1403 327 RABANI
1441 267 1656 324 MAURI
1697 263 2012 323 ARCHlEP.
2054 261 2362 319 MOGUNT.
2402 259 2684 317 OPERUM
2724 259 2897 316 PARS
2936 259 2999 314 ll.

3560 243 3664 313 iss

407 389 703 444 humanum
731 382 983 440 defuncto
1008 382 1331 438 charissimo
1367 398 1379 434 :
1427 379 1619 435 melius
1650 388 1827 433 tamen
1853 391 1980 432 con-
2011 376 2058 434 Α
2086 382 2170 427 set
2190 371 2471 427 evidenter
2516 370 2716 427 indicio
2744 370 2960 424 virtutis
2982 367 3278 431 declarata,
3320 370 3523 438 regina,
3551 369 3669 425 voti

410 475 554 532 dolet
587 482 642 528 et
682 480 903 527 sanatur
940 485 1035 525 cor
1070 471 1385 532 humanum,
1409 482 1570 538 quam
1618 482 1724 520 non
1752 464 1984 519 dolendo

413 566 486 621 sit
525 564 896 620 inhumanum.
944 561 1110 615 Maria
1138 560 1364 613 Domino
1401 558 1731 621 cohaerebat,
1760 565 1815 610 et
1841 572 1984 610 mor-

416 666 563 712 tuum
596 654 818 708 fratrem
848 649 1097 704 dolebat:
1141 649 1236 703 sed
1264 649 1392 718 quid
1421 649 1637 704 miraris
1662 647 1785 715 quia
1818 647 1985 701 Maria

416 745 628 800 dolebat
663 751 806 803 tunc,
840 756 959 794 cum
1012 739 1124 808 ipse
1170 739 1332 794 etiam
1362 739 1619 793 Dominus
1648 738 1842 792 ﬂebat?
1877 738 1988 792 Mn-

416 853 543 892 vere
590 844 770 889 autem
821 831 1064 902 quemvis
1108 838 1284 901 potest
1327 831 1596 899 quomodo
1638 830 1801 884 ﬂebat
1848 845 1983 883 mor-

418 935 591 989 tuum,
643 923 686 976 si
727 922 982 976 continuo
1011 920 1163 991 jubet
1198 921 1465 974 victurum
1508 938 1520 972 :
1563 935 1672 974 non
1719 930 1991 974 mortuum

417 1012 576 1066 ﬂebat
611 1027 769 1081 quem
817 1010 931 1080 ipse
972 1009 1271 1071 suscitavit,
1315 1010 1407 1063 sed
1443 1019 1669 1063 mortem
1696 1024 1857 1079 quam
1890 1008 1990 1063 sibi

417 1103 577 1157 homo
606 1101 878 1169 peccando
923 1099 1260 1167 comparavit
1287 1115 1300 1150 :
1326 1097 1368 1151 si
1399 1098 1542 1151 enim
1575 1107 1855 1168 peccatum
1886 1112 1993 1151 non

416 1191 811 1263 praecessisset,
859 1190 978 1244 sine
1017 1188 1180 1242 dubio
1215 1202 1361 1242 mors
1403 1196 1586 1243 secuta
1634 1205 1742 1243 non
1783 1188 1990 1244 fuisset.

419 1283 615 1337 Secuta
638 1289 718 1336 est
745 1296 871 1350 ergo
897 1293 1045 1332 mors
1066 1278 1226 1331 etiam
1250 1278 1513 1347 corporis,
1538 1293 1697 1348 quam
1721 1278 1998 1348 przecessit

420 1388 567 1427 mors
610 1372 821 1427 animae.
878 1369 1021 1423 Mars
1068 1365 1260 1421 animae
1304 1369 1577 1439 praecessit
1601 1369 1914 1434 diﬂ'ereudo,
1943 1378 1998 1423 et

421 1477 568 1517 mors
599 1462 843 1531 corporis
870 1470 1054 1517 secuta
1078 1471 1183 1526 est,
1206 1464 1487 1518 deserente
1512 1461 1689 1515 anima
1718 1478 1731 1514 :
1762 1459 1999 1514 deseruit

419 1553 624 1617 volens,
670 1561 725 1607 et
752 1559 938 1607 coacta
978 1561 1064 1607 est
1094 1553 1280 1607 nolens
1305 1552 1572 1605 deserere.
1614 1550 1890 1619 Tanquam
1922 1549 1999 1603 illi

425 1643 698 1699 diceretur
720 1640 1053 1696 :‘Recessisti
1093 1642 1160 1695 ab
1189 1656 1255 1695 eo
1285 1654 1442 1708 quem
1481 1639 1703 1709 diligere
1743 1638 1996 1701 debuisti,

2085 476 2306 531 compos
2329 459 2536 525 eﬂ‘ecta,
2574 461 2647 514 ita
2681 460 2917 515 salutare
2944 459 3145 530 lignum
3178 457 3305 511 fecit
3345 472 3532 513 secare
3569 474 3672 529 per

2088 553 2342 617 medium,
2371 560 2433 606 ut
2458 560 2514 606 et
2543 566 2759 606 crucem
2811 546 3277 616 Constantinopoli
3319 545 3555 602 deferret
3595 549 3672 604 ad

2089 644 2278 709 ﬁlium,
2303 652 2358 697 et
2385 657 2601 698 erucem
2634 640 3018 712 Hierosolymis
3043 639 3218 695 thecis
3241 639 3511 709 argenteis
3538 655 3675 695 con-

2089 737 2253 789 ditam
2290 743 2625 800 reservaret;
2652 734 2704 788 in
2733 734 2849 789 loco
2883 730 2998 804 (sic)
3026 747 3121 786 usa
3148 731 3389 801 sapiente
3422 731 3671 797 consilio,

2091 826 2296 881 scilicet
2324 835 2385 880 ut
2405 826 2496 879 ubi
2523 824 2701 879 fuerat
2728 823 2986 878 membris
3018 823 3313 877 Dominicis
3337 830 3519 891 aptata
3546 839 3676 893 sup-

2090 916 2271 986 plicio,
2302 904 2513 971 ibidem
2530 915 2769 987 gloriﬁca
2791 922 3146 969 veneraretur
3175 928 3206 966 a
3233 912 3448 982 populo.
3478 912 3678 968 Multo-

2094 1020 2212 1059 rum
2235 1005 2420 1074 itaque
2446 1012 2747 1073 temporum
2775 1002 2993 1056 labente
3030 1000 3322 1064 curriculo,
3364 1016 3510 1065 cum,
3551 1001 3677 1055 exi-

2093 1102 2250 1164 gente
2276 1095 2416 1150 mole
2452 1101 2798 1164 peccatorum
2837 1091 3138 1155 hominum,
3170 1089 3424 1161 ﬂagellari
3452 1090 3682 1160 permit-

2100 1196 2236 1241 teret
2258 1188 2518 1242 Dominus
2552 1187 2806 1257 populum
2848 1186 3219 1241 Christianum
3271 1201 3371 1255 per
3413 1186 3676 1241 saavitiam

2093 1292 2448 1346 paganorum,
2476 1276 2712 1332 Chosroe
2746 1276 2961 1344 quidam
2988 1274 3246 1344 profanus
3277 1287 3331 1331 et
3360 1276 3557 1347 impius
3583 1292 3677 1331 rc-

2096 1385 2257 1439 gnum
2286 1379 2368 1423 est
2396 1369 2622 1438 adeptus
2642 1368 2951 1430 Persarum,
2980 1367 3071 1436 qui
3106 1368 3158 1421 in
3196 1376 3401 1422 tantam
3427 1385 3677 1438 prorum-

2097 1474 2225 1528 pere
2252 1467 2337 1513 est
2371 1473 2533 1513 ausus
2558 1459 2907 1528 proterviam.
2937 1466 2993 1512 ut
3038 1459 3106 1512 ab
3155 1458 3345 1514 incolis
3379 1460 3681 1514 vicinarum

2097 1549 2360 1619 gentium,
2402 1563 2538 1617 quos
2562 1550 2760 1618 impetu
2791 1556 3009 1602 vastans
3053 1548 3337 1603 barbarico
3362 1564 3459 1603 suo
3490 1549 3683 1604 nefan-

2099 1639 2168 1692 do
2194 1640 2503 1709 subjugaret
2533 1637 2790 1699 dominio,
2816 1636 2917 1692 coli
2950 1653 3008 1692 se
3051 1637 3269 1706 juberet
3309 1649 3367 1692 ut
3398 1639 3587 1704 Deum,
3614 1648 3680 1692 ut

421 1734 612 1788 recede
651 1733 717 1785 ab
758 1746 824 1785 eo
852 1746 1011 1799 quem
1055 1731 1311 1786 dilexisti.
1343 1729 1474 1796 Quis
1508 1729 1650 1783 enim
1679 1728 1793 1783 vult
1819 1729 1992 1782 mori?
2022 1718 2066 1778 B
2095 1738 2313 1783 vocaret
2338 1744 2396 1784 se
2430 1743 2610 1799 regem
2642 1744 2850 1799 regum,
2874 1736 2927 1783 et
2957 1729 3231 1783 dominum
3260 1731 3676 1785 dominantium.

420 1824 649 1879 Prorsus
703 1837 882 1887 nemo,
919 1830 973 1877 et
1000 1822 1073 1876 ita
1113 1836 1295 1885 nemo,
1332 1830 1393 1875 ut
1418 1821 1574 1875 beato
1599 1818 1758 1874 Petro
1785 1820 1995 1873 dicere-

422 1924 545 1969 tur:
572 1910 719 1966 Alter
745 1922 792 1965 te
822 1913 1011 1981 cinget,
1048 1921 1095 1965 et
1138 1912 1265 1980 feret
1297 1927 1398 1981 quo
1432 1921 1485 1963 tu
1527 1927 1631 1964 non
1658 1911 1749 1963 vis.
1783 1908 1841 1962 Si
1869 1922 1998 1978 ergo

423 2001 569 2056 nulla
593 2009 737 2055 esset
761 2002 950 2056 mortis
980 2000 1301 2066 amaritudo,
1333 2017 1436 2055 non
1466 2010 1608 2056 esset
1637 2015 1829 2070 magna
1859 2015 2001 2053 mar-

424 2100 602 2163 tyrum
629 2091 907 2147 fortitudo.
971 2090 1047 2145 ita
1075 2101 1132 2146 et
1156 2091 1441 2160 Apostolus
1468 2109 1479 2142 :
1509 2090 1585 2143 De
1604 2088 1999 2151 dormientibus,

425 2183 621 2252 inquit,
659 2181 777 2236 nolo
811 2199 895 2236 vos
927 2182 1188 2252 ignorare,
1234 2182 1445 2251 fratres,
1495 2190 1549 2233 ut
1583 2195 1686 2232 non
1725 2178 2001 2231 contriste-

425 2272 574 2339 mini,
603 2273 734 2326 sicut
759 2281 807 2326 et
838 2281 1033 2342 gentes,
1053 2288 1171 2342 qum
1198 2288 1338 2341 spem
1359 2287 1462 2324 non
1482 2270 1703 2332 habent;
1741 2283 1847 2322 non
1879 2277 2004 2321 tan-

427 2371 539 2416 tum
569 2362 666 2427 ait,
697 2370 751 2415 ut
788 2378 890 2415 non
920 2361 1313 2424 contristemini,
1345 2357 1439 2415 sed
1467 2368 1526 2413 ut
1554 2372 1659 2412 non
1696 2357 1774 2412 sic
1799 2356 2003 2412 contri-

426 2452 665 2516 stemini,
681 2453 1130 2523 quemadmodum
1153 2460 1345 2521 gentes,
1369 2465 1485 2521 qua:
1504 2464 1645 2519 spem
1670 2463 1771 2501 non
1791 2447 2004 2500 habent.

428 2541 659 2596 Necesse
694 2550 778 2596 est
807 2540 952 2595 enim
992 2549 1052 2594 ut
1086 2538 1505 2603 contristemini,
1546 2537 1638 2592 sed
1677 2535 1770 2591 ubi
1807 2535 2009 2590 contri-

428 2630 624 2687 staris?
658 2628 762 2685 Ubi
789 2645 987 2700 corpus
1021 2631 1164 2700 quod
1189 2629 1321 2683 vivit
1350 2644 1418 2683 ex
1448 2628 1627 2681 anima
1652 2625 1713 2680 ﬁt
1737 2626 2006 2692 exanime,

432 2723 742 2778 discedente
784 2724 994 2789 anima;
1034 2723 1125 2792 qui
1163 2720 1495 2785 ambulabat,
1530 2717 1705 2788 jacet;
1754 2717 2009 2788 loqueba-

435 2817 543 2877 tur,
585 2818 760 2874 tacet;
798 2808 939 2864 oculi
989 2809 1164 2863 lucem
1213 2825 1319 2863 non
1366 2807 1605 2877 capiunt,
1657 2821 1817 2861 aures
1865 2805 2010 2860 nulla

434 2914 567 2956 voce
590 2908 893 2970 patescunt,
930 2900 1109 2953 omnia
1162 2900 1525 2953 membrorum
1551 2896 1721 2952 oﬂicia
1751 2897 2010 2965 conquie-

434 2997 648 3044 verunt.
725 2987 840 3042 Non
885 2995 969 3043 est
1011 2989 1104 3057 qui
1144 2992 1367 3043 moveat‘
1394 3003 1610 3058 gressus
1637 2987 1703 3041 ad
1732 2985 2013 3041 ambulan-

2100 1820 2211 1875 Nec
2240 1822 2343 1875 hoc
2378 1819 2549 1875 solum
2577 1820 2624 1873 ei
2653 1820 2941 1873 abundavit
2976 1819 3042 1872 ad
3075 1835 3185 1874 sua:
3212 1821 3574 1876 damnationis
3599 1823 3689 1875 in-

2099 1912 2340 1975 teritum,
2393 1926 2579 1964 verum
2630 1909 2792 1963 etiam
2836 1908 3049 1980 Syriam
3090 1918 3145 1965 et
3182 1909 3520 1965 Palmstinam
3555 1928 3683 1965 cum

2102 1997 2440 2069 subjugassct
2462 2007 2516 2051 et
2543 1997 2852 2067 Egyptum,
2881 2014 3044 2067 regna
3065 2014 3184 2068 qua:
3201 2009 3354 2054 extra
3376 2008 3431 2055 ct
3454 2002 3590 2055 infra
3614 2002 3686 2054 li-

2104 2090 2335 2144 tuitanea
2369 2088 2807 2166 glomerabantur
2833 2103 2929 2158 per
2956 2090 3218 2145 circulum
3247 2106 3346 2147 suo
3370 2093 3688 2147 crudelissi—

2104 2195 2194 2235 mo
2219 2178 2528 2250 subjugaret
2548 2180 2865 2235 dominatui.
2896 2180 3319 2252 Hierosolymam
3353 2185 3589 2248 advenit,
3618 2198 3691 2239 ac

2105 2271 2369 2326 ecclesias
2411 2270 2612 2325 Christi
2655 2270 2936 2332 subvertit,
2975 2278 3249 2341 totamque
3293 2273 3571 2328 ﬁnitimam
3601 2289 3693 2328 re-

2105 2360 2317 2431 gionem
2348 2360 2595 2423 vastavit,
2628 2360 2865 2415 incendit
2892 2368 3054 2429 atque
3083 2362 3360 2429 praedavit.
3390 2361 3470 2416 Ad
3496 2363 3689 2432 sepul—

2106 2467 2258 2507 crum
2292 2466 2423 2523 ergo
2453 2452 2662 2506 Domini
2693 2468 2815 2507 cum
2854 2452 3111 2507 voluisset
3145 2453 3419 2517 accedere,
3462 2455 3695 2508 territus

2108 2542 2305 2605 rediit;
2340 2542 2432 2596 sed
2457 2551 2636 2596 tamen
2659 2541 2788 2611 ligni
2818 2541 3070 2597 salutaris
3110 2551 3341 2610 partem,
3365 2558 3526 2611 quam
3562 2542 3697 2597 reli-

2108 2632 2259 2703 giosa
2301 2631 2484 2701 regina
2535 2633 2610 2687 ibi
2638 2633 2690 2686 in
2730 2632 3096 2685 testimonium
3125 2631 3339 2685 virtutis
3371 2631 3694 2700 reliquerat,

2110 2724 2426 2793 asportavit.
2452 2722 2677 2778 Fecerat
2704 2739 2933 2791 namque
2975 2722 3076 2777 sibi
3117 2731 3320 2777 turrem
3353 2733 3696 2792 argenteam,

2112 2813 2165 2868 in
2197 2828 2303 2882 qua
2338 2812 2785 2869 interiacentibus
2822 2816 3046 2883 gemmis
3072 2815 3324 2867 thronum
3347 2822 3702 2867 exstruxerat

2112 2920 2358 2971 aureum,
2389 2906 2480 2961 ubi
2512 2905 2640 2959 solis
2672 2907 2985 2977 quadrigam
3014 2915 3070 2960 et
3095 2907 3272 2959 lumen
3306 2905 3389 2958 vel
3414 2904 3705 2960 stellarum

2120 2997 2387 3067 imagines
2432 2996 2814 3060 collocaverat,
2863 3005 3024 3064 atque
3066 3011 3162 3065 per
3208 2995 3447 3050 occultas
3488 2994 3705 3049 ﬁstulas

444 3078 593 3143 dum,
628 3092 820 3133 manus
861 3078 928 3132 ad
976 3078 1328 3147 Operandum,
1361 3092 1549 3132 sensus
1602 3077 1670 3131 ad
1713 3077 2013 3146 percipien-
2040 3055 2085 3118 θ
2118 3102 2270 3155 aqua:
2298 3096 2504 3140 meatus
2537 3087 2854 3149 adduxerat,
2887 3097 2939 3141 et
2977 3087 3130 3156 quasi
3174 3088 3305 3149 deus
3335 3086 3568 3155 pluviam
3603 3086 3704 3139 de-

437 3167 586 3221 dum.
617 3165 807 3221 Nonne
838 3166 940 3221 ista
976 3175 1061 3221 est
1086 3166 1295 3231 domus,
1324 3181 1482 3234 quam
1515 3165 1698 3219 nescio
1731 3165 1851 3233 quis
1880 3165 2015 3219 invi-

437 3256 614 3313 sibilis
648 3257 923 3312 habitator
950 3256 1208 3311 ornabat?
1243 3256 1500 3311 Discessit
1526 3257 1618 3325 qui
1650 3271 1753 3309 non
1784 3254 2015 3318 videtur,

438 3347 702 3402 remansit
727 3347 868 3415 quod
900 3362 1021 3401 cum
1057 3346 1238 3401 dolore
1265 3346 1585 3402 videbatur:
1611 3347 1713 3400 ista
1743 3354 1826 3402 est
1854 3361 2016 3400 causa

366 3471 370 3475 ‹
442 3436 697 3491 tristitiae.
736 3435 793 3490 Si
833 3436 949 3491 haec
977 3446 1061 3491 est
1100 3452 1262 3492 causa
1304 3437 1555 3503 tristitiae,
1585 3436 1741 3505 hujus
1785 3437 2019 3491 tristitim

437 3544 558 3601 qua:
582 3528 915 3584 consolatio?
951 3529 1087 3596 Quia
1137 3530 1251 3598 ipse
1283 3529 1541 3584 Dominus
1585 3530 1638 3582 in
1675 3529 1850 3599 jussu,
1882 3537 1938 3583 et
1966 3529 2018 3581 in

439 3633 572 3674 voce
601 3617 932 3686 archangeli,
965 3625 1019 3673 et
1066 3618 1120 3671 in
1151 3618 1303 3683 tuba,
1352 3617 1639 3672 descendet
1675 3618 1739 3672 de
1767 3616 1924 3682 c0310,
1969 3625 2023 3670 et

445 3710 641 3764 mortui
684 3710 740 3764 in
776 3708 995 3765 Christo
1037 3716 1319 3779 resurgant
1353 3707 1542 3779 primi;
1585 3705 1777 3762 deinde
1818 3722 1917 3761 nos
1946 3708 2024 3760 vi-

446 3811 656 3866 ventes,
695 3802 787 3871 qui
822 3800 1013 3870 reliqui
1041 3816 1248 3867 sumus,
1279 3799 1438 3855 simul
1467 3814 1589 3854 cum
1620 3798 1726 3854 illis
1754 3799 2026 3869 rapiemur

451 3896 504 3949 in
546 3895 801 3958 nubibus,
846 3893 1057 3948 obviam
1095 3893 1313 3948 Christo
1350 3894 1405 3947 in
1436 3909 1584 3958 aera,
1615 3901 1669 3948 et
1711 3894 1785 3948 ita
1814 3909 2028 3963 semper

450 3998 573 4037 cum
602 3982 830 4036 Domino
858 3982 1081 4036 erimus.
1134 3980 1330 4036 Pereat
1366 3981 1726 4045 contristatio,
1758 3982 1849 4037 ubi
1880 3989 2026 4035 tanta

447 4080 531 4126 est
581 4070 915 4136 consolatio;
969 4071 1284 4140 detergatur
1332 4069 1508 4124 luctus
1541 4084 1611 4124 ex
1638 4069 1847 4135 animo;
1896 4069 2030 4125 ﬁdes

448 4161 682 4233 expellat
708 4160 949 4216 dolorem
974 4177 989 4217 :
1017 4161 1072 4215 in
1102 4170 1249 4215 tanta
1272 4174 1383 4228 spe,
1415 4175 1521 4214 non
1549 4160 1703 4215 decet
1731 4174 1851 4214 esse
1878 4159 2032 4214 triste

453 4250 710 4321 templum
743 4249 869 4305 Dei:
897 4250 972 4305 ibi
1025 4249 1235 4304 habitat
1267 4249 1439 4304 bonus
1485 4248 1810 4313 consolator,
1841 4248 1911 4302 ibi
1940 4250 2032 4319 qui

453 4355 557 4395 non
599 4339 736 4394 fallit
772 4340 1089 4411 promissor.
1124 4338 1249 4394 Scio
1284 4346 1344 4392 ut
1372 4347 1645 4394 mortuum
1679 4339 1771 4393 diu
1816 4339 2035 4410 planga-

2115 3192 2277 3245 super
2318 3176 2593 3230 videretur
2634 3176 2861 3240 infundi,
2902 3186 2956 3230 et
2994 3178 3118 3230 dum
3153 3177 3504 3231 subterraneo
3531 3192 3706 3246 specu

2117 3268 2271 3335 cquis
2299 3267 2351 3319 in
2377 3267 2607 3320 circuitu
2638 3268 2996 3331 trahentibus,
3034 3268 3366 3322 circumacta
3414 3267 3581 3321 turris
3616 3266 3709 3321 fac

2118 3358 2267 3411 brica
2294 3374 2506 3413 movere
2529 3359 2830 3423 videbatur,
2862 3360 3013 3427 quasi
3050 3359 3444 3427 quodammodo
3460 3360 3707 3427 rngitum

2120 3448 2341 3500 touitrui
2364 3447 2517 3514 juxta
2551 3449 2961 3517 possibilitatem
2986 3450 3209 3504 artiﬁcis
3236 3452 3615 3505 mentiebatur.
3646 3452 3709 3505 In

2123 3539 2223 3593 hoc
2247 3540 2426 3608 itaque
2454 3540 2570 3594 luco
2599 3541 2780 3594 sedem
2807 3541 2909 3594 sibi
2931 3550 3239 3610 paraverat,
3265 3550 3425 3611 atque
3443 3541 3596 3610 juxta
3614 3560 3711 3607 ea,

2124 3629 2278 3697 quasi
2308 3628 2513 3699 collega
2542 3628 2672 3693 Deo,
2701 3645 2915 3683 crucem
2944 3630 3277 3686 Dominicam
3300 3642 3576 3702 posuerat.
3618 3634 3718 3687 Fi-

2124 3722 2197 3775 lio
2236 3736 2335 3775 suo
2382 3737 2550 3793 regno
2592 3722 2810 3787 tradito,
2850 3724 2965 3792 ipse
3010 3724 3063 3777 in
3112 3724 3295 3778 fanum
3333 3725 3715 3795 hujuscemodi

2125 3811 2414 3865 residebat.
2448 3810 2541 3865 illo
2566 3810 2746 3878 itaque
2779 3820 3017 3880 tempore
3048 3810 3326 3867 Gracchus
3353 3828 3533 3867 arcem
3565 3822 3721 3867 teuc-

2126 3902 2216 3956 bat
2235 3901 2465 3975 imperii,
2494 3902 2574 3954 vir
2597 3902 3045 3967 armisstrenuus,
3077 3902 3259 3973 lingua
3291 3905 3558 3971 eruditus,
3582 3920 3717 3960 cor-

2128 4004 2260 4059 pore
2289 3990 2537 4056 decorus,
2565 3999 2620 4045 et
2644 3991 2891 4059 quamvis
2913 3993 3158 4047 sceculari
3186 3994 3329 4048 actui
3362 3993 3601 4059 deditus,
3627 4003 3720 4050 to-

2131 4089 2218 4135 tus
2240 4089 2421 4135 tamen
2468 4092 2587 4135 erat
2611 4080 2712 4135 ﬁde
2738 4080 3068 4147 catholicus;
3099 4091 3154 4136 et
3187 4097 3316 4153 ergo
3356 4082 3457 4137 Dei
3485 4084 3723 4139 cultori-

2133 4173 2232 4225 bus
2276 4172 2519 4243 supplex,
2564 4173 2856 4227 benevolus
2893 4187 2957 4227 ac
3003 4175 3250 4230 devotus.
3282 4176 3516 4245 Pergens
3545 4177 3723 4245 igitur

2134 4261 2276 4315 ﬁlius
2330 4261 2570 4317 Chosroe
2618 4271 2805 4317 contra
2862 4261 3186 4330 Gracchum,
3223 4266 3377 4336 juxta
3407 4267 3722 4322 Danubium

2139 4369 2391 4423 magnum
2420 4354 2641 4410 ﬂuvium
2674 4355 2918 4411 consedit
2949 4358 3239 4412 exercitus.
3272 4358 3508 4413 Tandem
3546 4359 3727 4429 inspi-

458 4447 596 4497 mus.
643 4432 896 4502 quoniam
933 4446 1082 4486 mors
1109 4445 1294 4486 amara
1327 4439 1429 4487 εει.
1460 4430 1563 4487 Per
1613 4432 1760 4486 illam
1788 4434 2035 4488 transivit
2060 4406 2112 4466 D
2138 4452 2295 4497 rante
2319 4443 2607 4499 clementia
2639 4445 2958 4511 Salvatoris,
2991 4448 3234 4517 utrisque
3257 4406 3718 4519 pritteipibttspizt-

456 4530 511 4576 et
534 4522 810 4576 Dominus.
854 4520 1134 4578 Suﬂiciant
1170 4522 1287 4578 haec
1320 4537 1492 4592 pauca
1526 4523 1778 4576 charitati
1817 4532 2028 4577 vestrae.

456 4611 775 4667 Consolctur
820 4612 1201 4680 abundantius,
1236 4614 1326 4684 qui
1366 4629 1472 4669 non
1522 4614 1720 4686 migrat
1760 4614 1826 4670 de
1873 4615 2036 4669 corde

458 4711 671 4766 vestro,
708 4702 803 4758 sed
843 4702 919 4757 ita
958 4702 1210 4775 dignatur
1246 4704 1518 4771 habitare,
1555 4714 1614 4759 ut
1644 4719 1744 4760 nos
1787 4704 2037 4777 dignetur

460 4794 622 4850 etiam
649 4793 706 4848 in
734 4792 841 4849 ﬁne
875 4793 1125 4848 invitare.
1154 4794 1345 4850 Amen.

999 4904 1280 4962 HOMILIA
1331 4905 1496 4962 LXX.

465 5007 721 5050 ὩΕΫΕΒΒΙΟ
749 5009 965 5052 ΞΔΝΟΤΑΕ
988 5012 1162 5060 ATQUE
1180 5012 1593 5056 GLORIOSISSIIIE
1630 5014 1817 5056 CRUCIS
1843 5001 2034 5055 DOMINI

957 5082 1150 5123 NOSTRI
1170 5084 1292 5124 JESU
1309 5083 1543 5124 CHRISTI.

539 5153 802 5226 Tempore
833 5156 923 5212 illo
950 5166 1256 5227 postquam,
1281 5157 1885 5233 ConstantinoAugusto
1909 5178 2039 5217 con-

466 5254 552 5305 tra
578 5247 910 5304 Maxentium
940 5260 1228 5321 tyranuum
1255 5263 1580 5322 properante
1609 5256 1675 5309 ad
1705 5255 1924 5321 bellum,
1961 5257 2035 5310 si-

464 5354 631 5414 guunt
652 5349 850 5396 sanctae
869 5342 1047 5397 crucis
1075 5342 1289 5397 cmlitus
1317 5342 1505 5397 fuisset
1530 5355 1824 5413 ostensum,
1856 5356 1912 5402 et
1928 5348 2042 5417 ipso

468 5428 703 5487 feliciter
728 5432 1005 5487 obtinente
1039 5434 1394 5503 triumphum,
1429 5435 1496 5487 ab
1528 5434 1724 5489 Helena
1759 5438 1868 5507 jam
1915 5438 2043 5492 dicti

469 5522 726 5592 principis
780 5532 951 5578 matre
990 5532 1173 5578 sancta
1206 5540 1338 5577 crux
1378 5523 1567 5578 fuisset
1605 5526 1841 5588 inventa,
1880 5538 2044 5597 atque

470 5624 568 5677 per
594 5615 877 5670 sanitatem
898 5614 1082 5686 aegroti
1100 5624 1152 5670 et
1180 5614 1643 5671 rcsnscitationcnt
1683 5617 1877 5671 tnnrtui
1918 5617 2047 5673 l‘uiso

2138 4535 2249 4588 cuit
2301 4545 2361 4590 ut
2398 4536 2495 4605 ipsi
2527 4537 2721 4608 singuli
2758 4537 2811 4591 in
2840 4538 3017 4593 medio
3039 4547 3203 4609 ponte
3229 4537 3464 4594 ﬂuminis
3490 4541 3727 4595 dimica-

2139 4624 2246 4678 turi
2286 4625 2659 4696 conﬂigerent,
2708 4636 2764 4681 et
2800 4628 2888 4683 cui
2917 4643 3037 4683 sors
3062 4628 3343 4683 victoriam
3377 4630 3726 4693 contulisset.

2139 4716 2253 4786 ipse
2274 4717 2391 4771 sine
2419 4718 2617 4773 damno
2640 4719 2923 4789 victorque
2950 4721 3221 4776 exercitus
3249 4721 3535 4791 imperium
3568 4737 3731 4776 usur-

2138 4815 2311 4875 paret.
2345 4807 2629 4862 Decretum
2655 4810 2817 4863 etiam
2850 4824 2971 4863 cum
3007 4811 3317 4880 juramento
3342 4811 3624 4880 processit.
3668 4824 3733 4865 ut

2140 4899 2185 4952 si
2214 4897 2409 4966 aliquis
2464 4914 2530 4951 ex
2589 4915 2777 4954 eorum
2826 4901 3023 4969 populo
3055 4900 3281 4971 principi
3313 4916 3410 4955 suo
3453 4901 3640 4955 venire
3672 4901 3734 4954 in

2140 4987 2397 5042 auxilium
2430 4990 2880 5059 prtcsumpsissct,
2905 4991 3157 5046 cruribus
3170 4992 3365 5047 excisis
3380 5002 3434 5046 et
3457 4992 3737 5059 brachiis,

2143 5080 2196 5133 in
2233 5078 2431 5133 ﬂumen
2476 5088 2832 5149 mergeretur.
2862 5079 3103 5150 Cumque
3133 5082 3349 5151 utrique
3376 5082 3571 5153 populo
3607 5081 3742 5139 hace

2142 5169 2322 5239 pactio
2346 5168 2655 5238 placuisset,
2690 5169 2922 5225 invicem
2949 5180 3010 5226 ut
3036 5172 3237 5226 dictum
3267 5182 3354 5228 est
3381 5174 3742 5243 dimicantes,

2145 5258 2387 5326 adeoque
2437 5258 2487 5311 in
2537 5259 2718 5327 pontis
2772 5260 2948 5315 medio
2994 5270 3121 5316 sunt
3155 5263 3450 5333 congressi.
3485 5261 3744 5319 Tandem

2141 5350 2383 5420 pulsatus
2415 5350 2675 5406 Dominus
2705 5351 2958 5423 lacrymis
2985 5353 3443 5417 Christianorum.
3473 5369 3570 5425 per
3619 5356 3751 5409 vir-

2145 5449 2313 5494 tutem
2354 5450 2558 5495 sancta:
2594 5443 2793 5503 crucis,
2837 5442 2924 5498 cui
2960 5459 3017 5498 se
3053 5444 3138 5498 die
3176 5445 3363 5499 eodem
3394 5455 3751 5500 memoratus

2154 5531 2405 5599 princeps
2434 5533 2691 5586 attentius
2732 5533 3230 5598 commendaverat,
3265 5534 3405 5587 ﬁdeli
3438 5549 3536 5587 suo
3563 5533 3753 5588 Cruc-

2149 5623 2249 5678 cho
2276 5622 2522 5677 Christus
2553 5626 2821 5680 concessit
2862 5627 2926 5681 de
2957 5627 3109 5681 hoste
3138 5627 3506 5697 triumphum;
3540 5636 3713 5681 tanta;
3740 5656 3741 5663 ι
