4040 6188
309 293 410 348 ιδπ

1302 296 1606 354 llOMlLUE
1648 297 1734 352 DE
1771 296 2012 354 FESTIS
2051 298 2460 362 PRAEClPUlS.
2499 301 2651 358 ETC.

3495 312 3602 371 1λᾶ

321 427 418 478 que
449 411 647 466 mentis
677 413 923 470 mutatio
956 414 1150 468 Chosr.
1170 429 1200 468 c
1253 413 1449 468 invasit
1491 414 1814 476 exercitum,
1862 421 1919 467 ut
1951 419 1993 478 Λ
2023 413 2278 468 curiarum
2310 414 2570 470 Dominus
2601 417 2767 472 totius
2803 419 2986 474 mundi
3013 420 3280 492 passionis
3300 437 3605 484 sacramen-

325 519 422 556 ncn
449 508 624 558 solum
643 505 976 573 praedictam
1008 503 1313 573 pactionem
1345 519 1687 574 nequaquam
1724 503 1919 557 vellent

325 591 728 658 transcendere,
783 593 883 647 sed
936 593 1100 647 etiam
1143 592 1462 657 voluntarie,
1495 608 1616 646 cum
1645 593 1790 646 omni
1821 607 1916 646 sua

323 687 522 741 familia
550 694 721 758 atque
751 686 907 757 prole
934 685 1183 741 Graccho
1205 701 1263 739 se
1292 685 1588 740 subderent
1620 693 1728 738 tam
1773 692 1919 753 pote-

323 785 461 832 state
485 791 650 846 quam
674 775 802 830 ﬁde.
847 776 998 842 Quos
1034 775 1123 830 ille
1168 775 1474 845 benigniter
1517 773 1818 842 suscipiens
1863 774 1915 827 in

325 870 424 924 hoc
452 869 559 923 illis
583 867 936 922 clementiam
971 867 1242 937 praestitit,
1273 877 1330 921 ut
1368 882 1561 922 omnes
1591 867 1659 920 ad
1713 867 1918 936 baptis-

325 977 472 1015 mum
522 959 912 1016 convolarent:
945 958 1089 1028 quod
1119 959 1190 1012 ita
1222 974 1280 1013 se
1307 956 1544 1013 facturos
1568 973 1688 1013 esse
1727 972 1917 1012 omnes

323 1054 531 1124 pariter
575 1051 1165 1123 spoponderunt.‘lpse
1211 1062 1390 1106 autem
1421 1051 1917 1105 Christianissimus

321 1144 716 1214 princepscum
740 1158 840 1197 suo
862 1151 1073 1196 tantum
1093 1141 1337 1197 exercitu
1363 1158 1526 1214 regna
1538 1157 1657 1210 qua:
1679 1141 1916 1197 Chosroe

321 1244 572 1290 tenuerat
597 1235 1023 1305 circumquaque
1049 1234 1406 1304 perlustrans,
1435 1235 1500 1288 ad
1534 1235 1716 1288 sedem
1748 1234 1913 1302 ipsius

319 1326 492 1379 venit.
540 1324 678 1380 Cum
717 1324 907 1395 paucis
952 1325 1021 1379 ad
1069 1339 1192 1378 eum
1235 1325 1500 1388 ascendit,
1528 1325 1916 1393 sedentemque

319 1431 442 1472 eum
477 1416 534 1470 in
567 1417 763 1470 throno
783 1431 951 1471 aureo
978 1416 1198 1486 reperit.
1228 1415 1414 1470 Nullus
1439 1429 1676 1484 namque
1704 1431 1768 1468 ex
1797 1413 1915 1482 ejus

317 1509 567 1563 exercitu
627 1506 822 1572 fuerat,
869 1509 962 1577 qui
1000 1507 1049 1562 ei
1104 1506 1372 1562 excidium
1414 1506 1538 1562 belli
1571 1505 1913 1576 aliquatenus

319 1598 649 1655 nuntiasset.
677 1597 801 1666 quia
830 1606 1052 1668 propter
1089 1611 1200 1652 suae
1227 1597 1566 1652 crudelitatis
1603 1597 1912 1666 superbiam

317 1704 446 1742 eum
466 1703 664 1742 omnes
688 1703 915 1742 exosum
943 1688 1247 1753 habebant;
1274 1703 1374 1742 nec
1403 1688 1692 1765 immerito,
1719 1689 1912 1758 quippe

2022 511 2072 557 ta
2103 519 2200 572 per
2221 505 2324 560 hoc
2359 505 2562 560 aditum
2589 507 2956 576 completutus
2979 509 3204 576 introiit,
3236 528 3346 568 non
3375 529 3432 569 se
3471 531 3604 585 pur-

2019 606 2288 666 puratum,
2320 612 2419 650 nec
2447 596 2756 651 diademate
2780 599 3040 654 nitentem
3071 602 3332 670 exhibuit,
3358 613 3449 658 aut
3477 603 3602 675 equi

2017 682 2248 751 potentis
2281 683 2584 736 vehiculum
2616 683 2918 752 requisivit,
2949 687 3040 739 sed
3067 686 3286 741 humilis
3315 689 3463 744 aselli
3490 699 3603 746 ter-

2014 785 2079 840 ga
2112 770 2367 835 insidens,
2400 770 2699 826 cultoribus
2745 772 2856 827 suis
2890 774 3208 830 humilitatis
3241 778 3485 848 exempla
3523 795 3602 834 re-

2016 857 2190 928 liquit.
2240 857 2392 914 Tunc
2441 860 2738 929 imperator
2775 862 3016 930 gaudens
3051 863 3104 916 in
3134 865 3360 920 Domino
3391 867 3457 922 de
3483 869 3600 923 visu

2015 947 2271 1017 angelico,
2318 949 2682 1018 depositisque
2714 949 2924 1020 imperii
2962 951 3281 1022 insignibus,
3309 956 3601 1012 discalcea-

2015 1045 2124 1102 tus,
2157 1038 2424 1106 protinus,
2444 1038 2608 1092 lintea
2635 1046 2841 1093 tantum
2867 1055 3002 1094 zona
3026 1043 3364 1111 prasciuctus,
3381 1061 3598 1102 erucem

2013 1126 2224 1182 Domini
2256 1142 2420 1180 manu
2449 1127 2774 1196 suscipiens,
2801 1127 3051 1198 perfusus
3072 1129 3210 1184 facie
3229 1131 3507 1203 lacrymis,
3531 1136 3598 1189 ad

2017 1216 2208 1272 nmium
2239 1216 2453 1272 oculum
2480 1218 2693 1286 erigens
2719 1221 3066 1288 pmperahat,
3091 1222 3156 1276 ad
3189 1232 3398 1292 portam
3429 1208 3602 1294 usque

2012 1307 2382 1377 progrediens.
2419 1305 2538 1360 Mox
2565 1307 2655 1362 illo
2684 1309 2960 1364 humiliter
2993 1313 3408 1382 propinquante,
3453 1317 3601 1371 duri—

2015 1398 2088 1460 tia
2127 1398 2363 1468 lapidum
2395 1399 2618 1454 cualcste
2665 1401 2932 1470 persensit
2969 1404 3275 1474 imperium,
3311 1408 3600 1479 statimque

2013 1496 2167 1558 porta
2190 1503 2250 1544 se
2293 1489 2578 1560 subrigens
2603 1490 2832 1546 liberum
2861 1493 3186 1550 intrantibus
3213 1496 3467 1565 patefecit
3510 1499 3596 1553 iu-

1955 1605 1958 1610 -
2013 1595 2276 1649 gressum.
2309 1580 2559 1650 Odorque
2585 1583 2936 1639 suavissimus
2965 1587 3078 1654 qui,
3111 1587 3370 1644 volitante
3393 1591 3590 1646 divini-

2017 1679 2102 1724 tus
2128 1687 2259 1724 aura
2289 1671 2355 1724 de
2380 1670 2665 1726 Persarum
2695 1675 2991 1741 provincia,
3015 1691 3112 1746 per
3144 1679 3299 1750 longa
3327 1690 3594 1737 terrarum

317 1784 412 1854 qui
444 1782 738 1838 manifeste
768 1783 878 1838 Deo
913 1791 1033 1838 erat
1055 1783 1382 1847 contrarius,
1409 1758 1679 1851 ql'mmodo
1705 1797 1735 1836 a
1759 1797 1912 1836 (ποθ,
1944 1761 1987 1821 Β
2017 1759 2188 1854 spatia
2225 1758 2611 1854 ldiei'osolyiitis
2645 1760 2818 1816 fuerat
2845 1763 3066 1833 illapsus
3092 1779 3365 1824 momento
3403 1772 3592 1826 eodem

321 1885 442 1928 tura
481 1874 576 1930 Dei
631 1889 758 1930 esse
803 1875 1072 1944 potuisset
1099 1873 1346 1928 amatus?
1385 1871 1632 1942 Cumque
1662 1872 1914 1926 tremefa-

321 1973 443 2020 ctus
470 1964 823 2020 salutationis
849 1963 1013 2019 verba
1057 1962 1321 2032 proferret
1363 1961 1634 2026 Graccho,
1691 1961 1780 2016 ille
1827 1976 1916 2016 re-

321 2053 578 2126 spondit:
599 2054 656 2109 Si
694 2055 775 2110 vis
799 2055 1028 2110 salutem
1054 2055 1278 2120 habere,
1303 2069 1402 2124 pro
1446 2069 1512 2110 eo
1540 2055 1680 2124 quod
1709 2053 1910 2125 lignum

321 2152 528 2200 sancta:
568 2145 771 2208 crucis,
809 2145 1058 2214 quamvis
1104 2145 1376 2217 indiguus,
1418 2143 1716 2200 honorifice
1757 2143 1913 2211 juxta

321 2234 606 2289 modulum
656 2244 808 2289 tuum
863 2235 1134 2300 tractasti,
1185 2235 1228 2290 si
1269 2235 1494 2290 credere
1532 2235 1762 2290 Domino
1786 2231 1912 2288 Jesu

322 2325 543 2380 Christo
573 2325 828 2387 volucris,
867 2334 924 2380 et
949 2341 1168 2380 servum
1205 2336 1256 2380 te
1281 2326 1425 2380 illius
1449 2340 1570 2381 esse
1597 2325 1914 2395 promiseris

321 2417 482 2487 cujus
509 2433 610 2489 ego
630 2434 750 2474 sum
779 2417 1034 2486 famulus,
1065 2418 1118 2473 in
1155 2419 1385 2474 veritate
1407 2417 1690 2473 confessus
1721 2415 1910 2480 fueris,

323 2525 552 2580 regnum
599 2509 698 2563 tibi
725 2509 1014 2564 Persarum
1058 2517 1265 2564 tantum
1318 2524 1440 2564 cum
1487 2509 1816 2579 patrimonio
1859 2515 1915 2563 et

325 2597 519 2659 vitam,
561 2597 806 2666 acceptis
835 2612 865 2650 a
897 2605 952 2651 te
979 2597 1131 2668 pacis
1161 2597 1460 2661 obsidibus,
1483 2597 1658 2663 dabo;
1690 2597 1772 2651 sin
1820 2611 1915 2650 au-

323 2697 432 2742 tem
462 2688 610 2744 aliud
632 2689 833 2759 egeris,
867 2705 989 2744 mox
1025 2703 1146 2744 meo
1169 2689 1346 2761 gladio
1377 2689 1644 2744 interibis.
1673 2689 1916 2760 Cumque

319 2779 414 2834 ille
445 2795 792 2850 nequaquam
820 2781 1207 2850 acquiesceret,
1233 2779 1512 2836 Gracchus
1539 2787 1784 2835 extracto
1804 2779 1916 2850 gla-

318 2871 415 2926 dio
445 2881 615 2940 caput
641 2870 787 2925 illius
810 2871 1130 2942 amputavit.
1172 2870 1378 2926 Tamen
1409 2871 1624 2940 sepeliri
1649 2884 1772 2924 eum
1793 2869 1914 2939 jus-

317 2961 414 3025 sit,
455 2961 583 3030 quia
613 2975 712 3014 rex
742 2959 942 3025 fuerat,
975 2960 1140 3014 [ilium
1169 2969 1350 3015 autem
1377 2961 1499 3030 ejus
1520 2961 1782 3030 baptizari
1798 2959 1915 3029 jus-

316 3049 416 3114 sit.
451 3049 681 3120 ipseque
705 3064 828 3104 eum
859 3049 928 3104 de
956 3065 1111 3105 sacro
1133 3049 1284 3106 fonte
1315 3051 1579 3121 suscepit;
1607 3061 1728 3106 erat
1765 3053 1910 3106 enim

2015 1863 2123 1918 quo
2145 1849 2209 1904 de
2229 1848 2352 1903 fano
2381 1848 2618 1905 Chosroe
2643 1861 2828 1905 sancta
2857 1868 2990 1907 crux
3021 1854 3195 1910 fuerat
3222 1857 3468 1914 Graccho
3493 1861 3592 1926 ba-

2009 1940 2218 2011 julante
2240 1955 2480 2010 egressa,
2501 1951 2629 1996 tnuc
2655 1943 2834 2008 rediit,
2861 1945 3208 2016 omniumque
3235 1958 3450 2018 pectora
3475 1966 3598 2022 gra-

2013 2039 2196 2086 tanter
2243 2031 2456 2086 infudit.
2507 2031 2769 2088 Vincebat
2795 2034 2939 2088 enim
2975 2047 3216 2092 aromata
3256 2041 3438 2095 omnia
3461 2051 3600 2098 tere-

2013 2123 2188 2179 binthi
2215 2132 2406 2178 natura
2432 2123 2514 2178 vel
2543 2123 2770 2178 balsami
2806 2133 2967 2194 atque
3002 2128 3257 2198 myrrhae.
3301 2127 3600 2188 Confestim

2015 2215 2180 2286 igitur
2205 2215 2478 2284 popularis
2505 2215 2682 2286 gaudii
2715 2215 2858 2270 favet
2889 2217 2942 2270 in
2969 2217 3080 2272 alto
3108 2218 3353 2274 sublatus
3377 2221 3468 2275 Dei
3485 2220 3600 2277 lau—

2015 2307 2175 2362 dabat
2229 2308 2526 2376 potentiam
2554 2323 2569 2372 ;
2621 2308 2806 2378 sicque
2841 2307 3106 2379 gloriosus
3127 2311 3400 2382 Augustus
3421 2329 3600 2369 crum-

2013 2416 2149 2471 pens
2176 2401 2229 2456 in
2261 2401 2510 2457 laudibus
2535 2403 2642 2456 ait:
2670 2403 2715 2458 Ο
2743 2418 2896 2468 crux,
2929 2405 3244 2460 admirabile
3271 2407 3504 2477 signum,
3539 2409 3595 2462 in

2013 2508 2117 2562 qua
2143 2493 2402 2548 Dominus
2422 2503 2606 2548 noster
2621 2492 2778 2549 Jesus
2793 2493 3040 2549 Christus
3063 2495 3156 2550 Dei
3181 2495 3349 2551 Filius
3371 2513 3599 2567 suSpen-

2015 2598 2127 2648 sus,
2144 2599 2244 2653 pro
2267 2593 2574 2640 nostrorum
2599 2586 2836 2654 pondere
2861 2586 3146 2640 criminum
3165 2589 3356 2642 mortis
3369 2587 3596 2643 damna-

2013 2677 2420 2752 vit[portavit?]
2445 2679 2788 2750 supplicium,
2817 2689 2871 2736 et
2893 2681 3112 2751 sanguis
3131 2680 3249 2750 ejus
3270 2666 3596 2751 adorandus,

2017 2770 2228 2826 thronis
2257 2781 2314 2827 et
2340 2771 2568 2842 angelis,
2596 2772 2768 2827 niveis
2799 2772 3127 2828 cautioribus
3154 2773 3397 2828 radiante
3440 2775 3597 2828 turba

2014 2859 2256 2927 virtutis,
2295 2860 2496 2916 elfusus
2518 2871 2604 2916 est
2630 2863 2684 2916 in
2711 2862 2886 2932 pretio
2911 2871 3113 2917 nostra:
3144 2862 3360 2917 salutis!
3394 2862 3438 2918 0
3465 2878 3597 2918 crux

2016 2950 2348 3020 Splendidior
2370 2953 2551 3018 astris,
2585 2953 2784 3008 mundo
2821 2953 3074 3018 celebris,
3115 2953 3426 3009 hominibus
3464 2955 3600 3008 mul-

2017 3053 2130 3098 tum
2186 3044 2454 3111 amabilis,
2495 3046 2734 3100 sanctior
2791 3045 3087 3100 universis!
3124 3059 3243 3115 qua:
3289 3045 3399 3100 sola
3427 3045 3592 3114 digna

315 3117 510 3200 ἀειρρῶ
537 3117 835 3200 agnorum
882 3145 1280 3214 Descriplioncs
1327 3117 1490 3200 ειξεη]
1525 3146 1674 3216 mgni
1721 3146 1912 3200 per-sa-
1941 3117 1985 3180 C
2018 3133 2164 3189 fuisti
2195 3143 2412 3204 portare
2444 3135 2700 3190 talentum
2727 3137 2908 3191 mundi
2930 3153 2944 3203 ;
2969 3137 3126 3191 dulce
3151 3136 3377 3206 lignum,
3421 3137 3600 3192 dulces

317 3249 446 3288 mm
473 3235 578 3290 sub
596 3233 720 3305 ejus
751 3235 969 3290 nomine
997 3233 1145 3299 fecit,
1173 3243 1451 3304 totumque
1480 3245 1766 3306 argentum
1797 3245 1913 3290 tur-

317 3325 400 3379 ris
431 3325 578 3380 illius
608 3325 664 3379 in
687 3326 923 3396 praedam
962 3327 1042 3380 sui
1087 3327 1360 3382 exercitus
1394 3327 1685 3397 deputavit,
1720 3344 1912 3382 aurum

317 3429 459 3470 vero
481 3415 570 3471 vel
603 3429 848 3486 gemmas
878 3416 932 3470 iu
959 3415 1106 3472 vasis
1133 3416 1215 3472 vel
1240 3417 1566 3472 utensilibus
1603 3418 1671 3472 ad
1698 3426 1910 3472 restau-

319 3506 596 3560 rationem
633 3505 1010 3570 ecclesiarum,
1052 3522 1189 3575 quas
1241 3515 1503 3578 tyrannus
1547 3509 1909 3574 destrinxerat,

319 3595 647 3649 reservavit.
703 3594 1013 3665 Suscipiens
1043 3597 1205 3668 igitur
1225 3597 1482 3668 gloriosis
1515 3598 1680 3653 inium
1706 3599 1910 3670 lignum

321 3685 525 3748 crucis,
551 3684 699 3756 quod
725 3685 920 3754 impius
943 3695 1338 3756 asportavcrat,
1371 3687 1797 3759 Hierosolymam
1821 3691 1912 3745 de-

325 3775 486 3839 tulit;
519 3776 823 3846 gaudentcs
852 3792 1042 3832 omnes
1085 3779 1263 3848 populi
1313 3794 1436 3834 cum
1495 3781 1661 3836 ramis
1710 3781 1912 3852 palma-

327 3885 471 3934 rum,
500 3870 678 3924 cereis
703 3879 760 3924 et
789 3869 1125 3941 lampadibus
1149 3873 1232 3926 vel
1258 3873 1476 3928 diverso
1512 3873 1698 3944 gloria:
1745 3889 1910 3944 appa-

323 3967 470 4025 ratu,
493 3974 616 4013 cum
667 3960 887 4031 hymnis
927 3969 982 4017 et
1018 3963 1246 4018 canticis
1287 3964 1502 4018 obviam
1529 3965 1619 4018 alii
1656 3973 1908 4034 pergunt,

329 4059 494 4119 atque
543 4049 636 4104 alii
697 4051 1122 4120 subsequuntur.
1171 4052 1416 4124 Cumque
1482 4056 1779 4126 imperator
1846 4057 1913 4110 de

329 4148 511 4194 monte
534 4138 731 4194 Oliveti
783 4140 1154 4198 descendisset
1190 4159 1288 4214 per
1321 4159 1441 4198 eam
1485 4154 1694 4213 portam
1747 4159 1908 4212 quam

331 4229 584 4285 Dominus
611 4231 918 4296 intraxerat
944 4235 1160 4300 quando
1207 4237 1274 4288 ad
1319 4235 1627 4304 passionem
1663 4246 1909 4301 venerat,

335 4321 444 4389 ipse
489 4323 636 4394 regio
675 4320 1034 4394 [diademate]
1079 4335 1134 4378 et
1163 4325 1502 4380 ornamentis
1543 4326 1910 4396 imperialibus

336 4413 626 4478 decoratus,
651 4411 856 4468 sedens
894 4412 1154 4468 voluisset
1183 4416 1411 4480 intrare,
1459 4425 1680 4484 repente
1710 4415 1910 4484 lapides

334 4511 485 4570 porta:
507 4503 932 4570 descendentes,
960 4504 1262 4560 clauserunt
1291 4522 1350 4562 se
1373 4507 1626 4568 invicem,
1653 4516 1705 4561 et
1737 4506 1912 4562 factus

334 4603 404 4648 est
421 4595 596 4664 paries
618 4611 787 4650 unus.
835 4593 1086 4664 Cumque
1115 4597 1442 4652 mirarentur
1467 4599 1702 4663 attoniti,
1743 4601 1909 4654 nimio

333 4692 517 4742 terrore
543 4684 870 4749 constricti,
891 4684 1244 4754 respicientes
1267 4687 1320 4741 in
1347 4688 1539 4753 altum,
1566 4689 1814 4744 viderunt
1833 4691 1910 4744 si-

321 4793 466 4847 gnum
513 4787 726 4834 sanctas
767 4776 960 4830 crucis
1012 4775 1064 4830 in
1085 4778 1244 4842 coelo,
1289 4778 1540 4834 llainmco
1585 4778 1792 4851 fulgore
1822 4795 1909 4834 re-

314 4869 600 4940 splendere.
631 4866 901 4941 Angelus
931 4867 1074 4922 enim
1121 4869 1332 4925 Domini
1383 4872 1652 4941 aSpiciens
1690 4873 1816 4928 illud
1857 4876 1908 4928 in

300 4963 551 5034 mibas,
601 4962 786 5022 εωιῑι
839 4971 1010 5028 super
1055 4969 1266 5028 portam
1327 4971 1381 5017 ct
1413 4964 1522 5017 ait:
1565 4965 1788 5031 Quando
1815 4982 1905 5021 rex

2015 3225 2216 3293 clavos,
2271 3228 2426 3282 dulce
2475 3229 2682 3298 pondus
2722 3229 2998 3284 sustinuit.
3060 3227 3217 3282 Salva
3274 3239 3596 3298 prtesentcm

2015 3329 2309 3384 catervam,
2339 3320 2392 3374 in
2421 3321 2526 3375 tuis
2551 3321 2710 3376 hodie
2731 3321 2981 3376 laudibus
2995 3329 3400 3390 congregatam,
3425 3329 3479 3375 et
3505 3329 3598 3375 tuo

2013 3407 2213 3463 vexillo
2239 3409 2533 3480 signatam.
2563 3410 2691 3465 llaec
2719 3427 2842 3466 cum
2871 3411 3118 3476 dixisset,
3149 3411 3597 3480 pretiosissimam

2012 3509 2220 3568 partem
2247 3501 2401 3570 ligni,
2433 3518 2593 3571 quam
2622 3519 2806 3558 secum
2831 3503 3119 3570 detulerat,
3145 3503 3262 3558 loco
3291 3518 3388 3558 suo
3433 3504 3594 3558 resti—

2013 3590 2110 3644 tuit
2123 3627 2136 3642 .
2155 3589 2305 3646 Tunc
2327 3599 2620 3647 renovantc
2636 3593 2864 3648 Domino
2878 3595 3097 3664 antiqua
3117 3595 3396 3659 miracula,
3409 3595 3496 3649 die
3511 3612 3600 3650 eo-

2013 3683 2132 3738 dem
2163 3693 2405 3740 mortuus
2429 3702 2566 3740 unus
2587 3687 2783 3755 recepit
2811 3688 3080 3756 prnpriam
3101 3687 3263 3740 vitam
3281 3687 3600 3758 ,~paralytici

2012 3783 2246 3844 quatuor
2272 3776 2451 3844 adepti
2480 3783 2606 3829 sunt
2630 3778 2914 3830 sanitatem
2941 3776 3230 3840 amissam;
3263 3777 3458 3846 Ieprosi
3499 3779 3594 3831 de-

2013 3881 2131 3919 cem
2177 3873 2353 3920 cutem
2405 3873 2727 3934 receperunt
2777 3867 3062 3929 mundam;
3091 3866 3396 3935 quindecim
3453 3882 3590 3936 quo-

2013 3971 2117 4024 que
2157 3957 2284 4011 creci
2333 3957 2436 4012 luci
2476 3968 2601 4010 sunt
2630 3957 2902 4022 restituti;
2934 3956 3150 4026 plurimi
3179 3971 3393 4027 quoque
3429 3972 3458 4010 a
3489 3957 3596 4010 dac-

2015 4050 2263 4105 mouibus
2287 4050 2480 4119 erepti,
2511 4049 2774 4119 multique
2801 4064 2828 4102 a
2853 4049 3019 4103 variis
3038 4058 3162 4103 sunt
3190 4047 3596 4102 infirmitatibus

2013 4141 2244 4196 liberati.
2277 4140 2427 4196 'l‘unc
2477 4141 2792 4212 imperator,
2824 4142 3071 4195 oratione
3094 4147 3334 4209 peracta,
3370 4140 3602 4194 ollerens

2013 4234 2179 4288 multa
2212 4235 2458 4299 dunaria,
2491 4234 2748 4288 ecclesias
2777 4247 3029 4304 reparare
3063 4231 3191 4287 fecit
3219 4233 3331 4286 suis
3375 4216 3602 4300 sumpti-

2011 4324 2134 4387 bus,
2162 4323 2395 4377 reddens
2411 4323 2692 4393 privilegia
2715 4324 3037 4377 auctoritate
3061 4322 3292 4391 prolata,
3309 4321 3600 4374 restituens

2015 4414 2256 4482 captivos
2291 4414 2342 4467 in
2382 4414 2620 4482 propria,
2654 4413 2788 4467 dans
2813 4419 3112 4481 opportuna
3142 4408 3426 4478 praesidia;
3457 4408 3599 4462 (20n-

2018 4503 2424 4571 stantinopolim
2459 4503 2638 4567 rediit,
2664 4501 2835 4554 fretus
2862 4499 3042 4553 divina
3092 4501 3450 4570 providentia.
3539 4498 3597 4552 In

2018 4605 2218 4650 sanctae
2267 4595 2445 4650 crucis
2490 4592 2790 4665 signaculo,
2828 4591 3211 4646 miraculorum
3253 4591 3482 4660 plurima
3516 4591 3600 4646 iu-

2015 4695 2312 4750 cremeuta,
2345 4687 2582 4740 donante
2611 4683 2840 4737 Domino
2865 4690 3052 4737 nostro
3087 4681 3214 4737 Jcsu
3245 4683 3482 4748 Christo,
3511 4682 3599 4738 cui

2012 4789 2090 4834 est
2139 4780 2311 4832 honor
2359 4785 2412 4832 et
2457 4775 2648 4848 gloria,
2699 4790 2822 4829 cum
2871 4773 3034 4830 Patre
3063 4783 3120 4829 et
3163 4773 3366 4844 Spiritu
3400 4773 3600 4827 Sancto

2012 4871 2408 4940 omnipotente,
2438 4883 2532 4938 per
2561 4867 2744 4924 omnia
2782 4865 2979 4922 sarcula
3010 4865 3350 4922 saeculorum.
3403 4863 3608 4920 Amcu~
