4040 6188
1082 269 1144 324 a.
1184 268 1440 324 uanam
1478 265 1695 322 suum
1731 263 2048 320 ARCHIEP.
2093 263 2398 321 uocum.
2441 263 2724 322 OPERUM
2761 223 2940 322 rans
2971 266 3036 322 ιι.
3369 229 3398 244 ’
3583 265 3685 318 ise

796 773 1298 932 H0llllillll
1406 771 1538 922 IN
1644 765 2307 922 EVANGELIA
2415 768 2559 920 ΕΤ
2665 769 3314 928 EPIS’NLAS.

1890 1010 2240 1027 #—

1019 1097 1179 1151 ΡιιΑΞ
1191 1096 1410 1151 FATlO.

826 1192 908 1246 An
935 1191 1255 1245 LO'I‘IIABIUM
1289 1190 1604 1243 Aucusvuu.

500 1283 888 1342 Amantissimo
925 1282 1234 1350 imperatori
1262 1280 1541 1335 Lortumo
1569 1280 1810 1349 Augusto
1836 1278 2003 1341 salus,

434 1359 660 1414 victoria
683 1364 738 1409 et
764 1355 872 1408 vita
909 1361 1186 1422 perpetua.

497 1469 800 1538 Cognoscat
841 1464 1057 1518 almitas
1094 1469 1294 1523 vestra,
1320 1460 1392 1514 mi
1436 1459 1672 1520 domine,
1697 1459 1842 1526 quod
1867 1457 2007 1510 sicut

427 1559 658 1632 primam
693 1565 900 1625 partem
926 1551 1270 1606 homiliarum
1298 1552 1350 1604 in
1377 1551 1635 1604 lectiones
1669 1549 2007 1618 evangelicas

427 1659 589 1719 atque
605 1645 925 1717 apostolicos
953 1643 1081 1696 mihi
1107 1642 1349 1696 scribere
1367 1642 1630 1709 jussistis,
1655 1657 1816 1710 quam
1842 1642 2004 1695 etiam

427 1759 457 1797 a
484 1741 656 1796 Natali
683 1737 893 1794 Domini
919 1735 1200 1804 incipiens,
1232 1749 1402 1802 usque
1442 1736 1493 1787 in
1539 1734 1750 1804 vigilias
1787 1733 2008 1788 Pascha:

423 1831 672 1903 perduxi,
723 1839 776 1884 et
803 1827 958 1884 vobis
1009 1834 1285 1896 peractam
1317 1825 1614 1888 transmisi,
1645 1825 1716 1878 ita
1745 1839 1774 1877 a
1799 1824 2006 1878 Pascha

425 1939 597 1994 usque
625 1923 690 1977 ad
731 1922 974 1992 quintam
1011 1919 1272 1973 decimam
1302 1917 1634 1971 Dominicam
1659 1923 1778 1984 post
1819 1915 2010 1968 Pente—

422 2023 628 2075 costen,
659 2011 952 2070 secundam
972 2018 1180 2080 partem
1207 2009 1468 2078 pertraxi,
1491 2015 1550 2061 ut
1571 2007 1846 2062 haberetis
1865 2005 2009 2075 quod

422 2106 476 2159 in
517 2105 799 2175 priesentia
827 2109 1008 2158 vestra
1038 2109 1280 2168 tempore
1306 2100 1447 2152 veris
1469 2107 1525 2152 et
1542 2097 1766 2162 aestatis,
1789 2097 1831 2151 si
1858 2095 2012 2151 vobis

425 2199 497 2253 ita
523 2198 780 2267 placeret,
809 2195 960 2250 horis
988 2193 1422 2263 competentibus
1449 2190 1740 2261 legeretur.
1769 2189 2008 2244 Tertiam

423 2302 554 2340 vero
585 2295 797 2357 partem
825 2301 855 2340 a
880 2285 1113 2339 termino
1136 2297 1298 2352 supra
1327 2290 1512 2336 notato
1550 2293 1722 2351 usque
1751 2280 1818 2334 ad
1849 2279 2010 2334 tinem

423 2377 550 2434 anni
578 2377 892 2446 perducere,
924 2374 1148 2429 si'Deus
1200 2373 1273 2426 ita
1319 2370 1573 2436 voluerit,
1621 2370 1801 2440 cogito
1849 2378 2011 2438 atque

2033 1103 2081 1158 Α
2110 1098 2198 1148 ubi
2227 1095 2466 1148 Christus
2489 1108 2566 1152 est
2591 1099 2662 1152 ad
2687 1100 2956 1156 dexteram
2987 1105 3079 1160 Dei
3098 1107 3317 1173 sedens;
3339 1129 3455 1184 qua:
3472 1133 3684 1176 sursum

2107 1199 2228 1242 sunt
2267 1191 2453 1258 sapite,
2474 1207 2574 1245 non
2596 1209 2711 1262 qua:
2735 1211 2890 1264 super
2915 1207 3130 1254 terram.
3159 1201 3236 1256 Ac
3269 1203 3314 1258 si
3355 1206 3566 1264 dicatur
3590 1229 3690 1269 nos

2109 1281 2199 1350 qui
2229 1282 2295 1334 ad
2329 1281 2612 1350 imaginem
2654 1295 2855 1340 sancta:
2894 1287 3176 1346 Trinitatis
3225 1295 3426 1351 conditi
3479 1315 3687 1368 sumus,

2109 1373 2249 1426 trina
2288 1372 2636 1428 subversione
2666 1376 2916 1446 baptizati
2962 1395 3061 1450 per
3107 1382 3501 1443 invocationem
3527 1392 3684 1462 ejus-

2111 1463 2230 1518 dem
2261 1474 2462 1518 sancta:
2488 1463 2772 1520 Trinitatis
2801 1469 2868 1522 ad
2920 1473 3164 1527 eamdem
3197 1490 3522 1534 renovamur
3547 1482 3687 1536 ima-

2109 1551 2312 1621 ginem,
2371 1560 2426 1606 et
2481 1555 2573 1622 qui
2619 1555 2762 1610 trino
2799 1567 3020 1625 peccato
3049 1563 3282 1620 maxime
3309 1567 3605 1626 decidimus
3634 1573 3686 1628 in

2112 1652 2362 1705 mortem,
2406 1644 2584 1726 idest,
2619 1645 2672 1698 in
2702 1648 3028 1717 cogitatione
3061 1652 3263 1722 iniqua,
3298 1657 3349 1710 in
3379 1659 3690 1717 delectatio-

2113 1746 2181 1784 ne
2209 1731 2388 1785 carnis
2408 1749 2529 1787 cum
2559 1750 2821 1791 consensu
2849 1755 3068 1808 operum
3093 1744 3378 1813 malorum,
3401 1750 3558 1805 tertio
3581 1753 3692 1808 ele-

2113 1823 2218 1876 vati
2253 1822 2320 1876 de
2343 1821 2511 1887 fonte,
2543 1826 2858 1881 remissione
2883 1832 3122 1886 omnium
3170 1845 3516 1903 peccatorum
3557 1856 3685 1912 per-

2113 1921 2268 1981 cepta
2293 1927 2388 1982 per
2407 1913 2606 1968 Christi
2631 1917 2879 1985 gratiam,
2903 1921 3044 1975 sicut
3068 1922 3182 1993 ipse
3211 1927 3368 1980 tertia
3396 1928 3482 1983 die
3507 1945 3692 1986 resur-

2115 2007 2274 2069 rexit,
2321 2021 2420 2059 nos
2450 2023 2794 2075 resurgamus
2845 2013 2912 2066 ad
2967 2013 3153 2069 vitam.
3191 2015 3298 2073 Nos
3333 2034 3462 2074 vero
3485 2021 3530 2076 si
3554 2037 3690 2078 con-

2113 2111 2333 2166 surgere
2356 2097 2600 2166 cupiinus
2613 2113 2733 2152 cum
2751 2099 2986 2166 Christo,
3018 2103 3170 2173 prius
3183 2107 3480 2163 moriamur
3493 2111 3691 2166 mundo

2112 2194 2166 2242 et
2187 2188 2634 2256 concupiscentiis
2656 2189 2983 2257 carnalibus,
3011 2202 3068 2248 et
3093 2195 3426 2265 deponamus
3449 2208 3688 2257 veterem

2114 2279 2407 2343 hominem,
2442 2279 2492 2332 id
2515 2287 2619 2343 est,
2651 2281 2844 2335 malam
2874 2282 3228 2351 voluntatem,
3260 2287 3344 2342 vel
3381 2305 3534 2345 usum
3557 2307 3683 2362 pra-

2113 2387 2238 2426 vtun
2265 2378 2321 2424 et
2343 2371 2728 2428 delectationes
2749 2375 3040 2442 pessimus;
3073 2377 3358 2435 induamus
3403 2397 3503 2436 nos
3533 2383 3688 2438 beni-

420 2468 674 2532 decerno,
701 2472 756 2520 et
778 2465 930 2520 vobis
951 2477 1070 2518 eam
1098 2463 1368 2527 similiter,
1400 2477 1522 2517 cum
1551 2461 1789 2532 perlecta
1815 2458 2000 2522 fuerit,
2033 2473 2078 2531 Β
2107 2465 2312 2534 gnitale
2345 2471 2406 2517 ut
2424 2465 2685 2532 proximis
2713 2466 2913 2521 nostris
2936 2483 3057 2521 cum
3087 2471 3234 2524 omni
3267 2472 3549 2528 devotione
3578 2476 3681 2532 bo-

423 2557 786 2613 transmittere
833 2555 1085 2625 dispono,
1135 2554 1226 2608 ubi
1273 2553 1438 2607 etiam
1500 2566 1670 2623 prope
1713 2551 2004 2605 terminum

428 2650 598 2720 ipsius
621 2649 802 2718 operis
827 2647 895 2701 de
917 2654 1225 2702 sanctorum
1248 2642 1655 2706 festivitatibus,
1679 2656 1780 2696 nec
1807 2656 1914 2694 non
1951 2648 2007 2694 et

421 2739 491 2795 de
517 2738 638 2793 aliis
667 2735 1095 2800 celebritatibus,
1133 2750 1253 2805 qua:
1279 2735 1345 2788 de
1366 2733 1592 2789 diversis
1616 2732 1795 2786 causis
1820 2730 2006 2786 obser-

419 2829 611 2884 vanda
637 2844 666 2883 a
689 2827 936 2896 patribus
959 2834 1175 2880 statuta!
1213 2831 1361 2888 sunt,
1391 2837 1671 2879 sermones
1713 2821 2004 2890 conscripti

422 2929 696 2976 tenentur.
724 2918 805 2972 Ad
829 2926 1134 2972 extremum
1155 2930 1286 2969 vero
1305 2914 1568 2970 lectiones
1592 2929 1714 2982 qua:
1742 2913 1795 2966 in
1817 2911 2005 2966 defun-

423 3019 639 3066 ctorum
684 3007 884 3080 vigiliis
913 3007 1164 3077 leguntur
1182 3005 1339 3074 juxta
1383 3005 1524 3074 quod
1564 3003 1877 3074 postulastis
1905 3019 2005 3072 po-

421 3103 540 3158 sitze
560 3111 707 3156 sunt.
733 3100 851 3154 Fiat
872 3099 1086 3154 Domini
1110 3097 1358 3154 voluntas
1394 3105 1452 3150 ut
1499 3105 1607 3150 tam
1657 3096 1724 3148 ad
1767 3104 2002 3149 vestram

415 3207 577 3264 quam
627 3191 696 3244 ad
741 3199 1048 3244 vestrorum
1097 3187 1388 3242 utilitatem
1427 3186 1726 3256 prolicumn
1765 3187 1858 3239 sit.
1892 3186 2003 3256 Ego

417 3285 584 3348 enim,
609 3291 869 3354 quantum
886 3281 1061 3352 potui,
1085 3279 1185 3335 feci
1208 3297 1223 3346 ;
1254 3295 1350 3334 vos
1378 3288 1559 3333 autem
1589 3279 1732 3346 quod
1755 3276 1883 3331 mihi
1907 3278 2006 3331 im-

414 3373 747 3444 possibilitas
768 3371 1052 3441 denegavit
1074 3387 1170 3441 per
1189 3381 1426 3424 vestram
1453 3384 1639 3424 sanam
1663 3367 2002 3437 prudentiam

415 3470 472 3517 et
501 3463 698 3518 bonum
753 3461 993 3518 studium
1041 3460 1326 3531 adimpleri
1377 3475 1484 3514 non
1537 3458 1742 3514 dubito.
1778 3457 2004 3514 Conﬁdo

415 3568 548 3624 ergo
561 3553 704 3622 quod
726 3553 806 3608 sic
822 3551 951 3606 mihi
971 3551 1270 3606 consolatio
1295 3565 1401 3604 non
1427 3549 1649 3604 minima
1671 3548 2002 3614 conferatur,

413 3655 470 3699 et
487 3643 640 3698 vobis
664 3659 762 3714 pro
789 3643 1035 3712 perfecto
1067 3655 1235 3712 opere
1283 3649 1487 3695 aeterna
1532 3656 1742 3696 merces
1767 3656 1798 3694 a
1835 3640 2005 3695 bono-

417 3751 534 3791 rum
565 3735 809 3792 omnium
836 3735 1092 3806 largitore
1117 3734 1171 3788 in
1193 3732 1348 3788 caelis
1367 3741 1720 3803 prteparetur.

1103 3875 1320 3892 -——.

935 3953 1219 4010 llOMlLlA
1257 3954 1488 4010 PRIMA.

699 4063 753 4102 ΠΝ
775 4061 975 4102 νιοιιιλ
1001 4062 1215 4102 ΡΑὸΟΙΙΑΞ
1237 4063 1474 4103 ΒΔΒΒΑΤΟ
1497 4063 1700 4106 SANCTO

416 4160 602 4216 Lectio
630 4158 883 4230 Epistolas
913 4157 1058 4214 beati
1086 4159 1239 4214 Pauli
1279 4161 1510 4230 apostoli
1537 4163 1606 4217 ad
1631 4162 2000 4218 Colossenscs.

491 4272 727 4340 Fratres,
751 4273 798 4327 si
820 4273 1227 4328 consurrexistis
1249 4290 1369 4328 cum
1396 4272 1625 4338 Christo,
1647 4291 1766 4344 qum
1791 4291 2004 4329 sursum

413 4376 533 4422 sunt
558 4367 796 4438 quwrite,
822 4365 911 4420 ubi
931 4363 1171 4420 Christus
1185 4375 1258 4420 est
1283 4365 1351 4418 ad
1366 4364 1634 4420 dexteram
1663 4365 1758 4420 Dei
1785 4368 2002 4432 sedens;

413 4475 532 4528 qua:
557 4473 772 4511 sursum
805 4465 928 4510 sunt
953 4457 1124 4526 sapite
1149 4496 1165 4521 ,
1191 4472 1294 4510 non
1320 4473 1438 4527 qua:
1476 4473 1633 4527 super
1653 4466 1870 4522 terram,
1895 4467 2000 4513 etc.

488 4547 703 4602 Domini
726 4546 900 4602 nostri
936 4545 1064 4602 Jesu
1091 4546 1293 4602 Christi
1344 4547 1714 4603 bonorabilem
1745 4549 2002 4603 solemni-

420 4647 589 4696 tatem
621 4655 719 4695 sua
743 4638 957 4694 favente
979 4639 1291 4703 clementia,
1319 4638 1518 4695 fratres
1550 4639 1880 4706 charissimi,
1936 4639 2003 4694 li-

416 4730 611 4786 deliter
655 4742 998 4794 veneremur,
1029 4731 1390 4800 pietatemque
1417 4728 1534 4800 ejus
1562 4730 1882 4786 inell‘abilem
1909 4731 2002 4786 ad-

417 4822 806 4892 miremur,qui
829 4837 936 4878 non
961 4822 1136 4878 solum
1159 4832 1360 4878 nostra:
1402 4823 1790 4893 redemptionis
1837 4839 2002 4879 causa

416 4914 710 4970 humanam
750 4929 971 4969 carnem
1021 4915 1284 4984 suscepit,
1337 4929 1528 4970 verum
1579 4917 1746 4971 etiam
1789 4916 2001 4972 diversa

420 5017 700 5074 [uenarum
731 5018 926 5076 genera
955 5017 1055 5074 pro
1083 5013 1272 5058 nostra
1310 5005 1483 5060 salute
1523 5007 1708 5061 subire
1753 5007 2004 5076 dignatus

419 5103 524 5162 est,
549 5103 608 5150 ut
634 5095 758 5151 licet
784 5105 906 5165 post
934 5095 1162 5150 multant
1199 5096 1405 5152 inertiae
1434 5105 1489 5152 ct
1527 5099 1760 5168 pigritite
1801 5109 2001 5156 nostra:

2107 2569 2178 2608 na
2206 2553 2486 2620 faciamus,
2525 2563 2579 2609 et
2617 2564 2739 2626 post
2787 2557 2884 2614 Dei
2939 2559 3278 2616 dilectionem
3333 2563 3467 2619 nihil
3513 2565 3688 2623 amori

2103 2643 2334 2712 proximi
2349 2659 2740 2714 przeponamus,
2763 2646 2856 2702 sed
2877 2656 2936 2702 ut
2959 2649 3202 2720 nosipsos
3235 2651 3354 2707 illos
3379 2653 3685 2725 diligamus.

2107 2733 2391 2803 Sequitur:
2435 2734 2566 2800 Qute
2606 2753 2813 2792 sursum
2852 2752 2972 2794 sunt
3015 2743 3206 2813 sapite,
3248 2759 3351 2798 non
3375 2761 3492 2816 qua:
3525 2763 3686 2818 super

2103 2834 2320 2890 terram,
2354 2834 2563 2881 tantum
2591 2843 2653 2883 ea
2685 2845 2806 2913 quae
2839 2832 3083 2887 ccelestia
3107 2842 3254 2901 sunt,
3281 2851 3386 2891 non
3415 2853 3534 2906 qua:
3581 2847 3691 2892 ter-

2105 2916 2322 2984 restria,
2349 2927 2674 2987 qurerentes.
2695 2917 2879 2976 Terra:
2899 2923 3060 2988 mori,
3087 2924 3271 2980 vivere
3296 2935 3473 2982 autem
3501 2927 3692 2983 Domi-

2105 3021 2198 3070 no,
2241 3007 2518 3063 cmlestem
2581 3011 2776 3063 sectari
2829 3012 3174 3080 sapientiam,
3217 3031 3325 3071 non
3369 3025 3683 3084 terrenam;
3767 3038 3774 3042 ν

2104 3112 2230 3150 nam
2261 3098 2541 3153 subditur:

2183 3207 2382 3265 Μονιαὶ
2410 3211 2546 3264 enim
2576 3213 2698 3268 θεώ
2728 3223 2776 3268 et
2807 3216 2912 3269 vita
2939 3226 3116 3271 nostra
3139 3217 3443 3273 abscondita
3467 3228 3541 3274 est
3569 3235 3695 3275 cum

2105 3299 2312 3358 Christo
2336 3298 2390 3357 in
2419 3305 2549 3369 ιλνο,
2577 3307 2704 3375 quia
2733 3307 2824 3362 lilii
2849 3309 2940 3364 Dei
2969 3326 3174 3366 sumus.
3224 3311 3374 3368 Unde
3401 3314 3648 3383 sequitur
3675 3333 3690 3369 :

2107 3392 2240 3448 Cum
2269 3393 2412 3448 enim
2442 3389 2682 3452 Christus
2702 3401 2998 3470 apparuerit
3025 3401 3130 3455 vita
3148 3413 3348 3468 nostra,
3372 3413 3496 3458 tunc
3518 3415 3566 3458 et
3603 3422 3693 3462 ros

2105 3484 2417 3554 apparebitis
2446 3503 2562 3539 cum
2585 3487 2697 3556 ipso
2721 3489 2775 3542 in
2797 3488 2984 3558 gloria.
3027 3489 3270 3548 Nondum
3297 3494 3442 3547 enim
3470 3503 3696 3565 apparet

2105 3575 2235 3644 quid
2265 3583 2319 3630 et
2346 3577 2535 3644 quales
2560 3577 2726 3633 futuri
2757 3595 2943 3636 sumus
2987 3583 3053 3636 ad
3077 3583 3368 3654 judicium;
3397 3601 3516 3639 cum
3547 3588 3692 3640 enim

2105 3663 2354 3720 Christus
2380 3668 2450 3721 ad
2464 3666 2784 3734 iudicandos
2808 3670 2960 3727 vivos
2999 3681 3054 3726 et
3093 3682 3333 3729 mortuos
3360 3676 3690 3746 apparuerit,

2111 3766 2236 3813 tunc
2270 3767 2325 3812 et
2359 3775 2456 3813 nos
2487 3760 2646 3814 simul
2677 3776 2797 3816 cum
2840 3763 2958 3832 ipso
3004 3765 3401 3834 apparebimus,
3441 3766 3492 3818 in
3521 3765 3690 3834 gloria

2027 3827 2072 3890 C
2105 3849 2488 3901 resurrecturi.
2544 3847 2711 3904 Nobis
2738 3851 2882 3904 enim
2909 3860 2961 3906 et
2997 3867 3097 3921 pro
3120 3855 3274 3908 nobis
3304 3853 3557 3909 Christus
3597 3871 3695 3910 na-

2108 3937 2296 4000 scitur,
2321 3939 2524 4008 patitur
2549 3948 2602 3994 et
2623 3941 2939 4006 resurrexit,
2971 3952 3030 3996 ut
3055 3959 3154 3998 nos
3180 3944 3232 3998 in
3259 3945 3367 3998 vita
3393 3961 3488 4014 per
3515 3947 3690 4015 ipsum

2110 4041 2458 4081 renascamur
2491 4029 2544 4082 in
2581 4029 3038 4096 tribulationibus,
3088 4042 3142 4088 et
3181 4049 3304 4088 cum
3332 4049 3397 4089 eo
3431 4035 3483 4088 in
3528 4036 3694 4088 virtu-

2108 4115 2250 4170 tibus
2297 4132 2664 4188 resurgannts.
2718 4119 2909 4177 Omnia
2949 4124 3094 4178 enim
3143 4139 3244 4194 per
3291 4125 3462 4194 ipsum
3503 4125 3558 4179 in
3590 4127 3694 4182 hac

2107 4215 2266 4259 nocte
2307 4217 2609 4263 restaurata
2652 4219 2818 4264 sunt:
2857 4211 2910 4265 in
2957 4213 3058 4268 hac
3098 4214 3292 4284 quippe
3329 4222 3486 4268 nocte
3536 4217 3692 4284 quasi

2105 4295 2359 4364 primitiae
2396 4297 2509 4366 ipse
2534 4301 2847 4367 resurrexit,
2875 4311 2936 4357 ut
2956 4319 3055 4357 nos
3087 4319 3274 4358 omnes
3299 4313 3483 4374 postea
3513 4321 3694 4360 resur-

2105 4399 2325 4454 gamus;
2359 4386 2412 4440 in
2435 4387 2538 4441 hac
2561 4402 2692 4459 ergo
2718 4399 2878 4446 nocte
2913 4393 3197 4462 captivitas
3219 4401 3403 4448 nostra
3429 4393 3682 4458 solvitur,

2104 4476 2214 4528 vita
2241 4475 2297 4529 in
2321 4475 2489 4530 Adam
2523 4479 2722 4534 amissa
2755 4489 3110 4550 restaurator,
3154 4483 3206 4537 in
3238 4484 3338 4538 hac
3365 4495 3521 4539 nocte
3569 4501 3692 4555 pro-

2107 4566 2370 4634 toplastus
2416 4567 2586 4622 Adam
2637 4585 2666 4624 a
2694 4573 3127 4642 peregrinatione
3171 4575 3311 4629 redit
3348 4575 3415 4628 ad
3459 4579 3690 4645 patriam

2106 4657 2370 4726 paradisi;
2400 4658 2452 4711 in
2477 4660 2579 4714 hac
2607 4663 2750 4716 enim
2771 4674 2926 4719 nocte
2956 4665 3250 4720 Dominicie
3279 4668 3692 4721 resurrectionis

2103 4748 2389 4815 paradisus
2415 4750 2664 4806 omnibus
2693 4760 2861 4822 patet,
2915 4755 3046 4810 nulli
3083 4755 3354 4810 clauditur
3404 4756 3508 4810 nisi
3537 4771 3568 4808 a
3606 4771 3694 4808 se-

2106 4835 2244 4905 ipso,
2268 4836 2400 4891 nulli
2437 4840 2680 4907 aperitur
2702 4842 2804 4896 nisi
2835 4858 2866 4897 a
2885 4843 3140 4908 Christo;
3166 4855 3222 4899 et
3249 4845 3370 4907 ideo
3392 4859 3514 4899 cum
3543 4844 3690 4898 omni

2105 4925 2462 4982 sollicitudine
2489 4944 2776 4985 caveamus
2803 4947 2870 4987 ne
2899 4942 3119 5004 propter
3139 4949 3304 5005 opera
3325 4934 3547 4998 dialoli,
3571 4951 3696 5003 qua:

2104 5017 2424 5084 pertrahunt
2465 5018 2532 5072 ad
2573 5019 2869 5086 interitum,
2913 5033 3158 5092 apertum
3194 5024 3349 5077 nobis
3383 5024 3485 5078 iter
3529 5023 3686 5091 regni

2105 5105 2340 5162 caalestis
2384 5123 2483 5189 nos
2519 5109 2616 5177 ipsi
2647 5110 2985 5175 claudamus,
3018 5112 3113 5166 sed
3169 5113 3348 5182 potius
3397 5128 3493 5182 per
3522 5126 3690 5180 opera

419 5201 666 5242 somnum
715 5202 821 5240 non
871 5185 1048 5251 inviti,
1076 5186 1169 5242 sed
1209 5187 1522 5250 voluntarii,
1547 5197 1748 5244 sancte
1765 5199 1820 5243 et
1843 5190 2000 5244 Chri-
2027 5165 2079 5223 D
2097 5193 2321 5264 justitiae
2345 5207 2400 5252 et
2424 5181 2813 5255 misericordia:
2859 5201 3078 5270 planum
3109 5202 3264 5257 nobis
3293 5203 3396 5255 iter
3427 5201 3695 5256 faciamus

418 5275 606 5332 stiana:
627 5275 904 5348 religionis
923 5275 1205 5332 dulcedine
1233 5289 1580 5348 provocante,
1627 5279 1682 5334 in
1725 5280 2002 5335 sanctissi-

419 5383 521 5422 mae
549 5365 911 5424 solemnitatis
934 5374 1202 5421 conventu
1227 5369 1610 5438 expergefacti,
1665 5369 1894 5424 libenter
1945 5378 2002 5424 et

419 5459 612 5514 devote
631 5473 754 5513 cum
783 5457 927 5512 omni
942 5457 1298 5512 sollicitudine
1317 5475 1680 5530 resurgamus,
1705 5463 1998 5517 secundum

421 5549 549 5605 illud
573 5551 714 5620 quod
736 5549 1022 5618 Apostolus
1047 5550 1122 5603 ait
1145 5551 1196 5604 in
1224 5553 1476 5620 prmsenti
1503 5552 1764 5608 lectione:
1799 5559 1854 5607 δι
1872 5570 1996 5606 ron-

419 5642 718 5696 surrexistis
776 5657 892 5693 cum
947 5638 1175 5704 Christo,
1227 5657 1342 5709 qua’
1380 5657 1586 5695 sursum
1621 5645 1996 5722 sttntqua'ritg,

2105 5287 2173 5341 ad
2210 5302 2431 5358 regnum
2461 5288 2740 5344 caelorum.
2789 5290 2930 5360 Ergo
2968 5292 3270 5346 humilitate
3297 5299 3480 5345 nostra
3515 5291 3692 5344 humi-

2105 5376 2308 5431 litatem
2341 5393 2438 5446 pro
2465 5379 2619 5432 nobis
2646 5376 2853 5434 Domini
2883 5381 3053 5435 nostri
3104 5381 3156 5434 in
3180 5380 3496 5434 memoriam
3537 5395 3695 5433 revo-

2103 5481 2305 5529 cemus,
2331 5468 2603 5523 humiliter
2631 5469 2685 5524 in
2716 5469 2816 5524 ista
2837 5471 3140 5541 vigilemus.
3169 5471 3446 5524 humiliter
3473 5469 3541 5524 ad
3565 5485 3689 5524 canit

2102 5572 2321 5611 oremus
2381 5559 2470 5627 qui
2521 5559 2676 5613 nobis
2731 5560 2898 5630 gloria
2951 5562 3032 5615 sui
3085 5561 3318 5616 nominis
3367 5561 3695 5616 illuminavit

2107 5647 2242 5700 hanc
2293 5657 2528 5713 noctem,
2554 5648 2640 5703 cui
2665 5649 2890 5705 dicimus
2922 5668 2933 5704 :
2961 5650 3101 5705 Deus
3131 5667 3296 5712 meus,
3339 5650 3580 5704 iihtmina
3615 5661 3693 5705 te-
