  <div class='ocr_page' id='page_1' title='image "/cluster/home/n/w/nwhite01/storage/ocr_20150623/110/hvd.32044054759758/074.png"; bbox 0 0 4040 6188; ppageno 0'>
   <div class='ocr_carea' id='block_1_1' title="bbox 256 349 349 405">
    <p class='ocr_par' dir='ltr' id='par_1_1' title="bbox 256 349 349 405">
     <span class='ocr_line' id='line_1_1' title="bbox 256 349 349 405; baseline 0.022 -2"><span class='ocrx_word' id='word_1_1' title='bbox 256 349 349 405; x_wconf 68' lang='lat' dir='ltr'><strong>l3?</strong></span> 
     </span>
    </p>
   </div>
   <div class='ocr_carea' id='block_1_2' title="bbox 1354 336 2446 401">
    <p class='ocr_par' dir='ltr' id='par_1_2' title="bbox 1354 336 2446 401">
     <span class='ocr_line' id='line_1_2' title="bbox 1354 336 2446 401; baseline -0.005 -3"><span class='ocrx_word' id='word_1_2' title='bbox 1354 340 1662 401; x_wconf 60' lang='lat' dir='ltr'><strong>llOMlLlIE</strong></span> <span class='ocrx_word' id='word_1_3' title='bbox 1703 343 1770 399; x_wconf 84' lang='lat' dir='ltr'><strong>IN</strong></span> <span class='ocrx_word' id='word_1_4' title='bbox 1805 340 2057 398; x_wconf 81' lang='lat' dir='ltr'><strong>EVANG.</strong></span> <span class='ocrx_word' id='word_1_5' title='bbox 2100 339 2187 396; x_wconf 84' lang='lat' dir='ltr'><strong>ET</strong></span> <span class='ocrx_word' id='word_1_6' title='bbox 2227 336 2446 396; x_wconf 79' lang='lat' dir='ltr'><strong>EPIST.</strong></span> 
     </span>
    </p>
   </div>
   <div class='ocr_carea' id='block_1_3' title="bbox 3433 337 3542 398">
    <p class='ocr_par' dir='ltr' id='par_1_3' title="bbox 3433 337 3542 398">
     <span class='ocr_line' id='line_1_3' title="bbox 3433 337 3542 398; baseline 0.018 -2"><span class='ocrx_word' id='word_1_7' title='bbox 3433 337 3542 398; x_wconf 77' lang='lat'><strong>{58</strong></span> 
     </span>
    </p>
   </div>
   <div class='ocr_carea' id='block_1_4' title="bbox 257 448 3548 532">
    <p class='ocr_par' dir='ltr' id='par_1_4' title="bbox 257 448 3548 532">
     <span class='ocr_line' id='line_1_4' title="bbox 257 448 3548 532; baseline -0.004 -7"><span class='ocrx_word' id='word_1_8' title='bbox 257 469 430 525; x_wconf 78' lang='lat' dir='ltr'><strong>uebras</strong></span> <span class='ocrx_word' id='word_1_9' title='bbox 460 473 691 527; x_wconf 83' lang='lat' dir='ltr'><strong>nostras,</strong></span> <span class='ocrx_word' id='word_1_10' title='bbox 730 460 989 532; x_wconf 88' lang='lat' dir='ltr'><strong>illumque</strong></span> <span class='ocrx_word' id='word_1_11' title='bbox 1019 473 1268 532; x_wconf 78' lang='lat' dir='ltr'><strong>rogemus</strong></span> <span class='ocrx_word' id='word_1_12' title='bbox 1301 468 1361 513; x_wconf 92' lang='lat' dir='ltr'><strong>ut</strong></span> <span class='ocrx_word' id='word_1_13' title='bbox 1385 461 1628 529; x_wconf 66' lang='lat' dir='ltr'><strong>prtebeat</strong></span> <span class='ocrx_word' id='word_1_14' title='bbox 1670 459 1846 516; x_wconf 98' lang='lat' dir='ltr'><strong>lucem</strong></span> <span class='ocrx_word' id='word_1_15' title='bbox 1876 463 1927 523; x_wconf 81' lang='grc' dir='ltr'>Α</span> <span class='ocrx_word' id='word_1_16' title='bbox 1952 458 2188 514; x_wconf 88' lang='lat' dir='ltr'><strong>invisere</strong></span> <span class='ocrx_word' id='word_1_17' title='bbox 2214 456 2543 528; x_wconf 84' lang='lat' dir='ltr'><strong>sepulcrum,</strong></span> <span class='ocrx_word' id='word_1_18' title='bbox 2593 455 2730 512; x_wconf 91' lang='lat' dir='ltr'><strong>duas</strong></span> <span class='ocrx_word' id='word_1_19' title='bbox 2768 453 3002 512; x_wconf 74' lang='lat' dir='ltr'><strong>fidelium</strong></span> <span class='ocrx_word' id='word_1_20' title='bbox 3044 453 3229 526; x_wconf 84' lang='lat' dir='ltr'><strong>plebes</strong></span> <span class='ocrx_word' id='word_1_21' title='bbox 3265 448 3548 512; x_wconf 76' lang='lat' dir='ltr'><strong>.ludaicam</strong></span> 
     </span>
    </p>
   </div>
   <div class='ocr_carea' id='block_1_5' title="bbox 258 548 1854 621">
    <p class='ocr_par' dir='ltr' id='par_1_5' title="bbox 258 548 1854 621">
     <span class='ocr_line' id='line_1_5' title="bbox 258 548 1854 621; baseline -0.007 -8"><span class='ocrx_word' id='word_1_22' title='bbox 258 557 499 613; x_wconf 82' lang='lat' dir='ltr'><strong>cordibus</strong></span> <span class='ocrx_word' id='word_1_23' title='bbox 517 552 744 617; x_wconf 87' lang='lat' dir='ltr'><strong>nostris,</strong></span> <span class='ocrx_word' id='word_1_24' title='bbox 765 560 825 606; x_wconf 91' lang='lat' dir='ltr'><strong>ut</strong></span> <span class='ocrx_word' id='word_1_25' title='bbox 855 548 1305 621; x_wconf 85' lang='lat' dir='ltr'><strong>quemadmodum</strong></span> <span class='ocrx_word' id='word_1_26' title='bbox 1333 548 1693 619; x_wconf 75' lang='lat' dir='ltr'><strong>gaudentibus</strong></span> <span class='ocrx_word' id='word_1_27' title='bbox 1722 563 1854 603; x_wconf 89' lang='lat' dir='ltr'><strong>ocu-</strong></span> 
     </span>
    </p>
   </div>
   <div class='ocr_carea' id='block_1_6' title="bbox 258 638 1854 713">
    <p class='ocr_par' dir='ltr' id='par_1_6' title="bbox 258 638 1854 713">
     <span class='ocr_line' id='line_1_6' title="bbox 258 638 1854 713; baseline -0.005 -11"><span class='ocrx_word' id='word_1_28' title='bbox 258 649 320 702; x_wconf 87' lang='lat' dir='ltr'><strong>lis</strong></span> <span class='ocrx_word' id='word_1_29' title='bbox 363 647 528 701; x_wconf 88' lang='lat' dir='ltr'><strong>istum</strong></span> <span class='ocrx_word' id='word_1_30' title='bbox 557 641 905 713; x_wconf 90' lang='lat' dir='ltr'><strong>splendorem</strong></span> <span class='ocrx_word' id='word_1_31' title='bbox 938 640 1200 695; x_wconf 92' lang='lat' dir='ltr'><strong>luminum</strong></span> <span class='ocrx_word' id='word_1_32' title='bbox 1242 640 1536 703; x_wconf 87' lang='lat' dir='ltr'><strong>cernimus,</strong></span> <span class='ocrx_word' id='word_1_33' title='bbox 1597 639 1669 694; x_wconf 82' lang='lat' dir='ltr'><strong>ita</strong></span> <span class='ocrx_word' id='word_1_34' title='bbox 1694 638 1854 708; x_wconf 91' lang='lat' dir='ltr'><strong>hujus</strong></span> 
     </span>
    </p>
   </div>
   <div class='ocr_carea' id='block_1_7' title="bbox 258 730 1858 806">
    <p class='ocr_par' dir='ltr' id='par_1_7' title="bbox 258 730 1858 806">
     <span class='ocr_line' id='line_1_7' title="bbox 258 730 1858 806; baseline -0.006 -13"><span class='ocrx_word' id='word_1_35' title='bbox 258 739 427 793; x_wconf 86' lang='lat' dir='ltr'><strong>noctis</strong></span> <span class='ocrx_word' id='word_1_36' title='bbox 476 735 803 806; x_wconf 66' lang='lat' dir='ltr'><strong>prazclaram</strong></span> <span class='ocrx_word' id='word_1_37' title='bbox 836 732 1062 803; x_wconf 79' lang='lat' dir='ltr'><strong>gloriam</strong></span> <span class='ocrx_word' id='word_1_38' title='bbox 1095 730 1399 785; x_wconf 87' lang='lat' dir='ltr'><strong>illuminata</strong></span> <span class='ocrx_word' id='word_1_39' title='bbox 1443 738 1625 785; x_wconf 90' lang='lat' dir='ltr'><strong>mente</strong></span> <span class='ocrx_word' id='word_1_40' title='bbox 1674 730 1858 784; x_wconf 87' lang='lat' dir='ltr'><strong>videa-</strong></span> 
     </span>
    </p>
   </div>
   <div class='ocr_carea' id='block_1_8' title="bbox 258 822 1856 899">
    <p class='ocr_par' dir='ltr' id='par_1_8' title="bbox 258 822 1856 899">
     <span class='ocr_line' id='line_1_8' title="bbox 258 822 1856 899; baseline -0.004 -15"><span class='ocrx_word' id='word_1_41' title='bbox 258 846 370 884; x_wconf 94' lang='lat' dir='ltr'><strong>mus</strong></span> <span class='ocrx_word' id='word_1_42' title='bbox 389 830 676 899; x_wconf 90' lang='lat' dir='ltr'><strong>ipsumque</strong></span> <span class='ocrx_word' id='word_1_43' title='bbox 704 830 1061 894; x_wconf 88' lang='lat' dir='ltr'><strong>precemurut</strong></span> <span class='ocrx_word' id='word_1_44' title='bbox 1081 823 1334 879; x_wconf 76' lang='lat' dir='ltr'><strong>exaudiat</strong></span> <span class='ocrx_word' id='word_1_45' title='bbox 1362 838 1459 878; x_wconf 88' lang='lat' dir='ltr'><strong>nos</strong></span> <span class='ocrx_word' id='word_1_46' title='bbox 1497 822 1782 893; x_wconf 79' lang='lat' dir='ltr'><strong>vigilantes</strong></span> <span class='ocrx_word' id='word_1_47' title='bbox 1804 823 1856 877; x_wconf 91' lang='lat' dir='ltr'><strong>in</strong></span> 
     </span>
    </p>
   </div>
   <div class='ocr_carea' id='block_1_9' title="bbox 258 911 1861 985">
    <p class='ocr_par' dir='ltr' id='par_1_9' title="bbox 258 911 1861 985">
     <span class='ocr_line' id='line_1_9' title="bbox 258 911 1861 985; baseline -0.004 -12"><span class='ocrx_word' id='word_1_48' title='bbox 258 918 594 973; x_wconf 73' lang='lat' dir='ltr'><strong>solemnitate</strong></span> <span class='ocrx_word' id='word_1_49' title='bbox 618 931 715 970; x_wconf 90' lang='lat' dir='ltr'><strong>sua</strong></span> <span class='ocrx_word' id='word_1_50' title='bbox 744 915 837 985; x_wconf 86' lang='lat' dir='ltr'><strong>qui</strong></span> <span class='ocrx_word' id='word_1_51' title='bbox 868 913 1130 969; x_wconf 82' lang='lat' dir='ltr'><strong>dormivit</strong></span> <span class='ocrx_word' id='word_1_52' title='bbox 1175 927 1275 982; x_wconf 90' lang='lat' dir='ltr'><strong>pro</strong></span> <span class='ocrx_word' id='word_1_53' title='bbox 1303 912 1475 968; x_wconf 88' lang='lat' dir='ltr'><strong>salute</strong></span> <span class='ocrx_word' id='word_1_54' title='bbox 1503 924 1711 967; x_wconf 87' lang='lat' dir='ltr'><strong>nostra.</strong></span> <span class='ocrx_word' id='word_1_55' title='bbox 1769 911 1861 966; x_wconf 80' lang='lat' dir='ltr'><strong>Vi-</strong></span> 
     </span>
    </p>
   </div>
   <div class='ocr_carea' id='block_1_10' title="bbox 258 1003 1857 1079">
    <p class='ocr_par' dir='ltr' id='par_1_10' title="bbox 258 1003 1857 1079">
     <span class='ocr_line' id='line_1_10' title="bbox 258 1003 1857 1079; baseline -0.003 -17"><span class='ocrx_word' id='word_1_56' title='bbox 258 1011 479 1079; x_wconf 80' lang='lat' dir='ltr'><strong>gilemus</strong></span> <span class='ocrx_word' id='word_1_57' title='bbox 516 1021 647 1077; x_wconf 88' lang='lat' dir='ltr'><strong>ergo</strong></span> <span class='ocrx_word' id='word_1_58' title='bbox 694 1014 748 1060; x_wconf 89' lang='lat' dir='ltr'><strong>et</strong></span> <span class='ocrx_word' id='word_1_59' title='bbox 782 1020 1000 1060; x_wconf 91' lang='lat' dir='ltr'><strong>oremus</strong></span> <span class='ocrx_word' id='word_1_60' title='bbox 1047 1003 1372 1069; x_wconf 83' lang='lat' dir='ltr'><strong>forinsecus,</strong></span> <span class='ocrx_word' id='word_1_61' title='bbox 1425 1012 1480 1058; x_wconf 88' lang='lat' dir='ltr'><strong>et</strong></span> <span class='ocrx_word' id='word_1_62' title='bbox 1531 1003 1857 1057; x_wconf 82' lang='lat' dir='ltr'><strong>intrinsecus</strong></span> 
     </span>
    </p>
   </div>
   <div class='ocr_carea' id='block_1_11' title="bbox 261 1087 1855 1169">
    <p class='ocr_par' dir='ltr' id='par_1_11' title="bbox 261 1087 1855 1169">
     <span class='ocr_line' id='line_1_11' title="bbox 261 1087 1855 1169; baseline -0.006 -14"><span class='ocrx_word' id='word_1_63' title='bbox 261 1087 393 1155; x_wconf 78' lang='lat' dir='ltr'><strong>hanc</strong></span> <span class='ocrx_word' id='word_1_64' title='bbox 441 1099 680 1169; x_wconf 80' lang='lat' dir='ltr'><strong>vigiliam</strong></span> <span class='ocrx_word' id='word_1_65' title='bbox 722 1097 1079 1152; x_wconf 86' lang='lat' dir='ltr'><strong>celebremus.</strong></span> <span class='ocrx_word' id='word_1_66' title='bbox 1150 1097 1296 1150; x_wconf 87' lang='lat' dir='ltr'><strong>Deus</strong></span> <span class='ocrx_word' id='word_1_67' title='bbox 1335 1096 1492 1150; x_wconf 88' lang='lat' dir='ltr'><strong>nobis</strong></span> <span class='ocrx_word' id='word_1_68' title='bbox 1527 1094 1765 1165; x_wconf 85' lang='lat' dir='ltr'><strong>loquitur</strong></span> <span class='ocrx_word' id='word_1_69' title='bbox 1803 1095 1855 1147; x_wconf 89' lang='lat' dir='ltr'><strong>in</strong></span> 
     </span>
    </p>
   </div>
   <div class='ocr_carea' id='block_1_12' title="bbox 259 1190 1854 1261">
    <p class='ocr_par' dir='ltr' id='par_1_12' title="bbox 259 1190 1854 1261">
     <span class='ocr_line' id='line_1_12' title="bbox 259 1190 1854 1261; baseline -0.002 -12"><span class='ocrx_word' id='word_1_70' title='bbox 259 1195 576 1252; x_wconf 86' lang='lat' dir='ltr'><strong>lectionibus</strong></span> <span class='ocrx_word' id='word_1_71' title='bbox 617 1194 749 1258; x_wconf 84' lang='lat' dir='ltr'><strong>suis,</strong></span> <span class='ocrx_word' id='word_1_72' title='bbox 797 1193 1024 1247; x_wconf 91' lang='lat' dir='ltr'><strong>Domino</strong></span> <span class='ocrx_word' id='word_1_73' title='bbox 1059 1192 1343 1261; x_wconf 82' lang='lat' dir='ltr'><strong>loquamur</strong></span> <span class='ocrx_word' id='word_1_74' title='bbox 1384 1192 1438 1246; x_wconf 91' lang='lat' dir='ltr'><strong>in</strong></span> <span class='ocrx_word' id='word_1_75' title='bbox 1468 1190 1722 1261; x_wconf 78' lang='lat' dir='ltr'><strong>precibus</strong></span> <span class='ocrx_word' id='word_1_76' title='bbox 1754 1208 1854 1246; x_wconf 87' lang='lat' dir='ltr'><strong>no-</strong></span> 
     </span>
    </p>
   </div>
   <div class='ocr_carea' id='block_1_13' title="bbox 260 1284 1858 1356">
    <p class='ocr_par' dir='ltr' id='par_1_13' title="bbox 260 1284 1858 1356">
     <span class='ocr_line' id='line_1_13' title="bbox 260 1284 1858 1356; baseline -0.002 -13"><span class='ocrx_word' id='word_1_77' title='bbox 260 1290 402 1343; x_wconf 86' lang='lat' dir='ltr'><strong>stris.</strong></span> <span class='ocrx_word' id='word_1_78' title='bbox 458 1287 517 1342; x_wconf 86' lang='lat' dir='ltr'><strong>Si</strong></span> <span class='ocrx_word' id='word_1_79' title='bbox 549 1286 764 1356; x_wconf 89' lang='lat' dir='ltr'><strong>eloquia</strong></span> <span class='ocrx_word' id='word_1_80' title='bbox 788 1285 907 1354; x_wconf 89' lang='lat' dir='ltr'><strong>ejus</strong></span> <span class='ocrx_word' id='word_1_81' title='bbox 940 1286 1259 1341; x_wconf 89' lang='lat' dir='ltr'><strong>obedienter</strong></span> <span class='ocrx_word' id='word_1_82' title='bbox 1280 1286 1586 1350; x_wconf 84' lang='lat' dir='ltr'><strong>audiamus,</strong></span> <span class='ocrx_word' id='word_1_83' title='bbox 1620 1286 1672 1339; x_wconf 95' lang='lat' dir='ltr'><strong>in</strong></span> <span class='ocrx_word' id='word_1_84' title='bbox 1703 1284 1858 1341; x_wconf 81' lang='lat' dir='ltr'><strong>nobis</strong></span> 
     </span>
    </p>
   </div>
   <div class='ocr_carea' id='block_1_14' title="bbox 262 1376 1857 1451">
    <p class='ocr_par' dir='ltr' id='par_1_14' title="bbox 262 1376 1857 1451">
     <span class='ocr_line' id='line_1_14' title="bbox 262 1376 1857 1451; baseline -0.003 -16"><span class='ocrx_word' id='word_1_85' title='bbox 262 1381 464 1435; x_wconf 84' lang='lat' dir='ltr'><strong>habitat</strong></span> <span class='ocrx_word' id='word_1_86' title='bbox 499 1395 659 1448; x_wconf 89' lang='lat' dir='ltr'><strong>quem</strong></span> <span class='ocrx_word' id='word_1_87' title='bbox 708 1394 985 1451; x_wconf 88' lang='lat' dir='ltr'><strong>rogemus,</strong></span> <span class='ocrx_word' id='word_1_88' title='bbox 1038 1378 1125 1434; x_wconf 91' lang='lat' dir='ltr'><strong>cui</strong></span> <span class='ocrx_word' id='word_1_89' title='bbox 1165 1386 1249 1433; x_wconf 88' lang='lat' dir='ltr'><strong>est</strong></span> <span class='ocrx_word' id='word_1_90' title='bbox 1286 1378 1462 1434; x_wconf 86' lang='lat' dir='ltr'><strong>honor</strong></span> <span class='ocrx_word' id='word_1_91' title='bbox 1487 1386 1543 1432; x_wconf 89' lang='lat' dir='ltr'><strong>et</strong></span> <span class='ocrx_word' id='word_1_92' title='bbox 1587 1377 1757 1448; x_wconf 86' lang='lat' dir='ltr'><strong>gloria</strong></span> <span class='ocrx_word' id='word_1_93' title='bbox 1803 1376 1857 1431; x_wconf 91' lang='lat' dir='ltr'><strong>in</strong></span> 
     </span>
    </p>
   </div>
   <div class='ocr_carea' id='block_1_15' title="bbox 262 1466 1105 1525">
    <p class='ocr_par' dir='ltr' id='par_1_15' title="bbox 262 1466 1105 1525">
     <span class='ocr_line' id='line_1_15' title="bbox 262 1466 1105 1525; baseline -0.005 0"><span class='ocrx_word' id='word_1_94' title='bbox 262 1469 448 1525; x_wconf 67' lang='lat' dir='ltr'><strong>secula</strong></span> <span class='ocrx_word' id='word_1_95' title='bbox 505 1468 847 1524; x_wconf 69' lang='lat' dir='ltr'><strong>surculorum.</strong></span> <span class='ocrx_word' id='word_1_96' title='bbox 909 1466 1105 1523; x_wconf 81' lang='lat' dir='ltr'><strong>Amen.</strong></span> 
     </span>
    </p>
   </div>
   <div class='ocr_carea' id='block_1_16' title="bbox 855 1579 1243 1637">
    <p class='ocr_par' dir='ltr' id='par_1_16' title="bbox 855 1579 1243 1637">
     <span class='ocr_line' id='line_1_16' title="bbox 855 1579 1243 1637; baseline 0.005 -2"><span class='ocrx_word' id='word_1_97' title='bbox 855 1579 1138 1637; x_wconf 77' lang='lat' dir='ltr'><strong>HOMILIA</strong></span> <span class='ocrx_word' id='word_1_98' title='bbox 1180 1582 1243 1637; x_wconf 91' lang='lat' dir='ltr'><strong>ll.</strong></span> 
     </span>
    </p>
   </div>
   <div class='ocr_carea' id='block_1_17' title="bbox 687 1666 1423 1709">
    <p class='ocr_par' dir='ltr' id='par_1_17' title="bbox 687 1666 1423 1709">
     <span class='ocr_line' id='line_1_17' title="bbox 687 1666 1423 1709; baseline 0.001 -3"><span class='ocrx_word' id='word_1_99' title='bbox 687 1666 820 1706; x_wconf 71' lang='lat' dir='ltr'><strong>ITEI</strong></span> <span class='ocrx_word' id='word_1_100' title='bbox 852 1668 905 1706; x_wconf 82' lang='lat' dir='ltr'><strong>IN</strong></span> <span class='ocrx_word' id='word_1_101' title='bbox 937 1667 1172 1708; x_wconf 77' lang='grc' dir='ltr'><strong>ΒΑΒΒΑΤΟ</strong></span> <span class='ocrx_word' id='word_1_102' title='bbox 1200 1667 1423 1709; x_wconf 73' lang='grc' dir='ltr'><strong>εΑΝοτο.</strong></span> 
     </span>
    </p>
   </div>
   <div class='ocr_carea' id='block_1_18' title="bbox 363 1744 1728 1815">
    <p class='ocr_par' dir='ltr' id='par_1_18' title="bbox 363 1744 1728 1815">
     <span class='ocr_line' id='line_1_18' title="bbox 363 1744 1728 1815; baseline -0.002 -14"><span class='ocrx_word' id='word_1_103' title='bbox 363 1746 548 1801; x_wconf 81' lang='lat' dir='ltr'><strong>Lectio</strong></span> <span class='ocrx_word' id='word_1_104' title='bbox 573 1745 744 1801; x_wconf 84' lang='lat' dir='ltr'><strong>sancti</strong></span> <span class='ocrx_word' id='word_1_105' title='bbox 772 1745 1047 1815; x_wconf 81' lang='lat' dir='ltr'><strong>Evangelii</strong></span> <span class='ocrx_word' id='word_1_106' title='bbox 1073 1747 1369 1800; x_wconf 89' lang='lat' dir='ltr'><strong>secundum</strong></span> <span class='ocrx_word' id='word_1_107' title='bbox 1401 1744 1728 1799; x_wconf 73' lang='lat' dir='ltr'><strong>Matthteum.</strong></span> 
     </span>
    </p>
   </div>
   <div class='ocr_carea' id='block_1_19' title="bbox 1959 534 3641 616">
    <p class='ocr_par' dir='ltr' id='par_1_19' title="bbox 1959 534 3641 616">
     <span class='ocr_line' id='line_1_19' title="bbox 1959 534 3641 616; baseline -0.001 -14"><span class='ocrx_word' id='word_1_108' title='bbox 1959 546 2169 602; x_wconf 84' lang='lat' dir='ltr'><strong>scilicet</strong></span> <span class='ocrx_word' id='word_1_109' title='bbox 2198 554 2250 600; x_wconf 86' lang='lat' dir='ltr'><strong>et</strong></span> <span class='ocrx_word' id='word_1_110' title='bbox 2280 544 2536 616; x_wconf 82' lang='lat' dir='ltr'><strong>gentilcm</strong></span> <span class='ocrx_word' id='word_1_111' title='bbox 2565 543 2873 613; x_wconf 81' lang='lat' dir='ltr'><strong>designant,</strong></span> <span class='ocrx_word' id='word_1_112' title='bbox 2902 559 3022 613; x_wconf 65' lang='lat' dir='ltr'><strong>qua:</strong></span> <span class='ocrx_word' id='word_1_113' title='bbox 3062 557 3169 598; x_wconf 87' lang='lat' dir='ltr'><strong>uno</strong></span> <span class='ocrx_word' id='word_1_114' title='bbox 3200 551 3364 613; x_wconf 91' lang='lat' dir='ltr'><strong>atque</strong></span> <span class='ocrx_word' id='word_1_115' title='bbox 3391 543 3551 601; x_wconf 73' lang='lat' dir='ltr'><strong>indis-</strong></span> <span class='ocrx_word' id='word_1_116' title='bbox 3637 534 3641 540; x_wconf 65' lang='grc'><em>’</em></span> 
     </span>
    </p>
   </div>
   <div class='ocr_carea' id='block_1_20' title="bbox 1959 616 3550 707">
    <p class='ocr_par' dir='ltr' id='par_1_20' title="bbox 1959 616 3550 707">
     <span class='ocr_line' id='line_1_20' title="bbox 1959 616 3550 707; baseline -0.003 -12"><span class='ocrx_word' id='word_1_117' title='bbox 1959 640 2120 695; x_wconf 92' lang='lat' dir='ltr'><strong>simili</strong></span> <span class='ocrx_word' id='word_1_118' title='bbox 2150 640 2328 695; x_wconf 91' lang='lat' dir='ltr'><strong>studio</strong></span> <span class='ocrx_word' id='word_1_119' title='bbox 2371 637 2676 707; x_wconf 88' lang='lat' dir='ltr'><strong>passionem</strong></span> <span class='ocrx_word' id='word_1_120' title='bbox 2717 616 3277 705; x_wconf 72' lang='lat' dir='ltr'><strong>resurrectionemque</strong></span> <span class='ocrx_word' id='word_1_121' title='bbox 3319 636 3400 691; x_wconf 92' lang='lat' dir='ltr'><strong>sui</strong></span> <span class='ocrx_word' id='word_1_122' title='bbox 3442 635 3550 691; x_wconf 84' lang='lat' dir='ltr'><strong>Re-</strong></span> 
     </span>
    </p>
   </div>
   <div class='ocr_carea' id='block_1_21' title="bbox 1960 726 3552 801">
    <p class='ocr_par' dir='ltr' id='par_1_21' title="bbox 1960 726 3552 801">
     <span class='ocr_line' id='line_1_21' title="bbox 1960 726 3552 801; baseline -0.003 -15"><span class='ocrx_word' id='word_1_123' title='bbox 1960 731 2254 801; x_wconf 91' lang='lat' dir='ltr'><strong>demptoris</strong></span> <span class='ocrx_word' id='word_1_124' title='bbox 2281 744 2601 799; x_wconf 87' lang='lat' dir='ltr'><strong>quacunque</strong></span> <span class='ocrx_word' id='word_1_125' title='bbox 2622 728 2742 796; x_wconf 86' lang='lat' dir='ltr'><strong>ejus</strong></span> <span class='ocrx_word' id='word_1_126' title='bbox 2762 728 3001 783; x_wconf 85' lang='lat' dir='ltr'><strong>Ecclesia</strong></span> <span class='ocrx_word' id='word_1_127' title='bbox 3029 743 3126 797; x_wconf 90' lang='lat' dir='ltr'><strong>per</strong></span> <span class='ocrx_word' id='word_1_128' title='bbox 3149 727 3336 782; x_wconf 87' lang='lat' dir='ltr'><strong>orbem</strong></span> <span class='ocrx_word' id='word_1_129' title='bbox 3358 726 3552 783; x_wconf 78' lang='lat' dir='ltr'><strong>dill‘usa</strong></span> 
     </span>
    </p>
   </div>
   <div class='ocr_carea' id='block_1_22' title="bbox 1959 818 3554 886">
    <p class='ocr_par' dir='ltr' id='par_1_22' title="bbox 1959 818 3554 886">
     <span class='ocr_line' id='line_1_22' title="bbox 1959 818 3554 886; baseline -0.003 -9"><span class='ocrx_word' id='word_1_130' title='bbox 1959 832 2043 877; x_wconf 87' lang='lat' dir='ltr'><strong>est</strong></span> <span class='ocrx_word' id='word_1_131' title='bbox 2094 820 2374 878; x_wconf 91' lang='lat' dir='ltr'><strong>celebrare</strong></span> <span class='ocrx_word' id='word_1_132' title='bbox 2400 818 2732 875; x_wconf 89' lang='lat' dir='ltr'><strong>desiderant.</strong></span> <span class='ocrx_word' id='word_1_133' title='bbox 2786 818 2937 886; x_wconf 86' lang='lat' dir='ltr'><strong>Quod</strong></span> <span class='ocrx_word' id='word_1_134' title='bbox 2967 828 3149 873; x_wconf 89' lang='lat' dir='ltr'><strong>autem</strong></span> <span class='ocrx_word' id='word_1_135' title='bbox 3183 827 3345 873; x_wconf 75' lang='lat' dir='ltr'><strong>terra:</strong></span> <span class='ocrx_word' id='word_1_136' title='bbox 3374 824 3554 872; x_wconf 89' lang='lat' dir='ltr'><strong>motus</strong></span> 
     </span>
    </p>
   </div>
   <div class='ocr_carea' id='block_1_23' title="bbox 1960 910 3551 986">
    <p class='ocr_par' dir='ltr' id='par_1_23' title="bbox 1960 910 3551 986">
     <span class='ocr_line' id='line_1_23' title="bbox 1960 910 3551 986; baseline -0.003 -17"><span class='ocrx_word' id='word_1_137' title='bbox 1960 922 2278 986; x_wconf 88' lang='lat' dir='ltr'><strong>resnrgcnte</strong></span> <span class='ocrx_word' id='word_1_138' title='bbox 2328 912 2557 967; x_wconf 90' lang='lat' dir='ltr'><strong>Domino</strong></span> <span class='ocrx_word' id='word_1_139' title='bbox 2611 911 2676 965; x_wconf 89' lang='lat' dir='ltr'><strong>de</strong></span> <span class='ocrx_word' id='word_1_140' title='bbox 2705 911 2971 980; x_wconf 90' lang='lat' dir='ltr'><strong>sepulcro,</strong></span> <span class='ocrx_word' id='word_1_141' title='bbox 3032 911 3172 965; x_wconf 88' lang='lat' dir='ltr'><strong>sicut</strong></span> <span class='ocrx_word' id='word_1_142' title='bbox 3222 910 3386 965; x_wconf 88' lang='lat' dir='ltr'><strong>etiam</strong></span> <span class='ocrx_word' id='word_1_143' title='bbox 3430 925 3551 965; x_wconf 84' lang='lat' dir='ltr'><strong>mo-</strong></span> 
     </span>
    </p>
   </div>
   <div class='ocr_carea' id='block_1_24' title="bbox 1960 1001 3549 1072">
    <p class='ocr_par' dir='ltr' id='par_1_24' title="bbox 1960 1001 3549 1072">
     <span class='ocr_line' id='line_1_24' title="bbox 1960 1001 3549 1072; baseline -0.002 -14"><span class='ocrx_word' id='word_1_144' title='bbox 1960 1004 2133 1059; x_wconf 89' lang='lat' dir='ltr'><strong>riente</strong></span> <span class='ocrx_word' id='word_1_145' title='bbox 2165 1003 2216 1058; x_wconf 94' lang='lat' dir='ltr'><strong>in</strong></span> <span class='ocrx_word' id='word_1_146' title='bbox 2242 1018 2404 1058; x_wconf 86' lang='lat' dir='ltr'><strong>cruce</strong></span> <span class='ocrx_word' id='word_1_147' title='bbox 2435 1001 2606 1057; x_wconf 87' lang='lat' dir='ltr'><strong>factus</strong></span> <span class='ocrx_word' id='word_1_148' title='bbox 2635 1010 2717 1058; x_wconf 89' lang='lat' dir='ltr'><strong>est</strong></span> <span class='ocrx_word' id='word_1_149' title='bbox 2745 1017 2993 1072; x_wconf 87' lang='lat' dir='ltr'><strong>magnus,</strong></span> <span class='ocrx_word' id='word_1_150' title='bbox 3034 1001 3303 1072; x_wconf 81' lang='lat' dir='ltr'><strong>significat</strong></span> <span class='ocrx_word' id='word_1_151' title='bbox 3330 1011 3549 1057; x_wconf 88' lang='lat' dir='ltr'><strong>terrena</strong></span> 
     </span>
    </p>
   </div>
   <div class='ocr_carea' id='block_1_25' title="bbox 1958 1089 3554 1165">
    <p class='ocr_par' dir='ltr' id='par_1_25' title="bbox 1958 1089 3554 1165">
     <span class='ocr_line' id='line_1_25' title="bbox 1958 1089 3554 1165; baseline -0.001 -17"><span class='ocrx_word' id='word_1_152' title='bbox 1958 1095 2110 1165; x_wconf 90' lang='lat' dir='ltr'><strong>prius</strong></span> <span class='ocrx_word' id='word_1_153' title='bbox 2150 1094 2312 1148; x_wconf 86' lang='lat' dir='ltr'><strong>corda</strong></span> <span class='ocrx_word' id='word_1_154' title='bbox 2344 1101 2398 1148; x_wconf 92' lang='lat' dir='ltr'><strong>et</strong></span> <span class='ocrx_word' id='word_1_155' title='bbox 2433 1092 2641 1147; x_wconf 78' lang='lat' dir='ltr'><strong>cmlcsti</strong></span> <span class='ocrx_word' id='word_1_156' title='bbox 2670 1107 2764 1163; x_wconf 89' lang='lat' dir='ltr'><strong>spe</strong></span> <span class='ocrx_word' id='word_1_157' title='bbox 2790 1089 2995 1160; x_wconf 86' lang='lat' dir='ltr'><strong>dejecta</strong></span> <span class='ocrx_word' id='word_1_158' title='bbox 3040 1105 3133 1161; x_wconf 85' lang='lat' dir='ltr'><strong>per</strong></span> <span class='ocrx_word' id='word_1_159' title='bbox 3165 1090 3321 1146; x_wconf 85' lang='lat' dir='ltr'><strong>ﬁdem</strong></span> <span class='ocrx_word' id='word_1_160' title='bbox 3346 1090 3554 1161; x_wconf 81' lang='lat' dir='ltr'><strong>passio-</strong></span> 
     </span>
    </p>
   </div>
   <div class='ocr_carea' id='block_1_26' title="bbox 1959 1180 3555 1253">
    <p class='ocr_par' dir='ltr' id='par_1_26' title="bbox 1959 1180 3555 1253">
     <span class='ocr_line' id='line_1_26' title="bbox 1959 1180 3555 1253; baseline -0.003 -15"><span class='ocrx_word' id='word_1_161' title='bbox 1959 1185 2047 1239; x_wconf 89' lang='lat' dir='ltr'><strong>nis</strong></span> <span class='ocrx_word' id='word_1_162' title='bbox 2100 1201 2163 1239; x_wconf 88' lang='lat' dir='ltr'><strong>ac</strong></span> <span class='ocrx_word' id='word_1_163' title='bbox 2190 1183 2612 1240; x_wconf 84' lang='lat' dir='ltr'><strong>resurrectionis</strong></span> <span class='ocrx_word' id='word_1_164' title='bbox 2635 1182 2752 1253; x_wconf 85' lang='lat' dir='ltr'><strong>ejus</strong></span> <span class='ocrx_word' id='word_1_165' title='bbox 2789 1181 3143 1236; x_wconf 87' lang='lat' dir='ltr'><strong>eoneutienda</strong></span> <span class='ocrx_word' id='word_1_166' title='bbox 3191 1181 3258 1234; x_wconf 88' lang='lat' dir='ltr'><strong>ad</strong></span> <span class='ocrx_word' id='word_1_167' title='bbox 3288 1180 3555 1250; x_wconf 63' lang='lat' dir='ltr'><strong>poeniten-</strong></span> 
     </span>
    </p>
   </div>
   <div class='ocr_carea' id='block_1_27' title="bbox 1960 1271 3557 1343">
    <p class='ocr_par' dir='ltr' id='par_1_27' title="bbox 1960 1271 3557 1343">
     <span class='ocr_line' id='line_1_27' title="bbox 1960 1271 3557 1343; baseline -0.001 -15"><span class='ocrx_word' id='word_1_168' title='bbox 1960 1275 2090 1328; x_wconf 90' lang='lat' dir='ltr'><strong>tiam</strong></span> <span class='ocrx_word' id='word_1_169' title='bbox 2144 1289 2210 1328; x_wconf 89' lang='lat' dir='ltr'><strong>ac</strong></span> <span class='ocrx_word' id='word_1_170' title='bbox 2238 1272 2558 1328; x_wconf 88' lang='lat' dir='ltr'><strong>saluberrim</strong></span> <span class='ocrx_word' id='word_1_171' title='bbox 2639 1286 2840 1343; x_wconf 80' lang='lat' dir='ltr'><strong>pavore</strong></span> <span class='ocrx_word' id='word_1_172' title='bbox 2872 1280 3114 1341; x_wconf 85' lang='lat' dir='ltr'><strong>permota</strong></span> <span class='ocrx_word' id='word_1_173' title='bbox 3148 1271 3213 1324; x_wconf 89' lang='lat' dir='ltr'><strong>ad</strong></span> <span class='ocrx_word' id='word_1_174' title='bbox 3251 1272 3416 1325; x_wconf 83' lang='lat' dir='ltr'><strong>vitam</strong></span> <span class='ocrx_word' id='word_1_175' title='bbox 3463 1286 3557 1327; x_wconf 89' lang='lat' dir='ltr'><strong>su-</strong></span> 
     </span>
    </p>
   </div>
   <div class='ocr_carea' id='block_1_28' title="bbox 1958 1362 3558 1435">
    <p class='ocr_par' dir='ltr' id='par_1_28' title="bbox 1958 1362 3558 1435">
     <span class='ocr_line' id='line_1_28' title="bbox 1958 1362 3558 1435; baseline -0.001 -14"><span class='ocrx_word' id='word_1_176' title='bbox 1958 1365 2285 1422; x_wconf 90' lang='lat' dir='ltr'><strong>blimandam</strong></span> <span class='ocrx_word' id='word_1_177' title='bbox 2330 1372 2662 1435; x_wconf 90' lang='lat' dir='ltr'><strong>perpetuam.</strong></span> <span class='ocrx_word' id='word_1_178' title='bbox 2721 1362 2876 1429; x_wconf 88' lang='lat' dir='ltr'><strong>Quod</strong></span> <span class='ocrx_word' id='word_1_179' title='bbox 2906 1362 3130 1431; x_wconf 81' lang='lat' dir='ltr'><strong>angelus</strong></span> <span class='ocrx_word' id='word_1_180' title='bbox 3165 1364 3402 1426; x_wconf 83' lang='lat' dir='ltr'><strong>advenit,</strong></span> <span class='ocrx_word' id='word_1_181' title='bbox 3457 1364 3558 1419; x_wconf 87' lang='lat' dir='ltr'><strong>oh-</strong></span> 
     </span>
    </p>
   </div>
   <div class='ocr_carea' id='block_1_29' title="bbox 1959 1454 3554 1528">
    <p class='ocr_par' dir='ltr' id='par_1_29' title="bbox 1959 1454 3554 1528">
     <span class='ocr_line' id='line_1_29' title="bbox 1959 1454 3554 1528; baseline -0.001 -16"><span class='ocrx_word' id='word_1_182' title='bbox 1959 1458 2204 1528; x_wconf 81' lang='lat' dir='ltr'><strong>sequium</strong></span> <span class='ocrx_word' id='word_1_183' title='bbox 2232 1473 2343 1512; x_wconf 69' lang='lat' dir='ltr'><strong>sure</strong></span> <span class='ocrx_word' id='word_1_184' title='bbox 2363 1456 2635 1511; x_wconf 86' lang='lat' dir='ltr'><strong>servitutis</strong></span> <span class='ocrx_word' id='word_1_185' title='bbox 2662 1457 2804 1526; x_wconf 90' lang='lat' dir='ltr'><strong>quod</strong></span> <span class='ocrx_word' id='word_1_186' title='bbox 2834 1454 3062 1511; x_wconf 90' lang='lat' dir='ltr'><strong>Domino</strong></span> <span class='ocrx_word' id='word_1_187' title='bbox 3091 1455 3554 1521; x_wconf 72' lang='lat' dir='ltr'><strong>debuitexsolvit;</strong></span> 
     </span>
    </p>
   </div>
   <div class='ocr_carea' id='block_1_30' title="bbox 1960 1544 3559 1617">
    <p class='ocr_par' dir='ltr' id='par_1_30' title="bbox 1960 1544 3559 1617">
     <span class='ocr_line' id='line_1_30' title="bbox 1960 1544 3559 1617; baseline 0.001 -16"><span class='ocrx_word' id='word_1_188' title='bbox 1960 1549 2082 1617; x_wconf 86' lang='lat' dir='ltr'><strong>quia</strong></span> <span class='ocrx_word' id='word_1_189' title='bbox 2125 1548 2269 1603; x_wconf 91' lang='lat' dir='ltr'><strong>enim</strong></span> <span class='ocrx_word' id='word_1_190' title='bbox 2316 1546 2565 1602; x_wconf 88' lang='lat' dir='ltr'><strong>Christus</strong></span> <span class='ocrx_word' id='word_1_191' title='bbox 2617 1546 2759 1600; x_wconf 86' lang='lat' dir='ltr'><strong>Deus</strong></span> <span class='ocrx_word' id='word_1_192' title='bbox 2810 1553 2859 1599; x_wconf 91' lang='lat' dir='ltr'><strong>et</strong></span> <span class='ocrx_word' id='word_1_193' title='bbox 2908 1544 3070 1600; x_wconf 85' lang='lat' dir='ltr'><strong>homo</strong></span> <span class='ocrx_word' id='word_1_194' title='bbox 3111 1553 3214 1611; x_wconf 87' lang='lat' dir='ltr'><strong>est,</strong></span> <span class='ocrx_word' id='word_1_195' title='bbox 3270 1544 3559 1603; x_wconf 88' lang='lat' dir='ltr'><strong>interdicta</strong></span> 
     </span>
    </p>
   </div>
   <div class='ocr_carea' id='block_1_31' title="bbox 1960 1636 3556 1709">
    <p class='ocr_par' dir='ltr' id='par_1_31' title="bbox 1960 1636 3556 1709">
     <span class='ocr_line' id='line_1_31' title="bbox 1960 1636 3556 1709; baseline -0.001 -15"><span class='ocrx_word' id='word_1_196' title='bbox 1960 1639 2313 1694; x_wconf 83' lang='lat' dir='ltr'><strong>humanitatis</strong></span> <span class='ocrx_word' id='word_1_197' title='bbox 2337 1639 2456 1709; x_wconf 89' lang='lat' dir='ltr'><strong>ejus</strong></span> <span class='ocrx_word' id='word_1_198' title='bbox 2486 1636 2704 1707; x_wconf 82' lang='lat' dir='ltr'><strong>semper</strong></span> <span class='ocrx_word' id='word_1_199' title='bbox 2740 1636 3050 1707; x_wconf 84' lang='lat' dir='ltr'><strong>angelorum</strong></span> <span class='ocrx_word' id='word_1_200' title='bbox 3087 1636 3387 1691; x_wconf 88' lang='lat' dir='ltr'><strong>ministeria</strong></span> <span class='ocrx_word' id='word_1_201' title='bbox 3440 1636 3556 1693; x_wconf 84' lang='lat' dir='ltr'><strong>Deo</strong></span> 
     </span>
    </p>
   </div>
   <div class='ocr_carea' id='block_1_32' title="bbox 1960 1725 3557 1799">
    <p class='ocr_par' dir='ltr' id='par_1_32' title="bbox 1960 1725 3557 1799">
     <span class='ocr_line' id='line_1_32' title="bbox 1960 1725 3557 1799; baseline -0.001 -14"><span class='ocrx_word' id='word_1_202' title='bbox 1960 1729 2141 1785; x_wconf 82' lang='lat' dir='ltr'><strong>debita</strong></span> <span class='ocrx_word' id='word_1_203' title='bbox 2188 1745 2295 1784; x_wconf 81' lang='lat' dir='ltr'><strong>nun</strong></span> <span class='ocrx_word' id='word_1_204' title='bbox 2322 1730 2537 1791; x_wconf 67' lang='lat' dir='ltr'><strong>desunt,</strong></span> <span class='ocrx_word' id='word_1_205' title='bbox 2581 1727 2722 1782; x_wconf 87' lang='lat' dir='ltr'><strong>sicut</strong></span> <span class='ocrx_word' id='word_1_206' title='bbox 2760 1725 3013 1795; x_wconf 88' lang='lat' dir='ltr'><strong>inquisita</strong></span> <span class='ocrx_word' id='word_1_207' title='bbox 3056 1726 3229 1782; x_wconf 87' lang='lat' dir='ltr'><strong>sancti</strong></span> <span class='ocrx_word' id='word_1_208' title='bbox 3278 1726 3557 1799; x_wconf 76' lang='lat' dir='ltr'><strong>Evangelii</strong></span> 
     </span>
    </p>
   </div>
   <div class='ocr_carea' id='block_1_33' title="bbox 332 1815 3557 1906">
    <p class='ocr_par' dir='ltr' id='par_1_33' title="bbox 332 1815 3557 1906">
     <span class='ocr_line' id='line_1_33' title="bbox 332 1815 3557 1906; baseline -0.005 -16"><span class='ocrx_word' id='word_1_209' title='bbox 332 1836 395 1891; x_wconf 83' lang='lat' dir='ltr'><strong>In</strong></span> <span class='ocrx_word' id='word_1_210' title='bbox 422 1836 518 1890; x_wconf 89' lang='lat' dir='ltr'><strong>illo</strong></span> <span class='ocrx_word' id='word_1_211' title='bbox 540 1847 792 1905; x_wconf 85' lang='lat' dir='ltr'><strong>tempore,</strong></span> <span class='ocrx_word' id='word_1_212' title='bbox 831 1853 1038 1906; x_wconf 76' lang='lat' dir='ltr'><strong>vespere</strong></span> <span class='ocrx_word' id='word_1_213' title='bbox 1075 1834 1280 1890; x_wconf 76' lang='lat' dir='ltr'><strong>sabbati</strong></span> <span class='ocrx_word' id='word_1_214' title='bbox 1305 1852 1423 1903; x_wconf 77' lang='lat' dir='ltr'><strong>aute</strong></span> <span class='ocrx_word' id='word_1_215' title='bbox 1442 1834 1652 1889; x_wconf 86' lang='lat' dir='ltr'><strong>lucescit</strong></span> <span class='ocrx_word' id='word_1_216' title='bbox 1677 1835 1731 1888; x_wconf 86' lang='lat' dir='ltr'><strong>in</strong></span> <span class='ocrx_word' id='word_1_217' title='bbox 1751 1834 1863 1903; x_wconf 80' lang='lat' dir='ltr'><strong>pri-</strong></span> <span class='ocrx_word' id='word_1_218' title='bbox 1893 1819 1939 1878; x_wconf 89' lang='lat' dir='ltr'><strong>B</strong></span> <span class='ocrx_word' id='word_1_219' title='bbox 1969 1819 2344 1889; x_wconf 89' lang='lat' dir='ltr'><strong>copiosissime</strong></span> <span class='ocrx_word' id='word_1_220' title='bbox 2372 1817 2566 1888; x_wconf 89' lang='lat' dir='ltr'><strong>probat</strong></span> <span class='ocrx_word' id='word_1_221' title='bbox 2590 1816 2854 1906; x_wconf 77' lang='lat' dir='ltr'><strong>historia.</strong></span> <span class='ocrx_word' id='word_1_222' title='bbox 2896 1815 3144 1906; x_wconf 83' lang='lat' dir='ltr'><strong>Revolvit</strong></span> <span class='ocrx_word' id='word_1_223' title='bbox 3185 1823 3367 1906; x_wconf 89' lang='lat' dir='ltr'><strong>autem</strong></span> <span class='ocrx_word' id='word_1_224' title='bbox 3416 1816 3557 1887; x_wconf 67' lang='lat' dir='ltr'><strong>lapio-</strong></span> 
     </span>
    </p>
   </div>
   <div class='ocr_carea' id='block_1_34' title="bbox 268 1924 1866 1995">
    <p class='ocr_par' dir='ltr' id='par_1_34' title="bbox 268 1924 1866 1995">
     <span class='ocr_line' id='line_1_34' title="bbox 268 1924 1866 1995; baseline -0.003 -14"><span class='ocrx_word' id='word_1_225' title='bbox 268 1943 345 1981; x_wconf 80' lang='lat' dir='ltr'><strong>ma</strong></span> <span class='ocrx_word' id='word_1_226' title='bbox 383 1928 610 1991; x_wconf 89' lang='lat' dir='ltr'><strong>sabbati,</strong></span> <span class='ocrx_word' id='word_1_227' title='bbox 646 1927 779 1980; x_wconf 79' lang='lat' dir='ltr'><strong>venit</strong></span> <span class='ocrx_word' id='word_1_228' title='bbox 808 1924 986 1980; x_wconf 81' lang='lat' dir='ltr'><strong>Maria</strong></span> <span class='ocrx_word' id='word_1_229' title='bbox 1032 1925 1345 1995; x_wconf 76' lang='lat' dir='ltr'><strong>Magdalene</strong></span> <span class='ocrx_word' id='word_1_230' title='bbox 1398 1935 1446 1981; x_wconf 87' lang='lat' dir='ltr'><strong>et</strong></span> <span class='ocrx_word' id='word_1_231' title='bbox 1477 1925 1646 1980; x_wconf 87' lang='lat' dir='ltr'><strong>altera</strong></span> <span class='ocrx_word' id='word_1_232' title='bbox 1689 1924 1866 1980; x_wconf 75' lang='lat' dir='ltr'><strong>Maria</strong></span> 
     </span>
    </p>
   </div>
   <div class='ocr_carea' id='block_1_35' title="bbox 271 2016 937 2087">
    <p class='ocr_par' dir='ltr' id='par_1_35' title="bbox 271 2016 937 2087">
     <span class='ocr_line' id='line_1_35' title="bbox 271 2016 937 2087; baseline -0.002 -17"><span class='ocrx_word' id='word_1_233' title='bbox 271 2019 428 2071; x_wconf 85' lang='lat' dir='ltr'><strong>ridere</strong></span> <span class='ocrx_word' id='word_1_234' title='bbox 453 2016 777 2087; x_wconf 75' lang='lat' dir='ltr'><strong>sepulcrum,</strong></span> <span class='ocrx_word' id='word_1_235' title='bbox 821 2024 909 2071; x_wconf 87' lang='lat' dir='ltr'><strong>etc</strong></span> <span class='ocrx_word' id='word_1_236' title='bbox 924 2056 937 2069; x_wconf 95' lang='lat'><strong>.</strong></span> 
     </span>
    </p>
   </div>
   <div class='ocr_carea' id='block_1_36' title="bbox 331 2105 1867 2172">
    <p class='ocr_par' dir='ltr' id='par_1_36' title="bbox 331 2105 1867 2172">
     <span class='ocr_line' id='line_1_36' title="bbox 331 2105 1867 2172; baseline 0.002 -13"><span class='ocrx_word' id='word_1_237' title='bbox 331 2105 691 2172; x_wconf 71' lang='lat' dir='ltr'><strong>Qumrendum</strong></span> <span class='ocrx_word' id='word_1_238' title='bbox 715 2115 800 2160; x_wconf 89' lang='lat' dir='ltr'><strong>est</strong></span> <span class='ocrx_word' id='word_1_239' title='bbox 828 2106 983 2161; x_wconf 90' lang='lat' dir='ltr'><strong>nobis</strong></span> <span class='ocrx_word' id='word_1_240' title='bbox 1002 2122 1100 2162; x_wconf 89' lang='lat' dir='ltr'><strong>cur</strong></span> <span class='ocrx_word' id='word_1_241' title='bbox 1124 2114 1335 2162; x_wconf 90' lang='lat' dir='ltr'><strong>noctem</strong></span> <span class='ocrx_word' id='word_1_242' title='bbox 1366 2106 1663 2162; x_wconf 66' lang='lat' dir='ltr'><strong>Dominicae</strong></span> <span class='ocrx_word' id='word_1_243' title='bbox 1690 2121 1867 2162; x_wconf 85' lang='lat' dir='ltr'><strong>resur-</strong></span> 
     </span>
    </p>
   </div>
   <div class='ocr_carea' id='block_1_37' title="bbox 270 2195 1865 2270">
    <p class='ocr_par' dir='ltr' id='par_1_37' title="bbox 270 2195 1865 2270">
     <span class='ocr_line' id='line_1_37' title="bbox 270 2195 1865 2270; baseline 0.002 -21"><span class='ocrx_word' id='word_1_244' title='bbox 270 2197 518 2251; x_wconf 87' lang='lat' dir='ltr'><strong>rectionis</strong></span> <span class='ocrx_word' id='word_1_245' title='bbox 558 2195 888 2266; x_wconf 85' lang='lat' dir='ltr'><strong>evangelista</strong></span> <span class='ocrx_word' id='word_1_246' title='bbox 930 2196 1245 2253; x_wconf 89' lang='lat' dir='ltr'><strong>describens</strong></span> <span class='ocrx_word' id='word_1_247' title='bbox 1284 2198 1359 2252; x_wconf 87' lang='lat' dir='ltr'><strong>ait</strong></span> <span class='ocrx_word' id='word_1_248' title='bbox 1390 2216 1403 2252; x_wconf 91' lang='lat'><strong>:</strong></span> <span class='ocrx_word' id='word_1_249' title='bbox 1450 2195 1665 2270; x_wconf 76' lang='lat' dir='ltr'><strong>Vespere</strong></span> <span class='ocrx_word' id='word_1_250' title='bbox 1690 2209 1865 2252; x_wconf 85' lang='lat' dir='ltr'><strong>autem</strong></span> 
     </span>
    </p>
   </div>
   <div class='ocr_carea' id='block_1_38' title="bbox 269 2286 1866 2358">
    <p class='ocr_par' dir='ltr' id='par_1_38' title="bbox 269 2286 1866 2358">
     <span class='ocr_line' id='line_1_38' title="bbox 269 2286 1866 2358; baseline 0.003 -18"><span class='ocrx_word' id='word_1_251' title='bbox 269 2287 460 2340; x_wconf 83' lang='lat' dir='ltr'><strong>sabbati</strong></span> <span class='ocrx_word' id='word_1_252' title='bbox 500 2303 618 2358; x_wconf 78' lang='lat' dir='ltr'><strong>qua:</strong></span> <span class='ocrx_word' id='word_1_253' title='bbox 638 2286 850 2341; x_wconf 79' lang='lat' dir='ltr'><strong>lucescit</strong></span> <span class='ocrx_word' id='word_1_254' title='bbox 879 2287 935 2341; x_wconf 82' lang='lat' dir='ltr'><strong>in</strong></span> <span class='ocrx_word' id='word_1_255' title='bbox 955 2288 1124 2358; x_wconf 86' lang='lat' dir='ltr'><strong>prima</strong></span> <span class='ocrx_word' id='word_1_256' title='bbox 1147 2287 1369 2353; x_wconf 80' lang='lat' dir='ltr'><strong>sabbati,</strong></span> <span class='ocrx_word' id='word_1_257' title='bbox 1417 2303 1539 2343; x_wconf 90' lang='lat' dir='ltr'><strong>eum</strong></span> <span class='ocrx_word' id='word_1_258' title='bbox 1569 2297 1866 2345; x_wconf 89' lang='lat' dir='ltr'><strong>consuetus</strong></span> 
     </span>
    </p>
   </div>
   <div class='ocr_carea' id='block_1_39' title="bbox 269 2377 1867 2449">
    <p class='ocr_par' dir='ltr' id='par_1_39' title="bbox 269 2377 1867 2449">
     <span class='ocr_line' id='line_1_39' title="bbox 269 2377 1867 2449; baseline 0.004 -20"><span class='ocrx_word' id='word_1_259' title='bbox 269 2377 391 2431; x_wconf 88' lang='lat' dir='ltr'><strong>ordo</strong></span> <span class='ocrx_word' id='word_1_260' title='bbox 420 2387 731 2446; x_wconf 88' lang='lat' dir='ltr'><strong>temporum</strong></span> <span class='ocrx_word' id='word_1_261' title='bbox 752 2378 950 2432; x_wconf 88' lang='lat' dir='ltr'><strong>habeat</strong></span> <span class='ocrx_word' id='word_1_262' title='bbox 978 2392 1255 2449; x_wconf 78' lang='lat' dir='ltr'><strong>vesperam</strong></span> <span class='ocrx_word' id='word_1_263' title='bbox 1283 2378 1456 2447; x_wconf 87' lang='lat' dir='ltr'><strong>magis</strong></span> <span class='ocrx_word' id='word_1_264' title='bbox 1487 2379 1867 2435; x_wconf 89' lang='lat' dir='ltr'><strong>tenebrescere</strong></span> 
     </span>
    </p>
   </div>
   <div class='ocr_carea' id='block_1_40' title="bbox 272 2466 1866 2539">
    <p class='ocr_par' dir='ltr' id='par_1_40' title="bbox 272 2466 1866 2539">
     <span class='ocr_line' id='line_1_40' title="bbox 272 2466 1866 2539; baseline 0.003 -20"><span class='ocrx_word' id='word_1_265' title='bbox 272 2467 319 2519; x_wconf 88' lang='lat' dir='ltr'><strong>in</strong></span> <span class='ocrx_word' id='word_1_266' title='bbox 348 2475 561 2521; x_wconf 89' lang='lat' dir='ltr'><strong>noctem</strong></span> <span class='ocrx_word' id='word_1_267' title='bbox 588 2482 749 2539; x_wconf 85' lang='lat' dir='ltr'><strong>quam</strong></span> <span class='ocrx_word' id='word_1_268' title='bbox 786 2467 841 2520; x_wconf 94' lang='lat' dir='ltr'><strong>in</strong></span> <span class='ocrx_word' id='word_1_269' title='bbox 872 2467 1014 2521; x_wconf 91' lang='lat' dir='ltr'><strong>diem</strong></span> <span class='ocrx_word' id='word_1_270' title='bbox 1045 2468 1335 2523; x_wconf 87' lang='lat' dir='ltr'><strong>lucescere.</strong></span> <span class='ocrx_word' id='word_1_271' title='bbox 1388 2466 1497 2524; x_wconf 90' lang='lat' dir='ltr'><strong>Sed</strong></span> <span class='ocrx_word' id='word_1_272' title='bbox 1528 2468 1757 2539; x_wconf 83' lang='lat' dir='ltr'><strong>mystice</strong></span> <span class='ocrx_word' id='word_1_273' title='bbox 1785 2469 1866 2523; x_wconf 81' lang='lat' dir='ltr'><strong>lo-</strong></span> 
     </span>
    </p>
   </div>
   <div class='ocr_carea' id='block_1_41' title="bbox 271 2558 1867 2631">
    <p class='ocr_par' dir='ltr' id='par_1_41' title="bbox 271 2558 1867 2631">
     <span class='ocr_line' id='line_1_41' title="bbox 271 2558 1867 2631; baseline 0.002 -19"><span class='ocrx_word' id='word_1_274' title='bbox 271 2573 433 2627; x_wconf 89' lang='lat' dir='ltr'><strong>quens</strong></span> <span class='ocrx_word' id='word_1_275' title='bbox 461 2558 795 2629; x_wconf 82' lang='lat' dir='ltr'><strong>evangelista</strong></span> <span class='ocrx_word' id='word_1_276' title='bbox 840 2567 1100 2628; x_wconf 86' lang='lat' dir='ltr'><strong>quantum</strong></span> <span class='ocrx_word' id='word_1_277' title='bbox 1130 2558 1411 2631; x_wconf 84' lang='lat' dir='ltr'><strong>dignitatis</strong></span> <span class='ocrx_word' id='word_1_278' title='bbox 1461 2560 1579 2615; x_wconf 70' lang='grc' dir='ltr'><strong>ι)ωο</strong></span> <span class='ocrx_word' id='word_1_279' title='bbox 1609 2561 1867 2615; x_wconf 88' lang='lat' dir='ltr'><strong>sacratis-</strong></span> 
     </span>
    </p>
   </div>
   <div class='ocr_carea' id='block_1_42' title="bbox 272 2649 1865 2721">
    <p class='ocr_par' dir='ltr' id='par_1_42' title="bbox 272 2649 1865 2721">
     <span class='ocr_line' id='line_1_42' title="bbox 272 2649 1865 2721; baseline 0.001 -18"><span class='ocrx_word' id='word_1_280' title='bbox 272 2651 398 2703; x_wconf 86' lang='lat' dir='ltr'><strong>sima</strong></span> <span class='ocrx_word' id='word_1_281' title='bbox 421 2665 530 2704; x_wconf 78' lang='lat' dir='ltr'><strong>nox</strong></span> <span class='ocrx_word' id='word_1_282' title='bbox 558 2649 626 2704; x_wconf 92' lang='lat' dir='ltr'><strong>de</strong></span> <span class='ocrx_word' id='word_1_283' title='bbox 653 2649 824 2719; x_wconf 83' lang='lat' dir='ltr'><strong>gloria</strong></span> <span class='ocrx_word' id='word_1_284' title='bbox 850 2651 1038 2705; x_wconf 68' lang='lat' dir='ltr'><strong>evicta:</strong></span> <span class='ocrx_word' id='word_1_285' title='bbox 1060 2650 1252 2705; x_wconf 90' lang='lat' dir='ltr'><strong>mortis</strong></span> <span class='ocrx_word' id='word_1_286' title='bbox 1273 2651 1563 2721; x_wconf 90' lang='lat' dir='ltr'><strong>acceperit,</strong></span> <span class='ocrx_word' id='word_1_287' title='bbox 1586 2650 1865 2706; x_wconf 85' lang='lat' dir='ltr'><strong>insinuare</strong></span> 
     </span>
    </p>
   </div>
   <div class='ocr_carea' id='block_1_43' title="bbox 274 2738 1866 2809">
    <p class='ocr_par' dir='ltr' id='par_1_43' title="bbox 274 2738 1866 2809">
     <span class='ocr_line' id='line_1_43' title="bbox 274 2738 1866 2809; baseline 0.001 -15"><span class='ocrx_word' id='word_1_288' title='bbox 274 2741 472 2794; x_wconf 83' lang='lat' dir='ltr'><strong>studuit</strong></span> <span class='ocrx_word' id='word_1_289' title='bbox 512 2741 643 2794; x_wconf 89' lang='lat' dir='ltr'><strong>dum</strong></span> <span class='ocrx_word' id='word_1_290' title='bbox 679 2739 798 2809; x_wconf 86' lang='lat' dir='ltr'><strong>ejus</strong></span> <span class='ocrx_word' id='word_1_291' title='bbox 822 2741 1105 2795; x_wconf 79' lang='lat' dir='ltr'><strong>exordium</strong></span> <span class='ocrx_word' id='word_1_292' title='bbox 1144 2755 1252 2809; x_wconf 91' lang='lat' dir='ltr'><strong>quo</strong></span> <span class='ocrx_word' id='word_1_293' title='bbox 1280 2740 1487 2794; x_wconf 65' lang='lat' dir='ltr'><strong>devotae</strong></span> <span class='ocrx_word' id='word_1_294' title='bbox 1536 2739 1752 2796; x_wconf 87' lang='lat' dir='ltr'><strong>Christo</strong></span> <span class='ocrx_word' id='word_1_295' title='bbox 1787 2738 1866 2795; x_wconf 86' lang='lat' dir='ltr'><strong>fe-</strong></span> 
     </span>
    </p>
   </div>
   <div class='ocr_carea' id='block_1_44' title="bbox 275 2830 1863 2902">
    <p class='ocr_par' dir='ltr' id='par_1_44' title="bbox 275 2830 1863 2902">
     <span class='ocr_line' id='line_1_44' title="bbox 275 2830 1863 2902; baseline -0.001 -14"><span class='ocrx_word' id='word_1_296' title='bbox 275 2834 428 2888; x_wconf 71' lang='lat' dir='ltr'><strong>mina:</strong></span> <span class='ocrx_word' id='word_1_297' title='bbox 476 2833 530 2887; x_wconf 93' lang='lat' dir='ltr'><strong>in</strong></span> <span class='ocrx_word' id='word_1_298' title='bbox 561 2833 887 2902; x_wconf 88' lang='lat' dir='ltr'><strong>obsequium</strong></span> <span class='ocrx_word' id='word_1_299' title='bbox 915 2832 1061 2886; x_wconf 90' lang='lat' dir='ltr'><strong>illius</strong></span> <span class='ocrx_word' id='word_1_300' title='bbox 1106 2831 1329 2902; x_wconf 84' lang='lat' dir='ltr'><strong>vigilare</strong></span> <span class='ocrx_word' id='word_1_301' title='bbox 1376 2831 1659 2900; x_wconf 64' lang='lat' dir='ltr'><strong>eruperint,</strong></span> <span class='ocrx_word' id='word_1_302' title='bbox 1717 2830 1863 2887; x_wconf 89' lang='lat' dir='ltr'><strong>inse-</strong></span> 
     </span>
    </p>
   </div>
   <div class='ocr_carea' id='block_1_45' title="bbox 275 2921 1866 2997">
    <p class='ocr_par' dir='ltr' id='par_1_45' title="bbox 275 2921 1866 2997">
     <span class='ocr_line' id='line_1_45' title="bbox 275 2921 1866 2997; baseline -0.001 -18"><span class='ocrx_word' id='word_1_303' title='bbox 275 2936 523 2997; x_wconf 86' lang='lat' dir='ltr'><strong>quentem</strong></span> <span class='ocrx_word' id='word_1_304' title='bbox 538 2923 654 2992; x_wconf 88' lang='lat' dir='ltr'><strong>jam</strong></span> <span class='ocrx_word' id='word_1_305' title='bbox 677 2924 819 2979; x_wconf 90' lang='lat' dir='ltr'><strong>diem</strong></span> <span class='ocrx_word' id='word_1_306' title='bbox 844 2924 1113 2980; x_wconf 88' lang='lat' dir='ltr'><strong>lucescere</strong></span> <span class='ocrx_word' id='word_1_307' title='bbox 1129 2922 1417 2992; x_wconf 88' lang='lat' dir='ltr'><strong>perhibuit.</strong></span> <span class='ocrx_word' id='word_1_308' title='bbox 1447 2922 1582 2977; x_wconf 85' lang='lat' dir='ltr'><strong>Nam</strong></span> <span class='ocrx_word' id='word_1_309' title='bbox 1607 2921 1866 2977; x_wconf 86' lang='lat' dir='ltr'><strong>Dominus</strong></span> 
     </span>
    </p>
   </div>
   <div class='ocr_carea' id='block_1_46' title="bbox 277 3013 1865 3084">
    <p class='ocr_par' dir='ltr' id='par_1_46' title="bbox 277 3013 1865 3084">
     <span class='ocr_line' id='line_1_46' title="bbox 277 3013 1865 3084; baseline -0.001 -12"><span class='ocrx_word' id='word_1_310' title='bbox 277 3027 462 3072; x_wconf 87' lang='lat' dir='ltr'><strong>auctor</strong></span> <span class='ocrx_word' id='word_1_311' title='bbox 487 3026 544 3071; x_wconf 89' lang='lat' dir='ltr'><strong>et</strong></span> <span class='ocrx_word' id='word_1_312' title='bbox 571 3016 853 3071; x_wconf 87' lang='lat' dir='ltr'><strong>ordinator</strong></span> <span class='ocrx_word' id='word_1_313' title='bbox 882 3025 1200 3084; x_wconf 84' lang='lat' dir='ltr'><strong>temporum,</strong></span> <span class='ocrx_word' id='word_1_314' title='bbox 1246 3014 1336 3083; x_wconf 92' lang='lat' dir='ltr'><strong>qui</strong></span> <span class='ocrx_word' id='word_1_315' title='bbox 1372 3014 1423 3067; x_wconf 92' lang='lat' dir='ltr'><strong>in</strong></span> <span class='ocrx_word' id='word_1_316' title='bbox 1458 3013 1645 3067; x_wconf 88' lang='lat' dir='ltr'><strong>ultima</strong></span> <span class='ocrx_word' id='word_1_317' title='bbox 1689 3014 1865 3071; x_wconf 87' lang='lat' dir='ltr'><strong>noctis</strong></span> 
     </span>
    </p>
   </div>
   <div class='ocr_carea' id='block_1_47' title="bbox 280 3105 1864 3179">
    <p class='ocr_par' dir='ltr' id='par_1_47' title="bbox 280 3105 1864 3179">
     <span class='ocr_line' id='line_1_47' title="bbox 280 3105 1864 3179; baseline -0.002 -16"><span class='ocrx_word' id='word_1_318' title='bbox 280 3110 426 3177; x_wconf 84' lang='lat' dir='ltr'><strong>hujus</strong></span> <span class='ocrx_word' id='word_1_319' title='bbox 458 3117 614 3179; x_wconf 64' lang='lat' dir='ltr'><strong>parte</strong></span> <span class='ocrx_word' id='word_1_320' title='bbox 653 3107 912 3170; x_wconf 76' lang='lat' dir='ltr'><strong>surrexit,</strong></span> <span class='ocrx_word' id='word_1_321' title='bbox 965 3115 1131 3160; x_wconf 90' lang='lat' dir='ltr'><strong>totam</strong></span> <span class='ocrx_word' id='word_1_322' title='bbox 1161 3120 1281 3161; x_wconf 90' lang='lat' dir='ltr'><strong>eam</strong></span> <span class='ocrx_word' id='word_1_323' title='bbox 1323 3105 1579 3160; x_wconf 88' lang='lat' dir='ltr'><strong>nimirum</strong></span> <span class='ocrx_word' id='word_1_324' title='bbox 1623 3120 1864 3161; x_wconf 88' lang='lat' dir='ltr'><strong>resurre-</strong></span> 
     </span>
    </p>
   </div>
   <div class='ocr_carea' id='block_1_48' title="bbox 278 3173 1935 3266">
    <p class='ocr_par' dir='ltr' id='par_1_48' title="bbox 278 3173 1935 3266">
     <span class='ocr_line' id='line_1_48' title="bbox 278 3173 1935 3266; baseline -0.001 -15"><span class='ocrx_word' id='word_1_325' title='bbox 278 3173 474 3253; x_wconf 45' lang='lat' dir='ltr'><strong>ctionis-</strong></span> <span class='ocrx_word' id='word_1_326' title='bbox 491 3197 672 3251; x_wconf 89' lang='lat' dir='ltr'><strong>lucem</strong></span> <span class='ocrx_word' id='word_1_327' title='bbox 705 3194 950 3250; x_wconf 86' lang='lat' dir='ltr'><strong>festivam</strong></span> <span class='ocrx_word' id='word_1_328' title='bbox 987 3196 1219 3251; x_wconf 86' lang='lat' dir='ltr'><strong>reddidit</strong></span> <span class='ocrx_word' id='word_1_329' title='bbox 1252 3203 1307 3250; x_wconf 89' lang='lat' dir='ltr'><strong>et</strong></span> <span class='ocrx_word' id='word_1_330' title='bbox 1330 3210 1614 3251; x_wconf 90' lang='lat' dir='ltr'><strong>coruscam</strong></span> <span class='ocrx_word' id='word_1_331' title='bbox 1647 3210 1660 3249; x_wconf 89' lang='lat'><strong>:</strong></span> <span class='ocrx_word' id='word_1_332' title='bbox 1689 3195 1860 3266; x_wconf 90' lang='lat' dir='ltr'><strong>siqui-</strong></span> <span class='ocrx_word' id='word_1_333' title='bbox 1890 3173 1935 3235; x_wconf 67' lang='grc' dir='ltr'>Ο</span> 
     </span>
    </p>
   </div>
   <div class='ocr_carea' id='block_1_49' title="bbox 278 3284 1861 3355">
    <p class='ocr_par' dir='ltr' id='par_1_49' title="bbox 278 3284 1861 3355">
     <span class='ocr_line' id='line_1_49' title="bbox 278 3284 1861 3355; baseline -0.002 -13"><span class='ocrx_word' id='word_1_334' title='bbox 278 3290 389 3344; x_wconf 84' lang='lat' dir='ltr'><strong>dem</strong></span> <span class='ocrx_word' id='word_1_335' title='bbox 443 3289 512 3341; x_wconf 89' lang='lat' dir='ltr'><strong>ab</strong></span> <span class='ocrx_word' id='word_1_336' title='bbox 539 3286 771 3342; x_wconf 74' lang='lat' dir='ltr'><strong>exordio</strong></span> <span class='ocrx_word' id='word_1_337' title='bbox 809 3286 1093 3341; x_wconf 77' lang='lat' dir='ltr'><strong>mundanae</strong></span> <span class='ocrx_word' id='word_1_338' title='bbox 1119 3285 1413 3340; x_wconf 90' lang='lat' dir='ltr'><strong>creationis</strong></span> <span class='ocrx_word' id='word_1_339' title='bbox 1448 3299 1619 3355; x_wconf 89' lang='lat' dir='ltr'><strong>usque</strong></span> <span class='ocrx_word' id='word_1_340' title='bbox 1641 3284 1748 3340; x_wconf 86' lang='lat' dir='ltr'><strong>huc</strong></span> <span class='ocrx_word' id='word_1_341' title='bbox 1790 3284 1861 3339; x_wconf 91' lang='lat' dir='ltr'><strong>ita</strong></span> 
     </span>
    </p>
   </div>
   <div class='ocr_carea' id='block_1_50' title="bbox 279 3376 1864 3448">
    <p class='ocr_par' dir='ltr' id='par_1_50' title="bbox 279 3376 1864 3448">
     <span class='ocr_line' id='line_1_50' title="bbox 279 3376 1864 3448; baseline 0 -17"><span class='ocrx_word' id='word_1_342' title='bbox 279 3390 580 3448; x_wconf 83' lang='lat' dir='ltr'><strong>temporum</strong></span> <span class='ocrx_word' id='word_1_343' title='bbox 635 3391 830 3431; x_wconf 87' lang='lat' dir='ltr'><strong>cursus</strong></span> <span class='ocrx_word' id='word_1_344' title='bbox 880 3376 1314 3446; x_wconf 75' lang='lat' dir='ltr'><strong>distinguebatur</strong></span> <span class='ocrx_word' id='word_1_345' title='bbox 1368 3384 1429 3430; x_wconf 90' lang='lat' dir='ltr'><strong>ut</strong></span> <span class='ocrx_word' id='word_1_346' title='bbox 1484 3376 1601 3431; x_wconf 91' lang='lat' dir='ltr'><strong>dies</strong></span> <span class='ocrx_word' id='word_1_347' title='bbox 1649 3384 1864 3431; x_wconf 91' lang='lat' dir='ltr'><strong>noctem</strong></span> 
     </span>
    </p>
   </div>
   <div class='ocr_carea' id='block_1_51' title="bbox 278 3466 1867 3538">
    <p class='ocr_par' dir='ltr' id='par_1_51' title="bbox 278 3466 1867 3538">
     <span class='ocr_line' id='line_1_51' title="bbox 278 3466 1867 3538; baseline -0.003 -12"><span class='ocrx_word' id='word_1_348' title='bbox 278 3470 603 3537; x_wconf 60' lang='lat' dir='ltr'><strong>precedent</strong></span> <span class='ocrx_word' id='word_1_349' title='bbox 639 3468 794 3538; x_wconf 71' lang='lat' dir='ltr'><strong>juxta</strong></span> <span class='ocrx_word' id='word_1_350' title='bbox 822 3467 1064 3521; x_wconf 85' lang='lat' dir='ltr'><strong>ordinem</strong></span> <span class='ocrx_word' id='word_1_351' title='bbox 1105 3466 1354 3521; x_wconf 88' lang='lat' dir='ltr'><strong>videlicet</strong></span> <span class='ocrx_word' id='word_1_352' title='bbox 1380 3466 1571 3537; x_wconf 61' lang='lat' dir='ltr'><strong>prima)</strong></span> <span class='ocrx_word' id='word_1_353' title='bbox 1597 3466 1867 3521; x_wconf 91' lang='lat' dir='ltr'><strong>conditio-</strong></span> 
     </span>
    </p>
   </div>
   <div class='ocr_carea' id='block_1_52' title="bbox 281 3557 1867 3629">
    <p class='ocr_par' dir='ltr' id='par_1_52' title="bbox 281 3557 1867 3629">
     <span class='ocr_line' id='line_1_52' title="bbox 281 3557 1867 3629; baseline 0 -16"><span class='ocrx_word' id='word_1_354' title='bbox 281 3561 379 3626; x_wconf 77' lang='lat' dir='ltr'><strong>nis,</strong></span> <span class='ocrx_word' id='word_1_355' title='bbox 415 3562 523 3616; x_wconf 89' lang='lat' dir='ltr'><strong>hac</strong></span> <span class='ocrx_word' id='word_1_356' title='bbox 556 3571 738 3615; x_wconf 87' lang='lat' dir='ltr'><strong>autem</strong></span> <span class='ocrx_word' id='word_1_357' title='bbox 767 3566 924 3614; x_wconf 88' lang='lat' dir='ltr'><strong>nocte</strong></span> <span class='ocrx_word' id='word_1_358' title='bbox 966 3574 1063 3629; x_wconf 88' lang='lat' dir='ltr'><strong>per</strong></span> <span class='ocrx_word' id='word_1_359' title='bbox 1091 3558 1407 3629; x_wconf 87' lang='lat' dir='ltr'><strong>mysterium</strong></span> <span class='ocrx_word' id='word_1_360' title='bbox 1452 3557 1867 3614; x_wconf 83' lang='lat' dir='ltr'><strong>resurrectionis</strong></span> 
     </span>
    </p>
   </div>
   <div class='ocr_carea' id='block_1_53' title="bbox 281 3647 1867 3720">
    <p class='ocr_par' dir='ltr' id='par_1_53' title="bbox 281 3647 1867 3720">
     <span class='ocr_line' id='line_1_53' title="bbox 281 3647 1867 3720; baseline -0.001 -16"><span class='ocrx_word' id='word_1_361' title='bbox 281 3648 483 3705; x_wconf 84' lang='lat' dir='ltr'><strong>Domini</strong></span> <span class='ocrx_word' id='word_1_362' title='bbox 517 3658 822 3720; x_wconf 88' lang='lat' dir='ltr'><strong>temporum</strong></span> <span class='ocrx_word' id='word_1_363' title='bbox 843 3648 976 3703; x_wconf 89' lang='lat' dir='ltr'><strong>ordo</strong></span> <span class='ocrx_word' id='word_1_364' title='bbox 996 3657 1234 3703; x_wconf 90' lang='lat' dir='ltr'><strong>mutatus</strong></span> <span class='ocrx_word' id='word_1_365' title='bbox 1262 3656 1365 3703; x_wconf 86' lang='lat' dir='ltr'><strong>est.</strong></span> <span class='ocrx_word' id='word_1_366' title='bbox 1395 3647 1529 3703; x_wconf 90' lang='lat' dir='ltr'><strong>Nam</strong></span> <span class='ocrx_word' id='word_1_367' title='bbox 1548 3649 1675 3718; x_wconf 84' lang='lat' dir='ltr'><strong>quia</strong></span> <span class='ocrx_word' id='word_1_368' title='bbox 1709 3657 1867 3704; x_wconf 89' lang='lat' dir='ltr'><strong>nocte</strong></span> 
     </span>
    </p>
   </div>
   <div class='ocr_carea' id='block_1_54' title="bbox 284 3740 1863 3811">
    <p class='ocr_par' dir='ltr' id='par_1_54' title="bbox 284 3740 1863 3811">
     <span class='ocr_line' id='line_1_54' title="bbox 284 3740 1863 3811; baseline -0.001 -14"><span class='ocrx_word' id='word_1_369' title='bbox 284 3744 577 3798; x_wconf 76' lang='lat' dir='ltr'><strong>resurrexit</strong></span> <span class='ocrx_word' id='word_1_370' title='bbox 602 3758 634 3796; x_wconf 88' lang='lat' dir='ltr'><strong>a</strong></span> <span class='ocrx_word' id='word_1_371' title='bbox 666 3743 913 3805; x_wconf 85' lang='lat' dir='ltr'><strong>mortuis.</strong></span> <span class='ocrx_word' id='word_1_372' title='bbox 954 3742 1041 3796; x_wconf 92' lang='lat' dir='ltr'><strong>die</strong></span> <span class='ocrx_word' id='word_1_373' title='bbox 1067 3756 1198 3796; x_wconf 90' lang='lat' dir='ltr'><strong>vero</strong></span> <span class='ocrx_word' id='word_1_374' title='bbox 1225 3748 1482 3811; x_wconf 89' lang='lat' dir='ltr'><strong>sequente</strong></span> <span class='ocrx_word' id='word_1_375' title='bbox 1506 3740 1744 3809; x_wconf 83' lang='lat' dir='ltr'><strong>ejusdem</strong></span> <span class='ocrx_word' id='word_1_376' title='bbox 1775 3757 1863 3795; x_wconf 90' lang='lat' dir='ltr'><strong>re-</strong></span> 
     </span>
    </p>
   </div>
   <div class='ocr_carea' id='block_1_55' title="bbox 282 3832 1867 3901">
    <p class='ocr_par' dir='ltr' id='par_1_55' title="bbox 282 3832 1867 3901">
     <span class='ocr_line' id='line_1_55' title="bbox 282 3832 1867 3901; baseline -0.001 -14"><span class='ocrx_word' id='word_1_377' title='bbox 282 3832 633 3887; x_wconf 76' lang='lat' dir='ltr'><strong>surrectionis</strong></span> <span class='ocrx_word' id='word_1_378' title='bbox 665 3832 913 3887; x_wconf 69' lang='lat' dir='ltr'><strong>effectum</strong></span> <span class='ocrx_word' id='word_1_379' title='bbox 963 3832 1239 3901; x_wconf 85' lang='lat' dir='ltr'><strong>discipulis</strong></span> <span class='ocrx_word' id='word_1_380' title='bbox 1258 3832 1512 3897; x_wconf 85' lang='lat' dir='ltr'><strong>ostendit,</strong></span> <span class='ocrx_word' id='word_1_381' title='bbox 1557 3845 1620 3885; x_wconf 90' lang='lat' dir='ltr'><strong>ac</strong></span> <span class='ocrx_word' id='word_1_382' title='bbox 1646 3832 1867 3901; x_wconf 79' lang='lat' dir='ltr'><strong>partici-</strong></span> 
     </span>
    </p>
   </div>
   <div class='ocr_carea' id='block_1_56' title="bbox 282 3919 1867 3992">
    <p class='ocr_par' dir='ltr' id='par_1_56' title="bbox 282 3919 1867 3992">
     <span class='ocr_line' id='line_1_56' title="bbox 282 3919 1867 3992; baseline -0.001 -17"><span class='ocrx_word' id='word_1_383' title='bbox 282 3930 403 3992; x_wconf 84' lang='lat' dir='ltr'><strong>pato</strong></span> <span class='ocrx_word' id='word_1_384' title='bbox 450 3937 578 3978; x_wconf 88' lang='lat' dir='ltr'><strong>eum</strong></span> <span class='ocrx_word' id='word_1_385' title='bbox 612 3923 695 3977; x_wconf 87' lang='lat' dir='ltr'><strong>eis</strong></span> <span class='ocrx_word' id='word_1_386' title='bbox 736 3922 986 3976; x_wconf 89' lang='lat' dir='ltr'><strong>convivio</strong></span> <span class='ocrx_word' id='word_1_387' title='bbox 1033 3919 1320 3977; x_wconf 75' lang='lat' dir='ltr'><strong>veritatem</strong></span> <span class='ocrx_word' id='word_1_388' title='bbox 1347 3922 1569 3976; x_wconf 91' lang='lat' dir='ltr'><strong>virtutis</strong></span> <span class='ocrx_word' id='word_1_389' title='bbox 1597 3936 1709 3975; x_wconf 66' lang='lat' dir='ltr'><strong>suae</strong></span> <span class='ocrx_word' id='word_1_390' title='bbox 1761 3922 1867 3975; x_wconf 85' lang='lat' dir='ltr'><strong>mi-</strong></span> 
     </span>
    </p>
   </div>
   <div class='ocr_carea' id='block_1_57' title="bbox 286 4011 1868 4081">
    <p class='ocr_par' dir='ltr' id='par_1_57' title="bbox 286 4011 1868 4081">
     <span class='ocr_line' id='line_1_57' title="bbox 286 4011 1868 4081; baseline 0 -16"><span class='ocrx_word' id='word_1_391' title='bbox 286 4013 524 4067; x_wconf 86' lang='lat' dir='ltr'><strong>rantibus</strong></span> <span class='ocrx_word' id='word_1_392' title='bbox 576 4011 738 4066; x_wconf 88' lang='lat' dir='ltr'><strong>simul</strong></span> <span class='ocrx_word' id='word_1_393' title='bbox 781 4019 836 4065; x_wconf 92' lang='lat' dir='ltr'><strong>et</strong></span> <span class='ocrx_word' id='word_1_394' title='bbox 872 4011 1229 4081; x_wconf 88' lang='lat' dir='ltr'><strong>gaudentibus</strong></span> <span class='ocrx_word' id='word_1_395' title='bbox 1258 4012 1512 4075; x_wconf 81' lang='lat' dir='ltr'><strong>astruxit,</strong></span> <span class='ocrx_word' id='word_1_396' title='bbox 1566 4011 1868 4066; x_wconf 87' lang='lat' dir='ltr'><strong>rectissime</strong></span> 
     </span>
    </p>
   </div>
   <div class='ocr_carea' id='block_1_58' title="bbox 286 4098 1867 4169">
    <p class='ocr_par' dir='ltr' id='par_1_58' title="bbox 286 4098 1867 4169">
     <span class='ocr_line' id='line_1_58' title="bbox 286 4098 1867 4169; baseline -0.001 -15"><span class='ocrx_word' id='word_1_397' title='bbox 286 4116 385 4154; x_wconf 73' lang='lat' dir='ltr'><strong>nos</strong></span> <span class='ocrx_word' id='word_1_398' title='bbox 426 4101 517 4154; x_wconf 83' lang='lat' dir='ltr'><strong>illa</strong></span> <span class='ocrx_word' id='word_1_399' title='bbox 561 4100 838 4169; x_wconf 87' lang='lat' dir='ltr'><strong>sequentis</strong></span> <span class='ocrx_word' id='word_1_400' title='bbox 884 4099 988 4154; x_wconf 87' lang='lat' dir='ltr'><strong>diei</strong></span> <span class='ocrx_word' id='word_1_401' title='bbox 1035 4098 1321 4168; x_wconf 89' lang='lat' dir='ltr'><strong>conjuncta</strong></span> <span class='ocrx_word' id='word_1_402' title='bbox 1363 4108 1447 4154; x_wconf 92' lang='lat' dir='ltr'><strong>est</strong></span> <span class='ocrx_word' id='word_1_403' title='bbox 1488 4098 1616 4163; x_wconf 91' lang='lat' dir='ltr'><strong>luci,</strong></span> <span class='ocrx_word' id='word_1_404' title='bbox 1669 4112 1735 4154; x_wconf 87' lang='lat' dir='ltr'><strong>ac</strong></span> <span class='ocrx_word' id='word_1_405' title='bbox 1789 4098 1867 4153; x_wconf 89' lang='lat' dir='ltr'><strong>sic</strong></span> 
     </span>
    </p>
   </div>
   <div class='ocr_carea' id='block_1_59' title="bbox 288 4192 1864 4263">
    <p class='ocr_par' dir='ltr' id='par_1_59' title="bbox 288 4192 1864 4263">
     <span class='ocr_line' id='line_1_59' title="bbox 288 4192 1864 4263; baseline -0.001 -17"><span class='ocrx_word' id='word_1_406' title='bbox 288 4202 584 4263; x_wconf 88' lang='lat' dir='ltr'><strong>temporum</strong></span> <span class='ocrx_word' id='word_1_407' title='bbox 623 4193 758 4247; x_wconf 91' lang='lat' dir='ltr'><strong>ordo</strong></span> <span class='ocrx_word' id='word_1_408' title='bbox 809 4200 1044 4247; x_wconf 89' lang='lat' dir='ltr'><strong>statutus</strong></span> <span class='ocrx_word' id='word_1_409' title='bbox 1093 4201 1155 4246; x_wconf 93' lang='lat' dir='ltr'><strong>ut</strong></span> <span class='ocrx_word' id='word_1_410' title='bbox 1181 4192 1296 4246; x_wconf 86' lang='lat' dir='ltr'><strong>dies</strong></span> <span class='ocrx_word' id='word_1_411' title='bbox 1329 4199 1543 4247; x_wconf 90' lang='lat' dir='ltr'><strong>noctem</strong></span> <span class='ocrx_word' id='word_1_412' title='bbox 1587 4199 1864 4261; x_wconf 87' lang='lat' dir='ltr'><strong>sequatur.</strong></span> 
     </span>
    </p>
   </div>
   <div class='ocr_carea' id='block_1_60' title="bbox 289 4281 1867 4352">
    <p class='ocr_par' dir='ltr' id='par_1_60' title="bbox 289 4281 1867 4352">
     <span class='ocr_line' id='line_1_60' title="bbox 289 4281 1867 4352; baseline 0 -17"><span class='ocrx_word' id='word_1_413' title='bbox 289 4282 347 4335; x_wconf 81' lang='lat' dir='ltr'><strong>Et</strong></span> <span class='ocrx_word' id='word_1_414' title='bbox 369 4284 591 4352; x_wconf 85' lang='lat' dir='ltr'><strong>quidem</strong></span> <span class='ocrx_word' id='word_1_415' title='bbox 612 4282 892 4352; x_wconf 88' lang='lat' dir='ltr'><strong>aptissime</strong></span> <span class='ocrx_word' id='word_1_416' title='bbox 928 4282 1197 4350; x_wconf 90' lang='lat' dir='ltr'><strong>quondam</strong></span> <span class='ocrx_word' id='word_1_417' title='bbox 1224 4281 1366 4336; x_wconf 90' lang='lat' dir='ltr'><strong>diem</strong></span> <span class='ocrx_word' id='word_1_418' title='bbox 1393 4282 1715 4350; x_wconf 88' lang='lat' dir='ltr'><strong>sequebatur</strong></span> <span class='ocrx_word' id='word_1_419' title='bbox 1738 4297 1867 4346; x_wconf 82' lang='lat' dir='ltr'><strong>nox,</strong></span> 
     </span>
    </p>
   </div>
   <div class='ocr_carea' id='block_1_61' title="bbox 288 4370 1869 4442">
    <p class='ocr_par' dir='ltr' id='par_1_61' title="bbox 288 4370 1869 4442">
     <span class='ocr_line' id='line_1_61' title="bbox 288 4370 1869 4442; baseline 0.001 -18"><span class='ocrx_word' id='word_1_420' title='bbox 288 4371 406 4442; x_wconf 85' lang='lat' dir='ltr'><strong>quia</strong></span> <span class='ocrx_word' id='word_1_421' title='bbox 427 4375 591 4427; x_wconf 86' lang='lat' dir='ltr'><strong>homo</strong></span> <span class='ocrx_word' id='word_1_422' title='bbox 620 4388 650 4426; x_wconf 90' lang='lat' dir='ltr'><strong>a</strong></span> <span class='ocrx_word' id='word_1_423' title='bbox 676 4373 793 4427; x_wconf 92' lang='lat' dir='ltr'><strong>luce</strong></span> <span class='ocrx_word' id='word_1_424' title='bbox 823 4373 1057 4441; x_wconf 87' lang='lat' dir='ltr'><strong>paradisi</strong></span> <span class='ocrx_word' id='word_1_425' title='bbox 1094 4372 1364 4441; x_wconf 88' lang='lat' dir='ltr'><strong>peccando</strong></span> <span class='ocrx_word' id='word_1_426' title='bbox 1392 4371 1595 4440; x_wconf 88' lang='lat' dir='ltr'><strong>lapsus,</strong></span> <span class='ocrx_word' id='word_1_427' title='bbox 1636 4371 1688 4426; x_wconf 91' lang='lat' dir='ltr'><strong>in</strong></span> <span class='ocrx_word' id='word_1_428' title='bbox 1712 4370 1869 4440; x_wconf 84' lang='lat' dir='ltr'><strong>hujus</strong></span> 
     </span>
    </p>
   </div>
   <div class='ocr_carea' id='block_1_62' title="bbox 286 4460 1868 4531">
    <p class='ocr_par' dir='ltr' id='par_1_62' title="bbox 286 4460 1868 4531">
     <span class='ocr_line' id='line_1_62' title="bbox 286 4460 1868 4531; baseline 0.001 -16"><span class='ocrx_word' id='word_1_429' title='bbox 286 4463 459 4516; x_wconf 77' lang='lat' dir='ltr'><strong>seculi</strong></span> <span class='ocrx_word' id='word_1_430' title='bbox 486 4465 741 4517; x_wconf 86' lang='lat' dir='ltr'><strong>tenebras</strong></span> <span class='ocrx_word' id='word_1_431' title='bbox 765 4477 1141 4531; x_wconf 71' lang='lat' dir='ltr'><strong>mrumnasqne</strong></span> <span class='ocrx_word' id='word_1_432' title='bbox 1165 4460 1385 4515; x_wconf 90' lang='lat' dir='ltr'><strong>decidit.</strong></span> <span class='ocrx_word' id='word_1_433' title='bbox 1414 4461 1705 4531; x_wconf 83' lang='lat' dir='ltr'><strong>Aptissime</strong></span> <span class='ocrx_word' id='word_1_434' title='bbox 1730 4476 1868 4516; x_wconf 91' lang='lat' dir='ltr'><strong>nunc</strong></span> 
     </span>
    </p>
   </div>
   <div class='ocr_carea' id='block_1_63' title="bbox 286 4550 1868 4622">
    <p class='ocr_par' dir='ltr' id='par_1_63' title="bbox 286 4550 1868 4622">
     <span class='ocr_line' id='line_1_63' title="bbox 286 4550 1868 4622; baseline 0.004 -22"><span class='ocrx_word' id='word_1_435' title='bbox 286 4552 398 4607; x_wconf 85' lang='lat' dir='ltr'><strong>dies</strong></span> <span class='ocrx_word' id='word_1_436' title='bbox 427 4554 674 4622; x_wconf 84' lang='lat' dir='ltr'><strong>sequitur</strong></span> <span class='ocrx_word' id='word_1_437' title='bbox 704 4560 917 4607; x_wconf 89' lang='lat' dir='ltr'><strong>noctem</strong></span> <span class='ocrx_word' id='word_1_438' title='bbox 960 4552 1174 4620; x_wconf 90' lang='lat' dir='ltr'><strong>quando</strong></span> <span class='ocrx_word' id='word_1_439' title='bbox 1199 4566 1298 4620; x_wconf 91' lang='lat' dir='ltr'><strong>per</strong></span> <span class='ocrx_word' id='word_1_440' title='bbox 1323 4550 1484 4605; x_wconf 84' lang='lat' dir='ltr'><strong>ﬁdem</strong></span> <span class='ocrx_word' id='word_1_441' title='bbox 1518 4552 1868 4607; x_wconf 88' lang='lat' dir='ltr'><strong>resurrectio-</strong></span> 
     </span>
    </p>
   </div>
   <div class='ocr_carea' id='block_1_64' title="bbox 287 4643 1869 4715">
    <p class='ocr_par' dir='ltr' id='par_1_64' title="bbox 287 4643 1869 4715">
     <span class='ocr_line' id='line_1_64' title="bbox 287 4643 1869 4715; baseline 0.003 -19"><span class='ocrx_word' id='word_1_442' title='bbox 287 4645 367 4698; x_wconf 88' lang='lat' dir='ltr'><strong>nis</strong></span> <span class='ocrx_word' id='word_1_443' title='bbox 393 4661 424 4698; x_wconf 88' lang='lat' dir='ltr'><strong>a</strong></span> <span class='ocrx_word' id='word_1_444' title='bbox 450 4646 658 4715; x_wconf 87' lang='lat' dir='ltr'><strong>peccati</strong></span> <span class='ocrx_word' id='word_1_445' title='bbox 686 4645 921 4700; x_wconf 86' lang='lat' dir='ltr'><strong>tenebris</strong></span> <span class='ocrx_word' id='word_1_446' title='bbox 947 4653 1002 4698; x_wconf 88' lang='lat' dir='ltr'><strong>et</strong></span> <span class='ocrx_word' id='word_1_447' title='bbox 1026 4645 1216 4698; x_wconf 86' lang='lat' dir='ltr'><strong>umbra</strong></span> <span class='ocrx_word' id='word_1_448' title='bbox 1246 4644 1437 4698; x_wconf 90' lang='lat' dir='ltr'><strong>mortis</strong></span> <span class='ocrx_word' id='word_1_449' title='bbox 1459 4644 1527 4698; x_wconf 90' lang='lat' dir='ltr'><strong>ad</strong></span> <span class='ocrx_word' id='word_1_450' title='bbox 1547 4643 1721 4699; x_wconf 87' lang='lat' dir='ltr'><strong>lucem</strong></span> <span class='ocrx_word' id='word_1_451' title='bbox 1746 4646 1869 4700; x_wconf 72' lang='lat' dir='ltr'><strong>vita:</strong></span> 
     </span>
    </p>
   </div>
   <div class='ocr_carea' id='block_1_65' title="bbox 286 4734 1869 4805">
    <p class='ocr_par' dir='ltr' id='par_1_65' title="bbox 286 4734 1869 4805">
     <span class='ocr_line' id='line_1_65' title="bbox 286 4734 1869 4805; baseline 0.001 -17"><span class='ocrx_word' id='word_1_452' title='bbox 286 4735 498 4790; x_wconf 82' lang='lat' dir='ltr'><strong>Christo</strong></span> <span class='ocrx_word' id='word_1_453' title='bbox 546 4735 809 4805; x_wconf 80' lang='lat' dir='ltr'><strong>largiente</strong></span> <span class='ocrx_word' id='word_1_454' title='bbox 875 4735 1201 4789; x_wconf 88' lang='lat' dir='ltr'><strong>reducimur.</strong></span> <span class='ocrx_word' id='word_1_455' title='bbox 1262 4734 1599 4803; x_wconf 78' lang='lat' dir='ltr'><strong>Quapropter</strong></span> <span class='ocrx_word' id='word_1_456' title='bbox 1647 4749 1869 4789; x_wconf 85' lang='lat' dir='ltr'><strong>necesse</strong></span> 
     </span>
    </p>
   </div>
   <div class='ocr_carea' id='block_1_66' title="bbox 286 4825 1866 4897">
    <p class='ocr_par' dir='ltr' id='par_1_66' title="bbox 286 4825 1866 4897">
     <span class='ocr_line' id='line_1_66' title="bbox 286 4825 1866 4897; baseline -0.001 -17"><span class='ocrx_word' id='word_1_457' title='bbox 286 4835 385 4891; x_wconf 86' lang='lat' dir='ltr'><strong>est,</strong></span> <span class='ocrx_word' id='word_1_458' title='bbox 413 4827 608 4882; x_wconf 79' lang='lat' dir='ltr'><strong>fratres</strong></span> <span class='ocrx_word' id='word_1_459' title='bbox 635 4827 875 4897; x_wconf 84' lang='lat' dir='ltr'><strong>benigni,</strong></span> <span class='ocrx_word' id='word_1_460' title='bbox 905 4835 961 4879; x_wconf 92' lang='lat' dir='ltr'><strong>ut</strong></span> <span class='ocrx_word' id='word_1_461' title='bbox 989 4829 1113 4897; x_wconf 90' lang='lat' dir='ltr'><strong>quia</strong></span> <span class='ocrx_word' id='word_1_462' title='bbox 1142 4836 1353 4882; x_wconf 90' lang='lat' dir='ltr'><strong>noctem</strong></span> <span class='ocrx_word' id='word_1_463' title='bbox 1378 4829 1518 4881; x_wconf 82' lang='lat' dir='ltr'><strong>hanc</strong></span> <span class='ocrx_word' id='word_1_464' title='bbox 1543 4825 1866 4896; x_wconf 64' lang='lat' dir='ltr'><strong>praicipuam</strong></span> 
     </span>
    </p>
   </div>
   <div class='ocr_carea' id='block_1_67' title="bbox 285 4917 1864 4987">
    <p class='ocr_par' dir='ltr' id='par_1_67' title="bbox 285 4917 1864 4987">
     <span class='ocr_line' id='line_1_67' title="bbox 285 4917 1864 4987; baseline 0.001 -18"><span class='ocrx_word' id='word_1_465' title='bbox 285 4917 454 4985; x_wconf 85' lang='lat' dir='ltr'><strong>gratia</strong></span> <span class='ocrx_word' id='word_1_466' title='bbox 491 4917 784 4971; x_wconf 71' lang='lat' dir='ltr'><strong>Dominicae</strong></span> <span class='ocrx_word' id='word_1_467' title='bbox 830 4918 1243 4971; x_wconf 88' lang='lat' dir='ltr'><strong>resurrectionis</strong></span> <span class='ocrx_word' id='word_1_468' title='bbox 1286 4917 1609 4971; x_wconf 86' lang='lat' dir='ltr'><strong>illustratam</strong></span> <span class='ocrx_word' id='word_1_469' title='bbox 1661 4931 1864 4987; x_wconf 89' lang='lat' dir='ltr'><strong>cogno-</strong></span> 
     </span>
    </p>
   </div>
   <div class='ocr_carea' id='block_1_68' title="bbox 288 5006 1866 5077">
    <p class='ocr_par' dir='ltr' id='par_1_68' title="bbox 288 5006 1866 5077">
     <span class='ocr_line' id='line_1_68' title="bbox 288 5006 1866 5077; baseline 0.003 -21"><span class='ocrx_word' id='word_1_470' title='bbox 288 5006 477 5071; x_wconf 82' lang='lat' dir='ltr'><strong>vimus,</strong></span> <span class='ocrx_word' id='word_1_471' title='bbox 508 5007 609 5075; x_wconf 90' lang='lat' dir='ltr'><strong>ipsi</strong></span> <span class='ocrx_word' id='word_1_472' title='bbox 640 5021 856 5076; x_wconf 89' lang='lat' dir='ltr'><strong>quoqne</strong></span> <span class='ocrx_word' id='word_1_473' title='bbox 883 5021 1135 5061; x_wconf 89' lang='lat' dir='ltr'><strong>curemus</strong></span> <span class='ocrx_word' id='word_1_474' title='bbox 1156 5007 1385 5061; x_wconf 87' lang='lat' dir='ltr'><strong>sollicite</strong></span> <span class='ocrx_word' id='word_1_475' title='bbox 1437 5016 1498 5060; x_wconf 88' lang='lat' dir='ltr'><strong>ut</strong></span> <span class='ocrx_word' id='word_1_476' title='bbox 1527 5022 1866 5077; x_wconf 87' lang='lat' dir='ltr'><strong>nequaquam</strong></span> 
     </span>
    </p>
   </div>
   <div class='ocr_carea' id='block_1_69' title="bbox 290 5095 1867 5169">
    <p class='ocr_par' dir='ltr' id='par_1_69' title="bbox 290 5095 1867 5169">
     <span class='ocr_line' id='line_1_69' title="bbox 290 5095 1867 5169; baseline 0.004 -23"><span class='ocrx_word' id='word_1_477' title='bbox 290 5095 399 5163; x_wconf 65' lang='lat' dir='ltr'><strong>ejus</strong></span> <span class='ocrx_word' id='word_1_478' title='bbox 432 5099 694 5169; x_wconf 86' lang='lat' dir='ltr'><strong>particula</strong></span> <span class='ocrx_word' id='word_1_479' title='bbox 732 5107 918 5153; x_wconf 89' lang='lat' dir='ltr'><strong>nostro</strong></span> <span class='ocrx_word' id='word_1_480' title='bbox 948 5099 1001 5151; x_wconf 89' lang='lat' dir='ltr'><strong>in</strong></span> <span class='ocrx_word' id='word_1_481' title='bbox 1030 5100 1194 5154; x_wconf 88' lang='lat' dir='ltr'><strong>corde</strong></span> <span class='ocrx_word' id='word_1_482' title='bbox 1230 5100 1585 5162; x_wconf 71' lang='lat' dir='ltr'><strong>tenebrescet,</strong></span> <span class='ocrx_word' id='word_1_483' title='bbox 1631 5098 1725 5153; x_wconf 90' lang='lat' dir='ltr'><strong>sed</strong></span> <span class='ocrx_word' id='word_1_484' title='bbox 1755 5107 1867 5153; x_wconf 89' lang='lat' dir='ltr'><strong>tota</strong></span> 
     </span>
    </p>
   </div>
   <div class='ocr_carea' id='block_1_70' title="bbox 291 5190 1869 5260">
    <p class='ocr_par' dir='ltr' id='par_1_70' title="bbox 291 5190 1869 5260">
     <span class='ocr_line' id='line_1_70' title="bbox 291 5190 1869 5260; baseline 0.003 -18"><span class='ocrx_word' id='word_1_485' title='bbox 291 5190 518 5244; x_wconf 70' lang='lat' dir='ltr'><strong>lucescat</strong></span> <span class='ocrx_word' id='word_1_486' title='bbox 564 5191 617 5245; x_wconf 92' lang='lat' dir='ltr'><strong>in</strong></span> <span class='ocrx_word' id='word_1_487' title='bbox 660 5191 821 5245; x_wconf 89' lang='lat' dir='ltr'><strong>diem.</strong></span> <span class='ocrx_word' id='word_1_488' title='bbox 865 5191 931 5245; x_wconf 83' lang='lat' dir='ltr'><strong>Et</strong></span> <span class='ocrx_word' id='word_1_489' title='bbox 971 5207 1114 5245; x_wconf 90' lang='lat' dir='ltr'><strong>nunc</strong></span> <span class='ocrx_word' id='word_1_490' title='bbox 1159 5191 1408 5245; x_wconf 79' lang='lat' dir='ltr'><strong>videlicet</strong></span> <span class='ocrx_word' id='word_1_491' title='bbox 1452 5191 1607 5245; x_wconf 89' lang='lat' dir='ltr'><strong>nobis</strong></span> <span class='ocrx_word' id='word_1_492' title='bbox 1661 5190 1869 5260; x_wconf 84' lang='lat' dir='ltr'><strong>vigilias</strong></span> 
     </span>
    </p>
   </div>
   <div class='ocr_carea' id='block_1_71' title="bbox 290 5280 1867 5352">
    <p class='ocr_par' dir='ltr' id='par_1_71' title="bbox 290 5280 1867 5352">
     <span class='ocr_line' id='line_1_71' title="bbox 290 5280 1867 5352; baseline 0.004 -23"><span class='ocrx_word' id='word_1_493' title='bbox 290 5281 446 5349; x_wconf 83' lang='lat' dir='ltr'><strong>digna</strong></span> <span class='ocrx_word' id='word_1_494' title='bbox 473 5281 758 5337; x_wconf 84' lang='lat' dir='ltr'><strong>devotione</strong></span> <span class='ocrx_word' id='word_1_495' title='bbox 785 5282 960 5335; x_wconf 90' lang='lat' dir='ltr'><strong>laudis</strong></span> <span class='ocrx_word' id='word_1_496' title='bbox 987 5282 1290 5352; x_wconf 88' lang='lat' dir='ltr'><strong>agentibus,</strong></span> <span class='ocrx_word' id='word_1_497' title='bbox 1331 5280 1611 5349; x_wconf 81' lang='lat' dir='ltr'><strong>completis</strong></span> <span class='ocrx_word' id='word_1_498' title='bbox 1654 5295 1867 5349; x_wconf 89' lang='lat' dir='ltr'><strong>quoque</strong></span> 
     </span>
    </p>
   </div>
   <div class='ocr_carea' id='block_1_72' title="bbox 290 5371 1867 5444">
    <p class='ocr_par' dir='ltr' id='par_1_72' title="bbox 290 5371 1867 5444">
     <span class='ocr_line' id='line_1_72' title="bbox 290 5371 1867 5444; baseline 0.004 -23"><span class='ocrx_word' id='word_1_499' title='bbox 290 5371 502 5440; x_wconf 83' lang='lat' dir='ltr'><strong>vigiliis,</strong></span> <span class='ocrx_word' id='word_1_500' title='bbox 546 5373 728 5427; x_wconf 87' lang='lat' dir='ltr'><strong>sobria</strong></span> <span class='ocrx_word' id='word_1_501' title='bbox 780 5388 847 5427; x_wconf 86' lang='lat' dir='ltr'><strong>ac</strong></span> <span class='ocrx_word' id='word_1_502' title='bbox 877 5388 1012 5444; x_wconf 85' lang='lat' dir='ltr'><strong>pura</strong></span> <span class='ocrx_word' id='word_1_503' title='bbox 1062 5373 1391 5429; x_wconf 90' lang='lat' dir='ltr'><strong>conscientia</strong></span> <span class='ocrx_word' id='word_1_504' title='bbox 1441 5372 1706 5427; x_wconf 91' lang='lat' dir='ltr'><strong>Dominici</strong></span> <span class='ocrx_word' id='word_1_505' title='bbox 1760 5373 1867 5427; x_wconf 92' lang='lat' dir='ltr'><strong>diei</strong></span> 
     </span>
    </p>
   </div>
   <div class='ocr_carea' id='block_1_73' title="bbox 288 5458 1134 5525">
    <p class='ocr_par' dir='ltr' id='par_1_73' title="bbox 288 5458 1134 5525">
     <span class='ocr_line' id='line_1_73' title="bbox 288 5458 1134 5525; baseline 0.004 -14"><span class='ocrx_word' id='word_1_506' title='bbox 288 5458 557 5525; x_wconf 79' lang='lat' dir='ltr'><strong>paschalia</strong></span> <span class='ocrx_word' id='word_1_507' title='bbox 594 5459 733 5514; x_wconf 90' lang='lat' dir='ltr'><strong>festa</strong></span> <span class='ocrx_word' id='word_1_508' title='bbox 780 5460 1134 5516; x_wconf 88' lang='lat' dir='ltr'><strong>celebremus.</strong></span> 
     </span>
    </p>
   </div>
   <div class='ocr_carea' id='block_1_74' title="bbox 374 5547 1869 5622">
    <p class='ocr_par' dir='ltr' id='par_1_74' title="bbox 374 5547 1869 5622">
     <span class='ocr_line' id='line_1_74' title="bbox 374 5547 1869 5622; baseline 0.006 -22"><span class='ocrx_word' id='word_1_509' title='bbox 374 5547 536 5616; x_wconf 78' lang='lat' dir='ltr'><strong>Venit,</strong></span> <span class='ocrx_word' id='word_1_510' title='bbox 566 5551 762 5620; x_wconf 88' lang='lat' dir='ltr'><strong>inquit,</strong></span> <span class='ocrx_word' id='word_1_511' title='bbox 786 5550 961 5605; x_wconf 73' lang='lat' dir='ltr'><strong>Maria</strong></span> <span class='ocrx_word' id='word_1_512' title='bbox 985 5550 1296 5622; x_wconf 78' lang='lat' dir='ltr'><strong>Magdalene</strong></span> <span class='ocrx_word' id='word_1_513' title='bbox 1331 5562 1378 5607; x_wconf 88' lang='lat' dir='ltr'><strong>et</strong></span> <span class='ocrx_word' id='word_1_514' title='bbox 1401 5552 1567 5607; x_wconf 86' lang='lat' dir='ltr'><strong>altera</strong></span> <span class='ocrx_word' id='word_1_515' title='bbox 1593 5553 1769 5609; x_wconf 75' lang='lat' dir='ltr'><strong>Maria</strong></span> <span class='ocrx_word' id='word_1_516' title='bbox 1793 5555 1869 5609; x_wconf 80' lang='lat' dir='ltr'><strong>vi-</strong></span> 
     </span>
    </p>
   </div>
   <div class='ocr_carea' id='block_1_75' title="bbox 289 5638 1868 5712">
    <p class='ocr_par' dir='ltr' id='par_1_75' title="bbox 289 5638 1868 5712">
     <span class='ocr_line' id='line_1_75' title="bbox 289 5638 1868 5712; baseline 0.004 -22"><span class='ocrx_word' id='word_1_517' title='bbox 289 5638 409 5693; x_wconf 70' lang='lat' dir='ltr'><strong>dere</strong></span> <span class='ocrx_word' id='word_1_518' title='bbox 428 5644 739 5711; x_wconf 75' lang='lat' dir='ltr'><strong>sepulcrum.</strong></span> <span class='ocrx_word' id='word_1_519' title='bbox 765 5642 894 5695; x_wconf 77' lang='lat' dir='ltr'><strong>Duze</strong></span> <span class='ocrx_word' id='word_1_520' title='bbox 920 5643 1078 5697; x_wconf 91' lang='lat' dir='ltr'><strong>unius</strong></span> <span class='ocrx_word' id='word_1_521' title='bbox 1099 5643 1333 5699; x_wconf 89' lang='lat' dir='ltr'><strong>nominis</strong></span> <span class='ocrx_word' id='word_1_522' title='bbox 1359 5644 1704 5712; x_wconf 88' lang='lat' dir='ltr'><strong>ejusdemque</strong></span> <span class='ocrx_word' id='word_1_523' title='bbox 1718 5658 1868 5697; x_wconf 79' lang='lat' dir='ltr'><strong>amo-</strong></span> 
     </span>
    </p>
   </div>
   <div class='ocr_carea' id='block_1_76' title="bbox 292 5732 1865 5803">
    <p class='ocr_par' dir='ltr' id='par_1_76' title="bbox 292 5732 1865 5803">
     <span class='ocr_line' id='line_1_76' title="bbox 292 5732 1865 5803; baseline 0.003 -21"><span class='ocrx_word' id='word_1_524' title='bbox 292 5749 366 5782; x_wconf 61' lang='lat' dir='ltr'><strong>l‘m</strong></span> <span class='ocrx_word' id='word_1_525' title='bbox 405 5750 465 5788; x_wconf 85' lang='lat' dir='ltr'><strong>ac</strong></span> <span class='ocrx_word' id='word_1_526' title='bbox 487 5734 789 5789; x_wconf 82' lang='lat' dir='ltr'><strong>devotionis</strong></span> <span class='ocrx_word' id='word_1_527' title='bbox 820 5732 1051 5797; x_wconf 68' lang='lat' dir='ltr'><strong>feminre,</strong></span> <span class='ocrx_word' id='word_1_528' title='bbox 1096 5750 1214 5803; x_wconf 66' lang='lat' dir='ltr'><strong>qua:</strong></span> <span class='ocrx_word' id='word_1_529' title='bbox 1241 5735 1571 5788; x_wconf 79' lang='lat' dir='ltr'><strong>Dominicum</strong></span> <span class='ocrx_word' id='word_1_530' title='bbox 1603 5743 1865 5789; x_wconf 73' lang='lat' dir='ltr'><strong>venerunt</strong></span> 
     </span>
    </p>
   </div>
   <div class='ocr_carea' id='block_1_77' title="bbox 650 5826 1098 5887">
    <p class='ocr_par' dir='ltr' id='par_1_77' title="bbox 650 5826 1098 5887">
     <span class='ocr_line' id='line_1_77' title="bbox 650 5826 1098 5887; baseline -0.004 0"><span class='ocrx_word' id='word_1_531' title='bbox 650 5828 926 5887; x_wconf 70' lang='grc' dir='ltr'><strong>ΡΑτηοι..</strong></span> <span class='ocrx_word' id='word_1_532' title='bbox 966 5826 1098 5886; x_wconf 80' lang='lat' dir='ltr'><strong>CX.</strong></span> 
     </span>
    </p>
   </div>
   <div class='ocr_carea' id='block_1_78' title="bbox 1898 4521 1947 4580">
    <p class='ocr_par' dir='ltr' id='par_1_78' title="bbox 1898 4521 1947 4580">
     <span class='ocr_line' id='line_1_78' title="bbox 1898 4521 1947 4580; baseline 0 0"><span class='ocrx_word' id='word_1_533' title='bbox 1898 4521 1947 4580; x_wconf 93' lang='lat' dir='ltr'><strong>D</strong></span> 
     </span>
    </p>
   </div>
   <div class='ocr_carea' id='block_1_79' title="bbox 1966 1904 3560 1977">
    <p class='ocr_par' dir='ltr' id='par_1_79' title="bbox 1966 1904 3560 1977">
     <span class='ocr_line' id='line_1_79' title="bbox 1966 1904 3560 1977; baseline 0.001 -14"><span class='ocrx_word' id='word_1_534' title='bbox 1966 1908 2111 1975; x_wconf 91' lang='lat' dir='ltr'><strong>dem,</strong></span> <span class='ocrx_word' id='word_1_535' title='bbox 2140 1924 2245 1963; x_wconf 91' lang='lat' dir='ltr'><strong>non</strong></span> <span class='ocrx_word' id='word_1_536' title='bbox 2278 1917 2338 1963; x_wconf 93' lang='lat' dir='ltr'><strong>ut</strong></span> <span class='ocrx_word' id='word_1_537' title='bbox 2390 1921 2677 1977; x_wconf 85' lang='lat' dir='ltr'><strong>egressuro</strong></span> <span class='ocrx_word' id='word_1_538' title='bbox 2704 1905 2935 1961; x_wconf 90' lang='lat' dir='ltr'><strong>Domino</strong></span> <span class='ocrx_word' id='word_1_539' title='bbox 2955 1904 3178 1974; x_wconf 88' lang='lat' dir='ltr'><strong>januam</strong></span> <span class='ocrx_word' id='word_1_540' title='bbox 3206 1905 3430 1976; x_wconf 88' lang='lat' dir='ltr'><strong>pandat,</strong></span> <span class='ocrx_word' id='word_1_541' title='bbox 3460 1906 3560 1966; x_wconf 82' lang='lat' dir='ltr'><strong>sed</strong></span> 
     </span>
    </p>
   </div>
   <div class='ocr_carea' id='block_1_80' title="bbox 1968 1997 3549 2072">
    <p class='ocr_par' dir='ltr' id='par_1_80' title="bbox 1968 1997 3549 2072">
     <span class='ocr_line' id='line_1_80' title="bbox 1968 1997 3549 2072; baseline -0.002 -15"><span class='ocrx_word' id='word_1_542' title='bbox 1968 2015 2218 2072; x_wconf 77' lang='lat' dir='ltr'><strong>egressus</strong></span> <span class='ocrx_word' id='word_1_543' title='bbox 2244 2000 2360 2069; x_wconf 90' lang='lat' dir='ltr'><strong>ejus</strong></span> <span class='ocrx_word' id='word_1_544' title='bbox 2390 2001 2501 2071; x_wconf 89' lang='lat' dir='ltr'><strong>jam</strong></span> <span class='ocrx_word' id='word_1_545' title='bbox 2535 1999 2661 2053; x_wconf 89' lang='lat' dir='ltr'><strong>facti</strong></span> <span class='ocrx_word' id='word_1_546' title='bbox 2687 1997 2998 2054; x_wconf 88' lang='lat' dir='ltr'><strong>hominibus</strong></span> <span class='ocrx_word' id='word_1_547' title='bbox 3024 2006 3243 2068; x_wconf 72' lang='lat' dir='ltr'><strong>pnestet</strong></span> <span class='ocrx_word' id='word_1_548' title='bbox 3263 1998 3549 2054; x_wconf 89' lang='lat' dir='ltr'><strong>indicium.</strong></span> 
     </span>
    </p>
   </div>
   <div class='ocr_carea' id='block_1_81' title="bbox 1967 2088 3561 2159">
    <p class='ocr_par' dir='ltr' id='par_1_81' title="bbox 1967 2088 3561 2159">
     <span class='ocr_line' id='line_1_81' title="bbox 1967 2088 3561 2159; baseline -0.001 -16"><span class='ocrx_word' id='word_1_549' title='bbox 1967 2091 2069 2159; x_wconf 88' lang='lat' dir='ltr'><strong>Qui</strong></span> <span class='ocrx_word' id='word_1_550' title='bbox 2091 2092 2234 2147; x_wconf 91' lang='lat' dir='ltr'><strong>enim</strong></span> <span class='ocrx_word' id='word_1_551' title='bbox 2276 2090 2522 2145; x_wconf 87' lang='lat' dir='ltr'><strong>mortalis</strong></span> <span class='ocrx_word' id='word_1_552' title='bbox 2551 2089 2724 2144; x_wconf 88' lang='lat' dir='ltr'><strong>adhuc</strong></span> <span class='ocrx_word' id='word_1_553' title='bbox 2753 2088 2937 2143; x_wconf 90' lang='lat' dir='ltr'><strong>clauso</strong></span> <span class='ocrx_word' id='word_1_554' title='bbox 2960 2088 3188 2159; x_wconf 89' lang='lat' dir='ltr'><strong>virginis</strong></span> <span class='ocrx_word' id='word_1_555' title='bbox 3210 2096 3361 2144; x_wconf 91' lang='lat' dir='ltr'><strong>utero</strong></span> <span class='ocrx_word' id='word_1_556' title='bbox 3382 2088 3561 2158; x_wconf 89' lang='lat' dir='ltr'><strong>potuit</strong></span> 
     </span>
    </p>
   </div>
   <div class='ocr_carea' id='block_1_82' title="bbox 1969 2179 3560 2251">
    <p class='ocr_par' dir='ltr' id='par_1_82' title="bbox 1969 2179 3560 2251">
     <span class='ocr_line' id='line_1_82' title="bbox 1969 2179 3560 2251; baseline -0.001 -13"><span class='ocrx_word' id='word_1_557' title='bbox 1969 2183 2241 2240; x_wconf 87' lang='lat' dir='ltr'><strong>nascendo</strong></span> <span class='ocrx_word' id='word_1_558' title='bbox 2284 2182 2542 2236; x_wconf 89' lang='lat' dir='ltr'><strong>mundum</strong></span> <span class='ocrx_word' id='word_1_559' title='bbox 2569 2179 2777 2251; x_wconf 85' lang='lat' dir='ltr'><strong>ingredi</strong></span> <span class='ocrx_word' id='word_1_560' title='bbox 2848 2180 2962 2249; x_wconf 91' lang='lat' dir='ltr'><strong>ipse</strong></span> <span class='ocrx_word' id='word_1_561' title='bbox 3000 2181 3207 2250; x_wconf 87' lang='lat' dir='ltr'><strong>absque</strong></span> <span class='ocrx_word' id='word_1_562' title='bbox 3236 2179 3346 2237; x_wconf 90' lang='lat' dir='ltr'><strong>ulla</strong></span> <span class='ocrx_word' id='word_1_563' title='bbox 3370 2180 3560 2237; x_wconf 86' lang='lat' dir='ltr'><strong>dubie-</strong></span> 
     </span>
    </p>
   </div>
   <div class='ocr_carea' id='block_1_83' title="bbox 1969 2270 3560 2344">
    <p class='ocr_par' dir='ltr' id='par_1_83' title="bbox 1969 2270 3560 2344">
     <span class='ocr_line' id='line_1_83' title="bbox 1969 2270 3560 2344; baseline -0.001 -15"><span class='ocrx_word' id='word_1_564' title='bbox 1969 2281 2079 2329; x_wconf 90' lang='lat' dir='ltr'><strong>tate</strong></span> <span class='ocrx_word' id='word_1_565' title='bbox 2101 2272 2213 2342; x_wconf 87' lang='lat' dir='ltr'><strong>jam</strong></span> <span class='ocrx_word' id='word_1_566' title='bbox 2246 2272 2419 2327; x_wconf 87' lang='lat' dir='ltr'><strong>factus</strong></span> <span class='ocrx_word' id='word_1_567' title='bbox 2450 2270 2773 2326; x_wconf 88' lang='lat' dir='ltr'><strong>immortalis</strong></span> <span class='ocrx_word' id='word_1_568' title='bbox 2816 2270 3001 2326; x_wconf 87' lang='lat' dir='ltr'><strong>clauso</strong></span> <span class='ocrx_word' id='word_1_569' title='bbox 3020 2270 3149 2327; x_wconf 89' lang='lat' dir='ltr'><strong>licet</strong></span> <span class='ocrx_word' id='word_1_570' title='bbox 3176 2271 3423 2343; x_wconf 82' lang='lat' dir='ltr'><strong>sepulcro</strong></span> <span class='ocrx_word' id='word_1_571' title='bbox 3461 2288 3560 2344; x_wconf 86' lang='lat' dir='ltr'><strong>po-</strong></span> 
     </span>
    </p>
   </div>
   <div class='ocr_carea' id='block_1_84' title="bbox 1969 2359 3558 2436">
    <p class='ocr_par' dir='ltr' id='par_1_84' title="bbox 1969 2359 3558 2436">
     <span class='ocr_line' id='line_1_84' title="bbox 1969 2359 3558 2436; baseline -0.001 -16"><span class='ocrx_word' id='word_1_572' title='bbox 1969 2364 2073 2420; x_wconf 90' lang='lat' dir='ltr'><strong>tuit</strong></span> <span class='ocrx_word' id='word_1_573' title='bbox 2097 2363 2427 2436; x_wconf 86' lang='lat' dir='ltr'><strong>resurgendo</strong></span> <span class='ocrx_word' id='word_1_574' title='bbox 2453 2363 2602 2418; x_wconf 81' lang='lat' dir='ltr'><strong>exire</strong></span> <span class='ocrx_word' id='word_1_575' title='bbox 2631 2362 2697 2417; x_wconf 87' lang='lat' dir='ltr'><strong>de</strong></span> <span class='ocrx_word' id='word_1_576' title='bbox 2731 2362 2951 2417; x_wconf 87' lang='lat' dir='ltr'><strong>mundo.</strong></span> <span class='ocrx_word' id='word_1_577' title='bbox 2988 2359 3096 2417; x_wconf 86' lang='lat' dir='ltr'><strong>Nec</strong></span> <span class='ocrx_word' id='word_1_578' title='bbox 3123 2364 3558 2432; x_wconf 64' lang='lat' dir='ltr'><strong>praetereundum</strong></span> 
     </span>
    </p>
   </div>
   <div class='ocr_carea' id='block_1_85' title="bbox 1967 2453 3560 2527">
    <p class='ocr_par' dir='ltr' id='par_1_85' title="bbox 1967 2453 3560 2527">
     <span class='ocr_line' id='line_1_85' title="bbox 1967 2453 3560 2527; baseline 0.001 -17"><span class='ocrx_word' id='word_1_579' title='bbox 1967 2470 2139 2527; x_wconf 90' lang='lat' dir='ltr'><strong>quare</strong></span> <span class='ocrx_word' id='word_1_580' title='bbox 2168 2455 2323 2510; x_wconf 90' lang='lat' dir='ltr'><strong>testis</strong></span> <span class='ocrx_word' id='word_1_581' title='bbox 2350 2453 2641 2509; x_wconf 76' lang='lat' dir='ltr'><strong>Dominicte</strong></span> <span class='ocrx_word' id='word_1_582' title='bbox 2667 2454 3081 2509; x_wconf 89' lang='lat' dir='ltr'><strong>resurrectionis</strong></span> <span class='ocrx_word' id='word_1_583' title='bbox 3109 2454 3331 2525; x_wconf 88' lang='lat' dir='ltr'><strong>angelus</strong></span> <span class='ocrx_word' id='word_1_584' title='bbox 3362 2456 3560 2512; x_wconf 87' lang='lat' dir='ltr'><strong>sedens</strong></span> 
     </span>
    </p>
   </div>
   <div class='ocr_carea' id='block_1_86' title="bbox 1966 2542 3560 2618">
    <p class='ocr_par' dir='ltr' id='par_1_86' title="bbox 1966 2542 3560 2618">
     <span class='ocr_line' id='line_1_86' title="bbox 1966 2542 3560 2618; baseline -0.002 -15"><span class='ocrx_word' id='word_1_585' title='bbox 1966 2545 2298 2618; x_wconf 87' lang='lat' dir='ltr'><strong>apparuerit,</strong></span> <span class='ocrx_word' id='word_1_586' title='bbox 2323 2560 2443 2601; x_wconf 91' lang='lat' dir='ltr'><strong>cum</strong></span> <span class='ocrx_word' id='word_1_587' title='bbox 2485 2545 2529 2599; x_wconf 86' lang='lat' dir='ltr'><strong>is</strong></span> <span class='ocrx_word' id='word_1_588' title='bbox 2563 2543 2653 2613; x_wconf 91' lang='lat' dir='ltr'><strong>qui</strong></span> <span class='ocrx_word' id='word_1_589' title='bbox 2695 2542 2990 2599; x_wconf 83' lang='lat' dir='ltr'><strong>nativitatis</strong></span> <span class='ocrx_word' id='word_1_590' title='bbox 3025 2543 3142 2613; x_wconf 89' lang='lat' dir='ltr'><strong>ejus</strong></span> <span class='ocrx_word' id='word_1_591' title='bbox 3180 2545 3379 2600; x_wconf 92' lang='lat' dir='ltr'><strong>mundo</strong></span> <span class='ocrx_word' id='word_1_592' title='bbox 3427 2562 3560 2618; x_wconf 82' lang='lat' dir='ltr'><strong>gau-</strong></span> 
     </span>
    </p>
   </div>
   <div class='ocr_carea' id='block_1_87' title="bbox 1967 2638 3556 2711">
    <p class='ocr_par' dir='ltr' id='par_1_87' title="bbox 1967 2638 3556 2711">
     <span class='ocr_line' id='line_1_87' title="bbox 1967 2638 3556 2711; baseline 0 -16"><span class='ocrx_word' id='word_1_593' title='bbox 1967 2639 2115 2695; x_wconf 90' lang='lat' dir='ltr'><strong>dium</strong></span> <span class='ocrx_word' id='word_1_594' title='bbox 2138 2638 2560 2710; x_wconf 84' lang='lat' dir='ltr'><strong>evangelizabat,</strong></span> <span class='ocrx_word' id='word_1_595' title='bbox 2611 2638 2767 2708; x_wconf 83' lang='lat' dir='ltr'><strong>juxta</strong></span> <span class='ocrx_word' id='word_1_596' title='bbox 2793 2644 3042 2706; x_wconf 90' lang='lat' dir='ltr'><strong>pastores</strong></span> <span class='ocrx_word' id='word_1_597' title='bbox 3071 2638 3286 2696; x_wconf 87' lang='lat' dir='ltr'><strong>stetisse</strong></span> <span class='ocrx_word' id='word_1_598' title='bbox 3308 2639 3556 2711; x_wconf 83' lang='lat' dir='ltr'><strong>legatur:</strong></span> 
     </span>
    </p>
   </div>
   <div class='ocr_carea' id='block_1_88' title="bbox 1965 2728 3562 2803">
    <p class='ocr_par' dir='ltr' id='par_1_88' title="bbox 1965 2728 3562 2803">
     <span class='ocr_line' id='line_1_88' title="bbox 1965 2728 3562 2803; baseline 0 -15"><span class='ocrx_word' id='word_1_599' title='bbox 1965 2739 2111 2788; x_wconf 88' lang='lat' dir='ltr'><strong>stare</strong></span> <span class='ocrx_word' id='word_1_600' title='bbox 2137 2730 2334 2802; x_wconf 87' lang='lat' dir='ltr'><strong>quippe</strong></span> <span class='ocrx_word' id='word_1_601' title='bbox 2354 2728 2642 2799; x_wconf 87' lang='lat' dir='ltr'><strong>pugnantis</strong></span> <span class='ocrx_word' id='word_1_602' title='bbox 2674 2735 2780 2797; x_wconf 89' lang='lat' dir='ltr'><strong>est,</strong></span> <span class='ocrx_word' id='word_1_603' title='bbox 2817 2730 3006 2786; x_wconf 87' lang='lat' dir='ltr'><strong>sedere</strong></span> <span class='ocrx_word' id='word_1_604' title='bbox 3040 2731 3335 2803; x_wconf 88' lang='lat' dir='ltr'><strong>regnantis.</strong></span> <span class='ocrx_word' id='word_1_605' title='bbox 3377 2731 3445 2787; x_wconf 85' lang='lat' dir='ltr'><strong>Et</strong></span> <span class='ocrx_word' id='word_1_606' title='bbox 3472 2747 3562 2788; x_wconf 84' lang='lat' dir='ltr'><strong>re-</strong></span> 
     </span>
    </p>
   </div>
   <div class='ocr_carea' id='block_1_89' title="bbox 1966 2816 3556 2893">
    <p class='ocr_par' dir='ltr' id='par_1_89' title="bbox 1966 2816 3556 2893">
     <span class='ocr_line' id='line_1_89' title="bbox 1966 2816 3556 2893; baseline -0.001 -12"><span class='ocrx_word' id='word_1_607' title='bbox 1966 2834 2053 2882; x_wconf 89' lang='lat' dir='ltr'><strong>cte</strong></span> <span class='ocrx_word' id='word_1_608' title='bbox 2079 2832 2227 2880; x_wconf 89' lang='lat' dir='ltr'><strong>stans</strong></span> <span class='ocrx_word' id='word_1_609' title='bbox 2257 2822 2505 2893; x_wconf 89' lang='lat' dir='ltr'><strong>apparuit</strong></span> <span class='ocrx_word' id='word_1_610' title='bbox 2531 2816 2755 2891; x_wconf 83' lang='lat' dir='ltr'><strong>angelus</strong></span> <span class='ocrx_word' id='word_1_611' title='bbox 2794 2821 2886 2893; x_wconf 87' lang='lat' dir='ltr'><strong>qui</strong></span> <span class='ocrx_word' id='word_1_612' title='bbox 2928 2822 3219 2879; x_wconf 85' lang='lat' dir='ltr'><strong>adventum</strong></span> <span class='ocrx_word' id='word_1_613' title='bbox 3248 2823 3461 2879; x_wconf 90' lang='lat' dir='ltr'><strong>Domini</strong></span> <span class='ocrx_word' id='word_1_614' title='bbox 3499 2824 3556 2880; x_wconf 87' lang='lat' dir='ltr'><strong>in</strong></span> 
     </span>
    </p>
   </div>
   <div class='ocr_carea' id='block_1_90' title="bbox 1965 2914 3561 2987">
    <p class='ocr_par' dir='ltr' id='par_1_90' title="bbox 1965 2914 3561 2987">
     <span class='ocr_line' id='line_1_90' title="bbox 1965 2914 3561 2987; baseline -0.001 -14"><span class='ocrx_word' id='word_1_615' title='bbox 1965 2918 2167 2973; x_wconf 86' lang='lat' dir='ltr'><strong>mundo</strong></span> <span class='ocrx_word' id='word_1_616' title='bbox 2205 2915 2552 2986; x_wconf 63' lang='lat' dir='ltr'><strong>praedicabat,</strong></span> <span class='ocrx_word' id='word_1_617' title='bbox 2608 2922 2669 2967; x_wconf 93' lang='lat' dir='ltr'><strong>ut</strong></span> <span class='ocrx_word' id='word_1_618' title='bbox 2704 2914 2866 2969; x_wconf 88' lang='lat' dir='ltr'><strong>etiam</strong></span> <span class='ocrx_word' id='word_1_619' title='bbox 2900 2914 3093 2972; x_wconf 88' lang='lat' dir='ltr'><strong>stando</strong></span> <span class='ocrx_word' id='word_1_620' title='bbox 3146 2915 3386 2987; x_wconf 89' lang='lat' dir='ltr'><strong>signaret</strong></span> <span class='ocrx_word' id='word_1_621' title='bbox 3434 2916 3561 2986; x_wconf 87' lang='lat' dir='ltr'><strong>quia</strong></span> 
     </span>
    </p>
   </div>
   <div class='ocr_carea' id='block_1_91' title="bbox 1966 3003 3559 3077">
    <p class='ocr_par' dir='ltr' id='par_1_91' title="bbox 1966 3003 3559 3077">
     <span class='ocr_line' id='line_1_91' title="bbox 1966 3003 3559 3077; baseline -0.002 -14"><span class='ocrx_word' id='word_1_622' title='bbox 1966 3010 2013 3063; x_wconf 90' lang='lat' dir='ltr'><strong>is</strong></span> <span class='ocrx_word' id='word_1_623' title='bbox 2063 3022 2223 3077; x_wconf 90' lang='lat' dir='ltr'><strong>quem</strong></span> <span class='ocrx_word' id='word_1_624' title='bbox 2250 3006 2577 3077; x_wconf 63' lang='lat' dir='ltr'><strong>praedicabat</strong></span> <span class='ocrx_word' id='word_1_625' title='bbox 2630 3004 2697 3059; x_wconf 90' lang='lat' dir='ltr'><strong>ad</strong></span> <span class='ocrx_word' id='word_1_626' title='bbox 2726 3003 3103 3060; x_wconf 82' lang='lat' dir='ltr'><strong>debellandum</strong></span> <span class='ocrx_word' id='word_1_627' title='bbox 3137 3004 3323 3060; x_wconf 90' lang='lat' dir='ltr'><strong>mundi</strong></span> <span class='ocrx_word' id='word_1_628' title='bbox 3353 3005 3559 3076; x_wconf 89' lang='lat' dir='ltr'><strong>princi-</strong></span> 
     </span>
    </p>
   </div>
   <div class='ocr_carea' id='block_1_92' title="bbox 1964 3094 3555 3169">
    <p class='ocr_par' dir='ltr' id='par_1_92' title="bbox 1964 3094 3555 3169">
     <span class='ocr_line' id='line_1_92' title="bbox 1964 3094 3555 3169; baseline 0 -16"><span class='ocrx_word' id='word_1_629' title='bbox 1964 3114 2087 3169; x_wconf 89' lang='lat' dir='ltr'><strong>pem</strong></span> <span class='ocrx_word' id='word_1_630' title='bbox 2113 3097 2339 3152; x_wconf 89' lang='lat' dir='ltr'><strong>veniret.</strong></span> <span class='ocrx_word' id='word_1_631' title='bbox 2370 3096 2536 3151; x_wconf 79' lang='lat' dir='ltr'><strong>Recte</strong></span> <span class='ocrx_word' id='word_1_632' title='bbox 2561 3111 2739 3167; x_wconf 67' lang='lat' dir='ltr'><strong>prmco</strong></span> <span class='ocrx_word' id='word_1_633' title='bbox 2767 3095 3181 3151; x_wconf 88' lang='lat' dir='ltr'><strong>resurrectionis</strong></span> <span class='ocrx_word' id='word_1_634' title='bbox 3206 3094 3325 3164; x_wconf 84' lang='lat' dir='ltr'><strong>ejus</strong></span> <span class='ocrx_word' id='word_1_635' title='bbox 3348 3096 3555 3153; x_wconf 88' lang='lat' dir='ltr'><strong>sedisse</strong></span> 
     </span>
    </p>
   </div>
   <div class='ocr_carea' id='block_1_93' title="bbox 1968 3189 3562 3264">
    <p class='ocr_par' dir='ltr' id='par_1_93' title="bbox 1968 3189 3562 3264">
     <span class='ocr_line' id='line_1_93' title="bbox 1968 3189 3562 3264; baseline 0.002 -18"><span class='ocrx_word' id='word_1_636' title='bbox 1968 3201 2319 3254; x_wconf 88' lang='lat' dir='ltr'><strong>memoratur,</strong></span> <span class='ocrx_word' id='word_1_637' title='bbox 2370 3198 2430 3244; x_wconf 90' lang='lat' dir='ltr'><strong>ut</strong></span> <span class='ocrx_word' id='word_1_638' title='bbox 2474 3189 2637 3244; x_wconf 89' lang='lat' dir='ltr'><strong>etiam</strong></span> <span class='ocrx_word' id='word_1_639' title='bbox 2688 3189 2926 3246; x_wconf 87' lang='lat' dir='ltr'><strong>sedendo</strong></span> <span class='ocrx_word' id='word_1_640' title='bbox 2979 3189 3256 3262; x_wconf 84' lang='lat' dir='ltr'><strong>ﬁguraret,</strong></span> <span class='ocrx_word' id='word_1_641' title='bbox 3308 3200 3562 3264; x_wconf 89' lang='lat' dir='ltr'><strong>superato</strong></span> 
     </span>
    </p>
   </div>
   <div class='ocr_carea' id='block_1_94' title="bbox 1967 3280 3562 3357">
    <p class='ocr_par' dir='ltr' id='par_1_94' title="bbox 1967 3280 3562 3357">
     <span class='ocr_line' id='line_1_94' title="bbox 1967 3280 3562 3357; baseline 0.001 -18"><span class='ocrx_word' id='word_1_642' title='bbox 1967 3284 2156 3340; x_wconf 88' lang='lat' dir='ltr'><strong>mortis</strong></span> <span class='ocrx_word' id='word_1_643' title='bbox 2183 3290 2421 3348; x_wconf 83' lang='lat' dir='ltr'><strong>auctore,</strong></span> <span class='ocrx_word' id='word_1_644' title='bbox 2469 3284 2650 3337; x_wconf 88' lang='lat' dir='ltr'><strong>sedem</strong></span> <span class='ocrx_word' id='word_1_645' title='bbox 2682 3282 2830 3352; x_wconf 85' lang='lat' dir='ltr'><strong>regni</strong></span> <span class='ocrx_word' id='word_1_646' title='bbox 2870 3280 2984 3351; x_wconf 85' lang='lat' dir='ltr'><strong>jam</strong></span> <span class='ocrx_word' id='word_1_647' title='bbox 3013 3284 3393 3341; x_wconf 85' lang='lat' dir='ltr'><strong>conscendisse</strong></span> <span class='ocrx_word' id='word_1_648' title='bbox 3436 3300 3562 3357; x_wconf 88' lang='lat' dir='ltr'><strong>per-</strong></span> 
     </span>
    </p>
   </div>
   <div class='ocr_carea' id='block_1_95' title="bbox 1966 3376 3552 3451">
    <p class='ocr_par' dir='ltr' id='par_1_95' title="bbox 1966 3376 3552 3451">
     <span class='ocr_line' id='line_1_95' title="bbox 1966 3376 3552 3451; baseline 0.003 -21"><span class='ocrx_word' id='word_1_649' title='bbox 1966 3377 2134 3447; x_wconf 85' lang='lat' dir='ltr'><strong>petui,</strong></span> <span class='ocrx_word' id='word_1_650' title='bbox 2173 3377 2238 3431; x_wconf 89' lang='lat' dir='ltr'><strong>de</strong></span> <span class='ocrx_word' id='word_1_651' title='bbox 2262 3391 2367 3445; x_wconf 86' lang='lat' dir='ltr'><strong>qua</strong></span> <span class='ocrx_word' id='word_1_652' title='bbox 2414 3376 2530 3444; x_wconf 90' lang='lat' dir='ltr'><strong>ipse</strong></span> <span class='ocrx_word' id='word_1_653' title='bbox 2578 3376 2738 3443; x_wconf 89' lang='lat' dir='ltr'><strong>paulo</strong></span> <span class='ocrx_word' id='word_1_654' title='bbox 2779 3385 2902 3447; x_wconf 89' lang='lat' dir='ltr'><strong>post</strong></span> <span class='ocrx_word' id='word_1_655' title='bbox 2933 3376 3215 3448; x_wconf 83' lang='lat' dir='ltr'><strong>discipulis</strong></span> <span class='ocrx_word' id='word_1_656' title='bbox 3259 3395 3552 3451; x_wconf 88' lang='lat' dir='ltr'><strong>apparens,</strong></span> 
     </span>
    </p>
   </div>
   <div class='ocr_carea' id='block_1_96' title="bbox 1967 3465 3558 3536">
    <p class='ocr_par' dir='ltr' id='par_1_96' title="bbox 1967 3465 3558 3536">
     <span class='ocr_line' id='line_1_96' title="bbox 1967 3465 3558 3536; baseline 0.004 -15"><span class='ocrx_word' id='word_1_657' title='bbox 1967 3468 2043 3521; x_wconf 92' lang='lat' dir='ltr'><strong>ait</strong></span> <span class='ocrx_word' id='word_1_658' title='bbox 2071 3483 2085 3521; x_wconf 89' lang='lat'><strong>:</strong></span> <span class='ocrx_word' id='word_1_659' title='bbox 2119 3467 2255 3520; x_wconf 84' lang='lat' dir='ltr'><strong>Data</strong></span> <span class='ocrx_word' id='word_1_660' title='bbox 2275 3477 2349 3522; x_wconf 85' lang='lat' dir='ltr'><strong>est</strong></span> <span class='ocrx_word' id='word_1_661' title='bbox 2374 3465 2502 3519; x_wconf 80' lang='lat' dir='ltr'><strong>mihi</strong></span> <span class='ocrx_word' id='word_1_662' title='bbox 2527 3466 2693 3520; x_wconf 81' lang='lat' dir='ltr'><strong>omnis</strong></span> <span class='ocrx_word' id='word_1_663' title='bbox 2717 3476 2943 3536; x_wconf 74' lang='lat' dir='ltr'><strong>potestas</strong></span> <span class='ocrx_word' id='word_1_664' title='bbox 2974 3468 3029 3522; x_wconf 81' lang='lat' dir='ltr'><strong>in</strong></span> <span class='ocrx_word' id='word_1_665' title='bbox 3059 3469 3185 3524; x_wconf 72' lang='lat' dir='ltr'><strong>mlo</strong></span> <span class='ocrx_word' id='word_1_666' title='bbox 3228 3480 3276 3524; x_wconf 89' lang='lat' dir='ltr'><strong>et</strong></span> <span class='ocrx_word' id='word_1_667' title='bbox 3301 3473 3357 3525; x_wconf 85' lang='lat' dir='ltr'><strong>in</strong></span> <span class='ocrx_word' id='word_1_668' title='bbox 3395 3481 3558 3529; x_wconf 86' lang='lat' dir='ltr'><strong>terra.</strong></span> 
     </span>
    </p>
   </div>
   <div class='ocr_carea' id='block_1_97' title="bbox 1970 3554 3557 3634">
    <p class='ocr_par' dir='ltr' id='par_1_97' title="bbox 1970 3554 3557 3634">
     <span class='ocr_line' id='line_1_97' title="bbox 1970 3554 3557 3634; baseline 0.005 -22"><span class='ocrx_word' id='word_1_669' title='bbox 1970 3558 2034 3612; x_wconf 82' lang='lat' dir='ltr'><strong>Et</strong></span> <span class='ocrx_word' id='word_1_670' title='bbox 2054 3556 2379 3624; x_wconf 81' lang='lat' dir='ltr'><strong>evangelista</strong></span> <span class='ocrx_word' id='word_1_671' title='bbox 2411 3554 2625 3611; x_wconf 80' lang='lat' dir='ltr'><strong>Marcus</strong></span> <span class='ocrx_word' id='word_1_672' title='bbox 2654 3575 2666 3611; x_wconf 91' lang='lat'><strong>:</strong></span> <span class='ocrx_word' id='word_1_673' title='bbox 2701 3557 2769 3612; x_wconf 87' lang='lat' dir='ltr'><strong>Et</strong></span> <span class='ocrx_word' id='word_1_674' title='bbox 2795 3558 3048 3613; x_wconf 81' lang='lat' dir='ltr'><strong>Dominus</strong></span> <span class='ocrx_word' id='word_1_675' title='bbox 3076 3561 3308 3632; x_wconf 84' lang='lat' dir='ltr'><strong>quidem,</strong></span> <span class='ocrx_word' id='word_1_676' title='bbox 3359 3563 3557 3634; x_wconf 85' lang='lat' dir='ltr'><strong>inquit,</strong></span> 
     </span>
    </p>
   </div>
   <div class='ocr_carea' id='block_1_98' title="bbox 1966 3646 3561 3719">
    <p class='ocr_par' dir='ltr' id='par_1_98' title="bbox 1966 3646 3561 3719">
     <span class='ocr_line' id='line_1_98' title="bbox 1966 3646 3561 3719; baseline 0.004 -17"><span class='ocrx_word' id='word_1_677' title='bbox 1966 3648 2141 3713; x_wconf 81' lang='lat' dir='ltr'><strong>Jesus,</strong></span> <span class='ocrx_word' id='word_1_678' title='bbox 2190 3655 2463 3718; x_wconf 80' lang='lat' dir='ltr'><strong>postquam</strong></span> <span class='ocrx_word' id='word_1_679' title='bbox 2492 3646 2696 3701; x_wconf 81' lang='lat' dir='ltr'><strong>locutus</strong></span> <span class='ocrx_word' id='word_1_680' title='bbox 2720 3657 2795 3701; x_wconf 83' lang='lat' dir='ltr'><strong>est</strong></span> <span class='ocrx_word' id='word_1_681' title='bbox 2816 3649 2892 3701; x_wconf 89' lang='lat' dir='ltr'><strong>eis</strong></span> <span class='ocrx_word' id='word_1_682' title='bbox 2929 3660 3228 3719; x_wconf 84' lang='lat' dir='ltr'><strong>assumptus</strong></span> <span class='ocrx_word' id='word_1_683' title='bbox 3254 3660 3330 3705; x_wconf 87' lang='lat' dir='ltr'><strong>est</strong></span> <span class='ocrx_word' id='word_1_684' title='bbox 3378 3652 3434 3707; x_wconf 81' lang='lat' dir='ltr'><strong>in</strong></span> <span class='ocrx_word' id='word_1_685' title='bbox 3458 3669 3561 3708; x_wconf 73' lang='grc' dir='ltr'><strong>οω-</strong></span> 
     </span>
    </p>
   </div>
   <div class='ocr_carea' id='block_1_99' title="bbox 1968 3736 3561 3813">
    <p class='ocr_par' dir='ltr' id='par_1_99' title="bbox 1968 3736 3561 3813">
     <span class='ocr_line' id='line_1_99' title="bbox 1968 3736 3561 3813; baseline 0.006 -24"><span class='ocrx_word' id='word_1_686' title='bbox 1968 3738 2079 3791; x_wconf 87' lang='lat' dir='ltr'><strong>lum</strong></span> <span class='ocrx_word' id='word_1_687' title='bbox 2093 3748 2141 3791; x_wconf 87' lang='lat' dir='ltr'><strong>et</strong></span> <span class='ocrx_word' id='word_1_688' title='bbox 2167 3738 2308 3792; x_wconf 82' lang='lat' dir='ltr'><strong>sedet</strong></span> <span class='ocrx_word' id='word_1_689' title='bbox 2344 3754 2377 3790; x_wconf 79' lang='grc' dir='ltr'><em>α</em></span> <span class='ocrx_word' id='word_1_690' title='bbox 2403 3736 2600 3790; x_wconf 76' lang='lat' dir='ltr'><strong>dextris</strong></span> <span class='ocrx_word' id='word_1_691' title='bbox 2686 3737 2782 3792; x_wconf 89' lang='lat' dir='ltr'><strong>Dei</strong></span> <span class='ocrx_word' id='word_1_692' title='bbox 2823 3776 2841 3801; x_wconf 92' lang='lat'><strong>,</strong></span> <span class='ocrx_word' id='word_1_693' title='bbox 2916 3737 3148 3793; x_wconf 84' lang='lat' dir='ltr'><strong>Sedebat</strong></span> <span class='ocrx_word' id='word_1_694' title='bbox 3186 3748 3364 3796; x_wconf 90' lang='lat' dir='ltr'><strong>autem</strong></span> <span class='ocrx_word' id='word_1_695' title='bbox 3396 3757 3561 3813; x_wconf 89' lang='lat' dir='ltr'><strong>super</strong></span> 
     </span>
    </p>
   </div>
   <div class='ocr_carea' id='block_1_100' title="bbox 1968 3828 3559 3898">
    <p class='ocr_par' dir='ltr' id='par_1_100' title="bbox 1968 3828 3559 3898">
     <span class='ocr_line' id='line_1_100' title="bbox 1968 3828 3559 3898; baseline 0.004 -15"><span class='ocrx_word' id='word_1_696' title='bbox 1968 3829 2198 3898; x_wconf 88' lang='lat' dir='ltr'><strong>lapidem</strong></span> <span class='ocrx_word' id='word_1_697' title='bbox 2234 3828 2533 3884; x_wconf 90' lang='lat' dir='ltr'><strong>revolutum</strong></span> <span class='ocrx_word' id='word_1_698' title='bbox 2577 3842 2684 3898; x_wconf 86' lang='lat' dir='ltr'><strong>quo</strong></span> <span class='ocrx_word' id='word_1_699' title='bbox 2730 3829 2929 3885; x_wconf 90' lang='lat' dir='ltr'><strong>ostium</strong></span> <span class='ocrx_word' id='word_1_700' title='bbox 2956 3832 3290 3887; x_wconf 90' lang='lat' dir='ltr'><strong>monumenti</strong></span> <span class='ocrx_word' id='word_1_701' title='bbox 3339 3832 3559 3890; x_wconf 86' lang='lat' dir='ltr'><strong>claude—</strong></span> 
     </span>
    </p>
   </div>
   <div class='ocr_carea' id='block_1_101' title="bbox 1967 3919 3559 3988">
    <p class='ocr_par' dir='ltr' id='par_1_101' title="bbox 1967 3919 3559 3988">
     <span class='ocr_line' id='line_1_101' title="bbox 1967 3919 3559 3988; baseline 0.002 -10"><span class='ocrx_word' id='word_1_702' title='bbox 1967 3923 2148 3988; x_wconf 89' lang='lat' dir='ltr'><strong>batur,</strong></span> <span class='ocrx_word' id='word_1_703' title='bbox 2197 3930 2256 3976; x_wconf 90' lang='lat' dir='ltr'><strong>nt</strong></span> <span class='ocrx_word' id='word_1_704' title='bbox 2289 3921 2525 3977; x_wconf 91' lang='lat' dir='ltr'><strong>claustra</strong></span> <span class='ocrx_word' id='word_1_705' title='bbox 2556 3919 2853 3975; x_wconf 81' lang='lat' dir='ltr'><strong>inferorum</strong></span> <span class='ocrx_word' id='word_1_706' title='bbox 2902 3937 2999 3977; x_wconf 89' lang='lat' dir='ltr'><strong>sua</strong></span> <span class='ocrx_word' id='word_1_707' title='bbox 3042 3921 3191 3977; x_wconf 90' lang='lat' dir='ltr'><strong>illum</strong></span> <span class='ocrx_word' id='word_1_708' title='bbox 3213 3923 3415 3980; x_wconf 87' lang='lat' dir='ltr'><strong>virtute</strong></span> <span class='ocrx_word' id='word_1_709' title='bbox 3465 3924 3559 3980; x_wconf 89' lang='lat' dir='ltr'><strong>de-</strong></span> 
     </span>
    </p>
   </div>
   <div class='ocr_carea' id='block_1_102' title="bbox 1962 4012 3556 4085">
    <p class='ocr_par' dir='ltr' id='par_1_102' title="bbox 1962 4012 3556 4085">
     <span class='ocr_line' id='line_1_102' title="bbox 1962 4012 3556 4085; baseline 0.001 -17"><span class='ocrx_word' id='word_1_710' title='bbox 1962 4012 2164 4084; x_wconf 89' lang='lat' dir='ltr'><strong>jecisse</strong></span> <span class='ocrx_word' id='word_1_711' title='bbox 2214 4027 2279 4068; x_wconf 91' lang='lat' dir='ltr'><strong>ac</strong></span> <span class='ocrx_word' id='word_1_712' title='bbox 2300 4026 2588 4083; x_wconf 90' lang='lat' dir='ltr'><strong>superasse</strong></span> <span class='ocrx_word' id='word_1_713' title='bbox 2617 4012 2857 4076; x_wconf 86' lang='lat' dir='ltr'><strong>doceret,</strong></span> <span class='ocrx_word' id='word_1_714' title='bbox 2888 4019 3155 4082; x_wconf 87' lang='lat' dir='ltr'><strong>quatenus</strong></span> <span class='ocrx_word' id='word_1_715' title='bbox 3177 4027 3366 4069; x_wconf 90' lang='lat' dir='ltr'><strong>omnes</strong></span> <span class='ocrx_word' id='word_1_716' title='bbox 3417 4028 3556 4085; x_wconf 87' lang='lat' dir='ltr'><strong>quos</strong></span> 
     </span>
    </p>
   </div>
   <div class='ocr_carea' id='block_1_103' title="bbox 1970 4100 3560 4175">
    <p class='ocr_par' dir='ltr' id='par_1_103' title="bbox 1970 4100 3560 4175">
     <span class='ocr_line' id='line_1_103' title="bbox 1970 4100 3560 4175; baseline 0.003 -18"><span class='ocrx_word' id='word_1_717' title='bbox 1970 4104 2044 4158; x_wconf 84' lang='lat' dir='ltr'><strong>ibt</strong></span> <span class='ocrx_word' id='word_1_718' title='bbox 2075 4117 2201 4157; x_wconf 90' lang='lat' dir='ltr'><strong>suos</strong></span> <span class='ocrx_word' id='word_1_719' title='bbox 2246 4102 2561 4167; x_wconf 87' lang='lat' dir='ltr'><strong>invenisset,</strong></span> <span class='ocrx_word' id='word_1_720' title='bbox 2615 4101 2683 4155; x_wconf 88' lang='lat' dir='ltr'><strong>ad</strong></span> <span class='ocrx_word' id='word_1_721' title='bbox 2713 4101 2948 4171; x_wconf 86' lang='lat' dir='ltr'><strong>paradisi</strong></span> <span class='ocrx_word' id='word_1_722' title='bbox 2984 4100 3157 4157; x_wconf 90' lang='lat' dir='ltr'><strong>lucem</strong></span> <span class='ocrx_word' id='word_1_723' title='bbox 3207 4103 3560 4175; x_wconf 85' lang='lat' dir='ltr'><strong>requiemque</strong></span> 
     </span>
    </p>
   </div>
   <div class='ocr_carea' id='block_1_104' title="bbox 1969 4190 3559 4264">
    <p class='ocr_par' dir='ltr' id='par_1_104' title="bbox 1969 4190 3559 4264">
     <span class='ocr_line' id='line_1_104' title="bbox 1969 4190 3559 4264; baseline 0.001 -16"><span class='ocrx_word' id='word_1_724' title='bbox 1969 4192 2297 4257; x_wconf 79' lang='lat' dir='ltr'><strong>sublevaret,</strong></span> <span class='ocrx_word' id='word_1_725' title='bbox 2339 4192 2495 4261; x_wconf 79' lang='lat' dir='ltr'><strong>juxta</strong></span> <span class='ocrx_word' id='word_1_726' title='bbox 2524 4190 2656 4246; x_wconf 92' lang='lat' dir='ltr'><strong>illud</strong></span> <span class='ocrx_word' id='word_1_727' title='bbox 2693 4190 3064 4261; x_wconf 89' lang='lat' dir='ltr'><strong>propheticum</strong></span> <span class='ocrx_word' id='word_1_728' title='bbox 3097 4209 3111 4245; x_wconf 90' lang='lat'><strong>:</strong></span> <span class='ocrx_word' id='word_1_729' title='bbox 3153 4190 3230 4246; x_wconf 84' lang='lat' dir='ltr'><strong>Tu</strong></span> <span class='ocrx_word' id='word_1_730' title='bbox 3250 4208 3454 4264; x_wconf 76' lang='lat' dir='ltr'><strong>quoque</strong></span> <span class='ocrx_word' id='word_1_731' title='bbox 3502 4195 3559 4250; x_wconf 79' lang='lat' dir='ltr'><strong>in</strong></span> 
     </span>
    </p>
   </div>
   <div class='ocr_carea' id='block_1_105' title="bbox 1969 4281 3559 4354">
    <p class='ocr_par' dir='ltr' id='par_1_105' title="bbox 1969 4281 3559 4354">
     <span class='ocr_line' id='line_1_105' title="bbox 1969 4281 3559 4354; baseline 0.001 -16"><span class='ocrx_word' id='word_1_732' title='bbox 1969 4285 2225 4354; x_wconf 83' lang='lat' dir='ltr'><strong>sanguine</strong></span> <span class='ocrx_word' id='word_1_733' title='bbox 2259 4282 2552 4338; x_wconf 84' lang='lat' dir='ltr'><strong>testamenti</strong></span> <span class='ocrx_word' id='word_1_734' title='bbox 2605 4283 2683 4336; x_wconf 85' lang='lat' dir='ltr'><strong>tui</strong></span> <span class='ocrx_word' id='word_1_735' title='bbox 2727 4281 2957 4337; x_wconf 74' lang='lat' dir='ltr'><strong>eduxisti</strong></span> <span class='ocrx_word' id='word_1_736' title='bbox 3004 4284 3199 4338; x_wconf 81' lang='lat' dir='ltr'><strong>vinctos</strong></span> <span class='ocrx_word' id='word_1_737' title='bbox 3243 4284 3309 4339; x_wconf 83' lang='lat' dir='ltr'><strong>de</strong></span> <span class='ocrx_word' id='word_1_738' title='bbox 3347 4284 3467 4339; x_wconf 83' lang='lat' dir='ltr'><strong>lacu</strong></span> <span class='ocrx_word' id='word_1_739' title='bbox 3500 4288 3559 4341; x_wconf 84' lang='lat' dir='ltr'><strong>in</strong></span> 
     </span>
    </p>
   </div>
   <div class='ocr_carea' id='block_1_106' title="bbox 1968 4385 2508 4446">
    <p class='ocr_par' dir='ltr' id='par_1_106' title="bbox 1968 4385 2508 4446">
     <span class='ocr_line' id='line_1_106' title="bbox 1968 4385 2508 4446; baseline 0 -19"><span class='ocrx_word' id='word_1_740' title='bbox 1968 4391 2069 4446; x_wconf 84' lang='lat' dir='ltr'><strong>quo</strong></span> <span class='ocrx_word' id='word_1_741' title='bbox 2092 4391 2197 4428; x_wconf 84' lang='lat' dir='ltr'><strong>non</strong></span> <span class='ocrx_word' id='word_1_742' title='bbox 2229 4385 2303 4429; x_wconf 75' lang='grc' dir='ltr'><strong>εει</strong></span> <span class='ocrx_word' id='word_1_743' title='bbox 2350 4391 2508 4445; x_wconf 86' lang='lat' dir='ltr'><strong>aqua.</strong></span> 
     </span>
    </p>
   </div>
   <div class='ocr_carea' id='block_1_107' title="bbox 2044 4462 3559 4534">
    <p class='ocr_par' dir='ltr' id='par_1_107' title="bbox 2044 4462 3559 4534">
     <span class='ocr_line' id='line_1_107' title="bbox 2044 4462 3559 4534; baseline 0.003 -17"><span class='ocrx_word' id='word_1_744' title='bbox 2044 4463 2177 4517; x_wconf 81' lang='lat' dir='ltr'><strong>Erat</strong></span> <span class='ocrx_word' id='word_1_745' title='bbox 2243 4476 2483 4534; x_wconf 78' lang='lat' dir='ltr'><strong>aspectus</strong></span> <span class='ocrx_word' id='word_1_746' title='bbox 2533 4464 2643 4533; x_wconf 87' lang='lat' dir='ltr'><strong>ejus</strong></span> <span class='ocrx_word' id='word_1_747' title='bbox 2707 4464 2839 4517; x_wconf 81' lang='lat' dir='ltr'><strong>sicut</strong></span> <span class='ocrx_word' id='word_1_748' title='bbox 2889 4462 3085 4533; x_wconf 78' lang='lat' dir='ltr'><strong>fulgur,</strong></span> <span class='ocrx_word' id='word_1_749' title='bbox 3157 4472 3204 4519; x_wconf 83' lang='lat' dir='ltr'><strong>et</strong></span> <span class='ocrx_word' id='word_1_750' title='bbox 3252 4466 3559 4522; x_wconf 73' lang='lat' dir='ltr'><strong>vestimenta</strong></span> 
     </span>
    </p>
   </div>
   <div class='ocr_carea' id='block_1_108' title="bbox 1972 4554 3559 4627">
    <p class='ocr_par' dir='ltr' id='par_1_108' title="bbox 1972 4554 3559 4627">
     <span class='ocr_line' id='line_1_108' title="bbox 1972 4554 3559 4627; baseline 0.004 -20"><span class='ocrx_word' id='word_1_751' title='bbox 1972 4554 2087 4624; x_wconf 83' lang='lat' dir='ltr'><strong>ejus</strong></span> <span class='ocrx_word' id='word_1_752' title='bbox 2123 4555 2256 4607; x_wconf 83' lang='lat' dir='ltr'><strong>sicut</strong></span> <span class='ocrx_word' id='word_1_753' title='bbox 2296 4556 2387 4608; x_wconf 74' lang='lat' dir='ltr'><strong>nia:</strong></span> <span class='ocrx_word' id='word_1_754' title='bbox 2417 4570 2431 4608; x_wconf 88' lang='lat'><strong>:</strong></span> <span class='ocrx_word' id='word_1_755' title='bbox 2461 4564 2520 4609; x_wconf 91' lang='lat' dir='ltr'><strong>ut</strong></span> <span class='ocrx_word' id='word_1_756' title='bbox 2550 4556 2666 4624; x_wconf 85' lang='lat' dir='ltr'><strong>ipso</strong></span> <span class='ocrx_word' id='word_1_757' title='bbox 2692 4569 2904 4623; x_wconf 90' lang='lat' dir='ltr'><strong>quoque</strong></span> <span class='ocrx_word' id='word_1_758' title='bbox 2955 4554 3137 4627; x_wconf 85' lang='lat' dir='ltr'><strong>habitu</strong></span> <span class='ocrx_word' id='word_1_759' title='bbox 3185 4571 3250 4611; x_wconf 90' lang='lat' dir='ltr'><strong>ac</strong></span> <span class='ocrx_word' id='word_1_760' title='bbox 3277 4556 3427 4612; x_wconf 84' lang='lat' dir='ltr'><strong>vultu</strong></span> <span class='ocrx_word' id='word_1_761' title='bbox 3484 4559 3559 4615; x_wconf 85' lang='lat' dir='ltr'><strong>si-</strong></span> 
     </span>
    </p>
   </div>
   <div class='ocr_carea' id='block_1_109' title="bbox 1971 4645 3554 4718">
    <p class='ocr_par' dir='ltr' id='par_1_109' title="bbox 1971 4645 3554 4718">
     <span class='ocr_line' id='line_1_109' title="bbox 1971 4645 3554 4718; baseline 0.005 -20"><span class='ocrx_word' id='word_1_762' title='bbox 1971 4646 2272 4718; x_wconf 74' lang='lat' dir='ltr'><strong>gnificaret,</strong></span> <span class='ocrx_word' id='word_1_763' title='bbox 2304 4646 2429 4715; x_wconf 90' lang='lat' dir='ltr'><strong>quia</strong></span> <span class='ocrx_word' id='word_1_764' title='bbox 2464 4647 2509 4698; x_wconf 86' lang='lat' dir='ltr'><strong>is</strong></span> <span class='ocrx_word' id='word_1_765' title='bbox 2541 4646 2693 4715; x_wconf 89' lang='lat' dir='ltr'><strong>cujus</strong></span> <span class='ocrx_word' id='word_1_766' title='bbox 2715 4645 2941 4717; x_wconf 90' lang='lat' dir='ltr'><strong>gloriam</strong></span> <span class='ocrx_word' id='word_1_767' title='bbox 2970 4648 3385 4705; x_wconf 87' lang='lat' dir='ltr'><strong>resurrectionis</strong></span> <span class='ocrx_word' id='word_1_768' title='bbox 3409 4666 3554 4705; x_wconf 91' lang='lat' dir='ltr'><strong>nun-</strong></span> 
     </span>
    </p>
   </div>
   <div class='ocr_carea' id='block_1_110' title="bbox 1971 4736 3557 4810">
    <p class='ocr_par' dir='ltr' id='par_1_110' title="bbox 1971 4736 3557 4810">
     <span class='ocr_line' id='line_1_110' title="bbox 1971 4736 3557 4810; baseline 0.004 -20"><span class='ocrx_word' id='word_1_769' title='bbox 1971 4736 2158 4799; x_wconf 89' lang='lat' dir='ltr'><strong>tiabat,</strong></span> <span class='ocrx_word' id='word_1_770' title='bbox 2207 4745 2261 4791; x_wconf 90' lang='lat' dir='ltr'><strong>et</strong></span> <span class='ocrx_word' id='word_1_771' title='bbox 2287 4736 2544 4791; x_wconf 88' lang='lat' dir='ltr'><strong>terribilis</strong></span> <span class='ocrx_word' id='word_1_772' title='bbox 2568 4736 2636 4791; x_wconf 89' lang='lat' dir='ltr'><strong>ad</strong></span> <span class='ocrx_word' id='word_1_773' title='bbox 2662 4737 3031 4792; x_wconf 82' lang='lat' dir='ltr'><strong>damnandum</strong></span> <span class='ocrx_word' id='word_1_774' title='bbox 3062 4740 3340 4810; x_wconf 79' lang='lat' dir='ltr'><strong>reprobus.</strong></span> <span class='ocrx_word' id='word_1_775' title='bbox 3380 4750 3438 4796; x_wconf 91' lang='lat' dir='ltr'><strong>et</strong></span> <span class='ocrx_word' id='word_1_776' title='bbox 3462 4741 3557 4796; x_wconf 87' lang='lat' dir='ltr'><strong>bc-</strong></span> 
     </span>
    </p>
   </div>
   <div class='ocr_carea' id='block_1_111' title="bbox 1972 4828 3556 4896">
    <p class='ocr_par' dir='ltr' id='par_1_111' title="bbox 1972 4828 3556 4896">
     <span class='ocr_line' id='line_1_111' title="bbox 1972 4828 3556 4896; baseline 0.006 -16"><span class='ocrx_word' id='word_1_777' title='bbox 1972 4828 2161 4896; x_wconf 90' lang='lat' dir='ltr'><strong>nignus</strong></span> <span class='ocrx_word' id='word_1_778' title='bbox 2187 4835 2333 4882; x_wconf 87' lang='lat' dir='ltr'><strong>esset</strong></span> <span class='ocrx_word' id='word_1_779' title='bbox 2378 4843 2441 4882; x_wconf 90' lang='lat' dir='ltr'><strong>ac</strong></span> <span class='ocrx_word' id='word_1_780' title='bbox 2466 4828 2694 4883; x_wconf 88' lang='lat' dir='ltr'><strong>blandus</strong></span> <span class='ocrx_word' id='word_1_781' title='bbox 2721 4829 2789 4883; x_wconf 89' lang='lat' dir='ltr'><strong>ad</strong></span> <span class='ocrx_word' id='word_1_782' title='bbox 2818 4830 3204 4887; x_wconf 87' lang='lat' dir='ltr'><strong>consolandum</strong></span> <span class='ocrx_word' id='word_1_783' title='bbox 3231 4833 3449 4890; x_wconf 90' lang='lat' dir='ltr'><strong>electos.</strong></span> <span class='ocrx_word' id='word_1_784' title='bbox 3496 4836 3556 4892; x_wconf 77' lang='grc' dir='ltr'>ιιι</span> 
     </span>
    </p>
   </div>
   <div class='ocr_carea' id='block_1_112' title="bbox 1970 4917 3557 4989">
    <p class='ocr_par' dir='ltr' id='par_1_112' title="bbox 1970 4917 3557 4989">
     <span class='ocr_line' id='line_1_112' title="bbox 1970 4917 3557 4989; baseline 0.007 -18"><span class='ocrx_word' id='word_1_785' title='bbox 1970 4917 2180 4988; x_wconf 85' lang='lat' dir='ltr'><strong>fulgure</strong></span> <span class='ocrx_word' id='word_1_786' title='bbox 2208 4920 2351 4974; x_wconf 89' lang='lat' dir='ltr'><strong>enim</strong></span> <span class='ocrx_word' id='word_1_787' title='bbox 2382 4929 2555 4975; x_wconf 89' lang='lat' dir='ltr'><strong>terror</strong></span> <span class='ocrx_word' id='word_1_788' title='bbox 2599 4920 2832 4989; x_wconf 87' lang='lat' dir='ltr'><strong>timoris,</strong></span> <span class='ocrx_word' id='word_1_789' title='bbox 2882 4923 2936 4978; x_wconf 92' lang='lat' dir='ltr'><strong>in</strong></span> <span class='ocrx_word' id='word_1_790' title='bbox 2965 4925 3089 4980; x_wconf 90' lang='lat' dir='ltr'><strong>nive</strong></span> <span class='ocrx_word' id='word_1_791' title='bbox 3112 4934 3295 4982; x_wconf 90' lang='lat' dir='ltr'><strong>autem</strong></span> <span class='ocrx_word' id='word_1_792' title='bbox 3347 4928 3557 4984; x_wconf 87' lang='lat' dir='ltr'><strong>blandi-</strong></span> 
     </span>
    </p>
   </div>
   <div class='ocr_carea' id='block_1_113' title="bbox 1972 5011 3554 5084">
    <p class='ocr_par' dir='ltr' id='par_1_113' title="bbox 1972 5011 3554 5084">
     <span class='ocr_line' id='line_1_113' title="bbox 1972 5011 3554 5084; baseline 0.008 -21"><span class='ocrx_word' id='word_1_793' title='bbox 1972 5018 2213 5064; x_wconf 86' lang='lat' dir='ltr'><strong>mentum</strong></span> <span class='ocrx_word' id='word_1_794' title='bbox 2242 5011 2494 5065; x_wconf 88' lang='lat' dir='ltr'><strong>candoris</strong></span> <span class='ocrx_word' id='word_1_795' title='bbox 2522 5013 2877 5082; x_wconf 78' lang='lat' dir='ltr'><strong>exprimitur;</strong></span> <span class='ocrx_word' id='word_1_796' title='bbox 2915 5015 2969 5069; x_wconf 92' lang='lat' dir='ltr'><strong>in</strong></span> <span class='ocrx_word' id='word_1_797' title='bbox 2995 5014 3151 5084; x_wconf 87' lang='lat' dir='ltr'><strong>cujus</strong></span> <span class='ocrx_word' id='word_1_798' title='bbox 3179 5017 3439 5074; x_wconf 91' lang='lat' dir='ltr'><strong>indicium</strong></span> <span class='ocrx_word' id='word_1_799' title='bbox 3466 5019 3554 5075; x_wconf 88' lang='lat' dir='ltr'><strong>di-</strong></span> 
     </span>
    </p>
   </div>
   <div class='ocr_carea' id='block_1_114' title="bbox 1968 5098 3558 5177">
    <p class='ocr_par' dir='ltr' id='par_1_114' title="bbox 1968 5098 3558 5177">
     <span class='ocr_line' id='line_1_114' title="bbox 1968 5098 3558 5177; baseline 0.007 -25"><span class='ocrx_word' id='word_1_800' title='bbox 1968 5099 2107 5153; x_wconf 83' lang='lat' dir='ltr'><strong>vinae</strong></span> <span class='ocrx_word' id='word_1_801' title='bbox 2137 5098 2475 5154; x_wconf 88' lang='lat' dir='ltr'><strong>discretionis</strong></span> <span class='ocrx_word' id='word_1_802' title='bbox 2530 5101 2644 5170; x_wconf 88' lang='lat' dir='ltr'><strong>ipse</strong></span> <span class='ocrx_word' id='word_1_803' title='bbox 2682 5117 2897 5173; x_wconf 90' lang='lat' dir='ltr'><strong>quoque</strong></span> <span class='ocrx_word' id='word_1_804' title='bbox 2943 5106 3166 5175; x_wconf 87' lang='lat' dir='ltr'><strong>angelus</strong></span> <span class='ocrx_word' id='word_1_805' title='bbox 3210 5116 3453 5177; x_wconf 81' lang='lat' dir='ltr'><strong>apparet,</strong></span> <span class='ocrx_word' id='word_1_806' title='bbox 3497 5117 3558 5165; x_wconf 86' lang='lat' dir='ltr'><strong>et</strong></span> 
     </span>
    </p>
   </div>
   <div class='ocr_carea' id='block_1_115' title="bbox 1969 5190 3551 5264">
    <p class='ocr_par' dir='ltr' id='par_1_115' title="bbox 1969 5190 3551 5264">
     <span class='ocr_line' id='line_1_115' title="bbox 1969 5190 3551 5264; baseline 0.007 -23"><span class='ocrx_word' id='word_1_807' title='bbox 1969 5190 2221 5244; x_wconf 85' lang='lat' dir='ltr'><strong>custodes</strong></span> <span class='ocrx_word' id='word_1_808' title='bbox 2248 5190 2477 5258; x_wconf 87' lang='lat' dir='ltr'><strong>sepulcri</strong></span> <span class='ocrx_word' id='word_1_809' title='bbox 2514 5192 2710 5261; x_wconf 88' lang='lat' dir='ltr'><strong>impios</strong></span> <span class='ocrx_word' id='word_1_810' title='bbox 2738 5194 2934 5249; x_wconf 88' lang='lat' dir='ltr'><strong>timore</strong></span> <span class='ocrx_word' id='word_1_811' title='bbox 2968 5204 3255 5264; x_wconf 89' lang='lat' dir='ltr'><strong>perterret,</strong></span> <span class='ocrx_word' id='word_1_812' title='bbox 3305 5212 3371 5252; x_wconf 91' lang='lat' dir='ltr'><strong>ac</strong></span> <span class='ocrx_word' id='word_1_813' title='bbox 3405 5212 3551 5252; x_wconf 90' lang='lat' dir='ltr'><strong>mor-</strong></span> 
     </span>
    </p>
   </div>
   <div class='ocr_carea' id='block_1_116' title="bbox 1970 5280 3554 5357">
    <p class='ocr_par' dir='ltr' id='par_1_116' title="bbox 1970 5280 3554 5357">
     <span class='ocr_line' id='line_1_116' title="bbox 1970 5280 3554 5357; baseline 0.006 -24"><span class='ocrx_word' id='word_1_814' title='bbox 1970 5288 2186 5333; x_wconf 89' lang='lat' dir='ltr'><strong>tuorum</strong></span> <span class='ocrx_word' id='word_1_815' title='bbox 2208 5280 2379 5334; x_wconf 89' lang='lat' dir='ltr'><strong>instar</strong></span> <span class='ocrx_word' id='word_1_816' title='bbox 2402 5289 2561 5336; x_wconf 81' lang='lat' dir='ltr'><strong>terrm</strong></span> <span class='ocrx_word' id='word_1_817' title='bbox 2592 5286 2906 5352; x_wconf 88' lang='lat' dir='ltr'><strong>prosternit,</strong></span> <span class='ocrx_word' id='word_1_818' title='bbox 2952 5294 3008 5340; x_wconf 90' lang='lat' dir='ltr'><strong>et</strong></span> <span class='ocrx_word' id='word_1_819' title='bbox 3039 5287 3367 5343; x_wconf 84' lang='lat' dir='ltr'><strong>visitatrices</strong></span> <span class='ocrx_word' id='word_1_820' title='bbox 3408 5289 3554 5357; x_wconf 84' lang='lat' dir='ltr'><strong>ejus-</strong></span> 
     </span>
    </p>
   </div>
   <div class='ocr_carea' id='block_1_117' title="bbox 1972 5368 3554 5445">
    <p class='ocr_par' dir='ltr' id='par_1_117' title="bbox 1972 5368 3554 5445">
     <span class='ocr_line' id='line_1_117' title="bbox 1972 5368 3554 5445; baseline 0.007 -23"><span class='ocrx_word' id='word_1_821' title='bbox 1972 5368 2092 5423; x_wconf 89' lang='lat' dir='ltr'><strong>dem</strong></span> <span class='ocrx_word' id='word_1_822' title='bbox 2122 5370 2349 5439; x_wconf 84' lang='lat' dir='ltr'><strong>sepulcri</strong></span> <span class='ocrx_word' id='word_1_823' title='bbox 2392 5372 2664 5441; x_wconf 85' lang='lat' dir='ltr'><strong>piissimas</strong></span> <span class='ocrx_word' id='word_1_824' title='bbox 2699 5375 2929 5445; x_wconf 87' lang='lat' dir='ltr'><strong>benigna</strong></span> <span class='ocrx_word' id='word_1_825' title='bbox 2958 5376 3323 5432; x_wconf 83' lang='lat' dir='ltr'><strong>consolatione</strong></span> <span class='ocrx_word' id='word_1_826' title='bbox 3346 5376 3554 5433; x_wconf 82' lang='lat' dir='ltr'><strong>refovet</strong></span> 
     </span>
    </p>
   </div>
   <div class='ocr_carea' id='block_1_118' title="bbox 1972 5463 3549 5536">
    <p class='ocr_par' dir='ltr' id='par_1_118' title="bbox 1972 5463 3549 5536">
     <span class='ocr_line' id='line_1_118' title="bbox 1972 5463 3549 5536; baseline 0.008 -24"><span class='ocrx_word' id='word_1_827' title='bbox 1972 5474 2037 5513; x_wconf 92' lang='lat' dir='ltr'><strong>ac</strong></span> <span class='ocrx_word' id='word_1_828' title='bbox 2082 5475 2151 5515; x_wconf 90' lang='lat' dir='ltr'><strong>ne</strong></span> <span class='ocrx_word' id='word_1_829' title='bbox 2196 5470 2425 5530; x_wconf 84' lang='lat' dir='ltr'><strong>paveant</strong></span> <span class='ocrx_word' id='word_1_830' title='bbox 2471 5463 2762 5519; x_wconf 85' lang='lat' dir='ltr'><strong>confortat.</strong></span> <span class='ocrx_word' id='word_1_831' title='bbox 2812 5466 3037 5536; x_wconf 86' lang='lat' dir='ltr'><strong>Insuper</strong></span> <span class='ocrx_word' id='word_1_832' title='bbox 3081 5468 3245 5522; x_wconf 90' lang='lat' dir='ltr'><strong>etiam</strong></span> <span class='ocrx_word' id='word_1_833' title='bbox 3297 5466 3549 5525; x_wconf 89' lang='lat' dir='ltr'><strong>familiari</strong></span> 
     </span>
    </p>
   </div>
   <div class='ocr_carea' id='block_1_119' title="bbox 1975 5552 3555 5629">
    <p class='ocr_par' dir='ltr' id='par_1_119' title="bbox 1975 5552 3555 5629">
     <span class='ocr_line' id='line_1_119' title="bbox 1975 5552 3555 5629; baseline 0.009 -24"><span class='ocrx_word' id='word_1_834' title='bbox 1975 5552 2136 5607; x_wconf 83' lang='lat' dir='ltr'><strong>affatu</strong></span> <span class='ocrx_word' id='word_1_835' title='bbox 2163 5556 2312 5623; x_wconf 90' lang='lat' dir='ltr'><strong>prior</strong></span> <span class='ocrx_word' id='word_1_836' title='bbox 2342 5557 2456 5626; x_wconf 90' lang='lat' dir='ltr'><strong>ipse</strong></span> <span class='ocrx_word' id='word_1_837' title='bbox 2485 5559 2610 5628; x_wconf 89' lang='lat' dir='ltr'><strong>quia</strong></span> <span class='ocrx_word' id='word_1_838' title='bbox 2638 5559 2805 5614; x_wconf 87' lang='lat' dir='ltr'><strong>sciret</strong></span> <span class='ocrx_word' id='word_1_839' title='bbox 2832 5558 3016 5615; x_wconf 86' lang='lat' dir='ltr'><strong>Jesum</strong></span> <span class='ocrx_word' id='word_1_840' title='bbox 3043 5572 3285 5629; x_wconf 66' lang='lat' dir='ltr'><strong>quaerere</strong></span> <span class='ocrx_word' id='word_1_841' title='bbox 3314 5559 3465 5626; x_wconf 86' lang='lat' dir='ltr'><strong>dicit,</strong></span> <span class='ocrx_word' id='word_1_842' title='bbox 3495 5570 3555 5618; x_wconf 86' lang='lat' dir='ltr'><strong>et</strong></span> 
     </span>
    </p>
   </div>
   <div class='ocr_carea' id='block_1_120' title="bbox 1973 5642 3553 5716">
    <p class='ocr_par' dir='ltr' id='par_1_120' title="bbox 1973 5642 3553 5716">
     <span class='ocr_line' id='line_1_120' title="bbox 1973 5642 3553 5716; baseline 0.008 -23"><span class='ocrx_word' id='word_1_843' title='bbox 1973 5642 2096 5709; x_wconf 90' lang='lat' dir='ltr'><strong>quia</strong></span> <span class='ocrx_word' id='word_1_844' title='bbox 2122 5643 2232 5709; x_wconf 87' lang='lat' dir='ltr'><strong>jam</strong></span> <span class='ocrx_word' id='word_1_845' title='bbox 2264 5648 2500 5701; x_wconf 79' lang='lat' dir='ltr'><strong>surrexit</strong></span> <span class='ocrx_word' id='word_1_846' title='bbox 2527 5648 2694 5712; x_wconf 87' lang='lat' dir='ltr'><strong>addit,</strong></span> <span class='ocrx_word' id='word_1_847' title='bbox 2731 5663 2851 5703; x_wconf 80' lang='lat' dir='ltr'><strong>mox</strong></span> <span class='ocrx_word' id='word_1_848' title='bbox 2875 5649 3035 5702; x_wconf 88' lang='lat' dir='ltr'><strong>etiam</strong></span> <span class='ocrx_word' id='word_1_849' title='bbox 3068 5649 3209 5716; x_wconf 86' lang='lat' dir='ltr'><strong>ipsas</strong></span> <span class='ocrx_word' id='word_1_850' title='bbox 3254 5648 3553 5706; x_wconf 72' lang='lat' dir='ltr'><strong>honorifico</strong></span> 
     </span>
    </p>
   </div>
   <div class='ocr_carea' id='block_1_121' title="bbox 1973 5731 3555 5806">
    <p class='ocr_par' dir='ltr' id='par_1_121' title="bbox 1973 5731 3555 5806">
     <span class='ocr_line' id='line_1_121' title="bbox 1973 5731 3555 5806; baseline 0.006 -20"><span class='ocrx_word' id='word_1_851' title='bbox 1973 5747 2037 5787; x_wconf 85' lang='lat' dir='ltr'><strong>ac</strong></span> <span class='ocrx_word' id='word_1_852' title='bbox 2058 5731 2331 5791; x_wconf 59' lang='lat' dir='ltr'><strong>laetissimo</strong></span> <span class='ocrx_word' id='word_1_853' title='bbox 2350 5737 2591 5793; x_wconf 76' lang='lat' dir='ltr'><strong>subditas</strong></span> <span class='ocrx_word' id='word_1_854' title='bbox 2618 5739 2743 5792; x_wconf 84' lang='lat' dir='ltr'><strong>mi.;i</strong></span> <span class='ocrx_word' id='word_1_855' title='bbox 2760 5739 2912 5793; x_wconf 63' lang='lat' dir='ltr'><strong>alCl‘iO</strong></span> <span class='ocrx_word' id='word_1_856' title='bbox 2928 5736 3180 5806; x_wconf 51' lang='lat' dir='ltr'><strong>gaudium</strong></span> <span class='ocrx_word' id='word_1_857' title='bbox 3200 5741 3530 5796; x_wconf 84' lang='lat' dir='ltr'><strong>resurrectio</strong></span> <span class='ocrx_word' id='word_1_858' title='bbox 3554 5776 3555 5779; x_wconf 60' lang='grc' dir='ltr'><strong>η</strong></span> 
     </span>
    </p>
   </div>
   <div class='ocr_carea' id='block_1_122' title="bbox 3119 5827 3157 5887">
    <p class='ocr_par' dir='ltr' id='par_1_122' title="bbox 3119 5827 3157 5887">
     <span class='ocr_line' id='line_1_122' title="bbox 3119 5827 3157 5887; baseline 0 0"><span class='ocrx_word' id='word_1_859' title='bbox 3119 5827 3157 5887; x_wconf 77' lang='lat'><strong>5</strong></span> 
     </span>
    </p>
   </div>
  </div>
