4040 6188
430 296 538 349 ΐῧῒ)

1056 294 1059 299 ·
1120 289 1180 344 Β.
1223 288 1471 344 RABANI
1513 284 1730 345 usum
1764 254 2084 345 Ancutsr.
2126 286 2435 345 uocum.
2476 288 2759 347 OPERUM
2800 291 2975 347 rans
3012 293 3076 346 ιι.

3599 301 3701 356 H0

430 409 517 462 nis
546 421 662 476 epis
703 404 1074 475 evangelizare
1118 404 1391 472 praecepit.
1444 402 1511 456 Et
1539 416 1700 472 quam
1726 402 1908 458 felices
1941 401 2018 456 fe-
2053 408 2098 465 Α
2127 418 2315 473 genius
2339 417 2460 457 eum
2483 402 2572 473 qui
2616 401 2817 458 Pascha
2840 414 3070 459 nostrum
3101 408 3401 462 immolatus
3441 420 3516 463 est
3548 411 3705 467 Citri-

435 500 596 552 mium
647 512 766 565 quae
796 495 1040 565 angelico
1078 493 1250 549 docta:
1284 493 1505 547 oraculo
1554 494 1884 563 triumphum
1935 509 2018 548 re-
2115 503 2248 557 stus,
2280 502 2339 547 ut
2368 494 2618 548 inchoata
2644 493 2912 564 paschalis
2940 495 3117 565 gaudii
3136 495 3393 552 solemnia
3418 514 3517 555 nos
3540 502 3705 572 digne

432 587 787 642 snrrectionis
819 586 1018 640 mundo
1045 584 1367 638 annuntiare
1397 592 1733 651 meruerunt,
1780 599 1844 638 ac
1869 600 2016 638 mor-

434 680 544 732 tuis
601 677 741 746 quod
781 676 888 728 Eva
934 675 1244 744 serpentino
1272 675 1493 729 seducta
1536 672 1700 729 ad‘atu
1739 675 2011 729 contraxit

436 769 716 837 imperium
746 766 1036 835 przedicare
1064 765 1327 819 dirutum!
1363 764 1576 831 Quanto
1606 763 1874 819 feliciores
1899 764 2014 818 aui-

438 875 536 912 mze
566 859 807 911 virorum
836 857 1037 925 pariter
1063 865 1118 910 et
1142 854 1483 921 feminarum,
1534 863 1797 924 quotquot
1837 856 1889 909 in
1926 854 2012 908 die

432 948 618 1019 jsnlicii
664 948 931 1018 percussis
981 961 1178 1017 pavore
1224 960 1288 1000 ac
1308 947 1462 1015 digna
1494 945 1697 999 ultione
1747 944 2009 1015 rcprobis,

436 1038 563 1106 ipsa:
608 1036 812 1091 ccelcsti
841 1036 1012 1108 gratia
1053 1033 1245 1102 adjutze
1299 1034 1716 1104 trinmpharcde
1740 1040 1910 1087 morte
1959 1044 2013 1087 ct

433 1128 683 1194 gaudium
732 1128 904 1181 beatae
948 1125 1360 1180 resurrectionis
1405 1125 1609 1179 intrare
1668 1124 2005 1179 meruerint!

429 1218 787 1273 t‘lurrentibus
843 1226 1020 1272 autem
1064 1217 1143 1271 eis
1187 1216 1556 1285 evangelizare
1600 1215 1873 1286 discipulis
1918 1230 2011 1271 oc~

430 1308 604 1360 ιιΙΠίῑ
632 1306 789 1362 lesus
834 1323 1033 1377 easque
1081 1307 1296 1373 salutat,
1347 1306 1639 1361 ostendens
1665 1322 1724 1361 se
1761 1305 2015 1361 omnibus

434 1398 537 1450 iter
559 1398 812 1452 virtutum
844 1397 1245 1462 inchoantibus,
1276 1407 1337 1453 ut
1360 1398 1428 1452 ad
1450 1397 1675 1451 salutem
1697 1405 2009 1467 perpetuam

433 1488 716 1556 pervenire
744 1495 966 1556 queant,
1018 1485 1322 1554 adjuvando
1349 1501 1658 1541 occurrere.

502 1576 622 1631 'Illte
641 1586 812 1631 autem
834 1587 1180 1643 accesserunt,
1214 1586 1264 1631 et
1287 1586 1559 1631 tenuerunt
1580 1577 1734 1647 pedes
1762 1576 1892 1646 ejus.
1921 1574 2013 1630 Vi-

2114 598 2370 655 peragere
2413 592 2468 640 et
2510 599 2608 655 per
2661 585 2774 640 haec
2822 587 3135 658 contingere
3177 587 3244 642 ad
3287 591 3482 661 gaudia
3537 593 3702 651 faciat

2115 676 2462 745 sempiterna,
2533 685 2827 748 praestante
2876 677 2994 748 ipso
3041 678 3270 735 Domino
3314 692 3501 740 nostro
3564 683 3701 742 Jesu

2114 763 2348 827 Christo,
2371 767 2463 836 qui
2491 782 2614 822 cum
2650 767 2755 823 Deo
2795 767 2958 830 Patre
3004 777 3059 825 et
3085 768 3289 840 Spiritu
3332 783 3524 829 sancto
3569 777 3704 832 vivit

2112 866 2168 911 et
2210 868 2397 927 regnat
2445 858 2499 913 in
2539 860 2732 913 ssecula
2762 861 3101 915 szcculorum.
3156 862 3348 917 Amen.

2688 969 2967 1026 HOMILIA
2999 972 3084 1027 Ill.

2563 1056 2615 1094 IN
2646 1056 2733 1094 DIE
2764 1057 2978 1097 SANCTE
3012 1060 3245 1099 ιιλϐειιλε.

2216 1127 2401 1187 Lcctio
2429 1129 2681 1200 Epistula:
2710 1131 2860 1186 Pauli
2891 1134 3115 1201 apostoli
3149 1135 3213 1187 ad
3244 1135 3578 1193 Corinthios.

2182 1216 2420 1282 Fratres,
2456 1232 2736 1291 expurgate
2783 1233 2922 1275 vetus
2950 1221 3280 1291 fermentum,
3329 1237 3382 1279 ut
3414 1228 3528 1283 sitis
3567 1247 3700 1286 nam

2111 1310 2427 1379 conspersio,
2465 1311 2597 1364 sicut
2622 1313 2745 1365 estis
2770 1313 2960 1382 acymi.
2993 1312 3199 1367 Etenim
3237 1319 3431 1385 pascha
3462 1330 3703 1376 nostrum

2109 1399 2408 1456 immolatus
2434 1411 2509 1455 est
2557 1401 2812 1456 Christus.

2180 1493 2523 1549 Resurrectio
2575 1492 2784 1549 Domini
2830 1494 2999 1549 nostri
3052 1494 3177 1550 Jesu
3224 1496 3445 1563 Christi,
3499 1500 3700 1561 fratres

2110 1585 2434 1653 charissimi,
2492 1586 2651 1642 fidem
2688 1595 2929 1643 nostram
2966 1589 3187 1645 roborat
3239 1607 3360 1646 cum
3406 1593 3543 1649 facta
3574 1613 3697 1652 cre-

430 1668 677 1733 ιΙθιὶιηιιεν
708 1668 928 1734 fralres.
971 1670 1025 1723 ίιι
1062 1668 1309 1723 nomium
1355 1677 1667 1740 resurgenle
1708 1684 1739 1723 3
1778 1668 2012 1724 morluis
2044 1745 2069 1747 ᾼ
2112 1676 2276 1741 ditur,
2318 1677 2743 1747 memoriamque
2797 1676 2912 1746 ejus
2961 1689 3186 1734 renovat
3233 1697 3353 1737 cum
3385 1683 3699 1740 solemniter

428 1761 715 1815 veritatem
771 1768 972 1815 nostra:
1015 1760 1215 1827 carnis,
1266 1759 1543 1815 videamus
1587 1757 1814 1829 gloriam
1857 1773 2004 1814 novat

2113 1768 2434 1824 celebratur.
2476 1767 2717 1825 Denioue
2742 1784 2863 1823 cum
2901 1778 3025 1826 ante
3051 1772 3224 1827 annos
3251 1772 3511 1843 plurimos
3542 1775 3698 1831 Chri-

422 1851 870 1920 .incorruptionis.
945 1849 1203 1920 Superius
1249 1849 1445 1919 quippe
1489 1849 1687 1903 lectum
1740 1858 1825 1903 est
1882 1848 2009 1917 quia

426 1941 616 1995 clauso
663 1941 899 1995 surrexit
943 1948 1333 2005 monumento;
1402 1954 1545 1994 nunc
1590 1948 1767 1993 autem
1814 1939 2009 2009 legitur

427 2033 572 2101 quod
619 2031 873 2087 mulieres
903 2039 1192 2087 tenuerunt
1219 2032 1385 2101 pedes
1412 2030 1530 2099 ejus
1571 2041 1628 2085 et
1649 2031 2010 2087 adoraveruut

424 2140 568 2180 cum.
608 2123 859 2179 Surrexit
883 2125 1026 2179 enim
1049 2124 1233 2180 clauso
1255 2125 1393 2179 ostio
1419 2125 1748 2180 monumenti
1776 2134 1832 2179 et
1853 2125 2005 2190 exiit,

423 2229 487 2274 ut
518 2218 819 2276 immortale
841 2218 953 2290 jam
982 2218 1181 2275 factum
1205 2220 1422 2274 doceret
1446 2234 1566 2275 esse
1593 2233 1810 2289 corpus,
1864 2218 2005 2287 quod

425 2314 480 2367 in
508 2318 854 2368 monumento
903 2312 1142 2367 clausum
1170 2312 1346 2367 fuerat
1377 2320 1668 2366 mortuum.
1722 2311 2007 2367 Teneudas

420 2402 748 2459 mulieribus
788 2403 1017 2474 praebuit
1060 2403 1290 2474 plantas,
1368 2412 1428 2457 ut
1474 2417 1655 2458 veram
1699 2418 1758 2458 se
1807 2402 2009 2458 habere

427 2509 650 2549 carnem
704 2509 825 2565 qua:
851 2495 1170 2551 mortalibus
1204 2496 1349 2565 tangi
1392 2502 1576 2565 posset
1615 2494 1909 2549 intimaret.

497 2584 597 2649 Ite,
642 2585 840 2656 inquit,
875 2586 1110 2639 nuntiate
1141 2584 1393 2654 fratribus
1415 2585 1542 2639 meis
1581 2593 1639 2637 ut
1666 2594 1785 2638 eant
1822 2585 1877 2638 in
1903 2581 2009 2637 Ga-

415 2674 645 2741 'liftt’ttm,
688 2674 761 2728 ibi
800 2690 882 2729 me
907 2674 1171 2729 ridebunt.
1222 2674 1267 2730 Ο
1297 2674 1434 2729 mira
1470 2675 1645 2745 pietas
1692 2673 2006 2739 Salvatoris,

421 2765 562 2818 mira
623 2765 969 2835 benignitas!
1013 2765 1158 2832 Quos
1204 2773 1329 2818 ante
1381 2765 1686 2833 passionem
1721 2764 2009 2834 discipulos

418 2865 480 2909 et
529 2853 821 2923 aliquando
853 2854 1015 2909 etiam
1067 2869 1251 2909 servos
1286 2868 1480 2908 vocare
1504 2861 1876 2925 consueverat,
1911 2854 2009 2911 hos

416 2955 546 3015 post
580 2947 1029 3002 resurrectionem
1066 2944 1265 3000 fratres
1297 2944 1549 3015 appellat,
1598 2953 1658 2999 ut
1685 2952 1740 2999 et
1767 2943 2006 3013 ejusdem

419 3051 484 3090 se
523 3035 875 3091 humanitatis
922 3050 1083 3106 quam
1137 3044 1192 3090 et
1240 3035 1505 3090 habuerat
1545 3032 1784 3088 habitum
1824 3049 2007 3088 resur-

2110 1867 2225 1915 stus
2251 1858 2631 1922 resurrexerit,
2684 1874 2789 1914 non
2815 1859 3047 1915 absurde
3073 1861 3300 1917 dicimus
3338 1865 3551 1933 quando
3592 1881 3694 1919 an-

2108 1935 2405 2003 niversario
2431 1948 2601 2003 reditu
2634 1949 2735 2003 ista
2760 1949 3073 2005 solemnitas
3105 1962 3479 2021 prtesentatur.
3524 1955 3695 2011 Hodie

2111 2038 2365 2092 Dominus
2389 2038 2707 2093 resurrexit.
2730 2037 2882 2105 Quod
2908 2053 3036 2108 ergo
3059 2040 3215 2095 annis
3240 2043 3495 2099 omnibus
3522 2046 3692 2099 itera-

2110 2140 2198 2187 tur
2248 2146 2372 2187 cum
2423 2131 2570 2187 omni
2618 2130 2897 2186 devotione
2940 2145 3100 2201 agerc
3137 2132 3413 2199 debemus,
3465 2146 3521 2191 et
3546 2136 3695 2204 quot

2109 2221 2277 2277 semel
2302 2219 2503 2276 factum
2530 2228 2630 2285 est,
2664 2222 2767 2276 fide
2796 2236 3014 2277 necesse
3039 2231 3124 2276 est
3146 2230 3207 2277 ut
3232 2232 3527 2289 teneamus.
3559 2225 3694 2279 Illud

2110 2311 2313 2367 factum
2342 2320 2430 2367 est
2480 2319 2539 2365 ut
2578 2311 2988 2376 redimeremur,
3022 2313 3123 2367 hoc
3151 2313 3455 2368 institutum
3485 2324 3568 2369 est
3619 2332 3693 2369 ne

2107 2402 2564 2458 oblivisceremur.
2596 2400 2729 2455 Nam
2759 2402 2849 2471 qui
2891 2403 3051 2457 istum
3079 2402 3221 2457 diem
3249 2403 3408 2472 digne
3428 2404 3575 2474 cupit
3603 2420 3697 2458 cc-

2109 2493 2342 2559 lebrare,
2376 2494 2666 2548 meminere
2694 2492 2855 2547 debet
2888 2493 3029 2562 quod
3058 2491 3331 2561 apostolus
3369 2492 3565 2548 Paulus
3613 2494 3694 2546 ait

2109 2584 2164 2639 in
2206 2584 2456 2655 praesenti
2516 2582 2747 2639 lectione
2779 2601 2792 2636 :
2831 2582 3134 2654 Expurgate
3172 2595 3315 2639 vetas
3356 2585 3693 2655 fermentum,

2110 2685 2165 2729 ut
2200 2675 2313 2729 sitis
2339 2690 2469 2730 nova
2507 2674 2800 2744 conspersio
2835 2676 2966 2729 sicut
2990 2678 3111 2730 estis
3138 2678 3330 2747 azymi.
3381 2677 3687 2732 Excluden-

2109 2768 2235 2823 dum
2257 2782 2386 2837 ergo
2411 2782 2571 2822 omne
2610 2766 2931 2822 fermentum
2961 2769 3164 2837 peccati
3204 2768 3270 2822 de
3290 2769 3546 2823 cordibus
3587 2785 3689 2823 uo~

2108 2859 2237 2915 stris
2263 2866 2345 2914 est
2371 2866 2430 2912 ut
2451 2872 2583 2928 pura
2615 2864 2793 2912 mente
2828 2866 2884 2912 et
2899 2868 3045 2914 recta
3068 2859 3399 2914 conscientia
3429 2869 3691 2931 tanquam

2108 2964 2277 3019 panes
2326 2948 2502 3019 azymi
2540 2945 2852 3013 efﬁciamur,
2902 2956 2962 3003 ut
3009 2957 3154 3004 recte
3210 2948 3416 3004 Pascha
3472 2950 3692 3005 Domini

2110 3040 2385 3096 celebrare
2409 3038 2695 3108 possimus.
2749 3039 2946 3093 Verum
2972 3040 3016 3094 si
3040 3038 3361 3095 fermentum
3391 3042 3598 3111 peccati
3629 3051 3694 3096 et

413 3127 599 3197 (gde
637 3126 993 3193 resumpsisse
1030 3132 1376 3189 monstrarat
1430 3134 1487 3180 θι
1512 3122 1629 3180 illos
1675 3137 1888 3194 quoque
1935 3123 2001 3178 ad
2031 3096 2076 3159 C
2108 3131 2327 3187 malitiae
2381 3130 2436 3184 in
2470 3129 2632 3185 corde
2678 3141 2944 3195 tenemus,
3004 3145 3111 3184 non
3155 3145 3427 3186 meremur
3478 3129 3693 3188 Pascha

414 3219 838 3289 promerendam
868 3218 1324 3289 spectandamque
1357 3216 1411 3271 in
1435 3230 1530 3270 sua
1558 3228 1721 3271 carne
1745 3228 2000 3269 coronam

422 3310 874 3376 immortalitatis,
920 3325 1027 3381 qua
1064 3309 1180 3379 ipse
1228 3309 1340 3380 jam
1370 3309 1774 3379 praseminebat,
1823 3307 1993 3377 erige-

426 3410 529 3457 ret.
585 3401 729 3458 Sane
751 3402 893 3472 quod
920 3417 978 3458 se
1006 3402 1059 3456 in
1088 3400 1305 3457 Galilrea
1333 3399 1619 3455 videndum
1663 3416 1694 3453 a
1724 3398 2001 3468 discipulis

422 3493 696 3564 praedixit,
734 3501 791 3548 et
816 3495 957 3548 sicut
990 3492 1266 3562 sequentia
1297 3490 1469 3547 sancti
1503 3489 1777 3560 Evangelii
1816 3489 1997 3544 decla-

423 3591 569 3647 rant,
614 3584 876 3647 exhibuit,
933 3583 1097 3637 etiam
1146 3582 1199 3637 in
1238 3581 1342 3637 hoc
1384 3581 1610 3652 mystice
1656 3589 1713 3635 et
1743 3574 1996 3634 virtutem

421 3691 535 3731 sua:
562 3676 975 3731 resurrectionis
1014 3682 1071 3730 et
1098 3684 1297 3729 mistra:
1334 3671 1633 3743 profectum
1662 3670 1789 3726 vita:
1834 3669 1997 3739 spiri-

422 3766 546 3822 talis
602 3767 858 3823 insinuat.
928 3764 1144 3822 Galiltea
1191 3766 1386 3837 quippe
1435 3762 1821 3834 transmigratio
1856 3761 1998 3831 facta

416 3863 858 3932 interpretatur;
900 3867 957 3913 et
1001 3858 1140 3913 bene
1176 3859 1228 3912 in
1259 3858 1475 3913 Galilaza
1516 3858 1728 3912 videtur
1774 3872 1804 3910 a
1838 3855 1997 3910 disci-

413 3952 564 4021 pulis
600 3951 690 4021 qui
712 3948 827 4017 jam
856 3951 924 4004 de
944 3956 1119 4004 morte
1139 3949 1209 4003 ad
1242 3948 1428 4013 vitam,
1468 3948 1532 4002 de
1558 3948 1900 4016 corruptione
1930 3948 1997 4001 ad

421 4040 902 4111 incorruptionem,
957 4040 1025 4094 de
1056 4051 1214 4108 paena
1258 4036 1734 4107 transmigrarent
1771 4037 1839 4091 ad
1885 4036 1999 4107 glo-

420 4132 585 4199 riam,
644 4139 704 4187 ut
729 4129 1008 4185 victoriam
1041 4125 1450 4183 resurrectionis
1479 4141 1586 4180 non
1611 4125 1785 4181 solum
1811 4132 2015 4181 osten»

410 4224 576 4279 sione
597 4222 841 4293 corporis
863 4228 918 4276 et
940 4207 1312 4276 exhortatione
1339 4216 1627 4281 sermonis,
1662 4215 1757 4270 sed
1781 4217 1998 4272 nomine

422 4328 635 4385 quoque
681 4313 782 4368 loci
832 4311 886 4366 in
941 4325 1048 4381 quo
1105 4314 1411 4379 appareret,
1464 4315 1520 4360 et
1560 4305 1869 4373 loqueretur
1918 4304 1999 4359 eis

423 4407 843 4460 commendaret.
900 4401 1007 4458 Sed
1026 4408 1082 4457 et
1105 4399 1307 4469 nosipsi
1366 4398 1560 4469 gaudio
1588 4396 1996 4452 resurrectionis

421 4496 539 4566 ejus
568 4496 641 4548 ita
666 4494 838 4549 solum
869 4503 995 4548 tunc
1032 4490 1135 4546 frui
1188 4489 1444 4551 valemus,
1492 4487 1538 4542 si
1584 4501 1728 4542 nunc
1772 4486 1838 4542 de
1880 4501 2000 4541 cor-

412 4585 632 4657 ruptela
676 4584 929 4637 vitiorum
982 4581 1049 4636 ad
1095 4582 1353 4635 virtutum
1394 4592 1558 4648 opera
1617 4576 2001 4643 transmigrare

424 4675 737 4748 satagimus.
768 4671 921 4730 Unde
945 4671 1241 4727 curandum
1269 4682 1625 4737 summopere,
1655 4664 1850 4720 fratres
1873 4664 1998 4729 mei,

422 4776 484 4822 ut
511 4767 638 4837 quia
690 4761 1106 4820 resurrectionis
1146 4761 1356 4817 Domini
1402 4768 1457 4817 et
1495 4756 1794 4813 Salvatoris
1831 4754 2002 4811 nostri

406 4865 638 4927 tempus
685 4854 998 4925 agnovimus
1042 4851 1168 4921 quia
1216 4850 1333 4920 ejus
1371 4847 1630 4904 solemnia
1667 4844 2002 4902 celebramus

424 4946 695 5002 continuis
729 4946 997 5001 bonorum
1016 4956 1239 5012 operum
1261 4938 1609 5010 profectibus,
1661 4936 1727 4993 ad
1756 4943 1999 4991 contem-

422 5039 676 5111 plandum
703 5035 819 5105 ejus
844 5034 1215 5091 celsitudinem
1242 5030 1704 5097 transmigremus.
1732 5025 1868 5093 Quia
1904 5039 2000 5079 no-

406 5138 552 5191 stra
577 5127 988 5186 resurrectionis
1017 5136 1224 5194 tempus
1259 5124 1588 5193 ignoramus,
1635 5119 1777 5189 quod
1819 5125 1999 5170 tamen

426 5223 667 5279 futurum
719 5217 867 5275 nullo
892 5216 1050 5272 modo
1103 5212 1443 5282 ambigimus,
1507 5218 1561 5265 et
1584 5207 1734 5263 omni
1784 5204 1998 5275 quidem

425 5321 482 5370 et
508 5312 562 5366 in
599 5309 702 5364 hac
729 5305 997 5377 praecipue
1027 5311 1184 5358 nocte
1211 5315 1308 5371 pro
1337 5298 1452 5368 ejus
1476 5297 1877 5368 exspectatione
1919 5294 2001 5348 vi-

426 5403 581 5475 gilias
619 5413 864 5472 agamus,
900 5397 1244 5452 Obsecremus
1276 5390 1699 5447 misericordiam
1730 5387 1870 5441 illius
1907 5384 2000 5454 qui

428 5500 732 5564 susceptam
766 5489 1041 5562 pronobis
1083 5485 1358 5542 humiliter
1391 5492 1619 5538 mortem
1672 5496 1796 5536 mox
1839 5478 2003 5533 subli-

430 5585 590 5639 miter
615 5583 905 5655 superavit,
947 5589 1007 5636 ut
1033 5586 1231 5635 nostra:
1262 5592 1361 5632 nos
1387 5585 1626 5645 tempore
1655 5571 2005 5630 resurrectio-

432 5676 516 5728 nis
555 5676 621 5730 de
646 5684 817 5730 morte
844 5675 910 5729 ad
940 5674 1102 5727 vitam
1148 5668 1539 5739 transmigrare
1564 5667 1844 5723 concedat.
1896 5666 2003 5723 Ro-

2023 4447 2075 4506 D

2102 3219 2316 3276 Domini
2342 3219 2639 3285 celebrare,
2666 3227 2722 3274 et
2750 3219 2870 3274 ideo
2895 3218 3180 3289 Apostolus
3203 3220 3279 3275 ait
3309 3238 3322 3274 :
3372 3220 3691 3292 Expurgate

2100 3321 2242 3368 vetus
2264 3310 2601 3378 fermentum,
2622 3320 2678 3363 ut
2700 3311 2813 3364 sitis
2845 3327 2974 3365 nova
2993 3312 3310 3380 conspersio,
3342 3313 3473 3366 sicut
3509 3316 3692 3384 azymi

2100 3402 2244 3456 estis.
2271 3400 2461 3473 Azymi
2490 3416 2696 3461 sumus,
2743 3401 2788 3455 si
2832 3400 2992 3456 alieni
3017 3416 3204 3457 sumus
3249 3403 3318 3457 ab
3348 3403 3495 3471 omni
3547 3420 3693 3459 con-

2100 3492 2395 3563 scriptione
2459 3492 2682 3562 peccati.
2748 3491 3013 3546 Modicam
3055 3493 3200 3547 enim
3242 3493 3574 3564 fermentum,
3624 3504 3694 3548 ut

2098 3583 2385 3656 Apostolus
2405 3583 2504 3649 ait,
2533 3591 2694 3636 totam
2716 3599 2946 3638 massam
2969 3584 3255 3654 corrumpit
3281 3600 3300 3649 ;
3341 3593 3397 3639 et
3424 3584 3545 3639 ideo
3583 3600 3691 3639 ex-

2098 3688 2331 3745 purgare
2375 3681 2431 3728 et
2448 3671 2682 3741 abjicere
2713 3673 2969 3728 debemus
2995 3688 3027 3726 a
3053 3673 3210 3728 nobis
3253 3688 3411 3727 omne
3455 3673 3693 3728 fermen-

2100 3780 2215 3829 tum
2252 3765 2459 3834 peccati
2505 3762 2700 3819 utfrui
2730 3772 2892 3819 tanta:
2912 3763 3132 3819 Pascha:
3168 3764 3527 3820 solemnitatis
3567 3782 3695 3821 me-

2098 3872 2334 3913 reamur.
2373 3855 2506 3923 Quia
2528 3854 2818 3925 participes
2847 3870 2981 3926 ergo
3008 3870 3108 3911 nos
3153 3853 3335 3911 facere
3357 3862 3558 3910 sanctas
3582 3855 3695 3911 Pa-

2097 3947 2245 4002 scha:
2298 3945 2557 4000 Dominus
2599 3942 2787 4009 voluit,
2837 3959 3053 3999 oremus
3105 3952 3163 3998 ut
3190 3953 3528 3999 sacramenta
3563 3944 3694 4014 ejus

2098 4037 2259 4107 digne
2288 4050 2590 4098 sumamus,
2618 4041 2675 4087 ut
2704 4033 2826 4103 jure
2855 4033 3283 4089 benedictionem
3309 4033 3522 4089 Domini
3551 4049 3695 4091 wil—

2098 4126 2251 4196 scqui
2298 4140 2619 4180 mereamur.
2669 4124 2793 4179 lim
2813 4131 2919 4188 est,
2967 4124 3289 4189 charissimi,
3337 4125 3455 4182 dies
3493 4125 3692 4182 Domi-

2098 4217 2233 4273 nicae
2256 4214 2666 4271 resurrectionis
2711 4223 2766 4270 et
2788 4223 2986 4270 nostras
3022 4214 3232 4269 initium
3270 4215 3689 4287 redemptionis.

2098 4304 2225 4360 llaec
2245 4312 2346 4369 est,
2397 4305 2635 4374 inquam,
2682 4305 2797 4360 dies
2819 4319 2980 4375 quam
3015 4303 3145 4360 fecit
3170 4303 3453 4360 Dominus.
3481 4305 3694 4361 Exsul-

2099 4402 2275 4449 temus
2294 4394 2350 4449 in
2376 4408 2457 4458 ea,
2507 4395 2645 4449 hanc
2663 4409 2854 4451 omnes
2877 4409 3009 4449 voce
3035 4409 3292 4460 consona,
3320 4394 3440 4450 lteto
3465 4394 3693 4466 spiritu,

2103 4488 2265 4542 corde
2293 4485 2527 4541 contrito
2546 4485 2906 4551 celebremus,
2953 4494 3009 4540 et
3043 4500 3267 4556 agamus
3298 4486 3596 4555 spiritalem
3628 4486 3695 4541 in

2104 4576 2323 4647 psalmis
2370 4584 2426 4631 et
2462 4576 2675 4647 hymnis
2701 4576 2943 4632 laetitiam
2992 4576 3046 4631 in
3069 4577 3383 4631 memoriam
3414 4578 3695 4648 passionis

2103 4678 2160 4725 et
2198 4668 2607 4724 resurrectionis
2645 4667 2845 4724 Christi
2894 4668 2948 4722 in
2979 4683 3075 4738 spe
3103 4667 3300 4723 futura:
3338 4668 3479 4723 vitm.
3539 4668 3693 4726 Ecce

2104 4761 2206 4817 ista
2228 4761 2335 4827 die,
2384 4761 2598 4830 quando
2627 4760 2931 4815 audivimus
2977 4760 3225 4825 Alleluia,
3286 4760 3697 4831 quodammodo

2104 4851 2318 4906 hetatur
2363 4850 2586 4919 spiritus
2607 4859 2815 4917 noster,
2861 4859 2917 4904 et
2933 4848 3273 4918 iucunditate
3298 4857 3441 4905 totus
3465 4848 3700 4920 perfun-

2104 4941 2285 4997 ditur:
2317 4938 2544 4995 Alleluia
2572 4954 2805 5008 namque
2835 4938 2952 4993 laus
2979 4939 3036 4993 in
3059 4938 3276 4993 excelsis
3297 4938 3523 4993 Domino
3548 4938 3699 4993 dici-

2105 5040 2210 5086 tur.
2239 5030 2378 5098 Quia
2407 5030 2563 5085 nobis
2586 5029 2837 5085 convenit
2871 5039 2930 5084 ut
2955 5029 3146 5083 devota
3179 5035 3358 5081 mente
3376 5028 3519 5082 omni
3546 5035 3697 5081 tem-

2104 5137 2254 5192 pore,
2280 5121 2366 5177 die
2389 5129 2567 5175 tamen
2592 5120 2693 5175 isto
2721 5119 2988 5189 przecipue
3007 5117 3219 5172 laudem
3244 5116 3298 5171 in
3322 5115 3549 5171 excelsis
3580 5115 3697 5169 Do-

2105 5213 2254 5268 mino
2289 5213 2654 5275 decantemus,
2687 5210 2740 5265 id
2760 5218 2866 5277 est,
2917 5224 3021 5264 non
3043 5208 3218 5264 solum
3247 5220 3362 5272 ore,
3400 5205 3494 5261 sed
3515 5206 3697 5260 etiam

2105 5318 2267 5373 opere
2291 5301 2526 5373 perfecte
2568 5301 2855 5357 Dominum
2892 5309 3137 5356 nostrum
3185 5313 3317 5354 voce
3350 5304 3405 5352 et
3425 5294 3589 5350 corde
3637 5298 3697 5352 in

2104 5394 2352 5449 laudibus
2376 5394 2648 5449 exsultare
2673 5394 3004 5457 Studeamus,
3034 5402 3094 5447 ut
3128 5407 3229 5447 nos
3256 5391 3309 5445 in
3333 5388 3540 5445 cmlesti
3571 5390 3705 5446 vita

2106 5500 2204 5555 per
2227 5484 2377 5541 illum
2412 5484 2683 5539 exsultare
2709 5499 3032 5550 mereamur,
3060 5483 3298 5554 quicum
3325 5482 3434 5536 Deo
3470 5487 3529 5534 et
3553 5475 3702 5548 Spi-

2108 5576 2215 5630 ritu
2241 5582 2425 5631 sancto
2461 5574 2593 5628 vivit
2613 5581 2669 5628 et
2703 5580 2889 5645 regnat
2919 5589 3058 5629 unus
3086 5573 3225 5629 Deus
3269 5586 3367 5641 per
3404 5570 3711 5625 immorta-

2110 5665 2179 5721 lia
2218 5665 2413 5721 szncula
2443 5665 2780 5720 saeculorum.
2836 5666 3028 5745 Amen.
