4040 6188
309 327 398 382 Hi

879 436 1157 493 HOMILIA
1191 437 1278 492 Ν.

682 545 815 586 ιτεκ
846 546 898 584 IN
932 547 1017 586 ΜΕ
1045 545 1264 586 8ΛΝ6ΤΑΞ
1293 545 1527 585 ΡΛὸϐΗΑΞ.

444 619 635 676 Lectio
656 621 832 676 sancti
857 621 1130 690 Evangelii
1155 621 1448 676 secundum
1475 619 1732 676 Marcum.

379 709 558 764 Μανία
611 709 931 780 Hagdalene
991 723 1040 764 et
1089 709 1269 765 Maria
1316 710 1524 773 Jacobi,
1572 720 1617 763 ct
1676 709 1890 766 Salome

301 811 539 855 emerunt
569 810 810 856 aromata
854 811 910 855 ut
956 802 1209 856 venientes
1245 811 1493 872 ungerent
1523 799 1705 854 Iesum

373 892 639 959 Audistis,
687 892 888 949 fratres
933 894 1259 958 charissimi,
1301 893 1444 964 quod
1473 900 1674 946 sanctae
1704 890 1892 945 mulie-

305 995 395 1037 res
456 998 578 1053 quae
630 984 915 1038 Dominum
974 983 1188 1040 fuerant
1251 992 1452 1039 secuta:
1501 999 1623 1038 cum
1681 997 1893 1036 aroma-

304 1073 473 1138 tibus,
522 1073 590 1126 ad
632 1084 1040 1128 monumentum
1095 1081 1382 1138 venerunt,
1457 1081 1512 1126 et
1562 1086 1685 1126 eum
1731 1085 1892 1138 quem

305 1163 579 1216 viventem
638 1163 942 1218 dilexerant
996 1172 1051 1218 et
1098 1161 1212 1231 jam
1262 1173 1476 1217 mortuo
1541 1161 1893 1215 lmmanitatis

304 1254 700 1322 obsequuntur.
735 1253 841 1309 Sed
899 1270 985 1310 res
1017 1263 1164 1326 gesta
1209 1253 1412 1324 aliquid
1464 1255 1517 1307 in
1558 1261 1744 1308 sancta
1796 1251 1894 1304 Ec‘

306 1346 470 1400 clesia
525 1347 702 1417 signat
767 1347 1098 1417 gerendum;
1163 1347 1243 1401 sic
1287 1345 1482 1415 quippe
1530 1359 1750 1399 necesse
1813 1349 1896 1396 est

305 1444 369 1487 ut
399 1436 683 1491 audiamus
733 1453 852 1506 qua:
903 1435 1044 1491 facta
1090 1445 1236 1502 sunt,
1281 1445 1548 1505 quatenus
1600 1435 1897 1503 cogitemus

306 1521 474 1574 etiam
500 1537 622 1590 quae
660 1522 815 1576 nobis
842 1530 968 1577 sunt
991 1537 1054 1576 ex
1081 1539 1272 1579 eorum
1299 1523 1598 1578 imitatione
1617 1521 1893 1584 facienda;

308 1618 366 1663 et
413 1626 514 1664 nos
546 1626 676 1682 ergo
720 1611 772 1666 in
811 1627 879 1666 eo
925 1613 1016 1681 qui
1059 1621 1142 1668 est
1187 1622 1436 1668 mortuus
1489 1614 1796 1677 credentes,
1851 1612 1896 1665 si

307 1700 479 1754 odore
528 1703 788 1757 virtutum
825 1703 1008 1759 referti
1031 1720 1153 1760 cum
1185 1704 1438 1774 opinione
1460 1705 1726 1760 bonorum
1768 1717 1898 1772 ope-

311 1808 431 1845 rum
482 1793 772 1848 Dominum
828 1796 1145 1865 quaerimus,
1199 1797 1268 1851 ad
1308 1803 1718 1852 monumentum
1772 1780 1971 1866 pro-B

309 1881 455 1936 fecto
512 1882 653 1938 illius
708 1900 830 1939 cum
871 1887 1204 1941 aromatibus
1255 1887 1519 1941 venimus.
1567 1885 1675 1940 Illa:
1717 1894 1898 1941 autem

311 1975 568 2030 mulieres
613 1977 835 2046 angelos
865 1977 1051 2034 vident
1083 1993 1202 2048 quae
1225 1994 1348 2034 cum
1371 1977 1703 2033 aromatibus
1739 1990 1899 2032 vene-

311 2073 460 2127 runt,
489 2066 616 2135 quia
646 2066 898 2122 videlicet
930 2067 1032 2123 illa:
1055 2077 1264 2123 mentes
1293 2083 1556 2138 supernos
1584 2067 1730 2124 cives
1756 2069 1899 2138 aspi-

311 2157 487 2221 ciunt,
517 2172 639 2227 quae
667 2173 791 2212 cum
817 2159 1075 2214 virtutum
1104 2159 1362 2214 odoribus
1385 2159 1452 2213 ad
1490 2159 1772 2213 Dominum
1802 2172 1900 2228 per

311 2257 503 2304 sancta
523 2249 790 2304 desideria
822 2251 1260 2323 proﬁciscuntur.
1312 2250 1617 2306 Notandum
1644 2265 1771 2306 vero
1798 2265 1899 2306 no-

312 2339 398 2395 bis
421 2349 529 2407 est,
583 2342 844 2413 quidnam
877 2343 948 2398 sit
976 2343 1117 2412 quod
1148 2343 1202 2397 in
1226 2343 1431 2398 dextris
1462 2342 1650 2397 sedere
1679 2341 1901 2412 angelus

313 2434 576 2488 cernitur.
616 2433 754 2501 Quid
780 2449 1010 2504 namque
1049 2449 1143 2506 per
1165 2435 1442 2490 sinistram
1493 2435 1595 2489 nisi
1617 2435 1728 2488 vita
1760 2449 1900 2503 pne-

314 2526 475 2581 sens?
499 2525 640 2592 Quid
666 2541 797 2580 vero
828 2541 924 2596 per
947 2527 1190 2582 dextram
1244 2527 1344 2583 nisi
1394 2535 1654 2598 perpetua
1680 2527 1791 2581 vita
1827 2527 1900 2582 si-

313 2619 547 2688 gnatur?
571 2618 724 2673 Unde
745 2619 1006 2688 scriptum
1017 2628 1100 2673 est
1120 2634 1135 2672 :
1155 2618 1309 2673 Laeva
1330 2619 1442 2688 ejus
1463 2618 1557 2672 sub
1577 2618 1742 2687 capite
1763 2633 1899 2682 meo,

312 2717 362 2761 et
388 2708 602 2761 dextera
630 2707 774 2760 illius
801 2706 1182 2777 amplexabitur
1199 2724 1300 2760 me.
1326 2707 1460 2774 Quia
1489 2706 1652 2776 igitur
1672 2705 1904 2760 Redem-

314 2807 436 2867 ptor
452 2811 639 2851 noster
659 2796 772 2864 jam
802 2798 1084 2867 praesentis
1108 2797 1232 2852 vitae
1253 2798 1651 2868 corruptionem
1676 2798 1902 2853 transie-

317 2898 419 2952 rat,
450 2890 539 2957 qui
586 2889 841 2942 nuntiare
886 2902 1173 2958 perennem
1215 2887 1331 2957 ejus
1363 2889 1529 2942 vitam
1571 2897 1813 2952 venerat,
1846 2887 1902 2943 in

317 2981 504 3035 dextra
563 2981 816 3043 sedebat;
872 2981 965 3050 qui
1010 2981 1146 3035 stola
1190 2981 1420 3036 candida
1465 2988 1751 3050 coopertus
1809 2996 1904 3050 ap-

317 3073 512 3141 paruit,
555 3074 683 3140 quia
737 3070 1048 3125 festivitatis
1095 3079 1296 3125 nostra:
1347 3071 1541 3141 gaudia
1599 3071 1895 3134 nuntiavit;

319 3164 519 3218 candor
546 3162 748 3217 etenim
781 3161 945 3216 vestis
988 3162 1326 3231 splendorem
1376 3170 1570 3214 nostra:
1620 3161 1901 3216 denuntiat
1928 3131 1970 3192 (δ

321 3253 697 3307 solemnitatis.
733 3251 941 3306 Nostrae
979 3252 1242 3317 dicamus,
1293 3266 1361 3304 an
1412 3251 1554 3306 sum?
1598 3250 1704 3306 Sed
1735 3257 1793 3303 ut
1824 3248 1894 3304 fa-

324 3351 529 3396 teamur
556 3342 761 3407 verius,
782 3351 838 3396 et
860 3356 972 3396 sua:
1009 3342 1250 3396 dicamus
1269 3350 1324 3395 et
1346 3350 1560 3396 nostras.
1586 3339 1676 3393 llla
1707 3340 1904 3409 quippe

327 3434 701 3502 Redemptoris
743 3427 915 3487 nostri
948 3433 1295 3497 resurrectio,
1321 3440 1378 3487 et
1423 3439 1608 3487 nostra
1636 3428 1905 3486 festivitas

324 3525 443 3591 fuit,
483 3528 612 3596 quia
658 3541 758 3581 nos
801 3527 869 3580 ad
905 3525 1367 3580 immortalitatem
1397 3524 1630 3590 reduxit,
1661 3530 1717 3579 et
1746 3537 1907 3596 ange-

327 3619 498 3670 lorum
539 3615 806 3670 festivitas
856 3615 1105 3680 exstitit,
1154 3616 1281 3685 quia
1337 3629 1437 3669 nos
1489 3613 1793 3668 revocando
1837 3613 1908 3668 ad

327 3706 565 3761 caelestia
593 3720 784 3758 eorum
813 3719 1097 3759 numerum
1150 3703 1410 3774 implevit.
1457 3703 1513 3757 in
1551 3717 1649 3757 sua
1685 3717 1815 3773 ergo
1843 3717 1907 3757 ac

329 3807 515 3850 nostra
567 3794 858 3849 festivitate
909 3795 1134 3864 angelus
1178 3793 1230 3848 in
1269 3793 1406 3849 albis
1453 3793 1693 3848 vestibus
1743 3807 1908 3862 appa-

329 3885 475 3948 ruit,
523 3883 648 3954 quia
698 3883 826 3938 dum
880 3897 980 3938 nos
1021 3896 1117 3952 per
1162 3881 1613 3937 resurrectionem
1665 3880 1908 3936 Domini-

329 3990 448 4028 cam
483 3975 548 4028 ad
585 3988 818 4043 superna
861 3972 1198 4036 reducimur,
1229 3971 1462 4027 caelestis
1497 3971 1685 4040 patria:
1712 3971 1908 4025 damna

335 4076 673 4136 reparantur.
706 4065 812 4121 Sed
838 4064 966 4134 quid
993 4063 1270 4120 venientes
1298 4062 1525 4119 feminas
1573 4062 1768 4117 aﬂatur
1809 4077 1907 4116 au-

335 4159 561 4209 diximus.

411 4245 584 4298 Nolite
625 4260 980 4314 expavescere.
1010 4241 1088 4297 Ac
1118 4242 1162 4297 si
1191 4250 1376 4310 aperte
1420 4242 1561 4296 dicat
1611 4259 1622 4294 :
1673 4240 1913 4295 Paveant

336 4334 408 4387 illi
437 4335 528 4403 qui
564 4351 671 4388 non
717 4341 902 4388 amant
949 4333 1235 4386 adventum
1271 4346 1626 4400 supernorum
1672 4330 1909 4396 civium;

334 4427 721 4494 pertimescant
748 4423 838 4493 qui
877 4423 1183 4476 carnalibus
1210 4421 1493 4476 desideriis
1521 4421 1693 4491 pressi
1723 4422 1790 4476 ad
1817 4437 1912 4476 eo-

338 4533 458 4568 rum
487 4531 545 4569 se
592 4515 902 4569 societatem
929 4513 1236 4584 pertingere
1282 4527 1438 4582 posse
1469 4513 1773 4582 desperant.
1807 4513 1914 4568 Vos

335 4616 515 4659 autem
558 4620 657 4658 cur
703 4603 1082 4674 pertimescitis
1121 4602 1212 4671 qui
1243 4610 1451 4656 vestros
1497 4603 1748 4657 concives
1771 4602 1918 4657 vide-

337 4697 452 4750 tis?
489 4695 638 4751 Unde
675 4703 732 4750 et
765 4693 1046 4749 Mattheus
1089 4693 1339 4764 angelum
1381 4693 1692 4763 apparuisse
1717 4693 1919 4747 descri-

335 4789 505 4848 hens,
534 4788 609 4841 ait
640 4805 654 4840 :

415 4875 544 4928 Erat
569 4885 807 4947 aspectus
832 4875 950 4946 ejus
985 4876 1122 4929 sicut
1148 4875 1349 4946 fulgur,
1376 4884 1424 4928 et
1468 4877 1765 4930 uestimenta
1803 4876 1918 4946 ejus

336 4967 568 5021 candida
599 4969 731 5022 sicut
759 4968 870 5021 nix.
915 4967 972 5021 In
1010 4965 1221 5036 fulgure
1246 4966 1445 5021 etenim
1499 4975 1674 5023 terror
1713 4966 1922 5023 timoris

335 5065 457 5122 est,
497 5058 547 5111 in
601 5058 725 5112 nive
768 5066 948 5112 autem
995 5057 1416 5112 blandimentum
1464 5057 1731 5112 candoris.
1784 5056 1921 5123 Quia

335 5161 474 5200 vero
508 5149 854 5216 omnipotens
879 5147 1042 5211 Deus,
1076 5156 1130 5201 et
1155 5147 1410 5202 terribilis
1442 5155 1526 5200 est
1549 5146 1921 5216 peccatoribus

335 5243 403 5290 et
435 5234 666 5290 blandus
706 5235 890 5304 justis,
942 5245 1088 5290 recte
1136 5237 1287 5290 testis
1338 5236 1749 5290 resurrectionis
1805 5233 1922 5303 ejus

334 5324 570 5394 angelus
613 5333 667 5379 et
706 5326 760 5380 in
795 5324 1002 5396 fulgure
1031 5326 1210 5379 vultus
1262 5335 1318 5380 et
1351 5325 1405 5378 in
1447 5326 1679 5380 candore
1707 5325 1924 5380 habitus

331 5416 771 5479 demonstratur,
799 5423 858 5468 ut
900 5416 968 5469 de
997 5400 1118 5484 ipsa.
1137 5430 1232 5468 sua
1277 5415 1454 5484 specie
1493 5424 1548 5468 et
1577 5424 1807 5468 terreret
1841 5429 1926 5468 re—

331 5505 548 5572 probus
573 5513 628 5560 et
663 5505 922 5559 mulceret
966 5505 1105 5573 pios.
1154 5503 1304 5558 Unde
1332 5513 1480 5558 recte
1520 5517 1732 5571 quoque
1759 5517 1927 5571 popu-

329 5594 460 5650 lum
515 5609 614 5664 per
657 5596 928 5652 desertum
990 5596 1319 5666 gradientem
1381 5592 1627 5648 columna
1683 5592 1821 5663 ignis
1873 5591 1926 5644 in

331 5696 511 5744 nocte
556 5697 613 5745 et
663 5688 914 5744 columna
955 5690 1112 5743 nubis
1171 5668 1395 5757 praeibat
1447 5689 1497 5741 in
1549 5687 1654 5742 die.
1697 5685 1756 5739 in
1806 5685 1927 5754 igne

1411 325 1713 385 HOMILL‘E
1754 326 1818 381 IN
1857 323 2104 382 EVA-NG.
2149 325 2235 380 ET
2272 322 2486 379 EPIST.

1913 437 1965 498 Α
1990 437 2188 492 etenim
2215 445 2392 490 terror
2414 444 2517 495 est,
2552 434 2603 486 in
2649 436 2787 489 nube
2819 443 3001 490 autem
3034 437 3257 492 visionis
3280 438 3397 493 leue
3421 439 3572 496 blan-

3471 326 3572 380 H9.

1990 525 2301 580 dimentum.
2332 524 2457 579 Dies
2506 540 2635 579 vero
2684 525 2846 594 iusti,
2903 535 2958 580 et
3004 543 3112 582 nox
3158 529 3418 600 accipitur
3459 531 3573 586 vita

1987 613 2318 684 peccatoris;
2375 613 2516 666 unde
2557 620 2612 666 ct
2654 616 2930 670 conversis
2968 618 3347 685 peccatoribus
3379 619 3576 676 Paulus

1989 707 2121 760 dicit
2153 725 2164 758 :
2201 705 2404 759 Fuistis
2435 705 2718 776 aliquando
2749 709 2991 773 tenebrm,
3037 727 3172 764 nunc
3199 721 3371 765 autem
3402 712 3495 766 lux
3520 715 3575 767 in

1993 797 2233 851 Domino.
2262 797 2319 850 in
2346 797 2434 852 die
2468 813 2598 867 ergo
2643 812 2740 867 per
2774 801 2969 854 nubem
3002 802 3248 857 columna
3277 815 3574 861 monstrata

1990 896 2094 952 est,
2122 897 2178 942 et
2200 887 2252 940 in
2291 897 2448 942 nocte
2472 903 2572 958 per
2611 890 2810 959 ignem,
2840 892 2930 960 qui
2961 894 3304 963 omnipotens
3333 896 3476 953 Deus
3521 905 3578 954 et

1992 979 2219 1034 blandus
2243 979 2404 1049 justis
2444 989 2498 1035 et
2528 981 2784 1036 terribilis
2825 983 3105 1052 apparebit
3153 983 3368 1051 injustis
3401 1003 3413 1038 :
3443 987 3574 1041 istos

1994 1073 2046 1128 in
2072 1073 2273 1144 judicio
2301 1074 2524 1128 veniens
2566 1089 2662 1144 per
2691 1075 2930 1130 lenitatis
2981 1077 3440 1132 mansuetudinem
3483 1078 3568 1132 de-

1993 1167 2212 1231 mulcet,
2249 1166 2368 1220 illos
2392 1179 2521 1220 vero
2568 1182 2662 1234 per
2689 1165 2912 1236 justitize
2954 1166 3346 1222 districtioncm
3387 1176 3572 1224 terret.

1997 1254 2100 1309 Sed
2119 1254 2229 1323 jam
2270 1254 2395 1322 quid
2421 1253 2640 1323 angelus
2661 1255 2948 1326 subjungat
2979 1256 3279 1311 audiamus.

2063 1344 2246 1399 Iesum
2272 1346 2510 1414 qua’ritis
2563 1345 2924 1399 Nazarenam.
2956 1344 3115 1402 Jesus
3143 1346 3338 1402 Latino
3367 1347 3581 1418 eloquio

1996 1434 2267 1500 salutaris,
2296 1436 2347 1490 id
2378 1442 2461 1489 est
2483 1434 2727 1490 Salvator
2753 1435 3156 1506 interpretatur.
3179 1437 3248 1490 At
3272 1453 3404 1493 vero
3425 1439 3579 1493 nmlti

1999 1534 2126 1580 tunc
2151 1523 2310 1579 Jesus
2341 1525 2449 1580 dici
2494 1533 2766 1595 poterant,
2798 1542 2904 1581 non
2937 1535 3118 1581 tamen
3155 1529 3584 1583 substantialiter

1997 1615 2091 1668 sed
2143 1616 2538 1684 uuncupative;
2589 1616 2708 1670 ideo
2747 1625 2804 1671 et
2848 1617 2998 1672 locus
3024 1616 3386 1688 subjungitur,
3415 1626 3474 1674 ut
3517 1620 3583 1672 de

1999 1719 2107 1773 quo
2143 1704 2273 1760 Jesu
2322 1705 2524 1759 dictum
2574 1705 2646 1760 sit
2680 1705 3076 1771 manifestatur,
3105 1707 3465 1762 Nazarenam.
3517 1707 3584 1762 Et

1999 1812 2218 1853 causam
2269 1797 2517 1867 protinus
2569 1797 2789 1863 subdit,
2833 1797 3176 1868 cruciﬁxum;
3223 1807 3384 1868 atque
3434 1799 3586 1854 addi-

1999 1888 2078 1943 dit
2105 1905 2118 1939 :

2027 2006 2035 2015 -
2070 1979 2312 2035 Surrexit
2337 1997 2441 2035 non
2470 1989 2543 2035 est
2576 1981 2680 2036 hic.
2711 1981 2835 2036 Non
2865 1991 2940 2036 est
2985 1982 3069 2036 hic
3104 1981 3302 2037 dicitur
3325 1997 3421 2052 per
3448 1997 3586 2052 prae-

1999 2073 2229 2127 sentiam
2253 2073 2454 2138 carnis,
2479 2074 2572 2143 qui
2604 2082 2782 2129 tamen
2807 2089 3069 2144 nusquam
3097 2072 3285 2130 deerat
3317 2089 3416 2144 per
3449 2088 3587 2144 prte-

2000 2168 2232 2222 seutiam
2261 2169 2578 2240 majestatis.

2070 2257 2174 2314 Sed
2203 2261 2292 2325 ite,
2321 2261 2476 2314 d'cite
2513 2260 2785 2332 discipulis
2813 2264 2927 2332 ejus
2951 2271 3001 2316 et
3051 2261 3211 2316 Petro
3245 2278 3369 2333 quia
3396 2278 3590 2332 prtere-

1999 2352 2084 2404 det
2107 2366 2198 2404 vos
2238 2349 2295 2404 in
2323 2347 2620 2405 Galilaeam.
2655 2350 3017 2418 Quaerendum
3059 2351 3216 2407 nobis
3252 2359 3335 2406 est
3367 2367 3465 2406 cur
3494 2367 3591 2405 no-

2000 2439 2223 2494 minatis
2247 2439 2524 2509 discipulis
2549 2439 2742 2495 Petrus
2766 2441 3077 2512 designetur
3105 2456 3172 2496 ex
3207 2440 3461 2506 nomine?
3483 2439 3590 2494 Sed

2001 2530 2045 2585 si
2074 2531 2221 2585 hunc
2247 2529 2468 2600 angelus
2494 2531 2814 2585 nominatim
2847 2545 2954 2585 non
2979 2530 3330 2600 exprimeret,
3359 2529 3450 2600 qui
3477 2545 3591 2583 ma-

2001 2621 2228 2692 gistrum
2247 2629 2535 2691 negaverat
2547 2623 2732 2676 venire
2749 2621 2890 2676 inter
2905 2620 3196 2690 discipulos
3217 2635 3323 2676 non
3344 2621 3588 2674 auderet.

2003 2711 2241 2765 Vocatur
2268 2723 2395 2782 ergo
2417 2725 2487 2765 ex
2512 2711 2730 2766 nomine
2763 2726 2832 2765 ne
2860 2710 3174 2780 desperaret
3194 2725 3261 2764 ex
3284 2708 3588 2779 negatione.

2003 2801 2122 2870 Qua
2157 2803 2211 2856 in
2242 2817 2300 2857 re
2328 2802 2775 2857 considerandum
2821 2801 3095 2871 nobisiest
3121 2817 3221 2856 cur
3243 2801 3591 2870 omnipotens

2005 2894 2145 2948 Deus
2167 2907 2290 2947 eum
2321 2907 2481 2962 quem
2512 2901 2719 2946 cuncta:
2749 2890 3001 2945 Ecclesia:
3031 2891 3288 2960 praeferre
3314 2889 3593 2961 disposue-

2004 2989 2110 3047 rat,
2138 2981 2346 3036 ancilla;
2377 2995 2563 3036 vocem
2609 2981 2995 3049 pertimescere
3019 2989 3072 3034 et
3111 2979 3348 3050 seipsum
3394 2994 3593 3051 negare

2005 3070 2338 3140 permiserit.
2387 3069 2539 3136 Quod
2585 3070 2838 3124 nimirum
2890 3084 3098 3141 magna:
3146 3078 3325 3125 actum
3373 3070 3595 3139 pietatis

2003 3161 2405 3231 dispensatione
2443 3161 2840 3230 cognoscimus,
2892 3171 2953 3215 ut
2996 3161 3042 3216 is
3069 3162 3161 3232 qui
3212 3161 3424 3216 futurus
3471 3171 3592 3216 erat

2003 3261 2189 3324 pastor
2221 3251 2479 3306 Ecclesia:
2521 3252 2574 3304 in
2603 3267 2699 3306 sua
2729 3252 2884 3322 culpa
2934 3253 3170 3308 disceret
3207 3253 3442 3322 qualiter
3472 3253 3594 3306 aliis

2005 3341 2252 3396 misereri
2297 3341 2591 3395 debuisset.
2642 3340 2798 3395 Prius
2841 3340 3025 3411 itaque
3051 3356 3175 3396 eum
3196 3342 3430 3398 ostendit
3451 3342 3550 3396 sibi
3576 3383 3592 3405 ,

2003 3441 2059 3487 et
2113 3437 2239 3486 tunc
2284 3430 2577 3501 prteposuit
2623 3431 2871 3496 caeteris,
2923 3438 2983 3486 ut
3024 3446 3092 3487 ex
3136 3446 3234 3488 sua
3281 3433 3596 3488 inﬁrmitate

2004 3527 2359 3592 cognosceret
2381 3535 2542 3589 quam
2570 3519 2996 3575 misericorditer
3017 3520 3192 3575 aliena
3218 3520 3433 3574 inﬁrma
3463 3520 3597 3575 tole-

2008 3617 2170 3665 raret.
2205 3609 2348 3664 Bene
2375 3617 2553 3662 autem
2577 3609 2644 3662 de
2673 3605 3030 3678 Redemptore
3055 3617 3242 3662 nostro
3266 3609 3501 3663 dicitur:

2079 3698 2344 3752 Prwcedet
2372 3715 2459 3752 vos
2501 3699 2556 3750 in
2600 3695 2878 3761 Galileam,
2910 3696 2981 3750 ibi
3023 3713 3141 3751 eum
3187 3698 3422 3754 videbitis
3460 3699 3596 3753 sicut

2007 3787 2356 3843 dixit-vobis.
2413 3786 2689 3842 Galilaeam
2731 3802 2966 3857 namque
3011 3788 3406 3858 transmigratio
3450 3787 3594 3859 facta

2009 3881 2425 3949 interpretatur;
2453 3877 2566 3946 jam
2596 3879 2796 3950 quippe
2824 3879 3156 3949 Redemptor
3193 3888 3378 3936 noster
3404 3893 3437 3933 a
3463 3895 3592 3950 pas-

2009 3972 2161 4028 sione
2189 3973 2258 4027 ad
2286 3972 2760 4036 resurrectionem,
2793 3986 2825 4025 a
2848 3980 3023 4027 morte
3053 3971 3119 4026 ad
3149 3972 3336 4036 vitam,
3377 3986 3407 4026 a
3433 3985 3592 4044 pinna

2011 4065 2079 4119 ad
2100 4063 2350 4135 gloriam,
2379 4078 2410 4117 a
2447 4063 2794 4132 corruptione
2819 4063 2886 4118 ad
2915 4063 3376 4132 incorruptionem
3417 4070 3596 4117 trans-

2010 4155 2288 4224 migrarat,
2331 4161 2386 4207 et
2419 4153 2566 4222 prius
2595 4162 2717 4222 post
2744 4153 3196 4208 resurrectionem
3228 4152 3281 4205 in
3307 4152 3523 4206 Galilma
3561 4167 3592 4206 a

2011 4243 2287 4314 discipulis
2316 4243 2551 4308 videtur,
2591 4245 2718 4313 quia
2763 4242 3177 4297 resurrectionis
3206 4240 3322 4309 ejus
3365 4240 3591 4309 gloriam

2013 4346 2137 4407 post
2171 4337 2277 4391 laeti
2319 4336 2650 4401 videbimus,
2701 4336 2747 4389 si
2791 4335 2950 4388 modo
2978 4349 3008 4387 a
3043 4334 3189 4387 vitiis
3230 4335 3296 4387 ad
3332 4335 3593 4388 virtutum

2015 4427 2384 4483 celsitudinem
2441 4425 2906 4494 transmigramus.
2938 4422 3039 4489 Qui
3079 4436 3210 4491 ergo
3253 4423 3306 4478 in
3349 4422 3596 4492 sepulcro

2019 4521 2316 4582 nuntiatur,
2343 4519 2394 4571 in
2423 4515 2898 4586 transmigratione
2932 4515 3252 4580 ostenditur,
3283 4513 3407 4584 quia
3435 4514 3483 4569 is
3501 4514 3594 4584 qui

2015 4609 2069 4662 in
2105 4606 2518 4663 mortiﬁcatione
2567 4605 2746 4659 carnis
2785 4605 3118 4673 agnoscitur,
3151 4605 3202 4658 in
3249 4605 3596 4674 transmigra-

2014 4697 2160 4752 tione
2205 4695 2402 4750 mentis
2429 4695 2661 4750 videtur.
2711 4695 3182 4766 Transmigremus
3214 4696 3280 4749 ad
3311 4685 3536 4749 virtutes
3563 4710 3595 4748 a

2014 4785 2181 4850 vitiis,
2211 4793 2270 4838 ut
2297 4784 2715 4853 Redemptorcm
2766 4793 3009 4838 nostrum
3041 4785 3096 4837 in
3143 4783 3358 4838 Galilaut
3411 4782 3597 4838 videre

2024 4889 2346 4930 mereamur.
2375 4872 2605 4942 Adjuvet
2629 4872 2971 4941 omnipotens
3001 4873 3140 4926 Deus
3168 4873 3234 4927 ad
3259 4873 3424 4925 vitam
3450 4872 3597 4926 desi-

2026 4962 2234 5019 derium
2260 4968 2522 5026 nostrum,
2565 4961 2656 5031 qui
2683 4975 2780 5030 pro
2808 4961 2963 5016 nobis
3005 4961 3056 5014 in
3088 4969 3261 5016 morte
3300 4961 3449 5015 dedit
3473 4960 3596 5014 uni-

2027 5064 2150 5105 cum
2172 5048 2341 5104 ﬁlium
2379 5064 2532 5104 suum
2563 5064 2660 5118 per
2699 5051 2944 5104 eumdem
2977 5047 3161 5104 Iesum
3191 5047 3463 5104 Christum
3495 5047 3601 5100 Do-

2027 5145 2229 5200 minum
2258 5151 2523 5208 nostrum,
2551 5142 2643 5212 qui
2668 5157 2793 5198 cum
2825 5157 2891 5198 eo
2917 5142 3048 5196 vivit
3071 5151 3127 5197 et
3149 5150 3338 5210 regnat
3361 5141 3503 5194 Deus
3543 5137 3599 5190 in

2026 5233 2231 5287 unitate
2261 5231 2495 5300 Spiritus
2542 5232 2715 5287 sancti
2769 5232 2911 5287 Deus
2936 5246 3034 5303 per
3059 5231 3238 5286 omnia
3279 5226 3472 5284 szecula
3499 5238 3591 5278 sas-

2029 5323 2289 5377 culorum.
2317 5320 2509 5376 Amen.

2629 5411 2910 5468 HOMILIA
2955 5407 3012 5463 ν.

2690 5517 2848 5556 γειιιλ
2873 5517 2935 5556 U.

2346 5590 2530 5646 Lectio
2567 5591 2795 5646 Actuum
2823 5588 3204 5659 apostolorum.

2105 5682 2170 5737 In
2215 5683 2394 5737 diebus
2425 5681 2529 5737 illis
2568 5692 2710 5736 stans
2750 5681 2937 5735 Petrus
2961 5679 3017 5732 in
3039 5675 3208 5730 medio
3233 5672 3393 5732 plebis
3421 5668 3596 5727 dixit:
