4040 6188
394 368 421 423 1
441 369 502 424 i5

1042 365 1103 419 Β.
1146 363 1400 420 RABANI
1439 362 1659 419 MAURI
1702 361 2027 418 ARClllEP.
2072 363 2384 424 MOGUNT.
2427 365 2713 426 OPERUM
2750 369 2929 426 PARS
2967 370 3029 426 Π.

3574 373 3675 431 lu

408 482 518 538 Viri
547 482 758 553 fratres,
793 496 876 534 eos
908 481 1049 533 scitis
1092 478 1231 551 quod
1280 478 1479 547 factum
1523 484 1596 529 est
1635 473 1845 530 verbum
1888 491 1982 545 per
2009 483 2059 543 Α
2085 478 2156 534 ob
2207 488 2554 549 peccatorum
2600 484 3061 553 magnitudinem;
3111 489 3352 555 corporis
3390 500 3475 544 est
3526 506 3680 551 mors

400 578 694 632 uniuersam
741 572 1023 637 Juda’am,
1074 572 1330 641 incipiens
1378 588 1409 624 a
1447 567 1694 635 Galiltea,
1728 579 1843 639 post
1899 569 1985 623 ba-

397 667 646 738 ptismum
681 662 821 736 quod
851 661 1155 734 prtedicavit
1204 659 1464 726 Joannes,
1492 660 1674 716 Jesum
1714 677 1746 713 a
1793 658 1983 714 Nasa-

400 756 512 811 rellt
532 797 550 822 ,
588 763 696 811 etc.

468 846 714 902 Breviter
735 846 916 900 omnia
945 859 1065 915 qua:
1091 842 1143 899 in
1173 841 1430 915 Symbolo
1463 845 1813 900 continentur
1836 860 1988 902 com—

398 937 586 1008 plcxus
642 943 727 991 est
773 934 1045 1004 apostolus
1095 934 1288 989 Petrus
1346 934 1398 989 in
1452 935 1682 991 lectione
1732 937 1986 1005 pratsenti

399 1044 559 1099 quam
619 1028 866 1092 audistis,
911 1026 1109 1083 fratres
1137 1027 1473 1093 charissimi,
1528 1029 1671 1099 quod
1704 1026 1864 1084 Jesus
1919 1028 1990 1083 sit

398 1121 646 1178 Christus
671 1162 686 1189 ,
718 1122 859 1192 quod
886 1123 1127 1178 onmium
1154 1123 1223 1179 sit
1245 1124 1523 1181 Dominus.
1558 1123 1719 1178 Stans
1749 1124 1893 1179 enim
1933 1125 1988 1178 in

396 1215 569 1268 medio
610 1212 773 1284 plebis
810 1213 986 1268 dixit:
1024 1212 1136 1267 Viri
1155 1215 1367 1283 fratres,
1411 1233 1500 1270 vos
1548 1215 1693 1270 scitis
1729 1215 1869 1285 quod
1911 1215 1990 1283 fa-

399 1314 540 1357 ctum
580 1313 656 1359 est
695 1304 903 1359 verbum
931 1321 1023 1375 per
1060 1306 1354 1361 universam
1396 1305 1644 1361 Judazam
1668 1346 1682 1370 ,
1734 1305 1987 1375 incipiens

399 1397 537 1450 enim
575 1412 609 1450 α
645 1393 867 1452 Galiltea
894 1438 909 1462 ,
954 1407 1068 1467 post
1129 1397 1442 1468 baptismum
1489 1398 1629 1469 quod
1686 1397 1988 1467 prwdicavit

401 1485 655 1551 Joannes,
696 1486 877 1540 Jesum
917 1504 947 1538 a
981 1485 1267 1539 Nazareth.
1300 1485 1495 1540 Totum
1535 1487 1621 1541 hic
1669 1486 1873 1554 pariter
1898 1486 1989 1539 de-

401 1585 757 1642 monstratur,
784 1576 926 1646 quod
961 1576 1216 1630 nnmdum
1247 1576 1356 1631 Deo
1385 1577 1739 1631 reconciliare
1787 1575 1989 1631 missus

402 1666 475 1718 sit
523 1666 794 1730 Christus,
840 1665 982 1736 quod
1029 1663 1252 1719 Joannis
1281 1676 1411 1720 voce
1445 1674 1529 1719 est
1576 1680 1754 1733 praeco
1804 1675 1985 1731 natus,

402 1758 546 1831 quod
576 1756 780 1837 Spiritu
801 1766 989 1812 sancto
1011 1764 1321 1826 perunctus,
1351 1756 1494 1827 quod
1520 1754 1629 1810 Deo
1654 1756 1989 1810 inhabitantc

2087 576 2302 644 quando
2347 576 2416 631 ab
2463 576 2644 631 anima
2689 578 2974 631 deseritur.
3008 578 3091 632 Ab
3138 579 3224 633 his
3275 580 3483 637 duobus
3532 601 3682 640 mor—

2089 668 2159 721 tis
2210 667 2498 736 generibus
2548 670 2995 723 resuscitatorum
3045 669 3181 724 duas
3222 671 3450 728 dicimus
3496 691 3681 731 resur-

2089 758 2379 813 rectiones.
2413 757 2566 816 Nunc
2619 769 2797 814 autem
2843 759 3146 814 animarum
3206 762 3260 816 in
3299 762 3538 821 Ecclesia
3582 784 3681 839 per

2089 846 2284 903 Filium
2316 849 2430 914 Dei,
2462 847 2695 903 Verbum
2726 850 2843 916 Dei,
2876 850 2936 904 ﬁt
2964 853 3313 917 resurrectio,
3338 857 3553 923 quando
3581 874 3683 926 per

2090 940 2319 1009 gratiam
2349 939 2445 994 Dei
2470 939 2756 995 viviﬁcatae
2776 950 3064 1013 resurgent
3084 957 3113 995 a
3137 954 3312 998 morte
3334 944 3636 1013 iniquitatis
3661 963 3677 1013 ;

2090 1038 2144 1085 et
2174 1030 2289 1085 hinc
2313 1039 2397 1085 est
2440 1030 2613 1100 prima
2646 1033 2993 1099 resurrectio,
3023 1048 3186 1103 quam
3231 1034 3323 1104 qui
3370 1036 3591 1101 habent,
3624 1036 3680 1091 in

2090 1122 2347 1186 secunda,
2372 1135 2494 1191 quae
2534 1129 2619 1176 est
2664 1134 2975 1193 corporum,
3024 1123 3260 1180 feliciter
3311 1136 3591 1196 resurgent
3622 1127 3676 1181 in

2090 1210 2255 1265 vitam
2279 1213 2949 1285 mternam.Resurgentet
2973 1215 3119 1286 impii
3152 1218 3522 1288 unusquisque
3551 1234 3675 1275 cum

2091 1317 2189 1357 sua
2212 1318 2397 1367 carne,
2429 1312 2488 1357 ut
2513 1320 2635 1358 cum
2660 1304 2873 1361 diabolo
2895 1315 2951 1361 et
2986 1308 3192 1378 angelis
3218 1308 3335 1377 ejus
3358 1312 3675 1379 puniantur.

2095 1392 2203 1449 lloc
2245 1395 2553 1451 certissime
2595 1397 2873 1451 sciendum
2923 1409 3029 1462 est.
3054 1401 3196 1469 quod
3244 1416 3402 1457 nemo
3433 1404 3537 1458 nisi
3584 1420 3681 1475 per

2092 1486 2385 1542 indebitam
2438 1490 2864 1545 misericordiam
2914 1492 3007 1547 Dei
3051 1493 3386 1559 liberabitur,
3414 1505 3468 1550 et
3517 1513 3680 1554 nemo

2091 1579 2193 1633 nisi
2238 1592 2337 1647 per
2363 1579 2602 1634 debitum
2634 1580 2898 1649 judicium
2925 1584 3291 1641 damnabitur.
3317 1587 3469 1643 Tunc
3504 1591 3680 1645 sancti

2091 1670 2269 1725 sciunt
2296 1671 2525 1741 plenius,
2570 1675 2700 1743 quid
2729 1675 2854 1730 boni
2883 1675 2997 1744 eius
3045 1680 3335 1735 contulerit
3373 1683 3572 1752 gratia,
3597 1683 3681 1739 vel

2092 1764 2221 1833 quid
2250 1774 2433 1820 essent
2458 1768 2733 1821 consecuti
2767 1768 2810 1823 si
2840 1769 3017 1825 divina
3055 1787 3148 1826 cos
3188 1775 3426 1843 gratuito
3456 1791 3681 1831 munere

400 1863 499 1917 per
527 1834 784 1903 miracula
834 1848 1169 1913 declaratus,
1199 1849 1341 1917 quod
1380 1847 1672 1904 cruciﬁxus
1699 1856 1752 1901 et
1784 1862 1815 1901 a
1840 1863 1987 1902 mor-
2018 1834 2066 1893 Β
2094 1870 2201 1910 non
2240 1855 2509 1927 elegisset.
2535 1857 2687 1914 Tunc
2727 1861 2831 1915 erit
2863 1861 2975 1931 ipse
3012 1862 3152 1918 Deus
3175 1834 3487 1921 sanctorum
3516 1868 3682 1922 satie-

404 1938 508 1994 tuis
532 1939 821 1994 suscitatus
849 1939 1067 2009 suisque
1093 1936 1471 1993 manifestatus
1493 1978 1506 2002 ,
1547 1938 1688 2007 quod
1708 1935 1873 2005 judex
1921 1937 1992 1993 sit

404 2031 647 2085 omnium
675 2028 728 2083 in
756 2030 861 2084 line
895 2036 1174 2095 venturus,
1203 2029 1454 2100 quodque
1488 2029 1652 2084 etiam
1681 2044 1778 2099 per
1807 2029 1992 2084 Eccle-

401 2120 540 2175 siam
568 2133 723 2175 suam
748 2134 846 2190 per
882 2118 1041 2175 iidem
1071 2127 1242 2175 totum
1263 2120 1333 2174 sit
1357 2119 1545 2175 orbem
1575 2117 1989 2175 illuminaturus.

399 2210 612 2266 Deinde
658 2208 1035 2281 subjungitur:

478 2299 751 2368 Quomodo
803 2301 951 2355 unxit
984 2316 1102 2354 eum
1151 2298 1528 2371 Deus‘Spiritu
1579 2310 1761 2354 sancto
1801 2309 1848 2353 et
1890 2300 1993 2354 vir-

406 2400 532 2445 tute.
556 2387 756 2446 Unctus
774 2398 858 2445 est
882 2403 1009 2460 ergo
1027 2387 1184 2445 Jesus
1207 2404 1310 2443 non
1342 2390 1461 2446 oleo
1488 2389 1708 2456 visitili,
1729 2390 1823 2444 sed
1853 2390 1993 2446 dono

404 2481 593 2552 gratia:
640 2480 920 2551 spiritalis,
978 2495 1099 2551 quas
1139 2480 1318 2535 omnia
1374 2480 1603 2550 pleniter
1646 2479 1987 2543 continebat;

404 2575 545 2646 quod
574 2573 770 2629 visibili
824 2573 1161 2644 signiﬁcatur
1214 2582 1490 2645 unguento
1530 2589 1638 2644 quo
1685 2573 1993 2643 baptizatos

404 2667 558 2738 ungit
597 2664 833 2721 Ecclesia
855 2705 870 2730 ,
904 2664 1029 2718 dum
1059 2679 1157 2733 per
1188 2664 1584 2734 impositiouem
1635 2682 1827 2721 manus
1873 2665 1992 2734 epi-

407 2757 554 2827 scopi
578 2755 810 2826 Spiritus
836 2753 1165 2824 scptiformis
1190 2756 1502 2821 invocatur;
1530 2756 1584 2810 in
1609 2771 1712 2826 qua
1738 2755 1991 2810 similitu-

405 2849 533 2904 dine
565 2862 729 2919 super
750 2860 878 2902 eum
903 2844 1231 2915 baptizatum
1264 2844 1498 2917 Spiritus
1525 2854 1743 2902 sanctus
1772 2847 1827 2901 in
1866 2861 1992 2916 spe—

406 2940 491 2996 cie
510 2937 773 2995 coluntba:
794 2938 1091 2993 descendit.
1128 2936 1281 2992 Tunc
1302 2937 1598 2994 Ecclesium
1635 2953 1787 2993 suam
1817 2936 1994 3008 prasti-

407 3041 605 3098 gurare
624 3027 877 3099 dignatus
906 3033 1023 3092 est,
1050 3026 1104 3081 in
1136 3040 1241 3096 qua
1270 3026 1539 3097 prmeipue
1566 3027 1826 3097 baptizati
1851 3026 1995 3081 acci-

405 3120 561 3191 piunt
582 3118 844 3190 Spiritum
866 3125 1143 3185 sanctum;
1178 3126 1305 3173 tunc
1330 3117 1476 3173 enim
1506 3117 1885 3188 intelligendus
1911 3128 1995 3172 est

2097 1953 2203 2011 tas,
2234 1947 2517 2001 beatorum
2546 1946 2891 2015 iucunditas,
2929 1959 2983 2006 et
3021 1954 3199 2007 omnia
3243 1970 3577 2024 quascunque
3611 1955 3681 2010 ab

2093 2035 2175 2090 eis
2209 2036 2430 2091 honeste
2463 2037 2757 2092 desiderari
2810 2048 3056 2108 possunt,
3106 2050 3161 2095 et
3206 2042 3347 2108 vita,
3394 2043 3571 2109 salus,
3627 2053 3684 2100 et

2097 2124 2289 2190 vietus,
2319 2132 2374 2181 et
2399 2126 2574 2196 cepia,
2602 2135 2656 2181 et
2677 2127 2865 2197 gloria,
2898 2137 2953 2183 et
2980 2129 3171 2192 honor,
3220 2139 3276 2184 et
3317 2146 3442 2200 pax,
3475 2141 3683 2187 mterua

2094 2217 2395 2283 beatitudo,
2427 2230 2481 2272 et
2510 2219 2667 2273 beata
2696 2220 2998 2284 mternitas,
3020 2221 3105 2276 cui
3134 2221 3204 2276 sit
3226 2222 3400 2276 honor
3425 2230 3480 2277 et
3510 2224 3682 2292 gloria

2097 2324 2240 2365 nunc
2259 2318 2313 2364 et
2341 2324 2575 2379 semper,
2604 2317 2657 2364 et
2687 2310 2741 2365 in
2777 2310 2975 2367 saecula
3004 2311 3347 2367 saeculorum.
3379 2313 3571 2369 Amen.

2688 2421 2971 2479 HOMILIA
2998 2425 3085 2481 Vl.

2654 2509 2785 2549 ITEM
2852 2511 3010 2550 FERIA
3072 2512 3131 2551 Π.

2235 2587 2421 2643 Lectio
2467 2588 2641 2643 sancti
2673 2587 2946 2658 Evangelii
2978 2604 3271 2645 secundum
3313 2588 3536 2648 Lucam.

2167 2676 2234 2731 In
2257 2677 2347 2730 illo
2368 2687 2616 2749 tempore,
2633 2679 2738 2733 duo
2764 2694 2830 2733 ea:
2854 2680 3125 2751 discipulis
3152 2682 3294 2736 ibant
3327 2684 3381 2737 in
3408 2681 3683 2740 castellum

2094 2768 2234 2839 quod
2267 2776 2379 2822 erat
2407 2769 2463 2824 in
2487 2771 2655 2839 spatio
2685 2770 2976 2825 stadiorum
2997 2774 3271 2843 sexaginta
3300 2776 3363 2829 ab
3384 2774 3687 2833 Jerusalem

2096 2860 2302 2914 nomine
2355 2861 2626 2926 Emmaus,
2654 2871 2701 2915 et
2736 2861 2835 2931 ipsi
2875 2862 3222 2933 loquebantur
3248 2864 3316 2918 ad
3352 2865 3570 2920 invicem
3612 2865 3685 2923 do

2094 2954 2174 3008 his
2206 2954 2445 3008 omnibus
2466 2970 2583 3025 qua:
2609 2955 2932 3019 acciderant,
2965 2965 3072 3012 etc.

2166 3045 2223 3103 in
2251 3048 2558 3117 quotidiana
2593 3050 2743 3104 vobis
2777 3049 3116 3105 solemnitate
3138 3050 3532 3116 laborantibus,
3572 3048 3689 3105 fra-

2096 3148 2209 3193 tres
2249 3138 2586 3201 charissimi,
2629 3153 2799 3207 pauca
2845 3139 3110 3211 loquenda
3153 3148 3309 3205 sunt,
3356 3150 3410 3195 et
3451 3139 3688 3196 fortasse

405 3220 604 3267 uinctus
640 3224 764 3266 cum
802 3206 1026 3264 Verbum
1074 3224 1193 3263 :aro
1241 3208 1441 3280 factum
1470 3218 1544 3263 est
1571 3221 1590 3260 :
1619 3206 1672 3263 id
1702 3216 1805 3274 est,
1847 3207 1991 3278 quod

2101 3229 2211 3284 haec
2246 3228 2431 3283 utilius
2474 3206 2799 3297 proderunt,
2837 3206 2961 3299 quia
3013 3245 3153 3301 saepe
3184 3241 3239 3286 et
3265 3231 3521 3285 alimenta
3561 3245 3688 3300 quae

406 3302 647 3358 humana
698 3308 896 3355 natura
939 3300 1059 3355 sine
1087 3297 1211 3355 ullis
1247 3297 1675 3370 praecedentibus
1725 3299 1990 3354 bonorum

408 3405 634 3463 operum
670 3390 881 3446 meritis
915 3390 1027 3445 Deo
1057 3387 1220 3445 verbo
1248 3397 1333 3444 est
1376 3389 1433 3444 in
1471 3397 1629 3444 utero
1656 3387 1882 3459 virginis
1910 3402 1999 3443 co-

406 3481 615 3554 pulata,
646 3488 706 3537 ut
722 3480 937 3550 pariter
958 3477 1138 3535 divina
1160 3486 1216 3534 et
1242 3479 1479 3534 humana
1505 3485 1701 3534 natura
1722 3493 1827 3531 una
1850 3484 1998 3533 esset

407 3588 662 3645 persona,
691 3581 749 3628 et
766 3572 837 3629 ob
865 3573 970 3628 hoc
1000 3586 1123 3627 eum
1150 3569 1472 3627 conﬁtemur
1492 3578 1677 3624 natum
1702 3570 1768 3624 de
1792 3568 1997 3639 Spiritu

411 3673 604 3721 sancto
649 3673 706 3719 et
738 3662 909 3718 Maria
947 3660 1186 3732 Virgine.
1222 3658 1327 3727 Qui
1354 3660 1689 3730 pertransivit
1738 3660 1863 3713 bene
1909 3658 1999 3728 {a-

409 3756 594 3813 ciendo
633 3773 697 3812 ac
722 3754 963 3812 sanando
1014 3770 1192 3810 omnes
1239 3769 1510 3825 oppressos
1542 3770 1575 3807 a
1597 3752 1846 3817 .diabolo,
1873 3768 1999 3823 quo-

410 3849 558 3905 niam
605 3847 745 3902 Deus
782 3855 894 3901 erat
930 3862 1048 3900 cum
1084 3845 1197 3899 illo.
1241 3843 1297 3900 id
1340 3843 1638 3909 est,Pater
1683 3859 1808 3899 cum
1861 3843 1999 3899 Filio

410 3952 627 4011 semper
656 3951 897 4002 manere,
928 3935 1121 3990 melius
1144 3943 1228 3990 est
1272 3935 1571 4005 intelligere
1616 3950 1779 4005 quam
1806 3935 1999 3990 divini-

413 4039 580 4087 tatem
600 4027 723 4083 Filii
748 4042 869 4083 cum
894 4025 1135 4090 homine,
1154 4038 1314 4093 quem
1345 4024 1656 4092 assumpsit,
1685 4024 1998 4078 cohabitan-

413 4134 524 4178 tcm
556 4100 881 4190 signiﬁcare,
920 4130 987 4172 ne
1025 4114 1227 4171 Christi
1261 4128 1548 4183 personam
1595 4113 1899 4183 geminaret
1945 4124 2001 4170 et

412 4214 470 4269 in
508 4224 750 4268 errorem
779 4207 1073 4263 maximum
1103 4205 1387 4261 incideret.
1430 4202 1726 4275 Sequitur:

489 4304 555 4360 Et
594 4317 690 4358 nos
727 4309 878 4355 testes
902 4312 1084 4353 sumus
1115 4295 1350 4350 omnium
1376 4310 1493 4365 qua:
1520 4295 1667 4364 fecit,
1712 4295 1767 4351 in
1794 4296 2001 4367 regione

416 4396 727 4452 Judazorum
753 4401 802 4447 et
837 4387 1155 4446 Jerusalem.
1188 4386 1356 4442 Recte
1382 4394 1561 4441 autem
1592 4394 1757 4443 testes
1786 4401 1845 4443 se
1880 4400 2001 4442 esse

413 4491 704 4547 testantur,
733 4480 826 4550 qui
866 4496 963 4551 per
1001 4479 1315 4534 universum
1356 4477 1615 4531 mundum
1675 4475 1824 4531 missi
1874 4484 2001 4531 sunt

2098 3322 2275 3376 minus
2308 3319 2597 3385 sufﬁciunt,
2633 3322 2844 3378 avidius
2893 3331 3197 3378 sumuntur.
3242 3325 3515 3379 Lectionis
3549 3340 3689 3395 ergo

2096 3411 2418 3484 evangelica:
2463 3414 2771 3467 summatim
2815 3429 3031 3469 sensum
3090 3415 3253 3471 statui
3295 3430 3400 3471 non
3446 3431 3545 3486 per
3577 3416 3690 3471 sin-

2096 3502 2220 3572 gula
2247 3504 2410 3557 verba
2456 3504 2780 3571 discurrere,
2808 3520 2875 3559 ne
2922 3505 3264 3561 dilectionem
3313 3515 3549 3562 vestram
3588 3523 3693 3564 va-

2097 3593 2205 3647 leat
2268 3608 2447 3648 sermo
2506 3594 2770 3663 prolixior
2829 3596 3184 3667 expositionis
3230 3612 3483 3653 onerare.
3538 3596 3690 3654 Ecce

2098 3683 2357 3748 audistis,
2401 3681 2598 3738 fratres
2627 3684 2963 3752 charissimi,
3011 3688 3139 3757 quia
3181 3688 3390 3743 duobus
3441 3689 3691 3759 discipu-

2099 3774 2166 3828 lis
2226 3773 2661 3837 ambulantibus,
2720 3774 2771 3828 in
2819 3776 2947 3841 via,
2999 3791 3104 3831 non
3152 3777 3368 3847 quidem
3414 3779 3691 3834 credenti-

2098 3867 2235 3931 bus,
2285 3867 2379 3921 sed
2411 3876 2589 3921 tamen
2624 3866 2691 3921 de
2722 3882 2780 3921 se
2819 3866 3163 3939 loquentibus
3206 3868 3468 3924 Dominus
3516 3886 3692 3941 appa-

2101 3958 2245 4021 ruit,
2296 3957 2390 4012 sed
2440 3957 2520 4011 eis
2570 3957 2803 4026 speciem
2863 3973 3025 4027 quam
3077 3968 3527 4031 rccognosccrent
3571 3977 3689 4016 non

2100 4050 2353 4105 ostendit.
2373 4048 2487 4104 Hoc
2515 4064 2645 4120 ergo
2667 4049 2776 4121 egit
2803 4048 2934 4104 foris
2965 4048 3226 4107 Dominus
3273 4052 3326 4106 in
3353 4051 3525 4107 oculis
3560 4066 3696 4107 cor—

2100 4141 2249 4212 poris
2274 4142 2415 4210 quod
2448 4141 2588 4210 apud
2617 4140 2761 4210 ipsos
2795 4142 3054 4212 agebatur
3093 4141 3238 4196 intus
3265 4142 3317 4195 in
3350 4143 3521 4196 oculis
3561 4159 3695 4197 cor—

2102 4230 2206 4285 dis.
2247 4229 2349 4299 lpsi
2379 4244 2612 4299 namque
2647 4231 2789 4300 apud
2818 4230 3139 4299 semetipsos
3169 4232 3314 4287 intus
3346 4239 3402 4287 et
3427 4231 3697 4289 atnabaut

2102 4327 2159 4375 et
2198 4319 2533 4385 dubitabant,
2563 4320 2646 4375 eis
2684 4327 2866 4376 autem
2910 4321 3172 4377 Dominus
3200 4320 3331 4377 loris
3355 4334 3409 4378 et
3443 4338 3697 4393 praesens

2104 4418 2310 4473 aderat,
2333 4418 2388 4464 et
2426 4410 2554 4480 quid
2582 4419 2727 4465 esset
2747 4428 2851 4465 non
2882 4413 3220 4468 ostendebat.
3245 4404 3331 4470 De
3344 4431 3401 4470 se
3440 4432 3570 4488 ergo
3601 4418 3694 4473 lo-

2106 4502 2391 4570 quentibus
2418 4502 2757 4572 pnesentiam
2782 4519 2933 4558 suam
2961 4506 3223 4571 exhibuit,
3252 4506 3344 4560 sed
3368 4506 3434 4561 de
3456 4524 3514 4562 se
3541 4508 3698 4564 dubi-

412 4572 786 4644 Evangelium,
804 4569 1097 4639 praadicare
1112 4578 1173 4624 ut
1194 4568 1247 4622 in
1276 4566 1485 4639 psalmo
1503 4566 1733 4638 legimus
1756 4584 1770 4620 :
1795 4565 1865 4621 In
1893 4583 1994 4620 om-

2111 4593 2345 4647 tantihus
2382 4594 2704 4663 cognitionis
2750 4609 2861 4648 sua:
2909 4596 3141 4665 speciem
3174 4598 3474 4652 abscoodit.
3510 4599 3697 4655 Verba

411 4681 534 4729 nem
564 4673 756 4719 terram
786 4661 939 4715 exivit
980 4676 1138 4714 sonus
1158 4676 1357 4724 eorum,
1382 4670 1431 4714 et
1459 4660 1514 4713 in
1528 4659 1665 4728 ﬁnes
1687 4659 1824 4712 orbis
1846 4669 2000 4714 terra:

409 4764 569 4809 aerea
612 4766 811 4808 eorum.
853 4749 994 4805 Deus
1041 4747 1206 4804 Pater
1234 4750 1368 4805 duas
1412 4750 1466 4804 in
1496 4748 1714 4805 Christo
1742 4758 2000 4819 operatur

409 4851 639 4909 naturas
670 4860 684 4897 :
712 4856 810 4912 per
839 4855 998 4896 unam
1022 4854 1145 4911 qum
1193 4840 1244 4895 ei
1283 4840 1585 4896 communis
1622 4848 1708 4895 est
1733 4854 1854 4895 cum
1892 4840 2002 4896 Deo

414 4933 601 4998 Patre,
645 4947 708 4987 ex
756 4946 822 4985 eo
859 4931 999 5001 quod
1041 4931 1184 4987 Deus
1223 4940 1337 4997 est;
1369 4946 1467 5001 per
1505 4931 1731 4986 alteram
1778 4947 1886 5002 qua
1933 4948 2000 4988 ex

414 5024 586 5080 Maria
609 5023 827 5093 Virgine
862 5022 1024 5078 homo
1051 5021 1223 5077 factus
1252 5032 1354 5077 est.
1386 5022 1492 5080 Per
1538 5026 1636 5080 has
1672 5026 1806 5080 duas
1847 5035 2001 5080 natu-

415 5130 509 5172 rus
547 5116 600 5169 in
646 5128 756 5169 uno
781 5112 923 5168 Filio
958 5112 1050 5168 Dei
1081 5114 1219 5168 Deus
1252 5112 1412 5167 Pater
1464 5114 1598 5170 duas
1649 5116 1779 5172 facit
1824 5131 2004 5171 resur-

347 5246 355 5255 .
415 5207 684 5263 rectiones
734 5203 954 5260 humani
984 5204 1240 5275 generis,
1293 5205 1347 5260 id
1392 5213 1475 5261 est
1507 5246 1522 5272 ,
1579 5208 1887 5262 animarum
1947 5217 2003 5264 et

416 5311 725 5369 corporum.
780 5294 989 5349 Habent
1024 5295 1166 5350 enim
1214 5302 1270 5350 et
1316 5296 1509 5351 animm
1567 5307 1796 5354 mortem
1848 5314 2000 5354 suam

417 5391 474 5445 in
499 5390 775 5460 impietate
816 5396 978 5458 atque
1021 5388 1279 5459 peccatis,
1312 5392 1612 5446 secundum
1665 5409 1827 5463 quam
1860 5411 2005 5451 mor-

417 5491 528 5538 tem
563 5484 760 5539 mortui
807 5491 966 5546 sunt,
1006 5483 1071 5537 de
1119 5484 1313 5552 quibus
1370 5485 1512 5539 idem
1570 5486 1829 5543 Dominus
1878 5488 1998 5543 ait:

398 5570 549 5628 ‘Sine
596 5586 826 5629 mortuos
870 5572 1084 5644 sepelire
1119 5585 1351 5631 mortuos
1384 5593 1507 5631 suos
1522 5594 1543 5644 ;
1584 5586 1645 5633 ut
1694 5581 1899 5635 scilicet
1945 5581 2001 5635 in

423 5664 601 5717 anima
631 5667 824 5722 mortui
877 5667 929 5721 in
975 5682 1201 5738 corpore
1229 5679 1471 5724 mortuos
1507 5673 1815 5741 sepelirent.
1858 5674 2001 5731 Mors

423 5762 508 5807 est
566 5754 811 5813 videlicet
881 5759 1073 5814 anima:
1141 5762 1355 5829 quando
1414 5762 1553 5816 Deus
1621 5764 1823 5818 deserit
1882 5782 2002 5821 eam

2108 4684 2320 4753 quidem
2337 4684 2581 4748 contulit,
2602 4686 2855 4740 duritiam
2879 4686 3182 4742 intellectus
3197 4688 3517 4759 increpavit,
3534 4689 3698 4744 Scri—

2107 4785 2281 4844 pturtc
2303 4791 2458 4831 sacra
2484 4777 2739 4847 mysteria
2768 4793 2885 4847 quae
2908 4777 2972 4832 de
2999 4778 3175 4848 seipso
3203 4788 3354 4833 erant
3377 4781 3607 4849 aperuit,
3632 4790 3701 4836 et

2110 4875 2288 4921 tamen
2322 4866 2412 4936 qui
2439 4868 2616 4921 adlmc
2638 4868 2690 4921 in
2719 4883 2906 4923 eorum
2953 4869 3206 4924 cordibus
3229 4873 3541 4940 peregrinus
3569 4882 3703 4928 erat

2110 4971 2141 5009 a
2173 4955 2296 5022 fide,
2324 4957 2403 5011 ire
2426 4972 2483 5011 se
2512 4957 2722 5027 longius
2752 4958 2935 5024 tinxit;
2979 4958 3182 5030 tingere
3213 4975 3445 5029 namque
3469 4975 3703 5032 compo-

2109 5062 2238 5102 nere
2267 5046 2515 5111 dicimus,
2548 5048 2688 5101 unde
2715 5058 2771 5103 et
2797 5051 3185 5118 compositorcs
3222 5050 3316 5104 luti
3366 5050 3557 5120 ligulas
3589 5067 3697 5107 vo.

2110 5153 2310 5192 camus.
2344 5137 2482 5191 Nihil
2522 5153 2651 5207 ergo
2684 5138 2907 5210 simplex
2936 5142 3137 5196 veritas
3172 5156 3270 5211 per
3317 5142 3702 5212 duplicitatem

2111 5227 2253 5292 fecit,
2293 5231 2385 5282 sed
2432 5230 2588 5283 talem
2622 5246 2678 5285 se
2712 5232 2792 5285 eis
2830 5231 3076 5286 exhibuit
3118 5232 3170 5287 in
3210 5247 3472 5303 corpore,
3515 5234 3709 5304 qualis

2110 5318 2247 5387 apud
2272 5318 2389 5374 illos
2420 5329 2538 5374 erat
2567 5320 2617 5375 in
2647 5331 2842 5377 mente.
2872 5322 3142 5379 Prohandi
3173 5335 3352 5383 autem
3376 5338 3537 5385 erant
3564 5331 3707 5403 sibi,

2110 5410 2199 5479 qui
2223 5424 2344 5462 cum
2369 5411 2469 5465 etsi
2509 5413 2736 5467 necdum
2764 5421 2822 5466 ut
2856 5414 3140 5469 Dominum
3164 5417 3465 5485 diligerent,
3496 5422 3711 5480 saltem

2106 5508 2167 5553 ut
2190 5502 2530 5571 peregrinun
2574 5519 2758 5558 amare
2785 5506 3103 5574 potuissent.
3151 5508 3256 5564 Sed
3294 5511 3385 5581 qui
3419 5525 3544 5567 esse
3620 5533 3703 5572 et

2109 5590 2281 5642 tranci
2327 5604 2356 5641 a
2403 5591 2667 5643 charitate
2700 5610 2804 5647 non
2829 5604 3097 5663 poterant,
3136 5597 3188 5651 hi
3217 5614 3341 5654 cum
3372 5600 3569 5669 quibus
3599 5618 3708 5655 ve-

2107 5681 2240 5735 ritas
2263 5682 2741 5752 gradiebaturcum
2759 5688 2826 5740 ad
2851 5688 3143 5759 hospitium
3167 5692 3322 5761 quasi
3346 5694 3719 5763 peregrinum

2109 5780 2322 5824 vocant.
2374 5770 2483 5826 Cur
2523 5782 2702 5827 autem
2752 5776 2982 5832 dicimus
3011 5790 3214 5845 vocant,
3244 5795 3364 5834 cum
3415 5779 3523 5835 illic
3562 5786 3735 5841 scri-
