4040 6188
358 334 460 392 “5

1435 328 1741 388 llOMlLUE
1780 329 1848 386 ΙΝ
1886 322 2139 387 EVANG.
2177 330 2266 386 ΕΤ
2305 329 2517 387 EPIST;

3507 330 3615 387 “6

348 459 501 519 ptum
522 446 596 503 sit
613 485 629 512 ,
669 454 729 501 et
748 454 1022 517 coegerunt
1052 460 1190 499 eum.
1223 444 1300 499 Ex
1326 460 1434 513 quo
1464 444 1718 499 nimirum
1746 457 1934 500 esem-
1959 447 2011 505 Α
2035 441 2181 506 estis,
2207 448 2255 494 et
2276 439 2536 495 desideria
2554 440 2720 508 patris
2749 438 2903 493 vestri
2920 438 3095 508 facere
3115 436 3288 494 vultis.
3312 438 3451 497 Ecce
3473 442 3615 498 unde

347 540 436 609 pio
485 535 757 607 colligitur
794 534 888 604 qui
933 532 1152 606 [Forte,
1196 531 1345 605 quia]
1382 533 1653 605 peregrini
1705 533 1774 588 ad
1826 534 1926 589 bo-

346 630 573 702 Spitium
621 643 721 682 son
766 626 943 683 solum
985 626 1247 681 invitandi
1285 636 1433 691 sunt,
1465 627 1561 681 sed
1611 628 1778 681 etiam
1820 634 1927 680 tra-

345 719 528 775 hendi.
574 715 819 772 Mensam
863 724 1093 786 ponunt,
1136 715 1289 770 cibos
1321 713 1577 781 oll‘crunt,
1598 722 1654 770 et
1681 729 1843 785 quem
1871 714 1925 769 in

345 809 645 879 Scriptura:
677 821 850 861 sacrae
891 806 1228 876 expositione
1280 822 1385 860 non
1434 814 1819 877 cognoverant,
1864 806 1925 860 'in

343 899 502 969 {ranis
520 897 789 952 fractione
816 905 1166 966 cognoscunt.
1196 896 1473 952 Audienda
1504 913 1633 968 ergo
1658 908 1927 967 praecepta

345 988 441 1042 Dei
481 987 769 1042 illuminati
819 1001 927 1040 non
980 994 1126 1051 sunt,
1164 986 1408 1043 iaciendo
1460 986 1743 1041 illuminati
1777 995 1923 1051 sunt,

338 1078 471 1147 quia
523 1080 787 1146 scriptum
832 1084 964 1130 est:
1000 1074 1125 1130 Non
1170 1074 1437 1130 auditores
1479 1075 1607 1146 legis
1641 1076 1775 1146 justi
1805 1088 1926 1131 sunt

340 1168 485 1237 apud
516 1167 708 1232 Deum,
734 1165 827 1220 sed
850 1166 1075 1236 factores
1118 1164 1245 1236 legis
1278 1166 1730 1236 justiﬁcabuntur.
1776 1165 1929 1233 Quis-

340 1258 467 1327 quis
514 1272 646 1325 ergo
684 1254 800 1310 vult
841 1255 1021 1309 audita
1078 1254 1398 1326 intelligere,
1438 1256 1655 1311 festinet
1705 1271 1769 1311 ea
1807 1271 1927 1325 qua:

332 1345 451 1415 jam
496 1346 796 1417 intelligere
819 1345 993 1417 potuit
1021 1360 1185 1415 opere
1209 1346 1449 1417 implere.
1492 1346 1632 1403 Ecce
1670 1347 1926 1402 Dominus

342 1455 450 1494 non
483 1446 569 1494 est
614 1438 862 1508 cognitus
904 1438 1031 1492 dum
1076 1437 1425 1507 loqueretur,
1471 1446 1526 1492 et
1555 1437 1805 1508 dignatus
1843 1447 1928 1491 est

340 1529 597 1600 cognosci
616 1528 742 1583 dum
772 1529 1030 1598 pascitur.
1064 1527 1493 1597 Hospitalitatem
1533 1542 1684 1598 ergo,
1714 1528 1923 1583 charis-

340 1620 466 1677 simi
504 1618 720 1684 fratres,
764 1619 992 1691 diligite,
1021 1618 1304 1675 charitatis
1348 1634 1512 1690 opera
1541 1628 1749 1685 amate,
1799 1620 1926 1674 hinc

340 1715 486 1770 enim
507 1728 609 1784 per
645 1711 874 1768 Paulum
898 1712 1099 1767 dicitur
1123 1730 1136 1766 :
1166 1710 1410 1767 Charitas
1440 1712 1789 1781 fraternitatis
1818 1727 1926 1765 ma-

2032 529 2124 585 lilii
2158 530 2378 586 diaboli.
2408 528 2537 597 Qum
2589 538 2714 585 sunt
2751 528 2895 584 illius
2937 528 3250 585 desideria?
3292 528 3394 583 Ille
3439 531 3611 586 hanni-

2028 621 2148 677 cida
2174 631 2287 676 erat
2318 621 2382 676 ab
2408 621 2580 685 initio,
2608 631 2654 677 et
2687 639 2773 677 vos
2804 622 3039 693 quazritis
3084 638 3166 677 me
3194 622 3447 677 occidere.
3470 623 3612 679 Ecce

2027 712 2304 781 quomodo
2334 711 2635 767 imitatione
2668 712 2759 766 lilii
2796 712 2993 768 diaboli
3027 731 3041 765 :
3094 728 3216 767 nam
3243 722 3297 769 et
3338 713 3431 768 ﬁlii
3456 724 3610 769 erant

2026 801 2257 857 Abraha:
2280 811 2502 873 propter
2524 802 2788 873 originem
2817 803 2997 858 carnis
3020 801 3217 872 quibus
3247 804 3347 858 ista
3388 813 3606 873 aposto-

2028 892 2111 947 lus
2140 892 2476 961 loquebatur,
2514 901 2570 948 et
2597 893 2691 947 tilii
2723 893 3039 949 imitationis
3064 903 3282 964 propter
3305 897 3606 950 castitatem

2028 982 2238 1039 timoris
2283 983 2478 1053 quibus
2527 983 2834 1053 specialiter
2878 984 3224 1040 diccbat:Et
3248 988 3336 1057 qui
3386 988 3437 1041 in
3469 987 3608 1042 vobis

2026 1073 2206 1125 timent
2243 1072 2407 1127 Deum
2448 1073 2653 1128 verbum
2693 1073 2879 1129 salutis
2917 1075 3075 1144 hujus
3107 1076 3319 1129 missum
3347 1088 3443 1130 est.
3476 1076 3608 1130 Illud

2027 1164 2212 1233 utique
2237 1164 2303 1219 de
2338 1179 2447 1234 quo
2490 1164 2657 1221 Isaias
2682 1166 2796 1220 ait:
2834 1165 3057 1221 Verbum
3083 1168 3225 1223 misit
3268 1168 3525 1223 Dominus
3552 1171 3606 1222 in

2025 1251 2191 1307 Jacob
2211 1292 2227 1319 ,
2257 1264 2304 1307 et
2329 1254 2511 1309 cecidit
2553 1256 2608 1308 in
2643 1253 2833 1320 Israel,
2869 1255 2920 1309 id
2947 1256 3225 1327 esthmisit
3248 1257 3390 1312 Deus
3413 1256 3606 1312 Filium

2025 1359 2205 1410 suum,
2235 1344 2300 1400 de
2328 1359 2435 1415 quo
2462 1345 2697 1401 Joannes
2722 1346 2797 1400 ait
2822 1364 2835 1399 :
2862 1344 2928 1401 In
2949 1347 3204 1417 principio
3225 1360 3335 1402 erat
3356 1345 3606 1412 Verbum,

2025 1445 2072 1489 et
2114 1434 2333 1488 Verbum
2355 1445 2467 1490 erat
2486 1436 2630 1506 apud
2650 1435 2842 1501 Deum,
2870 1446 2917 1491 et
2940 1435 3081 1491 Deus
3102 1447 3212 1491 erat
3247 1435 3491 1493 Verbum.
3521 1438 3605 1493 Ad

2024 1525 2210 1592 Jacob,
2235 1526 2287 1595 id
2316 1536 2421 1593 est,
2446 1529 2513 1582 ad
2540 1526 2772 1583 Judacos.
2802 1528 2869 1583 Et
2893 1528 3040 1583 venit
3069 1528 3133 1584 ad
3171 1527 3368 1596 Israel,
3396 1529 3499 1585 hoc
3526 1539 3611 1584 est

2024 1618 2091 1670 ad
2140 1617 2379 1686 gentium
2421 1617 2695 1687 populum.
2746 1618 2839 1673 Dei
2870 1628 3049 1673 autem
3080 1617 3299 1673 verbum
3321 1660 3335 1684 ,
3383 1618 3496 1689 ipse
3523 1628 3609 1673 est

2026 1708 2121 1763 Dei
2154 1709 2342 1773 Filius,
2369 1719 2696 1780 quapropter
2729 1724 2851 1765 cum
2893 1726 3017 1766 eum
3063 1710 3224 1765 Pater
3263 1710 3428 1766 verbo
3463 1709 3607 1783 [vcr-

341 1817 460 1863 neat
504 1808 561 1861 in
607 1806 786 1871 vobis,
814 1813 863 1859 et
900 1802 1309 1874 hospitalitatem
1344 1802 1504 1856 nolite
1539 1801 1791 1857 oblivisci.
1823 1801 1928 1856 Per
1954 1799 2001 1857 B
2029 1798 2179 1871 bum]
2226 1800 2393 1863 misit,
2434 1814 2464 1853 a
2517 1799 2678 1854 Patre
2718 1808 2774 1856 et
2810 1799 2988 1857 Verbo
3016 1800 3133 1870 ejus
3178 1801 3375 1858 factum
3414 1816 3499 1859 est
3547 1814 3608 1857 ut

338 1899 483 1954 hanc
526 1895 672 1952 enim
711 1894 1029 1964 placuerunt
1068 1891 1288 1960 quidam
1332 1890 1547 1961 angelis
1578 1890 1811 1960 hospitio
1839 1904 1925 1945 re—

338 1988 530 2059 ceptis.
558 1985 699 2040 Hinc
721 1983 914 2040 Petrus
935 1984 1010 2037 ait
1038 2001 1052 2036 :
1083 1980 1384 2053 Hospitales
1403 1982 1617 2037 invicem
1652 1983 1762 2037 sine
1786 1998 1926 2037 mur-

334 2073 877 2144 murationibustsa
891 2073 1109 2129 Veritas
1137 2071 1267 2128 dicit
1296 2090 1310 2126 :
1338 2071 1537 2144 Hospes
1561 2072 1659 2143 fui,
1677 2084 1725 2128 et
1748 2090 1922 2129 susce-

336 2167 487 2239 pistis
516 2181 623 2219 me.
653 2164 884 2234 Opinata
920 2178 1010 2218 res
1035 2171 1120 2218 est
1148 2161 1303 2218 valde
1321 2170 1377 2217 ct
1412 2163 1683 2217 seniorum
1712 2170 1924 2220 nostro-

333 2271 458 2312 rum
498 2254 654 2309 nobis
696 2252 956 2308 relatione
995 2251 1212 2307 tradita.
1233 2251 1463 2318 Quidam
1509 2262 1662 2322 pater
1688 2253 1922 2309 familias

333 2362 458 2402 cum
492 2353 608 2401 tota
623 2345 785 2400 domo
826 2358 925 2398 sua
951 2358 1148 2415 magno
1195 2342 1576 2411 hospitalitatis
1599 2346 1777 2400 studio
1805 2361 1922 2402 ser-

335 2436 544 2502 viebat;
574 2448 808 2506 cumque
832 2434 1072 2504 quotidie
1111 2434 1181 2489 ad
1218 2448 1461 2489 mensam
1497 2450 1647 2489 suam
1686 2451 1921 2506 peregri—

334 2543 435 2583 nos
455 2526 781 2597 susciperet,
800 2527 1036 2597 quodam
1062 2525 1147 2580 die
1174 2524 1491 2595 peregrinus
1516 2525 1734 2595 quidam
1779 2526 1921 2581 inter

333 2618 471 2673 alios
494 2617 668 2683 venit,
712 2616 782 2672 ad
809 2631 1052 2671 mensam
1090 2615 1283 2671 ductus
1309 2623 1413 2671 est.
1451 2614 1697 2686 Dumque
1742 2624 1921 2686 pater-

334 2709 569 2765 familias
596 2724 665 2764 ex
692 2707 1014 2764 humilitatis
1036 2707 1426 2763 consuetudine
1462 2721 1659 2776 aquam
1684 2708 1843 2763 vellet
1864 2708 1918 2763 in

329 2799 451 2869 ejus
468 2799 724 2854 manibus
743 2795 991 2863 fundere,
1009 2812 1303 2853 conversus
1327 2812 1547 2853 urceum
1576 2798 1802 2869 accepit,
1823 2798 1918 2854 sed

335 2900 557 2962 repente
579 2906 705 2947 eum
734 2890 790 2944 in
809 2887 966 2958 cujus
991 2889 1242 2944 manibus
1278 2904 1473 2960 aquam
1494 2887 1721 2945 fundere
1743 2888 1920 2946 volue-

337 2991 419 3037 rat
431 2999 539 3038 non
556 2980 783 3037 invenit.
805 2978 1048 3050 Cumque
1068 2981 1170 3036 hoc
1185 2978 1390 3035 factum
1418 2996 1601 3036 secum
1622 2982 1736 3051 ipse
1757 2981 1920 3037 mira—

335 3080 501 3137 retur,
534 3070 726 3128 eadem
754 3078 913 3126 nocte
942 3069 991 3123 ei
1029 3069 1289 3125 Dominus
1328 3084 1426 3141 per
1448 3070 1707 3127 visionem
1737 3071 1869 3128 dixit
1896 3090 1910 3126 :

2027 1889 2359 1943 mitteretur.
2375 1888 2515 1959 Ergo
2539 1906 2567 1942 a
2586 1890 2747 1945 Patre
2774 1898 2828 1945 et
2856 1890 2992 1947 Filio
3015 1893 3213 1949 missus
3240 1900 3326 1949 est
3348 1894 3486 1948 idem
3516 1893 3605 1947 Fi-

2025 1979 2150 2045 lius,
2174 1980 2267 2050 qui
2296 1979 2517 2034 verbum
2533 1979 2710 2036 Patris
2730 1991 2814 2037 est
2835 1983 2948 2052 ipse
2968 1983 3137 2040 Filius
3163 1985 3215 2039 in
3234 1985 3349 2054 ipso
3370 1985 3463 2040 Dei
3482 1984 3610 2041 Ver-
3650 2054 3659 2059 _

2023 2070 2113 2137 bo,
2132 2071 2273 2141 quod
2292 2080 2411 2127 erat
2428 2072 2478 2126 in
2497 2072 2762 2143 principio
2783 2074 2923 2143 apud
2937 2074 3103 2131 Deum
3131 2084 3185 2132 et
3210 2077 3350 2133 Deus
3376 2088 3513 2134 erat.
3547 2078 3606 2132 In

2024 2160 2140 2231 ipsa
2170 2161 2377 2217 scilicet
2414 2162 2677 2231 sapientia
2731 2165 2826 2220 Dei
2879 2175 3017 2230 erat,
3064 2182 3171 2237 quo
3203 2177 3443 2239 tempore
3475 2170 3605 2225 \‘er—

2022 2254 2152 2309 bum
2181 2270 2310 2310 caro
2333 2254 2486 2311 deret
2510 2263 2563 2310 et
2584 2256 2853 2313 habitaret
2879 2258 2931 2312 in
2961 2259 3151 2325 nobis;
3176 2261 3299 2329 quia
3331 2261 3604 2330 plenitudo

2022 2348 2283 2417 temporis
2328 2362 2452 2402 cum
2503 2348 2775 2415 venisset,
2817 2350 2965 2406 misit
3021 2353 3164 2408 Deus
3201 2352 3396 2408 Filium
3444 2369 3602 2408 suum

2022 2434 2222 2492 factum
2253 2451 2317 2491 ex
2350 2437 2608 2504 muliere,
2635 2447 2696 2494 ut
2733 2439 3071 2497 incarnatum
3098 2442 3335 2499 Verbum
3366 2442 3604 2498 homini-

2020 2526 2121 2580 bus
2150 2536 2452 2597 appareret.

2091 2616 2195 2685 Qui
2221 2618 2358 2674 enim
2380 2619 2685 2675 habitabant
2712 2621 2766 2675 in
2787 2620 3084 2678 Jerusalem
3107 2632 3156 2678 et
3186 2623 3446 2695 principes
3463 2623 3602 2696 ejus,

2017 2708 2314 2778 ignorantes
2334 2710 2515 2766 Iesum
2543 2720 2590 2766 et
2613 2728 2756 2767 uoces
2786 2715 3174 2784 prophetarum,
3196 2731 3313 2785 qua:
3333 2733 3423 2787 per
3452 2733 3603 2772 omne

2016 2796 2290 2852 sabbatum
2339 2796 2601 2868 leguntur,
2640 2809 2744 2855 etc.
2774 2800 2911 2857 llinc
2938 2809 2992 2856 et
3033 2802 3086 2857 in
3132 2802 3357 2859 Actibus
3385 2814 3604 2873 aposto-

2016 2884 2191 2939 lorum
2239 2886 2499 2958 scriptum
2534 2897 2619 2944 est
2651 2907 2664 2943 :
2696 2888 2899 2961 Moyses
2927 2894 3063 2946 enim
3095 2910 3127 2947 a
3158 2894 3473 2966 temporibus
3502 2912 3601 2949 an-

2015 2975 2172 3045 tiquis
2200 2975 2351 3029 habet
2373 2977 2427 3030 in
2451 2976 2671 3049 singulis
2710 2979 3027 3046 civitatibus,
3053 2983 3140 3053 qui
3177 2998 3294 3037 eum
3319 2983 3601 3053 prwdicent

2014 3065 2070 3118 in
2099 3066 2397 3137 synagogis.
2419 3066 2477 3121 ln
2510 3067 2595 3124 his
2627 3070 2955 3127 testimoniis
2982 3071 3268 3128 manifeste
3293 3073 3601 3129 declaratur

334 3162 563 3218 Caret-is
583 3161 778 3216 diebus
798 3176 886 3216 me
908 3161 964 3216 in
988 3162 1247 3216 membris
1269 3162 1424 3226 meis,
1452 3162 1709 3219 hesterno
1733 3172 1913 3220 autem
1943 3144 1988 3207 C
2019 3157 2147 3226 quia
2186 3157 2350 3214 lectio
2376 3158 2510 3231 legis
2554 3161 2639 3216 vel
2666 3163 3052 3233 prophetarum
3079 3180 3108 3219 a
3135 3163 3334 3221 Judaris
3370 3166 3599 3223 sabbato

335 3251 419 3306 die
443 3268 532 3307 me
564 3252 621 3306 in
677 3250 1000 3321 memetipso
1042 3250 1350 3321 suscepisti.
1402 3250 1542 3306 Ecce
1575 3252 1628 3305 in
1656 3251 1918 3322 judicium

335 3343 559 3397 veniens
601 3341 736 3398 dicit
768 3358 784 3397 :
813 3339 968 3407 Qubd
1016 3342 1111 3395 uni
1155 3357 1222 3396 ea:
1255 3341 1485 3395 minimis
1530 3343 1659 3396 meis
1702 3341 1916 3411 fecistis,

336 3433 459 3486 milii
504 3431 726 3500 fecistis.
765 3431 902 3486 Ecce
930 3439 1058 3486 antc
1076 3430 1343 3502 judicium
1388 3445 1510 3486 cum
1552 3444 1650 3500 per
1679 3432 1920 3487 membra

336 3521 631 3590 suscipitur
676 3535 798 3586 sua,
825 3529 1165 3590 susceptores
1211 3536 1340 3576 suos
1373 3520 1542 3576 etiam
1583 3536 1682 3592 per
1717 3531 1918 3578 semet-

337 3608 507 3678 ipsum
532 3609 781 3678 requirit,
795 3617 850 3663 et
876 3616 1057 3665 tamen
1074 3626 1170 3665 nos
1185 3610 1253 3664 ad
1281 3610 1663 3680 hospitalitatis
1687 3612 1916 3682 gratiam

337 3699 473 3769 pigri
509 3714 720 3754 sumus.
749 3698 1003 3766 Pensate,
1041 3699 1253 3764 fratres,
1298 3708 1501 3770 quanta
1539 3700 1919 3771 hospitalitatis

338 3792 508 3846 virtus
526 3792 630 3858 sit;
667 3792 736 3847 ad
759 3806 975 3847 mensas
999 3800 1210 3847 vestras
1236 3790 1514 3846 Christum
1541 3791 1815 3862 suscipite,
1861 3802 1920 3848 ut

337 3897 432 3936 vos
451 3882 521 3935 ab
549 3898 616 3937 eo
645 3882 850 3951 suscipi
878 3882 950 3938 ad
976 3882 1220 3938 convivia
1248 3892 1451 3938 aeterna
1478 3881 1701 3939 valeatis
1726 3899 1741 3949 ;
1781 3898 1920 3953 pra:-

338 3973 461 4027 bete
492 3972 653 4028 modo
696 3972 983 4044 peregrino
1024 3970 1243 4029 Christo
1276 3971 1594 4041 hospitium,
1626 3980 1685 4026 ut
1712 3986 1807 4027 vos
1860 3972 1916 4026 in

333 4061 534 4133 judicio
562 4078 673 4118 non
696 4062 852 4132 quasi
872 4063 1183 4134 peregrinos
1205 4061 1413 4117 nesciat
1429 4102 1445 4128 ,
1475 4062 1569 4117 sed
1589 4069 1648 4116 ut
1673 4062 1918 4132 proprios

342 4153 562 4225 recipiat
583 4154 650 4209 ad
683 4169 933 4225 regnum,
961 4155 1072 4224 ipse
1099 4153 1356 4209 Dominus
1377 4162 1563 4208 noster
1586 4151 1743 4208 Jesus
1762 4152 1920 4209 Chri-

340 4253 477 4311 stus,
504 4245 597 4315 qui
624 4259 747 4299 cum
785 4243 948 4298 Patre
974 4253 1030 4299 et
1053 4242 1256 4314 Spiritu
1286 4254 1477 4299 sancto
1498 4243 1632 4299 vivit
1650 4254 1707 4301 et
1727 4251 1918 4316 regnat

342 4335 397 4391 in
427 4335 645 4393 sarcula.
678 4335 877 4391 Amen.

904 4424 1186 4505 HOMILIA
1240 4426 1345 4483 vn.

993 4535 1149 4575 FEIIA
1185 4535 1263 4575 ιιι.

684 4610 875 4667 Lectio
915 4609 1151 4666 Actuum
1193 4609 1583 4680 apostolorum.

409 4703 477 4760 In
502 4703 687 4759 diebus
714 4702 822 4757 illis
841 4743 857 4769 ,
885 4718 1101 4773 surgens
1128 4698 1354 4765 Paulus,
1387 4710 1434 4755 et
1467 4716 1627 4754 manu
1651 4700 1917 4757 silentium

337 4796 568 4851 indicens
606 4795 685 4850 ait
715 4808 734 4846 :
768 4792 884 4848 Viri
915 4793 1128 4863 fratres,
1149 4790 1249 4861 filii
1284 4791 1486 4862 generis
1525 4790 1822 4858 Abraham,
1869 4801 1917 4845 et

336 4887 425 4955 qui
453 4886 508 4939 in
529 4886 678 4939 vobis
698 4885 880 4938 timent
906 4882 1095 4949 Deum,
1137 4892 1243 4938 etc.

409 4974 610 5032 Omnes
649 4975 851 5046 quibus
893 4973 997 5029 ista
1028 4973 1349 5044 loquebatur
1396 4973 1692 5043 apostolus,
1725 4989 1917 5029 secun-

333 5066 709 5122 dumcarnem
748 5063 847 5120 lilii
884 5064 1117 5120 Abrahae
1142 5070 1320 5129 erant,
1346 5063 1485 5119 sicut
1508 5073 1565 5118 et
1595 5064 1695 5134 ipsi
1734 5064 1800 5120 de
1840 5079 1921 5120 se-

333 5157 469 5229 ipsis
492 5156 601 5212 alio
623 5156 681 5210 in
702 5155 826 5213 loco
849 5156 1103 5210 dixerunt
1136 5169 1152 5210 :
1187 5153 1376 5210 Semen
1401 5153 1627 5208 Abraha:
1668 5171 1846 5210 sumus
1868 5166 1918 5212 et

333 5252 469 5306 nulli
508 5252 816 5309 seruiuimus
862 5268 1125 5325 unquam;
1165 5260 1222 5307 et
1257 5252 1455 5307 iterum
1488 5268 1502 5304 :
1545 5247 1708 5304 Pater
1745 5257 1920 5304 noster

329 5346 602 5401 Abraham
628 5355 727 5401 est.
760 5341 831 5398 Et
857 5345 990 5402 dixit
1028 5344 1178 5400 illis:
1219 5343 1343 5400 Scio
1387 5343 1526 5415 quod
1564 5342 1665 5413 ﬁlii
1690 5341 1915 5397 Abraha:

327 5438 479 5492 estis.
506 5437 814 5492 lmitatione
836 5437 981 5492 enim
1010 5451 1117 5491 non
1146 5435 1240 5489 lilii
1264 5434 1495 5490 Abrahae
1514 5444 1672 5489 erant
1701 5433 1776 5487 illi
1798 5433 1918 5502 qui-

327 5523 441 5585 bus
472 5524 733 5582 Dominus
756 5525 1076 5597 loquebatur
1101 5545 1114 5580 :
1145 5524 1249 5580 Vos
1275 5542 1339 5580 ea:
1367 5536 1515 5597 patre
1536 5522 1747 5578 diabolo
1772 5523 1915 5578 estis.

330 5617 496 5677 Unde
521 5634 653 5691 ergo
699 5616 870 5674 Judaei
921 5618 1016 5673 lilii
1057 5618 1293 5675 diaboli?
1319 5618 1435 5675 Non
1484 5617 1776 5707 nasccpdo,
1824 5618 1917 5673 scd

323 5711 617 5771 imitando.
664 5707 804 5776 Vos,
853 5709 1027 5779 inquit
1074 5710 1362 5778 Dominus,
1411 5727 1475 5765 ex
1518 5717 1664 5780 patre
1710 5708 1917 5764 diabolo

2020 3261 2232 3317 semper
2270 3247 2324 3302 in
2356 3250 2641 3322 synagogis
2666 3250 2958 3322 legebatur.

2091 3337 2324 3412 Cumque
2373 3357 2785 3403 consummasset
2855 3347 3030 3401 omnia
3059 3364 3175 3417 qua:
3214 3348 3279 3403 de
3306 3366 3365 3404 eo
3406 3350 3601 3420 scripta

2019 3442 2161 3487 sunt.
2191 3432 2316 3488 Haec
2344 3435 2506 3489 verba
2533 3444 2587 3490 ct
2606 3435 2839 3492 Joannes
2860 3437 2960 3493 hoc
2985 3439 3141 3494 modo
3169 3448 3353 3495 narrat
3373 3441 3558 3496 dicens
3584 3458 3598 3493 :

2020 3519 2214 3585 Postea
2264 3525 2432 3579 sciens
2474 3524 2631 3581 Jesus
2656 3527 2795 3596 quod
2828 3530 3003 3583 omnia
3045 3540 3405 3585 consummata
3454 3541 3598 3595 sunt,

2021 3622 2075 3667 ut
2104 3626 2557 3670 consummaretur
2584 3616 2860 3687 Scriptura
2883 3618 3007 3672 dicit
3033 3635 3052 3672 :
3080 3618 3241 3685 Sitio,
3286 3632 3389 3676 etc.
3438 3621 3603 3676 Pera-

2020 3705 2123 3760 ctis
2150 3706 2403 3762 omnibus
2427 3705 2585 3762 Jesus
2619 3723 2740 3777 qua:
2796 3688 3100 3763 ante’suam
3130 3718 3361 3765 mortem
3411 3713 3597 3783 peragi

2018 3797 2327 3865 oportebat,
2356 3798 2571 3867 quando
2600 3796 2839 3853 voluitet
2865 3796 3007 3852 sicut
3033 3796 3201 3853 voluit
3230 3799 3450 3855 tradidit
3490 3801 3601 3872 Spi-

2019 3886 2203 3940 ritutn.

2088 3976 2411 4048 Deponentes
2473 3995 2591 4033 eum
2651 3979 2716 4034 de
2768 3978 2931 4051 ligno.
2982 3979 3024 4034 A
3080 3979 3260 4052 Moyse
3309 3981 3364 4036 in
3418 3997 3601 4037 eremo

2017 4086 2201 4128 aeneus
2249 4087 2475 4144 serpens
2505 4073 2648 4145 ligno
2679 4058 2975 4145 suspensus
2999 4083 3114 4141 est,
3146 4083 3205 4130 ut
3243 4074 3502 4130 Dominus
3545 4084 3601 4130 ct

2018 4166 2075 4221 in
2099 4174 2346 4236 serpente
2377 4176 2639 4233 mortuus,
2667 4176 2722 4223 et
2769 4169 2821 4224 in
2863 4181 2971 4222 aere
3016 4165 3415 4238 signiﬁcaretur
3439 4173 3598 4221 aeter-

2018 4271 2139 4312 nus.
2166 4256 2321 4314 Unde
2353 4257 2481 4313 licet
2505 4266 2565 4312 ut
2582 4258 2917 4329 judicaretur
2942 4267 3186 4312 mortuus
3210 4271 3307 4325 per
3340 4255 3591 4310 humani-

2022 4357 2207 4415 tatem,
2238 4358 2292 4405 et
2316 4358 2495 4405 tamen
2520 4359 2663 4406 esset
2701 4352 2855 4421 quasi
2897 4365 3077 4404 aeneus
3119 4364 3215 4418 per
3240 4347 3594 4403 divinitatem.

1942 4485 1998 4545 Β
2020 4437 2176 4508 Quod
2207 4440 2638 4509 respondendum
2680 4448 2764 4497 est
2792 4438 2991 4494 Judaeis
3031 4435 3412 4507 objicientibus
3445 4437 3599 4493 testi-

2020 4529 2260 4584 monium
2299 4528 2468 4583 illud:
2496 4527 2809 4582 Maledictus
2836 4527 3004 4581 omnis
3046 4527 3135 4598 qui
3173 4525 3410 4598 pependit
3452 4526 3507 4580 in
3536 4525 3602 4580 li-

2015 4637 2140 4693 gno,
2170 4620 2512 4675 maledictum
2536 4634 2656 4675 esse
2683 4619 2956 4674 hominem
2978 4619 3072 4689 qui
3093 4618 3148 4674 in
3177 4618 3320 4691 ligno
3346 4620 3596 4689 pendeat,

2016 4713 2112 4768 sed
2136 4711 2357 4767 noxium
2378 4726 2485 4766 non
2509 4708 2883 4776 innocentem;
2918 4725 3092 4781 neque
3118 4710 3264 4766 enim
3292 4710 3594 4767 innocentia

2015 4812 2196 4876 potest
2238 4816 2359 4857 esse
2402 4800 2749 4856 maledictum
2790 4815 2965 4871 pinna:
3011 4800 3241 4871 peccati.
3296 4799 3506 4854 Etenim
3551 4802 3597 4854 si

1966 4940 1969 4941 ν
2017 4894 2383 4951 Mardochatus
2413 4900 2713 4964 praeparato
2758 4891 2902 4964 ligno
2952 4907 3243 4963 appensus,
3274 4892 3595 4948 sententiam

2017 4986 2180 5055 regite
2227 4980 2559 5037 crudelitatis
2601 4981 2888 5051 explesset,
2936 4981 3176 5051 nunquid
3201 4996 3324 5035 eum
3371 4980 3426 5034 bi
3473 4989 3600 5035 tunc

2017 5076 2238 5144 dignum
2264 5073 2368 5128 bac
2405 5072 2782 5128 maledictione
2824 5072 3162 5142 judicarcnt?
3208 5070 3323 5126 Non
3353 5072 3593 5125 omnino.

2016 5163 2223 5218 idcirco
2255 5161 2514 5217 Dominus
2550 5171 2733 5217 noster
2781 5161 3029 5231 pependit
3060 5162 3114 5215 in
3160 5160 3304 5231 ligno
3354 5170 3412 5214 ut
3439 5177 3538 5214 nos
3566 5177 3593 5211 ει

2019 5254 2214 5311 delicto
2244 5254 2385 5322 quod
2436 5254 2490 5308 in
2554 5254 2696 5324 ligno
2728 5253 2899 5309 fuerat
2934 5252 3253 5333 perditionis
3302 5252 3594 5307 admissum

2015 5346 2161 5419 ligno
2192 5360 2458 5417 appensus
2481 5346 2800 5401 absolveret.

2090 5435 2387 5491 Posuerunt
2429 5438 2485 5491 in
2535 5445 2947 5491 monumentum.
2982 5435 3037 5489 In
3069 5436 3413 5487 monumento
3455 5443 3597 5485 novo

2017 5528 2227 5599 positus
2280 5535 2366 5581 est
2414 5526 2593 5593 Jesus,
2625 5526 2679 5580 in
2733 5540 2841 5595 quo
2884 5524 3118 5578 nondum
3168 5519 3451 5588 quisquam
3488 5531 3590 5586 po-

2018 5616 2155 5672 situs
2200 5623 2319 5670 erat
2348 5632 2361 5669 :
2393 5615 2534 5670 sicut
2554 5614 2610 5669 in
2637 5612 2864 5685 virginis
2898 5619 3051 5664 utero
3080 5620 3236 5661 nemo
3256 5613 3381 5659 ante
3401 5605 3588 5671 illum,

2018 5721 2179 5763 nemo
2216 5714 2338 5776 post
2381 5705 2552 5772 illum,
2592 5711 2882 5772 conceptus
2916 5706 3018 5753 est.
3063 5697 3138 5750 ita
3179 5694 3231 5749 in
3272 5695 3373 5752 hoc
3402 5712 3594 5755 monu-
