4040 6188
424 325 525 384 N7

1057 326 1119 381 Β.
1161 324 1412 380 RABANI
1447 322 1668 380 MAURI
1704 320 2023 377 ARCHIEP.
2060 319 2372 377 MOGUNT.
2402 320 2693 377 OPERUM
2731 321 2909 382 PARS
2950 322 3013 376 ll.

3549 314 3693 385 ~ut,

421 451 606 502 mento
634 457 795 500 nemo
842 451 968 499 ante
996 441 1167 508 illum,
1220 457 1379 497 nemo
1417 448 1540 510 post
1569 436 1717 493 illum
1762 437 2004 507 sepultus
2030 442 2078 499 Α
2177 435 2487 491 Conturbati
2512 452 2630 490 vero
2659 445 2707 490 et
2741 436 3009 491 conterriti
3055 436 3421 493 existimabant
3448 455 3504 494 se
3536 442 3695 508 spiri-

421 543 525 592 est.

493 626 636 682 Deus
683 642 800 681 vero
826 624 1090 680 suscitavit
1128 641 1246 679 eum
1274 640 1306 678 a
1335 623 1576 678 mortuis.
1605 620 1781 676 Radix
1815 636 2001 676 amara

424 720 601 775 crucis
628 718 865 782 evanuit,
910 716 1007 771 ﬁos
1039 715 1165 770 vita:
1211 731 1335 771 cum
1365 714 1630 769 fructibus
1683 713 1920 768 surrexit
1947 713 2003 767 in

421 810 613 880 gloria.
663 807 788 862 Haec
830 815 915 862 est
957 805 1106 875 virga
1147 805 1329 860 Aaron
1367 819 1487 875 quae
1531 811 1654 874 post
1700 803 2002 858 siccitatem

424 898 621 953 ﬂoruit.
655 895 809 965 Virga
840 895 983 951 enim
1029 904 1151 966 post
1177 892 1485 948 ariditatem
1526 893 1820 957 virescens,
1849 891 2004 946 Chri-

424 995 541 1043 stus
569 994 653 1042 est
695 992 817 1056 post
840 993 1070 1040 mortem
1110 999 1418 1055 resurgens,
1455 983 1547 1052 qui
1586 991 1670 1038 est
1714 982 1811 1037 llos
1838 982 2005 1053 virgi-

424 1095 576 1143 num,
603 1092 804 1134 corona
829 1085 1148 1148 martyrum,
1173 1075 1344 1144 gratia
1376 1073 1792 1129 continentium.

497 1169 603 1235 Qui
643 1161 783 1224 visus
815 1178 890 1224 est
934 1185 1027 1238 per
1055 1169 1166 1222 dies
1196 1165 1406 1231 multos,
1431 1166 1486 1220 id
1508 1173 1593 1220 est
1605 1179 1703 1234 per
1729 1165 1844 1220 dies
1869 1181 2006 1235 qua-

427 1261 701 1333 draginta,
728 1277 833 1316 non
862 1269 1042 1315 tamen
1069 1259 1151 1314 eis
1174 1274 1271 1330 per
1294 1272 1483 1313 omnes
1503 1257 1860 1327 quadraginta
1890 1256 2009 1311 illos

426 1353 544 1408 dies
583 1354 837 1408 continue
888 1351 1157 1423 apparuit,
1197 1350 1291 1405 sed
1338 1349 1552 1419 quoties
1592 1347 1781 1412 voluit,
1812 1347 2007 1416 quibus

426 1446 615 1511 voluit,
644 1452 699 1499 et
726 1442 1175 1515 quemadmodum
1203 1441 1371 1496 voluit
1397 1440 1664 1512 apparuit.

499 1533 600 1589 His
629 1534 719 1606 qui
758 1531 916 1588 simul
952 1532 1295 1587 ascenderunt
1343 1548 1461 1586 cum
1491 1548 1552 1585 eo
1591 1532 1656 1586 de
1704 1528 1924 1593 Galilaza
1953 1531 2010 1585 in

429 1625 786 1691 Hierusalem,
818 1631 921 1679 etc.
952 1621 1112 1679 Salva
1140 1622 1365 1677 historia
1393 1623 1672 1678 videamus
1711 1621 2011 1693 intelligen-

428 1717 581 1770 tiam.
609 1713 830 1770 Galilasa
875 1727 1107 1782 namque
1134 1713 1528 1784 transmigratio
1557 1713 1699 1782 facta
1748 1713 2011 1783 interpre—

428 1815 595 1875 tatur,
631 1805 965 1863 Hierusalem
992 1806 1121 1860 visio
1149 1805 1313 1876 pacis.
1344 1803 1421 1859 Illi
1448 1805 1590 1859 enim
1624 1819 1746 1860 cum
1785 1804 2009 1859 Domino

427 1899 497 1954 de
541 1897 759 1955 Galilaea
799 1897 1100 1953 ascendunt
1134 1896 1187 1950 in
1215 1894 1577 1961 Hierusalem,
1617 1896 1707 1965 qui
1738 1896 1890 1966 prius
1920 1895 2010 1951 hic

428 1990 682 2045 vitiorum
724 1988 964 2043 fomitem
1005 1996 1345 2057 respuentes,
1388 1987 1456 2042 ad
1480 1988 1738 2042 virtutum
1777 1987 2010 2043 culmina

432 2081 841 2152 transmigrant.
867 2078 946 2134 llli
985 2078 1191 2134 scilicet
1219 2094 1341 2134 cum
1367 2078 1725 2149 Redemptore
1755 2087 1941 2134 nostro
1978 2092 2010 2131 a

428 2173 682 2243 passione
710 2171 777 2227 ad
816 2171 1287 2236 resurrectionem,
1341 2186 1372 2224 a
1405 2180 1580 2225 morte
1625 2171 1693 2226 ad
1725 2170 1917 2235 vitam,
1979 2186 2011 2226 a

430 2278 589 2335 pcena
619 2263 687 2318 ad
712 2262 956 2335 gloriam,
1002 2279 1034 2318 a
1082 2263 1427 2333 corruptione
1454 2262 1522 2317 ad
1555 2262 2013 2332 incorruptionem

433 2355 915 2426 transmigrabant,
965 2362 1023 2410 et
1071 2355 1124 2408 in
1156 2344 1489 2410 Hierusalem
1518 2341 1724 2410 caelesti
1773 2354 2014 2422 quando-

431 2464 537 2521 que
566 2449 851 2503 Dominum
881 2448 990 2503 laeti
1013 2449 1289 2515 videbunt,
1320 2450 1536 2520 quando
1565 2447 1712 2503 vitiis
1739 2446 2013 2502 derelictis

433 2541 497 2595 ad
527 2539 785 2594 virtutum
815 2539 1187 2595 celsitudinem
1216 2540 1547 2596 transierint.

502 2630 573 2685 Et
596 2648 688 2685 nos
713 2632 853 2686 vobis
882 2632 1257 2687 annuntiamus
1273 2648 1386 2687 eam
1402 2646 1517 2702 quae
1533 2632 1603 2683 ad
1615 2640 1790 2701 patres
1809 2641 2012 2687 nostros

434 2722 767 2791 repromissio
794 2722 937 2791 facta
958 2732 1052 2787 est,
1076 2731 1179 2777 etc.
1205 2722 1433 2777 Abrahae
1459 2723 1602 2776 enim
1630 2722 1852 2788 dictum,
1882 2730 1967 2777 est
1992 2741 2007 2776 :

433 2810 502 2867 In
525 2820 575 2866 te
605 2811 970 2867 benedicentur
998 2814 1250 2868 universte
1277 2815 1605 2884 cognationes
1633 2823 1803 2869 terrae.
1845 2812 2011 2870 Jacob

436 2912 652 2960 autem:
678 2901 748 2958 Et
777 2904 1141 2960 benedicentur
1169 2906 1224 2959 in
1243 2915 1292 2960 te
1317 2917 1367 2960 et
1394 2907 1448 2960 in
1476 2907 1669 2961 semine
1698 2916 1787 2960 tuo
1808 2917 2010 2962 cunctte

436 2993 602 3047 tribus
654 3000 808 3047 terra?
879 2991 1030 3061 Quod
1069 2992 1356 3063 Apostolus
1400 3009 1675 3066 exponens
1723 2995 1797 3049 ait
1838 3015 1849 3049 :
1886 2995 2010 3049 Non

435 3083 571 3139 dixit
597 3084 655 3138 in
689 3083 991 3149 seminibus,
1018 3083 1108 3138 sed
1133 3085 1189 3139 in
1228 3087 1420 3140 semine
1449 3094 1559 3151 tuo,
1579 3087 1717 3157 quod
1755 3096 1828 3140 est
1857 3085 2011 3141 Chri-

2104 540 2216 583 tum
2274 528 2466 583 videre.
2526 526 2681 595 Quod
2727 529 2965 584 haeretici
3009 529 3291 586 Manichmi
3345 532 3413 586 de
3476 533 3695 590 Christo

2104 621 2452 690 suspicantur
2474 627 2530 675 et
2559 621 2787 676 credunt
2828 620 2954 691 quia
2981 637 3088 677 non
3125 631 3245 677 erat
3283 640 3411 679 vera
3438 639 3568 679 caro
3593 627 3693 681 sed

2104 713 2327 782 spiritus
2363 719 2501 777 erat,
2545 712 2662 766 haec
2698 711 2874 780 prima
2904 712 3160 783 cogitatio
3188 714 3427 767 surrexit
3474 715 3527 768 in
3572 730 3696 769 eor-

2105 802 2263 858 dibus
2281 801 2641 872 apostolorum
2662 817 2676 867 ;
2703 800 2852 855 etilli
2873 801 3089 870 quidem
3112 801 3389 857 Manicbtei
3414 820 3695 875 nunquam

2107 893 2336 948 credunt
2367 890 2551 948 Jesum
2579 892 2746 947 fuisse
2781 893 3079 957 hominem,
3109 892 3356 963 discipuli
3389 904 3568 949 autem
3596 910 3697 952 no-

2105 991 2301 1038 verant
2347 983 2616 1037 hominem
2647 998 2771 1037 cum
2815 997 2924 1052 quo
2976 991 3126 1037 tanto
3178 992 3420 1054 tempore
3457 984 3695 1058 [tantum

2111 1072 2342 1146 tempus]
2373 1073 2588 1130 fuerant
2623 1075 2951 1129 conversati.
3002 1073 3109 1129 Sed
3146 1082 3499 1145 posteaquam
3542 1092 3697 1131 mor-

2112 1175 2259 1221 tuum
2295 1175 2379 1221 est
2413 1165 2558 1236 quod
2604 1174 2888 1230 noverant,
2932 1165 3204 1235 quomodo
3257 1167 3542 1221 crederent
3589 1169 3698 1222 hoc

2109 1257 2349 1326 potuisse
2376 1255 2688 1311 resuscitari
2712 1256 2855 1325 quod
2881 1256 3055 1325 potuit
3078 1257 3253 1310 mori?
3276 1256 3538 1327 Apparuit
3566 1273 3698 1329 ergo

2108 1349 2283 1403 oculis
2325 1348 2563 1418 ipsorum
2590 1348 2711 1405 talis
2738 1347 2953 1418 qualem
2983 1348 3133 1403 illum
3164 1359 3459 1414 noverant;
3504 1360 3557 1406 et
3586 1368 3695 1407 non

2111 1437 2393 1493 credentes
2436 1437 2594 1491 tertia
2623 1437 2709 1492 die
2754 1438 2994 1508 potuisse
3015 1453 3198 1493 veram
3234 1426 3456 1495 carnem
3508 1441 3573 1495 de
3605 1457 3698 1496 se-

2063 1561 2085 1579 .
2110 1525 2299 1596 pulcro
2345 1541 2590 1597 surgere,
2634 1534 2962 1596 putaverunt
2989 1541 3048 1581 se
3078 1527 3326 1598 spiritum
3365 1529 3565 1584 videre.
3600 1531 3700 1583 Er-

2110 1631 2202 1670 ror
2227 1616 2329 1671 iste
2355 1615 2721 1686 apostolorum
2744 1624 2891 1671 secta
2918 1624 3003 1671 est
3023 1616 3463 1673 Manichaeorum.
3506 1617 3700 1673 Solent

2114 1714 2292 1760 autem
2322 1706 2539 1775 quando
2566 1706 2681 1761 haec
2710 1705 2816 1760 illis
2844 1706 3175 1776 objiciuntur
3217 1707 3290 1761 ita
3320 1710 3649 1777 respondere
3679 1724 3696 1763 :

2036 1786 2082 1845 Β
2113 1800 2251 1868 Quid
2281 1799 2407 1854 mali
2457 1800 2747 1864 credimus,
2778 1800 2905 1869 quia
2935 1799 3215 1856 Christum
3256 1801 3543 1856 Dominum
3575 1816 3701 1856 cre-

2112 1890 2312 1954 dimus,
2358 1888 2605 1958 spiritum
2637 1887 2806 1944 fuisse
2833 1889 3123 1954 credimus,
3156 1904 3377 1944 carnem
3425 1906 3531 1945 non
3569 1906 3695 1945 cre-

2111 1985 2325 2041 dimus?
2373 1984 2559 2039 Melior
2585 1994 2668 2039 est
2698 1984 2917 2053 spiritus
2945 1999 3105 2053 quam
3149 1999 3296 2039 caro.
3325 1984 3477 2049 Quod
3507 1985 3702 2041 melius

2111 2084 2197 2131 est
2230 2076 2524 2140 credimus,
2554 2076 2697 2144 quod
2722 2076 2959 2131 deterius
2983 2086 3067 2131 est
3091 2077 3316 2132 credere
3340 2077 3607 2132 nolumus.
3635 2076 3696 2131 Si

2114 2165 2246 2221 nihil
2279 2166 2407 2220 mali
2437 2175 2522 2221 est
2547 2166 2600 2220 in
2640 2166 2745 2222 isto
2775 2181 3049 2232 sermone,
3082 2168 3319 2221 dimittat
3343 2167 3500 2222 Jesus
3528 2167 3699 2223 disci-

2113 2260 2268 2332 pulos
2295 2275 2423 2316 suos
2449 2260 2504 2315 in
2552 2260 2654 2315 isto
2692 2273 2896 2315 errore.
2937 2259 3076 2327 Quid
3105 2260 3230 2313 mali
3271 2260 3615 2315 crediderunt
3642 2268 3705 2313 et

2114 2351 2404 2421 discipuli?
2428 2350 2702 2406 Christum
2726 2351 2974 2420 spiritum
3003 2350 3366 2406 crediderunt.
3399 2348 3515 2405 Non
3551 2350 3701 2403 enim

2112 2453 2437 2516 putaverunt
2466 2458 2585 2498 esse
2613 2442 2838 2506 nullum,
2873 2443 2969 2498 sed
2994 2443 3264 2513 spiritum.
3292 2442 3466 2497 Parvo
3503 2443 3700 2497 morbo

2115 2543 2170 2589 te
2193 2543 2350 2605 putas
2376 2533 2711 2604 periclitari?
2735 2533 2870 2586 Audi
2897 2533 3219 2587 sententiam
3240 2532 3454 2587 medici.

2184 2622 2257 2676 Et
2302 2623 2435 2677 dixit
2460 2623 2557 2691 .eis
2586 2639 2605 2674 :
2642 2621 2782 2687 Quid
2833 2622 3029 2676 turbati
3072 2622 3215 2687 estis,
3262 2631 3310 2676 et
3360 2622 3701 2692 cogitationes

2115 2713 2401 2769 ascendunt
2447 2713 2503 2767 in
2538 2711 2697 2767 corda
2725 2721 2892 2766 vestra
2911 2712 2936 2766 ?
2958 2711 3157 2779 Quales
3184 2713 3371 2783 utique
3409 2712 3702 2782 cogitatio-

2113 2820 2231 2869 nes,
2262 2804 2368 2859 nisi
2407 2802 2576 2869 falsae,
2630 2803 2907 2868 morbidus,
2963 2803 3321 2874 perniciosas?
3366 2802 3704 2857 Perdidisset

2112 2896 2254 2951 enim
2284 2893 2531 2949 Christus
2556 2892 2787 2949 fructum
2816 2894 3102 2964 passionis,
3150 2895 3196 2948 si
3232 2910 3340 2949 non
3381 2901 3525 2949 esset
3555 2894 3706 2947 veri-

2113 2995 2198 3041 tas
2227 2983 2661 3040 resurrectionis.
2692 2982 2832 3049 Quid
2862 2984 3057 3037 turbati
3093 2984 3240 3048 estis,
3272 2993 3321 3037 et
3359 2984 3705 3054 cogitationes

2114 3075 2402 3131 ascendunt
2452 3076 2507 3129 in
2533 3074 2692 3128 corda
2734 3085 2901 3129 vestra
2925 3075 2951 3129 .9
2976 3075 3255 3144 Tanquam
3283 3076 3327 3130 si
3357 3076 3531 3131 bonus
3554 3075 3706 3146 agri-

435 3184 569 3230 stus.
601 3173 799 3231 Semen
827 3175 1043 3246 quidem
1074 3176 1303 3231 Abrahae
1336 3136 1724 3245 Christus'est,
1763 3179 1815 3232 in
1858 3177 2010 3247 cujus

2116 3165 2235 3221 cola
2262 3165 2467 3220 diceret
2498 3182 2511 3215 :
2550 3163 2704 3231 Quod
2750 3164 2822 3219 ibi
2871 3136 3130 3234 plantavi,
3160 3166 3232 3221 ibi
3267 3165 3556 3230 inveniam,
3585 3136 3705 3220 non

439 3268 660 3323 nomine
686 3267 792 3324 ﬁde
813 3270 1064 3325 omnibus
1095 3278 1254 3326 teme
1280 3270 1515 3335 familiis,
1541 3273 1789 3329 videlicet
1813 3271 2015 3330 Iudaeis

437 3368 492 3413 et
528 3358 812 3426 Gentibus,
850 3368 934 3415 est
968 3360 1269 3417 benedictio
1298 3364 1642 3433 repromissa.
1674 3363 1817 3419 Idem
1848 3365 2017 3434 signi-

439 3448 563 3505 ﬁcat
588 3449 739 3504 Dabo
764 3448 904 3504 vobis
931 3459 1114 3504 sancta
1139 3449 1319 3520 ﬁdelia
1359 3451 1553 3518 David,
1580 3453 1633 3507 id
1655 3461 1738 3509 est
1763 3469 2016 3523 qumcun—

437 3557 543 3612 que
569 3541 737 3598 David
759 3543 982 3613 promisi
1014 3584 1030 3610 ,
1054 3559 1117 3600 ea
1141 3545 1292 3600 vobis
1314 3545 1483 3601 ﬁdelis
1507 3562 1733 3615 sponsor
1761 3546 2011 3616 implebo,

439 3632 715 3691 Christum
753 3634 960 3692 scilicet
1005 3637 1071 3691 de
1123 3635 1239 3705 ejus
1295 3637 1465 3707 stirpe
1512 3638 1866 3703 nasciturum,
1922 3638 2015 3707 qui

438 3722 689 3780 onmibus
715 3725 768 3779 in
792 3739 851 3780 se
881 3725 1225 3782 credentibus
1253 3734 1308 3782 ct
1348 3727 1603 3782 mandata
1629 3725 1745 3797 ejus
1782 3728 1886 3783 rite
1915 3743 2011 3783 cu-

437 3815 793 3871 stodientibus
816 3815 978 3870 vitam
1018 3816 1070 3870 in
1090 3817 1242 3873 caelis
1271 3817 1513 3873 conferet
1540 3819 1938 3889 sempiternam.

935 3922 1283 3979 HOMILIA
1339 3925 1514 3981 VIII.

998 4008 1128 4045 ITEH
1156 4009 1327 4047 FERIE
1357 4010 1437 4048 111.

582 4079 764 4143 Lectio
805 4082 981 4136 sancti
1023 4080 1298 4154 Evangelii
1326 4086 1616 4139 secundum
1649 4084 1870 4142 Lucam.

511 4171 578 4227 In
605 4171 696 4226 illo
732 4181 976 4243 tempore,
1004 4173 1141 4226 stetit
1175 4172 1334 4227 Iesus
1359 4174 1413 4227 in
1441 4176 1611 4229 medio
1640 4175 2016 4248 discipulorum

439 4281 678 4331 suorum,
726 4272 775 4318 et
821 4263 953 4318 dixit
981 4263 1057 4318 eis
1086 4279 1104 4317 :
1138 4261 1256 4317 Pas:
1302 4263 1442 4318 vobis
1466 4277 1487 4316 :
1516 4263 1628 4336 Ego
1665 4282 1804 4334 sum,
1856 4266 2015 4323 nolite

440 4357 644 4422 timere,
675 4363 779 4411 etc.
1422 4364 1423 4367 ‘

2119 3257 2303 3327 spinas
2335 3272 2470 3326 quas
2496 3270 2601 3309 non
2644 3254 2903 3325 plantavi.
2930 3256 2987 3310 In
3016 3271 3111 3311 cor
3138 3266 3381 3311 vestrum
3418 3255 3703 3311 descendit

2117 3346 2251 3401 ﬁdes
2281 3346 2405 3415 quia
2440 3345 2674 3415 desuper
2698 3354 2814 3410 est;
2844 3342 3200 3416 cogitationes
3228 3355 3407 3401 autem
3439 3346 3558 3402 istae
3585 3362 3702 3403 non

2117 3438 2349 3507 desuper
2372 3437 2790 3503 descenderunt,
2822 3436 2918 3492 sed
2938 3436 2992 3491 in
3027 3437 3145 3506 ipso
3168 3436 3332 3492 corde
3360 3437 3498 3493 sicut
3526 3432 3701 3494 herba

2118 3530 2260 3584 mala
2291 3530 2673 3585 ascenderunt.

2192 3639 2373 3695 Videte
2415 3656 2603 3693 manus
2644 3655 2786 3692 meas
2832 3649 2878 3692 et
2921 3638 3094 3710 pedes,
3138 3640 3261 3710 quia
3289 3640 3396 3711 ipse
3423 3657 3517 3711 ego
3542 3657 3702 3708 sum,

2115 3730 2322 3802 palpate
2345 3740 2393 3784 et
2415 3730 2603 3794 videte,
2626 3730 2750 3801 quia
2769 3729 2985 3800 spiritus
3016 3746 3221 3783 carnem
3250 3739 3299 3783 et
3334 3747 3450 3784 ossa
3476 3747 3579 3784 non
3606 3731 3706 3784 Iza-

2117 3819 2218 3885 bet,
2269 3820 2404 3873 sicut
2434 3835 2515 3873 me
2559 3818 2741 3874 videtis
2780 3818 2988 3872 habere.
3034 3817 3504 3874 Resurrectionem
3541 3835 3705 3874 suam

2120 3919 2321 3965 certam
2350 3916 2405 3963 et
2433 3924 2638 3974 veram,
2669 3916 2724 3963 et
2769 3907 2951 3964 multis
2988 3908 3153 3963 variis
3197 3908 3536 3964 documentis
3570 3924 3708 3980 per—

2119 4000 2347 4058 suadere
2376 4000 2626 4070 dignatus
2651 4006 2735 4054 est
2775 4006 2995 4069 propter
3035 3998 3402 4054 :edilicandam
3449 3997 3609 4053 ﬁdem
3643 4007 3708 4054 et

2118 4090 2405 4163 fugandum
2434 4091 2499 4146 de
2528 4090 2690 4146 corde
2713 4088 3016 4159 perﬁdiam,
3047 4101 3371 4157 omnemque
3400 4086 3707 4142 dubitatio-

2117 4197 2241 4236 nem
2289 4182 2355 4236 de
2395 4196 2491 4235 sua
2533 4179 2929 4235 resurrectione
2978 4177 3306 4235 tollendam».
3346 4177 3542 4231 Parum
3595 4175 3709 4233 fuit

2116 4271 2286 4327 oculis
2311 4285 2369 4326 se
2396 4270 2685 4326 videndum
2712 4269 2973 4341 praebere,
3003 4269 3048 4323 si
3084 4284 3191 4323 non
3234 4269 3499 4337 praeberet
3527 4268 3707 4323 etiam

2123 4360 2366 4416 manibus
2411 4360 2879 4415 contrectandum.
2924 4358 3026 4426 Qui
3052 4358 3178 4411 dum
3215 4357 3479 4427 palpanda
3528 4358 3709 4413 disci-

511 4448 662 4503 Hanc
689 4448 1050 4503 ostensionem
1079 4447 1289 4503 Domini
1321 4456 1443 4518 post
1467 4447 1917 4506 resurrectionem
1955 4459 2012 4506 et
2040 4485 2088 4544 D
2114 4449 2254 4520 pulis
2290 4464 2414 4505 ossa
2454 4464 2782 4520 carnemque
2819 4456 3197 4520 praemonstret
3232 4464 3263 4502 a
3305 4456 3458 4518 parte
3494 4455 3708 4504 statum

439 4537 673 4594 Joannes
708 4546 1093 4594 commemorat
1139 4539 1322 4595 dicens
1365 4559 1379 4593 :
1417 4537 1550 4594 Cum
1592 4551 1721 4595 esset
1773 4557 1888 4594 sero
1928 4540 2012 4595 die

439 4629 534 4683 illo
565 4645 671 4683 una
692 4628 1050 4695 sabbatorum,
1081 4641 1128 4684 et
1156 4629 1293 4711 [o_res
1319 4640 1483 4685 essent
1510 4630 1705 4685 clausa:
1742 4631 1829 4684 ubi
1863 4639 2013 4685 erant

439 4716 683 4792 discipuli
728 4718 1025 4790 congregati
1062 4728 1271 4788 prapter
1293 4729 1485 4775 metum
1520 4720 1850 4786 Judtrorum,
1878 4721 2012 4774 venit

436 4807 595 4865 Iesus
635 4820 694 4865 et
743 4810 883 4864 stetit
940 4809 997 4862 in
1033 4808 1226 4874 medio,
1281 4819 1328 4863 et
1358 4809 1491 4864 dixit
1524 4810 1598 4864 eis
1628 4826 1647 4864 :
1680 4807 1802 4865 Pax
1846 4809 2009 4864 vobis.

437 4898 578 4968 Quid
625 4900 821 4955 mirum
862 4900 907 4956 si
957 4899 1152 4955 clausis
1172 4900 1353 4971 januis
1401 4909 1525 4972 post
1566 4901 2029 4958 resurrectionem

439 5007 591 5047 suam
615 4991 671 5046 in
695 5000 954 5047 aeternum
974 4992 1088 5063 jam
1115 4993 1354 5049 victurus
1382 4994 1625 5061 intravit,
1664 4996 1756 5065 qui
1779 4996 2008 5051 moritu-

438 5097 532 5137 rus
559 5082 783 5138 veniens
807 5097 912 5137 non
960 5090 1149 5153 aperto
1195 5092 1350 5140 utero
1375 5085 1601 5156 virginis
1629 5085 1835 5140 exivit?
1857 5084 2010 5152 Quod

436 5178 619 5227 autem
642 5170 775 5227 dicit
792 5170 1029 5227 Joannes
1052 5187 1157 5227 non
1182 5188 1304 5228 cum
1326 5173 1429 5229 illis
1451 5173 1619 5229 fuisse
1640 5183 1768 5230 tunc
1799 5184 2013 5245 aposto-

434 5261 549 5318 lum
576 5259 859 5329 Thomam,
884 5276 1008 5321 cutn
1054 5262 1347 5317 secundum
1367 5262 1566 5320 Lucam
1606 5265 1712 5320 duo
1741 5263 1819 5319 illi
1870 5281 2008 5336 quo-

434 5370 558 5411 rum
585 5362 704 5410 erat
727 5368 866 5409 unus
892 5352 1158 5423 Cleophas
1195 5356 1428 5425 regressi
1459 5355 1513 5410 in
1544 5354 1880 5413 Hierusalem
1917 5355 2004 5410 in-

434 5454 698 5504 venerunt
722 5454 1075 5517 congregatos
1108 5447 1379 5512 undecim,
1409 5455 1463 5502 et
1484 5463 1578 5505 eos
1607 5450 1697 5520 qui
1724 5465 1847 5505 cum
1876 5449 2007 5519 ipsis

432 5545 593 5590 erant
616 5535 807 5608 procul
830 5535 995 5592 dubio
1021 5536 1421 5608 intelligendum
1451 5539 1593 5608 quod
1622 5540 1744 5594 inde
1771 5538 2007 5595 Thomas

431 5625 629 5683 exierit
653 5637 942 5702 antequam
988 5629 1068 5687 eis
1102 5629 1359 5687 Dominus
1389 5630 1503 5687 hzec
1547 5631 1889 5701 loquentibus
1914 5647 2009 5703 ap-

282 5726 351 5769 ξε
434 5724 672 5788 pareret.

2113 4555 2256 4596 verae
2281 4540 2698 4597 resurrectionis
2734 4554 2853 4611 quae
2879 4550 2935 4597 et
2986 4540 3040 4597 in
3080 4557 3140 4598 se
3171 4542 3312 4598 facta
3359 4551 3414 4598 et
3440 4545 3495 4598 in
3534 4544 3707 4600 nobis

2115 4641 2199 4688 est
2219 4632 2399 4688 futura
2439 4632 2730 4702 signiﬁcat,
2762 4634 2887 4704 quia
2911 4649 3041 4701 non,
3068 4634 3209 4689 sicut
3232 4634 3529 4706 Eutychius
3546 4632 3707 4690 Con-
3732 4660 3739 4665 -

2115 4721 2604 4792 stantinopolitanae
2648 4723 2800 4779 urbis
2871 4724 3157 4795 episcopus
3204 4724 3443 4795 scripsit,
3499 4739 3709 4794 corpus

2118 4802 2362 4869 nostrum
2383 4815 2437 4867 in
2461 4813 2551 4868 illa
2573 4815 2987 4871 resurrectionis
3011 4816 3178 4887 gloria
3199 4817 3304 4871 erit
3327 4816 3703 4888 impalpabile,

2119 4905 2300 4960 ventis
2346 4919 2580 4973 aereque
2613 4904 2884 4960 subtilius.
2912 4905 2970 4959 In
3004 4906 3091 4960 illa
3114 4907 3258 4961 enim
3283 4902 3708 4964 resurrectionis

2118 4994 2285 5066 gloria
2320 4994 2426 5050 erit
2454 5009 2650 5064 corpus
2680 5002 2924 5050 nostrum
2970 4996 3166 5050 subtile
3194 4995 3407 5065 quidem
3436 5010 3534 5065 per
3561 4994 3705 5051 eﬁ‘e—

2118 5091 2264 5137 ctum
2284 5082 2544 5153 spiritalis
2568 5083 2840 5153 potentiae,
2870 5082 2962 5138 sed
2990 5083 3255 5153 palpabile
3283 5098 3380 5153 per
3407 5083 3705 5139 veritatem

2116 5184 2343 5231 naturae.
2367 5175 2552 5247 Neque
2574 5176 2701 5231 huic
2722 5176 3006 5231 assertloni
3025 5185 3245 5246 putetur
3263 5175 3491 5248 apostoli
3510 5189 3711 5231 sermo

2116 5282 2437 5340 repugnare.
2486 5267 2623 5336 Quia
2674 5284 2797 5323 caro
2832 5277 2882 5322 et
2925 5268 3143 5340 sanguis
3185 5282 3399 5338 regnum
3448 5265 3546 5320 Dei
3583 5283 3711 5323 non

2106 5355 2457 5427 possidebunt.
2486 5357 2598 5412 Hoc
2621 5357 2765 5412 enim
2805 5356 2923 5413 loco
2952 5356 3238 5427 Apostolus
3269 5356 3446 5412 carnis
3479 5362 3535 5410 et
3561 5370 3711 5412 san—

2107 5447 2284 5517 guinis
2336 5448 2552 5503 nomine
2578 5464 2684 5503 non
2727 5450 3082 5504 substantiam
3128 5450 3242 5504 veri
3286 5447 3544 5518 corporis,
3588 5450 3721 5513 sed

2108 5540 2503 5609 corruptionem
2542 5539 2890 5594 mortalitatis
2915 5540 3199 5611 signiﬁcat.
3230 5538 3382 5594 Sicut
3409 5539 3523 5607 ipse
3553 5553 3712 5593 cons

2110 5639 2401 5701 sequente:
2432 5630 2681 5702 exposuit
2723 5631 2909 5686 dicens
2941 5652 2954 5685 :
2987 5632 3168 5703 Neque
3208 5631 3471 5700 corruptio
3511 5632 3722 5685 incor—

2112 5721 2365 5793 ruptelam
2388 5721 2688 5793 possidebit.
2720 5720 2893 5779 Aliter
2916 5738 3147 5795 namque
3174 5737 3299 5777 caro
3321 5720 3373 5776 in
3406 5719 3716 5791 Scriptura
