4040 6188
355 283 455 340 {$0

1446 276 1750 333 llOMlLUE
1791 277 1857 333 IN
1898 278 2150 334 EVANG.
2195 279 2283 335 ET
2320 279 2535 336 EPIST.

3513 288 3615 342 1550

352 416 503 461 sacra
548 400 709 471 juxta
762 406 1033 464 naturam,
1078 397 1234 453 aliter
1268 396 1424 466 juxta
1467 398 1715 469 culpam;
1773 399 1930 456 aliter
1955 403 2009 463 Α
2035 397 2297 467 Quoniam
2346 402 2534 469 bonus,
2568 405 2816 474 quoniam
2857 404 2909 457 in
2950 413 3202 458 wlermtm
3254 405 3613 458 misericordia

349 492 496 564 juxta
518 490 926 560 corruptionem
954 487 1301 544 mortalitatis
1324 502 1446 557 qua:
1477 502 1548 545 ex
1568 488 1723 561 culpa
1760 490 1934 546 conti-

350 588 426 657 git
465 584 790 656 appellatur.
820 580 983 636 Juxta
1017 588 1268 635 naturam
1310 580 1526 649 quidem
1560 595 1685 636 cum
1728 582 1931 637 dictum

347 686 430 731 est
454 693 467 729 :
500 674 619 729 Hoc
648 690 790 728 nunc
838 689 896 727 os
923 688 989 727 ea:
1014 670 1216 727 ossibus
1246 672 1394 739 meis,
1424 681 1473 727 et
1516 687 1640 728 caro
1666 673 1731 730 ds
1772 690 1933 729 carne

350 785 484 832 mea,
510 777 559 821 et
592 765 822 820 Verbum
850 781 975 820 caro
1001 765 1198 835 {actum
1221 775 1317 829 est,
1339 775 1386 819 et
1413 764 1659 821 habitarit
1681 766 1736 821 in
1759 766 1926 821 nobis.

348 859 507 913 Juxta
555 858 773 929 culpam
827 871 960 914 vero
1001 873 1123 913 cum
1158 858 1374 922 dicitur,
1428 854 1566 911 Caro
1611 858 1929 928 concupiscit

348 949 596 1003 adversus
639 949 907 1019 spiritum,
949 949 1162 1017 spiritus
1217 947 1462 1001 adversus
1497 963 1744 1012 carnem;
1771 946 1927 1015 juxta

345 1038 858 1109 eorruptibilitatem
896 1047 1075 1093 autem
1120 1053 1245 1094 cum
1281 1038 1541 1107 scriptum
1569 1046 1690 1094 est:
1718 1039 1790 1092 Et
1816 1056 1925 1094 me-

345 1141 535 1185 morat:
557 1140 679 1185 sunt
701 1131 831 1203 quia
856 1146 981 1186 caro
1023 1138 1165 1195 sunt,
1196 1129 1251 1184 id
1297 1138 1381 1184 est
1408 1127 1628 1200 fragiles
1665 1138 1721 1185 et
1760 1131 1927 1185 mori-

343 1223 529 1277 bundi.
561 1222 677 1278 Hoc
707 1222 854 1278 enim
882 1237 942 1277 se
961 1222 1142 1277 carnis
1164 1221 1384 1276 nomine
1408 1220 1722 1293 designasse
1756 1221 1922 1275 mani-

341 1317 508 1373 festat
549 1317 666 1388 ipse
704 1315 982 1385 psalmista
1029 1314 1122 1385 qui
1158 1314 1403 1383 protinus
1448 1315 1598 1370 addit
1640 1332 1654 1369 :
1694 1313 1924 1384 Spiritus

340 1406 535 1461 eadem
569 1417 619 1460 et
662 1422 767 1461 non
793 1406 1018 1460 rediens.
1049 1404 1294 1475 Regnum
1334 1404 1518 1474 itaque
1544 1403 1637 1458 Dei
1663 1418 1790 1458 caro
1816 1418 1922 1457 non

338 1496 657 1567 possidebit,
699 1496 752 1551 id
791 1502 898 1561 est,
940 1492 1239 1562 carojuxta
1266 1493 1479 1563 culpam
1504 1493 1591 1549 vel
1627 1493 1923 1548 mortalita-

341 1597 471 1643 tem.
522 1588 593 1641 Et
621 1596 801 1641 tamen
822 1601 953 1641 caro
978 1585 1272 1655 possidebit
1311 1600 1538 1655 regnum
1567 1584 1685 1649 Dei,
1721 1584 1775 1639 id
1815 1592 1921 1651 est,

339 1696 469 1735 caro
506 1681 667 1750 juxta
710 1687 960 1734 naturam
991 1693 1151 1746 quam
1199 1685 1254 1732 et
1303 1676 1562 1731 Dominus
1588 1684 1710 1747 post
1737 1691 1922 1732 resur-

2032 492 2169 562 ejus.
2222 492 2505 550 Postremo
2555 504 2613 549 ut
2655 495 2816 550 etiam
2851 494 3069 565 perﬁdis
3112 494 3165 548 in
3214 493 3419 564 judicio
3449 510 3610 564 quam

2026 585 2173 655 juste
2226 586 2549 641 damnentur
2594 595 2809 642 ostensa
2858 588 2998 641 inter
3044 586 3170 653 alia,
3220 585 3417 659 ﬂagitia
3447 586 3610 643 etiam

2031 676 2309 731 vulnerum
2349 691 2467 746 qua:
2512 678 2580 732 ab
2625 678 2690 733 iis
2733 679 2969 748 suscepit
3023 678 3278 734 cicatrice
3307 677 3605 733 denuntiet.

2037 768 2210 826 Veluti
2241 769 2286 824 si
2318 768 2474 824 miles
2499 769 2693 839 aliquis
2721 769 3067 834 fortissimus,
3094 769 3316 840 jubente
3361 784 3458 825 suo
3484 785 3611 841 rege

2031 876 2128 933 pro
2162 862 2325 917 totius
2370 861 2545 932 gentis
2573 859 2765 925 salute,
2816 859 3075 931 singulari
3126 859 3424 914 certamine
3450 859 3608 915 desu-

2029 950 2182 1016 dans,
2210 949 2394 1005 multis
2434 949 2649 1019 quidem
2672 948 2981 1003 vulneribus
3003 950 3264 1020 exceptis,
3288 951 3498 1005 hostem
3527 959 3605 1003 ta-

2028 1057 2151 1096 men
2180 1040 2485 1106 interﬁciat,
2527 1038 2695 1110 spolia
2725 1038 2840 1108 ejus
2889 1040 3127 1109 diripiat,
3162 1040 3443 1094 victoriam
3495 1057 3605 1096 sua:

2027 1135 2173 1204 genti
2200 1142 2456 1205 reportet,
2479 1143 2536 1189 et
2555 1135 2917 1204 interrogatus
2943 1149 2974 1186 a
2997 1132 3204 1188 medico
3224 1133 3307 1188 cui
3333 1132 3610 1187 curandus

2027 1225 2395 1288 committitur,
2446 1225 2587 1279 hanc
2627 1223 2756 1278 velit
2782 1223 2961 1279 curari
2998 1232 3058 1277 ut
3100 1239 3200 1278 nec
3228 1223 3451 1295 vestigia
3483 1224 3601 1278 vul-

2025 1330 2216 1371 nerum
2267 1315 2374 1370 ulla
2427 1316 2720 1380 resideant,
2771 1330 2840 1369 an
2895 1316 3067 1386 magis
3110 1316 3185 1369 ita
3221 1323 3281 1370 ut
3322 1316 3606 1371 cicatrices

2024 1404 2238 1475 quidem
2269 1413 2604 1471 remaneant,
2654 1404 2967 1460 deformitas
3004 1419 3133 1459 vero
3161 1421 3384 1475 prorsus
3426 1406 3607 1460 omnis

2023 1508 2078 1553 et
2102 1496 2313 1553 ﬁeditas
2334 1499 2495 1565 absit,
2522 1498 2845 1568 respondeat
2869 1497 3063 1568 saepius
3086 1498 3158 1552 ita
3179 1513 3237 1553 se
3265 1498 3399 1551 velle
3422 1499 3605 1554 sanari

2023 1597 2083 1643 ut
2108 1596 2225 1643 toto
2257 1589 2446 1646 salutis
2494 1589 2812 1659 decorisque
2840 1590 3056 1660 pristini
3087 1598 3228 1645 statu
3262 1601 3601 1661 recuperato.

2022 1687 2281 1749 perpetua
2324 1694 2506 1734 secum
2541 1679 2675 1733 tanti
2720 1678 3070 1735 circumferat
3110 1680 3260 1751 signa
3290 1681 3544 1757 triumphi
3585 1700 3600 1734 :

338 1772 638 1826 rectionem
685 1770 972 1825 videndam
998 1767 1427 1838 palmnquue
1453 1767 1728 1838 discipulis
1769 1768 1921 1823 exhi-
1947 1763 1994 1822 B
2022 1771 2101 1825 sic
2128 1769 2371 1839 profecto
2403 1770 2663 1825 Dominus
2709 1770 2947 1840 perpetis
2985 1772 3056 1826 ob
3103 1771 3314 1842 signum
3363 1772 3602 1827 victoria:

339 1862 474 1916 buit.
506 1861 572 1915 Et
620 1859 689 1916 de
732 1875 840 1931 qua
863 1860 1054 1914 beatus
1092 1856 1215 1924 Job,
1246 1874 1371 1915 cum
1412 1858 1642 1930 gloriam
1681 1873 1925 1916 resurre-

338 1951 535 2006 ctionis
561 1949 916 2015 describeret,
939 1949 1016 2003 ait
1042 1966 1055 2002 :
1084 1949 1151 2002 Et
1172 1965 1382 2005 rursum
1405 1949 1770 2005 circumdabor
1790 1950 1924 2021 pelle

340 2057 475 2105 nera,
502 2050 555 2094 et
582 2042 640 2094 in
681 2056 840 2094 carne
880 2056 995 2094 mea
1024 2039 1202 2095 ridebo
1233 2039 1424 2093 Deum.
1456 2039 1599 2111 Lege
1639 2040 1921 2110 epistolam

337 2131 508 2186 sancti
538 2131 827 2202 Augustini
848 2130 913 2185 ad
944 2130 1313 2203 Corisentium.
1353 2130 1421 2186 de
1447 2145 1678 2203 corpore
1706 2132 1919 2188 Domini

340 2229 459 2291 post
482 2200 961 2276 resurrectionem.
1010 2200 1023 2219 χ

406 2318 478 2374 Et
508 2334 629 2373 um
674 2318 774 2372 hoc
802 2317 1038 2382 dixisset,
1067 2318 1293 2373 ostendit
1326 2317 1402 2372 eis
1449 2335 1635 2373 manus
1665 2328 1715 2374 et
1743 2318 1919 2389 pedes,

342 2408 641 2465 nonsolum
675 2418 952 2464 manus'et
978 2410 1143 2479 pedes
1187 2409 1383 2478 quibus
1424 2409 1595 2464 indita
1642 2409 1919 2465 clavorum

342 2501 588 2558 claroere
616 2500 867 2573 vestigia,
903 2501 997 2555 sed
1024 2506 1318 2555 attestante
1340 2497 1569 2566 Joanne,
1591 2499 1757 2554 etiam
1777 2498 1919 2555 latus

338 2595 481 2664 quod
504 2594 691 2647 lancea
714 2590 1048 2661 perforatum
1071 2590 1249 2646 fuerat
1267 2590 1505 2646 ostendit
1529 2608 1544 2644 ς
1567 2598 1629 2646 ut
1647 2590 1913 2657 videlicet,

338 2693 552 2738 ostensa
582 2683 870 2738 vulnerum
897 2698 1116 2739 suorum
1139 2683 1414 2749 cicatrice,
1437 2683 1728 2738 dubietatis
1754 2691 1915 2753 atque

338 2776 673 2831 inﬁdelitatis
696 2790 885 2831 eorum
913 2774 1106 2830 vulnus
1138 2783 1375 2831 sanaret.
1409 2773 1609 2830 Verum
1648 2775 1915 2844 quomodo

338 2876 455 2936 post
480 2867 940 2921 resurrectionem
987 2866 1264 2921 clavorum
1288 2866 1375 2921 vel
1401 2865 1603 2921 lanceae
1637 2865 1754 2921 loca
1782 2869 1915 2934 pan-

340 2957 509 3011 dendo
529 2956 922 3027 discipulorum
951 2955 1201 3028 dignatus
1222 2965 1325 3023 est,
1359 2956 1519 3013 ﬁdem
1542 2971 1800 3027 spemque
1828 2970 1915 3012 ro-

340 3045 551 3112 borare,
582 3047 663 3117 ita
689 3047 744 3101 in
767 3047 854 3103 die
872 3047 1080 3117 judicii,
1108 3055 1164 3102 et
1183 3047 1372 3102 eadem
1392 3061 1504 3103 suae
1536 3046 1803 3116 passionis
1826 3046 1912 3100 in-

340 3138 497 3204 dicia,
518 3148 577 3194 et
599 3139 772 3208 ipsam
791 3139 996 3210 pariter
1022 3153 1242 3195 crucem
1275 3138 1627 3193 monstrando
1652 3146 1910 3195 venturus
1937 3124 1982 3186 C

340 3240 418 3285 est
455 3230 792 3300 impietatem
842 3229 1197 3301 superbon
1251 3228 1730 3298 inﬁdelitatemque
1781 3245 1916 3285 con-

343 3322 561 3378 fundere
598 3340 614 3377 :
643 3322 853 3380 scilicet
880 3322 936 3377 et
965 3330 1023 3377 ut
1054 3323 1228 3392 ipsum
1278 3337 1337 3377 se
1365 3336 1488 3377 esse
1515 3322 1607 3391 qui
1634 3323 1705 3377 ab
1735 3322 1915 3392 impiis

339 3421 392 3469 et
415 3428 516 3484 pro
544 3414 733 3484 impiis
759 3421 1005 3469 mortuus
1036 3421 1122 3469 est
1161 3413 1370 3470 cunctis
1404 3413 1582 3484 palam
1629 3413 1832 3484 angelis
1860 3421 1917 3469 et

341 3504 647 3562 hominibus
695 3508 964 3572 ostendat,
1012 3506 1340 3576 videantque
1387 3515 1450 3562 ut
1482 3507 1742 3578 scriptum
1780 3514 1864 3562 est
1897 3523 1910 3559 :

340 3592 405 3649 In
425 3612 579 3668 quem
607 3607 956 3668 pupugerunt,
978 3607 1026 3652 et
1053 3598 1303 3669 plangant
1329 3615 1383 3653 se
1414 3616 1570 3669 super
1595 3615 1711 3653 eum
1738 3615 1914 3653 omnes

343 3685 498 3739 tribas
525 3695 703 3740 teme.
731 3686 876 3741 Sane
899 3686 1190 3741 notandum
1218 3686 1361 3757 quod
1380 3687 1555 3743 solent
1582 3689 1636 3742 in
1663 3689 1766 3742 hoc
1792 3688 1910 3743 loco

342 3774 558 3843 gentiles
586 3774 910 3830 calumniam
937 3784 1151 3832 struere
1179 3785 1234 3833 et
1258 3778 1419 3833 ﬁdem
1445 3785 1677 3849 sperata:
1703 3793 1734 3832 a
1756 3779 1910 3834 nobis

343 3864 753 3941 resurrectionis
802 3853 968 3920 stulta
997 3867 1315 3937 garrulitate
1366 3868 1632 3925 deridere.
1678 3866 1737 3924 Si
1766 3868 1911 3922 enim

344 3952 450 4021 ipse
469 3953 614 4008 Dens
639 3962 841 4019 vester,
862 3954 1131 4024 inquiunt,
1161 3970 1262 4011 nec
1296 3955 1398 4011 sibi
1428 3954 1628 4010 inﬂicta
1657 3971 1688 4009 a
1714 3954 1914 4010 Judreis

344 4044 559 4100 vulnera
606 4060 805 4101 curare
844 4047 1145 4116 praevaluit,
1175 4047 1272 4103 sed
1323 4047 1635 4102 cicatricum
1683 4046 1914 4118 vestigia

346 4133 475 4189 celo
516 4149 732 4201 secum,
776 4144 839 4189 ut
863 4137 1062 4202 dicitis,
1093 4137 1311 4202 invexit,
1344 4152 1449 4207 qua
1480 4137 1785 4194 temeritate
1810 4148 1912 4208 pu-

346 4227 463 4281 tatis
483 4242 611 4282 eum
632 4236 816 4283 vestra
834 4226 902 4282 de
918 4227 1137 4297 pulvere
1160 4228 1399 4283 membra
1421 4228 1490 4282 ad
1509 4227 1774 4298 integrum
1794 4240 1916 4282 esse

348 4320 805 4373 restauraturum?
825 4319 1031 4385 Quibus
1050 4320 1502 4389 respondendum,
1516 4318 1642 4388 quia
1658 4319 1914 4374 Dominus

346 4419 542 4475 acster,
555 4410 650 4481 qui
671 4425 823 4466 suam
838 4416 1096 4479 perpetua
1106 4408 1220 4477 jam
1230 4408 1632 4464 immortalitate
1646 4407 1915 4479 gloriﬁca-

2021 1879 2128 1918 non
2163 1872 2386 1933 excepta
2419 1878 2517 1932 pro
2555 1862 2712 1917 nobis
2744 1871 2966 1916 vulnera
3012 1862 3300 1933 passionis,
3339 1864 3433 1918 sed
3461 1862 3601 1932 ipso-

2019 1970 2138 2009 rum
2191 1954 2474 2009 cicatrices
2504 1953 2645 2009 ctelo
2684 1951 2886 2008 inferre
2914 1968 3077 2022 quam
3127 1952 3343 2008 abolere
3392 1954 3599 2009 maluit.

2019 2046 2129 2103 Nec
2159 2056 2338 2102 tamen
2359 2062 2423 2102 ex
2452 2047 2537 2102 bis
2568 2045 2841 2117 quidpiam
2871 2044 2995 2100 ﬁdei
3024 2053 3223 2101 nostra:
3251 2046 3602 2102 resurrectio-

2017 2137 2103 2192 nis
2129 2136 2461 2208 praajudieat,
2496 2137 2562 2192 de
2595 2150 2703 2205 qua
2750 2136 2930 2193 veraci
2978 2137 3337 2208 promissione
3360 2137 3602 2208 praedici-

2019 2236 2107 2281 tur
2144 2241 2159 2280 :
2191 2225 2260 2280 Et
2298 2225 2521 2297 capillus
2551 2226 2618 2279 tle
2648 2226 2815 2297 capite
2844 2235 3011 2281 vestro
3040 2242 3145 2279 non
3170 2225 3373 2297 peribit.
3409 2225 3601 2280 Adhuc

2016 2330 2196 2377 autem
2245 2336 2350 2377 non
2400 2320 2742 2376 credentibus
2789 2328 2846 2376 et
2875 2320 3196 2375 mirantibus
3246 2334 3357 2391 prze
3403 2318 3599 2391 gaudio

2015 2415 2151 2470 dixit
2172 2427 2187 2468 :

2087 2501 2306 2557 Habetis
2347 2501 2431 2555 hic
2482 2499 2683 2571 aliquid
2726 2498 2866 2570 quod
2907 2498 3294 2554 manducetur?
3330 2496 3413 2554 Ad
3470 2497 3600 2553 insi~

2015 2594 2286 2651 nuandam
2325 2591 2738 2648 resurrectionis
2771 2606 2882 2646 suae
2916 2589 3223 2655 veritatem,
3267 2604 3374 2644 non
3419 2590 3593 2646 solum

2013 2686 2164 2756 tangi
2184 2700 2216 2739 a
2234 2683 2531 2753 discipulis,
2554 2683 2646 2738 sed
2665 2681 2830 2736 etiam
2861 2681 3113 2737 convesci
3133 2695 3256 2737 eum
3279 2680 3384 2735 illis
3405 2681 3596 2751 digna-

2014 2786 2120 2831 tur.
2143 2774 2260 2830 Non
2283 2774 2499 2844 quidem
2528 2774 2685 2843 quasi
2728 2780 2851 2842 post
2877 2772 3330 2827 resurrectionem
3362 2772 3482 2826 cibo
3508 2771 3594 2825 in-

2013 2866 2215 2938 digens,
2265 2881 2365 2922 nec
2407 2865 2559 2935 quasi
2587 2880 2686 2920 nos
2733 2864 2788 2918 in
2832 2863 3226 2918 resurrectione
3270 2862 3406 2918 cibis
3431 2877 3592 2934 egere

2012 2954 2345 3027 signiﬁcans,
2377 2955 2470 3010 sed
2503 2962 2560 3009 ut
2583 2968 2649 3009 eo
2683 2954 2842 3009 modo
2870 2962 3119 3009 naturam
3150 2954 3395 3023 corporis
3418 2969 3595 3009 resur-

2013 3046 2188 3117 gentis
2235 3054 2524 3110 astrueret,
2579 3060 2646 3100 ne
2677 3044 2803 3100 illud
2833 3060 2940 3099 non
2989 3060 3186 3115 corpus
3221 3044 3315 3100 sed
3341 3044 3594 3115 spiritum

2014 3154 2135 3195 esse
2176 3137 2588 3202 arbitrarentur,
2631 3145 2688 3193 et
2708 3136 2810 3191 sibi
2837 3150 2942 3190 non
2974 3135 3143 3191 solide
3170 3135 3266 3191 sed
3291 3134 3594 3206 imaginali-

2014 3237 2097 3284 ter
2119 3242 2403 3299 apparere,
2433 3226 2779 3282 manducavit
2807 3232 3075 3296 potestate
3104 3241 3210 3281 non
3245 3226 3591 3281 necessitate.

2012 3319 2182 3373 Aliter
2208 3319 2352 3373 enim
2377 3317 2630 3372 absorbet
2655 3332 2849 3386 aquam
2877 3324 3022 3371 terra
3051 3316 3259 3382 sitiens,
3289 3316 3448 3371 aliter
3466 3315 3594 3371 solis

2013 3411 2197 3466 radius
2226 3411 2495 3474 candens;
2529 3409 2616 3463 illa
2647 3408 2963 3478 indigentia,
2993 3408 3094 3465 iste
3111 3408 3371 3479 potentia.

2081 3501 2147 3554 At
2165 3500 2245 3554 illi
2269 3499 2566 3554 obtulerunt
2592 3500 2639 3554 ei
2651 3508 2852 3570 partem
2878 3500 3034 3570 piscis
3057 3499 3165 3554 assi
3185 3508 3232 3553 et
3260 3498 3438 3570 {avum
3460 3496 3561 3551 mel
3588 3531 3593 3537 -

2012 3594 2112 3657 lis;
2142 3603 2189 3648 et
2211 3610 2326 3648 cum
2366 3592 2730 3647 manducassct
2759 3608 2936 3646 coram
2979 3591 3075 3657 eis,
3102 3607 3310 3646 sumens
3342 3589 3592 3659 reliquias

2013 3684 2154 3738 dedit
2195 3684 2287 3738 eis.
2320 3682 2458 3750 Quid
2485 3680 2791 3751 signiﬁcare
2831 3680 3103 3734 credimus
3129 3679 3332 3748 piscem
3372 3678 3593 3733 assum?

2013 3774 2116 3830 nisi
2164 3774 2338 3845 ipsum
2384 3771 2735 3827 mediatorem
2770 3769 2863 3823 Dei
2908 3776 2963 3822 et
3013 3768 3290 3823 hominum
3345 3780 3588 3837 passum.

2011 3865 2128 3935 Ipse
2154 3864 2296 3919 enim
2328 3863 2496 3917 latere
2550 3861 2802 3932 dignatus
2841 3868 2924 3914 est
2972 3860 3026 3915 in
3055 3859 3209 3929 aquis
3237 3858 3452 3931 generis
3488 3858 3591 3912 hu-

2014 3954 2181 4019 mani,
2210 3952 2333 4022 capi
2360 3951 2528 4007 voluit
2548 3950 2740 4020 laqueo
2766 3948 2958 4004 mortis
2979 3958 3197 4015 nostris,
3227 3958 3282 4002 et
3304 3946 3461 4018 quasi
3488 3945 3590 4002 tri-

2011 4045 2290 4101 bulatione
2309 4051 2523 4098 assatus
2544 4051 2627 4097 est
2654 4051 2894 4111 tempore
2918 4038 3185 4111 passionis
3207 4053 3336 4093 suae.
3361 4035 3466 4091 Sed
3495 4037 3590 4107 qui

2013 4139 2178 4210 piscis
2204 4146 2261 4194 et
2287 4150 2443 4193 assus
2490 4134 2606 4190 ﬁeri
2637 4134 2887 4205 dignatus
2931 4141 3014 4189 est
3040 4132 3096 4186 in
3136 4130 3408 4202 passione,
3434 4126 3600 4181 favus.

2013 4228 2192 4284 mellis
2248 4226 2403 4282 nobis
2458 4225 2669 4280 exstitit
2715 4224 2770 4278 in
2821 4221 3243 4287 resurrectione;
3289 4228 3345 4277 et
3386 4216 3479 4286 qui
3535 4215 3600 4269 in.

2012 4319 2162 4389 pisce
2184 4332 2307 4373 asse
2324 4316 2543 4388 ﬁgurari
2575 4313 2744 4370 voluit
2771 4311 3170 4367 tribulationem
3190 4305 3457 4378 passionis
3480 4320 3603 4359 sua}

2020 4411 2075 4465 in
2100 4410 2222 4465 favo
2248 4409 2423 4465 mellis
2462 4418 2749 4477 utramque
2792 4411 3040 4460 naturam
3076 4401 3381 4471 exprimere
3420 4397 3592 4453 voluit

345 4508 451 4554 tam
564 4469 813 4569 sepulcro
838 4469 1058 4553 carnem
1085 4469 1408 4553 resuscitare
1429 4469 1848 4566 quandovvoluit,
1864 4503 1921 4550 et
1942 4469 1995 4528 D
2025 4514 2269 4569 personae
2313 4514 2425 4554 suae
2474 4516 2487 4552 :
2522 4469 2677 4552 favus
2704 4494 2901 4565 quippe
2930 4491 3037 4547 mel
3068 4490 3121 4545 in
3147 4469 3292 4545 cera
3319 4498 3440 4557 est;
3481 4489 3589 4546 mel

345 4591 611 4657 quomodo
625 4589 793 4644 voluit
808 4590 998 4660 potuit,
1017 4588 1180 4643 etiam
1194 4587 1404 4657 qualem
1429 4587 1598 4642 voluit
1619 4586 1915 4642 suscitavit.

346 4675 523 4748 Neque
541 4680 688 4734 enim
705 4694 1045 4748 consequens
1066 4686 1151 4734 est
1170 4686 1230 4733 ut
1244 4677 1334 4747 qui
1359 4677 1564 4747 majora
1578 4675 1771 4732 fecisse
1793 4691 1919 4746 pro-

347 4768 518 4834 batur,
538 4769 749 4824 minora
779 4766 958 4823 facere
977 4766 1308 4837 nequiverit;
1338 4766 1433 4821 sed
1463 4773 1613 4819 certe
1630 4763 1913 4836 dispensa-

350 4859 506 4914 tionis
523 4860 701 4930 gratia
722 4859 814 4929 qui
839 4857 1015 4926 majus
1043 4857 1169 4913 fecit
1187 4858 1365 4913 minus
1383 4855 1564 4912 facere
1587 4856 1911 4928 supersedit,

349 4950 449 5006 hoc
491 4959 577 5006 est
620 4952 712 5021 qui
765 4952 958 5006 mortis
994 4966 1158 5022 regna
1209 4952 1475 5008 destruxit
1522 4953 1673 5023 signa
1723 4951 1915 5006 mortis

345 5043 653 5098 oldilterare
691 5042 881 5097 noluit.
910 5041 1092 5097 Primo
1118 5043 1364 5099 videlicet
1389 5050 1447 5097 ut
1472 5058 1571 5113 per
1597 5044 1713 5098 haec
1756 5043 1916 5099 disci-

345 5132 483 5204 pulis
526 5132 686 5188 ﬁdem
729 5146 842 5186 sua:
876 5133 1287 5188 resurrectionis
1311 5141 1606 5198 astrueret;
1637 5132 1830 5188 deinde
1857 5140 1917 5187 ut

348 5223 491 5278 Patri
516 5239 616 5292 pro
655 5224 812 5278 nobis
856 5222 1180 5292 supplicans,
1206 5222 1365 5294 quale
1406 5238 1576 5295 genus
1598 5223 1790 5278 mortis
1812 5238 1913 5293 pro

348 5314 647 5367 rimi-talium
673 5314 781 5368 vita
824 5313 1106 5382 pertulerit
1130 5327 1346 5383 semper
1366 5313 1640 5378 ostendat;
1671 5314 1830 5368 tertio
1854 5322 1914 5367 ut

344 5418 441 5458 sua
470 5413 641 5459 morte
664 5404 959 5473 redemptis
982 5420 1144 5473 quam
1168 5404 1586 5459 misericorditer
1610 5404 1719 5458 sint
1744 5404 1913 5474 adjuti

342 5496 631 5567 pulpositis
665 5510 884 5564 semper
919 5494 1159 5564 ejusdem
1202 5494 1394 5550 mortis
1421 5494 1639 5549 innovet
1675 5495 1913 5560 indiciis,

340 5581 571 5655 ἱὼοιιω
608 5584 1010 5642 misericordias
1053 5585 1262 5641 Domini
1296 5585 1350 5639 in
1395 5591 1654 5640 aeternum
1696 5593 1914 5649 cantare

338 5690 454 5732 nim
470 5684 705 5745 cessent,
728 5677 828 5735 sed
846 5678 1026 5734 dicant
1050 5678 1140 5748 qui
1162 5662 1421 5748 redempti
1443 5685 1570 5733 sunt
1591 5692 1622 5732 a
1650 5676 1875 5734 Domino
1895 5693 1909 5730 :

2020 4601 2150 4647 vero
2180 4591 2235 4645 in
2263 4604 2388 4645 cera
2416 4595 2500 4644 est
2523 4586 2774 4642 divinitas
2801 4584 2857 4639 in
2881 4582 3237 4638 humanitate.
3284 4580 3378 4637 Sic
3407 4592 3590 4639 autem

2019 4695 2114 4736 sua
2141 4679 2473 4748 Redemptor
2500 4675 2700 4730 indicat
2721 4681 2781 4727 ut
2802 4672 3116 4729 imitationis
3144 4674 3287 4728 viam
3324 4674 3480 4730 nobis
3505 4690 3591 4730 se-

2017 4768 2307 4839 quentibus
2343 4771 2571 4820 sternat.
2609 4764 2750 4819 Ecce
2775 4763 2920 4818 enim
2960 4763 3015 4818 in
3037 4764 3158 4820 cibo
3184 4780 3282 4819 suo
3302 4764 3436 4834 pisci
3466 4750 3592 4821 asso

2015 4857 2338 4927 conjungere
2371 4855 2552 4910 favum
2584 4854 2770 4920 voluit,
2802 4855 2927 4925 quia
2968 4854 3220 4911 videlicet
3248 4855 3366 4911 illos
3394 4855 3447 4910 in
3490 4870 3589 4915 suo

2018 4964 2243 5018 corpore
2266 4947 2333 5003 ad
2357 4953 2614 5002 aeternam
2642 4946 2876 5016 quietem
2921 4947 3166 5016 suscipit,
3206 4948 3300 5017 qui
3339 4963 3461 5003 cum
3498 4948 3587 5002 hic

2018 5039 2390 5094 tribulationes
2413 5051 2511 5105 pro
2530 5036 2639 5091 Deo
2668 5036 2909 5092 sentiunt
2934 5037 3003 5091 ab
3023 5050 3207 5091 amore
3232 5037 3456 5092 interna:
3474 5035 3590 5091 dul-

2014 5129 2220 5185 cedinis
2245 5143 2351 5182 non
2374 5127 2647 5183 recedunt.
2672 5129 2803 5182 Cum
2835 5142 2959 5183 asso
2989 5127 3136 5197 pisce
3161 5125 3316 5182 favus
3335 5126 3587 5201 sumitur,

2014 5219 2139 5291 quia
2164 5219 2255 5289 qui
2281 5218 2370 5273 hic
2385 5216 2727 5274 alllictionem
2748 5233 2849 5290 pro
2874 5218 3106 5274 veritate
3135 5219 3457 5289 suscipiunt,
3480 5216 3590 5273 illic

2017 5311 2298 5375 dulcedine
2328 5325 2454 5365 vera
2488 5312 2770 5367 satiantur.

2087 5402 2155 5457 Et
2193 5404 2325 5456 dixit
2372 5405 2440 5457 ad
2489 5404 2605 5460 illos
2632 5421 2651 5460 :
2680 5403 2812 5459 Illac
2859 5414 2981 5461 sunt
3013 5409 3170 5459 verba
3220 5419 3336 5466 qua:
3385 5403 3588 5459 locutus

2016 5509 2133 5548 sum
2183 5494 2251 5547 ad
2277 5511 2362 5549 vos
2407 5511 2525 5548 cum
2551 5496 2720 5551 adhuc
2744 5512 2905 5551 essent
2937 5498 3218 5561 vobiscum,
3256 5496 3308 5549 id
3332 5504 3433 5562 est,
3464 5511 3588 5552 cum

2017 5583 2194 5638 adhuc
2232 5598 2406 5639 essem
2453 5585 2508 5640 in
2554 5601 2717 5641 carne
2741 5585 2975 5653 mortali,
3008 5587 3062 5640 in
3094 5600 3199 5656 qua
3237 5585 3367 5641 estis
3391 5595 3446 5641 et
3471 5602 3586 5641 vos.

2018 5675 2169 5732 Tunc
2207 5676 2356 5733 enim
2378 5676 2432 5732 in
2477 5678 2664 5734 eadem
2692 5693 2878 5748 carne,
2905 5678 2998 5734 sed
3024 5677 3130 5734 illis
3155 5678 3210 5734 in
3235 5680 3421 5737 eadem
3448 5695 3590 5737 niur-
