4040 6188
457 324 553 381 εει

1097 317 1156 371 Β.
1199 314 1451 370 RABANI
1492 311 1709 367 MAURI
1747 308 2065 367 ARCillEP.
2106 309 2416 369 MOGUNT.
2452 308 2740 368 OPERUM
2778 308 2957 365 PARS
2991 307 3053 363 ll.

3622 314 3721 370 152

451 442 664 496 talitate
702 453 806 494 non
851 441 986 490 erat.
1018 432 1087 487 Et
1113 444 1235 485 cum
1270 427 1374 482 illis
1400 425 1637 496 quidem,
1683 430 2038 495 posteaquam
2068 428 2115 487 Α
2140 421 2369 491 jactare,
2399 420 2492 476 sed
2518 421 2702 476 animo
2729 418 2908 475 stabili
2944 416 3108 473 deﬁxi
3137 425 3193 472 et
3218 416 3521 477 caelestium
3549 436 3730 479 rerum

449 532 707 597 surrexit,
732 527 833 583 fuit
866 525 1222 597 quadraginta
1268 520 1457 577 diebus
1481 516 1816 573 exhibitione
1841 529 2035 585 corpo-

449 625 578 681 ralis
624 620 946 695 prmsentise,
998 616 1090 671 sed
1136 628 1239 669 non
1293 626 1416 668 cum
1453 610 1559 664 illis
1609 608 1709 663 fuit
1761 607 2037 664 consortio

449 713 784 770 inﬁrmitatis
813 710 1082 764 humanm.

520 800 793 871 Quomodo
832 813 1037 853 necesse
1075 806 1146 849 est
1202 793 1404 863 impleri
1454 793 1653 856 omnia,
1685 807 1802 862 qua:
1839 791 2034 858 scripta

446 906 563 950 sunt
590 895 642 947 in
666 892 774 963 lege
811 888 978 960 Moysi
1001 898 1044 941 et
1069 885 1352 956 prophetis,
1381 892 1427 936 et
1452 881 1669 953 psalmis
1690 881 1754 934 de
1775 896 1873 933 me.
1904 878 2034 933 Vide

446 983 715 1056 quomodo
745 979 864 1035 tulit
884 992 1072 1033 omnes
1095 974 1476 1045 ambiguitates
1510 990 1522 1025 :
1551 972 1700 1025 visus
1720 977 1826 1034 eSt,
1857 977 2034 1024 tactus

444 1083 546 1139 est,
576 1070 951 1134 manducavit;
983 1069 1093 1138 ipse
1114 1073 1262 1121 certe
1280 1072 1417 1118 erat.
1450 1063 1652 1117 Tamen
1677 1076 1744 1116 ne
1769 1061 1823 1116 in
1851 1060 2032 1131 aliquo

444 1180 637 1221 sensus
680 1162 945 1217 humanos
994 1156 1298 1212 ludiﬁcasse
1331 1155 1624 1217 videretur,
1668 1153 1816 1207 misit
1841 1167 2033 1206 manus

443 1260 510 1313 all
542 1256 871 1325 Seripturas.
908 1252 1097 1306 Dicant
1139 1247 1331 1317 pagani
1378 1246 1637 1316 quidquid
1668 1244 1890 1298 volunt:
1925 1243 2030 1297 Ma-

442 1363 541 1420 gus
566 1346 687 1413 fuit,
713 1343 887 1415 potuit
910 1357 968 1396 se
998 1341 1073 1394 sic
1098 1338 1405 1394 ostendere.
1452 1335 1699 1404 Nunquid
1724 1349 1909 1404 magus
1934 1348 2031 1387 an-

442 1451 660 1508 tequam
687 1445 864 1499 natus,
894 1431 1063 1502 potuit
1107 1444 1164 1484 se
1195 1428 1271 1482 sic
1298 1427 1657 1497 prophetare?
1686 1425 1817 1479 Date
1842 1422 2030 1493 Sc'rip-

441 1540 612 1594 turns,
653 1526 780 1597 quia
827 1528 971 1595 quod
1026 1521 1218 1577 videtis
1259 1528 1385 1574 ante
1416 1518 1692 1587 provisum
1739 1524 1844 1578 est,
1886 1516 2028 1585 quod

439 1618 663 1675 cernitis
691 1625 817 1671 ante
837 1612 1151 1685 praedictum
1175 1616 1277 1663 est.
1307 1609 1468 1672 Audi,
1492 1606 1625 1674 ﬁlia,
1658 1616 1707 1660 et
1731 1605 1880 1669 ride;
1903 1604 2026 1659 audi

439 1710 714 1783 praedicta,
740 1706 863 1761 vide
911 1702 1198 1771 completa.
1230 1698 1376 1752 Tunc
1415 1697 1614 1768 aperuit
1660 1695 1767 1749 illis
1818 1710 2027 1748 sensum

2139 512 2596 582 contemplatione
2651 509 2873 574 ﬁrmati,
2920 516 3144 563 manent
3186 523 3401 578 semper
3452 510 3728 581 impavidi.

2140 601 2246 667 Qui
2270 603 2462 656 timetis
2497 601 2800 665 Dominum,
2839 598 3036 668 inquit,
3068 597 3272 663 audite,
3316 598 3370 655 id
3399 607 3503 667 est,
3528 603 3619 671 qui
3647 620 3729 659 rc-

2138 695 2431 750 verentiam
2452 693 2665 749 habetis
2690 691 2925 747 nominis
2961 688 3110 758 ejus;
3133 694 3258 760 quia
3282 704 3401 759 ejus
3430 692 3595 747 verba
3623 712 3731 751 non

2136 797 2377 846 meretur
2391 789 2597 853 audire,
2614 787 2716 842 nisi
2734 786 2825 856 qui
2849 785 3196 856 cognoscitur
3222 793 3278 841 et
3309 786 3522 843 timere.
3541 788 3732 844 Timor

2136 888 2314 935 autem
2343 879 2552 934 Domini
2575 879 2700 949 quia
2717 875 2900 946 justus
2934 886 2989 931 et
3028 886 3208 932 rectus
3236 888 3346 942 est,
3378 880 3620 935 auditum
3646 897 3734 936 re—

2135 979 2317 1034 novat,
2335 985 2573 1025 amorem
2599 968 2809 1032 tribuit,
2827 967 3077 1021 ardorem
3100 966 3384 1023 charitatis
3411 969 3728 1027 inﬂammat.

2205 1062 2345 1116 Deus
2397 1060 2686 1124 Abraham,
2732 1070 2779 1114 et
2832 1059 2973 1113 Deus
3014 1058 3207 1124 Isaac,
3255 1070 3301 1112 et
3342 1059 3484 1115 Deus
3523 1060 3728 1127 Iacob,

2130 1151 2274 1207 Deus
2294 1162 2504 1221 patrum
2535 1160 2848 1204 nostrorum.
2884 1149 3102 1205 Poterat
3146 1151 3330 1206 dicere
3377 1151 3519 1206 Deus
3556 1152 3731 1208 Abra-

2132 1243 2278 1305 ham,
2311 1242 2481 1305 lsaac,
2507 1242 2705 1306 Jaroh;
2740 1242 2833 1297 sed
2855 1252 2935 1297 ter
2962 1243 3205 1296 nominat
3233 1242 3399 1297 Deum
3427 1244 3728 1313 Abraham,

2131 1335 2297 1390 Deum
2320 1335 2485 1398 Isaac,
2506 1336 2672 1389 Deum
2686 1333 2873 1400 .lacoh,
2890 1343 2947 1388 ut
2970 1343 3025 1389 tu
3050 1335 3316 1405 intelligas
3336 1336 3550 1392 Patrem
3571 1347 3626 1393 et
3644 1338 3737 1394 Fi-

2130 1425 2258 1479 lium
2281 1434 2335 1480 et
2362 1424 2623 1494 Spiritum
2649 1432 2918 1487 sanctum,
2939 1433 2995 1479 et
3023 1439 3091 1479 ne
3118 1426 3212 1480 tibi
3237 1426 3547 1481 scandalum
3570 1435 3726 1483 terna

2129 1516 2224 1571 Dei
2249 1516 2549 1571 nominatio
2586 1523 2873 1587 generaret
2899 1516 3069 1582 addit,
3113 1516 3255 1572 Deus
3282 1528 3492 1588 patrum
3519 1531 3729 1575 nostro-

2128 1622 2266 1661 rum.
2290 1607 2594 1662 Prudenter
2621 1607 2766 1662 enim
2799 1622 3061 1677 personas
3095 1607 3362 1675 distinxit,
3393 1617 3451 1665 et
3474 1618 3721 1665 naturam

2132 1697 2327 1751 univit.

438 1815 492 1857 ut
538 1799 883 1870 intelligerent
914 1792 1237 1864 Scripturas,
1264 1802 1310 1844 et
1340 1788 1473 1842 dixit
1507 1787 1580 1841 eis
1607 1803 1624 1839 :
1655 1784 1928 1851 Quomodo
1957 1784 2032 1836 sic
2061 1784 2107 1842 B
2205 1785 2527 1858 Gloriﬁcavit
2550 1786 2750 1843 Filium
2775 1805 2928 1843 suum
2940 1788 3144 1843 Iesum.
3164 1787 3501 1845 Gloriﬁcavit
3524 1788 3721 1844 Filium

435 1892 687 1962 scriptum
721 1897 816 1952 est,
866 1893 913 1940 et
941 1885 1016 1938 sic
1043 1881 1309 1952 oportebat
1338 1877 1607 1932 Christum
1635 1876 1744 1946 pati
1770 1885 1816 1927 et
1849 1889 2027 1927 resur-

420 1986 555 2052 ‘gere
576 1997 608 2033 a
633 1977 853 2032 mortuis
881 1974 966 2028 die
998 1972 1170 2027 tertia.
1203 1969 1413 2023 Praebet
1437 1983 1496 2022 se
1519 1966 1806 2019 videndum
1833 1962 2024 2027 oculis,

437 2069 641 2141 pratbet
677 2064 927 2121 manibus
976 2058 1444 2117 contrectandum.
1493 2057 1689 2110 Parum
1743 2062 1858 2117 est;
1894 2052 2027 2122 legis

436 2165 828 2215 commemorat
876 2153 1227 2222 scripturas;
1260 2157 1315 2205 et
1344 2150 1447 2204 hoc
1470 2161 1662 2218 parum
1698 2154 1782 2201 est
1813 2163 1826 2197 :
1854 2143 2028 2213 aperit

435 2266 656 2307 sensum
679 2257 737 2303 ut
751 2246 891 2319 quod
916 2245 1052 2316 legis
1075 2243 1362 2313 intelligas.
1378 2241 1579 2295 Deinde
1595 2238 2024 2293 commendatam

443 2345 525 2398 sui
553 2341 801 2412 corporis
828 2340 1138 2400 veritatem,
1163 2332 1506 2390 commendat
1527 2330 1785 2386 Ecclesiae
1808 2329 2021 2384 unitati.

507 2433 574 2488 Et
599 2429 881 2505 pra'dicari
909 2429 964 2483 in
993 2427 1203 2482 nomine
1226 2425 1341 2494 ejus
1364 2423 1727 2495 paenitentiam
1758 2423 1814 2475 in
1838 2421 2023 2475 remis-

431 2527 631 2581 sionem
658 2531 990 2594 peccatorum
1028 2520 1081 2574 in
1124 2533 1299 2572 omnes
1326 2524 1520 2586 gentes,
1552 2513 1914 2584 incipientibus
1957 2512 2022 2566 ab

436 2613 833 2685 Hierosolymis.
878 2611 995 2666 Non
1032 2610 1165 2665 latet
1211 2609 1455 2679 pravitas
1491 2605 1870 2661 hereticorum
1907 2622 1921 2657 :
1956 2605 2024 2658 de

433 2705 629 2777 angulo
678 2714 791 2760 toto
843 2715 1108 2758 terrarum
1167 2701 1300 2755 orbe
1376 2697 1616 2753 Ecclesia
1666 2696 1861 2751 diﬁ'usa
1914 2703 2018 2750 est.

431 2801 634 2850 Omnes
679 2802 867 2865 gentes
898 2791 1103 2846 habent
1154 2789 1469 2844 Ecclesiam.
1502 2786 1673 2842 Nemo
1700 2801 1799 2842 nos
1847 2784 2017 2850 fallat,

432 2888 551 2956 ipsa
590 2894 674 2940 est
711 2900 862 2948 vera,
890 2883 1005 2953 ipsa
1030 2891 1115 2937 est
1147 2880 1443 2943 catholica;
1476 2879 1642 2949 cmpit
1670 2877 1737 2933 ab
1759 2876 2016 2931 Hierusa-

431 2977 558 3040 lem,
597 2974 841 3046 pervenit
861 2974 926 3027 ad
956 2987 1074 3037 nos,
1115 2981 1169 3025 et
1196 2971 1268 3025 ibi
1292 2979 1393 3034 est,
1417 2978 1472 3023 et
1500 2969 1607 3024 hic.
1635 2968 1749 3024 Non
1785 2968 1929 3023 enim
1958 2974 2019 3022 ut

434 3074 541 3130 huc
560 3068 769 3125 veniret
806 3066 931 3120 inde
971 3064 1224 3119 discessit
1255 3077 1269 3115 :
1301 3062 1487 3123 crevit,
1515 3075 1620 3115 non
1652 3059 1921 3131 migravit.
1950 3058 2018 3113 Et

437 3165 631 3220 merito
659 3161 740 3218 sic
785 3159 1044 3230 scriptum
1084 3166 1170 3212 est
1208 3157 1350 3210 inter
1373 3165 1566 3210 caetera
1593 3152 1885 3207 Dominicaa
1905 3150 2017 3221 pie-

433 3255 563 3315 tatis
597 3260 957 3317 sacramenta,
995 3259 1051 3304 et
1083 3251 1161 3304 sic
1208 3245 1491 3317 oportebat
1521 3253 1581 3299 ut
1624 3242 1860 3297 ministri
1902 3257 2016 3297 ser-

435 3347 610 3403 monis
637 3345 728 3416 qui
759 3345 814 3399 in
864 3342 1080 3398 nomine
1125 3340 1324 3396 Christi
1356 3336 1602 3393 cruciﬁxi
1623 3343 1679 3390 et
1711 3333 2017 3389 resuscitati

431 3456 463 3498 a
491 3438 721 3495 mortuis
746 3434 1121 3507 paenitentiam
1136 3441 1360 3488 erantet
1375 3430 1743 3486 remissionem
1765 3438 2018 3498 peccato—

430 3546 549 3587 rum
597 3530 653 3585 in
682 3540 873 3584 omnes
915 3535 1103 3598 gentes
1127 3521 1492 3594 prredicaturi,
1525 3521 1592 3574 ab
1633 3517 2019 3589 Hierosolymis

432 3622 750 3696 inciperent.
792 3617 909 3675 Non
939 3618 1115 3674 solum
1145 3616 1271 3687 quia
1293 3614 1499 3669 credita
1524 3619 1652 3667 sunt
1680 3611 1787 3666 illis
1807 3610 2019 3679 eloquia

432 3712 665 3778 Domini,
702 3709 827 3785 quia
856 3724 1043 3765 eorum
1084 3706 1301 3777 adoptio
1342 3712 1427 3759 est
1456 3702 1709 3767 ﬁliorum,
1748 3710 1803 3755 et
1824 3700 2015 3772 gloria,

426 3814 480 3861 et
509 3813 862 3866 testamenta,
889 3809 943 3855 et
970 3798 1256 3869 legislatlo,
1284 3794 1675 3865 etobsequium
1698 3803 1753 3847 et
1780 3792 2018 3862 promis-

427 3911 519 3960 sa;
548 3894 672 3963 quia
696 3904 882 3947 eorum
914 3898 1097 3959 patres
1132 3895 1186 3941 ct
1221 3880 1288 3940 ex
1313 3886 1397 3939 his
1424 3884 1675 3939 Christus
1719 3880 2020 3937 secundum

427 3998 651 4040 carnem
673 3980 763 4050 qui
801 3986 886 4034 est
921 3992 1083 4046 super
1110 3976 1292 4029 omnia
1318 3976 1463 4029 Deus
1488 3974 1802 4028 benedictus
1840 3974 1892 4028 in
1921 3988 2017 4027 sa:-

428 4070 574 4135 cula,
603 4083 787 4122 verum
811 4066 974 4122 etiam
1003 4073 1064 4119 ut
1082 4072 1270 4134 gentes
1295 4077 1415 4133 qua:
1440 4062 1606 4116 variis
1635 4071 1792 4116 erant
1817 4062 2019 4116 errori-

430 4164 529 4221 bus
557 4167 613 4214 et
656 4156 990 4213 facinoribus
1025 4153 1332 4224 implicatae,
1385 4154 1489 4208 hoc
1535 4152 1773 4206 maxime
1825 4151 2019 4207 divina:

428 4250 648 4324 pietatis
664 4246 927 4320 judicium
957 4245 1025 4300 ad
1062 4258 1211 4316 spem
1241 4242 1592 4312 impetrandm
1624 4242 1795 4296 veniae
1823 4255 2017 4309 provo-

427 4349 598 4398 caret.
628 4338 783 4407 Quod
812 4337 892 4392 eis
912 4350 1127 4407 quoque
1146 4335 1237 4404 qui
1269 4332 1463 4388 Filium
1486 4331 1580 4386 Dei
1605 4330 2013 4395 cruciﬁxerunt,

428 4449 535 4490 non
566 4441 776 4488 tantum
811 4431 1022 4485 veniam
1049 4435 1233 4481 reatus
1254 4442 1284 4480 a
1301 4423 1483 4489 Patre,
1509 4423 1679 4479 sedet
1707 4422 1831 4477 vitae
1858 4431 2017 4477 atter-

428 4541 513 4582 nne
534 4523 787 4595 gaudium
813 4523 1059 4575 viderent
1088 4534 1208 4574 esse
1230 4519 1517 4583 donatum;
1551 4515 1674 4585 quia
1704 4514 2013 4569 misericors

429 4624 484 4671 et
521 4615 811 4670 miserator
838 4620 919 4666 est
950 4611 1226 4675 Dominus,
1257 4609 1465 4679 patiens
1496 4616 1551 4661 et
1599 4605 1825 4673 multum
1854 4605 2014 4659 mise-

430 4707 624 4769 ricors,
674 4703 765 4773 qui
811 4701 924 4757 vult
957 4714 1144 4754 omnes
1190 4701 1436 4755 homines
1477 4697 1655 4752 salvos
1681 4711 1823 4761 esse,
1868 4703 1923 4749 et
1946 4698 2013 4750 ad

430 4799 758 4872 agnitionem
785 4796 1030 4850 veritatis
1053 4794 1354 4864 pervenire,
1379 4794 1464 4849 cui
1495 4801 1578 4846 est
1616 4792 1791 4845 honor
1816 4798 1874 4845 et
1900 4789 2013 4861 glo-

431 4893 513 4951 ria
541 4893 595 4949 in
627 4890 821 4948 smcula
844 4887 1184 4945 smculorum.
1215 4887 1405 4941 Amen.

978 4997 1321 5057 HOMILIA
1360 4997 1462 5051 lx.

1091 5083 1245 5124 FERIA
1284 5084 1354 5121 IV.

783 5163 967 5220 Lectio
1016 5161 1246 5215 Actuum
1281 5161 1662 5229 apostolorum.

501 5255 569 5312 In
589 5256 770 5310 diebus
796 5254 901 5308 illis
925 5271 943 5307 :
969 5253 1216 5323 Aperiens
1245 5249 1433 5305 Petrus
1459 5268 1515 5306 os
1538 5269 1691 5306 suum
1715 5252 1850 5305 dixit
1870 5266 1888 5302 :
1905 5249 2014 5304 Viri

427 5348 692 5406 Israelita:
713 5357 759 5403 et
789 5348 877 5419 qui
905 5334 1093 5400 timetis
1128 5344 1432 5409 Dominum,
1464 5345 1663 5410 audite,
1688 5353 1794 5400 etc.

502 5440 807 5497 Notandum
836 5438 979 5509 quod
1016 5437 1161 5493 viros
1192 5437 1258 5491 de
1289 5450 1486 5504 genere
1512 5435 1699 5501 lsrael,
1731 5445 1784 5491 et
1824 5436 2017 5491 timeu—

433 5538 516 5587 tes
554 5532 846 5588 Dominum
877 5530 944 5585 ad
981 5527 1303 5583 audiendum
1341 5529 1552 5581 Domini
1589 5536 1846 5597 provocat
1888 5543 2012 5581 ver-

434 5620 590 5677 bum.
625 5620 737 5677 Viri
790 5621 933 5677 enim
996 5619 1250 5675 dicuntur
1304 5633 1335 5671 a
1374 5618 1598 5683 viribus,
1635 5617 1727 5687 qui
1766 5618 2015 5672 nesciunt

430 5709 710 5772 tolerando
736 5714 984 5780 deﬁcere,
1016 5721 1104 5767 aut
1133 5713 1188 5767 in
1210 5711 1484 5783 prosperis
1505 5708 1684 5779 aliqua
1703 5723 1761 5765 se
1781 5707 2013 5764 elatione

2131 1895 2312 1946 suum,
2342 1881 2556 1950 quando
2578 1889 2699 1951 post
2729 1881 3184 1936 resurrectionem
3227 1881 3389 1936 nimis
3414 1880 3718 1935 mirabilem

2128 1972 2295 2028 totius
2327 1971 2512 2026 mundi
2563 1972 2935 2027 credulitatem
2986 1971 3127 2026 Deus
3174 1987 3298 2026 eum
3350 1972 3404 2026 in
3463 1986 3530 2027 eo
3570 1971 3720 2041 quod

2129 2068 2292 2124 homo
2333 2066 2513 2122 factus
2538 2075 2623 2121 est
2649 2067 2851 2122 habere
2876 2067 3165 2122 concessit.
3219 2064 3549 2121 Gloriﬁcavit
3590 2081 3719 2118 eum

2127 2157 2298 2229 gloria
2327 2156 2764 2222 resurrectionis,
2790 2156 3112 2227 gloriﬁcavit
3146 2156 3317 2225 gloria
3353 2156 3715 2219 ascensionis,

2125 2256 2181 2303 et
2204 2246 2524 2318 gloriﬁcavit
2548 2247 2717 2318 gloria
2741 2263 2852 2302 sure
2873 2248 3077 2303 dextra;
3101 2246 3377 2303 sessionis.

2199 2336 2364 2402 Quem
2386 2354 2476 2392 vos
2512 2337 2725 2408 quidem
2749 2338 3065 2392 tradidistis.
3094 2337 3233 2394 llinc
3260 2340 3405 2393 enim
3434 2340 3719 2409 respondit

2125 2425 2328 2481 Pilatus
2359 2427 2589 2482 Domino
2628 2428 2812 2482 dicens
2842 2446 2856 2481 :
2882 2427 3135 2499 Nunquid
3178 2444 3278 2499 ego
3297 2445 3416 2484 sum
3448 2427 3665 2485 Judazus
3688 2431 3717 2484 ?

2124 2518 2270 2574 Gens
2296 2527 2387 2573 tua
2412 2529 2468 2573 et
2495 2519 2777 2588 pontiﬁces
2805 2519 3146 2575 tradiderunt
3192 2530 3246 2577 te
3274 2522 3426 2576 mihi.
3457 2522 3719 2577 Tradide-

2100 2620 2253 2665 .runt
2292 2610 2435 2665 enim
2469 2610 2750 2665 Dominum
2797 2612 3108 2666 sacerdotes
3142 2613 3547 2681 peninvidiam.
3580 2614 3717 2669 Tra-

2123 2702 2259 2758 didit
2302 2701 2648 2772 scmetipsum
2704 2701 2743 2754 F
2751 2701 2874 2757 ilius
2911 2717 3010 2771 pro
3060 2712 3247 2758 nostra
3277 2703 3585 2759 dilectione.
3632 2703 3715 2757 De

2166 2801 2283 2846 atre
2312 2790 2457 2846 cnim
2481 2792 2557 2845 ait
2578 2790 2867 2859 Apostolus
2898 2810 2912 2845 ε
2955 2790 3058 2856 Qui
3088 2793 3300 2862 proprio
3327 2791 3373 2846 F
3376 2793 3466 2847 ilio
3497 2810 3602 2847 non
3621 2810 3717 2862 pe-

2120 2883 2305 2953 percit,
2336 2884 2427 2937 sed
2474 2898 2568 2953 pro
2599 2882 2744 2936 nobis
2764 2883 3002 2938 omnibus
3044 2883 3261 2938 tradidit
3304 2900 3443 2941 eum.
3467 2886 3544 2939 De
3571 2884 3715 2939 Filio

2120 2983 2301 3031 autem
2328 2991 2343 3030 :
2377 2975 2480 3041 Qui
2505 2976 2685 3029 dilexit
2717 2985 2764 3029 et
2795 2976 3014 3030 tradidit
3056 2978 3385 3048 semetipsum
3416 2995 3509 3049 pro
3534 2979 3711 3033 nobis.

2195 3066 2261 3120 Et
2306 3067 2534 3137 negastis
2561 3076 2682 3121 ante
2711 3066 2897 3136 faciem
2948 3067 3131 3134 Pilati,
3156 3068 3418 3136 dicentes,
3448 3069 3717 3142 Cruci/iqe

2119 3155 2298 3222 talem,
2349 3173 2441 3211 nos
2479 3172 2581 3211 non
2607 3156 2856 3211 habemus
2901 3174 3071 3228 regem
3118 3160 3219 3214 nisi
3255 3158 3535 3215 Cwsarem.
3591 3160 3716 3216 Nos

2118 3246 2282 3318 legem
2331 3248 2580 3302 habemus
2629 3256 2677 3301 et
2717 3247 3005 3301 secundum
3025 3248 3186 3319 legem
3207 3250 3352 3305 debet
3398 3251 3533 3305 mori
3581 3253 3716 3322 quia

2119 3336 2323 3393 Filium
2343 3338 2441 3392 Dei
2468 3355 2523 3393 se
2549 3338 2693 3409 fecit.
2765 3381 2775 3393 .

2188 3428 2471 3483 ludicante
2495 3428 2587 3483 illo
2609 3429 2822 3484 dimitti.
2853 3428 3152 3496 Quaerebat,
3186 3430 3331 3486 enim
3357 3430 3433 3486 ait
3459 3431 3719 3503 Evange-

2122 3518 2276 3583 lium,
2338 3518 2544 3573 Pilatus
2595 3521 3033 3590 opportunitatem
3079 3530 3136 3574 ut
3187 3521 3464 3585 dimitteret
3496 3521 3715 3588 Iesum,

2118 3610 2295 3664 dicens
2323 3624 2342 3661 :
2378 3610 2487 3679 Ego
2515 3626 2617 3664 non
2665 3611 2871 3666 invenio
2904 3612 2959 3665 in
2994 3628 3055 3665 eo
3083 3629 3337 3676 causam;
3392 3613 3487 3667 sed
3528 3628 3722 3682 neque

2119 3700 2379 3755 Herodes.
2413 3700 2617 3755 Pilatus
2664 3702 2830 3755 mittit
2856 3701 2920 3756 ad
2978 3702 3280 3768 Herodem;
3332 3703 3574 3759 Herodes
3623 3720 3724 3760 re-

2120 3792 2286 3846 mittit
2336 3792 2405 3845 ad
2444 3790 2697 3845 Pilatum.
2742 3793 2889 3848 lnter
2931 3794 3067 3848 duas
3105 3794 3408 3863 impiezates
3447 3794 3722 3851 discurrit

2117 3884 2311 3953 pictas,
2344 3889 2399 3937 et
2441 3890 2620 3936 tamen
2671 3883 2922 3952 impietas
2948 3884 3205 3953 pietatem
3245 3901 3352 3940 non
3383 3893 3561 3956 potest
3583 3902 3726 3942 con-

2117 3976 2376 4031 demnare
2405 3988 2420 4027 :
2445 3987 2685 4042 praesens
2711 3983 2794 4029 est
2820 3990 2967 4039 reus,
2985 3985 3040 4029 et
3065 3990 3167 4029 non
3200 3976 3472 4031 invenitur
3499 3988 3717 4034 reatus.

2118 4065 2443 4121 Tradidistis
2467 4065 2600 4119 mihi
2630 4067 2776 4121 hunc
2817 4066 3114 4132 hominem,
3147 4068 3341 4137 inquit,
3372 4070 3524 4138 quasi
3559 4085 3724 4125 aver-

2080 4200 2087 4207 .
2119 4165 2320 4211 tentem
2352 4156 2630 4226 populum,
2663 4165 2719 4210 et
2767 4171 2895 4210 ecce
2945 4172 3131 4212 coram
3163 4159 3315 4213 vobis
3363 4159 3722 4229 interrogans

2117 4244 2318 4300 nullam
2352 4246 2567 4301 invenio
2595 4246 2650 4300 in
2682 4259 2748 4300 eo
2776 4261 2996 4302 causam
3026 4248 3080 4302 in
3107 4249 3192 4304 his
3217 4249 3416 4318 quibus
3454 4266 3580 4307 eum
3622 4267 3724 4308 ac-

2117 4338 2340 4394 cusatis.
2373 4338 2564 4394 Dicitis
2587 4340 2730 4410 quod
2759 4342 3036 4412 praecipiat
3061 4342 3263 4398 tributa
3292 4358 3401 4398 non
3426 4344 3562 4399 solvi
3589 4345 3721 4402 Cse-

2120 4429 2227 4483 sari
2264 4446 2277 4483 :
2308 4430 2653 4499 comprobavi
2681 4429 2878 4485 falsum
2903 4446 3023 4486 esse
3044 4432 3187 4500 quod
3211 4431 3468 4500 objicitis.
3502 4432 3725 4493 Docere

2122 4524 2266 4576 hunc
2308 4532 2496 4575 contra
2540 4522 2712 4591 legem
2768 4522 2991 4577 dicitis:
3022 4523 3244 4593 probavi
3286 4538 3408 4579 eum
3450 4539 3558 4579 non
3618 4527 3730 4583 de.

2121 4622 2333 4666 struere
2377 4611 2549 4683 legem
2581 4611 2674 4666 sed
2706 4612 2949 4680 implere.
2977 4611 3169 4666 Omnia
3206 4627 3326 4681 quae
3352 4611 3632 4680 objecistis
3663 4617 3728 4672 in

2121 4707 2390 4760 diversum
2421 4705 2633 4758 inventa
2662 4714 2808 4759 sunt.
2840 4704 2909 4758 Et
2935 4705 3150 4773 petistis
3177 4704 3353 4759 virum
3382 4705 3735 4763 homicidam

2120 4798 2308 4851 donari
2337 4798 2508 4851 vobis.
2551 4796 2681 4850 Erat
2706 4806 2903 4863 autem,
2937 4798 3015 4851 ait
3037 4797 3417 4868 Evangelium,
3447 4798 3539 4868 qui
3563 4798 3737 4854 dice-

2120 4889 2273 4942 batur
2301 4888 2571 4943 Barabbas
2600 4890 2821 4954 vinctus,
2849 4891 2941 4961 qui
2987 4890 3042 4944 in
3086 4889 3341 4944 seditione
3385 4889 3579 4960 fecerat
3610 4892 3732 4945 ho-

2126 4984 2406 5037 micidium.
2434 4983 2707 5038 Barabbas
2730 4983 2875 5037 enim
2899 4981 3043 5052 ﬁlius
3069 4983 3235 5052 patris
3258 4983 3423 5037 nostri
3448 4983 3755 5053 interpre—

2127 5086 2292 5141 tatur;
2340 5075 2608 5145 signiﬁeat
2648 5074 2943 5139 diabolum,
2972 5075 3063 5144 qui
3090 5073 3292 5129 multas
3331 5074 3633 5129 seditiones
3656 5076 3736 5136 in

2120 5172 2232 5219 toto
2260 5165 2500 5219 concitat
2526 5165 2676 5229 orbe,
2701 5173 2757 5218 et
2787 5164 3079 5220 homicidia
3108 5164 3317 5219 scilicet
3338 5172 3394 5219 et
3412 5163 3699 5220 adulteria
3716 5210 3739 5233 ,

2117 5265 2173 5311 et
2200 5257 2380 5312 omnia
2408 5257 2660 5322 crimina,
2704 5257 2794 5327 qui
2819 5256 3007 5311 statim
3032 5265 3091 5311 ut
3123 5243 3281 5312 Iesus
3305 5255 3601 5313 cruciﬁxus
3622 5271 3749 5318 est

2115 5346 2389 5404 Barabbas
2420 5347 2523 5401 iste
2547 5346 2802 5401 dimissus
2830 5346 3057 5401 suﬁ‘ocat
3089 5347 3344 5417 populum
3370 5345 3741 5407 Judteorum.

2189 5438 2465 5491 Auctorem
2494 5452 2613 5490 vero
2644 5436 2760 5490 vitm
2780 5437 3132 5505 interfecistis,
3158 5443 3263 5491 etc.
3289 5436 3441 5490 Illum
3462 5435 3556 5505 qui
3588 5436 3754 5502 pla.

2114 5527 2298 5580 smavit
2327 5527 2586 5580 hominem
2612 5525 2677 5579 de
2703 5526 2829 5579 limo
2860 5536 3013 5581 terra:
3048 5536 3096 5580 et
3123 5526 3395 5596 inspiravit
3425 5526 3481 5578 in
3516 5525 3755 5594 faciem

2115 5618 2229 5688 ejus
2250 5617 2569 5688 spiraculum
2607 5618 2747 5683 vine,
2770 5626 2817 5670 et
2849 5617 3021 5686 factus
3054 5626 3131 5671 est
3177 5617 3332 5670 homo
3375 5617 3431 5669 in
3468 5617 3763 5679 animum

2115 5709 2385 5765 viventem.
2409 5707 2562 5764 illum
2588 5706 2681 5780 qui
2706 5708 2876 5764 dixit:
2906 5707 3024 5779 Ego
3043 5724 3156 5763 sum
3188 5708 3288 5771 ria,
3320 5718 3370 5763 et
3414 5709 3610 5765 ueritas
3670 5724 3762 5775 ac
