4040 6188
293 348 401 408 £53

1386 347 1691 405 HOMILDE
1731 348 1798 403 IN
1836 348 2087 405 EVANG.
2129 350 2217 406 ET
2255 349 2472 406 EPIST.

3449 354 3556 414 134

291 469 430 530 rita;
452 472 508 521 et
533 462 601 519 de
629 477 739 533 quo
766 461 1006 519 Joannes
1044 461 1159 517 ait:
1190 459 1293 515 llic
1338 471 1412 516 est
1440 478 1589 516 uerus
1639 463 1781 516 Deus
1828 470 1876 516 et
1904 466 1952 524 Α
1979 462 2159 520 littore
2204 462 2373 529 stetit,
2402 463 2493 534 qui
2531 471 2658 518 ante
2704 465 3150 520 resurrectionem
3184 483 3335 523 suam
3370 483 3553 525 coram

291 559 395 612 rita
415 564 635 610 αἰεί-πα.

362 646 429 699 Et
451 661 616 709 nunc,
648 641 868 707 fratres,
894 645 1001 697 scio
1027 644 1149 714 quia
1171 661 1264 714 per
1283 645 1635 715 ignorantiam
1663 645 1877 715 fecistis.

294 738 352 790 Si
375 738 513 790 enim
539 736 923 805 cognovissent,
946 736 1021 787 ait
1050 734 1355 803 Apostolus,
1384 753 1650 806 nunquam
1699 736 1882 789 Domi-

292 844 416 882 num
438 826 624 896 gloria:
652 825 1056 893 cruciﬁxissent.

363 918 507 971 Deus
536 926 711 970 autem
750 917 841 987 qui
878 917 1243 986 pra'nuntiarit
1281 934 1372 987 per
1416 934 1471 972 cs
1513 918 1880 988 praphetarum

292 1010 404 1077 pati
430 1009 698 1061 Christum
730 1009 1156 1077 suum,implerit
1198 1011 1293 1073 sic,
1324 1021 1428 1066 etc.
1482 1013 1615 1066 Hinc
1666 1023 1720 1067 et
1771 1014 1883 1081 ipse

294 1096 437 1152 Deus
475 1095 732 1165 Cleophte
765 1105 819 1150 et
842 1097 930 1151 alii
957 1099 1219 1168 discipulo
1249 1101 1323 1152 ait
1351 1117 1369 1154 :
1409 1100 1452 1153 Ο
1494 1100 1642 1154 δία(ῑὶ
1668 1111 1715 1153 et
1742 1101 1881 1155 tardi

294 1188 452 1243 corde
487 1190 559 1242 ad
586 1189 901 1243 credendum
933 1191 986 1244 in
1023 1191 1259 1245 omnibus
1288 1208 1404 1262 (μιαί
1431 1190 1590 1245 locuti
1612 1203 1732 1245 sunt
1757 1210 1882 1263 pro-

292 1279 485 1347 pheta!
516 1294 687 1332 nonne
719 1278 831 1332 lucc
860 1280 1083 1348 oportuit
1122 1281 1233 1350 pati
1279 1280 1576 1347 Christum,
1602 1292 1648 1335 et
1687 1285 1760 1336 ita
1796 1284 1882 1336 in-

291 1376 435 1416 trare
453 1366 513 1418 in
541 1364 766 1435 gloriam
785 1368 974 1420 suout?
998 1366 1065 1420 Et
1099 1369 1352 1439 incipiens
1376 1388 1406 1422 a
1437 1369 1615 1441 Moyse
1640 1383 1689 1424 ct
1717 1373 1881 1424 omni-

293 1456 388 1508 bus
398 1457 667 1526 prophetis
683 1458 1121 1528 interpretabatur
1140 1459 1246 1514 illis
1267 1461 1330 1515 de
1346 1463 1581 1517 omnibus
1598 1462 1880 1535 Scripturis

292 1564 409 1616 qua
439 1548 507 1600 de
550 1548 718 1618 seipse
740 1558 921 1603 erant.
961 1548 1018 1603 Si
1055 1551 1197 1604 enim
1230 1551 1436 1622 Moyses
1459 1563 1511 1606 et
1533 1569 1719 1608 omnes
1753 1570 1880 1623 pro-

292 1640 471 1710 phetat
500 1640 777 1695 Christum
816 1641 979 1696 locuti
1006 1652 1157 1706 sunt,
1197 1653 1251 1698 et
1288 1645 1431 1699 hunc
1457 1660 1553 1714 per
1582 1648 1880 1716 angustiam

293 1731 567 1800 passionis
598 1731 653 1785 in
685 1731 910 1801 gloriam
939 1748 1089 1787 suam
1138 1733 1485 1800 intraturum,
1523 1750 1627 1804 qua
1676 1737 1881 1789 ratione

1983 556 2254 625 discipulis
2283 556 2334 608 in
2379 554 2627 608 ﬂuctibus
2682 555 2846 609 maris
2892 556 3219 611 ambulavit?
3268 556 3431 626 Cujus
3476 560 3553 613 rei

1983 646 2119 700 ratio
2159 645 2348 699 festiue
2377 645 2736 716 cognoscitur,
2770 647 2814 700 si
2863 646 2975 714 ipsa
3035 663 3153 716 qua:
3203 656 3331 703 tunc
3383 650 3557 703 iuerat

1982 749 2140 790 causa
2169 742 2441 805 pensctur.
2478 734 2613 801 Quid
2648 737 2790 789 enim
2820 751 2966 789 mare
2990 737 3090 789 nisi
3123 753 3359 805 przeseus
3389 754 3558 792 sa-cu-

1980 825 2088 879 lum
2122 826 2421 895 significat?
2466 827 2605 894 quod
2631 840 2689 880 se
2716 811 2995 880 causarum
3028 830 3253 882 tumultu
3299 840 3354 884 et
3402 833 3558 885 undis

1981 917 2106 969 vitae
2130 916 2494 985 corruptibilis
2522 917 2692 970 illidit.
2713 917 2848 983 Quid
2876 935 2972 987 per
2993 919 3315 975 soliditatem
3340 922 3554 987 littoris,

1983 1006 2084 1059 nisi
2118 1005 2203 1059 illa
2230 1006 2557 1075 perpetuitas
2585 990 2781 1075 quietis
2807 1018 3022 1063 alterum
3073 1011 3370 1081 ﬁguratur?
3417 1014 3552 1079 Quia

1984 1095 2146 1164 igitur
2169 1095 2415 1163 discipuli
2438 1096 2611 1150 adhuc
2632 1095 2881 1151 ﬂuctibus
2903 1099 3143 1155 mortalis
3174 1103 3295 1156 vita:
3321 1104 3554 1167 inerant,
3647 1115 3650 1118 '

1985 1188 2038 1242 in
2069 1187 2202 1241 mari
2235 1187 2574 1256 laborabant;
2616 1191 2740 1258 quia
2757 1206 2885 1248 vero
2905 1192 3231 1263 Redemptor
3250 1204 3431 1249 uoster
3443 1195 3557 1264 jam

1985 1279 2383 1348 corruptionem
2410 1281 2590 1336 carnis
2614 1292 2942 1349 excesserat,
2966 1294 3087 1355 post
3109 1287 3558 1342 resurrectionem

1986 1386 2136 1425 suam
2161 1370 2212 1423 in
2243 1369 2420 1423 littore
2441 1371 2637 1435 stabat,
2660 1387 2723 1425 ac
2749 1372 2790 1424 si
2816 1372 2987 1441 ipsum
3018 1377 3427 1430 resurrectionis
3450 1392 3560 1431 suto

1985 1461 2301 1533 mysterium
2332 1463 2492 1516 rebus
2526 1463 2801 1533 discipulis
2840 1465 3147 1534 loqueretur
3183 1468 3366 1522 dicens
3396 1487 3409 1521 :
3442 1468 3561 1522 Jam

1983 1536 2138 1605 vobis
2169 1552 2219 1605 in
2246 1553 2378 1605 mari
2408 1563 2514 1605 non
2545 1556 2934 1624 appareo,quia
2963 1556 3237 1611 vobiscum
3268 1558 3321 1612 in
3352 1568 3561 1628 pertur-

1984 1642 2218 1696 bationis
2248 1641 2496 1696 ﬂuctibus
2522 1660 2625 1696 non
2662 1659 2799 1698 sum.
2834 1644 2995 1699 Facta
3024 1656 3107 1700 est
3129 1657 3307 1700 autem
3335 1649 3558 1716 discipu-

1988 1732 2054 1786 lis
2079 1732 2392 1802 piscatiouis
2421 1748 2611 1801 magna
2637 1733 2938 1797 diliicultas,
2957 1745 3012 1789 ut
3038 1738 3298 1806 magistro
3314 1738 3562 1792 veniente

291 1837 351 1877 se
378 1821 683 1891 gloriantur
708 1836 829 1877 esse
850 1822 1207 1895 Christianos,
1227 1825 1314 1894 qui
1338 1825 1492 1895 juxta
1532 1827 1725 1881 virium
1756 1845 1881 1883 sua-
1912 1813 1956 1872 Β
1986 1823 2137 1877 ﬁeret
2164 1825 2535 1879 admirationis
2572 1835 2773 1895 magna
2796 1826 3118 1880 sublimitas.
3168 1828 3267 1893 Qui
3318 1829 3561 1897 protinus

293 1931 415 1969 rum
438 1914 713 1968 modulum
742 1898 916 1984 neque
940 1915 1247 1986 Scripturas
1269 1918 1497 1988 qualiter
1520 1920 1584 1973 ad
1605 1920 1878 1977 Christum

290 2005 604 2075 pertineant
632 2005 986 2077 investigare,
1017 2021 1191 2076 neque
1217 2009 1282 2061 ad
1313 2008 1536 2078 gloriam
1564 2026 1723 2079 quam
1757 2027 1879 2067 cum

291 2096 518 2151 Christo
545 2098 745 2151 habere
766 2099 986 2168 cupiunt
1022 2115 1121 2171 per
1146 2103 1431 2170 passiones
1475 2103 1877 2161 tribulationum

290 2191 609 2245 desiderant
641 2191 928 2262 attingere,
957 2207 1081 2248 cum
1122 2194 1405 2250 manifeste
1436 2195 1712 2265 Scriptura
1738 2199 1882 2254 dicat

292 2282 421 2336 illos
448 2283 639 2337 beatos
663 2282 835 2352 quiin
883 2282 998 2355 lege
1056 2284 1267 2340 Domini
1316 2287 1642 2342 meditantur
1686 2289 1770 2344 die
1818 2304 1881 2343 ac

291 2378 483 2435 nocte,
509 2378 565 2424 et
597 2371 848 2426 timentes
886 2371 1055 2427 Deum
1083 2376 1359 2429 amtulaut
1390 2377 1441 2430 in
1474 2378 1573 2431 viis
1603 2377 1739 2447 ejus.
1772 2378 1883 2433 illis

289 2460 442 2514 enim
466 2460 623 2515 labor
634 2476 766 2516 suus
788 2461 1034 2532 proﬁciet
1056 2464 1122 2518 ad
1144 2474 1401 2520 aeternam
1427 2467 1651 2521 salutem
1668 2472 1881 2539 quando

291 2558 421 2619 post
443 2549 609 2605 ﬁnem
640 2551 793 2607 istius
816 2553 944 2606 vita:
969 2555 1037 2608 ad
1079 2563 1338 2609 :rternam
1387 2560 1698 2626 perventuri
1754 2570 1881 2616 sunt

291 2640 569 2709 requiem,
598 2649 892 2711 praestante
918 2643 1035 2712 ipso
1064 2643 1289 2700 Domino
1315 2654 1503 2700 nostro
1545 2646 1669 2702 Jcsu
1720 2649 1879 2704 Chri-

289 2742 407 2798 sto,
429 2734 530 2803 qui
556 2748 678 2787 cum
698 2733 857 2788 Patre
886 2744 943 2790 et
972 2734 1175 2805 Spiritu
1210 2747 1397 2794 sancto
1427 2738 1559 2793 vivit
1607 2747 1664 2795 et
1690 2749 1882 2812 regnat

290 2821 350 2876 in
385 2821 585 2878 secula
614 2822 953 2877 saeculorum.
978 2823 1173 2880 Amen.

894 2931 1176 2989 HOMILIA
1210 2935 1283 2990 IL.

867 3019 999 3059 ΠἜΙί
1032 3022 1189 3060 FERIA
1234 3020 1309 3062 1V.

437 3094 630 3149 Lectio
650 3095 819 3150 sancti
843 3095 1118 3168 Evangelii
1138 3099 1430 3154 secundum
1450 3100 1733 3159 Joannem.

364 3186 436 3240 In
463 3187 561 3240 illo
592 3196 820 3255 tempore
873 3177 899 3242 Ξ
934 3187 1290 3259 Manifestavit
1331 3208 1386 3246 se
1426 3193 1582 3248 Jesus
1628 3195 1697 3248 ad
1736 3211 1880 3250 mare

291 3277 617 3333 Tiberiadis.
647 3278 1005 3350 Hanifestauit
1034 3293 1208 3338 autem
1230 3284 1305 3338 sic
1336 3297 1356 3336 :
1383 3285 1551 3341 Erant
1595 3295 1770 3341 autem
1807 3287 1880 3341 si-

287 3371 407 3427 mul
430 3370 625 3425 Petrus
649 3382 699 3425 et
719 3371 963 3437 Thomas,
978 3372 1068 3444 qui
1090 3374 1283 3429 dicitur
1311 3376 1568 3446 Didymus
1593 3388 1640 3431 et
1671 3378 1881 3433 Natha-

288 3464 416 3519 uel
439 3463 661 3535 quierat
683 3481 717 3519 a
738 3464 886 3519 Cana
916 3463 1227 3535 Galilww,et
1266 3468 1369 3537 filii
1407 3467 1675 3537 Zebedwi,
1706 3480 1755 3525 et
1785 3471 1877 3525 alii

286 3569 359 3609 η
385 3554 660 3623 discipulis
682 3554 799 3624 ejus
818 3555 943 3609 duo.
964 3555 1102 3610 Dicit
1131 3558 1206 3610 eis
1234 3556 1420 3613 Simon
1452 3558 1642 3615 Petrus
1670 3573 1688 3612 :
1729 3559 1877 3615 vado

286 3645 513 3716 piscari.
533 3645 721 3699 Dicunt
737 3646 786 3700 ei
806 3662 821 3699 :
847 3644 1089 3700 Venimus
1102 3656 1151 3700 et
1168 3663 1261 3701 nos
1285 3657 1474 3702 tecum.
1492 3649 1559 3703 Et
1575 3650 1813 3704 exierunt
1826 3660 1876 3705 et

289 3736 640 3790 ascenderunt
658 3737 713 3789 in
737 3753 952 3802 navem;
979 3747 1024 3790 et
1048 3737 1139 3791 illa
1162 3749 1309 3792 nocte
1332 3738 1461 3792 nihil
1485 3751 1748 3811 ceperunt,
1767 3749 1873 3798 etc.

364 3826 547 3892 Qumri
577 3835 754 3896 potest
783 3843 880 3881 cur
911 3827 1121 3892 Petrus,
1156 3830 1245 3896 qui
1290 3831 1531 3898 piscator
1567 3838 1691 3885 ante
1739 3846 1875 3886 con-

289 3916 599 3971 versionem
630 3917 750 3980 fuit,
780 3927 902 3987 post
948 3921 1354 3973 conversionem
1410 3920 1475 3973 ad
1522 3921 1875 3990 piscationem

288 4007 455 4071 redit,
482 4021 603 4061 cum
625 4006 841 4063 Veritas
863 4007 1039 4062 dicat:
1071 4007 1236 4063 Nemo
1258 4010 1466 4064 mittens
1495 4026 1708 4064 manum
1723 4028 1875 4065 suam

288 4099 351 4150 in
382 4106 641 4164 aratrum,
665 4107 716 4152 et
740 4099 996 4169 aspiciens
1030 4109 1188 4164 retro,
1222 4110 1373 4170 aptus
1422 4110 1496 4156 est
1538 4118 1693 4171 regno
1736 4101 1876 4157 Dei?

285 4188 404 4243 Cur
440 4189 639 4257 repetit
688 4190 832 4257 quod
875 4188 1193 4258 dereliquit?
1238 4190 1343 4245 Sed
1386 4191 1432 4246 si
1469 4192 1640 4247 virtus
1671 4192 1874 4248 discre-

288 4280 460 4333 tionis
495 4279 837 4349 impenditur,
854 4279 1014 4335 citius
1034 4280 1246 4336 videtur
1273 4282 1401 4351 quia
1424 4284 1681 4339 nimirum
1711 4300 1875 4355 nego-

289 4369 431 4421 tium
455 4369 599 4436 quod
629 4375 756 4422 ante
780 4369 1188 4424 conversionem
1229 4370 1347 4425 sine
1385 4379 1607 4441 peccato
1639 4374 1870 4441 exstitit,

285 4460 399 4514 hoc
425 4460 591 4513 etiam
636 4468 758 4528 post
788 4460 1198 4515 conuersionem
1246 4460 1402 4530 culpa
1467 4471 1712 4532 repetere
1763 4481 1871 4520 non

283 4550 412 4605 fuit.
442 4549 581 4605 Nam
616 4552 941 4622 piscatorem
965 4550 1202 4616 Petrum,
1234 4552 1545 4608 Mattlizeum
1572 4570 1702 4610 vero
1740 4556 1874 4611 telo-

282 4643 505 4697 narium
533 4643 767 4707 scimus;
793 4648 848 4696 et
875 4650 999 4711 post
1022 4642 1431 4698 conversionem
1466 4660 1621 4699 suam
1647 4645 1713 4700 ad
1761 4646 1872 4714 pis-

281 4732 559 4787 eationem
585 4731 779 4787 Petrus
812 4732 1009 4798 rediit,
1058 4732 1340 4789 Matthteus
1386 4750 1514 4790 vero
1561 4735 1628 4790 ad
1675 4736 1871 4791 telonei

280 4824 564 4894 negotium
590 4838 700 4878 non
730 4822 892 4878 rediit
922 4836 939 4876 :
972 4823 1099 4892 quia
1127 4823 1270 4878 aliud
1295 4832 1380 4880 est
1420 4825 1620 4879 victum
1651 4841 1747 4896 per
1784 4826 1870 4896 pi-

278 4916 586 4969 scationem
623 4928 901 4983 quaerere,
953 4914 1096 4970 aliud
1151 4915 1347 4973 telonei
1393 4916 1558 4972 lucris
1612 4918 1870 4973 exercitia

277 5020 508 5075 augere.
534 5005 673 5059 Sunt
696 5005 842 5060 enim
894 5005 1151 5077 pleraque
1196 5009 1406 5078 negotia
1445 5025 1564 5078 qum
1605 5010 1720 5065 sine
1746 5025 1872 5080 pee~

276 5102 427 5155 eatis
453 5101 701 5155 exhiberi
727 5111 821 5155 aut
846 5103 931 5156 vix
966 5112 1060 5155 aut
1091 5104 1397 5157 nullatenus
1448 5116 1687 5175 possunt.
1743 5107 1872 5172 Quae

274 5205 422 5262 ergo
449 5191 517 5245 ad
548 5198 835 5261 peccatum
868 5191 1142 5260 implicant
1166 5234 1180 5257 ,
1208 5193 1272 5246 ad
1305 5193 1419 5246 hace
1453 5209 1672 5247 necesse
1701 5203 1786 5249 est
1814 5203 1871 5249 ut

276 5291 415 5351 post
435 5280 846 5335 conversionem
873 5281 1086 5336 animus
1118 5298 1224 5335 non
1257 5291 1519 5336 recurrat.

366 5371 520 5427 Hane
548 5383 726 5427 autem
744 5373 866 5444 jam
888 5374 1027 5443 facto
1060 5374 1199 5428 stetit
1228 5374 1382 5428 Jesus
1421 5375 1475 5426 in
1511 5373 1717 5438 littore;
1764 5388 1867 5425 non

272 5475 463 5520 smn
490 5474 841 5535 cognoverunt
871 5464 1113 5534 discipuli
1140 5464 1263 5534 quia
1290 5464 1446 5518 Iesus
1474 5473 1570 5517 est.
1589 5462 1725 5516 Dicit
1746 5479 1867 5533 ergo

268 5556 363 5609 ris
389 5556 542 5611 Iesus
566 5574 586 5611 :
609 5554 797 5622 Pueri,
825 5558 1058 5626 nunquid
1077 5557 1480 5627 pulmentarium
1504 5555 1745 5609 habetis?
1767 5553 1869 5609 Re-

270 5648 608 5717 sponderunt
636 5648 685 5702 ei
726 5660 745 5698 :
787 5646 927 5699 Non.
957 5646 1133 5714 Quaeri
1167 5654 1342 5718 potest
1381 5661 1479 5701 cur
1505 5643 1782 5713 discipulis
1813 5644 1866 5699 in

273 5741 429 5801 mari
455 5740 832 5797 laborantibus
855 5747 977 5811 post
1015 5742 1460 5799 resurrectionem
1510 5737 1768 5794 Dominus
1814 5737 1869 5792 in

1985 1916 2120 1971 dixit
2141 1915 2220 1971 eis
2249 1933 2262 1969 :
2297 1914 2489 1968 Mittite
2510 1917 2562 1968 in
2592 1915 2825 1969 dextram
2849 1917 3039 1987 navigii
3064 1928 3245 1979 rete,ct
3272 1918 3560 1973 invenietis.

1983 2006 2077 2061 Bis
2102 2007 2153 2060 in
2184 2015 2370 2060 sancto
2400 2005 2689 2075 Evangelio
2712 2005 2926 2074 legitur,
2944 2007 3068 2075 quia
3100 2007 3357 2061 Dominus
3377 2006 3559 2074 jussit,

1983 2106 2044 2153 ut
2078 2098 2143 2151 ad
2172 2096 2486 2168 piseaudum
2535 2096 2669 2150 retia
2716 2097 3073 2159 mitterentur,
3104 2106 3230 2151 ante
3256 2098 3561 2167 passionem

1983 2188 2231 2243 videlicet
2258 2196 2313 2243 et
2348 2196 2470 2258 post
2494 2187 2817 2256 passionem.
2857 2186 2962 2242 Sed
2992 2189 3304 2259 priusquam
3334 2187 3563 2243 Redim-

1983 2289 2107 2350 ptor
2157 2289 2343 2335 noster
2385 2288 2664 2349 pateretur
2710 2287 2765 2333 et
2816 2288 3138 2349 resurgeret,
3176 2280 3312 2334 mitti
3344 2280 3559 2349 quidem

1984 2377 2099 2425 rete
2123 2369 2189 2423 ad
2214 2369 2527 2438 piscandum
2548 2369 2720 2437 jubet,
2750 2368 2844 2422 sed
2893 2378 3071 2423 utrum
3104 2370 3157 2423 in
3203 2370 3447 2424 dextram
3492 2387 3561 2424 an

1984 2461 2037 2516 in
2063 2462 2338 2516 sinistram
2375 2461 2516 2515 mitti
2564 2461 2858 2526 debuisset,
2892 2476 2997 2515 non
3018 2460 3256 2531 jnbetur.
3293 2461 3421 2517 Post
3467 2479 3555 2517 rc-

1984 2554 2371 2608 surrectionem
2400 2570 2529 2608 vero
2558 2552 2830 2624 discipulis
2872 2570 3137 2624 apparens
3178 2554 3321 2608 mitti
3359 2564 3471 2609 rete
3508 2556 3561 2609 iu

1984 2647 2227 2702 dextram
2256 2644 2426 2715 jubet.
2469 2644 2526 2700 In
2553 2645 2642 2700 illa
2670 2647 2968 2715 piscatione
2999 2646 3131 2701 tanti
3159 2646 3302 2716 capti
3328 2654 3474 2711 sunt,
3500 2653 3562 2700 ut

1983 2738 2119 2793 retia
2150 2744 2558 2807 rumpereutur;
2591 2737 2646 2791 in
2675 2738 2778 2792 ista
2796 2745 2977 2792 autem
2997 2745 3051 2793 et
3070 2736 3222 2791 multi
3246 2736 3387 2806 capti
3414 2746 3561 2802 sunt,

1982 2839 2038 2886 et
2082 2830 2217 2886 retia
2252 2836 2409 2900 rupta
2444 2844 2553 2884 non
2598 2837 2741 2884 sunt.
2789 2828 2921 2896 Quis
2976 2843 3105 2885 vero
3142 2828 3348 2883 nesciat
3394 2828 3564 2882 bonos

1983 2922 2171 2977 dextra
2195 2926 2251 2975 et
2277 2918 2448 2974 malos
2481 2919 2698 2975 sinistra
2734 2918 2973 2991 figurari.
3021 2916 3115 2972 Illa
3161 2932 3291 2988 ergo
3336 2918 3564 2989 piscatio

1982 3012 2037 3068 in
2058 3027 2163 3083 qua
2192 3012 2500 3082 specialiter
2533 3012 2589 3067 in
2617 3025 2777 3081 quam
2804 3019 3011 3081 partem
3054 3011 3195 3065 mitti
3231 3012 3422 3065 debeat
3452 3020 3564 3066 rete

1980 3118 2087 3158 non
2110 3103 2695 3175 jubctur,pr:eseutcm
2743 3101 3040 3156 Ecclesium
3093 3102 3391 3173 designavit
3442 3118 3562 3172 quae

1905 3163 1951 3227 C
1982 3163 2153 3249 bonos
2178 3163 2345 3247 simul
2358 3163 2422 3248 ac
2449 3192 2617 3246 malos
2646 3191 2863 3261 colligit,
2891 3207 2989 3247 nec
3024 3191 3167 3263 eligit
3199 3163 3333 3262 quos
3360 3163 3563 3260 trahat,

1981 3287 2107 3357 quia
2139 3294 2195 3341 et
2217 3301 2351 3356 quos
2378 3285 2576 3357 eligere
2603 3285 2776 3355 possit
2808 3285 3040 3355 ignorat.
3088 3284 3212 3339 llaec
3257 3293 3436 3339 autem
3479 3285 3560 3354 pi-

1962 3366 2151 3432 scatio
2174 3384 2299 3446 post
2337 3376 2547 3429 Domini
2597 3376 3045 3430 resurrectionem
3093 3373 3233 3428 facta
3288 3375 3341 3428 iu
3392 3375 3563 3429 solam

1980 3468 2256 3523 dexteram
2284 3468 2444 3521 missa
2474 3473 2579 3531 est,
2598 3466 2722 3534 quia
2750 3466 2817 3520 ad
2843 3466 3127 3520 videndam
3161 3464 3424 3521 claritatis
3445 3465 3564 3535 ejus

1980 3554 2203 3624 gloriam
2234 3554 2346 3609 sola
2385 3554 2679 3609 electorum
2726 3552 2966 3609 Ecclesia
3014 3554 3291 3625 pertingit,
3336 3571 3456 3624 qua:
3497 3556 3563 3610 de

1980 3647 2198 3703 sinistro
2244 3660 2409 3716 opere
2455 3645 2533 3699 nil
2575 3644 2812 3698 habebit.
2862 3643 2920 3697 In
2973 3643 3059 3697 illa
3108 3644 3408 3713 piscatione
3449 3659 3562 3714 pra:

1981 3738 2322 3793 multitudine
2368 3737 2597 3807 piscium
2640 3744 2754 3791 rete
2801 3735 3087 3803 rumpitur,
3137 3736 3263 3803 quia
3312 3751 3456 3790 nunc
3489 3736 3558 3789 ad

1978 3827 2372 3884 confessionem
2418 3824 2541 3880 ﬁdei
2588 3824 2751 3879 etiam
2799 3838 2919 3878 cum
2967 3822 3153 3877 electis
3183 3823 3398 3892 reprobi
3427 3824 3561 3878 tanti

1978 3924 2205 3988 intrant,
2219 3921 2311 3991 qui
2340 3920 2512 3991 ipsam
2537 3933 2750 3989 quoque
2773 3917 3068 3972 Ecclesium
3099 3917 3393 3972 hteresibus
3417 3917 3561 3971 sciu-

1978 4016 2128 4071 dant.
2160 4013 2216 4068 in
2248 4013 2348 4068 ista
2377 4026 2507 4067 vero
2529 4010 2826 4081 piscatione
2851 4017 2905 4063 et
2928 4008 3078 4063 multi
3107 4008 3283 4078 pisces
3306 4016 3362 4062 et
3380 4007 3561 4079 magni

1978 4107 2282 4176 capiuntur,
2309 4110 2365 4158 et
2397 4109 2513 4157 rete
2542 4117 2647 4156 non
2678 4100 2966 4171 rumpitur,
2987 4099 3115 4168 quia
3144 4105 3328 4152 sancta
3357 4097 3558 4151 electo-

1978 4213 2098 4252 rum
2125 4194 2361 4251 Ecclesia
2391 4194 2446 4248 in
2473 4193 2728 4248 continua
2753 4191 2991 4247 auctoris
3034 4189 3117 4244 sui
3164 4203 3299 4259 pace
3345 4188 3559 4257 requie-

1978 4304 2135 4346 scens
2163 4287 2322 4343 nullis
2350 4284 2464 4355 jam
2492 4283 2919 4340 dissensionibus
2943 4281 3253 4336 dilaniatur.

2050 4377 2307 4433 Miserum
2336 4392 2456 4446 ergo
2488 4384 2614 4436 rete,
2662 4382 2708 4427 et
2727 4372 2846 4442 jam
2882 4387 2984 4424 non
3021 4368 3258 4423 valebant
3286 4365 3418 4420 illud
3442 4375 3556 4420 tra-

1978 4472 2098 4526 here
2126 4488 2158 4524 a
2195 4467 2529 4523 multitudine
2555 4467 2792 4538 piscium.
2835 4462 2976 4516 Dicit
3006 4477 3126 4531 ergo
3155 4457 3444 4529 discipulus
3469 4458 3558 4512 ille

1975 4576 2126 4632 quem
2152 4557 2397 4628 diligebat
2418 4556 2574 4609 Iesus
2604 4551 2762 4607 Petro
2788 4566 2807 4604 :
2838 4548 3093 4603 Dominus
3126 4557 3221 4602 est.
3247 4545 3431 4602 Simon
3461 4544 3558 4599 Pe-

1974 4661 2086 4704 trus
2109 4664 2226 4703 cum
2261 4646 2491 4700 audisset
2520 4643 2657 4715 quod
2679 4641 2937 4696 Dominus
2965 4648 3060 4705 est,
3091 4640 3267 4692 tunica
3296 4637 3555 4692 succinxit

1975 4760 2060 4808 se;
2085 4750 2197 4796 erat
2228 4741 2364 4794 enim
2389 4737 2591 4801 nudus;
2617 4744 2663 4788 et
2694 4734 2833 4787 misit
2859 4749 2913 4787 se
2942 4733 2995 4787 in
3018 4747 3180 4785 mare.
3229 4729 3335 4783 Alii
3379 4737 3552 4782 autem

1974 4832 2217 4903 discipuli
2237 4830 2439 4900 navigio
2468 4823 2865 4881 venerunt.Non
2888 4824 3031 4879 enim
3053 4817 3208 4877 erant
3225 4820 3383 4891 longe
3403 4834 3433 4873 a
3451 4826 3557 4872 ter-

1976 4942 2058 4991 ra,
2074 4924 2165 4979 sed
2188 4921 2341 4993 quasi
2367 4919 2561 4976 cubitis
2588 4917 2835 4972 ducentis
2862 4917 3136 4971 trahentes
3161 4924 3275 4968 rete
3299 4911 3547 4982 piscium.

2047 5013 2113 5068 Ut
2150 5028 2269 5082 ergo
2309 5008 2681 5063 descenderunt
2730 5005 2786 5059 in
2834 5016 3050 5069 terram,
3081 5003 3318 5057 viderunt
3352 5015 3551 5070 prunas

1973 5105 2170 5176 positas
2193 5111 2238 5156 et
2268 5101 2458 5171 piscem
2489 5097 2869 5167 superpositum
2901 5105 2947 5147 et
2974 5109 3179 5164 panem.
3206 5091 3307 5146 Ubi
3335 5105 3439 5143 non
3465 5095 3550 5142 est

1973 5193 2372 5264 intelligendum
2394 5188 2553 5242 etiam
2583 5201 2776 5255 panem
2808 5184 2971 5239 fuisse
3001 5183 3397 5253 superpositum
3422 5193 3556 5246 pru-

1969 5286 2075 5349 nis,
2105 5281 2196 5337 scd
2230 5289 2436 5335 tantum
2465 5275 2890 5331 subaudiendum
2952 5275 3188 5329 viderunt
3221 5291 3240 5329 :
3270 5273 3432 5326 Iidem
3467 5267 3552 5320 vi-

1972 5375 2166 5429 derunt
2190 5385 2389 5442 prunas
2418 5368 2640 5438 positas,
2663 5375 2717 5422 et
2744 5366 2949 5436 piscem
2979 5366 3371 5437 superpositum
3401 5362 3551 5457 vide-

1970 5474 2118 5529 runt,
2134 5473 2188 5519 et
2199 5476 2390 5533 panem
2402 5460 2671 5514 viderunt.
2688 5457 2784 5512 Vel
2803 5458 2874 5512 ita
2894 5457 3072 5528 potius
3087 5455 3332 5509 viderunt
3347 5455 3547 5522 prunas

1972 5556 2203 5629 positas,
2229 5561 2283 5606 et
2316 5551 2515 5620 piscem
2550 5549 2945 5619 superpositum
2976 5544 3223 5599 viderunt
3248 5552 3303 5595 et
3330 5556 3545 5611 panem.

2042 5646 2189 5700 Dixit
2221 5644 2295 5697 eis
2326 5642 2478 5697 Jesus
2513 5655 2531 5693 :
2563 5641 2759 5711 A/j'erte
2784 5641 2847 5693 de
2877 5638 3100 5710 piscibus
3122 5651 3249 5705 quos
3275 5633 3549 5705 prendidi-

1971 5738 2065 5792 stis
2094 5752 2251 5790 nunc.
2281 5733 2523 5789 Ascendit
2565 5733 2750 5788 Simon
2789 5729 2997 5793 Petrus,
3038 5735 3085 5781 et
3132 5724 3292 5780 traxit
3345 5732 3448 5780 rete
3487 5723 3550 5780 in
