4040 6188
472 311 578 370 155

1103 306 1164 361 Β.
1205 302 1460 360 MBAN!
1498 300 1720 359 MAURI
1756 296 2077 355 ARClllEP.
2116 293 2423 352 MOGUNT.
2465 294 2751 352 OPERUM
2789 288 2965 346 PARS
3002 288 3064 342 ll.

3624 284 3728 338 £30

471 439 687 483 terram.
718 420 903 493 Captis
929 429 1107 475 autem
1134 426 1242 472 tam
1283 414 1494 487 magnis
1517 412 1779 484 piscibus,
1802 408 2047 466 ascendit
2074 415 2121 475 Α
2151 408 2254 464 hoc
2297 408 2458 462 modo
2488 423 2501 460 :
2538 404 2715 462 Unum
2761 404 2866 458 duo
2894 410 3004 493 tres
3033 398 3198 493 ﬁunt;
3250 400 3409 493 adde
3439 405 3568 493 tres,
3595 400 3735 453 ﬁunt

476 520 662 577 Simon
685 513 973 577 Petrus,et
1002 509 1163 564 traxit
1190 516 1302 562 rete
1346 507 1399 559 in
1449 513 1668 560 terram.
1715 500 1834 557 1am
1887 502 2048 556 credo

476 608 616 680 quod
639 613 818 661 vestra
843 600 1080 656 charitas
1100 597 1331 652 advertit
1354 594 1483 665 quid
1502 603 1586 649 est
1606 592 1746 662 quod
1771 592 1962 646 Petrus
1982 590 2049 644 ad

478 707 677 751 terram
716 692 897 747 trahit.
927 689 1031 757 Ipsi
1059 687 1253 756 quippe
1282 691 1468 739 sancta
1496 682 1736 738 Ecclesia
1785 689 1866 736 est
1904 694 2053 734 com-

368 838 377 847 .
478 787 662 849 missa,
694 782 794 852 ipsi
824 779 1129 850 specialiter
1160 777 1392 831 dicitur:
1423 773 1604 827 Simon
1627 770 1875 834 Joannis,
1904 786 2074 822 antas.

478 877 594 932 nte?
613 874 777 928 Pasce
801 887 916 926 oves
943 885 1103 922 meas.
1122 866 1273 933 Quod
1289 878 1418 934 ergo
1435 862 1771 933 postmodum
1790 859 2047 930 aperitur,

476 967 579 1022 hoc
618 978 761 1019 nunc
803 962 1046 1031 signatur
1076 958 1128 1011 in
1158 970 1341 1027 opere.
1373 954 1509 1021 Quia
1546 952 1709 1023 igitur
1732 951 2053 1019 praedicator

478 1076 576 1116 nos
602 1075 634 1114 a
665 1057 848 1113 nutndi
869 1055 1026 1126 hujus
1051 1052 1300 1108 fluctibus
1321 1057 1536 1120 separat
1556 1046 1810 1103 nimirum
1834 1058 2053 1099 necesse

476 1159 583 1214 est,
607 1159 666 1203 ut
694 1156 805 1203 rete
824 1146 1036 1216 plenum
1068 1143 1303 1214 piscibus
1327 1141 1520 1195 Petrus
1550 1138 1620 1193 ad
1645 1145 1844 1191 terram
1874 1136 2049 1190 ducat.

476 1242 593 1312 Ipse
618 1239 763 1295 enim
793 1239 968 1308 pisces
995 1235 1063 1290 ad
1091 1233 1415 1289 soliditatem
1441 1228 1638 1299 littoris
1661 1223 2053 1297 pertrahit,qui

477 1341 682 1387 sancta:
699 1324 1090 1398 praedicationis
1103 1337 1236 1377 voce
1262 1319 1608 1374 stabilitatem
1630 1324 1848 1371 aeternae
1867 1312 2054 1382 patria:

479 1420 724 1477 fidelibus
748 1417 1001 1473 ostendit.
1032 1414 1146 1469 Hoc
1172 1413 1285 1483 egit
1312 1410 1513 1474 verbis,
1542 1409 1647 1462 hoc
1674 1404 1937 1476 epistolis,
1954 1403 2055 1457 hoc

478 1512 586 1583 agit
612 1509 851 1581 quotidie
881 1504 1262 1562 miraculorum
1299 1500 1486 1573 signis.
1523 1498 1745 1567 Quoties
1792 1511 1888 1566 per
1929 1510 2052 1549 eum

478 1602 546 1657 ad
573 1614 815 1656 amorem
847 1597 1045 1668 quietis
1072 1604 1287 1650 aeternae
1333 1591 1719 1654 convertimur,
1770 1587 1981 1656 quoties
2022 1600 2054 1638 a

480 1701 816 1746 terrenarum
843 1704 1021 1744 rerum
1051 1686 1367 1741 tumultibus
1397 1696 1731 1751 separamur,
1756 1679 1885 1749 quid
1910 1676 2053 1732 aliud

478 1797 639 1850 quam
663 1781 805 1835 intra
840 1787 954 1834 rete
984 1778 1108 1833 fidei
1134 1779 1312 1848 pisces
1341 1777 1408 1832 ad
1443 1777 1595 1831 littus
1620 1772 1915 1829 trahimur?

550 1868 772 1923 Plenum
794 1868 995 1939 magnis
1016 1868 1241 1943 piscibus
1256 1862 1459 1921 centum
1473 1865 1849 1937 quinquaginta
1864 1863 2053 1919 tribus.

479 1961 526 2016 A
551 1976 745 2032 magno
770 1960 1026 2031 mysterio
1052 1973 1309 2013 numerus
1335 1973 1439 2012 non
1467 1965 1653 2020 vacat,
1684 1956 1778 2010 sed
1822 1955 2055 2010 intentos

479 2067 576 2106 vos
604 2050 735 2105 tanti
758 2049 999 2121 mysterii
1027 2048 1363 2119 profunditas
1390 2054 1690 2116 exspectat,
1721 2060 1893 2115 neque
1912 2045 2056 2100 enim

478 2140 799 2211 quantitatis
826 2154 1089 2195 summam
1114 2138 1343 2194 solerter
1362 2138 1687 2209 evangelista
1710 2136 2054 2205 exprimeret,

484 2233 586 2288 nisi
627 2233 766 2287 hanc
794 2238 1132 2286 sacramento
1161 2229 1372 2300 plenam
1396 2245 1516 2285 esse
1537 2228 1858 2300 judicasset.
1893 2226 2059 2281 Scitis

484 2336 716 2391 namque
741 2321 883 2390 quod
912 2320 967 2374 in
997 2319 1344 2374 Testamento
1374 2318 1551 2375 Veteri
1597 2318 1776 2373 omnis
1818 2316 2059 2387 operatio

485 2425 581 2481 per
609 2411 847 2482 dccalogi
893 2411 1144 2465 mandata
1190 2410 1521 2481 prmcipitur.
1576 2410 1632 2463 In
1688 2408 1837 2464 Novo
1878 2417 2060 2463 autem

482 2500 722 2570 ejusdem
744 2500 1072 2571 operationis
1099 2500 1270 2555 virtus
1294 2516 1391 2570 per
1419 2499 1787 2571 septiformem
1832 2499 2061 2571 gratiam

480 2592 654 2647 sancti
697 2590 928 2662 Spiritus
982 2590 1345 2661 multiplicatis
1388 2591 1633 2646 ﬁdelibus
1681 2592 1875 2656 datur,
1903 2604 2062 2659 quem

485 2682 745 2751 pr0pheta
780 2682 1102 2736 denuntians
1127 2681 1297 2736 dicit:
1327 2679 1557 2751 Spiritus
1586 2682 1857 2751 sapientia:
1891 2690 1939 2735 et
1982 2682 2065 2734 in-

488 2769 751 2837 tellectus,
812 2769 1040 2842 Spiritus
1088 2770 1292 2824 consilii
1345 2780 1389 2823 et
1439 2769 1786 2838 fortitudinis,
1835 2768 2064 2840 Spiritus

487 2861 714 2915 scientiw
738 2870 785 2914 et
807 2860 1043 2930 pietatis,
1076 2869 1124 2915 et
1170 2859 1398 2931 Spiritus
1444 2859 1648 2913 timoris
1692 2858 1923 2913 Domini.
1959 2857 2066 2914 Sed

488 2953 580 3008 ille
605 2953 659 3007 in
684 2952 788 3007 hoc
825 2951 1024 3022 Spiritu
1069 2952 1433 3021 operationem
1484 2951 1714 3022 percipit
1762 2950 1854 3021 qui
1902 2949 2061 3005 fidem

491 3040 771 3096 Trinitatis
799 3042 1060 3113 agnoscit,
1090 3051 1149 3096 ut
1171 3048 1226 3096 et
1261 3040 1478 3096 Patrem
1506 3050 1560 3096 et
1588 3041 1783 3096 Filium
1811 3047 1868 3096 et
1905 3054 2058 3095 eum-

2150 512 2277 563 sex;
2308 498 2393 551 his
2415 495 2642 565 adjunge
2661 502 2912 563 quatuor,
2940 490 3076 545 fiunt
3099 490 3283 544 decem
3307 504 3322 554 ;
3359 486 3443 542 bis
3470 487 3731 557 quinque,

2149 571 2209 642 et
2232 587 2453 643 habebis
2481 585 2824 656 quindecim;
2872 591 2929 637 et
2968 582 3048 635 sic
3081 577 3451 635 crescentibus
3490 578 3736 634 numeris

2151 686 2204 733 et
2235 677 2599 747 multiplicatis
2638 689 2807 746 usque
2835 672 2903 728 ad
2932 673 3117 726 decem
3144 678 3200 724 et
3247 678 3476 740 septem,
3511 670 3571 723 fit
3614 685 3737 724 om-

2152 769 2300 822 nium
2329 782 2676 823 numerorum
2704 779 2913 820 summa
2943 764 3167 818 istorum
3190 762 3282 832 qui
3308 761 3737 830 multiplicantur

2152 858 2219 912 ab
2252 874 2361 912 uno
2387 874 2556 928 usque
2588 856 2655 911 ad
2685 857 2871 911 decem
2899 865 2955 909 et
2980 861 3184 922 septem
3220 861 3435 908 centum
3462 852 3702 922 quinqua

2153 949 2299 1021 ginta
2329 958 2458 1002 tres.
2483 948 2613 1015 Qua:
2654 953 2965 1017 computata
3004 945 3269 1014 superiori
3320 943 3739 1015 signiﬁcatione,

2153 1037 2311 1092 idest
2339 1037 2470 1107 legis
2506 1039 2559 1091 in
2587 1036 2829 1101 denario,
2856 1045 2911 1090 et
2938 1036 3125 1106 gratiae
3167 1035 3221 1087 in
3265 1035 3571 1103 septenario
3601 1036 3743 1089 satis

2153 1138 2511 1198 congruenter
2538 1127 2841 1182 conveniet.
2878 1125 2984 1181 Sed
3008 1126 3162 1196 plura
3188 1134 3314 1180 sunt
3338 1126 3461 1178 inde
3486 1126 3745 1180 conside-

2153 1234 2275 1273 rare
2301 1221 2657 1275 admiratione
2688 1219 2867 1289 digna,
2903 1234 3023 1287 qum
3066 1216 3225 1285 hujus
3268 1217 3527 1287 temporis
3570 1232 3747 1286 angu-

2153 1312 2255 1367 stia
2284 1312 2528 1382 prohibet
2555 1327 2653 1366 nos
2672 1311 2852 1365 omnia
2882 1310 3081 1365 dicere.

2223 1400 2287 1454 Et
2318 1417 2437 1454 cum
2467 1403 2600 1454 tanti
2625 1410 2788 1455 essent
2817 1416 2918 1454 non
2958 1409 3031 1454 est
3081 1400 3301 1453 scissum
3354 1409 3477 1454 rete.
3528 1397 3748 1467 Adjecit

2153 1491 2480 1560 evangelista
2518 1506 2633 1546 rem
2668 1491 3034 1546 necessariam
3066 1490 3289 1546 dicens:
3322 1490 3391 1544 Et
3436 1507 3556 1544 cum
3603 1492 3744 1543 tanti

2152 1592 2352 1647 essent;
2374 1582 2485 1638 sive
2513 1593 2619 1636 tam
2640 1583 2841 1653 magni,
2858 1582 3260 1653 sicutsuperius
3280 1582 3506 1648 dictum,
3522 1583 3743 1654 plenum

2154 1674 2361 1744 magnis
2384 1674 2652 1743 piscibus;
2704 1691 2807 1728 non
2830 1684 2904 1728 est
2930 1675 3150 1728 scissum
3179 1683 3284 1728 rete
3311 1690 3329 1728 :
3361 1675 3412 1730 id
3440 1685 3527 1729 est
3555 1678 3743 1745 magni

2081 1768 2130 1827 B
2155 1776 2339 1834 erant,
2370 1768 2464 1823 sed
2496 1769 2638 1823 inter
2661 1783 2756 1824 eos
2786 1769 3020 1823 luereses
3052 1783 3157 1823 non
3198 1775 3372 1832 erant,
3397 1776 3453 1821 ct
3473 1768 3594 1823 ideo
3620 1783 3743 1822 tua-

2155 1859 2237 1930 gis
2259 1860 2491 1915 htereses
2513 1875 2621 1914 non
2643 1867 2822 1925 erant,
2843 1859 2971 1928 quia
3000 1851 3181 1930 mag‘ni
3217 1867 3391 1914 erant.

2228 1949 2365 2004 Dicit
2396 1951 2469 2004 eis
2494 1950 2690 2005 Iesus:
2724 1947 2919 2015 Venite,
2944 1951 3217 2021 prandete.
3250 1950 3314 2004 Et
3347 1966 3495 2004 nemo
3516 1950 3748 2004 audebat

2155 2040 2586 2096 discumbentium
2605 2058 2723 2096 eum
2745 2041 3108 2112 interrogare:
3143 2039 3220 2095 Tu
3250 2043 3369 2111 quis
3401 2042 3495 2095 es?
3534 2039 3747 2096 Sensus

2156 2147 2286 2202 ergo
2307 2132 2396 2187 hic
2417 2140 2527 2187 est:
2553 2130 2721 2186 Tanta
2742 2141 2855 2185 erat
2882 2131 3153 2186 evidentia
3173 2132 3416 2185 veritatis
3436 2130 3563 2200 quia
3579 2130 3748 2185 Jesus

2158 2222 2263 2277 illis
2287 2222 2563 2292 discipulis
2586 2223 2877 2294 apparebat
2901 2231 2962 2276 ut
2980 2238 3166 2278 eorum
3191 2239 3298 2278 non
3318 2223 3491 2278 solum
3516 2238 3745 2295 negare,

2159 2311 2253 2366 sed
2295 2326 2363 2366 ne
2402 2311 2651 2366 dubitare
2683 2311 2902 2382 quidem
2943 2311 3083 2367 ullus
3122 2314 3366 2379 auderet,
3389 2313 3642 2384 quoniam
3692 2313 3749 2370 si

2160 2400 2443 2472 quisquam
2466 2401 2736 2457 dubitaret
2766 2402 2955 2473 utique
2996 2402 3336 2474 interrogare
3374 2404 3612 2460 deberet.
3646 2401 3751 2462 Sic

2160 2504 2289 2561 ergo
2311 2490 2511 2545 dictum
2537 2498 2654 2545 est:

2236 2579 2405 2636 Nemo
2427 2581 2649 2635 audebat
2679 2583 3004 2654 interrogare
3029 2598 3049 2636 :
3080 2583 3157 2638 Tu
3176 2586 3292 2656 quis
3312 2587 3408 2642 es?
3431 2587 3511 2645 Ac
3534 2588 3579 2643 si
3598 2588 3748 2645 dice-

2160 2681 2313 2728 retur
2343 2690 2357 2727 :
2393 2671 2561 2728 Nemo
2587 2673 2818 2730 audebat
2842 2675 3092 2731 dubitare
3118 2678 3259 2747 quod
3291 2678 3595 2749 ipseesset.

2232 2762 2301 2817 Et
2325 2764 2456 2817 venit
2489 2762 2665 2827 Iesus,
2694 2774 2741 2819 et
2764 2766 2960 2836 accepit
2983 2782 3191 2835 panem,
3207 2777 3257 2822 et
3275 2769 3434 2823 dabat
3460 2772 3556 2836 eis,
3580 2781 3627 2824 et
3661 2773 3752 2841 pi-

2161 2868 2298 2906 scem
2318 2852 2578 2907 similiter.
2604 2852 2908 2911 Notandum
2935 2870 3151 2925 quoque
3172 2859 3317 2927 quod
3344 2858 3588 2913 ultimum
3613 2875 3751 2915 con-

2162 2944 2365 2998 vivium
2394 2943 2658 3000 Dominus
2680 2959 2800 2999 eum
2831 2953 3039 3016 septem
3074 2947 3354 3018 discipulis
3377 2950 3630 3005 habuisse
3650 2952 3743 3006 de-

2163 3036 2435 3092 scribitur.
2453 3036 2644 3093 Petrus
2663 3053 2895 3107 namque
2910 3045 2964 3093 et
2979 3038 3235 3105 Thomas,
3253 3039 3550 3096 Natbanael
3572 3053 3627 3097 et
3649 3042 3750 3098 ﬁlii

486 3131 608 3188 dem
641 3133 899 3202 Spiritum
925 3141 1193 3197 sanctum,
1218 3132 1378 3188 unius
1418 3132 1634 3188 virtutis
1667 3133 1869 3197 credat,
1896 3131 2056 3186 unius
2083 3126 2127 3190 C
2158 3128 2399 3185 Zebedzei
2425 3137 2480 3183 et
2502 3129 2593 3183 alii
2613 3144 2681 3184 ex
2712 3130 2987 3200 discipulis
3014 3129 3131 3199 ejus
3151 3132 3256 3187 duo
3275 3134 3330 3188 in
3357 3149 3424 3189 eo
3446 3134 3612 3191 fuisse
3632 3152 3758 3192 me-

488 3224 804 3279 substantite
828 3238 946 3279 esse
971 3223 1223 3279 fateatur.
1252 3222 1388 3291 Quia
1419 3223 1582 3294 igitur
1604 3232 1807 3292 septem
1834 3236 1952 3292 qute
1973 3237 2063 3277 su-

487 3315 671 3384 perius
695 3314 928 3369 diximus
956 3330 1053 3384 per
1080 3312 1287 3369 Novum
1320 3312 1723 3368 Testamentum
1754 3312 1914 3367 latius
1938 3312 2062 3367 data

490 3415 635 3473 sunt,
663 3408 849 3462 decem
872 3422 999 3461 vero
1031 3421 1128 3475 per
1151 3404 1359 3459 Veteris
1403 3404 1734 3459 Testamenti
1773 3411 2063 3474 praecepta,

490 3498 667 3554 omnis
692 3505 875 3552 nostra
899 3497 1072 3551 virtus
1095 3504 1150 3551 et
1166 3496 1407 3565 operatio
1435 3508 1531 3565 per
1557 3495 1742 3549 decem
1778 3501 1834 3549 et
1858 3501 2063 3564 septem

488 3597 668 3662 potest
694 3588 850 3659 plene
877 3587 1280 3658 comprehendi.
1329 3585 1597 3640 Ducamus
1624 3599 1752 3654 ergo
1776 3598 1873 3657 per
1902 3584 2066 3654 trigo-

488 3696 618 3737 num
642 3681 828 3736 decem
854 3686 912 3734 et
949 3687 1158 3748 septem
1207 3685 1263 3732 et
1316 3675 1533 3730 veniunt
1580 3674 1967 3745 quinquaginta
2012 3682 2066 3727 et

491 3785 684 3835 unum,
706 3769 798 3840 qui
838 3764 1079 3839 profecto
1104 3780 1363 3821 numerus
1391 3780 1422 3818 a
1452 3780 1649 3836 magno
1679 3764 1935 3836 mysterio
1958 3780 2065 3819 non

491 3868 669 3925 vacat,
699 3859 823 3929 quia
842 3858 953 3927 jam
981 3857 1035 3909 in
1068 3855 1414 3910 Testamento
1442 3856 1624 3911 Veteri
1652 3856 1901 3926 legimus,
1924 3855 2067 3925 quod

492 3964 667 4006 annus
694 3946 1169 4017 quinquagesimus
1195 3943 1453 4000 Jubilaeus
1474 3948 1655 4000 vocari
1680 3946 1865 4015 jussus
1885 3958 1988 4013 est,
2011 3947 2066 4001 in

492 4054 602 4107 quo
625 4035 870 4089 videlicet
896 4042 1123 4089 cunctus
1147 4033 1372 4104 populus
1394 4034 1462 4088 ab
1487 4034 1633 4088 omni
1664 4050 1826 4105 opere
1852 4035 2067 4104 requie-

496 4139 691 4192 sceret,
716 4127 808 4183 sed
834 4141 961 4181 vera
986 4125 1199 4195 requies
1226 4125 1278 4178 in
1299 4125 1505 4178 unitate
1526 4133 1609 4179 est
1641 4144 1654 4179 :
1684 4126 1847 4180 dividi
1872 4127 2068 4197 quippe

495 4233 661 4276 unum
692 4232 797 4273 non
829 4224 1026 4287 potest.
1072 4214 1172 4271 Ubi
1202 4213 1345 4269 enim
1389 4214 1623 4269 scissura
1660 4215 1937 4270 divisionis
1962 4223 2065 4282 est,

495 4327 624 4367 vera
668 4309 880 4381 requies
910 4324 1014 4365 non
1046 4316 1147 4363 est.
1194 4307 1463 4362 Ducamus
1496 4320 1591 4377 per
1617 4307 1884 4378 trigonum
1915 4308 2071 4377 quin-

497 4404 752 4475 quaginta
784 4410 841 4457 et
864 4416 1027 4456 unum
1069 4409 1124 4455 et
1154 4399 1289 4454 fiunt
1321 4407 1535 4454 centum
1586 4406 1643 4455 et
1686 4398 2068 4469 quinquaginta

2163 3229 2461 3276 morantur.
2480 3220 2588 3277 Cur
2608 3236 2730 3276 eum
2754 3231 2959 3292 septem
2979 3224 3261 3294 discipulis
3289 3224 3534 3280 ultimum
3557 3228 3753 3282 convi—

2163 3312 2308 3366 vium
2322 3311 2576 3380 celebrat,
2592 3313 2695 3369 nisi
2708 3315 2836 3383 quia
2850 3330 2945 3369 eos
2960 3317 3328 3371 tantummodo
3341 3317 3433 3387 qui
3447 3316 3754 3388 septiformi

2165 3402 2334 3472 gratia
2362 3403 2533 3457 sancti
2564 3402 2798 3474 Spiritus
2826 3404 2968 3475 pleni
3022 3416 3148 3461 sunt
3197 3407 3410 3463 futuros
3459 3423 3641 3464 secum
3693 3409 3751 3465 iu

2165 3502 2368 3546 aeterna
2403 3490 2697 3548 refectione
2725 3495 3041 3551 denuntiat?
3067 3496 3286 3567 Septem
3316 3513 3531 3568 quoque
3555 3499 3752 3557 diebus

2167 3597 2324 3637 omne
2351 3583 2454 3638 hoc
2483 3593 2693 3653 tempus
2716 3585 2981 3642 evolvitur
3006 3597 3062 3643 et
3101 3604 3244 3659 smpe
3284 3590 3594 3659 septenario
3641 3606 3720 3646 nn

2167 3687 2317 3727 mero
2345 3672 2605 3742 perfectio
2632 3675 2960 3745 designatur.
3004 3678 3082 3731 llli
3114 3693 3246 3749 ergo
3282 3679 3470 3735 ultimo
3501 3679 3754 3736 convivio

2168 3765 2234 3818 de
2271 3765 2555 3832 prtcsentia
2579 3765 2823 3822 veritatis
2849 3768 3154 3838 epulantur,
3177 3770 3267 3839 qui
3295 3785 3438 3825 nunc
3462 3769 3757 3839 perfectio—

2168 3854 2254 3909 nis
2281 3855 2458 3910 studio
2484 3864 2699 3911 terrena
2743 3859 3152 3925 transcendunt,
3181 3872 3318 3930 quos
3362 3860 3547 3914 mundi
3595 3875 3756 3916 amor

2168 3960 2273 4021 non
2326 3944 2527 4016 alligat,
2575 3946 2771 4016 quibus
2820 3948 2922 4003 etsi
2966 3956 3248 4018 utcunque
3281 3963 3377 4019 per
3414 3958 3754 4005 teutameuta

2168 4036 2451 4106 obstrepit,
2483 4047 2659 4108 empta
2698 4046 2877 4093 tamen
2908 4053 3097 4094 eorum
3129 4039 3391 4096 desideria
3423 4056 3529 4095 non
3566 4048 3758 4096 retun-

2169 4126 2266 4181 dit.
2296 4125 2372 4180 De
2398 4127 2500 4182 hoc
2532 4136 2776 4184 extremo
2802 4130 3048 4186 convivio
3084 4130 3219 4186 alias
3256 4146 3352 4200 per
3379 4130 3642 4186 Joannem
3670 4132 3757 4186 di-

2169 4215 2349 4270 citur:
2381 4216 2531 4271 Beati
2576 4219 2665 4289 qui
2704 4219 2772 4272 ad
2830 4236 3028 4275 caenam
3073 4221 3356 4292 nuptialem
3409 4222 3530 4292 agni
3579 4222 3756 4276 vocati

2169 4318 2311 4363 sunt.
2339 4306 2546 4364 idcirco
2573 4309 2719 4364 enim
2748 4325 2854 4365 non
2887 4312 2956 4366 ad
2989 4310 3274 4382 prandium
3319 4311 3414 4367 sed
3444 4312 3513 4365 ad
3537 4326 3755 4367 uenam

2171 4410 2392 4457 vocatos
2414 4410 2617 4466 narrat,
2642 4402 2768 4471 quia
2795 4402 3048 4458 nimirum
3080 4402 3136 4457 in
3163 4402 3271 4457 line
3293 4403 3401 4458 diei
3442 4403 3756 4457 convivium

500 4506 631 4551 tres.
662 4495 799 4562 Quia
829 4495 991 4564 igitur
1017 4502 1071 4547 et
1099 4492 1274 4548 omnis
1301 4492 1543 4562 operatio
1571 4499 1756 4546 nostra
1799 4500 1856 4546 et
1896 4493 2069 4547 virtus
2092 4485 2146 4545 D
2171 4506 2325 4548 ctena
2353 4499 2455 4546 est.
2486 4491 2589 4558 Qui
2624 4507 2756 4563 ergo
2795 4492 2949 4547 ﬁnito
2992 4492 3117 4548 vitae
3166 4492 3449 4563 praesentis
3505 4501 3757 4563 tempore

500 4585 553 4639 in
582 4585 683 4638 (ide
708 4582 991 4636 Trinitatis
1015 4583 1248 4637 exhibita
1276 4582 1342 4637 ad
1371 4582 1613 4652 requiem
1645 4581 1834 4647 tendit,
1863 4566 2068 4652 se‘ptem

505 4686 559 4730 ct
588 4674 772 4728 decem
801 4683 883 4726 ter
905 4672 1149 4726 ducimus
1172 4680 1231 4726 ut
1254 4672 1321 4727 ad
1366 4671 1751 4743 quinquaginta
1797 4679 1853 4726 et
1902 4686 2067 4725 unum

499 4763 680 4817 venire
710 4760 1018 4816 debeamus.
1054 4760 1118 4814 Et
1144 4776 1271 4815 vera
1298 4770 1483 4816 nostra
1532 4761 1747 4830 requies
1795 4769 1922 4816 tunc
1965 4770 2069 4827 est,

446 4896 449 4899 Α
500 4868 622 4906 cum
664 4853 832 4920 ipsam
869 4849 985 4920 jam
1030 4850 1329 4904 claritatem
1381 4850 1661 4906 Trinitatis
1707 4851 2068 4923 agnoscimus,

502 4938 663 5010 quam
703 4941 756 4995 in
804 4943 1007 4995 unitate
1049 4939 1344 4995 divinitatis
1384 4957 1502 4997 esse
1552 4952 1757 4998 certam
1805 4953 2068 4999 tenemus.

504 5029 902 5101 Quinquaginta
929 5039 984 5084 et
1030 5045 1195 5083 unum
1247 5038 1327 5083 ter
1380 5031 1643 5098 ducimus,
1673 5041 1730 5087 et
1774 5032 2069 5088 electorum

503 5140 768 5181 summam
783 5125 834 5178 in
849 5139 1080 5195 superna
1097 5123 1266 5193 patria
1281 5124 1436 5193 quasi
1454 5135 1667 5180 centum
1684 5124 2072 5195 quinquaginta

505 5216 665 5270 trium
694 5214 921 5284 piscium
949 5229 1228 5269 numerum
1253 5221 1518 5268 tenemus.
1564 5214 1694 5270 Post
1722 5215 2074 5270 resurrectio—

504 5321 629 5361 nem
651 5319 781 5359 vero
809 5301 1017 5359 Domini
1046 5305 1270 5359 missum
1317 5311 1453 5368 rete,
1482 5305 1700 5376 dignum
1743 5304 1844 5359 fuit
1886 5313 1945 5360 ut
1996 5312 2077 5359 tot

507 5395 681 5465 pisces
707 5402 945 5464 caperet,
967 5402 1098 5464 quot
1126 5392 1463 5449 solummodo
1497 5394 1698 5449 electos
1744 5394 1937 5465 dignos
1980 5411 2075 5450 su—

505 5502 686 5557 perna:
710 5486 896 5557 patriai
918 5485 1241 5557 designaret.
1278 5485 1375 5539 Est
1400 5500 1613 5556 quoque
1639 5485 1742 5539 alia
1773 5487 2077 5556 supputalio

505 5572 669 5646 hujus
693 5576 982 5648 septenarii
1007 5584 1063 5632 et
1101 5575 1307 5631 denarii
1337 5576 1567 5630 numeri.
1615 5573 1750 5629 Nam
1797 5576 1843 5631 si
1873 5577 1941 5631 ab
1970 5589 2078 5630 uno

508 5656 700 5723 amnes
722 5683 975 5726 numeros
987 5676 1262 5739 computes
1282 5680 1453 5737 usque
1473 5663 1540 5722 ad
1565 5666 1749 5723 decem
1769 5675 1825 5722 et
1851 5676 2077 5740 septem,

2174 4582 2241 4636 ad
2291 4579 2640 4637 refectionem
2691 4596 2938 4652 superna:
2985 4581 3455 4653 contemplationis
3503 4582 3754 4648 veniunt,

2172 4686 2280 4726 non
2306 4671 2372 4727 ad
2397 4672 2519 4742 agni
2539 4673 2846 4743 prandium,
2863 4672 2956 4728 sed
2977 4674 3045 4728 ad
3070 4688 3285 4729 orenam
3308 4681 3590 4728 vocantur.
3619 4671 3758 4740 Qua

2174 4762 2425 4819 videlicet
2462 4777 2620 4818 ctena
2646 4763 2750 4818 hoc
2785 4763 2974 4819 ultimo
3002 4764 3247 4819 convivio
3272 4764 3613 4835 exprimitur.
3649 4763 3756 4819 Ubi

2175 4867 2297 4906 cum
2326 4851 2453 4907 Jesu
2480 4860 2686 4923 septem
2718 4853 2963 4924 discipuli
2995 4855 3186 4910 adesse
3213 4861 3602 4920 memorantur,
3622 4854 3759 4925 quia

2175 4940 2295 4998 illos
2322 4950 2383 4996 ut
2409 4942 2646 4997 diximus
2676 4951 2801 4999 tunc
2830 4944 2886 4999 in
2917 4952 3119 4999 aeterna
3166 4944 3459 5000 refectione
3504 4944 3759 5014 recipiet,

2177 5033 2268 5102 qui
2287 5032 2429 5103 pleni
2455 5049 2597 5089 nunc
2626 5033 2956 5105 septiformis
2982 5035 3172 5106 gratia:
3201 5035 3255 5089 in
3284 5049 3470 5090 amore
3514 5033 3762 5105 Spiritus

2177 5123 2449 5189 anhelant,
2479 5124 2607 5193 quid
2636 5133 2718 5180 est
2756 5126 2898 5195 quod
2941 5124 3268 5196 Redemptor
3314 5134 3501 5181 noster
3544 5125 3760 5196 piscem

2176 5225 2360 5266 assum
2393 5220 2515 5282 post
2545 5214 2997 5269 resurrectionem
3041 5215 3408 5280 manducavit,
3450 5222 3504 5269 et
3544 5213 3601 5267 iu
3643 5211 3763 5268 alio

2174 5299 2460 5371 Evangelio
2488 5300 2685 5356 dicitur
2710 5318 2830 5357 cum
2876 5303 3025 5373 pisce
3068 5318 3190 5359 asso
3238 5302 3420 5359 favum
3465 5302 3667 5367 mellis,
3697 5302 3763 5358 in

2173 5390 2278 5445 isto
2301 5405 2431 5445 vero
2455 5406 2647 5460 panem
2669 5407 2789 5447 cum
2812 5392 2997 5463 pisce?
3039 5391 3178 5459 Quid
3215 5393 3358 5448 enim
3400 5392 3569 5461 piscis
3592 5405 3763 5446 assus

2173 5481 2461 5553 significat,
2482 5483 2586 5537 nisi
2615 5482 2891 5538 Christum
2912 5485 3164 5553 passum?
3204 5482 3340 5550 Quid
3375 5480 3527 5536 favus
3554 5481 3761 5548 mellis,

2174 5575 2277 5631 nisi
2297 5575 2594 5631 divinitatis
2614 5574 2964 5631 dulceamen?
2989 5575 3161 5633 Piscis
3184 5584 3269 5632 est
3286 5576 3413 5646 quia
3438 5575 3554 5644 ipse
3581 5572 3765 5637 latere

2176 5667 2426 5740 dignatus
2447 5667 2501 5724 in
2529 5666 2688 5740 aquis
2720 5666 2942 5725 humani
2984 5669 3198 5742 generis
3245 5676 3347 5725 est.
3400 5666 3531 5738 Capi
3584 5666 3763 5722 voluit
