4040 6188
242 331 344 388 157

1340 274 1649 377 naulum
1689 317 1757 373 IN
1796 315 2050 373 nunc.
2084 316 2177 372 ET
2214 315 2434 373 EPIST.

3420 320 3520 375 158

237 451 434 521 laqueo
461 445 655 502 mortis
682 453 910 509 nostrae,
931 450 989 499 et
1024 442 1177 513 quasi
1232 441 1581 497 tribulatione
1625 448 1843 496 assatus

1946 431 2084 489 mias
2112 432 2430 489 admirando
2480 430 2855 503 proloquitur:
2891 431 3115 488 Mutavit
3146 432 3392 504 Ai‘thiops
3413 435 3523 505 pcl-

239 550 326 597 est
347 550 588 608 tempore
617 535 896 607 passionis
918 549 1053 590 suae.
1089 533 1195 590 Sed
1222 534 1313 604 qui
1341 534 1510 603 piscis
1535 548 1690 589 assus
1718 532 1836 588 fieri

242 635 494 703 dignatus
514 637 602 684 est
624 628 682 682 in
710 627 966 698 passione
1001 625 1157 679 favus
1198 625 1374 681 mellis
1426 625 1581 680 nobis
1625 624 1838 679 exstitit

240 725 298 780 in
324 721 750 779 resurrectione.
780 718 863 772 An
899 718 991 789 qui
1019 718 1071 772 in
1099 718 1246 788 pisce
1273 733 1397 772 asso
1424 717 1642 789 [igurari
1668 717 1838 773 voluit

242 812 653 869 tn’bulationem
675 808 948 879 passionis
966 823 1094 869 suae,
1113 808 1166 861 in
1196 805 1320 861 favo
1344 806 1522 861 mellis
1551 815 1839 877 utramque

240 913 492 961 naturam
513 901 825 971 exprimere
845 898 1014 952 voluit
1026 912 1269 968 personae
1290 913 1432 963 suae;
1465 896 1619 952 favus
1642 898 1841 969 quippe

244 996 345 1050 mel
372 996 432 1048 in
455 1006 586 1047 cera
608 999 698 1047 est
722 989 979 1045 divinitas
1000 990 1052 1044 in
1085 989 1424 1044 humanitate
1447 1004 1461 1043 :
1486 990 1628 1058 quod
1651 991 1718 1043 ab
1739 991 1842 1044 hac

242 1078 460 1156 quoque
481 1082 726 1139 lectione
756 1097 863 1136 non
891 1081 1190 1150 discrepat,
1219 1096 1343 1135 nam
1370 1080 1572 1149 piscem
1602 1081 1841 1134 comedit

242 1188 293 1231 et
318 1191 547 1246 panem.
578 1173 681 1242 Qui
704 1173 847 1229 enim
879 1172 1051 1227 assari
1077 1180 1136 1226 ut
1158 1171 1326 1241 piscis
1354 1172 1528 1241 potuit
1548 1186 1613 1226 ex
1645 1170 1839 1225 humao

246 1269 437 1330 nitate,
469 1279 616 1335 pane
655 1280 755 1319 nos
790 1262 962 1319 reiicit
1004 1279 1072 1318 ex
1118 1262 1418 1327 divinitate,
1446 1262 1537 1332 qui
1582 1262 1700 1316 ait:
1726 1260 1840 1330 Ego

243 1377 357 1413 sum
385 1358 548 1427 panis
570 1355 845 1426 civus,qui
888 1354 953 1408 de
991 1353 1115 1408 caelo
1164 1353 1426 1408 descendi.
1472 1353 1666 1408 Assum
1712 1368 1842 1408 vero

245 1453 452 1522 piscem
506 1447 748 1504 comedit
792 1453 848 1501 et
886 1460 1099 1515 panem,
1144 1452 1204 1499 ut
1236 1444 1356 1513 ipso
1412 1458 1511 1498 suo
1539 1444 1661 1499 cibo
1686 1443 1843 1498 nobis

247 1541 568 1595 ostenderet
594 1537 722 1608 quia
745 1545 802 1593 et
830 1537 1136 1607 passionem
1165 1551 1232 1590 ex
1276 1543 1462 1591 nostra
1506 1535 1843 1590 humanitate

248 1632 500 1703 pertulit,
532 1641 591 1686 et
612 1630 1071 1685 resurrectionem
1099 1634 1344 1682 nostram
1365 1642 1433 1681 ex
1449 1642 1545 1681 sua
1560 1626 1844 1680 divinitate

249 1723 587 1795 procuravit.
622 1712 738 1777 Hoc
757 1722 869 1792 jam
899 1721 1058 1776 tertio
1086 1716 1465 1774 manifestatus
1487 1726 1572 1772 est
1604 1717 1838 1786 discipu-

1939 526 2041 581 lem
2066 542 2219 581 suam
2248 540 2266 578 :
2297 526 2352 581 id
2371 532 2456 580 est
2483 524 2642 580 sorde
2662 533 3010 595 peccatorum
3040 525 3223 581 abluta
3267 527 3333 582 de
3374 527 3524 587 lava-

1939 635 2035 676 cro
2058 618 2188 675 Jesu
2212 618 2499 673 dealbatus
2528 618 2795 673 ascendit.

2008 710 2270 765 Candacis
2293 710 2484 780 reginis
2503 708 2835 779 Ethiopum.
2866 710 2933 764 Et
2964 710 3018 764 in
3043 709 3249 779 Regum
3274 711 3414 768 libro
3443 712 3523 769 le-

1939 805 2118 876 gimus
2151 802 2275 871 quia
2306 801 2495 871 regina
2526 798 2712 855 Austri
2741 801 2888 854 venit
2916 816 2946 854 a
2981 800 3178 856 ﬁnibus
3228 809 3389 857 terra:
3427 820 3526 858 au-

1940 897 2055 951 dire
2080 893 2400 965 sapientiam
2428 892 2752 948 Salomonis.
2780 892 2945 947 Moris
2974 895 3170 964 quippe
3194 892 3294 948 fuit
3323 895 3398 949 illi
3428 911 3524 950 na-

1940 986 2071 1041 tioni
2103 1000 2318 1054 semper
2345 999 2377 1039 a
2417 982 2633 1039 feminis
2657 985 2769 1055 regi
2811 999 3010 1054 easque
3035 984 3313 1042 Candaces
3341 986 3526 1057 appel-

1938 1078 2071 1134 lare.
2104 1078 2310 1146 Regina
2331 1075 2670 1145 Ethiopum,
2690 1077 3082 1131 thesaurarium
3107 1079 3442 1147 praemittens
3469 1078 3523 1132 in

1940 1168 2294 1232 Hierusalem,
2334 1168 2573 1238 gentium
2622 1168 2872 1238 designat
2912 1168 3229 1233 Ecclesium,
3262 1170 3523 1225 virtutum

1941 1261 2171 1329 ﬁdeique
2199 1260 2426 1315 Domino
2438 1261 2574 1315 dona
2596 1260 2849 1315 laturam.
2869 1260 2972 1315 Sed
2989 1269 3045 1315 et
3058 1262 3291 1317 nominis
3314 1271 3525 1333 etymo-

1939 1349 2078 1420 logia
2117 1349 2386 1404 convenit.
2441 1348 2629 1404 Potest
2671 1351 2816 1404 enim
2862 1351 3127 1406 Candacis
3175 1367 3243 1408 ex
3298 1352 3526 1408 Hebraeo

1941 1450 2255 1495 commutata
2282 1441 2661 1510 interpretari;
2692 1441 2805 1511 ipsa
2820 1443 3017 1512 quippe
3031 1453 3112 1498 est
3129 1443 3214 1497 cui
3243 1444 3294 1497 in
3320 1444 3526 1513 psalmo

1939 1547 2034 1601 pro
2058 1530 2139 1584 his
2184 1532 2274 1601 qui
2312 1531 2870 1586 commutabantur'in
2932 1532 3211 1603 Scriptura
3261 1534 3460 1589 dicitur
3508 1552 3523 1589 :

1942 1621 2101 1686 Audi,
2128 1620 2242 1690 ﬁlia
2261 1662 2276 1686 ,
2297 1631 2346 1675 et
2374 1622 2510 1687 uide,
2533 1630 2583 1676 et
2607 1621 2805 1677 inclina
2830 1640 3013 1676 aurem
3056 1633 3200 1677 tuam
3218 1665 3232 1689 ,
3256 1633 3307 1679 et
3345 1624 3528 1679 oblivi-

1941 1728 2085 1766 scere
2110 1711 2359 1782 populum
2387 1722 2559 1778 tuum,
2587 1723 2635 1767 et
2663 1714 2877 1767 domum
2897 1717 3063 1785 patris
3096 1718 3197 1783 tui,
3226 1724 3333 1773 etc.
3378 1716 3528 1773 Dixit

248 1812 315 1867 lis
336 1812 456 1866 suis
483 1827 609 1866 cum
642 1811 969 1867 surrexisset
995 1825 1025 1863 a
1062 1809 1308 1864 mortuis.
1337 1805 1451 1862 Hoc
1472 1823 1578 1862 non
1607 1806 1673 1861 ad
1699 1807 1844 1876 ipsas
1871 1801 1919 1861 B
1947 1810 2127 1856 autem
2160 1801 2394 1871 Spiritus
2418 1802 2667 1873 Philippo
2692 1823 2706 1858 :

250 1902 768 1965 demonstrationes,
801 1900 896 1956 sed
945 1900 1014 1954 ad
1058 1900 1175 1955 dies
1226 1899 1434 1954 referre
1477 1899 1759 1962 debemus,
1791 1896 1845 1951 id

250 2004 352 2057 est,
366 1994 552 2064 primo
568 1993 658 2047 die
676 2007 798 2047 cum
816 1992 1117 2048 resurrexit
1137 1999 1192 2046 et
1211 2000 1338 2061 post
1355 1992 1471 2047 dies
1484 2000 1608 2047 octo
1630 1991 1846 2060 quando

251 2084 557 2156 discipulus
588 2083 827 2139 Thomas
855 2099 979 2139 eum
1003 2084 1139 2138 vidit
1183 2091 1238 2138 et
1267 2083 1515 2149 credidit,
1549 2090 1605 2138 et
1627 2086 1731 2138 hoc
1760 2083 1846 2138 die

252 2177 476 2244 quando
506 2175 612 2230 hoc
636 2174 702 2229 de
728 2174 966 2244 piscibus
998 2173 1145 2230 fecit.
1170 2173 1303 2229 Post
1329 2185 1464 2245 quot
1504 2182 1685 2230 autem
1729 2174 1845 2229 dies

255 2264 307 2319 id
329 2264 529 2318 fecerit
552 2263 642 2319 hic
665 2263 867 2319 dictum
902 2278 1008 2318 non
1052 2270 1175 2318 est:
1205 2279 1329 2317 nam
1378 2264 1490 2334 ipse
1533 2264 1710 2333 primo
1757 2262 1846 2318 die

254 2368 365 2406 non
397 2351 567 2407 semel
614 2353 763 2407 visus
802 2360 918 2417 est;
975 2354 1056 2409 sic
1101 2354 1554 2424 evangelistamm
1603 2355 1844 2409 omnium

256 2440 577 2496 testimonia
631 2441 825 2496 collata
872 2441 1264 2509 demonstrant,
1305 2442 1419 2509 sed,
1457 2445 1599 2498 sicut
1642 2444 1844 2499 dictum

253 2540 366 2596 est,
393 2531 690 2586 secundum
720 2532 834 2588 dies
868 2535 1216 2589 numeranda:
1236 2542 1363 2590 sunt
1384 2535 1846 2591 manifestationes

254 2618 401 2690 eius,
432 2629 495 2676 ut
516 2619 619 2676 ista
649 2620 721 2676 sit
746 2622 925 2676 tertia.

659 2711 671 2722 ’
844 2711 1124 2768 HOMlLlA
1159 2713 1252 2768 Xl.

935 2820 1090 2859 ηιιιΑ
1128 2821 1181 2860 ν.

618 2890 805 2948 Lectio
840 2892 1067 2947 Actuum
1101 2895 1489 2965 apostolorum.

332 2980 405 3036 lu
427 2981 611 3037 diebus
640 2981 765 3048 illis,
791 2984 1007 3054 angelus
1035 2984 1245 3039 Domini
1276 2985 1478 3041 locutus
1503 2997 1577 3042 est
1611 2989 1681 3042 ad
1712 2986 1845 3042 Phi-

255 3074 463 3144 lippum
488 3074 669 3129 dicens
692 3088 712 3126 :
743 3074 913 3145 Surge
936 3084 985 3130 et
1004 3075 1131 3130 vade
1160 3088 1345 3132 contra
1382 3080 1730 3133 meridianum
1749 3122 1762 3143 ,
1791 3088 1847 3135 et

258 3163 499 3231 reliqua.

332 3253 486 3308 Bene
521 3252 575 3307 in
611 3254 837 3309 meridie
869 3258 1148 3324 queritur,
1185 3265 1241 3311 et
1276 3258 1570 3325 invenitur,
1592 3269 1648 3315 et
1675 3262 1848 3317 ablui-

261 3351 355 3397 tur
382 3342 476 3397 ille
508 3343 601 3412 qui
632 3344 918 3398 devotione
953 3346 1187 3412 pectoris
1214 3348 1410 3403 ardens
1435 3349 1580 3403 velut
1600 3352 1846 3420 qumdam

258 3434 509 3505 gentium
537 3434 789 3502 primitiis
810 3434 920 3489 Deo
945 3437 1144 3490 meruit
1170 3440 1499 3504 mnsecrari,
1530 3440 1584 3493 in
1610 3456 1718 3509 quo
1738 3441 1847 3509 spi-

259 3524 504 3579 ritaliter
526 3523 651 3576 illud
696 3522 994 3579 Psalmisue
1041 3526 1365 3595 completum
1418 3535 1503 3583 est
1528 3545 1541 3581 :
1571 3527 1848 3599 Ethiopia

262 3615 551 3685 preueniet
580 3630 769 3668 manus
797 3614 924 3668 Deo.

337 3708 418 3761 Ad
456 3707 599 3760 uiam
624 3722 742 3776 quia
761 3705 1027 3760 descendit
1052 3706 1118 3759 ab
1147 3707 1480 3763 Hierusalem
1518 3710 1573 3763 in
1612 3707 1847 3777 Casam;

263 3796 378 3849 Iure
404 3804 487 3849 est
511 3795 738 3848 deserta.
764 3792 836 3848 Et
860 3810 1074 3865 surgens
1101 3796 1248 3850 abiit.
1290 3796 1406 3852 Non
1442 3799 1528 3852 via
1571 3800 1664 3854 sed
1701 3799 1848 3856 Gaza

264 3882 490 3937 deserta
509 3883 727 3938 dicitur.
762 3884 927 3938 Vetus
955 3885 1096 3939 enim
1123 3886 1212 3941 illa
1234 3886 1381 3942 Gaza
1423 3902 1543 3957 quae
1590 3892 1851 3946 terminus

262 3977 544 4045 quondam
568 3985 689 4033 erat
713 3977 1137 4034 Chananazorum
1157 3981 1313 4051 juxta
1337 3981 1629 4053 Egyptum
1667 3985 1734 4036 ad
1764 3999 1851 4037 so-

261 4066 381 4120 lum
411 4081 586 4136 usque
612 4067 907 4133 destructa,
950 4077 1004 4123 et
1039 4070 1144 4124 alia
1186 4086 1285 4141 pro
1330 4071 1416 4127 illa
1459 4072 1567 4127 alio
1608 4072 1727 4128 loco
1767 4080 1851 4128 est

228 4216 243 4229 υ
261 4165 608 4211 constructa.
629 4155 761 4223 Quae
788 4157 1073 4226 allegorice
1099 4160 1338 4229 gentium
1370 4161 1578 4230 plebem
1602 4162 1851 4233 designat

260 4243 400 4301 olim
448 4259 481 4298 a
533 4244 627 4299 Dei
656 4245 867 4300 cultura
903 4248 1195 4314 desertam,
1244 4266 1418 4319 neque
1463 4253 1849 4322 prophetarum

260 4336 432 4392 ullius
455 4335 928 4406 praedicationibus
956 4339 1249 4395 excultam.
1296 4342 1394 4397 Via
1442 4358 1569 4397 vero
1618 4359 1738 4413 qua:
1785 4345 1851 4399 ad

262 4428 516 4483 eamdem
544 4426 616 4481 ab
638 4427 1027 4499 Hierosolymis
1056 4432 1383 4487 descendens
1422 4435 1621 4490 fontem
1662 4438 1850 4493 salutis

147 4564 162 4576 .
261 4517 480 4587 aperuit
499 4517 762 4575 Dominus
780 4492 936 4575 lesus
959 4519 1207 4578 Christus
1222 4533 1305 4579 est
1327 4526 1416 4595 qui
1445 4529 1520 4580 ait
1554 4544 1567 4581 :
1598 4526 1707 4597 Ego
1732 4492 1846 4581 sum
1878 4492 1927 4552 Β

259 4609 353 4661 sia
377 4618 426 4661 et
454 4609 643 4662 ueritas
679 4617 728 4661 et
763 4610 903 4676 vita;
952 4612 1080 4681 quia
1128 4628 1359 4683 superna
1406 4615 1739 4671 Hierusalem
1780 4618 1847 4672 ad

260 4708 456 4755 nostra
481 4701 696 4755 inﬁrma
720 4700 1021 4769 descendit,
1037 4705 1376 4773 baptismatis
1397 4707 1538 4761 unda
1558 4707 1843 4774 dealbavit,

256 4792 546 4859 nostrique
575 4801 760 4848 reatus
787 4792 1014 4847 crimina
1045 4794 1262 4849 delevit.

336 4882 476 4936 Ecce
506 4886 584 4937 vir
617 4883 867 4954 Ethiops
891 4886 1159 4941 eunuchus
1188 4898 1387 4957 potens.
1416 4886 1521 4943 Pro
1550 4888 1749 4944 virtute
1789 4897 1845 4945 ct

2012 1895 2211 1949 Accede
2244 1905 2293 1949 et
2325 1894 2557 1966 adiunge
2598 1906 2647 1949 te
2686 1896 2755 1949 ad
2784 1913 2996 1950 currum
3023 1898 3202 1951 istum.
3232 1897 3524 1955 Accurrcns

1944 1993 2117 2039 autem
2148 1982 2424 2055 Philippus
2451 1985 2650 2039 audivit
2679 1984 2829 2039 illum
2865 1985 3113 2056 legentem
3159 1986 3361 2042 Isaiam
3403 2005 3527 2058 pro-

1942 2075 2169 2144 phetam,
2199 2084 2247 2129 et
2275 2075 2409 2129 dixit
2438 2093 2451 2129 :
2485 2072 2721 2129 Putasne
2752 2075 2999 2146 intelligis
3045 2094 3163 2145 qua:
3196 2077 3382 2148 legis?
3422 2078 3526 2145 Qui

1944 2168 2019 2221 ait
2049 2185 2067 2222 :
2097 2167 2165 2220 Et
2184 2167 2441 2239 quomodo
2468 2184 2701 2238 possum,
2726 2168 2829 2223 nisi
2846 2168 3036 2240 aliquis
3059 2170 3488 2225 ostenderihmihi
3504 2172 3530 2225 ?

1942 2257 2260 2328 Rogavitque
2289 2256 2592 2329 Philippum
2618 2270 2674 2313 ut
2701 2261 2999 2316 ascenderet
3028 2272 3075 2315 et
3102 2262 3301 2316 sederet
3330 2280 3524 2318 secum.

1943 2347 2111 2403 Locus
2152 2359 2325 2403 autem
2374 2350 2664 2421 Scriptum
2707 2351 2791 2405 hic
2836 2362 2948 2407 erat
2995 2370 3147 2424 quem
3199 2354 3416 2424 legebat.
3469 2356 3525 2411 In

1943 2441 2105 2494 corde
2126 2438 2364 2509 Spiritus
2408 2438 2665 2510 Philippo'
2707 2441 3050 2511 loquebatur.
3105 2443 3328 2513 Spiritui
3380 2447 3525 2500 enim

1944 2531 2156 2584 Domini
2185 2530 2337 2600 quasi
2369 2531 2612 2599 quaedam
2636 2531 2792 2585 nobis
2813 2533 2979 2587 verba
3008 2532 3187 2588 facere
3205 2542 3290 2589 est
3313 2534 3526 2589 occulta

1944 2622 1995 2675 vi
2025 2629 2074 2676 et
2110 2637 2230 2690 quze
2258 2622 2464 2690 agenda
2489 2628 2616 2676 sunt
2643 2621 2913 2676 intimare.

2018 2710 2287 2783 Tanquam
2307 2712 2414 2765 ovis
2433 2711 2502 2764 ad
2531 2712 2839 2765 occisionem
2861 2711 3049 2766 ductus
3074 2721 3168 2766 est.
3201 2712 3354 2769 Sicut
3377 2715 3519 2778 ovis,

1946 2817 2067 2856 cum
2121 2802 2335 2856 ducitur
2388 2802 2455 2855 ad
2506 2800 2801 2867 victimam,
2827 2818 2933 2856 non
2988 2812 3270 2872 repugnat,
3303 2804 3381 2858 sic
3440 2804 3529 2858 ille

1946 2892 2160 2960 propria
2187 2907 2379 2960 passus
2433 2901 2516 2947 est
2549 2892 2855 2957 voluntate;
2893 2891 2978 2947 vel
3031 2893 3206 2947 altiori
3255 2894 3527 2950 intellectu

1948 2983 2088 3036 sicut
2117 2999 2287 3052 agnus
2326 2984 2380 3037 in
2411 2984 2610 3052 pascha
2643 2983 2911 3038 immolari
2959 2983 3186 3050 solebat,
3213 2983 3292 3040 sic
3332 2986 3529 3056 pascha

1937 3082 2180 3126 nostrum
2205 3072 2502 3127 immolatus
2522 3083 2597 3127 est
2622 3070 2886 3130 Christus.

1873 3147 1918 3208 C
2018 3160 2087 3216 Et
2124 3163 2256 3216 sicut
2286 3180 2454 3231 agnus
2502 3180 2679 3218 coram
2731 3165 2974 3219 tondente
3002 3182 3056 3219 se
3082 3167 3194 3221 sine
3238 3184 3377 3221 voce.
3412 3166 3526 3223 Non

1946 3253 2120 3308 solum
2149 3270 2246 3308 nos
2276 3255 2538 3323 sanguine
2566 3256 2818 3319 redemit,
2849 3257 2944 3311 sed
2972 3265 3028 3312 et
3050 3258 3190 3313 lanis
3213 3260 3446 3329 operuit,
3472 3270 3531 3315 ut

1945 3344 2183 3415 algentes
2207 3344 2258 3397 in
2289 3344 2545 3399 fidelitate
2573 3361 2668 3399 sua
2726 3356 2871 3402 veste
2905 3347 3258 3414 calefaceret,
3282 3359 3337 3405 et
3366 3351 3521 3405 audi-

1947 3449 2128 3488 remus
2178 3434 2494 3503 Apostolum
2546 3436 2701 3490 nobis
2751 3436 3058 3507 loquentem
3098 3477 3113 3491 .
3154 3438 3420 3510 Quotquot
3473 3443 3527 3495 in

1946 3524 2153 3580 Christo
2175 3525 2421 3596 baptizati
2447 3528 2592 3591 estis,
2620 3525 2881 3582 Christum
2905 3530 3168 3585 induistis.

2017 3614 2106 3671 Sic
2148 3632 2250 3670 non
2295 3618 2498 3686 aperuit
2545 3636 2604 3673 os
2649 3625 2821 3682 suum,
2854 3635 2978 3674 cum
3034 3622 3086 3674 in
3131 3623 3383 3691 passione
3432 3639 3527 3677 sua

1944 3710 2119 3764 Pilato
2143 3719 2199 3766 et
2225 3711 2568 3781 pontificibus
2587 3728 2781 3783 pauca,
2810 3714 3009 3769 Herodi
3035 3715 3178 3769 nulla
3204 3719 3529 3786 respondere

1947 3801 2186 3857 volebat.

2018 3891 2086 3945 In
2108 3891 2401 3945 humilitate
2419 3892 2686 3962 judicium
2713 3894 2828 3964 ejus
2854 3894 3117 3949 sublatum
3142 3904 3242 3951 est.
3273 3896 3409 3965 Quia
3435 3898 3539 3967 ju-'

1948 3979 2051 4034 dex
2099 3979 2339 4033 omnium
2388 3979 2576 4050 judicii
2607 3984 2807 4052 reperit
2844 3983 3148 4051 veritatem,
3183 3986 3275 4040 sed
3330 3988 3529 4056 absque

1947 4069 2055 4123 ulla
2079 4069 2232 4139 culpa
2259 4070 2525 4125 seditione
2543 4070 2851 4129 Iudaeorum
2880 4083 2935 4129 et
2959 4074 3116 4130 Pilati
3143 4092 3278 4133 voce
3306 4078 3523 4133 damna-

1953 4167 2037 4215 tus
2073 4168 2175 4214 est.

2022 4249 2420 4308 Cenerationem
2441 4256 2558 4325 ejus
2576 4257 2693 4327 quis
2712 4258 2976 4311 enarrabit
2992 4258 3018 4311 .’
3035 4257 3143 4312 Aut
3163 4259 3229 4314 de
3250 4261 3529 4314 divinitate

1949 4340 2065 4409 ejus
2093 4343 2466 4412 accipiendum
2514 4355 2621 4413 est,
2646 4350 2786 4417 quod
2842 4348 3174 4417 impossibile
3220 4350 3289 4402 sit
3332 4350 3527 4407 divinze

1951 4432 2249 4486 nativitatis
2295 4449 2454 4490 nosse
2480 4437 2738 4507 mysteria
2768 4437 2832 4491 de
2881 4452 2986 4505 qua
3036 4436 3197 4491 Pater
3242 4438 3527 4513 loquitur.

1951 4522 2084 4576 Ante
2113 4522 2388 4593 luciferum
2410 4528 2565 4595 genui
2589 4536 2676 4592 te;
2708 4535 2801 4581 aut
2827 4528 2892 4581 de
2920 4536 3075 4596 partu
3104 4529 3356 4599 virginis,
3387 4532 3530 4601 quod

1949 4614 2233 4670 dilliculter
2254 4617 2425 4684 possit
2450 4618 2666 4686 exponi.
2700 4617 2869 4685 Cujus
2890 4620 3153 4674 rationem
3183 4621 3363 4676 Maria:
3386 4641 3524 4693 qum-

1949 4706 2086 4759 renti
2105 4721 2200 4773 per
2214 4706 2461 4775 angelum
2479 4707 2703 4762 dicitur:
2724 4706 3177 4777 Spiritussanctus
3213 4715 3533 4781 superveniet

1945 4794 2002 4848 in
2017 4803 2067 4848 te
2084 4811 2101 4859 ;
2118 4803 2173 4848 ut
2187 4795 2269 4848 vel
2284 4797 2351 4850 ab
2363 4795 2554 4865 angelo
2569 4795 2649 4849 vel
2663 4799 2992 4867 evangelista
3011 4808 3217 4854 tantum
3232 4801 3531 4858 nativitatis

1945 4882 2061 4949 ejus
2104 4894 2444 4939 sacramenta
2480 4885 2918 4957 dicantur,cujus
2958 4891 3535 4946 narratorrarissimns

256 4973 579 5043 integritate
606 4974 802 5028 mentis
824 4976 908 5028 vir
935 4975 1262 5045 appellatur;
1297 4992 1397 5032 nec
1425 4977 1690 5032 immerito
1710 5019 1724 5043 ,
1748 4980 1841 5049 qui
1940 4981 2042 5029 est.

260 5071 480 5116 tantum
511 5062 749 5117 studium
779 5064 832 5117 in
863 5063 1164 5133 Scripturis
1188 5066 1439 5132 habebat,
1470 5077 1530 5122 ut
1562 5084 1655 5124 eas
1679 5070 1841 5125 etiam

258 5152 317 5206 in
352 5153 443 5205 \ia
469 5151 647 5223 legere
671 5168 779 5207 non
809 5162 1070 5217 cessaret,
1101 5162 1417 5224 tantumque
1457 5158 1656 5212 amoris
1683 5158 1735 5212 in
1761 5174 1845 5213 re-

254 5243 471 5314 ligione
519 5247 745 5315 gerebat
790 5254 852 5301 ut
903 5245 1026 5300 aula
1076 5248 1222 5317 regia
1260 5249 1516 5304 derelicta
1547 5252 1612 5305 de
1644 5252 1847 5310 ultimis

254 5333 455 5388 mundi
484 5335 731 5405 partibus
752 5337 961 5393 veniret
994 5339 1062 5393 ad
1114 5338 1369 5407 templum
1409 5338 1643 5394 Domini.
1696 5342 1849 5399 Unde

245 5424 419 5493 juxta
448 5428 755 5484 mercedem
782 5430 908 5485 dum
934 5432 1129 5500 quaerit
1176 5431 1525 5501 interpretem
1578 5433 1845 5502 lectionis,

251 5516 550 5572 Christum
577 5534 742 5590 quem
782 5523 1060 5595 quaerebat
1094 5522 1317 5585 invenit,
1346 5523 1594 5594 plusque,
1624 5534 1683 5580 ut
1718 5525 1846 5583 Hie-

254 5623 532 5680 ronymus
558 5613 657 5677 ait,
687 5614 742 5668 in
770 5614 988 5670 deserto
1019 5615 1166 5670 fonte
1196 5616 1450 5673 Ecclesiae
1471 5632 1635 5688 quam
1666 5618 1718 5673 in
1747 5635 1844 5675 au-

252 5709 393 5756 rato
426 5697 723 5773 Synang
753 5704 950 5774 templo
975 5705 1196 5777 reperit.
1238 5706 1316 5763 lbi
1338 5707 1485 5764 enirn
1516 5709 1658 5778 quod
1698 5707 1847 5767 lere-

2017 5063 2291 5129 Quomodo
2309 5066 2519 5121 tolletur
2544 5085 2576 5121 a
2613 5078 2755 5121 terra
2785 5070 2888 5123 vita
2913 5071 3072 5140 ejus?
3097 5079 3155 5125 ut
3188 5087 3526 5143 nequaquam

1947 5152 2002 5207 in
2034 5161 2199 5218 terra,
2231 5156 2325 5210 sed
2354 5157 2404 5209 in
2432 5158 2571 5211 caelo
2602 5159 2823 5213 viveret.
2852 5159 2964 5215 lloc
2994 5162 3381 5226 tcs1imonium,
3406 5180 3525 5217 cum

1948 5243 2004 5297 in
2032 5243 2254 5300 Actibus
2284 5247 2646 5313 apostolorum
2674 5249 2873 5320 reginae
2927 5249 3195 5306 Candacis
3242 5246 3524 5305 eunuchus

1951 5335 2120 5390 rheda
2162 5337 2464 5401 veheretur,
2499 5345 2554 5392 et
2597 5337 2781 5409 legens
2827 5356 2933 5395 non
2984 5341 3328 5411 intelligeret,
3360 5342 3530 5394 inter-

1946 5434 2193 5495 pretante
2217 5426 2463 5499 Philippo
2489 5443 2649 5498 super
2678 5431 2930 5499 passione
2956 5440 3014 5486 et
3040 5433 3258 5487 nomine
3284 5431 3525 5485 Salvato-

1949 5514 2027 5570 ris
2064 5515 2346 5581 intellexit,
2370 5526 2426 5572 et
2449 5502 2629 5573 statim
2680 5519 2984 5589 baptizatus
3007 5522 3060 5576 in
3090 5522 3213 5592 agni
3265 5520 3526 5589 sanguine

1951 5620 2111 5675 quem
2134 5606 2364 5677 legebat,
2390 5608 2472 5663 vir
2500 5609 2699 5665 meruit
2720 5611 2975 5681 appellari
2993 5620 3050 5667 et
3066 5610 3353 5681 Apostolus
3375 5609 3526 5683 genti

1949 5693 2267 5767 Ethiopum
2304 5698 2504 5756 missus
2530 5707 2613 5756 est
