4040 6188
522 325 624 385 159

1156 315 1219 371 Β.
1262 312 1513 369 ΒΑΒΛΝΙ
1553 308 1771 366 MAURI
1807 305 2124 364 ARCllIEP.
2167 303 2478 363 MOGUNT.
2520 303 2803 362 OPERUM
2844 302 3024 359 PARS
3059 302 3124 357 ll.

3691 302 3795 357 iiii)

593 438 693 507 Qui
732 437 897 508 igitur
930 434 1142 489 oblatus
1168 441 1252 488 est
1271 432 1446 486 Pilato
1474 430 1600 499 quia
1652 429 1771 498 ipse
1823 423 2012 491 voluit,
2044 432 2101 481 et
2132 427 2179 487 Α
2205 433 2331 478 runt
2357 423 2408 477 in
2432 419 2593 491 hujus
2612 422 2772 477 viculi
2802 421 2946 477 fonte
2970 420 3275 475 eunuchum
3299 435 3329 473 a
3351 417 3599 490 Philippo
3622 415 3795 508 fuisse

524 546 630 584 non
682 526 959 597 respondit
1003 533 1062 578 ut
1114 522 1412 594 patibulum
1466 536 1568 592 pro
1613 518 1770 574 nobis
1816 520 2104 574 damnatus

521 620 750 675 subiret.
782 618 859 670 Ac
884 616 929 670 si
958 616 1158 669 diceret
1186 628 1199 665 :
1230 611 1347 681 Ipse
1372 613 1513 666 sicut
1539 611 1656 666 ovis
1679 610 1746 665 ad
1777 610 2104 665 occisionem

525 712 717 764 ductus
742 718 843 772 est,
867 715 921 760 et
946 704 1101 775 quasi
1124 718 1293 772 agnus
1319 718 1504 757 coram
1528 702 1781 756 tondente
1801 700 2100 766 obmutuit;

525 801 711 854 etenim
735 797 929 869 pascha
960 804 1196 850 ncstrum
1219 792 1519 847 immolatus
1545 802 1618 847 est
1645 790 1906 846 Christus.
1932 790 2105 857 Quem

525 888 759 943 Joannes
810 886 1054 955 Baptista
1105 883 1443 938 monstrabat
1490 883 1674 938 dicens
1711 900 1725 936 :
1773 882 1905 936 Ecce
1936 899 2103 952 agnus

524 977 643 1043 Dei,
668 993 781 1031 ecce
806 977 895 1046 qui
920 975 1055 1029 tollit
1076 984 1287 1045 peccata
1328 973 1528 1027 mundi.
1576 972 1679 1039 Qui
1705 980 1761 1027 et
1791 973 1842 1026 in
1888 972 2103 1041 Apoca-

522 1067 660 1138 lypsi
686 1068 910 1122 Joannis
937 1066 1281 1136 evangelista:
1302 1080 1474 1135 agnus
1502 1064 1714 1119 occisus
1755 1080 1896 1134 saepe
1946 1079 2101 1118 mou-

518 1168 746 1225 stratur,
771 1160 914 1229 quod
945 1161 1011 1215 de
1037 1174 1097 1213 se
1145 1158 1261 1228 ipso
1289 1157 1530 1226 loquitur
1578 1157 1633 1211 in
1678 1156 1910 1212 Jeremia
1949 1175 1961 1208 :
1993 1156 2104 1225 Ego

520 1261 698 1304 autem
724 1252 855 1305 sicut
901 1267 1066 1319 agnus
1106 1251 1350 1304 innocens
1393 1257 1441 1302 et
1490 1248 1679 1301 ductus
1725 1247 1794 1300 ad
1844 1248 2103 1301 victimam

525 1343 833 1397 nesciebam.
863 1342 998 1397 Cum
1026 1342 1171 1396 enim
1224 1341 1455 1395 nesciret
1496 1347 1801 1409 peceatmn,
1831 1354 1927 1408 pro
1953 1337 2106 1392 nobis

525 1440 805 1502 peccatum
871 1431 1043 1487 factus
1096 1441 1201 1495 est,
1262 1439 1315 1484 et
1362 1431 1504 1485 sicut
1562 1443 1732 1499 agnos
1782 1443 1904 1482 cum
1957 1428 2107 1482 duci-

525 1530 612 1574 tur
640 1522 709 1576 ad
766 1522 1035 1576 victimam
1084 1538 1187 1575 non
1244 1530 1523 1591 repugnat,
1554 1519 1634 1574 sic
1663 1519 1751 1574 ille
1789 1533 1981 1589 passus
2021 1525 2107 1573 est

523 1613 798 1668 voluntate
856 1623 916 1667 ut
960 1615 1261 1668 destrueret
1318 1629 1442 1667 eum
1489 1613 1580 1681 qui
1637 1612 1870 1666 habebat
1918 1612 2106 1667 mortis

526 1702 833 1771 imperium,
859 1704 1146 1758 bunziliaus
1173 1720 1231 1759 se
1279 1718 1448 1773 usque
1488 1704 1554 1758 ad
1582 1711 1830 1764 mortem,
1882 1710 1936 1755 et
1965 1716 2107 1753 mor—

526 1800 633 1845 tem
687 1794 882 1847 crinis.
946 1793 1041 1848 llic
1082 1810 1250 1863 agnus
1299 1805 1381 1848 est
1426 1794 1476 1847 in
1527 1794 1680 1862 cujus
1735 1802 1858 1863 typo
1911 1792 2103 1845 immo—
2136 1814 2178 1872 Β

515 1881 729 1938 labatur
752 1899 942 1952 agnus,
974 1885 1126 1952 cujus
1157 1900 1318 1938 cruor
1353 1884 1479 1939 litus
1526 1884 1578 1937 in
1630 1884 1874 1953 postibus
1920 1889 2103 1935 exter-

516 1972 836 2027 minatorem
875 1972 1091 2045 l‘ugabat
1119 1973 1358 2044 Egypti,
1388 1975 1478 2044 qui
1505 1990 1611 2028 non
1639 1974 1811 2029 solum
1843 1973 2104 2043 sanguine

516 2076 616 2115 suo
646 2077 744 2116 nos
774 2063 1021 2128 redemit,
1052 2065 1148 2117 sed
1192 2073 1249 2118 et
1277 2064 1415 2118 lanis
1444 2063 1660 2135 cperuit
1684 2070 1744 2118 ut
1780 2063 2023 2133 algentes
2050 2062 2101 2115 in

517 2154 776 2209 ﬁdelitate
801 2171 897 2211 sua
927 2164 1075 2212 veste
1103 2156 1441 2221 calefaceret,
1465 2166 1519 2211 et
1547 2156 1855 2210 audiremus
1873 2155 2106 2224 Aposto-

516 2243 627 2298 lutu
656 2244 962 2314 loqut‘ntem
990 2246 1144 2301 nobis
1178 2265 1191 2300 :
1225 2246 1488 2317 Quotquot
1513 2246 1569 2298 in
1615 2244 1822 2299 Christo
1852 2244 2103 2312 baptizati

514 2334 661 2400 estis,
693 2334 1256 2402 Christum'iuduisis;
1287 2345 1345 2391 et
1372 2336 1424 2390 in
1478 2336 1585 2390 alio
1611 2335 1729 2390 loco
1756 2352 1770 2389 :
1806 2333 2103 2388 lnduimini

513 2423 722 2479 Christo
752 2426 902 2481 Jesu.
929 2427 1046 2494 Quo
1068 2429 1189 2498 Eque
1214 2429 1489 2498 sequitur:

581 2515 661 2570 De
681 2518 923 2588 angustia
948 2528 995 2572 ct
1022 2518 1087 2573 de
1129 2518 1336 2588 judicio
1360 2519 1596 2574 sublatus
1640 2529 1733 2580 est.
1766 2520 1881 2575 sive
1907 2525 1968 2574 ut
1996 2516 2102 2573 Se-

512 2607 790 2679 ptuaginta
816 2610 1209 2664 transtulerunt
1241 2628 1254 2663 :
1282 2609 1347 2663 In
1378 2612 1671 2665 lmmilitate
1701 2610 1968 2681 judicium
1987 2608 2101 2678 ejus

511 2698 779 2753 sublatum
823 2708 922 2764 est,
956 2700 1084 2753 illuJ
1131 2700 1401 2770 significat
1447 2699 1588 2770 quod
1636 2701 1703 2754 de
1755 2698 2101 2754 tribulatione

438 2825 445 2831 -
514 2799 678 2858 atque
698 2787 903 2856 judicio
926 2789 993 2843 ad
1019 2788 1234 2844 Patrem
1259 2789 1433 2844 victor
1459 2790 1788 2855 ascenderit,
1822 2789 1935 2843 sive
1957 2788 2102 2858 quod

509 2875 674 2948 judex
720 2878 961 2933 omnium
1012 2877 1200 2946 judicii
1251 2894 1356 2933 non
1409 2879 1611 2949 reperit
1656 2879 1973 2943 veritatenn,
2004 2878 2100 2932 sed

513 2968 720 3038 absque
746 2968 854 3023 ulla
879 2969 1035 3038 culpa
1063 2970 1329 3025 seditione
1358 2968 1665 3025 Iudaeorum
1691 2978 1746 3024 et
1778 2968 1937 3023 Pilati
1968 2983 2101 3025 voce

513 3058 802 3114 damnatus
827 3059 921 3126 sit,
952 3068 1011 3114 ut
1056 3061 1356 3114 admiretur
1380 3059 1639 3129 propheta
1673 3059 1816 3128 quod
1856 3060 2123 3115 omnium-

2206 514 2557 586 baptizatum.
2591 514 2724 569 Nam
2777 522 2864 569 est
2910 511 3060 565 llelia
3094 511 3323 565 Bethtur
3363 510 3414 564 in
3463 510 3603 563 tribu
3652 507 3789 564 Iuda

2207 604 2353 659 mille
2376 620 2568 675 passus
2589 605 2795 659 distans
2819 603 2887 657 ab
2909 601 3266 672 lleliotripoli.
3301 600 3365 654 Et
3389 601 3460 653 ait
3483 600 3752 654 eunuchus
3771 611 3790 648 :

2208 693 2343 749 Ecce
2371 711 2529 766 aqua,
2551 695 2667 765 quis
2693 693 2929 764 prohibet
2952 710 3030 747 me
3053 691 3349 763 baptizari?
3376 690 3442 744 Et
3463 691 3623 761 jussit
3646 701 3792 744 stare

2206 804 2456 853 currum;
2488 798 2536 840 et
2566 787 2942 840 descenderunt
2971 794 3186 854 uterque
3214 784 3267 837 in
3292 799 3481 853 aquam
3513 781 3790 852 Philippus

2206 890 2252 932 et
2274 878 2565 940 eunuchus,
2584 887 2632 930 et
2654 876 2934 947 baptizavit
2955 891 3092 928 eum.
3111 872 3154 929 Ο
3171 873 3307 928 mira
3323 872 3557 927 doctoris
3578 872 3756 927 virtus
3773 874 3786 927 ε

2206 970 2336 1023 Erat
2369 969 2425 1023 in
2455 968 2700 1024 vehiculo
2741 967 3042 1030 eunuchus,
3077 981 3258 1020 sacras
3296 965 3504 1020 litteras
3551 964 3786 1036 legebat,

2206 1059 2299 1113 sed
2344 1059 2411 1114 de
2442 1074 2550 1129 quo
2573 1058 2775 1129 legeret
2798 1059 3110 1129 ignorabat;
3141 1057 3235 1111 sed
3263 1064 3443 1111 tamen
3469 1072 3591 1111 eum
3615 1066 3787 1126 ‘quem

2207 1153 2261 1204 in
2296 1150 2436 1205 libro
2480 1151 2727 1205 nesciens
2756 1150 2966 1219 legebat
2992 1149 3080 1218 pia
3111 1156 3292 1204 mente
3324 1149 3464 1203 scire
3511 1149 3782 1218 cupiebat.

2206 1241 2367 1296 Venit
2391 1239 2668 1308 Philippus
2690 1239 3060 1309 philosophus,
3092 1239 3328 1294 ostendit
3352 1239 3401 1292 ei
3453 1237 3639 1294 Jesum
3690 1239 3783 1307 qui

2205 1331 2422 1387 clausus
2480 1330 2702 1386 latebat.
2756 1332 2822 1384 Et
2871 1331 3163 1386 secundum
3216 1329 3377 1384 aliam
3432 1331 3784 1385 traditionem

2206 1421 2340 1475 dixit
2372 1420 2647 1489 Philippus
2674 1421 2922 1474 eunucho
2953 1438 2965 1473 :
2993 1418 3054 1474 Si
3075 1419 3243 1474 credis
3268 1436 3332 1471 ea:
3356 1429 3460 1473 toto
3488 1422 3644 1473 corde
3665 1432 3780 1485 tuo,

2204 1510 2379 1566 salvus
2402 1512 2523 1565 eris.
2560 1510 2915 1580 Etrespondit
2934 1508 3215 1563 eunuchus
3234 1527 3245 1560 :
3265 1506 3433 1561 Credo
3450 1509 3503 1562 in
3520 1507 3783 1562 Christum

2209 1601 2408 1655 Filium
2442 1601 2556 1656 Dei.
2587 1602 2659 1657 Ea
2687 1602 2819 1656 hora
2844 1601 3147 1671 baptizatus
3172 1609 3272 1662 est,
3301 1600 3473 1654 ﬁdelis
3501 1599 3675 1655 factus
3703 1612 3790 1655 est

2206 1702 2259 1748 et
2281 1701 2523 1757 sanctus,
2554 1701 2607 1748 et
2664 1692 2731 1746 de
2774 1691 3038 1761 discipulo
3074 1690 3327 1760 magister
3351 1686 3573 1743 ell'ectus
3597 1699 3698 1753 est,
3729 1698 3791 1745 et

2207 1785 2465 1854 deinceps
2489 1784 2830 1854 praedicator,
2856 1791 2909 1837 et
2930 1782 3104 1852 gentis
3123 1795 3234 1837 suae
3263 1781 3539 1850 apostolus
3558 1779 3785 1836 effectus

2209 1884 2310 1931 est.
2334 1874 2466 1929 Cum
2486 1885 2661 1929 autem
2681 1874 3032 1929 ascendissent
3055 1873 3119 1927 de
3140 1889 3299 1943 aqua,
3322 1871 3548 1942 Spiritus
3574 1872 3785 1926 Domini

2210 1966 2381 2035 rapuit
2413 1964 2735 2035 Philippum,
2765 1974 2813 2019 et
2834 1963 3057 2034 amplius
3078 1979 3182 2017 non
3205 1962 3327 2017 vidit
3352 1979 3468 2015 eum
3493 1964 3784 2017 eunuchus.

2211 2054 2347 2110 Sunt
2376 2055 2593 2124 quidam
2623 2056 2715 2124 qui
2742 2054 2858 2110 haec
2885 2053 3131 2125 angelum
3162 2053 3217 2107 in
3246 2052 3450 2123 Spiritu
3480 2063 3671 2108 sancto
3704 2053 3788 2107 fe-

2207 2148 2348 2203 cisse
2375 2155 2657 2202 testantur.
2690 2147 2760 2201 llt
2792 2148 3150 2218 Hieronymus
3171 2146 3378 2215 prodit;
3409 2161 3533 2200 nam
3555 2154 3609 2200 et
3636 2146 3792 2200 simi-

2207 2240 2331 2295 liter
2358 2240 2558 2296 factum
2598 2240 2793 2310 legitur
2822 2240 2887 2293 de
2933 2238 3186 2293 Habacuc
3215 2244 3463 2308 portante
3497 2236 3791 2306 prandium

2208 2330 2395 2386 Daniel
2424 2349 2437 2385 :
2475 2328 2745 2400 Philippus
2774 2339 2950 2382 autem
2974 2329 3211 2383 inuentus
3235 2338 3308 2381 est
3338 2326 3392 2379 in
3425 2326 3607 2379 Azoto.
3647 2326 3795 2378 A10-

2205 2429 2294 2476 tus
2322 2421 2574 2491 oppidum
2590 2420 2799 2490 insigne
2812 2418 3109 2474 Palaestinze
3123 2417 3265 2487 quod
3289 2416 3550 2472 Hebraice
3563 2425 3796 2471 vocatur

2204 2512 2405 2577 Isdoth,
2448 2520 2504 2566 et
2537 2520 2624 2567 est
2652 2526 2758 2565 una
2785 2511 2852 2565 de
2880 2510 3119 2580 quinque
3145 2508 3272 2563 olim
3301 2507 3616 2562 civitatibus
3641 2504 3795 2561 Allo-

2205 2605 2509 2677 phylorum.
2569 2602 2959 2672 Interpretatur
3010 2600 3155 2655 enim
3201 2598 3405 2653 Azotus
3469 2598 3606 2668 ignis
3633 2613 3793 2667 gene-

2206 2697 2428 2751 rationis
2457 2710 2553 2750 seu
2577 2694 2712 2765 ignis
2736 2691 3009 2763 patruelis.
3044 2691 3110 2745 Et
3137 2691 3492 2760 pertransieus
3520 2687 3791 2758 evangeli-

2206 2787 2360 2841 zabat
2410 2784 2705 2840 civitatibus
2756 2784 2974 2845 cunctis,
3001 2782 3165 2837 donec
3222 2781 3414 2835 ueniret
3457 2777 3788 2833 Ctesarcam.

2203 2880 2446 2934 Caesarea
2466 2876 2762 2932 Palaestinae
2782 2875 3002 2939 dicitur,
3017 2873 3105 2928 tibi
3134 2871 3275 2927 infra
3296 2873 3512 2928 domum
3532 2871 3797 2927 habuisse

2204 2969 2529 3026 describitur
2546 2967 2824 3038 Philippus
2845 2981 2964 3037 qua:
2985 2977 3155 3036 usque
3181 2965 3340 3019 hodie
3361 2965 3788 3026 demonstratur,

2203 3078 2302 3117 nec
2331 3078 2437 3117 non
2461 3070 2518 3115 et
2542 3060 2844 3116 cubiculum
2873 3067 3105 3129 quatuor
3129 3058 3360 3112 filiarum
3380 3055 3495 3125 ejus
3510 3056 3790 3128 virginum

514 3149 658 3205 Deus
682 3165 742 3206 se
770 3151 1049 3206 tradiderit
1073 3152 1343 3220 passioui;
1370 3150 1437 3205 de
1462 3166 1568 3220 quo
1594 3150 1793 3206 Paulus
1812 3150 2052 3220 loquitur
2081 3165 2097 3204 :
2129 3178 2173 3241 ε
2203 3153 2657 3226 prophetautium.
2683 3152 2943 3208 Caesareae
2963 3151 3210 3206 civitates
3238 3151 3356 3204 duae
3383 3156 3510 3205 sunt
3542 3149 3596 3203 in
3639 3158 3789 3202 terra

515 3238 579 3293 Si
603 3240 742 3294 enim
769 3241 1131 3307 credidissent,
1159 3258 1426 3312 nunquam
1460 3241 1743 3296 Dominum
1770 3239 1954 3312 glorise
1974 3256 2101 3295 cru-

514 3332 820 3401 ciﬁxissent.
855 3332 1110 3403 Sequitur
1136 3352 1150 3388 :

587 3419 984 3479 Generationem
1004 3426 1120 3496 ejus
1144 3427 1260 3496 quis
1281 3426 1587 3481 enarrabit?
1620 3425 1775 3494 Quod
1820 3425 2106 3496 dupliciter

516 3512 850 3585 intelligitur.
874 3515 983 3569 Aut
1012 3516 1158 3570 enim
1184 3516 1250 3571 de
1278 3516 1561 3572 divinitate
1582 3517 1701 3587 ejus
1727 3515 2105 3587 accipiendum

496 3592 623 3671 \est,
670 3605 814 3675 quod
868 3606 1197 3676 impossibile
1244 3607 1317 3661 sit
1360 3607 1554 3661 divina:
1597 3606 1897 3660 nativitatis
1943 3620 2104 3660 nosse

515 3696 773 3766 mysteria
826 3713 841 3750 :
898 3697 965 3751 de
1012 3712 1116 3766 qua
1170 3698 1285 3766 ipse
1332 3696 1571 3766 loquitur
1622 3696 1678 3750 in
1734 3695 2044 3751 Proverbiis
2087 3713 2101 3749 :

516 3783 651 3838 Ante
681 3803 857 3840 omnes
880 3786 1034 3842 colles
1056 3788 1313 3857 generavit
1342 3804 1446 3852 me,
1468 3787 1623 3858 juxta
1654 3787 1783 3842 illud
1809 3788 1954 3857 quod
1977 3786 2104 3841 alibi

517 3873 746 3943 legimus
778 3892 791 3927 :
828 3875 958 3939 Quis
1010 3878 1247 3946 cognovit
1307 3894 1516 3931 sensum
1570 3876 1783 3932 Domini
1799 3887 1934 3944 ,aut
1987 3878 2105 3947 quis

518 3966 854 4020 consiliarius
897 3967 1011 4036 ejus
1062 3965 1201 4035 fuit?
1232 3968 1282 4022 id
1312 3979 1414 4031 est,
1447 3968 1654 4033 nullus;
1684 3976 1778 4023 aut
1827 3970 1892 4023 de
1946 3977 2105 4039 partu

516 4055 762 4125 virginis,
786 4057 930 4125 quod
953 4055 1235 4112 dilliculter
1262 4058 1433 4127 possit
1460 4058 1674 4127 exponi.
1729 4059 1929 4113 Deinde
1980 4075 2104 4113 cum

518 4143 701 4198 Marim
727 4145 998 4200 diceretur
1015 4147 1082 4201 ab
1103 4147 1308 4215 angelo,
1336 4145 1607 4216 Concipies
1634 4156 1682 4200 et
1722 4148 1892 4217 paries
1912 4147 2100 4215 ﬁlium,

518 4234 604 4288 illa
633 4236 945 4306 respondit:
983 4235 1132 4291 Unde
1163 4237 1288 4292 mihi
1316 4236 1430 4299 hoc,
1456 4253 1572 4308 qua:
1593 4238 1759 4290 uirum
1782 4254 1886 4291 non
1912 4254 2107 4308 cogno-

516 4328 607 4381 vi?
631 4324 727 4383 Cui
758 4343 971 4382 rursum
1005 4326 1255 4398 angelus:
1287 4325 1540 4396 Spiritus,
1564 4327 1757 4396 inquit,
1780 4336 1989 4381 sanctus
2017 4345 2108 4381 su-

515 4418 769 4485 perveniet
791 4417 846 4472 in
874 4428 945 4485 te,
975 4427 1021 4472 et
1044 4418 1205 4471 virtus
1235 4416 1488 4472 Altissimi
1541 4417 1864 4471 obumbrabit
1889 4417 2017 4483 tibi;
2049 4425 2108 4471 ut

516 4503 600 4556 vel
632 4505 698 4558 ab
727 4507 940 4575 angelo,
979 4507 1064 4562 vel
1112 4508 1181 4562 ab
1209 4508 1540 4577 evangelista
1568 4516 1776 4562 tantum
1806 4509 2104 4565 nativitatis
2132 4530 2181 4589 Ι)

516 4595 636 4664 ejus
687 4608 1085 4652 sacramentum
1128 4601 1360 4664 dicatur,
1395 4599 1549 4670 cujus
1594 4607 1847 4654 narrator
1890 4601 2103 4655 rarissi«

517 4701 641 4740 mus
654 4695 757 4741 est.
780 4687 1026 4757 Aperiens
1047 4701 1219 4744 autem
1240 4691 1509 4763 Philippus
1525 4708 1582 4745 os
1594 4708 1769 4756 suum,
1786 4702 1832 4745 et
1852 4692 2100 4762 incipiam

518 4775 584 4830 ab
609 4777 709 4830 hac
736 4775 1035 4848 Scriptura,
1065 4780 1449 4850 euangelizabat
1489 4780 1569 4835 illi
1591 4780 1794 4835 Iesum.
1824 4781 2102 4853 Philippus

520 4868 911 4939 interpretatur
962 4888 1020 4925 os
1076 4871 1368 4942 lampadis;
1401 4874 1731 4944 pulcherque
1777 4884 1862 4929 est
1908 4890 2101 4931 sensus

520 4960 665 5029 quod
692 4977 754 5014 os
775 4960 1037 5030 lampadis
1060 4978 1217 5016 suum
1239 4966 1473 5032 aperiret
1498 4982 1561 5020 os
1584 4966 1710 5019 dum
1730 4964 1959 5020 obscura
1983 4982 2103 5034 pro-

520 5052 719 5122 phetia:
738 5053 791 5106 in
813 5055 1051 5109 scientia:
1074 5054 1245 5110 lucem
1271 5056 1539 5126 proferret
1566 5075 1579 5112 :
1611 5062 1857 5129 quamvis
1878 5068 1931 5113 et
1943 5060 2099 5129 juxta

521 5142 802 5198 historiam
853 5145 1023 5214 possit
1077 5146 1180 5200 ista
1228 5147 1630 5203 circumlocutio
1678 5149 1961 5219 designare
2000 5149 2098 5204 ali-

521 5234 738 5305 quando
759 5231 1055 5305 longiorem
1082 5234 1320 5291 futurum
1343 5246 1469 5293 tunc
1497 5254 1619 5294 esse
1633 5239 1749 5310 ejus
1773 5255 2097 5296 sermonem.

523 5324 592 5380 Et
614 5326 738 5379 dum
763 5326 896 5380 irent
915 5343 1007 5397 per
1028 5327 1185 5391 viam,
1208 5338 1454 5382 venerunt
1479 5330 1546 5383 ad
1567 5331 1852 5400 quamdam
1884 5347 2096 5401 aquam.

520 5419 615 5476 Est
646 5419 804 5474 hodie
827 5418 1073 5485 Bethtur,
1097 5421 1212 5476 sive
1238 5421 1521 5487 Bethsoro,
1542 5423 1694 5478 vicus
1721 5424 1773 5477 in
1800 5424 1939 5479 tribu
1961 5423 1988 5479 J
1997 5425 2099 5478 uda

520 5498 776 5567 euntibus
804 5511 874 5566 ab
921 5511 1074 5567 Helia
1100 5512 1349 5570 Chebron
1395 5514 1651 5571 vicesimo
1697 5515 1889 5585 lapide.
1936 5514 2096 5570 Juxta

523 5616 686 5671 queui
717 5603 839 5661 fons
863 5605 930 5662 ad
974 5607 1207 5663 radicem
1239 5606 1438 5664 montis
1487 5608 1750 5664 ebulliens
1795 5610 1863 5664 ab
1917 5609 2099 5665 eadem

526 5709 633 5765 qua
660 5696 895 5770 gignitur
926 5701 1173 5759 sorbetur
1199 5700 1382 5759 humo.
1398 5701 1779 5773 Apostolorum
1805 5701 1940 5759 Acta
1961 5701 2100 5760 rele-

2208 3244 2662 3316 rcpromissionis.
2708 3242 2826 3298 Una
2873 3242 3119 3309 Caesarea
3178 3240 3478 3295 Palaestinae
3503 3240 3556 3294 in
3605 3239 3797 3293 littore

2205 3338 2372 3393 maris
2402 3336 2580 3407 Magni
2618 3335 2745 3401 sita,
2774 3350 2893 3404 qua:
2921 3334 3191 3404 quondam
3228 3333 3434 3403 Pii-gos,
3467 3332 3519 3385 id
3541 3342 3627 3385 est
3649 3332 3796 3385 Tur—

2206 3430 2283 3485 ris
2312 3428 2586 3484 Stratonis
2616 3429 2757 3483 dicta
2785 3436 2896 3491 est;
2929 3428 3023 3481 sed
3068 3427 3134 3479 ab
3164 3425 3377 3480 llerode
3425 3439 3550 3496 rege
3586 3422 3796 3478 Iudam

2204 3517 2402 3574 nobilis
2450 3527 2503 3572 et
2557 3515 2856 3586 pulchrius,
2903 3523 2957 3569 et
3011 3525 3201 3569 contra
3249 3514 3358 3567 vim
3413 3514 3580 3567 maris
3617 3512 3796 3567 multo

2205 3607 2390 3664 utilius
2414 3614 2691 3661 exstructa
2716 3606 2770 3659 iu
2793 3606 3054 3661 honorem
3083 3605 3313 3661 Ctesaris
3341 3605 3567 3675 Augusti
3598 3605 3750 3659 Cmsa
3769 3633 3795 3671 τ

2203 3713 2296 3755 rea
2323 3697 2702 3769 cognominata
2732 3704 2838 3759 est,
2866 3695 2954 3749 cui
2981 3696 3145 3750 etiam
3180 3693 3434 3765 templum
3463 3694 3517 3747 in
3548 3709 3608 3748 ea
3640 3709 3800 3747 mar—

2204 3804 2357 3847 more
2381 3789 2504 3844 albo
2530 3788 2858 3853 construxit,
2890 3788 2943 3841 in
2970 3802 3075 3857 qua
3106 3800 3273 3856 nepos
3301 3786 3416 3855 ejus
3454 3785 3695 3841 Herodes
3716 3787 3795 3839 ab

2205 3878 2397 3951 angelo
2424 3893 2740 3950 percussus,
2780 3876 3066 3932 Cornelius
3111 3877 3356 3931 centurio
3378 3876 3702 3944 baptizatus,
3730 3885 3800 3931 et

2205 3973 2422 4044 Agabus
2449 3974 2711 4043 propheta
2734 3988 2871 4027 zona
2893 3973 3048 4027 Pauli
3076 3972 3276 4043 ligatus
3299 3981 3404 4027 est.
3438 3971 3621 4025 Altera
3654 3985 3796 4025 vero

2207 4067 2452 4122 Cmsarea
2490 4066 2752 4136 Philippi,
2781 4064 2937 4134 cujus
2982 4064 3329 4136 Evangelium
3381 4063 3626 4118 meminit
3663 4078 3796 4119 esse

2209 4157 2551 4211 tetrarchiam
2603 4158 2671 4211 ad
2727 4159 2937 4212 radices
2986 4157 3184 4210 montis
3238 4156 3424 4209 Libani
3456 4155 3613 4217 laeta,
3645 4162 3699 4207 et
3730 4154 3792 4208 iu

2208 4249 2410 4303 honore
2435 4248 2665 4302 Caesaris
2690 4249 3066 4317 cognominata
3102 4256 3204 4302 est.
3234 4245 3343 4301 Sed
3374 4255 3429 4300 et
3467 4245 3624 4300 tertia
3672 4246 3777 4299 Ca}

2209 4353 2362 4393 sarea
2390 4338 2741 4407 Cappadocia:
2791 4339 3103 4409 metrOpolis
3154 4346 3259 4402 est,
3292 4333 3445 4404 cujus
3486 4336 3661 4389 Lucas
3709 4336 3790 4390 ita

2209 4429 2451 4484 meminit
2481 4447 2493 4482 :
2528 4428 2849 4483 Descendens
2874 4429 3170 4484 Ca’saream
3193 4429 3440 4505 salutavit
3471 4428 3798 4488 Ecclesium.

2778 4540 3056 4596 HOMlLlA
3094 4541 3187 4596 ΧΠ

2801 4628 2929 4667 ΙΤΕᾺΙ
2958 4629 3110 4667 FF.th
3144 4629 3190 4666 ν.

2329 4703 2514 4758 Lectio
2544 4703 2715 4758 sancti
2748 4703 3018 4773 Evangelii
3052 4704 3345 4759 secundum
3369 4702 3653 4759 Joannem.

2274 4792 2340 4848 In
2368 4794 2460 4847 illo
2491 4804 2737 4863 tempore,
2772 4794 2947 4848 Maria
2975 4806 3150 4849 autem
3175 4795 3345 4849 stabat
3376 4795 3444 4848 ad
3477 4810 3803 4847 monument»

2201 4894 2313 4937 tum
2338 4884 2465 4954 foris
2490 4884 2723 4954 plorans,
2746 4893 2801 4939 et
2822 4885 3045 4955 reliqua.

2278 4972 2617 5028 Peusandum
2655 4983 2740 5028 est
2790 4973 2947 5041 hujus
3004 4976 3244 5031 mulieris
3292 4985 3527 5030 mentem
3582 4984 3804 5043 quanta

2207 5065 2289 5120 vis
2318 5066 2517 5120 amoris
2551 5068 2891 5131 accenderat,
2920 5085 3039 5137 qua:
3095 5084 3125 5122 a
3174 5077 3522 5124 monumento
3572 5067 3805 5124 Domini

2206 5159 2369 5212 etiam
2396 5158 2672 5227 discipulis
2701 5160 3078 5215 recedentibus
3109 5177 3214 5216 non
3246 5160 3559 5223 recedebat,
3596 5162 3810 5226 exqui-

2207 5250 2363 5303 rebat
2418 5265 2579 5318 quem
2630 5265 2736 5304 non
2791 5250 3087 5316 invenerat,
3134 5250 3294 5306 ﬂebat
3344 5250 3683 5320 inquirendo,
3733 5262 3814 5306 et

2208 5337 2406 5391 amoris
2432 5338 2513 5392 sui
2546 5339 2665 5409 igne
2691 5354 2972 5405 succensa,
3002 5342 3120 5411 ejus
3144 5357 3304 5411 quem
3336 5340 3574 5394 ablatum
3607 5340 3815 5393 credi-

2207 5427 2286 5482 dit
2322 5427 2547 5483 ardebat
2589 5429 2876 5484 desiderio.
2910 5430 2975 5484 Et
3003 5431 3168 5497 oeuli,
3196 5430 3286 5500 qui
3320 5430 3605 5483 Dominum
3638 5442 3815 5495 quas-

2206 5518 2416 5573 sierunt
2435 5530 2490 5576 et
2514 5536 2618 5575 non
2644 5522 2985 5588 invenerunt,
3011 5523 3264 5594 laerymis
3279 5521 3389 5589 jam
3408 5522 3813 5587 exundabaut.

2208 5610 2437 5682 amplius
2455 5613 2700 5669 dolentes
2721 5616 2862 5685 quod
2887 5614 3063 5671 fuerat
3087 5617 3300 5671 ablatus
3320 5615 3386 5670 de
3406 5624 3813 5680 tuonumonto,

2208 5719 2369 5774 quam
2390 5705 2532 5773 quod
2561 5698 2968 5769 fueratoccisus
2991 5708 3045 5763 in
3071 5708 3232 5777 ligno,
3258 5706 3512 5776 quoniam
3540 5704 3815 5773 magistri
