4040 6188
241 369 339 429 131

1352 360 1655 419 ΙΙΟΜΙΙᾹΙΕ
1696 362 1764 419 IN
1802 359 2056 418 EVANG.
2099 360 2186 415 ET
2223 358 2443 415 EPIST.

3417 358 3525 416 162

242 481 399 545 tanti,
428 477 587 547 cujus
615 476 698 532 eis
749 476 864 531 vita.
894 474 1173 530 subtracta
1206 471 1403 533 fuerat,
1431 488 1533 529 nec
1574 473 1839 529 memoria
1872 480 1920 538 Α
1947 472 2263 543 spiritaliter
2288 462 2602 527 hortulanus
2643 477 2782 533 erat,
2808 469 2900 539 qui
2943 469 2998 524 in
3029 467 3148 540 ejus
3174 478 3393 539 pectore
3426 487 3529 543 per

244 571 584 627 muanebat.
625 568 783 624 Unde
811 565 1044 636 conligit
1079 572 1138 618 ut
1170 578 1295 618 eum
1321 565 1436 618 sola
1464 564 1672 618 videret
1722 578 1841 631 quae

241 662 527 727 remansit,
567 661 699 730 quia
731 660 989 714 nimirum
1029 658 1200 710 virtus
1220 656 1347 711 boni
1377 656 1556 725 operis
1582 669 1834 724 perseve-

245 757 418 810 rantia
467 764 577 820 est,
622 764 685 808 ut
728 768 862 809 voce
926 748 1184 807 Veritatis
1235 749 1432 803 dicitur
1463 768 1474 802 :
1511 747 1614 814 Qui
1667 757 1842 801 autem

241 847 650 918 persereraverit
692 861 857 913 usque
903 844 958 895 in
985 842 1162 911 ﬁnem,
1190 842 1276 895 hic
1314 839 1491 893 salvus
1539 840 1659 892 erit.
1700 837 1842 891 Dum

243 957 359 1010 ergo
386 941 565 1009 fleret,
602 937 874 991 inclinavit
897 952 953 989 se
976 944 1023 988 et
1047 934 1308 1004 prospexit
1347 932 1403 986 in
1426 941 1839 993 monumentum,

242 1041 289 1083 et
318 1030 447 1083 sidit
476 1029 615 1082 duos
642 1025 855 1097 angelos
876 1025 933 1079 in
955 1024 1086 1078 albis
1110 1028 1365 1086 sedentes,
1401 1036 1565 1075 unum
1590 1020 1659 1073 ad
1688 1027 1842 1088 caput

243 1132 287 1174 et
315 1137 484 1174 unum
516 1118 588 1171 ad
619 1118 797 1189 pedes.
830 1115 917 1169 ubi
947 1115 1174 1185 positum
1223 1112 1397 1181 fuerat
1452 1126 1641 1180 corpus
1688 1108 1838 1163 Jesu.

243 1211 349 1266 Ista
382 1214 576 1279 itaque
599 1224 724 1278 qua:
752 1206 831 1261 sic
860 1205 1101 1267 amabat,
1140 1218 1260 1272 quaa
1301 1216 1360 1255 se
1407 1200 1474 1254 ad
1524 1214 1845 1255 monumen-

246 1316 355 1358 tum
414 1302 563 1371 quod
613 1305 967 1371 perspexerat
1021 1298 1215 1350 iterum
1261 1293 1514 1357 inclinat,
1563 1292 1843 1345 videamus

245 1413 349 1465 qm
374 1395 561 1449 fructu
586 1392 793 1447 amoris
813 1391 865 1444 in
889 1405 955 1444 ea
977 1387 1277 1460 ingeminat
1293 1400 1429 1456 opus
1452 1383 1839 1453 inquisitionis.

246 1488 510 1558 Sequitur
570 1504 584 1538 :
652 1482 793 1536 Vidit
862 1481 994 1534 duos
1035 1476 1244 1550 angelos
1298 1478 1354 1532 in
1408 1475 1539 1529 albis
1586 1473 1841 1539 sedentes,

246 1597 415 1633 unum
463 1576 538 1630 ad
594 1584 750 1644 caput
800 1582 849 1626 ct
914 1586 1075 1624 unum
1118 1569 1186 1622 ad
1246 1567 1433 1639 pedes,
1492 1565 1579 1618 ubi
1617 1565 1844 1634 positum

247 1672 427 1740 fuerat
462 1685 656 1740 corpus
709 1664 861 1719 .lesu.
900 1659 1037 1731 Quid
1063 1669 1146 1718 est
1173 1662 1318 1730 quod
1347 1661 1402 1713 in
1433 1657 1552 1712 loco
1580 1656 1844 1712 Dominici

245 1762 503 1832 corporis
556 1761 662 1814 duo
687 1756 864 1828 angeli
890 1756 1142 1811 videntur
1173 1772 1187 1807 :
1224 1767 1362 1807 unus
1387 1751 1455 1805 ad
1490 1757 1655 1819 caput
1682 1756 1845 1818 atque

1945 563 2144 619 amoris
2170 563 2252 617 sui
2282 562 2485 616 semina
2515 561 2772 615 virtutum
2794 561 3031 627 virentia
3064 562 3329 632 plantavit
3372 564 3528 619 sata?

1944 652 2052 708 Sed
2087 652 2215 721 quid
2244 663 2328 706 est
2354 652 2494 720 quod
2519 653 2634 708 viso
2659 666 2743 716 eo,
2770 668 2930 721 quem
2972 652 3318 707 hortulanum
3348 654 3525 709 credi-

1942 745 2040 810 dit,
2069 744 2154 798 cui
2196 744 2424 798 necdum
2452 743 2664 796 dixerat
2701 759 2857 811 quem
2889 743 3162 809 credebat,
3191 744 3266 797 ait
3291 744 3341 798 ei
3368 762 3381 797 :
3415 743 3527 797 Do-

1943 838 2100 902 mine,
2137 838 2185 891 si
2208 848 2262 890 tu
2292 835 2551 890 sustulisti
2578 853 2715 899 eum,
2746 836 2905 889 dicito
2928 836 3097 889 mihi?
3125 834 3295 889 Nemo
3324 835 3530 890 calum-

1942 930 2120 983 nietur
2151 927 2426 982 mulierem
2455 927 2597 996 quod
2626 926 2971 980 hortulanum
3002 925 3205 981 dixerit
3234 926 3524 981 Dominum

1943 1029 1999 1073 et
2027 1019 2212 1073 Jesum
2251 1018 2585 1087 magistrum.
2620 1016 2694 1070 lbi
2725 1017 2868 1069 enim
2920 1015 3175 1086 rogabat,
3218 1018 3308 1070 hic
3354 1030 3527 1087 agno-

1944 1112 2147 1164 scebat.
2195 1110 2269 1164 lbi
2312 1109 2613 1163 honorabat
2659 1109 2931 1162 hominem
2975 1124 3005 1162 a
3051 1123 3159 1178 quo
3203 1109 3527 1164 beneﬁcium

1945 1204 2278 1273 postulabat;
2310 1203 2394 1257 hic
2422 1202 2689 1256 recolebat
2713 1203 2987 1255 doctorem
3013 1216 3042 1255 a
3068 1216 3174 1271 quo
3197 1201 3533 1256 discerneret

1944 1296 2209 1360 humana,
2257 1305 2310 1348 et
2345 1294 2521 1348 divina
2570 1294 2833 1349 discebat.
2876 1292 3192 1364 Appellabat
3240 1295 3529 1349 Dominum

1944 1385 2098 1454 cujus
2145 1384 2334 1439 ancilla
2381 1401 2487 1439 non
2537 1392 2680 1449 erat,
2709 1393 2768 1438 ut
2810 1382 3529 1454 pcrvenirctad'Dominum

1944 1475 2097 1543 Cujus
2125 1485 2263 1529 erat.
2291 1474 2461 1529 Aliter
2488 1489 2617 1545 ergo
2664 1475 2948 1529 Dominum
2979 1476 3113 1530 dixit
3144 1493 3156 1528 :
3193 1474 3530 1530 Sustulerunt

1944 1565 2227 1619 Dominum
2256 1582 2446 1619 meum.
2476 1565 2646 1618 Aliter
2672 1573 2851 1619 autem
2878 1580 2893 1618 :
2924 1565 3163 1631 Domine,
3195 1567 3239 1619 si
3275 1574 3333 1619 tu
3355 1574 3535 1620 sustu-

1945 1654 2050 1708 listi
2077 1671 2214 1708 eum.
2245 1654 2321 1709 lbi
2365 1670 2430 1709 ex
2460 1655 2705 1719 veritate,
2740 1655 2829 1708 hic
2869 1670 2937 1709 ex
2979 1655 3202 1709 honore.
3245 1654 3533 1721 Quaerebat

1946 1743 2167 1813 itaque,’
2193 1753 2248 1798 et
2285 1760 2391 1798 non
2420 1744 2653 1798 dicebat.
2681 1744 2813 1812 Qum
2837 1759 2960 1799 cum
2991 1746 3237 1810 dixisset,
3283 1745 3529 1810 Domine,

247 1861 393 1915 alius
422 1859 491 1913 ad
520 1857 687 1926 pedes
715 1854 934 1918 sedens,
963 1852 1065 1907 nisi
1087 1850 1231 1920 quod
1252 1849 1442 1903 Latina
1468 1846 1653 1916 lingua
1674 1858 1844 1914 ange-
1874 1828 1920 1887 Β
1947 1837 1993 1889 si
2020 1846 2075 1889 tu
2105 1836 2364 1889 sustulisti
2388 1852 2529 1901 eum,
2556 1836 2659 1890 hoc
2684 1837 2847 1892 habet
2871 1836 2953 1890 vis
2985 1836 3207 1900 amoris,
3242 1837 3347 1891 hoc
3371 1850 3534 1907 agere

246 1952 329 2006 lus
359 1949 583 2004 nuntius
606 1946 830 2009 dicitur,
856 1952 913 1999 ct
945 1943 1033 1997 ille
1065 1958 1131 1996 ex
1158 1938 1410 2009 passione
1439 1951 1537 1991 sua
1585 1934 1844 1988 nuntian-

247 2043 350 2097 dus
384 2048 532 2102 erat,
563 2038 655 2106 qui
684 2046 739 2090 et
793 2035 937 2090 Deus
961 2042 1044 2087 est
1071 2040 1197 2085 ante
1232 2028 1452 2093 saecula,
1475 2034 1532 2081 et
1573 2027 1738 2081 homo
1789 2024 1844 2079 in

249 2134 361 2186 line
388 2130 733 2185 saeculorum.
768 2125 932 2192 Quasi
962 2124 1029 2178 ad
1067 2129 1229 2192 caput
1255 2120 1408 2175 sedet
1457 2116 1680 2188 angelus
1722 2130 1844 2171 cum

248 2238 351 2292 per
405 2219 682 2289 apostolos
735 2215 1091 2286 praedicatur,
1146 2212 1271 2282 quia
1321 2209 1391 2264 In
1437 2208 1691 2279 principio
1734 2214 1846 2260 erat

261 2311 497 2364 Verbum
535 2319 581 2363 et
642 2307 865 2361 Verbum
894 2314 1005 2359 erat
1040 2303 1181 2374 apud
1217 2302 1412 2365 Deum,
1444 2312 1491 2353 et
1541 2299 1684 2352 Deus
1734 2306 1846 2351 erat

262 2401 521 2455 Verbum.
553 2400 618 2454 Et
644 2399 797 2469 quasi
837 2397 903 2451 ad
934 2395 1098 2465 pedes
1122 2394 1274 2449 sedet
1306 2391 1531 2462 angelus
1556 2405 1678 2446 cum
1711 2389 1848 2443 dici-

252 2502 344 2547 tur
365 2511 379 2545 :
404 2492 469 2545 Et
499 2489 715 2544 Verbum
732 2491 930 2559 factum
945 2496 1037 2541 est.
1058 2486 1348 2542 Possumus
1363 2484 1527 2539 etiam
1541 2483 1742 2553 etduos
1754 2497 1851 2535 an-

252 2585 411 2657 gelos
426 2585 534 2639 duo
550 2584 891 2637 Testamenta
907 2593 1256 2650 cognoscere,
1283 2591 1448 2630 unum
1465 2575 1613 2644 prius
1631 2585 1685 2627 et
1705 2573 1850 2627 aliud

250 2674 647 2745 muensmui
701 2672 952 2727 videlicet
996 2669 1170 2740 angeli
1210 2684 1308 2738 per
1354 2666 1531 2720 locum
1582 2664 1877 2732 Dominici~

253 2766 514 2835 corporis
552 2762 903 2832 sibimetipsis
929 2769 1057 2816 sunt
1094 2757 1387 2829 conjuncti,
1421 2757 1546 2826 quia
1590 2754 1848 2809 nimirum

252 2865 498 2925 utraque
526 2862 847 2909 testamenta
895 2852 1021 2906 dum
1050 2850 1168 2919 pari
1201 2864 1364 2904 sensu
1394 2848 1760 2909 incarnatum,
1796 2851 1853 2898 et

258 2953 565 3007 mortuum,
612 2958 676 2996 ac
726 2940 1026 2996 surrexisse
1078 2938 1362 2994 Dominum
1395 2936 1664 3000 nuntiant,
1694 2933 1852 3004 quasi

257 3038 679 3092 Testamentum
706 3035 856 3104 prius
890 3033 956 3087 ad
984 3040 1147 3101 caput
1166 3040 1220 3085 et
1241 3029 1646 3084 Testamentum
1678 3035 1854 3097 poste-

258 3131 381 3184 rius
406 3130 477 3183 ad
506 3128 670 3198 pedes
705 3126 876 3181 sedet.
909 3123 1101 3178 Dicunt
1130 3123 1216 3176 ei:
1248 3121 1461 3186 Mulier,
1489 3119 1614 3189 quid
1640 3118 1855 3189 ploras?

1948 1925 2085 1980 solet
2111 1926 2162 1979 in
2204 1926 2384 1979 animo
2411 1933 2468 1979 ut
2505 1941 2664 1996 quem
2698 1926 2812 1994 ipse
2856 1940 3069 1994 semper
3094 1927 3386 1997 cogitabat,
3414 1926 3535 1981 nul-

1947 2015 2056 2069 lum
2107 2016 2270 2069 alium
2326 2018 2513 2070 credat
2560 2016 2828 2087 ignorare.
2878 2016 3045 2071 Recte
3090 2024 3146 2071 et
3189 2018 3305 2072 haec
3342 2017 3537 2073 mulier

1950 2119 2107 2174 quem
2136 2105 2330 2174 quaerit
2369 2120 2475 2158 non
2505 2105 2658 2170 dicit,
2701 2113 2759 2158 et
2796 2113 2974 2159 tamen
3006 2105 3160 2171 dicit,
3189 2106 3251 2160 Si
3278 2115 3332 2160 tu
3360 2098 3539 2161 sustu-

1948 2195 2056 2250 listi
2104 2211 2250 2261 eunt,
2293 2196 2420 2265 quia
2464 2195 2621 2250 alteri
2668 2211 2776 2249 non
2810 2205 2964 2266 putat
3002 2211 3123 2252 esse
3167 2198 3534 2269 incognitum,

1949 2303 2109 2357 quem
2143 2287 2255 2356 ipsa
2284 2286 2539 2341 continuo
2580 2286 2781 2357 plangit
2815 2286 3103 2343 desiderio.
3132 2286 3271 2341 Dicit
3301 2288 3389 2343 ei:
3418 2288 3542 2342 Ma-

1951 2379 2051 2433 ria.
2093 2378 2353 2432 Conversa
2401 2376 2495 2430 illa
2536 2376 2660 2430 dicit
2697 2378 2746 2431 ei
2777 2393 2796 2430 :
2836 2376 3105 2443 Rabboni;
3152 2378 3292 2450 quod
3342 2379 3542 2432 dicitur

1950 2469 2217 2537 magister.
2264 2467 2553 2535 Postquam
2581 2480 2702 2520 eam
2748 2467 3020 2521 communi
3064 2468 3324 2523 vocabulo
3353 2470 3539 2537 appel-

1953 2560 2086 2614 lavit
2110 2568 2166 2614 et
2198 2574 2350 2623 sexu,
2380 2568 2436 2613 et
2462 2560 2677 2629 agnitus
2712 2574 2819 2612 non
2862 2568 2967 2624 est,
2997 2570 3156 2615 vocat
3184 2576 3248 2615 ex
3297 2562 3536 2616 nomine.

1953 2649 2029 2704 Ac
2063 2650 2107 2704 si
2139 2656 2324 2719 aperte
2358 2648 2505 2703 dicat
2534 2648 2586 2702 ei
2613 2666 2625 2702 :
2652 2648 2998 2720 Recognosce
3022 2663 3144 2704 eum
3175 2666 3205 2704 a
3237 2666 3344 2719 quo
3382 2666 3541 2705 reco-

1952 2739 2249 2810 gnosceris.
2293 2736 2541 2793 Perfecto
2583 2739 2957 2808 quoqueviro
3004 2739 3164 2805 dicit,
3203 2737 3341 2793 Noui
3385 2749 3434 2793 te
3476 2755 3543 2794 ea:

1953 2830 2181 2895 nomine,
2218 2828 2346 2898 quia
2392 2829 2554 2884 homo
2579 2841 2863 2883 commune
2885 2829 3125 2883 omnium
3155 2839 3400 2885 nostrum
3439 2846 3539 2885 vo-

1952 2920 2203 3003 cabulum
2235 2927 2348 2984 est;
2383 2918 2593 2990 Moyses
2635 2934 2768 2974 vero
2796 2920 3104 2990 proprium,
3150 2921 3234 2975 cui
3269 2931 3417 2976 recte
3461 2922 3544 2976 di-

1953 3013 2113 3073 citur,
2147 3010 2272 3080 quia
2300 3026 2366 3064 ex
2397 3010 2614 3065 nomine
2644 3009 2830 3065 scitur.
2859 3009 2939 3065 Ac
2974 3006 3040 3064 si'
3066 3019 3252 3081 aperte
3283 3011 3541 3068 Dominus

1929 3081 2101 3155 idicat
2127 3119 2139 3154 :
2173 3098 2289 3155 Non
2316 3108 2369 3153 te
2396 3099 2718 3171 generaliter
2745 3107 2804 3153 ut
2837 3106 3084 3165 cazteros,
3112 3101 3206 3155 sed
3233 3102 3543 3170 specialiter

260 3223 419 3292 quasi
473 3220 736 3275 dixissent
766 3235 778 3272 :
813 3216 930 3271 Non
983 3223 1068 3270 est
1102 3222 1370 3268 mortuum
1415 3211 1649 3281 plorare,
1686 3224 1848 3281 quem
1875 3197 1920 3259 C
1952 3193 2082 3248 δείο·
2117 3191 2285 3246 Maria
2317 3206 2446 3262 ergo
2491 3192 2616 3260 quia
2660 3201 2882 3246 "00310?
2909 3207 2974 3245 ΘΧ
3017 3194 3234 3247 nomine
3264 3195 3545 3264 cognoscit

260 3316 538 3369 viventem
564 3313 784 3368 credere
810 3311 990 3366 debes.
1023 3309 1157 3362 Dicit
1182 3310 1254 3362 eis
1277 3325 1296 3361 :
1326 3306 1463 3373 Quia
1493 3306 1720 3360 tulerunt
1749 3303 1855 3357 Do-

261 3408 469 3460 minum
516 3421 711 3467 meum,
746 3412 851 3459 etc.
902 3402 1181 3456 Don‘tinum
1232 3416 1387 3454 suum
1433 3406 1590 3453 vocat
1641 3395 1851 3450 Domini

265 3502 349 3555 sui
381 3514 581 3568 corpus
606 3498 877 3560 exanime,
908 3510 937 3548 a
964 3501 1117 3565 parte
1148 3501 1316 3546 totum
1351 3489 1681 3561 signiﬁcans,
1714 3488 1855 3542 sicut

264 3608 461 3647 omnes
496 3590 817 3644 conﬁtemur
842 3586 1025 3642 Jesum
1056 3585 1328 3640 Christum
1363 3582 1554 3636 Filium
1598 3580 1692 3633 Dei
1735 3577 1854 3633 uui-

268 3699 390 3738 cum
440 3680 729 3735 Dominum
779 3686 1052 3740 nostrum;
1096 3674 1236 3743 quod
1277 3674 1460 3741 utique
1501 3669 1657 3725 simul
1691 3676 1772 3722 est
1800 3676 1854 3721 ct

265 3772 492 3828 verbum
520 3779 579 3824 et
611 3768 808 3831 anima,
840 3774 896 3820 et
938 3779 1084 3830 caro,
1115 3762 1432 3818 cruciﬁxum
1464 3769 1642 3813 tamen
1682 3765 1736 3811 et
1770 3770 1854 3811 se-

269 3863 509 3934 pultum,
554 3875 676 3913 cum
712 3856 825 3912 sola
870 3856 985 3926 ejus
1023 3853 1229 3925 sepulta
1260 3852 1328 3906 sit
1355 3866 1502 3906 caro.
1544 3849 1611 3902 Et
1659 3847 1854 3910 nescio,

270 3952 476 4023 inquit,
524 3949 612 4002 ubi
654 3954 939 4018 posuerunt
989 3959 1127 3997 eum.
1171 3941 1296 3996 llaec
1326 3947 1444 3995 erat
1489 3953 1650 3992 causa
1686 3933 1857 4002 major

274 4044 473 4097 doloris
521 4040 667 4111 quod
720 4037 998 4092 nesciebat
1042 4049 1150 4103 quo
1196 4034 1299 4087 iret
1356 4031 1425 4084 ad
1472 4026 1856 4084 consolandum

276 4133 530 4187 dolorem.
582 4126 691 4183 Sed
746 4140 913 4196 pr0pe
960 4132 1077 4179 erat
1124 4123 1279 4187 hora,
1325 4135 1428 4188 qua
1482 4116 1700 4172 tristitia
1743 4113 1860 4183 ejus

272 4231 576 4278 verteretur
615 4217 672 4273 in
709 4217 983 4289 gaudium.
1017 4213 1146 4269 Ηίιέ
1182 4231 1299 4267 cum
1341 4212 1589 4274 dixisset,
1617 4223 1860 4262 conversa

278 4321 348 4364 est
378 4321 699 4372 retrorsum,
733 4314 783 4361 et
809 4304 934 4359 vidit
962 4303 1142 4358 Jesum
1172 4311 1422 4363 stantem,
1459 4308 1506 4352 et
1535 4314 1638 4351 non
1666 4294 1861 4349 sciebat

278 4404 397 4472 quia
436 4400 596 4455 Iesus
623 4408 717 4452 est.
747 4395 1051 4451 Notandum
1079 4392 1220 4464 quod
1255 4390 1421 4445 Maria
1449 4404 1568 4458 quae
1591 4386 1766 4441 adhuc
1796 4385 1891 4438 de‘

286 4492 490 4548 Domini
525 4488 923 4545 resurrectione
948 4485 1247 4548 dubitabat,
1284 4490 1576 4537 retrorsum
1602 4489 1861 4533 conversa

1957 3291 2232 3337 auctorem
2268 3290 2428 3351 atque
2468 3297 2589 3336 eum
2623 3282 2870 3351 protinus
2905 3280 3144 3336 Rabboni
3179 3284 3229 3338 id
3258 3294 3343 3339 est
3375 3286 3546 3356 magi-

1955 3385 2124 3430 stru.n
2154 3383 2335 3437 vocat,
2367 3375 2491 3444 quia
2516 3382 2572 3428 et
2601 3374 2714 3443 ipse
2741 3381 2858 3429 erat
2900 3375 2991 3444 qui
3021 3375 3363 3445 quaerebatur
3387 3387 3539 3432 exte-

1955 3468 2090 3532 rius,
2122 3475 2178 3521 et
2212 3466 2326 3537 ipse
2354 3466 2444 3535 qui
2476 3480 2595 3519 eam
2643 3464 2871 3519 interius
2900 3472 2960 3519 ut
2994 3473 3260 3534 quaereret
3288 3466 3535 3521 docebat.

1956 3558 2096 3611 Dicit
2133 3557 2179 3611 ei
2219 3556 2376 3611 Iesus
2400 3569 2419 3608 :
2450 3554 2577 3609 Noli
2621 3571 2702 3609 me
2743 3564 2977 3625 tangere,
3009 3556 3238 3609 nondum
3279 3558 3414 3609 enim
3453 3575 3540 3611 as-

1957 3649 2106 3702 cendi
2139 3648 2208 3701 ad
2255 3645 2467 3700 Patrem
2497 3662 2687 3700 meum.
2718 3644 2809 3700 Sic
2837 3646 2979 3699 enim
3025 3646 3226 3700 dictum
3272 3655 3377 3707 est,
3410 3646 3539 3700 Noli

1956 3757 2038 3794 me
2070 3750 2297 3810 tangere,
2325 3747 2384 3792 ut
2413 3738 2465 3791 in
2497 3737 2586 3790 illa
2630 3736 2827 3791 femina
2854 3736 3174 3805 ﬁguraretur
3199 3734 3439 3790 Ecclesia
3471 3737 3537 3791 de

1959 3829 2208 3900 gentibus
2233 3828 2323 3896 qui
2367 3828 2420 3881 in
2452 3826 2671 3881 Christo
2699 3841 2804 3880 non
2832 3826 3079 3891 credidit,
3125 3826 3227 3880 nisi
3276 3841 3400 3880 cum
3452 3843 3541 3882 as-

1959 3920 2229 3975 ccndisset
2257 3916 2323 3971 ad
2365 3917 2612 3982 Patrem;
2659 3923 2752 3970 aut
2777 3923 2923 3970 certe
2953 3917 3032 3972 sic
3074 3916 3222 3971 credi
3252 3916 3420 3969 voluit
3450 3915 3540 3970 Je-

1961 4020 2075 4074 ws,
2117 4011 2220 4064 hoc
2247 4016 2333 4064 est
2379 4009 2459 4064 sic
2498 4021 2558 4062 se
2601 4006 2916 4077 spiritaliter
2963 4007 3108 4077 tangi
3154 4007 3297 4076 quod
3345 4007 3461 4076 ipse
3490 4017 3547 4062 et

1962 4103 2122 4159 Pater
2152 4118 2318 4157 unum
2364 4102 2492 4157 sint.
2521 4100 2711 4165 Aliter,
2744 4115 2851 4154 non
2895 4109 3042 4154 recte
3073 4101 3329 4167 tangitur,
3359 4098 3413 4153 id
3440 4108 3545 4164 est,

1962 4210 2068 4249 non
2126 4202 2271 4248 recte
2310 4192 2570 4247 creditur.
2616 4190 2737 4246 Jam
2783 4202 2915 4245 vero
2953 4190 3023 4244 ab
3058 4190 3392 4260 evangelista
3437 4205 3547 4244 non

1964 4286 2214 4341 subditur
2261 4284 2392 4354 quid
2448 4282 2644 4337 mulier
2691 4281 2915 4346 fecerit,
2959 4281 3051 4336 sed
3098 4294 3165 4334 ex
3213 4295 3280 4334 eo
3308 4281 3551 4336 iunuitur

1965 4378 2109 4447 quod
2151 4376 2355 4432 audivit
2382 4376 2467 4429 cui
2501 4374 2736 4429 dicitur;
2776 4372 2904 4426 Noli
2949 4387 3031 4424 me
3057 4381 3288 4440 tangere,
3316 4372 3550 4425 nondum

1968 4468 2103 4522 enim
2134 4467 2345 4522 escendi
2373 4465 2443 4520 ad
2475 4465 2690 4519 Patrem
2719 4477 2908 4518 meum.
2938 4461 2997 4515 ln
3028 4461 3113 4515 his
3154 4477 3389 4531 namque
3430 4477 3551 4517 ver—

282 4591 380 4648 est’
405 4583 618 4637 ﬁdem,
644 4577 853 4643 Jesum’
887 4576 1012 4645 quia
1047 4573 1291 4628 videlicet
1318 4586 1414 4639 per
1438 4569 1682 4622 eamdem
1713 4564 1867 4619 dum-
1892 4550 1945 4609 D
1969 4558 2054 4613 bis
2102 4557 2402 4612 ostenditur
2460 4553 2603 4624 quod
2669 4552 2838 4605 Maria
2900 4550 3150 4621 amplecti
3213 4551 3382 4607 voluit
3434 4552 3554 4622 ejus

284 4678 540 4731 tationem
564 4688 717 4727 suam
744 4671 899 4741 quasi
925 4678 1074 4739 terga
1106 4667 1157 4721 in
1189 4663 1399 4719 Domini
1427 4661 1618 4716 faciem
1644 4658 1868 4713 miserat

282 4782 442 4835 quem
494 4762 857 4818 resurrexisse
884 4759 1104 4814 minime
1127 4756 1400 4812 credebat.
1430 4752 1539 4808 Sed
1568 4751 1692 4820 quia
1720 4766 1867 4804 ama-

282 4856 375 4910 bat
401 4864 457 4909 et
482 4854 785 4916 dubitabat,
816 4850 1032 4905 videbat
1058 4857 1114 4902 et
1143 4861 1247 4901 non
1290 4843 1679 4914 cognoscebat;
1716 4855 1868 4896 eum-

286 4969 387 5021 que
431 4950 506 5004 illi
549 4964 706 5003 amor
749 4944 1059 5001 ostenderat
1087 4951 1142 4996 et
1184 4939 1429 4993 dubietas
1470 4934 1867 4997 abscondebat,

288 5044 437 5112 cujus
479 5041 658 5095 adhuc
702 5035 1004 5108 ignorantia
1034 5029 1355 5102 exprimitur
1382 5042 1503 5082 cum
1535 5024 1783 5087 infertur,
1814 5030 1867 5076 ct

288 5134 561 5188 nesciebat
589 5131 714 5201 quia
748 5129 906 5183 Jesus
951 5131 1114 5179 esset.
1144 5121 1279 5173 Dicit
1313 5120 1360 5172 ei
1405 5118 1559 5171 Jesus
1594 5129 1612 5167 :
1654 5112 1867 5179 Mulier,

289 5226 412 5295 quid
433 5224 607 5293 ploras
623 5222 648 5274 ?
662 5221 830 5286 Quem
851 5215 1081 5289 quieris?
1103 5212 1466 5279 interrogatur
1487 5205 1686 5262 dolnris
1705 5219 1867 5259 causa

289 5325 349 5370 ut
392 5324 653 5386 augeatur
700 5309 1045 5371 desiderium,
1096 5311 1358 5376 quatenus
1405 5315 1527 5356 cum
1570 5298 1872 5352 nominaret

290 5423 451 5478 quem
488 5412 776 5474 quaereret,
810 5402 864 5455 in
900 5412 1082 5452 amore
1123 5396 1240 5467 ejus
1268 5392 1543 5449 ardentius
1595 5397 1866 5444 aestuaret.

288 5498 398 5555 Illa
419 5499 726 5551 existimans
745 5495 868 5565 quia
890 5489 1196 5545 hortulanus
1218 5496 1366 5549 esset,
1384 5484 1506 5537 dicit
1527 5483 1606 5536 ei:
1630 5481 1868 5541 Domine,

288 5593 334 5647 si
369 5602 428 5644 tu
464 5587 725 5643 sustulisti
752 5600 894 5646 eum,
926 5582 1082 5635 dicito
1116 5579 1243 5632 mihi
1272 5578 1356 5630 ubi
1383 5587 1435 5629 tu
1466 5574 1681 5645 posuisti
1720 5588 1871 5636 eum;

287 5691 339 5737 et
373 5696 465 5749 ego
488 5696 606 5735 eum
634 5677 839 5733 tollam.
872 5674 1119 5729 Forsitan
1150 5685 1245 5725 nec
1275 5668 1505 5724 errando
1532 5665 1723 5719 mulier
1756 5664 1873 5718 haec

290 5772 489 5828 erravit
534 5785 655 5840 qua:
684 5766 868 5822 Jesum
909 5762 1251 5818 hortulanum
1277 5758 1522 5813 cretlilit.
1553 5755 1634 5809 An
1680 5769 1785 5809 non
1824 5755 1870 5809 ei

1969 4650 2195 4719 vestigia
2242 4662 2403 4718 quem
2448 4642 2781 4713 recognovit.
2833 4641 2941 4698 Sed
2974 4643 3025 4697 ei
3073 4642 3332 4712 magister
3373 4643 3548 4697 dicit:

1973 4740 2100 4796 Noli
2127 4756 2209 4794 me
2236 4749 2466 4809 tangere,
2498 4750 2601 4790 non
2631 4735 2756 4803 quia
2790 4741 2914 4803 post
2955 4735 3408 4788 resurrectionem
3450 4736 3553 4787 Do-

1969 4834 2149 4887 minus
2190 4839 2389 4884 tactum
2436 4826 2680 4881 renuerit
2725 4823 3043 4879 feminarum
3087 4838 3211 4878 cum
3250 4824 3318 4877 de
3345 4824 3555 4880 duabus

1971 4928 2037 4981 ad
2073 4925 2376 4996 sepulcrum
2405 4921 2522 4991 ejus
2565 4918 2826 4989 scriptum
2857 4917 2929 4972 sit
2968 4932 2981 4968 ε
3015 4915 3353 4970 Accesserant
3400 4925 3448 4969 et
3480 4926 3557 4969 te-

1971 5023 2194 5070 nuerunt
2238 5013 2390 5082 pedes
2420 5011 2554 5080 ejus.
2584 5008 2689 5062 Sed
2721 5022 2821 5062 cur
2851 5006 3000 5076 tangi
3044 5020 3150 5059 non
3178 5006 3370 5060 debeat
3416 5007 3555 5060 ratio

1971 5123 2184 5181 quoque
2237 5106 2466 5169 additur,
2511 5117 2634 5157 cum
2680 5098 3012 5155 suhinl‘crtur
3055 5116 3068 5152 :
3115 5098 3365 5152 Nondum
3414 5100 3554 5151 enim

1971 5196 2181 5251 arcendi
2210 5194 2278 5249 ad
2314 5192 2528 5246 Patrem
2578 5206 2769 5244 meum.
2818 5189 2876 5243 ln
2920 5189 3083 5243 corde
3125 5188 3324 5243 ctenim
3367 5194 3556 5241 nostro

1972 5298 2102 5344 tunc
2129 5287 2285 5343 Jesus
2328 5284 2569 5341 ascendit
2610 5283 2697 5337 ad
2725 5281 2939 5335 Patrem
2967 5295 3088 5334 cum
3134 5277 3356 5347 aequalis
3408 5274 3551 5329 Patri

1976 5380 2233 5437 creditur.
2284 5377 2417 5431 Nam
2470 5373 2714 5445 quisquis
2766 5386 2889 5425 eum
2948 5371 3205 5439 aequalem
3254 5367 3401 5421 Patri
3446 5382 3557 5420 non

1979 5474 2172 5537 credit,
2199 5472 2373 5525 adhuc
2403 5470 2454 5523 in
2484 5468 2599 5536 ejus
2628 5474 2845 5534 pectore
2871 5464 2936 5517 ad
2976 5464 3185 5516 Patrem
3234 5475 3336 5513 non
3368 5472 3556 5509 ascen-

1978 5563 2073 5618 dit.
2100 5563 2191 5617 llle
2214 5576 2341 5631 ergo
2364 5558 2545 5614 Jcsum
2572 5555 2837 5611 veraciter
2868 5553 3037 5620 tangit
3064 5550 3154 5618 qui
3188 5548 3333 5601 Patri
3362 5546 3556 5600 Filium

1980 5667 2307 5715 coazteruum
2336 5654 2527 5709 credit.
2570 5651 2712 5703 Vade
2741 5649 2808 5700 ad
2839 5647 3027 5714 fratres
3072 5658 3209 5694 meos
3236 5649 3281 5692 et
3323 5639 3410 5691 dic
3439 5640 3513 5692 eis
3536 5652 3556 5692 :

1980 5748 2213 5804 Ascendo
2259 5746 2326 5801 ad
2381 5744 2588 5800 Patrem
2638 5756 2804 5794 nteant
2853 5746 2898 5790 et
2954 5735 3163 5787 Patrem
3211 5742 3467 5791 vestrum,
3509 5741 3557 5784 et
