4040 6188
519 363 622 420 163

1164 356 1224 410 Β.
1268 353 1518 408 RABANI
1561 351 1777 407 MAURI
1817 349 2130 405 AllClllEP.
2172 349 2482 406 MOGUNT.
2523 349 2809 405 OPERUM
2845 348 3024 404 PARS
3062 347 3124 402 ll.

3684 350 3794 406 164

515 476 585 531 ad
626 474 792 528 Deum
821 487 993 528 meum
1035 479 1084 524 et
1122 467 1290 522 Deum
1323 478 1570 521 vestrum.
1613 466 1731 520 Non
1763 466 1838 519 ait
1875 464 2090 518 Patrem
2119 471 2168 529 Α
2196 465 2334 534 quod
2369 465 2566 520 dicitur
2596 465 2880 532 uiuiﬁcatos
2909 473 3084 517 autem
3109 461 3315 532 spiritu,
3350 470 3570 517 sanctus
3610 464 3792 519 Atha-

515 573 784 626 nostrum;
831 560 986 614 aliter
1015 573 1143 628 ergo
1193 571 1392 619 meum,
1424 555 1582 609 aliter
1622 565 1897 609 vestrum:
1929 555 2098 608 Deum

518 667 692 706 meum
739 649 836 703 sub
872 663 979 716 quo
1020 654 1072 700 et
1113 660 1212 715 ego
1243 646 1403 698 homo
1446 659 1598 708 sum;
1648 644 1815 698 Deum
1857 653 2099 698 vestrum

517 746 654 797 inter
683 757 816 811 quos
843 750 893 793 et
924 741 1098 806 ipsum
1131 736 1396 790 mediator
1421 750 1559 789 sum.
1586 734 1720 789 Cum
1749 750 1928 788 meum
1956 735 2101 788 dicat

513 847 566 888 et
597 844 853 893 vestrum,
886 847 984 884 cur
1010 844 1116 883 non
1144 828 1502 882 communiter
1531 825 1659 879 dicit
1691 825 1968 878 nostrum?
1993 824 2100 878 Sed

514 927 760 978 distincte
811 923 1037 990 loquens
1081 919 1283 973 indicat
1335 918 1461 986 quia
1499 916 1744 970 eumdem
1793 915 2005 968 Patrem
2047 923 2101 967 et

514 1016 796 1068 Dominum
825 1011 1158 1066 dissimiliter
1185 1010 1345 1062 habet
1374 1009 1489 1075 ipse
1514 1021 1674 1076 quam
1709 1021 1828 1059 nos.
1858 1004 2097 1057 Asccmlo

512 1106 579 1157 ad
615 1104 825 1156 Putrem
852 1117 1044 1164 meum,
1075 1099 1326 1153 videlicet
1364 1113 1460 1166 per
1485 1107 1756 1158 naturam,
1791 1106 1839 1148 et
1884 1094 2100 1148 Putrem

513 1204 756 1255 vestrum,
785 1207 879 1260 per
901 1190 1162 1260 gratiam;
1189 1188 1257 1240 ad
1288 1188 1455 1240 Deum
1484 1203 1653 1239 meum
1678 1187 1801 1254 quia
1826 1184 2096 1248 descendi,

514 1284 580 1335 ad
627 1283 788 1334 Deum
832 1289 1056 1333 vestrum
1105 1277 1230 1346 quia
1283 1275 1619 1330 ascendistis.
1669 1273 1802 1340 Quia
1850 1275 1994 1327 enim
2042 1282 2101 1327 ct

512 1389 612 1443 ego
659 1375 834 1432 homo,
871 1371 1012 1423 Deus
1043 1368 1173 1422 mihi
1209 1374 1318 1429 est;
1349 1367 1474 1434 quia
1505 1380 1600 1417 vos
1631 1363 1699 1416 ab
1734 1377 1915 1416 errore
1964 1362 2098 1415 libe-

515 1465 636 1522 rati.
684 1464 826 1517 Deus
852 1470 934 1515 est
981 1459 1152 1515 vobis.
1205 1457 1466 1512 Distiucte
1497 1469 1626 1524 ergo
1663 1451 1792 1507 mihi
1841 1453 2000 1506 Pater
2048 1461 2103 1506 et

514 1555 655 1609 Deus
701 1563 800 1617 est,
836 1553 963 1622 quia
989 1565 1151 1620 quem
1195 1558 1320 1602 ante
1359 1546 1554 1600 saecula
1598 1545 1885 1599 Dominum
1921 1543 2104 1612 genuit

514 1647 810 1709 hominem,
855 1646 907 1698 in
951 1644 1057 1697 fine
1097 1640 1417 1696 saeculorum
1453 1652 1664 1691 mecum
1691 1636 1916 1690 creavit.
1953 1635 2104 1688 Venit

517 1737 690 1790 Maria
724 1733 1036 1802 Magdalene
1083 1729 1404 1784 annuntians
1451 1727 1719 1794 discipulis
1753 1739 1772 1776 .·
1811 1726 1949 1791 Quia
1997 1725 2100 1778 vidi

2202 555 2387 608 nasius
2425 553 2801 608 Alexandrina:
2828 552 3068 622 pontifex
3101 566 3207 605 non
3249 551 3315 604 ad
3355 551 3588 607 hominis
3625 553 3794 623 spiri-

2206 653 2314 698 tum
2334 685 2348 709 ,
2373 646 2463 715 qui
2487 644 2810 700 mortificata
2839 659 3000 698 carne
3026 641 3216 696 melius
3231 641 3550 705 vivificatur,
3573 643 3795 699 dicente

2202 735 2470 804 Propheta
2500 736 2565 788 de
2598 734 2827 788 Domino
2856 745 2911 786 ut
2944 733 3163 800 viviﬁcet
3206 733 3444 802 spiritum
3475 733 3750 786 humilium
3773 775 3789 799 ,

2202 835 2250 880 et
2293 823 2509 891 viriﬁcet
2553 841 2644 878 cor
2672 823 3048 885 contritorum,
3096 822 3189 876 sed
3241 823 3306 874 ad
3346 821 3574 892 gratiam
3611 824 3792 891 potius

2206 916 2371 972 refert
2422 916 2656 985 Spiritus
2701 917 2871 969 sancti
2926 916 3016 984 qui
3074 914 3522 969 mortificantibus
3565 931 3790 970 carnem

2203 1026 2357 1064 suam
2389 1010 2556 1062 vitam
2591 1010 2840 1064 retribuit
2883 1010 3290 1078 sempiternam.
3347 1008 3526 1079 Utitur
3555 1009 3698 1063 enim
3730 1017 3790 1062 et

2204 1102 2303 1156 hoc
2335 1099 2642 1154 testimonio
2671 1108 2860 1153 contra
2889 1099 3117 1152 Ariauos
3139 1098 3229 1166 qui
3262 1098 3556 1167 aequalitati
3585 1108 3792 1153 sancte

2205 1192 2484 1246 Trinitatis
2535 1192 2951 1254 contradicunt,
2998 1191 3270 1245 instruens
3316 1191 3457 1256 quod
3511 1190 3790 1244 individua

2204 1283 2396 1337 divina:
2433 1283 2761 1350 operationis
2797 1291 3002 1334 mutate
3047 1280 3279 1334 vivificet
3327 1281 3508 1345 Pater,
3553 1281 3794 1333 viviticet

2203 1375 2391 1438 Filius,
2423 1374 2659 1428 vivilicet
2690 1374 2923 1442 Spiritus
2954 1381 3173 1426 sanctus
3207 1390 3218 1424 :
3270 1371 3426 1425 Pater
3455 1372 3688 1426 vivilicet
3738 1382 3797 1425 et

2204 1465 2390 1527 Filius,
2425 1465 2550 1534 quia
2575 1466 2834 1533 scriptum
2863 1473 2947 1518 est
2973 1477 2987 1516 :
3013 1461 3158 1517 Sicut
3187 1463 3323 1516 enim
3375 1465 3588 1515 suscitat
3626 1460 3796 1516 Pater

2203 1567 2435 1610 mortuos
2463 1567 2512 1610 et
2553 1557 2780 1624 vivificat
2801 1597 2814 1619 ,
2861 1557 2934 1608 sic
2965 1566 3012 1608 et
3044 1552 3216 1607 Filius
3245 1571 3373 1624 quos
3409 1553 3513 1607 uult
3541 1553 3788 1621 ririﬁcat.

2205 1647 2443 1718 Spiritus
2466 1662 2594 1702 vero
2635 1657 2857 1702 sanctus
2902 1654 2957 1699 et
3003 1646 3106 1699 hoc
3135 1645 3444 1698 testimonio
3486 1643 3794 1697 declaratur

2203 1743 2346 1812 quod
2376 1744 2574 1798 dicitur
2603 1743 2668 1797 de
2692 1742 2832 1797 Filio
2858 1751 2915 1794 ut
2945 1759 3037 1796 nos
3068 1742 3274 1811 offerret
3307 1740 3414 1794 Deo
3444 1740 3792 1808 mortiﬁcatos

514 1825 821 1886 Dominum,
854 1831 902 1875 et
941 1824 1052 1873 haec
1086 1819 1218 1872 dixit
1249 1818 1396 1870 mihi.
1445 1817 1582 1870 Ecce
1632 1816 1850 1870 humani
1895 1814 2102 1885 generis

2208 1833 2416 1903 quidem
2467 1849 2647 1897 carne,
2683 1832 2965 1901 viviﬁcatos
3033 1845 3207 1884 autem
3272 1832 3494 1900 spiritu;
3562 1830 3792 1896 ideoque

515 1916 670 1984 culpa
702 1916 772 1968 ibi
822 1914 1155 1968 abscinditur
1184 1912 1326 1964 unde
1374 1911 1667 1979 processit;
1713 1911 1838 1979 quia
1871 1911 2014 1965 enim
2047 1910 2101 1963 in

515 2005 767 2074 paradiso
797 2003 988 2056 mulier
1018 2003 1134 2055 viro
1174 2001 1482 2069 propinavit
1510 2009 1762 2063 mortem,
1789 2015 1819 2053 a
1853 1999 2102 2067 sepulcro

514 2095 708 2148 mulier
737 2093 868 2146 viris
912 2090 1197 2144 annuntiat
1240 2089 1431 2151 vitam,
1460 2096 1516 2142 et
1542 2087 1687 2141 dicta
1738 2087 1819 2142 sui
1862 2085 2103 2141 vivifica-

511 2183 654 2238 toris
684 2192 869 2236 narrat
894 2196 1014 2250 qua:
1042 2177 1305 2234 mortiferi
1349 2178 1619 2246 serpentis
1646 2177 1809 2231 verba
1841 2192 2100 2230 narravev

517 2282 620 2328 rat.
651 2275 730 2328 Ac
771 2274 814 2328 si
852 2273 1088 2326 humano
1113 2270 1299 2341 generi
1347 2283 1453 2322 non
1485 2268 1664 2322 verbis
1695 2267 1976 2331 Dominus,
2007 2266 2103 2321 sed

515 2366 677 2419 rebus
705 2363 888 2416 dicat:
921 2361 996 2414 De
1039 2375 1143 2428 qua
1183 2374 1349 2411 manu
1388 2359 1541 2412 vobis
1587 2357 1766 2411 illatus
1810 2365 1896 2412 est
1941 2365 2103 2426 potus

515 2454 725 2516 mortis,
754 2453 820 2506 de
849 2453 964 2521 ipsa
1004 2449 1262 2517 suscipite
1295 2448 1547 2518 poculum
1575 2449 1719 2502 vitae.
1753 2447 1810 2500 In
1839 2449 1942 2502 hoc
1972 2448 2102 2502 ista-

519 2558 640 2597 rum
668 2543 897 2596 duarum
941 2539 1003 2592 ﬁt
1043 2538 1333 2593 concordia
1383 2538 1672 2592 lectionum
1717 2538 1844 2606 quia
1892 2537 2104 2592 locutus

512 2644 603 2690 est
640 2633 862 2704 angelus
890 2631 1088 2692 Mariae,
1120 2630 1330 2684 locutus
1357 2637 1442 2684 est
1479 2638 1534 2684 et
1569 2629 1832 2698 Philippo,
1879 2643 2107 2698 evange-

519 2727 704 2778 lizavit
750 2724 935 2778 Jesum
989 2722 1268 2791 Philippus
1316 2722 1586 2785 eunucho,
1630 2720 1902 2774 nuntiavit
1935 2719 2104 2774 Maria

524 2815 781 2885 apostolis
809 2813 1011 2868 Jesum.
1054 2812 1247 2867 Omnia
1276 2811 1433 2866 enim'
1452 2811 1539 2865 illa
1581 2811 1647 2864 ad
1676 2809 1902 2880 gloriam
1932 2810 2103 2879 ipsius

520 2906 662 2960 freta
708 2913 864 2967 sunt,
915 2901 1065 2971 cuius
1098 2902 1238 2956 dono
1282 2901 1468 2954 electis
1512 2901 1606 2955 Dei
1642 2899 1888 2970 largitur.
1931 2899 2104 2955 Omne

520 2998 719 3049 donum
751 2995 980 3056 bonum,
1027 3001 1082 3045 et
1110 3006 1268 3045 omne
1315 2992 1498 3045 datum
1546 2990 1846 3060 perfectura
1889 2989 2102 3045 Domini

519 3086 768 3140 videlicet
803 3084 972 3138 nostri
1004 3082 1130 3137 Jcsu
1155 3081 1377 3145 Christi,
1404 3082 1495 3150 qui
1539 3097 1661 3136 cum
1707 3081 1867 3136 Patre
1890 3090 1944 3136 et
1983 3080 2105 3150 Spi-

2207 1937 2434 1992 quorum
2457 1938 2560 1977 una
2581 1922 2820 1992 operatio
2841 1931 2924 1976 est
2938 1923 3128 1976 horum
3153 1935 3273 1975 esse
3291 1922 3472 1991 dispar
3487 1919 3792 1975 substantia

2205 2022 2258 2068 et
2287 2015 2524 2070 essentia
2555 2030 2661 2068 non
2683 2015 2894 2083 possit.

2276 2104 2342 2157 In
2365 2121 2467 2174 quo
2490 2114 2536 2158 et
2564 2104 2644 2158 his
2665 2105 2754 2174 qui
2783 2105 2838 2158 in
2869 2122 3024 2158 carne
3051 2113 3198 2158 erant
3225 2102 3457 2157 conclusi
3484 2101 3798 2172 spiritaliter

2203 2194 2408 2247 ueniens
2452 2193 2782 2261 prtedicavit,
2827 2194 2916 2264 qui
2939 2193 3194 2247 increduli
3225 2193 3435 2263 fuerant
3479 2193 3791 2262 aliquando,

2205 2282 2295 2350 qui
2340 2281 2537 2335 nostris
2577 2281 2629 2334 in
2677 2282 3010 2350 temporibus
3051 2296 3214 2336 carne
3259 2282 3478 2336 veniens
3514 2281 3615 2334 iter
3665 2281 3799 2333 vitae

2205 2371 2405 2426 mundo
2455 2371 2803 2440 praedicavit,
2856 2372 2970 2440 ipse
3016 2372 3178 2426 etiam
3232 2380 3359 2425 ante
3401 2371 3655 2424 diluvium
3690 2369 3791 2438 qui

2206 2473 2338 2518 tunc
2386 2461 2646 2517 increduli
2684 2472 2842 2518 erant
2892 2473 2947 2517 et
2993 2463 3285 2516 carnaliter
3310 2463 3556 2516 vixerant
3596 2460 3797 2528 spiritu

2207 2553 2433 2608 veniens
2453 2551 2796 2622 prmdicavit;
2827 2553 2940 2621 ipse
2961 2553 3105 2607 enim
3129 2567 3225 2622 per
3251 2552 3509 2621 Spiritum
3541 2557 3797 2604 sanctum

2205 2654 2326 2700 erat
2368 2645 2421 2698 in
2473 2642 2585 2698 Noe
2614 2643 2932 2712 ueterisque
2981 2632 3072 2712 qui
3105 2652 3232 2698 tunc
3271 2641 3422 2697 fuere
3467 2639 3687 2704 sanctis,
3736 2647 3798 2692 et

2205 2753 2302 2807 per
2329 2751 2516 2791 eorum
2563 2737 2757 2790 bonam
2802 2735 3267 2790 conversationem
3297 2733 3478 2804 pravis
3509 2732 3653 2787 illius
3686 2730 3794 2784 aevi
3842 2787 3851 2793 ,

2205 2824 2510 2879 hominibus
2533 2831 2593 2878 ut
2621 2823 2688 2878 ad
2726 2824 2948 2878 meliora
2979 2832 3424 2878 converterentur
3448 2821 3789 2893 prae-.licavit.

2206 2913 2490 2970 Conclusos
2518 2929 2752 2984 namque
2772 2915 2828 2967 in
2851 2931 3004 2968 carne
3025 2914 3152 2968 dicit
3175 2912 3482 2968 carnalibus
3503 2910 3798 2965 desideriis

2205 3013 2544 3077 aggravatos.
2580 3003 2730 3060 Unde
2759 3004 2825 3059 de
2862 3004 2964 3057 illis
3007 3003 3288 3072 Scriptura
3314 3003 3390 3056 ait
3414 3003 3557 3071 quod
3603 3000 3798 3054 Omnis

2207 3111 2330 3148 caro
2358 3095 2644 3164 corruperit
2672 3095 2809 3147 viam
2836 3109 3006 3146 suam.
3038 3092 3188 3158 Quod
3219 3100 3398 3146 autem
3421 3090 3550 3144 dicit
3583 3090 3636 3143 in
3661 3105 3798 3158 quo,

521 3177 628 3229 ritu
673 3182 859 3229 sancto
905 3173 1036 3226 vivit
1077 3178 1130 3226 et
1165 3179 1351 3241 regnat
1379 3171 1540 3235 Deus,
1562 3178 1671 3241 'per
1695 3173 1877 3225 omnia
1909 3170 2102 3225 saecula

2211 3185 2482 3256 signiﬁcat
2506 3186 2558 3239 in
2581 3199 2646 3239 eo
2667 3183 2806 3254 quod
2838 3185 3160 3254 promiserat
3179 3193 3237 3238 ut
3266 3199 3363 3238 nos
3379 3182 3596 3237 offerret
3630 3183 3743 3236 Deo
3777 3196 3797 3235 :

519 3268 860 3323 seculorum.
893 3265 1083 3324 Anien.

1098 3355 1374 3411 I‘IOMILIA
1416 3354 1552 3408 XIII.

1183 3463 1339 3502 FERIA
1381 3462 1453 3498 Vl.

774 3541 962 3594 Lectio
991 3538 1244 3606 Epistolae
1275 3537 1415 3590 beati
1446 3536 1589 3590 Petri
1624 3535 1872 3604 apostoli.

594 3629 922 3692 Chamsimi,
945 3625 1185 3681 Christus
1205 3622 1362 3677 semel
1388 3639 1482 3694 pro
1509 3623 1730 3690 peccatis
1755 3622 1944 3675 nostris
1969 3637 2107 3675 mor-

519 3737 642 3779 tuus
681 3733 777 3786 est,
798 3722 978 3792 justus
1006 3734 1100 3789 pro
1134 3717 1364 3787 injustis,
1395 3725 1451 3768 ut
1492 3731 1584 3767 nos
1624 3714 1832 3783 o/ferret
1861 3713 2100 3777 Domino,

523 3825 579 3872 et
623 3814 850 3882 reliqua.

595 3910 697 3976 Qui
721 3921 850 3977 ergo
871 3904 1052 3972 justus
1077 3903 1300 3974 patitur,
1328 3900 1604 3956 Christum
1631 3901 1902 3965 imitatur;
1933 3898 2027 3969 qui
2054 3898 2108 3953 in

520 4003 749 4074 ﬂagellis
793 3999 1104 4066 corrigitur,
1135 3996 1399 4050 latronem
1431 3994 1522 4062 qui
1553 3993 1608 4046 in
1633 4007 1794 4046 cruce
1836 3991 2109 4046 Christum

524 4091 796 4162 cognovit,
823 4097 878 4141 et
908 4094 1032 4156 post
1059 4099 1274 4139 crucem
1303 4097 1424 4135 cum
1449 4081 1664 4136 Christo
1689 4079 1997 4148 paradisum
2030 4079 2108 4132 in-

525 4181 707 4235 travit.
737 4179 837 4245 Qui
871 4192 970 4231 nec
1015 4177 1155 4228 inter
1196 4171 1403 4241 ﬂagella
1441 4171 1654 4224 desistit
1697 4185 1728 4223 a
1757 4168 1948 4238 culpis,
1978 4167 2109 4221 siui-

524 4283 697 4330 strum
730 4270 973 4327 imitatur
999 4267 1286 4327 latronem,
1312 4262 1403 4331 qui
1432 4269 1652 4332 pmpter
1680 4266 1903 4330 peccata
1928 4271 2110 4312 ascen-

525 4367 602 4420 dit
631 4365 684 4419 in
719 4375 954 4424 crucem,
979 4365 1036 4413 et
1060 4363 1182 4426 post
1205 4367 1422 4408 crucem
1452 4351 1562 4405 ruit
1586 4350 1641 4404 in
1667 4357 1952 4402 tartarum.
1983 4345 2106 4401 ideo

525 4469 704 4513 autem
753 4455 1030 4512 Christum
1088 4450 1255 4507 semel
1300 4455 1570 4503 mortuum
1618 4460 1738 4502 esse
1776 4459 2104 4500 commemo-

525 4555 644 4611 rat,
678 4553 736 4599 ut
779 4543 934 4598 nobis
983 4555 1196 4610 quoque
1239 4538 1293 4592 in
1343 4535 1661 4592 memoriam
1719 4541 1935 4588 revocet
1979 4533 2105 4602 quia

525 4635 889 4707 temporaneis
943 4632 1142 4688 nostris
1193 4629 1535 4701 passionibus
1587 4640 1796 4682 merces
1845 4625 2105 4681 reddetur

523 4735 746 4781 aeterna.

599 4816 665 4872 Ut
699 4833 791 4871 nos
821 4817 1029 4887 oﬁ’erret
1074 4814 1185 4868 Deo
1213 4811 1555 4881 mortiﬁcatos
1587 4810 1795 4881 quidem
1822 4825 2001 4874 carne,
2032 4809 2106 4864 vi-

524 4909 758 4976 uiﬁcatos
789 4917 960 4961 autem
983 4906 1193 4975 spiritu.
1235 4905 1312 4958 De
1350 4905 1452 4957 hac
1477 4902 1896 4958 mortificatione
1923 4901 2104 4956 carnis

524 5006 581 5052 et
614 4995 973 5050 vivificatione
1020 4993 1263 5062 spiritus,
1311 5005 1474 5059 quam
1518 4991 1720 5046 habent
1765 4991 1821 5046 hi
1866 4990 1960 5062 qui
2005 5004 2104 5059 pro

524 5088 754 5144 Domino
795 5102 892 5156 per
917 5085 1234 5156 patientiam
1266 5083 1541 5148 laborant,
1581 5083 1712 5138 dicit
1744 5092 1800 5138 et
1833 5083 2105 5153 apostolus

525 5180 772 5236 Paulus:
822 5178 888 5232 Et
940 5179 985 5232 si
1033 5177 1260 5230 exterior
1302 5175 1456 5230 homo
1507 5185 1678 5230 noster
1722 5175 2101 5242 corrumpitur,

461 5319 464 5322 .
523 5271 614 5327 sed
680 5279 854 5323 tamen
919 5269 964 5321 is
1024 5283 1110 5338 qut
1148 5266 1288 5320 intus
1354 5275 1429 5319 est
1481 5273 1760 5318 renouatur
1811 5264 1875 5317 de
1917 5263 2001 5315 die
2051 5261 2103 5315 in

523 5365 681 5420 diem.
713 5359 882 5419 Oﬂ’ert
909 5374 1036 5431 ergo
1080 5373 1181 5414 nos
1225 5358 1330 5412 Deo
1371 5356 1520 5410 Patri
1559 5355 1805 5410 Christus
1834 5368 1956 5409 cum
1984 5361 2108 5421 post

525 5454 1000 5511 mortificationem
1027 5451 1205 5506 carnis
1228 5465 1327 5520 pro
1355 5449 1444 5503 illo
1469 5447 1735 5503 immolari
1777 5446 2103 5518 gaudemus,

525 5548 576 5601 id
601 5557 705 5611 est,
734 5546 900 5600 vitam
929 5554 1166 5597 nostram
1199 5540 1518 5595 laudabilem
1538 5539 1593 5592 in
1615 5545 1903 5609 conspectu
1929 5537 2104 5592 Patris

524 5637 789 5700 ostendit,
825 5635 908 5690 vel
953 5641 1102 5688 certe
1139 5630 1295 5686 oll‘ert
1343 5645 1440 5684 nos
1495 5629 1604 5683 Deo
1651 5643 1775 5683 cum
1828 5627 2101 5683 absolutos

2208 3276 2352 3344 quod
2377 3284 2432 3330 et
2461 3285 2588 3330 tunc
2612 3277 2657 3330 si
2687 3276 2780 3346 qui
2809 3276 2874 3329 ad
2899 3276 3333 3345 praedicationem
3360 3273 3594 3338 Domini,
3625 3287 3798 3342 quam

2207 3374 2330 3434 post
2355 3365 2522 3420 vitam
2549 3364 2783 3421 ﬁdelium
2807 3366 3197 3436 praetendebat,
3220 3365 3441 3420 credere
3465 3363 3794 3427 noluissent,

2208 3467 2264 3513 et
2297 3457 2440 3526 ipsos
2483 3454 2678 3510 offerre
2724 3456 2834 3510 Deo
2885 3455 3031 3510 Patri
3057 3457 3340 3528 gaudebat.
3386 3453 3444 3510 Si
3488 3455 3579 3524 qui
3609 3464 3798 3509 autem

2210 3545 2566 3602 detrahebant
2590 3546 2656 3599 de
2681 3545 2838 3600 bonis
2864 3554 3113 3616 tanquam
3143 3547 3207 3601 de
3235 3544 3703 3609 malefactoribus,
3733 3545 3797 3599 hi

2209 3636 2458 3690 veniente
2487 3635 2687 3689 diluvio
2726 3636 3212 3700 confundebantur;
3243 3651 3368 3690 nam
3397 3643 3450 3690 et
3472 3635 3537 3690 de
3563 3645 3801 3704 utroque

2207 3738 2384 3797 potest
2406 3725 2626 3796 intelligi
2648 3727 2792 3796 quod
2819 3727 2916 3792 ait,
2948 3727 3000 3781 in
3027 3743 3155 3796 quo,
3183 3729 3235 3782 id
3264 3738 3379 3794 est,
3412 3728 3465 3782 in
3495 3743 3602 3797 quo
3628 3736 3684 3782 et
3709 3728 3797 3783 eis

2211 3820 2304 3890 qui
2336 3819 2389 3874 iu
2418 3834 2574 3874 carne
2603 3817 2831 3873 conclusi
2860 3828 3008 3873 erant
3033 3819 3358 3889 spiritaliter,
3389 3819 3439 3874 id
3488 3828 3570 3874 est
3599 3820 3797 3888 spiritu

2209 3908 2411 3964 veniens
2455 3908 2787 3978 prwdicavit,
2824 3915 2883 3962 ut
2925 3923 3026 3978 per
3067 3909 3312 3964 eamdem
3352 3909 3794 3978 praedicationem

2210 3986 2364 4055 suam
2391 4009 2444 4054 et
2489 3999 2832 4055 credentibus
2873 4014 3074 4055 corona
3128 3998 3302 4056 laudis
3326 4039 3342 4066 ,
3391 4009 3446 4054 et
3483 4001 3568 4055 his
3593 4000 3684 4070 qui
3733 4000 3795 4055 in

2209 4088 2522 4144 infidelitate
2542 4088 2895 4158 persisterent
2920 4089 3166 4145 confusio
3196 4099 3528 4145 nasceretur.
3558 4089 3793 4157 Quidam

2209 4180 2423 4235 codices
2457 4179 2678 4245 habent,
2727 4180 2795 4234 In
2837 4197 2938 4252 quo
2964 4192 3011 4236 et
3059 4182 3140 4237 his
3170 4184 3260 4253 qui
3303 4183 3357 4236 in
3388 4200 3592 4238 carcere
3637 4195 3792 4238 erant

2208 4268 2393 4338 spiritu
2414 4268 2615 4323 veniens
2635 4269 2959 4339 praedicavit,
2979 4273 3121 4341 quod
3141 4273 3210 4327 ad
3232 4274 3474 4328 eamdem
3497 4289 3794 4342 pravorum

2209 4365 2264 4412 et
2292 4357 2692 4416 incredulorum
2725 4359 3082 4416 intentionem
3109 4363 3348 4432 respicit,
3379 4364 3470 4432 qui
3516 4366 3792 4434 quomodo

2212 4446 2450 4501 tenebris
2467 4448 2814 4503 obscuratum
2839 4451 3035 4506 habent
3060 4467 3298 4517 sensum,
3325 4455 3520 4508 merito
3548 4455 3710 4509 etiam
3731 4456 3792 4510 in

2132 4506 2184 4567 D
2209 4538 2311 4592 hac
2354 4538 2464 4592 vita
2510 4538 2563 4592 in
2594 4555 2814 4596 carcere
2859 4543 3098 4598 conclusi
3127 4560 3245 4600 esse
3273 4545 3549 4609 dicuntur,
3599 4546 3653 4600 in
3679 4563 3794 4617 quo

2207 4631 2456 4685 videlicet
2483 4647 2703 4688 carcere
2728 4633 3076 4690 interioribus
3105 4635 3282 4691 adhuc
3313 4637 3548 4692 tenebris
3575 4636 3680 4691 hoc
3705 4648 3796 4693 est

2207 4721 2446 4776 caecitate
2468 4722 2662 4777 mentis
2681 4731 2736 4778 et
2769 4725 3022 4793 operibus
3045 4724 3257 4794 injustis
3275 4737 3590 4798 gravantur,
3616 4730 3795 4785 donec

2207 4824 2369 4864 carne
2386 4810 2546 4865 soluti
2570 4813 2622 4866 in
2643 4814 2898 4868 tenebras
2919 4816 3218 4870 exteriores
3242 4818 3405 4871 etiam
3429 4819 3483 4872 in
3508 4834 3793 4874 carcerem

2205 4897 2555 4967 proiiciantur
2575 4912 2791 4957 aeternae
2812 4905 3195 4962 damnationis.
3223 4907 3298 4962 De
3319 4924 3426 4978 quo
3447 4908 3706 4963 Dominus
3732 4911 3794 4964 in

2205 4988 2494 5061 Evangelio
2536 5011 2549 5046 :
2584 4993 2652 5046 Et
2682 4995 2865 5064 judez,
2915 4996 3110 5064 inquit,
3140 4997 3316 5051 tradat
3362 5009 3410 5054 te
3453 4999 3688 5052 ministro
3738 5012 3794 5054 et

2204 5082 2260 5135 in
2313 5099 2571 5138 carcerem
2617 5086 2862 5141 mittaris.
2890 5086 3148 5153 Quamvis
3174 5089 3336 5144 etiam
3368 5089 3542 5144 sancti
3583 5091 3635 5143 in
3683 5089 3795 5146 hac

2204 5173 2314 5227 vita
2363 5187 2422 5227 se
2468 5174 2521 5227 in
2554 5189 2773 5230 carcere
2819 5178 3044 5247 positos,
3075 5193 3196 5232 cum
3245 5179 3497 5248 gaudium
3537 5194 3792 5248 superna:

2205 5263 2393 5332 patria:
2429 5265 2636 5329 sitiunt,
2668 5267 2860 5322 merito
2887 5267 3250 5336 proclament,
3290 5269 3443 5339 juxta
3473 5269 3600 5324 illud
3624 5269 3778 5322 Psal-

2207 5355 2379 5410 mista:
2400 5374 2412 5408 :
2432 5356 2582 5409 Educ
2604 5357 2668 5411 de
2685 5375 2887 5414 carcere
2905 5362 3135 5414 animam
3157 5377 3323 5415 meam
3345 5361 3414 5415 ad
3428 5361 3788 5430 conﬁtendum

2205 5447 2401 5499 nomini
2440 5456 2561 5512 tuo,
2589 5448 2754 5502 distat
2797 5464 3030 5520 namque
3070 5451 3296 5505 multum
3329 5451 3464 5504 inter
3493 5460 3792 5520 utrumque

2203 5549 2512 5601 carcerem,
2541 5537 2805 5606 siquidem
2837 5540 3052 5609 reprobi
3085 5542 3136 5594 in
3182 5556 3404 5596 carcere
3430 5549 3555 5596 sunt
3586 5556 3789 5611 pecca-

2201 5635 2378 5681 torum
2408 5635 2464 5681 et
2508 5628 2841 5698 ignorantiae,
2876 5629 3007 5699 justi
3035 5647 3164 5686 vero
3193 5633 3245 5686 in
3280 5647 3499 5687 carcere
3529 5631 3655 5686 licet
3681 5634 3790 5686 tri-

527 5737 686 5776 t-arne
720 5725 771 5777 in
801 5733 1058 5779 aeternum
1105 5738 1201 5777 nos
1232 5736 1453 5793 regnum
1483 5719 1792 5774 introducit.
1824 5718 1968 5774 Sane
1996 5721 2099 5776 hoc
2197 5718 2532 5775 bulatiouum
2562 5722 2762 5792 positi,
2813 5722 2934 5779 luce
2978 5739 3192 5794 semper
3208 5725 3435 5794 justitiae
3472 5723 3697 5778 dilatato
3731 5723 3791 5777 in
