4040 6188
300 339 411 396 165

1412 339 1713 397 HOlrllLlE
1752 339 1820 396 IN
1859 338 2109 398 EVANG.
2150 340 2240 395 ET
2276 339 2494 397 EPIST.

3470 345 3570 402 166

294 471 593 531 hominum
620 472 785 528 corde
815 470 1086 527 fruuntur.
1126 471 1281 538 Quod
1315 472 1733 542 designaverunt
1761 486 1891 541 apo.
1917 475 1963 533 A
1993 470 2345 542 mergendum
2371 470 2568 540 quibus
2594 484 2721 525 arca
2753 469 3066 526 sublevatur
3094 470 3160 525 ad
3188 469 3402 527 cmlum.
3452 473 3573 546 lpsc

290 565 421 619 stoli
444 563 649 619 Paulus
676 572 733 618 et
758 562 921 627 Silas,
944 578 1068 617 cum
1098 563 1273 617 media
1302 570 1460 617 nocte
1487 563 1675 617 intimo
1704 578 1887 618 carce-

291 656 373 710 ris
413 656 646 711 horrore
697 656 862 710 vincti
912 655 1039 709 licet
1081 663 1136 709 et
1176 652 1424 725 ﬁagellati
1468 654 1727 724 hymnum
1777 655 1887 710 Deo

292 744 548 799 laudibus
598 744 876 799 laetissima
933 758 1064 799 voce
1118 745 1405 799 canebant.
1456 742 1684 810 Quidam
1743 744 1887 799 hunc

291 838 475 892 locum
498 837 574 891 ita
594 837 984 907 interpretatus
1004 843 1103 897 est,
1127 836 1269 905 quod
1289 835 1710 891 consolationem
1740 836 1883 889 illam

292 929 363 981 de
406 944 516 997 qua
562 928 694 983 dicit
719 927 980 998 apostolis
1022 928 1322 982 Dominus:
1357 926 1511 980 Multi
1533 928 1793 996 prophetae
1836 936 1885 980 et

282 1019 426 1087 justi
448 1020 722 1088 cupierunt
747 1019 921 1072 videre
941 1035 1060 1088 qua:
1083 1035 1169 1072 vos
1191 1018 1389 1079 ridetis,
1421 1027 1469 1071 et
1495 1034 1598 1070 non
1622 1017 1880 1079 viderunt,

290 1120 342 1161 et
372 1111 565 1162 audire
586 1126 703 1179 qua:
727 1110 945 1174 auditis,
989 1118 1039 1163 et
1087 1125 1188 1163 non
1221 1109 1520 1161 audierunt.
1575 1107 1651 1161 De
1679 1123 1785 1177 qua
1830 1117 1885 1163 et

292 1198 586 1254 Psalmista
615 1216 628 1252 :
659 1197 992 1267 Defecerunt,
1020 1199 1225 1269 inquit,
1251 1198 1390 1251 oculi
1415 1199 1514 1265 mei
1538 1199 1595 1251 in
1621 1197 1884 1267 eloquium

289 1300 447 1343 tuum
468 1290 697 1345 dicentes
719 1305 738 1343 :
764 1288 989 1354 Quando
1004 1288 1353 1343 consolaberis
1370 1304 1448 1341 me
1462 1288 1487 1340 ?
1502 1287 1686 1342 Sancti
1705 1288 1884 1357 quies-

290 1390 487 1436 centes
506 1381 560 1434 in
579 1379 793 1436 inferno
811 1380 1273 1445 desideraverunt,
1295 1382 1437 1449 quod
1457 1378 1814 1434 descendente
1830 1379 1883 1432 in

293 1469 511 1524 inferna
538 1470 787 1534 Domino,
815 1470 979 1524 etiam
1021 1470 1107 1524 his
1141 1469 1233 1539 qui
1269 1469 1321 1522 in
1354 1484 1576 1524 carcere
1620 1476 1796 1533 erant,
1829 1475 1883 1522 et

292 1562 564 1617 increduli
591 1562 864 1631 quondam
888 1561 1109 1616 fuerunt
1136 1563 1190 1616 in
1217 1562 1407 1617 diebus
1430 1560 1558 1625 Noe,
1584 1560 1883 1615 consolatio

294 1653 381 1708 vel
417 1653 731 1709 exhortatio
754 1652 1047 1723 praedicata
1077 1650 1260 1717 fuerit,
1280 1653 1398 1707 hinc
1418 1651 1505 1707 ille
1526 1652 1740 1707 dixerit.
1775 1650 1883 1705 Sed

290 1744 563 1800 catholica
591 1744 724 1799 ﬁdes
747 1745 911 1799 habet
934 1745 1076 1814 quod
1102 1744 1434 1799 descendens
1449 1745 1515 1798 ad
1544 1744 1751 1798 inferna
1777 1744 1882 1798 Do-

294 1834 481 1889 minus
512 1850 618 1889 non
649 1833 955 1890 incredulos
984 1833 1128 1898 inde,
1160 1834 1253 1888 sed
1312 1833 1498 1888 ﬁdeles
1542 1832 1884 1888 solummodo
1911 1818 1959 1877 Β

293 1941 427 1980 suos
469 1926 726 1991 edocens,
754 1924 823 1980 ad
853 1924 1091 1979 ctelestia
1113 1938 1294 1978 secum
1326 1938 1489 1993 regna
1532 1922 1878 1992 perduxerit;

295 2030 481 2084 neque
501 2016 680 2070 exutis
708 2029 937 2085 corpore
959 2014 1243 2069 animabus
1268 2022 1324 2069 et
1343 2014 1634 2067 inferorum
1662 2027 1883 2067 carcere

293 2106 574 2160 damnatis
628 2106 857 2162 salutem
924 2120 1083 2175 quam
1134 2113 1260 2159 ante
1312 2112 1541 2158 mortem
1584 2102 1884 2158 dilexerant

294 2197 699 2267 prtedieaverit,
730 2198 823 2253 sed
848 2213 1066 2253 carcere
1094 2197 1357 2252 scelerum
1374 2196 1561 2251 inclusi
1586 2197 1637 2249 in
1659 2196 1762 2251 bac
1776 2196 1883 2251 vita

293 2291 384 2346 vel
407 2307 506 2360 per
530 2292 766 2361 seipsum
799 2291 882 2347 vel
908 2306 1005 2361 per
1030 2306 1249 2345 suorum
1280 2289 1521 2357 exempla
1563 2288 1678 2343 sive
1720 2288 1885 2360 verba

296 2381 546 2437 ﬁdelium
577 2381 817 2452 quotidie
842 2382 984 2436 viam
1015 2383 1139 2437 vita:
1171 2383 1573 2444 demonstrant,
1600 2379 1669 2433 dc
1692 2377 1887 2451 quibus

297 2471 435 2527 dicit
469 2491 484 2525 :
513 2472 618 2537 Qui
642 2472 900 2527 increduli
927 2472 1157 2541 fuerant,
1186 2470 1397 2539 quando
1419 2469 1746 2540 exspectabat
1791 2468 1887 2523 Dei

268 2562 557 2631 patientia
587 2563 639 2614 in
667 2562 850 2616 diebus
882 2562 1016 2625 Noe,
1046 2578 1165 2616 cum
1195 2561 1544 2632 fabricantur
1564 2578 1710 2615 arca.
1746 2558 1884 2615 Nam

295 2658 357 2705 et
398 2652 515 2720 ipsa
569 2651 658 2706 Dei
690 2653 947 2720 patientia
987 2652 1298 2722 praedicatio
1326 2652 1443 2721 eius
1467 2660 1587 2705 erat
1624 2666 1746 2705 cum
1775 2650 1886 2705 Noe

297 2750 521 2796 centum
558 2756 728 2796 annos
750 2757 889 2797 arcte
916 2742 1168 2813 operilms
1198 2742 1469 2796 insistens.
1514 2741 1652 2807 Quid
1685 2741 1886 2796 mundo

302 2836 548 2891 futurum
595 2845 743 2892 esset
788 2837 1082 2906 quotidiani
1124 2837 1303 2906 operis
1343 2833 1691 2889 exsecutione
1728 2849 1884 2888 mon-

305 2927 547 2988 strabat,
581 2928 708 2995 quia
738 2926 935 2983 Paulus
961 2928 1075 2981 ait:
1111 2925 1192 2980 An
1225 2926 1437 2996 ignoras
1478 2927 1601 2997 quia
1636 2924 1887 2994 patientia

305 3014 407 3069 Dei
436 3015 508 3068 ad
531 3015 883 3084 parnitentiam
911 3025 961 3068 te
985 3014 1219 3079 adducit,
1242 3022 1298 3068 et
1319 3020 1532 3068 cratera.
1561 3011 1679 3067 Alia
1705 3019 1886 3067 trans-

266 3172 269 3175 _
302 3107 441 3162 latio
484 3107 629 3163 hunc
668 3106 842 3162 locum
873 3107 947 3160 ita
988 3105 1149 3161 habet
1174 3123 1187 3159 :
1216 3104 1455 3159 Christus
1480 3103 1638 3159 semel
1661 3120 1755 3175 pro
1780 3119 1892 3173 pec-

1988 576 2203 631 quoque
2243 561 2557 616 octonarius
2599 575 2860 616 numerus
2902 560 3204 616 animarum
3250 577 3370 631 qua:
3409 564 3574 623 salvat

1987 653 2145 708 facta!
2167 663 2291 708 sunt
2313 669 2412 724 per
2430 669 2624 723 aquam
2645 653 2932 723 signiﬁcat,
2964 652 3088 722 quia
3118 662 3305 709 sancta
3330 655 3571 714 Ecclesia

1987 745 2043 799 in
2085 754 2484 800 sacramentum
2526 744 2819 799 Dominicaz
2861 746 3278 800 resurrectionis
3316 748 3571 816 baptismi

1986 837 2260 892 lavacrum
2290 837 2536 906 percipit,
2565 843 2625 889 ut
2644 837 2783 889 sicut
2806 837 2920 905 ipse
2954 838 3251 891 resurrexit
3282 852 3313 891 a
3342 840 3573 895 mortuis

1986 942 2083 997 per
2110 927 2333 997 gloriam
2364 926 2543 980 Patris
2566 966 2580 990 ,
2624 926 2696 979 ita
2723 936 2776 979 et
2829 940 2926 979 nos
2951 927 3232 996 cxpurgati
3276 943 3306 981 a
3335 931 3576 997 peccatis

1985 1033 2085 1087 per
2112 1034 2306 1089 aquam
2355 1016 2780 1087 regenerationis
2825 1017 2879 1070 in
2912 1017 3152 1071 novitate
3178 1019 3301 1072 vita:
3331 1021 3572 1075 ambule-

1985 1128 2125 1166 mus.
2185 1110 2391 1168 Octavo
2438 1124 2672 1180 namque
2726 1110 2844 1173 die,
2896 1110 2999 1164 hoc
3023 1119 3107 1165 cst
3132 1120 3254 1180 post
3286 1114 3571 1182 septimam

1987 1201 2215 1264 sabbati,
2250 1201 2508 1255 Dominus
2534 1216 2563 1253 a
2594 1200 2821 1253 mortuis
2852 1216 3140 1269 resurgens
3165 1210 3220 1255 et
3262 1204 3569 1273 exemplum

1985 1290 2141 1345 nobis
2176 1290 2369 1344 futura:
2410 1290 2819 1345 resurrectionis
2845 1299 2899 1343 et
2924 1292 3234 1360 mysterium
3263 1309 3411 1349 novm
3442 1311 3572 1349 con-

1984 1382 2327 1445 versationis,
2360 1396 2463 1450 qua
2492 1382 2546 1434 in
2573 1382 2731 1435 terris
2761 1382 2919 1450 positi
2946 1382 3218 1436 caelestem
3247 1386 3410 1439 vitam
3443 1401 3568 1456 age-

1984 1490 2189 1538 remus,
2212 1476 2468 1529 ostendit.
2503 1475 2673 1541 Quam
2710 1475 2874 1528 etiam
2902 1474 3016 1543 ipse
3037 1473 3231 1529 Petrus
3254 1478 3570 1547 exponendo

1986 1563 2264 1634 subiungit
2295 1564 2503 1620 dicens:

2063 1655 2163 1709 Per
2193 1657 2621 1710 resurrectionem
2642 1656 2771 1710 Iesu
2799 1654 3017 1722 Christi,
3047 1658 3139 1728 qui
3167 1667 3241 1712 est
3267 1659 3322 1711 in
3357 1659 3573 1714 dextera

1985 1745 2125 1812 Dei,
2175 1745 2462 1816 deglutiens
2510 1756 2729 1799 mortem
2770 1756 2826 1799 ut
2867 1748 2985 1801 vita:
3031 1757 3241 1802 (eterna:
3290 1750 3571 1819 participes

1985 1838 2332 1907 eﬁiceremur;
2357 1836 2619 1907 profectus
2662 1837 2717 1890 in
2748 1836 2949 1891 caelum.
2982 1836 3132 1892 Sicut
3153 1838 3295 1892 enim
3326 1838 3442 1907 ipse
3483 1852 3576 1896 re-

1985 1941 2214 1996 surgens
2267 1941 2297 1979 a
2355 1926 2583 1980 mortuis
2629 1927 2870 1981 ascendit
2910 1926 2964 1980 in
3007 1927 3204 1981 caelum
3246 1936 3301 1983 et
3351 1929 3502 1985 sedet
3545 1946 3577 1985 a

1987 2014 2194 2069 dextris
2219 2014 2336 2077 Dei,
2367 2015 2450 2067 sic
2471 2014 2633 2067 etiam
2661 2013 2818 2068 nobis
2843 2027 2939 2083 per
2959 2014 3225 2083 baptisma
3250 2016 3394 2071 viam
3423 2017 3569 2071 salu-

1989 2104 2059 2157 tis
2093 2118 2157 2157 ac
2182 2103 2330 2174 regni
2357 2102 2594 2156 caelestis
2618 2102 2898 2156 introitum
2927 2110 3113 2172 patere
3148 2105 3403 2175 signavit.
3425 2104 3570 2162 Bene

1988 2202 2166 2248 autem
2189 2190 2288 2257 ait,
2308 2192 2599 2262 degluiens
2612 2203 2863 2257 mortem;
2890 2194 3032 2263 quod
3055 2194 3199 2249 enim
3220 2195 3567 2267 deglutimns,

1987 2284 2219 2354 agimus,
2250 2290 2309 2337 ut
2337 2282 2534 2337 virtute
2561 2282 2733 2337 nostri
2764 2283 3008 2353 corporis
3030 2285 3373 2361 absumptum
3391 2324 3407 2353 ,
3436 2301 3569 2341 nus-

1988 2390 2150 2446 quam
2178 2383 2396 2445 pareat;
2431 2385 2487 2429 et
2513 2374 2795 2445 deglutivit
2822 2384 3050 2431 mortem
3085 2375 3378 2446 Dominus,
3406 2394 3570 2449 quam

1989 2480 2275 2537 resurgens
2295 2482 2324 2521 a
2353 2467 2582 2521 mortuis
2602 2468 2675 2520 ita
2707 2466 2951 2522 funditus
2971 2470 3328 2539 consumpsit;
3352 2480 3411 2523 ut
3434 2472 3571 2527 nihil

1987 2565 2174 2611 contra
2223 2571 2283 2612 se
2311 2558 2451 2611 ultra
2483 2572 2578 2627 per
2618 2565 2878 2613 attactum
2931 2558 3157 2627 alicuius
3205 2564 3568 2631 corruptionis

1987 2647 2214 2711 valeret,
2264 2663 2328 2703 ac
2373 2657 2627 2703 manente
2671 2649 2850 2717 specie
2894 2651 3008 2704 veri
3060 2651 3304 2721 corporis
3357 2653 3571 2711 abesset

1986 2752 2210 2808 prorsus
2248 2737 2396 2791 labes
2421 2738 2598 2793 onmis
2626 2740 2820 2807 priscae
2844 2738 3172 2811 fragilitatis.
3213 2742 3367 2810 Quod
3393 2745 3568 2814 ipsum

1987 2836 2044 2882 et
2066 2827 2223 2881 nobis
2244 2826 2297 2881 in
2317 2827 2423 2882 ﬁne
2444 2829 2781 2897 promittitur
2800 2829 3059 2896 futurum,
3084 2831 3296 2888 dicente
3315 2834 3576 2903 Apostolo

1987 2931 2108 2972 cum
2141 2916 2208 2971 de
2233 2926 2416 2972 nostra
2450 2919 2849 2975 resurrectione
2895 2920 3208 2990 loqueretur
3245 2940 3261 2977 :
3296 2924 3440 2978 Tum:
3482 2926 3572 2995 [iet

1928 3014 1945 3037 ‘
1987 3022 2156 3061 sermo
2182 3008 2271 3078 qui
2297 3010 2521 3076 scriptus
2549 3017 2624 3062 est
2654 3021 2672 3059 :
2701 3009 2958 3080 Absorpta
2990 3021 3066 3065 est
3093 3027 3232 3065 mors
3256 3015 3308 3067 in
3337 3015 3571 3068 victoria.

1994 3099 2137 3154 Bene
2162 3100 2433 3170 absorpta,
2459 3100 2584 3169 quia
2612 3107 2666 3153 et
2691 3114 2814 3155 cum
2837 3114 2938 3156 nos
2960 3101 3085 3156 vitae
3108 3109 3324 3156 eterna!
3347 3104 3572 3172 partici-

301 3199 440 3254 catis
477 3200 668 3253 nostris
696 3208 934 3253 mortuus
960 3207 1059 3258 est,
1080 3196 1258 3266 justus
1296 3213 1392 3266 pro
1419 3163 1672 3266 injustis;
1692 3204 1749 3249 ut
1780 3163 1887 3248 Inos
1914 3163 1960 3225 (ἶ
1990 3202 2087 3257 pes
2117 3188 2378 3243 fuerimus
2424 3188 2624 3255 ell‘ecti,
2656 3189 2730 3244 ita
2773 3190 3032 3245 nimirum
3060 3191 3234 3246 virtus
3276 3194 3574 3262 corporalis

306 3287 472 3342 ducat
495 3287 567 3342 ad
585 3287 752 3342 Deum
778 3286 1118 3354 morti/iectas
1139 3301 1383 3356 corpore,
1407 3284 1498 3340 sed
1525 3284 1810 3353 vivificatos
1835 3284 1891 3337 in

301 3378 519 3447 spiritu,
542 3380 599 3431 in
615 3394 719 3449 quo
739 3376 930 3447 spiritu
953 3385 1002 3431 et
1026 3377 1100 3430 eis
1119 3376 1207 3447 qui
1228 3377 1283 3429 in
1305 3390 1510 3429 carcere
1533 3384 1679 3428 erant
1697 3372 1893 3443 pradi-

302 3468 444 3522 cavit
469 3483 489 3522 :
513 3468 603 3537 qui
633 3466 897 3537 quondam
936 3483 1040 3520 non
1078 3464 1406 3520 crediderant
1457 3464 1514 3518 in
1554 3462 1734 3516 diebus
1782 3460 1890 3514 illis

302 3574 427 3614 sunt
454 3566 772 3627 exspectaret
797 3556 893 3610 Dei
912 3557 1166 3627 patientia
1186 3556 1243 3609 in
1261 3554 1443 3609 diebus
1475 3550 1594 3606 Noe
1611 3592 1628 3617 ,
1658 3568 1777 3606 cum
1802 3551 1889 3622 fa-

303 3646 600 3702 bricantur
628 3662 776 3710 arca,
804 3647 860 3700 in
878 3662 983 3715 qua
1005 3646 1184 3716 pauci,
1206 3644 1260 3699 id
1280 3653 1355 3698 est
1379 3650 1495 3697 octo
1521 3642 1714 3697 anime
1732 3639 1890 3695 salute

302 3738 467 3812 facta
516 3747 639 3792 sunt
683 3754 776 3807 per
817 3753 1027 3808 aquam.
1070 3734 1224 3803 Quod
1271 3743 1325 3790 et
1373 3749 1472 3790 nos
1505 3748 1651 3788 nunc
1697 3731 1890 3788 similis

304 3829 497 3885 format
524 3828 704 3884 salvos
728 3826 855 3884 facit
878 3828 1169 3897 baptisma.
1193 3826 1447 3882 Formam
1474 3823 1729 3903 baptismi
1756 3824 1894 3879 assi-

308 3919 572 3973 mulatam
598 3918 729 3973 dicit
751 3933 909 3982 arcae,
933 3926 988 3972 et
1007 3919 1162 3987 aquis
1185 3916 1390 3972 diluvii.
1418 3915 1486 3970 Et
1504 3922 1652 3970 recte
1670 3914 1892 3969 omnim

306 4008 455 4079 quod
482 4017 539 4063 et
564 4008 682 4078 ipsa
710 4007 995 4064 fabricatio
1023 4022 1163 4063 arcae
1189 4006 1258 4062 de
1288 4008 1449 4078 lignis
1473 4008 1718 4080 levigatis
1756 4021 1889 4062 con-

309 4101 670 4156 structionem
696 4100 873 4171 signat
892 4100 1161 4164 Ecclesiae,
1200 4115 1319 4170 qua:
1360 4100 1423 4156 ﬁt
1458 4101 1526 4156 de
1576 4100 1892 4157 collectione

311 4191 616 4246 animarum
663 4190 899 4247 ﬁdelium
938 4205 1038 4261 per
1064 4191 1389 4268 architectos
1411 4190 1601 4256 verbi,
1650 4199 1705 4246 et
1746 4190 1891 4262 quod

311 4292 575 4353 pereunte
600 4282 733 4338 orbe
758 4291 873 4338 toto
899 4282 1077 4352 pauci,
1120 4283 1172 4338 id
1200 4292 1313 4348 est,
1345 4291 1470 4338 octo
1508 4283 1704 4337 animae
1729 4281 1892 4337 salva:

312 4374 470 4431 facta
484 4384 632 4432 sunt.
658 4375 760 4431 Per
777 4390 970 4444 aquam
984 4374 1251 4445 signiﬁcat
1271 4374 1413 4444 quod
1435 4373 1503 4429 ad
1528 4372 1889 4443 commratio-

312 4480 437 4520 nem
460 4466 819 4536 pereuntium,
842 4465 1141 4537 gentilium,
1159 4463 1485 4529 Iudaeorum,
1512 4464 1886 4521 luereticorum

312 4566 368 4611 et
379 4555 639 4611 falsorum
654 4554 891 4612 ﬁdelium
906 4556 1076 4611 multo
1094 4556 1311 4611 brevior
1320 4564 1400 4611 est
1412 4570 1667 4611 numerus
1686 4555 1887 4610 electo-

316 4661 455 4700 rum.
489 4644 678 4710 Unde,
703 4646 770 4701 de
790 4654 1012 4714 angusta
1041 4656 1197 4716 porta
1226 4654 1282 4700 et
1298 4656 1448 4701 arcta
1472 4645 1557 4700 via
1584 4660 1703 4715 quae
1737 4645 1884 4701 ducit

315 4739 383 4794 ad
410 4739 578 4793 vitam
602 4737 802 4793 dicitur
825 4756 840 4791 :
862 4738 931 4792 Et
951 4740 1105 4808 pauci
1129 4748 1248 4792 sunt
1271 4739 1359 4809 qui
1381 4738 1645 4794 inveniunt
1664 4754 1803 4803 eam,
1832 4748 1888 4794 et

318 4829 515 4883 iterum
550 4846 565 4881 :
595 4826 723 4881 Noli
752 4828 956 4893 timere,
984 4828 1206 4899 pusillus
1229 4842 1386 4898 grex,
1428 4828 1550 4898 quia
1578 4826 1888 4899 complacuit

320 4917 472 4972 Patri
496 4928 666 4972 oestro
694 4917 822 4971 dare
843 4917 979 4972 vobis
1012 4933 1246 4988 regnum.
1274 4917 1350 4973 De
1376 4931 1484 4986 quo
1509 4915 1701 4986 pusillo
1729 4932 1888 4989 grege

319 5019 372 5064 et
398 5010 486 5064 hic
517 5016 644 5079 apte
668 5005 1008 5078 subiungitur
1039 5023 1053 5060 :
1099 5005 1223 5060 Non
1269 5007 1442 5060 carnis
1484 5004 1734 5075 depositio
1773 5021 1892 5059 sor-

322 5094 499 5161 dium,
540 5095 634 5150 sed
671 5098 999 5151 conscientia?
1026 5098 1175 5151 bona?
1220 5096 1556 5165 interrogatio
1606 5095 1663 5149 in
1702 5095 1891 5149 Deum.

326 5184 422 5240 Ubi
457 5195 542 5242 est
565 5188 709 5242 enim
734 5188 1064 5244 conscientia
1088 5190 1250 5253 bona,
1279 5188 1387 5243 nisi
1403 5188 1492 5243 ubi
1520 5195 1603 5244 est
1630 5187 1761 5243 ﬁdes
1784 5203 1892 5243 non

327 5277 480 5331 ﬁcta?
526 5278 695 5334 Docet
738 5294 969 5348 namque
1003 5280 1276 5350 apostolus
1303 5279 1502 5335 Paulus
1525 5319 1541 5343 ,
1587 5281 1729 5350 quod
1770 5281 1893 5349 ﬁnis

316 5369 562 5439 precepti
580 5379 656 5423 est
679 5370 910 5424 charitas
934 5371 997 5425 de
1018 5370 1173 5425 corde
1193 5387 1326 5440 puro
1346 5380 1393 5424 et
1420 5372 1736 5424 conscientia
1757 5370 1890 5425 bona

323 5464 373 5511 τι
399 5457 507 5526 ﬁde
526 5475 631 5514 non
650 5460 796 5529 ﬁcta.
826 5459 978 5528 Quod
1006 5476 1136 5531 ergo
1156 5475 1294 5530 aqua
1323 5459 1505 5514 diluvii
1533 5475 1639 5514 non
1666 5458 1894 5515 salvavit

322 5556 473 5605 extra
498 5566 685 5606 arcam
710 5551 934 5621 positos,
961 5554 1055 5608 sed
1075 5553 1288 5617 cecidit,
1321 5552 1438 5608 sine
1461 5550 1625 5606 dubio
1642 5548 1891 5619 praeﬁgu-

321 5642 477 5699 rabat
498 5659 716 5699 omnem
743 5643 1075 5709 haereticum,
1103 5644 1529 5699 licethabentem
1554 5639 1893 5711 baptismatis

320 5747 749 5803 sacramentum,
781 5754 889 5794 non
928 5738 1068 5803 aliis,
1108 5736 1200 5793 sed
1232 5735 1361 5804 ipsis
1387 5734 1543 5804 aquis
1581 5734 1649 5789 ad
1683 5731 1891 5787 inferna

1992 3279 2311 3334 immortalis
2334 3293 2495 3335 omne
2521 3282 2808 3351 praeteritae
2835 3283 3197 3354 corruptionis
3237 3299 3434 3339 novum
3465 3285 3572 3340 tol-

1990 3366 2102 3433 let,
2155 3369 2422 3437 quomodo
2456 3369 2593 3424 solet
2640 3368 2854 3426 ﬂamma
2901 3372 3040 3443 ignis
3079 3373 3377 3430 immissam
3418 3389 3577 3447 aqua:

1988 3466 2198 3528 guttam
2227 3459 2436 3513 ardoris
2466 3460 2549 3513 sui
2578 3473 2901 3516 consumere
2926 3461 3143 3517 virtute.

2552 3569 2834 3627 HOMIUA
2861 3571 3001 3630 XIV.

2560 3657 2688 3697 ΙΤΕΙ
2720 3657 2876 3697 ηιμ
2908 3659 2983 3698 Vl.

2086 3731 2272 3787 Lectio
2301 3732 2472 3787 sancti
2501 3733 2776 3803 Evangelii
2815 3734 3109 3790 secundum
3141 3734 3469 3794 Matthzeum.

2060 3821 2130 3879 In
2156 3824 2249 3877 illo
2270 3833 2496 3893 tempore
2522 3836 2542 3874 :
2567 3821 2818 3877 Undecim
2842 3824 3086 3895 discipuli
3111 3825 3357 3883 abierunt
3375 3829 3432 3883 in
3460 3828 3571 3884 Ga-

1989 3916 2183 3971 lilteant
2206 3916 2262 3968 in
2289 3923 2512 3969 montem
2533 3915 2624 3968 ubi
2645 3916 2979 3969 constituerat
3003 3918 3077 3971 eis
3096 3916 3271 3984 Iesus,
3298 3927 3407 3975 etc.

2030 4007 2190 4063 -Post
2213 4008 2666 4063 resurrectionem
2689 4007 2833 4062 enim
2861 4004 3017 4063 Iesus
3049 4009 3103 4063 in
3126 4008 3358 4066 Galilm
3384 4020 3573 4068 monte

1989 4101 2325 4172 conspicitur
2352 4099 2538 4170 ibique
2560 4100 2839 4155 adorator.
2874 4099 3028 4155 Licet
3053 4102 3272 4170 quidam
3298 4102 3567 4169 dubitent,

1990 4202 2046 4248 et
2073 4192 2338 4247 dubitatio
2365 4205 2552 4246 eorum
2580 4198 2820 4246 nostram
2848 4199 3042 4262 augeat
3072 4192 3252 4271 ﬁdem,
3280 4195 3405 4249 dum
3448 4209 3565 4248 ma-

1991 4282 2242 4338 nifestius
2261 4282 2566 4337 ostenditur
2600 4282 2819 4337 Thomze
2846 4291 2902 4337 et
2927 4282 3070 4339 latus
3095 4283 3280 4339 lancea
3309 4285 3563 4340 vulnera-

1992 4379 2106 4425 tum
2128 4379 2187 4426 et
2216 4385 2406 4425 manus
2438 4370 2575 4426 ﬁxas
2601 4372 2936 4425 demonstrat
2964 4370 3148 4426 clavis.

2065 4460 2133 4515 Et
2161 4461 2408 4516 accedens
2433 4460 2590 4515 Iesus
2613 4459 2819 4515 locutus
2842 4469 2918 4514 est
2943 4461 3018 4514 eis
3045 4461 3223 4516 dicens
3262 4476 3283 4514 :
3326 4461 3466 4517 Data
3491 4475 3567 4519 est

1989 4554 2117 4607 mihi
2144 4553 2312 4607 omnis
2335 4562 2562 4622 potestas
2591 4554 2646 4606 in
2674 4552 2802 4607 celo
2840 4561 2888 4606 et
2932 4552 2987 4606 in
3032 4560 3193 4606 terra.
3224 4551 3356 4608 Data
3383 4553 3434 4609 ei
3476 4554 3568 4623 qui

1989 4646 2151 4715 paulo
2202 4643 2494 4700 cruciﬁxus
2545 4653 2699 4707 ante,
2740 4642 2831 4713 qui
2860 4641 3103 4711 sepultus
3126 4643 3179 4697 in
3212 4643 3438 4709 tumulo,
3473 4646 3566 4716 qui

1992 4749 2237 4797 mortuus
2274 4738 2540 4806 iacuerat,
2570 4738 2662 4807 qui
2691 4744 2877 4807 postea
2905 4744 3292 4791 resurrexerat.
3332 4735 3392 4791 In
3428 4738 3569 4794 celo

1995 4839 2173 4885 autem
2201 4837 2258 4885 et
2306 4830 2360 4884 in
2397 4837 2541 4884 terra
2587 4838 2827 4898 potestas
2854 4830 2976 4885 data
3002 4835 3122 4894 est,
3172 4836 3234 4884 ut
3269 4828 3361 4899 qui
3406 4839 3567 4886 antea

1996 4922 2256 4992 regnabat
2305 4921 2359 4975 in
2393 4919 2532 4975 caelo
2572 4935 2671 4990 per
2709 4919 2869 4975 ﬁdem
2913 4920 3245 4975 credentium
3281 4928 3471 4989 regnet
3510 4920 3568 4978 in

1993 5011 2176 5066 terris.

2063 5099 2262 5156 Euntes
2284 5117 2406 5171 ergo
2434 5103 2612 5155 docete
2633 5116 2811 5155 omnes
2836 5109 3029 5171 gentes,
3054 5100 3378 5169 baptisantes
3402 5117 3489 5155 eos
3510 5105 3569 5158 in

1992 5194 2199 5247 nomine
2247 5192 2455 5257 Patris,
2483 5201 2534 5246 et
2563 5189 2712 5256 Filii,
2738 5201 2785 5246 et
2829 5190 3056 5261 Spiritus
3090 5192 3280 5244 sancti.
3326 5188 3565 5245 Primum

1993 5284 2188 5340 docent
2208 5298 2397 5338 omnes
2416 5293 2623 5355 gentes,
2648 5282 2843 5337 deinde
2868 5281 3055 5337 doctos
3076 5281 3384 5351 intinguunt
3405 5294 3563 5348 aqua.

1994 5375 2111 5431 Non
2156 5376 2297 5431 enim
2342 5383 2519 5445 potest
2562 5375 2678 5430 ﬁeri
2714 5382 2776 5429 ut
2816 5386 3016 5443 corpus
3044 5370 3295 5440 baptismi
3341 5368 3568 5439 recipiat

1996 5470 2415 5526 sacramentum,
2440 5462 2544 5517 nisi
2570 5471 2727 5517 antea
2751 5463 2930 5517 anima
2952 5460 3076 5515 ﬁdei
3103 5457 3403 5528 susceperit
3425 5457 3570 5511 veri-

1997 5560 2181 5608 tatem.
2208 5551 2559 5621 Baptizantur
2583 5561 2763 5606 autem
2791 5552 2845 5606 in
2868 5551 3086 5606 nomine
3105 5547 3303 5611 Patris,
3328 5555 3385 5602 et
3424 5544 3572 5609 Filii,

1996 5656 2052 5701 et
2075 5645 2308 5715 Spiritus
2348 5645 2522 5700 sancti
2561 5654 2623 5699 ut
2649 5659 2876 5712 quorum
2925 5650 3010 5698 est
3038 5657 3143 5697 una
3170 5639 3445 5701 divinitas.
3494 5641 3568 5697 sit

1996 5752 2101 5791 una
2130 5736 2366 5808 largitio,
2402 5749 2703 5804 nomenque
2732 5733 3014 5788 Trinitatis
3036 5745 3178 5786 unus
3204 5729 3345 5786 Deus
3368 5738 3472 5786 est.
