4040 6188
360 273 463 330 169

1452 265 1754 325 nouum
1791 265 1858 321 1N
1893 264 2148 322 avsus.
2186 224 2285 321 m’
2311 263 2524 322 EPIST.

3502 269 3605 323 170

357 386 412 441 in
435 383 783 439 fundamento
808 381 1082 438 fundatus.
1110 379 1633 450 Superwdiﬁcamini,
1663 380 1855 450 inquit,
1877 380 1931 434 in
1960 386 2013 445 Α
2040 390 2159 434 runt
2202 379 2550 449 aediﬁcantes,
2584 384 2642 431 ut
2670 375 2810 432 sicut
2849 375 2995 430 illum
3031 374 3449 445 reprobaverunt
3482 393 3607 433 cum

355 479 538 531 domos
559 471 846 544 spiritales.
877 472 958 527 ita
982 470 1101 526 ﬁeri
1130 470 1250 533 illos
1269 471 1458 526 domos
1478 470 1747 540 spiritales
1771 470 1934 536 dicit,
1956 523 1960 527 ι

354 580 476 618 cum
502 564 576 619 sit
599 579 705 618 una
733 563 927 618 domus
948 560 1150 617 Christi
1165 576 1233 616 ex
1255 560 1461 630 angelis
1484 569 1541 615 et
1556 560 1745 615 electis
1764 560 1937 614 homi-

352 654 513 708 nibus
533 653 780 717 collecta,
800 668 908 722 quo
929 652 1088 706 modo
1108 666 1230 705 cum
1245 650 1316 705 sit
1330 666 1436 704 una
1450 650 1690 705 Ecclesia
1716 650 1940 705 catholi-

354 757 419 795 ca
438 749 554 795 toto
572 742 707 796 orbe
722 740 936 804 diﬂ'usa,
961 755 1101 808 saepe
1119 739 1400 808 pluraliter
1413 739 1749 809 appellantur
1767 739 1940 794 eccle-

354 832 449 886 size
476 840 702 899 prepter
728 828 1024 884 multifaria
1062 828 1271 884 scilicet
1298 827 1532 884 ﬁdelium
1568 828 1940 884 conventicula

355 922 522 976 variis
545 921 796 975 tribubus
822 919 1034 990 populis
1052 928 1105 973 et
1130 918 1324 990 linguis
1351 918 1606 973 discreta.
1631 918 1784 974 Unde
1810 917 1943 972 dicit

356 1009 473 1077 ipse
502 1027 517 1060 :
542 1008 656 1078 Ego
678 1006 838 1062 Jesus
855 1006 977 1060 misi
1006 1004 1253 1075 angelum
1279 1020 1459 1060 meum
1481 1004 1761 1060 testiﬁcari
1789 1004 1942 1059 vobis

358 1100 476 1153 hinc
528 1098 584 1150 in
623 1097 889 1152 ecclesiis.
934 1094 1045 1150 Nec
1079 1095 1508 1165 praetereundum
1546 1093 1687 1162 quod
1722 1095 1941 1164 quidam

278 1250 293 1263 .
356 1189 579 1243 codices
630 1187 833 1241 habent
873 1200 1098 1239 numero
1141 1181 1409 1252 singulari
1438 1182 1941 1251 supersediﬁcamini

355 1280 556 1332 domus
602 1274 897 1345 spiritalis,
949 1273 1039 1327 alii
1074 1270 1575 1342 supermdiﬁcamini
1622 1271 1676 1324 in
1725 1270 1941 1325 domum

354 1370 683 1442 spiritalem,
707 1368 761 1422 in
790 1381 897 1437 quo
938 1366 1191 1420 nimirum
1217 1364 1396 1417 unitas
1417 1364 1530 1431 ipsa
1559 1363 1722 1416 totius
1742 1371 1943 1416 sanctae

357 1459 618 1516 Ecclesize
640 1458 819 1527 aptius
838 1455 1265 1512 commendatur.
1290 1454 1422 1509 Cum
1444 1462 1622 1507 autem
1641 1452 1753 1521 jam
1775 1452 1944 1507 dixis-

358 1563 444 1608 set
474 1547 989 1620 Superwdiﬁcamini
1012 1547 1190 1600 dantes
1214 1544 1473 1616 spiritales
1495 1545 1607 1599 sive
1626 1543 1812 1598 domus
1833 1544 1943 1613 spi-

360 1643 538 1698 ritalis
566 1642 719 1696 addit
754 1658 768 1694 :

2038 468 2365 524 aediﬁcarent
2401 476 2557 523 actus
2577 481 2726 533 suos,
2756 465 3000 521 nolentes
3020 480 3142 520 eum
3170 465 3225 520 in
3260 464 3610 524 fundamento

2039 560 2218 615 cordis
2242 560 2325 614 sui
2368 575 2586 629 ponere,
2631 560 2705 613 ita
2748 565 2803 613 et
2848 558 2948 626 ipsi
2997 558 3351 626 reprobentur
3377 558 3611 617 abeoin

2040 650 2271 703 adventu
2312 650 2446 719 ejus,
2490 649 2704 705 nolente
2747 650 2836 704 illo
2868 661 2995 704 tunc
3021 665 3115 705 eos
3140 649 3229 719 qui
3261 665 3320 705 se
3348 652 3608 720 reproba-

2040 745 2232 791 verunt
2252 738 2304 791 in
2331 738 2735 792 aediﬁcationem
2769 739 3013 809 accipere
3041 739 3229 792 domus
3257 754 3367 792 suae
3387 754 3506 808 qua:
3528 749 3613 796 est

2040 830 2095 883 in
2120 829 2293 883 cwlis.
2320 828 2388 882 Et
2409 830 2524 884 haec
2553 829 2825 884 distinctio
2856 830 3077 883 honoris
3110 830 3461 897 credentium,
3502 848 3610 887 non

2041 918 2374 973 credentium
2399 926 2579 973 autem
2615 919 3007 989 reprobationis
3036 920 3311 989 hucusque
3334 922 3611 991 pertingit,

2040 1008 2168 1062 hinc
2194 1009 2322 1063 item
2353 1009 2417 1064 de
2446 1010 2789 1065 credentibus
2817 1008 3013 1064 infert:

2113 1098 2216 1153 Hic
2265 1100 2435 1168 factus
2477 1101 2533 1154 in
2579 1111 2731 1171 caput
2780 1100 2979 1171 anguli.
3021 1099 3157 1168 Quia
3198 1099 3445 1158 videlicet
3475 1102 3617 1158 sicut

2043 1187 2179 1257 lapis
2202 1190 2477 1261 angularis
2506 1191 2641 1246 duos
2666 1191 2901 1261 parietes
2927 1190 3223 1262 conjungit,
3252 1192 3325 1246 ita
3357 1193 3618 1250 Dominus

2042 1275 2350 1333 Judmorum
2397 1278 2609 1348 plebem
2651 1288 2707 1335 et
2752 1280 2990 1350 gentium
3025 1281 3079 1334 in
3108 1296 3215 1334 una
3242 1281 3345 1336 sibi
3375 1281 3500 1336 ﬁdei
3531 1297 3620 1338 so-

2043 1366 2237 1421 cietate
2264 1368 2557 1437 copulavit.
2590 1368 2667 1423 Ac
2695 1383 2817 1423 mox
2848 1369 2914 1423 de
2939 1368 3242 1425 inﬁdelibus
3264 1370 3452 1426 addit:

2113 1454 2182 1508 Et
2205 1455 2337 1525 lapis
2365 1458 2665 1526 offensionis
2693 1467 2740 1511 et
2770 1467 2914 1527 petra
2944 1458 3202 1513 scandali.
3233 1459 3370 1515 Hinc
3394 1468 3451 1515 et
3478 1460 3619 1516 Pau-

2042 1549 2126 1603 lus
2154 1566 2167 1600 :
2199 1549 2310 1604 Nos
2344 1550 2712 1618 prwdicamus,
2759 1551 2950 1619 inquit,
2979 1550 3240 1605 Christum
3271 1534 3473 1607 ludatis
3501 1552 3618 1623 qui-

2043 1638 2157 1692 dem
2186 1639 2516 1704 scandalum,
2543 1641 2777 1709 gentibus
2805 1649 2977 1694 autem
3005 1639 3301 1694 stultitiam.

432 1732 805 1789 Sacerdotium
833 1739 1092 1794 sanctum,
1123 1728 1176 1783 id
1222 1734 1323 1793 est,
1368 1727 1724 1782 sacerdotium
1755 1740 1945 1780 secuu-
1972 1737 2021 1796 Β
2118 1729 2219 1784 His
2241 1732 2331 1800 qui
2365 1729 2632 1799 offendunt
2662 1732 2832 1795 verba,
2876 1748 2965 1785 nec
3001 1732 3215 1786 credunt
3243 1733 3296 1787 in
3323 1750 3425 1804 quo
3463 1737 3625 1804 positi

359 1826 490 1878 dum
520 1839 620 1878 vos
641 1822 743 1891 ipsi
762 1821 1055 1875 existentes
1080 1834 1243 1888 super
1280 1818 1687 1873 fundamentum
1713 1816 1937 1872 Christi.

358 1916 593 1971 Omnem
623 1927 753 1981 ergo
776 1911 1067 1966 Ecclesiam
1092 1909 1451 1963 sacerdotium
1477 1916 1722 1962 sanctum
1759 1904 1942 1975 appel-

358 2007 460 2070 lat,
486 2006 634 2074 quod
653 2004 769 2059 sola
788 2003 982 2058 domus
999 2001 1178 2055 Aaron
1206 2000 1261 2054 in
1281 2000 1396 2069 lege
1419 2015 1613 2054 nomen
1633 2007 1691 2054 et
1706 1998 1943 2053 ollicium

362 2101 577 2157 habuit.
610 2099 753 2167 Quia
773 2098 1026 2152 nimirum
1050 2110 1240 2150 omnes
1256 2093 1453 2148 summi
1480 2092 1747 2164 pontiﬁcis
1770 2105 1941 2146 mem-

361 2194 458 2247 bra
484 2204 704 2254 sumus,
748 2187 925 2253 cuncti
969 2186 1088 2241 oleo
1111 2184 1310 2240 latitia:
1353 2184 1650 2255 signamur,
1678 2181 1945 2236 universis

360 2279 616 2349 congruit
645 2276 788 2348 quod
816 2275 997 2330 subdit
1022 2292 1035 2328 :

435 2371 648 2439 Uﬂ'erre
674 2367 935 2437 spiritales
966 2365 1161 2421 hostias
1194 2382 1287 2435 per
1306 2364 1488 2419 Jesum
1512 2363 1796 2418 Christum.
1825 2363 1945 2434 Spi-

366 2461 554 2517 ritales
590 2468 774 2513 autem
819 2457 1195 2527 hostiasOpera
1234 2466 1444 2520 nostra,
1490 2454 1858 2523 eleemosynas
1889 2461 1944 2507 et

364 2566 560 2622 preces
583 2550 738 2614 dicit,
764 2549 831 2603 ad
857 2548 1257 2603 distinctionem
1285 2546 1578 2600 carnalium
1607 2545 1661 2599 in
1691 2545 1804 2615 lege
1831 2545 1945 2599 vic-

368 2644 651 2696 timarum.
678 2639 833 2707 Quod
858 2647 1039 2694 autem
1064 2639 1117 2692 in
1142 2637 1485 2693 conclusione
1506 2637 1638 2692 dicit
1656 2653 1746 2705 per
1763 2636 1948 2691 Iesum

367 2738 638 2795 Christum
674 2737 744 2792 ad
786 2745 979 2793 cuncta
1026 2749 1146 2805 quae
1190 2733 1513 2803 promiserat
1560 2731 1793 2800 pertinet
1840 2745 1947 2799 quo

368 2846 465 2901 per
494 2828 668 2898 ipsius
718 2826 949 2896 gratiam
995 2832 1050 2878 et
1095 2819 1588 2892 supersediﬁcamur
1637 2819 1690 2873 in
1718 2818 1810 2872 illo
1851 2832 1949 2888 per

370 2920 700 2975 architectos
730 2916 1000 2985 sapientes
1020 2953 1034 2980 ,
1056 2914 1159 2968 hoc
1185 2921 1271 2967 est
1298 2911 1576 2966 ministros
1605 2909 1736 2965 Novi
1760 2908 1949 2964 Testa-

370 3010 560 3074 menti,
588 3015 646 3063 et
668 3008 861 3062 domus
873 3004 1143 3074 spiritales
1165 3002 1427 3058 eﬁicimur
1447 3018 1541 3071 per
1562 3001 1809 3070 spiritum
1832 2999 1948 3069 ejus

2041 1832 2180 1876 sunt.
2215 1818 2502 1874 Oﬁ‘endunt
2528 1820 2693 1874 verbo
2720 1834 2785 1873 eo
2814 1819 2927 1888 ipso
2956 1820 3098 1888 quod
3132 1821 3357 1876 verbum
3393 1821 3490 1876 Dei
3523 1836 3620 1876 au-

2045 1908 2161 1966 dire
2206 1923 2301 1965 eos
2347 1909 2642 1979 contingit;
2692 1907 2970 1964 oﬁendunt
3015 1909 3214 1975 animo,
3259 1912 3387 1965 dum
3432 1911 3618 1967 nolunt

2045 2000 2268 2056 credere
2296 1999 2442 2068 quod
2484 1998 2727 2053 audiunt.
2777 1998 3016 2066 Quorum
3068 2000 3352 2055 stultitiam
3384 2015 3617 2071 exagge-

2046 2092 2216 2146 rando
2255 2089 2500 2159 subjecit,
2537 2107 2629 2144 nec
2655 2090 2871 2146 credunt
2891 2092 2946 2145 in
2966 2106 3068 2162 quo
3091 2099 3141 2145 et
3159 2091 3336 2161 positi.
3370 2090 3508 2147 Sunt
3527 2092 3620 2161 qui

2047 2184 2102 2236 in
2125 2183 2229 2237 hoc
2252 2182 2434 2251 positi,
2458 2181 2511 2235 id
2540 2188 2624 2236 est
2647 2196 2745 2250 per
2772 2189 3020 2236 naturam
3060 2181 3305 2236 homines
3334 2179 3462 2236 facti
3497 2190 3625 2235 sunt

2046 2281 2106 2328 ut
2128 2272 2354 2328 credant
2377 2272 2488 2326 Deo
2508 2279 2564 2327 et
2592 2272 2708 2341 ejus
2740 2273 3004 2326 voluntati
3038 2271 3431 2342 obtemperent,
3464 2271 3620 2328 Salo-

2047 2379 2206 2419 mone
2230 2372 2520 2419 attestante
2541 2378 2665 2417 cum
2694 2363 2768 2417 ait
2797 2382 2808 2415 :
2842 2363 3120 2417 Dominum
3149 2364 3269 2418 time
3293 2372 3343 2418 et
3371 2363 3624 2418 mandata

2046 2453 2161 2523 ejus
2202 2453 2434 2518 observa,
2476 2452 2572 2505 hac
2597 2461 2671 2507 est
2696 2456 2863 2506 omnis
2902 2453 3076 2518 homo,
3105 2453 3157 2507 id
3183 2462 3286 2519 est,
3314 2454 3369 2508 in
3394 2456 3500 2510 hoc
3524 2470 3619 2509 na-

2050 2541 2293 2596 turaliter
2333 2540 2506 2597 lactus
2549 2551 2635 2596 est
2682 2542 2858 2596 omnis
2905 2542 3067 2598 homo
3106 2553 3165 2598 ut
3208 2543 3377 2599 Deum
3426 2545 3623 2600 timens

2049 2631 2166 2700 ejus
2208 2632 2477 2687 mandatis
2517 2632 2861 2687 obsecundet.
2895 2632 3120 2700 Quidam
3145 2635 3359 2689 codices
3387 2635 3623 2700 habent,

2049 2728 2104 2783 in
2136 2744 2240 2797 quo
2268 2742 2314 2780 et
2352 2726 2526 2796 positi.
2578 2725 2709 2780 Item
2760 2726 2902 2795 quod
2945 2714 3259 2796 intelligitur
3294 2727 3450 2794 juxta
3498 2727 3624 2792 hoc,

2049 2818 2193 2886 quod
2221 2816 2419 2870 Paulus
2464 2816 2528 2870 dc
2568 2815 2793 2870 Domino
2834 2815 3062 2884 loquens
3100 2817 3210 2872 ait:
3255 2816 3321 2871 In
3350 2818 3459 2887 ipso
3486 2817 3623 2871 enim

2049 2918 2096 2962 et
2129 2909 2367 2970 vivimus,
2398 2916 2444 2961 et
2468 2924 2753 2973 movemur,
2783 2918 2830 2962 et
2852 2925 3050 2962 sumus.

2132 2995 2233 3052 Vos
2259 3007 2433 3051 autem
2458 3014 2619 3069 genus
2646 2999 2880 3062 electum,
2913 3000 3081 3070 regale
3107 3001 3476 3069 sacerdotium,
3504 3019 3627 3074 gens

372 3110 559 3155 contra
587 3098 832 3168 pluvias,
863 3104 1073 3159 ventos,
1100 3093 1320 3148 ﬁumina
1353 3093 1703 3147 tentationum
1731 3092 1943 3156 muniti,
1975 3094 2018 3155 C
2049 3098 2253 3152 sancta,
2300 3087 2523 3158 populus
2561 3088 2940 3159 acquisitionis.
2991 3091 3105 3146 lloc
3141 3101 3244 3158 est,
3276 3093 3449 3149 laudis
3476 3095 3630 3151 testi-

368 3202 426 3244 et
446 3189 755 3245 sacerdotio
784 3196 971 3243 sancto
996 3184 1328 3255 participari,
1355 3192 1409 3238 et
1440 3183 1564 3238 boni
1613 3182 1812 3252 aliquid
1861 3198 1951 3237 ac-

371 3281 638 3351 eeptabile
690 3279 919 3334 Domino
940 3290 1155 3348 gerere,
1196 3290 1301 3330 non
1343 3274 1447 3329 nisi
1470 3290 1565 3343 per
1601 3275 1774 3340 ipsum
1812 3275 1954 3329 vale—

372 3386 511 3425 mus.
557 3369 706 3425 Sicut
738 3369 874 3422 enim
901 3366 1097 3436 palmes
1143 3382 1247 3420 non
1272 3375 1434 3435 potest
1469 3364 1606 3433 ferre
1645 3363 1873 3432 fructum
1920 3383 1951 3419 η

372 3462 645 3529 semetipsa
675 3460 777 3513 nisi
826 3457 1075 3511 manserit
1112 3457 1167 3510 in
1213 3456 1333 3520 vite,
1367 3454 1443 3509 sic
1476 3469 1567 3507 nec
1606 3470 1689 3508 vos
1709 3492 1723 3518 ,
1756 3453 1950 3523 inquit,

376 3551 473 3605 nisi
500 3552 553 3604 in
583 3568 666 3604 me
688 3548 1006 3603 manseritis.

446 3639 670 3710 Propter
720 3639 861 3710 quod
905 3639 1128 3693 continet
1176 3637 1452 3709 Scriptura
1479 3637 1658 3692 :Ecce
1711 3652 1845 3706 pono
1895 3637 1951 3689 iu

378 3730 507 3787 Sion
526 3730 754 3799 lapidem
773 3745 1036 3783 summum
1056 3726 1365 3798 angularem
1386 3726 1624 3793 electum,
1646 3727 1949 3799 pretiosum.

379 3817 489 3873 Hoc
535 3817 901 3872 testimonium
954 3817 1020 3872 de
1068 3816 1205 3871 Isaia
1253 3816 1404 3886 ponit
1429 3816 1498 3871 ad
1527 3816 1953 3872 conﬁrmandum

378 3908 479 3963 hoc
523 3908 667 3978 quod
705 3907 1029 3977 promiserat
1076 3906 1145 3961 ad
1188 3922 1339 3976 quem
1393 3906 1690 3971 accedentes
1725 3906 1952 3971 lapidem

376 4000 569 4061 vivum,
611 4008 864 4053 astruens
897 4005 955 4051 et
988 3997 1263 4051 aﬁirmans
1301 3995 1586 4051 Dominum
1620 3995 1953 4050 Salvatorem

377 4098 595 4158 propter
641 4090 953 4143 ﬁrmitatem
1011 4104 1164 4143 suam
1220 4087 1450 4157 lapidem
1478 4101 1509 4141 a
1536 4086 1815 4157 prophetis
1854 4101 1951 4141 vo-

377 4178 508 4243 cari,
538 4188 596 4233 et
622 4178 767 4247 quod
794 4178 944 4232 addit
985 4196 999 4233 :

446 4266 514 4319 Et
548 4269 719 4320 omnis
748 4267 838 4337 qui
865 4266 1028 4321 credit
1049 4268 1106 4322 in
1128 4283 1245 4322 eum
1270 4284 1371 4322 non
1397 4268 1768 4338 confundetur,
1798 4284 1957 4339 prop-

381 4363 459 4408 ter
478 4356 580 4410 boc
612 4355 767 4425 ponit
794 4356 937 4425 quod
964 4355 1210 4411 dixerat:
1244 4356 1314 4411 Et
1358 4374 1444 4411 vos
1478 4367 1729 4429 tanquam
1755 4358 1953 4429 lapides

2052 3178 2290 3232 monium
2326 3172 2597 3247 quoniam
2627 3179 2851 3249 antiquo
2877 3181 3085 3235 Domini
3116 3183 3314 3253 populo
3344 3199 3443 3252 per
3473 3183 3625 3256 Moy-

2052 3284 2146 3322 sen
2171 3270 2377 3333 datum,
2407 3269 2549 3337 quod
2584 3286 2726 3324 nuiic
2762 3280 2907 3325 recte
2939 3273 3185 3340 gentibus
3219 3275 3312 3329 dat
3351 3276 3631 3347 apostolus

2050 3360 2262 3427 Petrus,
2305 3361 2431 3430 quia
2470 3360 2719 3416 videlicet
2743 3362 2797 3416 in
2826 3363 3097 3418 Christum
3133 3366 3497 3434 crediderunt,
3535 3369 3630 3438 qui

2055 3452 2196 3507 velut
2238 3454 2377 3522 lapis
2421 3453 2695 3524 augularis
2738 3455 2791 3507 in
2824 3470 2944 3510 eam
2984 3472 3145 3525 quam
3174 3457 3227 3511 in
3256 3472 3314 3513 se
3342 3459 3506 3513 Israel
3532 3460 3629 3513 ha-

2053 3544 2243 3599 buerat
2287 3546 2514 3600 salutem
2550 3554 2736 3616 gentes
2768 3548 3030 3611 adunivit,
3060 3563 3196 3617 quos
3218 3565 3378 3617 genus
3405 3549 3626 3604 electum

2053 3644 2210 3689 vocat
2248 3644 2468 3704 propter
2514 3634 2694 3701 ﬁdem,
2737 3644 2797 3688 ut
2840 3636 3135 3707 distinguat
3162 3638 3230 3692 ab
3255 3639 3335 3695 eis
3370 3640 3462 3709 qui
3496 3640 3630 3711 lapi-

2053 3725 2173 3780 dem
2199 3726 2379 3780 vivum
2419 3727 2758 3796 reprobando
2788 3727 2916 3782 facti
2945 3736 3073 3783 sunt
3107 3729 3205 3799 ipsi
3255 3731 3490 3802 reprobi.
3528 3731 3631 3786 Ile-

2053 3815 2168 3886 gale
2182 3824 2360 3870 autem
2377 3816 2726 3870 sacerdotium
2749 3817 2839 3886 qui
2862 3817 3004 3873 illius
3025 3822 3236 3889 corpori
3253 3829 3379 3876 sunt
3392 3823 3524 3876 uniti
3539 3825 3631 3892 qui

2054 3921 2150 3961 rex
2180 3921 2421 3962 summus
2450 3916 2504 3961 et
2531 3908 2788 3964 sacerdos
2816 3918 2900 3964 est
2934 3924 3113 3976 verus,
3142 3927 3365 3982 regnum
3396 3914 3510 3969 suis
3536 3915 3634 3969 tri-

2052 3998 2223 4053 buens
2245 4006 2302 4051 ut
2327 4012 2444 4063 rex,
2488 4007 2543 4053 et
2572 4006 2629 4053 ut
2654 3999 2894 4070 pontifex
2922 4016 3109 4057 eorum
3139 4014 3358 4072 peccata
3391 4006 3473 4060 sui
3503 4022 3632 4061 san-

2053 4088 2232 4159 guinis
2254 4089 2426 4143 hostia
2449 4091 2735 4155 mandans,
2765 4092 2953 4163 Regale
2972 4094 3320 4149 sacerdotium
3341 4110 3434 4151 eos
3460 4099 3633 4150 nomi-

2053 4187 2168 4244 nat,
2197 4186 2335 4233 etut
2360 4194 2584 4251 regnum
2619 4195 2840 4251 sperare
2865 4191 3183 4252 perpetuum
3213 4192 3269 4238 et
3297 4184 3503 4239 hostias
3526 4186 3630 4238 im-

2056 4268 2337 4333 maculata:
2378 4271 2810 4325 conversationis
2839 4274 2949 4326 Deo
2975 4285 3192 4339 semper
3218 4271 3412 4326 oﬂ‘erre
3442 4275 3632 4327 memi-

2055 4360 2250 4413 nerint.
2294 4359 2432 4416 Gens
2470 4377 2684 4431 quoque
2711 4371 2892 4416 sancta
2917 4371 2976 4432 et
3012 4361 3237 4431 populus
3274 4365 3631 4434 acquisitionis

379 4447 472 4500 viri
497 4446 1017 4516 supera’diﬁcamini.
1066 4445 1295 4501 Pulchre
1333 4456 1513 4502 autem
1550 4450 1826 4519 prophetae
1858 4450 1948 4506 hic
1974 4437 2026 4495 Ι)
2051 4459 2315 4505 vocantur
2334 4450 2493 4518 juxta
2532 4452 2584 4506 id
2625 4452 2769 4521 quod
2807 4451 3083 4519 apostolus
3106 4452 3305 4509 Paulus
3334 4455 3631 4525 prophetia:

378 4534 726 4597 conveniunt,
748 4544 802 4587 et
820 4534 1059 4604 Apostoli
1090 4549 1267 4590 sermo
1292 4551 1399 4605 quo
1425 4536 1624 4591 dicitur
1646 4556 1660 4591 :
1689 4538 1949 4593 Acceden-

374 4635 450 4680 ιιι
468 4626 537 4678 ad
556 4625 785 4693 lapidem
811 4626 1000 4690 vivum,
1018 4625 1102 4680 vel
1119 4626 1381 4681 credentes
1398 4628 1453 4681 in
1470 4645 1530 4682 eo
1551 4646 1656 4683 non
1672 4628 1945 4699 confundi,

376 4713 519 4767 illius
562 4714 756 4783 psalmi
803 4714 1072 4769 versiculo
1114 4715 1168 4769 in
1214 4731 1322 4785 quo
1363 4731 1486 4771 cum
1533 4719 1736 4773 dictum
1781 4728 1945 4787 esset,

372 4802 615 4856 Accedite
654 4804 726 4856 ad
767 4820 885 4857 eum
914 4814 961 4857 et
996 4803 1385 4871 illuminamini,
1434 4808 1690 4863 continuo
1731 4810 1951 4879 subjun-

374 4899 519 4945 ctum
550 4902 673 4946 est:
705 4892 773 4946 Et
797 4893 966 4947 vultus
990 4895 1143 4948 vestri
1174 4912 1277 4949 non
1300 4897 1619 4952 erubescant.
1647 4898 1743 4953 Cui
1773 4900 1949 4955 simile

370 4989 460 5035 est
487 4983 630 5052 quod
651 4982 893 5037 Joannes
926 4984 1002 5037 ait
1029 5002 1041 5037 :
1074 4983 1144 5038 Et
1166 5002 1322 5050 nunc,
1347 4986 1521 5054 ﬁlioli,
1546 4999 1748 5042 manete
1776 4989 1831 5042 in
1864 5006 1948 5056 ea,

372 5078 435 5123 ut
456 5087 572 5124 cum
597 5074 898 5142 apparuerit
930 5072 1212 5127 habeamus
1240 5074 1493 5142 ﬁduciam
1525 5085 1575 5129 et
1601 5093 1704 5131 non
1727 5078 1952 5148 confun-

369 5160 566 5215 dantur
592 5162 658 5215 ab
687 5180 747 5216 eo
771 5164 826 5216 in
846 5164 1069 5217 adventu
1096 5165 1227 5233 ejus.

463 5249 611 5306 Vobis
634 5253 801 5323 igitur
821 5255 990 5307 honor
1009 5255 1356 5310 credentibus.
1384 5257 1477 5313 Ille
1499 5260 1754 5315 nimirum
1778 5262 1950 5319 honor

364 5351 441 5396 ut
464 5356 566 5396 non
588 5343 990 5397 eonfundamini
1013 5344 1082 5399 ab
1102 5360 1167 5400 eo
1188 5345 1239 5399 in
1262 5347 1493 5402 adventu
1518 5348 1654 5418 ejus.
1679 5350 1785 5407 Sed
1809 5353 1949 5410 sicut

360 5433 495 5502 ipse
537 5433 613 5487 ait
654 5451 667 5486 :
711 5432 771 5488 Si
810 5435 926 5504 quis
973 5435 1099 5489 mihi
1133 5437 1542 5505 ministraverit,
1580 5440 1947 5511 honoriﬁcabit

356 5539 495 5578 eum
524 5522 683 5577 Pater
708 5541 875 5578 meus.

454 5611 571 5667 Non
638 5615 967 5669 credentibus
1020 5626 1196 5672 autem
1249 5619 1380 5690 lapis
1431 5639 1585 5693 quem
1637 5626 1944 5694 reprobave-

735 5703 1006 5767 ΡΑτιιοι..
1052 5706 1186 5769 CX.

2050 4554 2328 4608 exponens
2367 4541 2691 4595 sententiam
2727 4540 2996 4597 dicentis:
3024 4540 3214 4597 Justus
3258 4554 3435 4600 autem
3485 4563 3630 4600 meus

2050 4652 2116 4691 ea:
2138 4636 2243 4705 ﬁde
2254 4637 2390 4690 vivit.
2411 4634 2563 4700 Quod
2580 4636 2627 4690 si
2645 4635 2962 4691 subtraxerit
2983 4654 3038 4692 se
3062 4654 3165 4692 non
3184 4638 3405 4709 placebit
3433 4641 3627 4695 animle

2053 4744 2202 4783 mete.
2239 4728 2350 4782 Nos
2386 4738 2583 4794 autem,
2622 4728 2816 4799 inquit,
2843 4745 2946 4784 non
2967 4747 3150 4785 sumus
3178 4731 3545 4786 subtractionis
3573 4732 3630 4786 in

2053 4819 2415 4889 perditionem,
2437 4818 2526 4872 sed
2549 4819 2677 4887 ﬁdei
2701 4820 2755 4874 in
2782 4821 3177 4891 acquisitionem
3217 4823 3429 4877 anima'.
3466 4823 3535 4877 Et
3572 4825 3629 4880 in

2052 4908 2276 4963 Actibus
2336 4908 2697 4978 apostolorum
2733 4927 2746 4962 :
2796 4908 2899 4964 Vos
2938 4908 3166 4979 Spiritus
3204 4922 3415 4966 sanctus
3455 4913 3631 4983 posuit

2037 4997 2317 5067 episcopos
2360 5013 2535 5066 regere
2576 4996 2866 5053 Ecclesium
2913 4998 3128 5052 Domini
3158 5016 3317 5071 quam
3356 5002 3628 5071 acquisivit

2052 5089 2306 5159 sanguine
2327 5104 2443 5143 suo.
2464 5086 2700 5157 Populus
2730 5103 2859 5160 ergo
2887 5090 3259 5159 acquisitionis
3286 5089 3416 5147 facti
3441 5107 3627 5147 sumus

2055 5178 2109 5231 in
2139 5179 2398 5248 sanguine
2420 5179 2591 5232 nostri
2619 5178 3014 5250 Redemptoris,
3043 5180 3185 5250 quod
3207 5189 3330 5235 erat
3353 5182 3626 5250 quondam

2053 5268 2281 5338 populus
2301 5267 2484 5333 Israel,
2507 5270 2815 5338 redemptus
2835 5273 3095 5341 sanguine
3122 5271 3245 5341 agni
3272 5271 3340 5326 de
3365 5270 3624 5341 Egypto.

2058 5359 2210 5414 Unde
2227 5369 2283 5414 et
2301 5359 2357 5412 in
2380 5359 2622 5427 sequenti
2644 5374 2859 5428 quoque
2882 5361 3145 5415 versiculo
3176 5360 3403 5430 mystice
3428 5360 3627 5417 veteris

2052 5451 2368 5505 recordatur
2400 5451 2657 5513 historiae,
2689 5459 2744 5505 et
2769 5451 2871 5505 hac
2899 5465 3038 5506 novo
3066 5451 3158 5506 Dei
3180 5449 3375 5520 populo
3407 5450 3628 5520 spirita-

2052 5539 2175 5593 liter
2194 5540 2350 5595 docet
2377 5541 2704 5610 implendum
2734 5541 2919 5595 dicens
2943 5558 2957 5593 :

2125 5628 2191 5684 Ut
2214 5642 2424 5686 virtutes
2451 5634 2771 5687 annumietis
2792 5632 2906 5701 ejus
2925 5634 3013 5703 qui
3032 5634 3096 5686 de
3122 5632 3346 5687 tenebris
3368 5649 3455 5689 vos
3478 5649 3630 5690 voca-

3114 5728 3152 5788 6
