4040 6188
440 319 534 373 ΠΙ
1044 316 1131 372 Β.
1175 314 1427 370 RABANl
1466 313 1684 368 MAURI
1722 311 2037 367 ARClllEP.
2083 311 2389 368 MOGUNT.
2432 311 2715 369 OPERUM
2752 312 2932 369 PARS
2968 313 3032 368 ll.
3586 312 3691 367 172

436 431 505 484 vit
536 430 588 481 in
621 424 930 482 admirabile
955 424 1132 479 lumen
1161 441 1333 480 suum.
1362 423 1517 479 Sicut
1544 424 1688 479 enim
1730 422 1787 477 lii
1826 422 1917 493 qui
1944 422 2012 477 de
2037 424 2087 485 Α
2114 437 2237 479 cum
2261 431 2589 492 quatrerent,
2620 429 2716 479 aut
2765 439 2950 480 secum
2996 424 3241 480 dolerent
3296 422 3533 480 ablatum
3581 424 3690 481 Do-

434 516 691 589 Egyptia
720 516 984 571 servitute
1017 513 1229 569 liberati
1269 522 1398 569 sunt
1420 528 1518 584 per
1542 512 1761 583 Moysen
1791 527 2009 567 carmen
2115 515 2318 570 minum
2341 555 2357 581 ,
2424 530 2585 585 quem
2644 517 2929 575 Dominum
2989 517 3272 572 nominare
3325 532 3432 572 non
3492 518 3688 573 metuit

437 604 763 676 triumphale
805 612 928 674 post
974 603 1261 657 transitum
1305 603 1472 657 maris
1507 601 1697 668 Rubri,
1726 610 1782 656 et
1803 601 2012 656 demer-
2114 607 2241 662 dum
2300 623 2497 678 corpus
2547 607 2688 664 iuius
2741 609 3115 664 tantummodo
3179 616 3450 678 querere;
3500 608 3554 663 in
3601 623 3692 664 se.

436 713 556 756 sum
602 695 902 752 Pharaonis
945 693 1237 749 exercitum
1266 693 1493 749 Domino
1516 700 1822 758 cantarunt,
1855 692 1929 746 ita
1958 698 2014 746 et
2112 699 2316 770 pulcro.

436 806 538 847 nos
564 797 777 861 oportet
807 796 930 858 post
963 793 1281 858 perceptam
1325 786 1382 841 iu
1425 787 1694 856 baptismo
1738 784 2013 840 remissio-

2184 791 2330 846 Exiit
2375 807 2497 862 ergo
2542 788 2731 845 Petrus
2759 799 2808 845 et
2854 787 2944 844 ille
2968 788 3105 843 alius
3136 787 3445 859 discipulus,
3467 798 3516 842 et
3541 804 3693 842 rene—

436 895 559 936 nem
588 887 933 951 peccatorum
962 877 1153 948 dignas
1179 876 1455 932 beneﬁciis
1484 876 1794 932 coelestibus
1822 890 2014 946 repen-
2112 892 2234 937 runt
2262 881 2332 935 ad
2353 889 2761 935 monumentum.
2798 879 3085 935 Currebant
3107 888 3279 932 autem
3307 878 3413 932 duo
3436 878 3616 943 simul,
3645 887 3695 932 et

439 971 568 1026 dere
603 969 824 1040 gratias.
873 966 1115 1037 Namque
1153 965 1390 1038 Egyptii
1428 981 1537 1022 non
1575 966 1745 1021 solum
1773 966 1899 1036 quia
1921 980 2015 1035 po-
2112 971 2201 1026 ille
2215 971 2351 1025 alius
2365 969 3001 1041 discipuluspnecucurrit
3016 968 3170 1021 citius
3184 965 3361 1033 Petro,
3376 976 3423 1020 et
3442 967 3570 1021 venit
3593 967 3699 1036 pri-

435 1059 619 1130 pulum
652 1058 746 1115 Dei
769 1056 1099 1128 al‘ﬁigebaut,
1124 1071 1311 1112 verum
1336 1056 1499 1112 etiam
1527 1057 1652 1126 quia
1681 1056 1902 1110 tenebrae
1929 1054 2014 1110 vel
2114 1079 2230 1117 mu;
2257 1059 2448 1135 [prius]
2472 1061 2540 1114 ad
2568 1067 2977 1113 monumentum.
3005 1056 3345 1111 Advertenda
3368 1056 3456 1110 hic
3476 1064 3529 1109 et
3551 1070 3696 1109 com-

434 1149 797 1205 tribulationes
838 1150 1263 1220 interpretantur
1304 1158 1427 1218 apte
1476 1148 1854 1218 persequentia
1915 1162 2014 1202 nos
2116 1149 2415 1205 meudanda
2459 1149 2830 1219 recapitulatio
2874 1147 3143 1217 quomodo
3172 1147 3400 1201 reditum
3431 1154 3514 1200 est
3543 1146 3608 1199 ad
3641 1146 3693 1198 id

432 1250 677 1314 peccata,
713 1242 807 1297 sed
838 1242 891 1296 iu
924 1242 1250 1312 baptismate
1291 1240 1599 1311 signiﬁcant
1637 1240 1829 1294 deleta.
1859 1238 2015 1293 Libe-
2116 1242 2258 1311 quod
2291 1241 2466 1295 fuerat
2492 1239 2936 1310 praetermissum,
2985 1245 3037 1291 et
3081 1245 3335 1305 tanquam
3372 1237 3474 1290 hoc
3503 1250 3698 1305 seque-

437 1319 589 1387 ratio
614 1347 829 1402 quoque
870 1331 1102 1386 ﬁliorum
1145 1330 1330 1396 lsrael,
1359 1340 1413 1385 et
1437 1330 1504 1385 ad
1532 1330 1855 1399 promissam
1883 1328 2013 1382 olim
2117 1344 2269 1387 retur
2294 1330 2604 1399 adiunctum
2646 1337 2748 1384 est.
2791 1328 2923 1382 Cum
2952 1327 3098 1381 enim
3122 1325 3234 1394 jam
3264 1325 3490 1380 dixisset
3526 1322 3695 1378 Vene-

438 1422 666 1490 patriam
694 1420 971 1491 perductio
992 1421 1238 1491 congruit
1264 1419 1522 1490 mysterio
1546 1428 1743 1473 uestrae
1772 1418 2013 1486 redemp-
2118 1422 2329 1476 runth
2359 1429 2767 1483 monumentum,
2796 1432 3076 1488 regressus
3094 1425 3177 1472 est
3204 1425 3262 1469 ut
3290 1424 3533 1470 narraret
3562 1429 3701 1484 quo-

438 1509 601 1563 tionis
629 1524 728 1580 per
756 1523 917 1577 quam
959 1508 1029 1563 ad
1071 1508 1242 1562 lucem
1288 1522 1534 1577 supernae
1570 1507 1870 1563 mansionis
1897 1506 2016 1561 illu-
2116 1513 2278 1567 modo
2324 1519 2606 1577 venerunt,
2654 1518 2816 1577 atque
2851 1508 2968 1561 ait:
2997 1507 3353 1560 Accurrebant
3382 1515 3555 1559 autem
3588 1505 3697 1559 duo

434 1608 641 1654 straute
672 1613 772 1653 nos
799 1614 865 1653 ac
892 1599 1122 1653 ducente
1156 1596 1359 1652 Christi
1381 1597 1554 1667 gratia
1585 1596 1883 1661 tendimus;
1914 1610 2012 1650 cu-
2115 1603 2292 1669 simul,
2333 1612 2437 1657 εις,
2473 1601 2573 1657 Ubi
2606 1599 2839 1655 nstendit
2876 1597 3018 1667 quod
3054 1609 3388 1667 praecurrens
3414 1595 3481 1649 ad
3506 1609 3698 1649 ιηοηιι..

334 1690 335 1693 “
429 1691 520 1761 jus
550 1690 723 1744 lucem
773 1688 962 1760 gratiae
1006 1689 1169 1742 etiam
1202 1688 1292 1742 illa
1322 1688 1496 1742 nubes
1515 1686 1736 1756 etiguis
1763 1687 2011 1741 columna
2116 1676 2357 1751 mentum
2390 1694 2555 1763 prior
2604 1691 2814 1746 venerit
2860 1689 2949 1744 ille
2990 1688 3129 1742 alius
3175 1685 3489 1755 discipulus,
3534 1699 3697 1753 quem

434 1781 887 1851 prtemoustravit,
914 1795 1033 1850 quae
1053 1794 1146 1834 eos
1168 1779 1221 1833 iu
1249 1786 1362 1834 toto
1388 1779 1583 1833 itinere
1610 1778 1700 1833 illo
1724 1793 1754 1833 a
1780 1779 2017 1833 tenebris
2045 1772 2090 1831 B
2118 1786 2354 1856 seipsnm
2398 1782 2686 1853 signiﬁcat,
2733 1780 2827 1836 sed
2871 1786 3127 1848 tanquam
3166 1777 3233 1831 de
3262 1776 3370 1829 alio
3396 1789 3547 1829 more
3572 1790 3700 1828 san-

437 1872 677 1929 defendit
716 1872 952 1927 noctium
995 1880 1051 1927 et
1079 1872 1147 1926 ad
1186 1871 1486 1940 promissas
1525 1870 1715 1940 patria:
1762 1870 1918 1925 sedes
1960 1869 2018 1924 in
2119 1885 2219 1932 cun
2248 1875 2541 1945 Scriptum
2566 1880 2765 1928 cuncta
2802 1878 3007 1924 narrat.

435 1963 729 2021 venerabili
755 1963 891 2019 callo
919 1962 1193 2032 perduxit.
2189 1965 2258 2021 Et
2289 1985 2405 2021 cum
2429 1984 2482 2020 se
2510 1965 2831 2029 inclinasset,
2868 1963 2992 2018 vidit
3029 1962 3333 2017 linteamina
3366 1961 3553 2032 posita,
3593 1977 3701 2014 non

511 2057 614 2123 Qui
640 2055 924 2127 aliquando
967 2072 1071 2109 non
1108 2053 1350 2126 populus,
1397 2068 1536 2108 nunc
1578 2063 1753 2108 autem
1794 2052 2018 2124 populus
2120 2067 2291 2112 tamen
2311 2056 2560 2111 introivit.
2587 2054 2739 2122 Quod
2767 2068 2897 2108 vero
2925 2051 3090 2106 Maria
3120 2050 3431 2122 Magdaleue
3458 2049 3608 2104 venit
3628 2047 3699 2103 ad

442 2145 661 2218 Deiqqui
679 2162 779 2200 non
803 2145 1064 2200 consecuti
1091 2145 1526 2210 misericordiam,
1556 2160 1694 2198 nunc
1715 2153 1888 2198 autem
1916 2144 2020 2196 mi-
2118 2155 2525 2204 monumentum
2568 2161 2693 2201 cum
2733 2144 2913 2199 adhuc
2945 2142 3179 2198 tenebrm
3209 2148 3412 2205 essent,
3434 2138 3586 2208 juxta
3618 2137 3705 2191 hi-

436 2235 781 2292 sericordiam
803 2235 1085 2290 consecuti.
1113 2234 1318 2288 Iudicat
1338 2240 1521 2303 aperte
1543 2247 1640 2303 per
1658 2233 1757 2288 hos
1778 2232 2021 2289 versicu-
2120 2242 2345 2299 smriam
2374 2249 2594 2296 nomn"-
2621 2241 2777 2305 ιιοηι,
2807 2239 2963 2310 juxta
2992 2237 3323 2292 intellectum
3349 2250 3479 2290 γει-ο
3509 2233 3705 2303 ιιιγειί-

439 2328 542 2395 los,
587 2328 732 2399 quod
778 2327 864 2383 his
910 2327 1001 2395 qui
1048 2325 1114 2381 de
1162 2326 1412 2397 gentibus
1452 2325 1518 2379 ad
1560 2325 1720 2380 ﬁdem
1764 2332 2025 2380 venerant
2121 2349 2243 2389 cum
2292 2333 2617 2401 requirentis
2660 2333 2909 2402 signatur
2955 2327 3325 2399 intelligentia.
3356 2326 3523 2380 Maria
3547 2325 3700 2380 enim

442 2420 583 2475 hanc
623 2417 841 2487 scripsit
894 2415 1217 2487 epistolam;
1266 2416 1357 2486 qui
1408 2416 1679 2486 quondam
1721 2416 1939 2472 alienati
1991 2431 2022 2471 a
2122 2431 2395 2478 auctorem
2450 2421 2689 2477 omnium
2745 2434 2906 2489 quem
2959 2432 3123 2472 carne
3168 2416 3380 2471 viderat
3424 2421 3707 2469 mortuum

443 2508 854 2566 conversatione
901 2508 1080 2579 papuli
1130 2507 1248 2573 Dei,
1296 2517 1425 2562 tunc
1477 2522 1575 2578 per
1618 2508 1847 2579 gratiam
1899 2508 2023 2563 ﬁdei
2122 2514 2394 2584 quaarebat
2426 2513 2480 2566 in
2509 2517 2875 2574 monumento,
2915 2517 2971 2563 et
2998 2508 3124 2578 quia
3167 2508 3312 2562 hunc
3354 2506 3574 2560 minime
3617 2506 3711 2561 in-

440 2601 636 2673 populo
656 2609 783 2656 sunt
804 2597 919 2669 ejus
939 2598 1605 2663 uniti,etmisericordiam
1624 2612 1783 2667 quam
1807 2612 2025 2669 sperare
2121 2604 2290 2668 venit,
2327 2602 2563 2656 furatum
2595 2600 2842 2655 credidit.
2872 2599 3064 2654 Adhuc
3086 2612 3218 2667 ergo
3248 2605 3403 2653 erant
3440 2596 3703 2662 tenebrae,

446 2708 554 2745 non
591 2697 857 2745 noverant
897 2688 1099 2757 adepti.
1147 2686 1389 2743 Aﬁumit
1430 2696 1610 2741 autem
1653 2701 1747 2741 eos
1789 2688 1853 2741 de
1898 2702 2025 2756 pro-
2121 2704 2244 2747 cum
2283 2694 2429 2749 venit
2458 2692 2523 2745 ad
2554 2697 2979 2745 monumentum.
3011 2688 3262 2744 Cucurrit
3301 2688 3485 2752 citius,
3533 2687 3705 2742 disci-

442 2781 606 2850 pheta
632 2778 770 2835 Osce
811 2776 901 2847 qui
927 2777 993 2831 de
1017 2776 1301 2831 vocatione
1330 2776 1569 2846 gentium
1597 2776 1897 2846 praecinens
1918 2776 2022 2832 ait:
2123 2784 2263 2853 pulis
2286 2783 2582 2848 nuntiavit;
2613 2783 2705 2836 sed
2728 2768 2810 2836 illi
2845 2797 2954 2852 prze
2977 2782 3189 2836 exteris
3221 2788 3577 2835 cucurrerunt
3607 2779 3707 2849 qui

454 2868 684 2934 Vocabo,
732 2869 929 2938 inquit,
968 2884 1073 2922 non
1108 2866 1305 2937 plebem
1346 2882 1549 2931 meam,
1599 2865 1796 2936 plebem
1833 2882 2022 2931 meant,

2124 2888 2234 2943 prte
2262 2873 2475 2928 caeteris
2501 2878 2842 2935 amaverunt,
2869 2869 3121 2924 videlicet
3149 2868 3341 2924 Petrus
3364 2877 3418 2923 et
3442 2866 3705 2923 Joannes.

445 2970 493 3015 et
553 2976 657 3014 non
718 2957 1133 3013 misericordiam
1187 2964 1555 3021 consecutam,
1610 2955 2023 3009 misericordiam

2125 2964 2622 3019 Currebantautem
2644 2963 2732 3017 diu
2773 2961 2950 3026 simul,
2976 2960 3317 3017 sedJoanues
3352 2961 3711 3031 praecucurrit

447 3058 796 3104 consecutam.
831 3045 899 3100 Et
930 3046 1028 3099 erit
1057 3045 1113 3099 in
1142 3043 1255 3099 loco
1290 3044 1377 3098 ubi
1410 3044 1610 3098 dictum
1645 3052 1720 3098 est
1761 3044 1835 3097 eis
1857 3057 1875 3094 :
1902 3041 2026 3096 Non
2059 3110 2095 3123 Α
2126 3056 2287 3111 cuius
2314 3053 2494 3120 pem),
2531 3054 2681 3108 venit
2706 3053 2857 3123 ρι-ίοτ
2890 3053 2958 3107 ad
2991 3061 3397 3107 monumentum
3419 3060 3474 3107 et
3495 3051 3707 3121 ingredi

445 3140 588 3211 plebs
616 3155 730 3193 mea
760 3153 879 3201 vos;
930 3136 1000 3189 ibi
1045 3135 1368 3189 vocabuntur
1393 3134 1493 3203 lilii
1520 3134 1617 3190 Dei
1640 3135 1759 3189 uiui.
1783 3132 2018 3201 Etjuxta

1045 3135 1368 3189 vocabuntur
1393 3134 1493 3203 ﬁlii
1520 3134 1617 3190 Dei
1640 3135 1759 3189 uiui.
1783 3132 2018 3201 Etjuxta
2051 3110 2096 3173 (ἶ
2128 3110 2234 3203 non
2261 3110 2623 3219 pmsmnpsit.

448 3230 748 3287 Ρεθιιηίθῑὶε
800 3226 1125 3283 saltemiam
1151 3244 1165 3281 ε
1196 3224 1388 3280 omn“
1421 3235 1593 3295 9"“93
1620 3223 1868 3295 Ρίακάεπτ
1908 3239 2022 3277 πία-
2200 3239 2351 3294 Venit
2375 3256 2497 3310 ergo
2530 3238 2711 3293 Simon
2749 3236 2940 3293 Petrus
2976 3254 3191 3309 sequens
3221 3254 3361 3300 eum,
3391 3246 3439 3291 et
3476 3237 3713 3292 introivit

448 3322 599 3376 nibus
628 3330 675 3373 et
702 3317 935 3391 jubilant
966 3318 1019 3370 in
1050 3332 1169 3371 voce
1193 3314 1576 3371 exsultationis.
1609 3314 1676 3369 Et
1697 3315 1826 3371 item
1852 3332 1865 3367 :
1894 3313 2023 3369 Om-
2122 3329 2177 3382 ίη
2205 3340 2615 3383 ιηοηαηιεηιυηι.
2646 3327 2751 3383 [sle
2778 3342 2907 3382 νει-ο
2930 3342 3123 3385 cursus
3147 3328 3374 3383 duorum
3408 3324 3707 3394 discipulo-

448 3429 537 3465 aes
571 3421 765 3481 gentes,
799 3407 996 3478 inquit,
1024 3408 1248 3471 venient,
1274 3416 1324 3460 et
1349 3406 1644 3459 adorabunt
1671 3421 1849 3465 coram
1873 3414 1944 3470 te,
1973 3413 2024 3459 et
2123 3433 2243 3472 mm
2274 3431 2526 3486 magnum
2547 3417 2709 3471 habet
2732 3417 3066 3487 mymﬁum.
3093 3415 3231 3483 Quid
3257 3416 3401 3471 enim
3429 3429 3526 3485 Per
3548 3412 3718 3468 ποθι).

447 3500 866 3569 [mum/5‘40"“
914 3514 1102 3553 ηουπεη
1139 3508 1288 3551 mum
1323 3498 1380 3550 ίη
1430 3504 1701 3560 Meritum.
1748 3497 1875 3566 quia
1910 3511 2026 3548 ηια-
2124 3503 3718 3577 nemquipriorveuitadmouutnentumetnoniutravitnisl

447 3607 580 3662 9"“
599 3600 674 3646 εει
688 3590 943 3645 Domini“
964 3588 1106 3643 De“
1129 3597 1302 3642 "0“"
1324 3595 1371 3641 ⁸⁸
1393 3585 1768 3657 ’παθηίιαάίηίδ
1787 3587 1901 3656 31"“
1922 3601 2025 3641 ηοη
2128 3596 2411 3669 Syuagoga
2438 3597 2807 3668 signiﬁcatur?
2831 3597 2969 3665 Quid
2995 3613 3094 3668 per
3112 3597 3357 3662 Petrum,
3389 3596 3493 3651 nisi
3531 3595 3722 3651 Eccle-

448 3692 523 3744 est
550 3681 708 3751 ﬁnis;
753 3680 844 3750 qui
872 3679 1006 3733 vivit
1055 3685 1111 3733 et
1163 3684 1353 3748 regnat
1390 3676 1446 3730 in
1488 3674 1751 3730 Triuitate
1796 3684 1851 3731 et
1900 3676 2024 3730 uni-

2126 3688 2207 3744 sia
2236 3704 2302 3744 ex
2323 3690 2570 3759 gentibus
2599 3697 2936 3759 congregata
2972 3687 3397 3751 demonstratur,
3451 3701 3572 3756 qua:
3614 3700 3718 3755 po—

448 3783 560 3827 ιίιιθ
608 3769 845 3840 Pellem“
895 3767 1037 3824 De”
1080 3783 1180 3838 Per
1214 3766 1397 3822 omnia
1438 3766 1636 3822 δεδαιιὸ
1683 3766 2023 3822 mulorum
2128 3779 2325 3834 sterius
2374 3787 2588 3843 vocata,
2637 3779 2784 3847 prior
2847 3778 3102 3833 intravit?
3150 3777 3517 3833 Cucurreruut
3565 3777 3719 3831 enim

448 3862 645 3917 Amen.
2128 3868 2331 3939 pariter
2360 3866 2646 3923 Gentilitas
2678 3875 2732 3922 et
2767 3866 3053 3938 Synagoga
3086 3882 3183 3936 per
3210 3864 3367 3934 hujus
3386 3864 3564 3920 saeculi
3593 3879 3724 3920 suc-

1006 3948 1286 4005 HOMHJA
1322 3947 1461 4003 XVI-
2130 3959 2421 4020 cessioucs,
2453 3958 2546 4012 sed
2570 3972 2673 4012 non
2699 3958 2814 4026 pari
2845 3956 3194 4027 intelligentia
3220 3956 3524 4010 veniebant.
3555 3953 3721 4009 Venit

986 4055 1039 4095 IN
1074 4052 1251 4094 BOD“
1288 4053 1480 4092 PESTO-
2134 4048 2416 4121 Syuagoga
2455 4050 2605 4119 prior
2641 4049 2707 4103 ad
2744 4057 3183 4111 monumentum,
3229 4048 3325 4101 sed
3370 4046 3591 4100 minime
3631 4046 3720 4100 in-

573 4133 757 4190 Lectio
795 4131 967 4188 sancti
997 4129 1274 4201 Evangelii
1302 4128 1597 4183 secundum
1626 4126 1912 4184 Joannem.
2134 4140 2318 4202 ιι-ειγίι,
2349 4140 2475 4208 quia
2516 4140 2650 4210 leg-,3
2691 4138 2938 4209 quasdam
2986 4140 3229 4209 percepi.
3274 4136 3550 4202 mandata,
3589 4150 3724 4205 ρι-ο-

526 4226 593 4280 In
615 4223 706 4279 illo
732 4233 981 4294 tempore,
1011 4237 1117 4275 una
1142 4219 1346 4274 sabbati
1387 4217 1560 4272 Maria
1607 4216 1917 4288 Magdalene
1948 4233 2033 4272 ue-

2134 4231 2329 4300 pbelas
2369 4231 2757 4285 incarnationis
2778 4246 2842 4285 ac
2863 4230 3130 4299 passionis
3163 4228 3457 4285 Dominicis
3489 4228 3720 4294 audivit,

454 4318 529 4370 nit
561 4330 735 4380 mane,
777 4328 899 4367 cum
925 4311 1099 4366 adhuc
1139 4308 1361 4364 tenebrae
1402 4317 1590 4372 essent,
1624 4307 1693 4361 ad
1729 4324 2035 4362 monumen-
2137 4319 2230 4374 sed
2257 4320 2481 4374 credere
2508 4320 2563 4373 in
2594 4328 2863 4373 mortuum
2884 4318 3074 4373 noluit,

454 4416 564 4460 tum
587 4414 634 4460 et
668 4404 791 4459 uidit
819 4402 1045 4474 lapidem
1075 4399 1338 4455 sublatum
1364 4416 1397 4452 a
1418 4408 1772 4462 monumento,
1803 4406 1909 4453 etc.
2061 4452 2111 4510 Β
2219 4407 2357 4463 Vidi;
2402 4407 2637 4463 Joannes
2682 4409 2850 4479 ροεὶια
2895 4408 3233 4472 annumin“,
3276 4423 3379 4461 ηοη
3425 4415 3598 4460 tamen
3641 4407 3730 4460 in-

526 4497 677 4552 Sicut
717 4498 769 4550 iu
810 4496 1079 4565 principio
1115 4493 1311 4549 mulier
1346 4503 1536 4547 auctor
1564 4492 1732 4562 culpae
1754 4492 1875 4547 viro
1909 4491 2029 4558 fuit,
2065 4491 2110 4510 ν
2142 4502 2338 4564 ινοῑιςίι,
2382 4501 2510 4570 quia
2538 4500 2789 4554 videlicet
2829 4498 3113 4569 Synagoga
3143 4506 3198 4552 et
3228 4498 3523 4567 Scriptura;
3548 4512 3730 4553 sacra:

453 4590 538 4644 vir
575 4597 861 4643 exsecutor
900 4588 1124 4652 erroriS,
1167 4587 1242 4640 ita
1290 4600 1434 4640 nunc
1474 4599 1595 4654 qua:
1628 4585 1779 4654 prius
1806 4592 2031 4640 mortem
2141 4600 2478 4646 sacramenta
2521 4591 2790 4660 cognovit,
2823 4597 2878 4644 et
2922 4598 3100 4643 tamen
3148 4588 3215 4642 ad
3259 4589 3415 4642 fidem
3448 4586 3729 4656 passionis

457 4685 765 4750 gustaverat
796 4678 1247 4732 resurrectionem
1284 4678 1432 4747 prior
1462 4677 1631 4742 vidit;
1669 4686 1725 4732 et
1751 4692 1818 4732 ue
1846 4692 2036 4747 perpe—

2142 4683 2434 4737 Duminicm
2472 4682 2763 4747 credendo,
2790 4682 2989 4735 intrare
3034 4679 3269 4742 distulit;
3299 4693 3458 4746 quem
3489 4677 3577 4731 diu
3607 4677 3731 4731 lou-

458 4768 535 4821 tui
584 4775 768 4822 reatus
814 4767 955 4836 apud
1001 4766 1148 4821 viros
1186 4767 1532 4837 approbrium
1585 4768 1878 4822 sustineret
1914 4783 2035 4837 quae
2141 4788 2312 4845 geque
2340 4774 2697 4843 prophetavit,
2730 4783 3049 4842 prtesentcm
3082 4772 3215 4826 vidit
3233 4779 3289 4824 et
3314 4768 3512 4831 renuit,
3548 4767 3734 4821 homi-

456 4857 669 4927 culpam
698 4857 815 4911 viro
841 4854 1223 4920 transfuderat,
1250 4856 1612 4912 transfuditet
1639 4859 1886 4929 gratiam.
1916 4856 2034 4912 Una
2143 4878 2264 4917 nem
2293 4878 2414 4919 esse
2450 4864 2717 4932 despexit,
2756 4862 2921 4916 Deum
2970 4877 3136 4916 carne
3182 4858 3465 4914 mortalem
3514 4853 3731 4912 factum

464 4947 669 5001 sabbati
715 4947 862 5010 dicit.
909 4960 1071 5014 quam
1102 4944 1216 5013 iam
1247 4946 1389 5001 diem
1431 4946 1768 5002 Dominicum
1813 4956 2036 5017 propter
2142 4953 2363 5008 credere
2406 4954 2594 5009 noluit.
2648 4954 2787 5021 Quid
2836 4968 2964 5023 ergo
3001 4962 3105 5017 est,
3153 4953 3255 5006 nisi
3298 4952 3424 5022 quia
3470 4959 3526 5008 et
3556 4950 3733 5006 citius

456 5037 671 5095 Domini
726 5040 1183 5094 resurrectionem
1229 5055 1348 5094 mos
1391 5039 1732 5100 Christianus
1761 5042 2032 5111 appellat;
2142 5045 2403 5109 cucurrit,
2443 5053 2498 5099 et
2545 5053 2721 5099 tamen
2766 5044 2834 5098 ad
2874 5050 3284 5098 monumentum
3327 5058 3496 5097 vacua
3542 5042 3730 5098 stetit.

454 5147 618 5202 quem
663 5131 945 5187 Matthazus
987 5132 1138 5189 solus
1167 5132 1221 5186 in
1248 5134 1595 5203 evangelistis
1632 5134 1862 5203 primam
1907 5135 2032 5189 sab-
2155 5136 2301 5190 Venit
2345 5146 2520 5190 autem
2560 5135 2744 5191 Simon
2799 5133 2992 5189 Petrus
3043 5132 3356 5204 subsequens
3407 5148 3524 5186 eum
3558 5142 3608 5185 et
3641 5133 3737 5187 its-

453 5224 569 5280 bati
600 5225 914 5279 nominavit.
2143 5227 2317 5281 trofvit
2356 5226 2411 5279 in
2451 5235 2865 5289 monumentum,
2906 5225 3033 5294 quia
3076 5231 3259 5279 secuta
3305 5222 3572 5291 posterior
3619 5221 3737 5276 Ec-

526 5313 773 5370 σκοτίη-ξι
807 5331 951 5385 ergo,
974 5316 1183 5369 etvenit
1222 5315 1291 5369 ad
1327 5313 1591 5370 Simonem
1639 5314 1856 5371 Petrum
1883 5325 1933 5371 et
1962 5317 2032 5370 ad
2142 5315 2304 5370 clesia
2360 5316 2600 5386 gentium
2659 5314 3010 5368 mediatorem
3060 5312 3153 5367 Dei
3197 5319 3251 5366 et
3289 5310 3568 5365 hominum
3616 5310 3736 5366 ho-

453 5405 621 5461 stium
642 5404 953 5475 discipulum
980 5421 1132 5475 quem
1151 5406 1359 5460 amabat
1383 5406 1560 5470 Iesus,
1584 5406 1904 5460 etdixiteis:
1925 5406 2031 5459 Tu-
2136 5406 2334 5460 minem
2368 5403 2550 5460 Jesum
2585 5403 2884 5467 Christum,
2937 5410 2992 5458 et
3034 5402 3287 5470 cognovit
3336 5413 3521 5464 carne,
3572 5414 3742 5455 mor-

455 5493 627 5549 lerunt
660 5495 943 5550 Dominum
971 5499 1037 5549 de
1061 5504 1420 5559 monumento,
1452 5506 1499 5549 et
1535 5498 1707 5550 nescio
1739 5495 1826 5548 ubi
1850 5511 2037 5564 posue-
2137 5503 2286 5548 tuum
2307 5503 2363 5548 et
2383 5495 2651 5549 viventem
2678 5493 2907 5549 credidit
2928 5490 3436 5561 Deum.-Sequitur:

458 5596 577 5639 runt
600 5604 738 5641 eum.
779 5588 975 5642 Amore
1003 5586 1172 5641 nimio
1199 5586 1573 5641 turbata—dum
1600 5600 1761 5654 quem
1792 5583 2037 5652 quaesivit
2209 5581 2277 5636 Et
2304 5583 2428 5637 vidit
2460 5582 2764 5637 linteamina
2800 5582 2990 5652 posita,
3023 5592 3069 5635 et
3099 5579 3394 5642 sudarium,
3433 5576 3576 5647 quod
3608 5576 3749 5645 fue-

459 5688 569 5729 uou
594 5678 826 5733 invenit:
867 5678 1111 5734 cucurrit
1146 5676 1423 5745 discipulis
1464 5675 1715 5728 nuntiare
1748 5683 1803 5727 ut
1834 5682 1926 5726 ant
1954 5689 2037 5728 se-
2139 5685 2222 5728 rat
2251 5690 2406 5743 super
2432 5684 2585 5744 caput
2616 5673 2744 5727 Iesu
2773 5690 2873 5727 non
2904 5689 3020 5726 eum
3053 5670 3443 5726 linteaminibus
3469 5669 3747 5741 positum,
