4040 6188
388 277 479 331 Πῗ)

1443 271 1751 330 ΠΟΜΙΙᾸᾸΞ
1792 272 1857 327 ιχ
1898 271 2146 327 EVANG.
2191 270 2277 324 ET
2318 269 2536 325 EPIST.

3526 274 3622 332 ΗΑ

381 384 466 441 sed
507 383 794 449 separatim
842 383 1125 437 innotatum
1168 382 1220 436 in
1254 398 1417 437 unum
1458 383 1649 437 locum.
1695 383 1832 449 Quid
1868 389 1954 436 est
1981 391 2029 450 Α
2056 380 2179 450 quia
2219 392 2409 436 omnes
2435 380 2526 450 qui
2556 393 2682 434 vera
2711 380 2992 435 devotione
3030 382 3422 450 mancipantur,
3451 391 3505 437 et
3533 387 3626 438 ad-

383 472 524 544 quod
570 471 855 526 su.larium
899 470 1092 541 capitis
1132 470 1345 525 Domini
1384 485 1508 526 cum
1558 469 1958 525 linteaminibus

382 579 488 618 non
536 563 814 618 invenitur
854 563 907 617 in
958 571 1326 627 monumento,
1358 561 1463 616 nisi
1495 562 1639 631 quod
1665 568 1958 616 attestaute

383 653 548 708 Paulo
579 662 738 723 caput
778 651 975 707 Chris’i
1021 661 1098 707 est
1144 651 1282 706 Deus
1323 659 1380 706 et
1419 650 1717 705 divinitatis
1759 650 1961 706 incom-

382 743 765 816 prehensibilia
833 750 1168 797 sacramenta
1226 742 1296 796 ab
1367 740 1698 796 inﬁrmitatis
1762 751 1959 796 nostra:

383 835 694 905 cognitione
723 834 988 902 disjuncta
1014 840 1158 896 sunt,
1186 830 1408 901 ejusque
1428 834 1667 901 potentia
1697 841 1960 887 creatura:

386 927 723 983 transcendit
764 935 1035 980 naturam.
1068 924 1133 978 Et
1160 924 1452 979 notandum
1478 924 1621 993 quod
1652 938 1757 978 non
1787 923 1960 979 solum

382 1018 717 1088 separatim,
760 1016 857 1071 sed
901 1014 1062 1069 etiam
1116 1013 1411 1069 involutum
1456 1013 1699 1068 invenire
1741 1013 1957 1068 dicitur.

382 1107 635 1161 Linteum
685 1104 885 1174 quippe
929 1103 1070 1174 quod
1119 1102 1427 1165 involvitur,
1468 1101 1584 1170 ejus
1618 1116 1717 1156 nec
1747 1101 1961 1156 initium

384 1212 484 1252 nec
517 1196 641 1249 ﬁnis
666 1195 927 1263 aspicitur
976 1193 1142 1248 Recte
1179 1207 1309 1264 ergo
1356 1192 1631 1247 sudarium
1658 1192 1849 1261 capitis
1878 1191 1961 1245 in-

384 1285 627 1339 volutum
672 1294 778 1349 est,
827 1284 953 1353 quia
998 1282 1259 1338 celsitudo
1306 1283 1605 1339 divinitatis
1654 1298 1753 1337 nec
1800 1283 1964 1351 cmpit

379 1392 506 1432 esse
554 1390 658 1430 nec
699 1375 911 1430 desivit.
955 1374 1100 1430 Bene
1143 1382 1320 1429 autem
1346 1374 1581 1437 additur,
1613 1374 1667 1427 in
1695 1390 1855 1427 unum
1880 1372 1962 1427 lo-

383 1485 527 1532 cum,
567 1467 697 1536 quia
728 1466 779 1520 in
798 1466 1032 1521 scissura
1063 1465 1321 1519 mentium
1361 1465 1498 1519 Deus
1532 1479 1636 1518 non
1668 1472 1780 1527 est;
1825 1464 1966 1519 Deus

383 1557 590 1627 quippe
635 1556 686 1610 in
726 1555 933 1610 unitate
971 1564 1073 1620 est,
1104 1564 1159 1609 et
1203 1554 1278 1608 illi
1323 1553 1441 1623 ejus
1490 1554 1689 1608 habere
1737 1553 1966 1624 gratiam

383 1655 668 1701 merentur
706 1645 795 1714 qui
829 1660 887 1699 se
916 1645 984 1699 ab
1012 1644 1239 1698 invice'n
1288 1652 1509 1712 propter
1558 1651 1966 1713 persecutormn

2056 486 2213 526 versa
2253 471 2437 525 mundi
2476 468 2634 539 hujus
2672 476 2730 524 et
2759 470 3128 526 blandimenta
3158 472 3272 541 pari
3304 480 3482 527 mente
3507 468 3631 528 cou-

2059 572 2322 626 temnunt,
2356 563 2525 631 ipsam
2547 576 2758 631 quoque
2783 568 3012 617 mortem
3035 562 3182 616 velut
3206 562 3506 632 ingressum
3530 578 3626 633 pa-

2059 652 2176 706 tria:
2205 651 2441 707 cmlestis
2465 658 2728 706 amantes.
2760 651 2828 706 Et
2855 667 2923 707 ne
2947 652 3071 722 quis
3095 666 3190 707 sua
3218 654 3417 708 virtute
3443 655 3628 709 mundi

2058 742 2140 796 vel
2171 742 2327 797 luxus
2369 742 2454 796 vel
2492 741 2705 798 labores
2731 757 2791 797 se
2819 757 3075 815 superare
3116 758 3276 814 posse
3312 744 3630 811 conﬁderet,

2060 832 2305 887 consulte
2334 832 2628 902 subjungit.

2130 926 2198 980 Et
2222 927 2332 981 hate
2356 934 2430 981 est
2453 928 2670 981 victoria
2707 943 2825 998 quae
2861 927 3320 996 oincitimundum,
3367 927 3499 998 ﬁdes
3539 945 3634 984 no-

2059 1026 2190 1070 stra.
2222 1014 2313 1069 llla
2339 1015 2598 1070 nimirum
2642 1014 2775 1070 ﬁdes
2809 1029 2929 1085 quae
2953 1029 3053 1084 per
3076 1014 3413 1071 dilectionem
3440 1030 3630 1087 opera-

2061 1113 2168 1169 tur,
2198 1104 2286 1158 illa
2308 1103 2441 1159 ﬁdes
2461 1119 2567 1173 qua
2593 1102 2712 1173 ejus
2733 1102 3008 1157 humiliter
3026 1102 3284 1157 auxilium
3306 1102 3624 1174 ﬂagitamus,

2061 1197 2152 1265 qui
2176 1196 2290 1250 ait:
2337 1195 2404 1250 In
2443 1195 2638 1250 mundo
2675 1210 2972 1265 pressuram
3016 1194 3271 1249 habebitis
3301 1212 3315 1226 ο
3353 1194 3443 1249 sed
3464 1196 3631 1263 conﬁ-

2060 1287 2187 1352 dite,
2217 1303 2309 1357 ego
2335 1287 2431 1342 vici
2459 1286 2732 1341 mundum.

2134 1378 2264 1444 Quis
2288 1388 2363 1432 est
2394 1388 2568 1432 autem
2594 1378 2682 1449 qui
2714 1377 2868 1432 uincit
2900 1376 3176 1441 mundum,
3208 1376 3308 1430 nisi
3343 1377 3435 1447 qui
3470 1378 3632 1430 credit

2062 1469 2200 1541 quod
2228 1467 2383 1522 Iesus
2411 1478 2485 1522 est
2516 1466 2690 1521 Filius
2726 1467 2862 1521 Dei?
2899 1466 3077 1523 Vincit
3103 1469 3387 1532 mundum,
3417 1467 3509 1536 qui
3540 1466 3633 1522 Je-

2065 1576 2183 1617 sum
2232 1576 2351 1615 esse
2398 1560 2591 1614 Filium
2637 1560 2730 1615 Dei
2782 1559 3024 1625 credens,
3078 1560 3239 1630 digna
3286 1560 3460 1616 eidem
3508 1560 3632 1615 ﬁdei

2066 1665 2232 1720 opera
2254 1650 2451 1721 jungit.
2483 1650 2590 1704 Sed
2621 1648 2860 1719 nunquid
2889 1649 3002 1704 sola
3033 1648 3331 1704 divinitatis
3354 1650 3473 1720 ejus
3499 1649 3634 1705 ﬁdes

385 1738 645 1792 scandala
675 1752 782 1791 non
811 1735 1077 1792 dividunt.
1112 1734 1294 1789 Potest
1322 1748 1535 1803 quoque
1561 1748 1658 1802 per
1687 1733 1965 1787 sudarium
1995 1736 2041 1795 B
2071 1749 2123 1797 et
2168 1741 2434 1798 confessio
2482 1740 2625 1796 valet
2668 1742 2735 1797 ad
2777 1740 3003 1796 salutem
3056 1739 3335 1797 sufﬁcere?
3380 1741 3513 1798 Vide
3550 1757 3637 1798 se-

387 1828 572 1898 passio
631 1826 842 1881 Domini
899 1826 1069 1879 nostri
1131 1823 1436 1894 designari,
1494 1823 1649 1893 cujus
1698 1822 1965 1891 passionis

386 1924 735 1970 sacramenta
792 1913 1097 1968 inﬁdelibus
1140 1921 1269 1965 sunt
1312 1910 1582 1975 involuta,
1630 1910 1755 1978 quia
1805 1924 1963 1979 quem

387 1994 848 2060 videbant‘carue
879 2001 1182 2067 mortalem,
1225 2000 1391 2054 Deum
1438 2014 1559 2054 esse
1607 1999 1965 2055 immortalem

389 2111 498 2150 non
537 2094 854 2150 credebant.
880 2092 1181 2165 .Sudarium
1212 2105 1340 2161 ergo
1366 2090 1508 2160 quod
1543 2105 1704 2159 super
1733 2089 1849 2158 ejus
1875 2106 1967 2143 ca—

388 2194 487 2256 put
526 2185 729 2250 fuerat,
751 2198 995 2239 seorsum
1028 2181 1317 2243 invenitur,
1354 2179 1477 2249 quia
1511 2180 1627 2249 ipsa
1650 2180 1832 2249 passio
1861 2179 1969 2234 Rc-

392 2277 693 2346 demptoris
719 2274 889 2330 nostri
932 2273 1088 2344 longe
1115 2287 1146 2325 a
1182 2280 1365 2325 nostra
1409 2272 1657 2340 passione
1700 2269 1969 2339 disjuncta

391 2381 495 2435 est,
528 2371 788 2441 quoniam
811 2369 927 2439 ipse
952 2367 1069 2422 sine
1094 2365 1247 2432 culpa
1272 2364 1506 2435 pertulit
1531 2362 1673 2432 quod
1697 2376 1795 2417 nos
1814 2360 1968 2431 culpa

397 2464 713 2518 toleramus.
745 2461 863 2531 Ipse
888 2466 1081 2530 sponte
1113 2457 1270 2512 morti
1306 2456 1658 2511 succumbere
1685 2453 1872 2519 voluit,
1901 2452 1970 2507 ad

397 2568 559 2624 quam
589 2567 689 2607 nos
717 2551 870 2605 inviti
893 2549 1155 2605 venimus.
1188 2547 1473 2617 Sequitur:

471 2642 618 2697 Tunc
662 2658 784 2712 ergo
827 2640 1055 2695 inzroirit
1100 2648 1146 2692 et
1185 2637 1272 2691 ille
1316 2633 1604 2706 discipulus
1643 2634 1732 2705 qui
1767 2641 1971 2688 uenerat

397 2736 546 2802 prius
587 2733 658 2787 ad
703 2740 1114 2786 monumentum.
1158 2728 1447 2797 Postquam
1491 2724 1714 2779 intravit
1758 2723 1971 2788 Petrus,

401 2829 679 2898 ingressus
698 2831 859 2879 estet
880 2820 1137 2875 Joannes.
1166 2817 1441 2873 Posterior
1464 2815 1685 2870 intravit
1711 2812 1801 2884 qui
1825 2812 1975 2884 prior

404 2927 643 2975 venerat.
688 2915 883 2969 Notum
922 2923 1007 2969 cst
1050 2912 1191 2981 quod
1217 2912 1269 2966 iu
1309 2909 1415 2964 ﬁne
1442 2907 1625 2963 mundi
1654 2906 1721 2961 ad
1746 2905 1974 2961 Redem-

404 3012 574 3083 ptoris
620 3008 785 3063 ﬁdem
831 3007 994 3060 etiam
1021 3002 1205 3058 Judaea
1253 3001 1571 3072 colligetur,
1613 2997 1781 3053 Paulo
1829 3004 1974 3051 atte-

2064 1834 2303 1904 quenﬁa.

2138 1924 2237 1977 llic
2273 1934 2365 1987 est,
2402 1925 2493 1995 qui
2518 1924 2653 1977 venit
2684 1939 2776 1993 per
2807 1938 2998 1994 aquam
3033 1931 3082 1976 et
3108 1923 3450 1993 sanguinem,
3478 1921 3634 1977 Iesus

2066 2015 2320 2071 Christus.
2346 2015 2447 2082 Qui
2482 2030 2609 2087 ergo
2649 2023 2769 2070 erat
2807 2022 3043 2069 aeternus
3083 2011 3254 2069 Filius
3294 2013 3409 2081 Dei,
3455 2012 3635 2071 factus

2067 2115 2146 2161 est
2179 2108 2339 2160 homo
2370 2107 2422 2160 in
2451 2114 2711 2176 tempore,
2745 2111 2805 2158 ut
2833 2104 2925 2174 qui
2954 2118 3053 2160 nos
3079 2118 3175 2174 per
3198 2103 3497 2160 divinitatis
3522 2119 3636 2160 sua:

2066 2197 2358 2266 poteatiam
2404 2204 2705 2259 creaverat,
2745 2209 2843 2264 per
2870 2194 3223 2250 humanitatis
3260 2209 3373 2251 suae
3412 2193 3639 2250 inﬁmi-

2070 2294 2122 2339 l{|
2132 2295 2235 2340 tem
2262 2295 2552 2339 recrearet.

2142 2376 2245 2441 Qui
2275 2377 2405 2429 venit
2429 2393 2522 2447 per
2547 2392 2738 2448 aquam
2775 2388 2823 2431 et
2859 2378 3168 2448 sanguinem
3203 2391 3316 2430 sua:
3359 2376 3635 2446 passionis.

2071 2466 2185 2521 Non
2223 2468 2273 2521 in
2312 2482 2448 2537 aqua
2471 2468 2669 2534 solum,
2712 2468 2806 2524 sed
2838 2469 2890 2523 in
2929 2482 3068 2538 aqua
3104 2476 3161 2523 et
3199 2467 3479 2539 sanguine.
3518 2467 3637 2524 Non

2072 2559 2241 2613 solum
2281 2558 2539 2629 baptizari
2581 2568 2802 2629 propter
2828 2568 3068 2615 nostram
3098 2558 3427 2614 ablutionem
3449 2560 3642 2631 digna-

2073 2658 2159 2706 tus
2186 2658 2287 2716 est,
2315 2658 2373 2704 ut
2401 2651 2554 2705 nobis
2588 2649 2837 2721 lgaptismi
2870 2657 3266 2707 sacramentum
3301 2661 3645 2707 consecraret

2072 2748 2128 2795 et
2176 2741 2436 2805 traderet,
2479 2755 2667 2795 verum
2712 2740 2879 2795 etiam
2930 2741 3246 2811 sanguinem
3300 2756 3458 2797 suum
3497 2741 3645 2798 dedit

2074 2842 2173 2902 pro
2199 2830 2355 2886 nobis
2381 2839 2435 2885 et
2462 2844 2558 2886 sua
2586 2844 2685 2885 nos
2708 2829 3243 2900 passione‘redemit;
3274 2829 3427 2900 cujus
3464 2846 3647 2887 sacra-

2076 2923 2276 2977 mentis
2300 2935 2514 2993 semper
2536 2918 2727 2977 ret‘ecti
2751 2922 3081 2977 uutriremur
3101 2921 3169 2977 ad
3194 2921 3441 2978 salutem.

2149 3011 2217 3065 Et
2246 3012 2460 3083 spiritus
2483 3009 2667 3083 estqui
2692 3009 3003 3080 testiﬁcatur
3019 3010 3276 3082 quomodo
3307 3009 3546 3065 Christus
3570 3020 3648 3065 est

404 3116 581 3162 stante
612 3102 707 3173 qui
737 3101 810 3154 ait
835 3119 847 3152 :
878 3098 1052 3152 Donec
1077 3095 1343 3167 plenitudo
1388 3093 1619 3165 gentium
1656 3092 1896 3154 intraret,
1925 3097 1975 3142 et
2003 3084 2048 3146 C
2080 3102 2287 3155 κνίιαο,
2322 3098 2604 3171 Baptizati)
2629 3100 2683 3155 in
2712 3097 2946 3156 Jordane
2971 3099 3198 3155 Domino
3224 3101 3497 3155 descendi;
3528 3098 3655 3170 spi-

404 3195 478 3249 sic
501 3193 669 3248 omnis
696 3188 865 3244 Israel
888 3188 1066 3241 salutis
1093 3185 1260 3254 ﬁeret.

473 3271 546 3339 Et
572 3283 703 3338 uidit
726 3290 777 3334 et
798 3277 1039 3333 credidit.
1076 3274 1215 3343 Quid
1239 3286 1370 3344 ergo
1399 3271 1532 3327 vidit
1559 3278 1615 3326 et
1649 3269 1778 3340 quid
1810 3267 1981 3325 credi-

403 3382 517 3438 dit?
538 3378 688 3436 Vidit
715 3374 1026 3431 linteamina
1053 3372 1249 3443 posita,
1277 3377 1334 3425 et
1366 3368 1595 3424 credidit
1616 3365 1758 3437 quod
1790 3364 1983 3421 mulier

406 3473 639 3534 dixerat,
686 3467 756 3521 de
795 3471 1141 3520 monumento
1169 3461 1454 3516 Dominum
1482 3457 1649 3514 fuisse
1685 3455 1978 3512 sublatum.

406 3563 597 3617 Adhuc
619 3560 768 3615 enim
797 3558 1032 3612 tenebrae
1057 3562 1211 3609 erant
1236 3553 1289 3607 in
1319 3559 1688 3614 monumento,
1715 3549 1769 3605 id
1792 3555 1900 3613 est,
1928 3547 1983 3601 in

410 3654 682 3710 mentibus
723 3649 957 3712 illorum,
998 3647 1119 3701 ideo
1159 3643 1423 3712 sequitur,
1452 3649 1507 3695 et
1532 3640 1704 3694 dixit:
1732 3638 1983 3694 Nondum

411 3749 546 3801 enim
579 3744 810 3799 sciebant
847 3740 1180 3809 Scripturas,
1220 3735 1344 3805 quia
1376 3739 1628 3803 oporteret
1649 3747 1766 3784 eum
1789 3746 1822 3783 α
1846 3743 1986 3783 mor-

414 3838 517 3893 tuis
545 3848 832 3905 resurgere.
861 3831 1112 3886 Abierant
1149 3844 1270 3898 ergo
1305 3826 1506 3880 iterum
1526 3821 1769 3892 discipuli
1801 3820 1871 3875 ad
1905 3834 1988 3873 se-

412 3928 676 3999 metipsos,
712 3924 767 3979 id
794 3930 896 3988 est,
930 3922 1019 3977 ubi
1044 3919 1376 3980 habitabant,
1419 3922 1476 3969 et
1516 3913 1658 3969 unde
1698 3912 1767 3966 ad
1807 3925 1989 3999 nionuf

418 3998 655 4074 mentum
698 4018 1069 4070 occurrerant.
1118 4009 1338 4078 Hocque
1379 4005 1674 4061 notandum
1706 4009 1809 4067 est,
1845 3998 1989 4070 quod

419 4110 470 4164 in
514 4108 711 4179 lapidis
739 4105 956 4160 nomine
981 4111 1035 4158 et
1060 4103 1114 4157 in
1138 4101 1367 4155 duorum
1404 4095 1797 4167 signiﬁcatione
1821 4106 1991 4163 popu-

420 4200 613 4264 lorum,
637 4198 869 4253 istarum
886 4195 1114 4249 duarum
1134 4204 1372 4260 congrua
1406 4188 1477 4243 sit
1495 4184 1786 4242 concordia
1814 4181 1994 4238 lectio-

2081 3192 2217 3247 ritus
2260 3200 2478 3248 sanctus
2521 3192 2574 3246 in
2609 3191 2790 3262 specie
2836 3190 3097 3248 columbae
3133 3206 3294 3263 super
3329 3206 3473 3258 eum,
3499 3193 3654 3248 testi-

2081 3281 2319 3335 inonium
2364 3280 2440 3335 illi
2474 3281 2764 3350 perhibens
2794 3281 2923 3351 quia
2952 3283 3154 3336 veritas
3179 3291 3281 3347 est,
3326 3283 3430 3338 huc
3457 3289 3541 3337 est
3561 3297 3657 3337 ve-

2081 3387 2174 3426 rus
2200 3371 2293 3426 Dei
2327 3369 2512 3436 Filius,
2543 3384 2707 3427 verus
2736 3371 2999 3426 mediator
3022 3370 3117 3427 Dei
3140 3379 3196 3428 et
3221 3372 3523 3439 hominum,
3558 3386 3654 3427 ve-

2082 3476 2177 3515 rus
2205 3461 2438 3515 'bumani
2478 3461 2695 3532 generis
2749 3460 3084 3531 Redemptor
3140 3476 3205 3516 ac
3254 3462 3655 3529 reconciliator,

2081 3566 2211 3609 vere
2250 3552 2365 3623 ipse
2403 3554 2634 3608 mundus
2659 3554 2727 3608 ab
2754 3553 2901 3608 omni
2945 3553 3067 3608 labe
3090 3553 3320 3624 peccati,
3351 3566 3480 3608 vere
3503 3549 3652 3607 suill-

2084 3642 2235 3697 ciens
2261 3640 2448 3696 tollere
2471 3649 2692 3710 peccata
2727 3641 2930 3695 mundi.
2979 3640 3131 3708 Quod
3168 3641 3332 3694 etiam
3385 3640 3501 3711 ipse
3553 3641 3663 3696 Ba-

2085 3734 2271 3805 ptista,
2301 3734 2417 3788 viso
2460 3732 2700 3803 ejusdem
2751 3733 2985 3804 Spiritus
3030 3733 3260 3790 adventu
3289 3772 3305 3801 ,
3352 3735 3662 3807 intelligens

2086 3824 2163 3877 ait
2188 3839 2204 3877 :
2235 3822 2339 3888 Qui
2363 3839 2444 3876 me
2463 3822 2602 3877 misit
2628 3823 2895 3895 baptizare
2925 3826 2980 3879 in
3010 3842 3168 3898 aqua,
3206 3825 3295 3881 illc
3326 3827 3454 3881 mihi
3484 3827 3617 3881 dixit
3641 3843 3661 3883 :

2090 3913 2261 3986 Super
2282 3931 2433 3992 quem
2462 3914 2651 3969 videris
2683 3916 2937 3985 Spiritum
2964 3918 3354 3973 descendentem
3378 3928 3426 3973 et
3447 3935 3662 3974 manen-

2088 4015 2190 4059 tem
2219 4020 2375 4076 super
2398 4021 2538 4072 eum,
2572 4006 2655 4059 hic
2681 4015 2754 4060 est
2782 4007 2872 4077 qui
2899 4007 3125 4078 baptizat
3149 4009 3206 4063 in
3227 4009 3430 4079 Spiritu
3459 4021 3664 4075 sancto,

2090 4106 2138 4151 et
2158 4113 2252 4168 ego
2284 4097 2428 4163 υἱῶν
2447 4110 2498 4152 et
2527 4099 2881 4153 testimonium
2907 4099 3163 4169 perhibui,
3201 4101 3324 4172 quia
3361 4101 3445 4155 Itic
3474 4111 3547 4154 est
3573 4100 3668 4154 Εἰς

2091 4187 2195 4241 tius
2239 4187 2357 4243 Dei.
2404 4188 2543 4257 Quia
2571 4205 2701 4260 ergo
2740 4188 2973 4259 Spiritus
3014 4187 3198 4245 Iesum
3232 4188 3505 4245 Christum
3547 4204 3669 4244 esse

425 4308 545 4347 nam
566 4300 625 4347 et
646 4291 703 4344 in
725 4285 969 4359 angulari
992 4284 1169 4355 lapide
1193 4281 1484 4339 mundum
1509 4277 1825 4349 Apostolum
1846 4283 1997 4330 uter-
2093 4286 2359 4344 testatur,
2407 4281 2524 4351 ipse
2573 4297 2633 4337 se
2687 4282 2973 4336 veritatem
3021 4280 3382 4352 cognominat.
3424 4280 3665 4351 Baptista

423 4400 523 4455 que
546 4381 778 4452 populus
803 4378 1107 4449 copulatur,
1138 4375 1273 4431 etin
1292 4371 1500 4429 duobus
1523 4369 1779 4441 apostolis
1804 4381 1996 4424 secun-
2024 4450 2065 4455 μ
2096 4370 2247 4427 illum
2291 4374 2578 4428 veritatem
2625 4373 2901 4443 praedicat,
2945 4371 3087 4426 ﬁlius
3123 4370 3344 4426 tonitrui
3384 4371 3665 4426 veritatem

424 4450 561 4531 (imu—
579 4450 928 4543 nam...
957 4468 1173 4537 utrique
1208 4464 1388 4536 populi
1424 4462 1808 4533 designantur;
1835 4455 1998 4513 108n-
2023 4450 2077 4509 Ῑ)
2100 4465 2451 4543 evangelizat.
2480 4464 2720 4521 Taceant
2748 4462 3043 4534 blasphemi
3082 4463 3173 4534 qui
3215 4463 3358 4518 hunc
3402 4461 3669 4518 fantasma

427 4580 520 4620 nes
542 4564 691 4620 enim
724 4542 1058 4624 indecorum,
1087 4558 1280 4612 Petrus
1306 4554 1545 4627 gentium
1581 4550 1833 4623 populum
1864 4547 1997 4619 ἤδη·
2098 4570 2219 4610 esse
2244 4542 2624 4627 dogmatizant,
2654 4563 2841 4624 pereat
2869 4553 2937 4608 de
2967 4562 3110 4609 terra
3152 4553 3410 4608 memoria
3457 4568 3670 4619 eorum,

429 4660 601 4714 rahat.
644 4657 749 4725 Qui
793 4664 972 4711 tamen
1015 4632 1531 4723 utriqneet‘Judaeis
1554 4659 1715 4719 atque
1748 4646 1996 4719 gentibus
2099 4649 2192 4718 qui
2220 4664 2343 4704 eum
2368 4647 2453 4701 vel
2482 4648 2645 4702 Deum
2682 4646 2767 4700 vel
2802 4646 3071 4701 hominem
3113 4660 3232 4702 esse
3276 4660 3468 4701 verum
3510 4646 3673 4702 dono-

432 4752 651 4804 vcrbnm
700 4748 797 4804 Dei
840 4746 1229 4818 praedicabant,
1278 4751 1333 4797 et
1375 4742 1711 4796 Salvatorem
1753 4747 1997 4793 nostrum
2104 4745 2251 4807 gant.
2308 4797 2327 4811 θ

431 4840 719 4894 Dominam
736 4836 921 4892 Jesum
943 4835 1218 4890 Christum
1242 4833 1506 4887 veraciter
1522 4847 1552 4885 a
1573 4830 1801 4885 mortuis
1818 4843 1998 4883 resur—
2177 4828 2314 4894 Quia
2335 4838 2438 4882 tres
2458 4828 2685 4898 suntqui
2704 4827 3055 4881 testimonium
3083 4826 3231 4891 dant,
3254 4826 3487 4898 spiritus,
3512 4839 3678 4896 «ita,

432 4932 633 4987 rexisse
655 4932 1009 4995 otendebant,
1036 4929 1121 4985 cui
1139 4938 1224 4985 est
1248 4928 1419 5000 gloria
1446 4943 1568 4981 cum
1590 4926 1814 4981 Domino
1842 4924 2001 4977 Patre
2104 4931 2152 4974 et
2189 4920 2418 4990 sanguis.
2463 4917 2695 4988 Spiritus
2723 4918 2869 4972 dedit
2895 4918 3259 4973 testimonium
3287 4917 3558 4988 quomodo
3581 4914 3675 4971 1c-

433 5021 485 5073 in
514 5022 723 5076 unitate
750 5020 989 5091 Spiritus
1012 5020 1209 5086 sancti,
1228 5033 1327 5089 per
1354 5018 1535 5074 ornnia
1562 5015 1756 5072 saecula
1785 5012 2005 5069 sccculo-
2104 5026 2197 5066 sus
2217 5020 2299 5066 est
2327 5012 2546 5076 veritas,
2582 5011 2797 5081 quando
2822 5025 2985 5081 super
3014 5010 3346 5081 baptizatum
3373 5008 3675 5065 descendit.

436 5124 574 5163 rum.
598 5110 796 5165 Amen.
2107 5106 2163 5161 Si
2193 5106 2334 5160 enim
2378 5105 2546 5159 Filius
2580 5120 2741 5159 verus
2780 5105 2874 5160 Dei
2904 5120 3010 5160 non
3037 5112 3201 5169 esset,
3243 5116 3583 5173 nequaquam
3625 5100 3678 5153 in

930 5176 948 5191 ’
977 5198 1257 5256 llOMlLlA
1292 5196 1455 5253 XV'll.
2108 5211 2234 5250 eum
2268 5204 2414 5249 tanta
2440 5193 2876 5250 manifestatione
2921 5193 3156 5265 Spiritus
3197 5203 3419 5249 sanctus
3451 5190 3678 5245 veniret.

832 5303 1086 5343 nouuth
1122 5303 1332 5343 ocvsvs
1369 5300 1600 5342 PASCIIE.
2110 5281 2262 5351 Aqua
2285 5282 2446 5335 etiam
2468 5289 2522 5336 et
2550 5282 2773 5352 sanguis
2797 5280 2995 5335 dedere
3014 5280 3386 5335 testimonium
3411 5274 3686 5346 quomodo

644 5378 833 5435 lectio
856 5377 1109 5451 Epistula:
1130 5377 1271 5433 beati
1295 5374 1519 5431 Joannis
1541 5372 1786 5443 apostoli.
2109 5371 2268 5428 Jesus
2296 5380 2381 5427 est
2411 5373 2636 5439 veritas,
2682 5373 2896 5441 quando
2945 5373 3011 5426 de
3057 5372 3225 5426 latere
3264 5369 3381 5437 ejus
3427 5369 3481 5422 in
3519 5379 3683 5420 cruce

510 5469 842 5536 castissimi,
884 5486 1036 5526 unus
1070 5470 1211 5540 quod
1256 5477 1437 5522 natum
1474 5475 1549 5520 est
1583 5480 1649 5518 ea:
1673 5463 1806 5528 Deo,
1853 5462 1969 5517 vin:

2113 5465 2312 5520 mortui
2346 5472 2659 5530 manarunt,
2704 5464 2847 5534 quod
2879 5462 3189 5518 nullatenus
3230 5459 3346 5515 ﬁeri
3387 5463 3590 5527 posset,
3629 5456 3677 5510 si

426 5563 709 5626 mundum,
735 5570 846 5618 etc.
2112 5570 2298 5611 veram
2343 5555 2525 5611 carnis
2570 5565 2821 5610 naturam
2869 5567 2977 5607 non
3027 5553 3265 5607 haberet.
3324 5547 3429 5603 Sed
3471 5556 3529 5602 et
3572 5548 3679 5601 hoc

508 5652 629 5707 ltro
670 5668 904 5724 namque
952 5653 1202 5709 mandata
1244 5652 1424 5706 divina
1468 5664 1576 5705 non
1631 5655 1756 5704 sunt
1789 5645 2005 5719 gravia,
2112 5643 2253 5715 quod
2278 5660 2399 5699 cum
2428 5654 2553 5700 ante
2580 5645 2883 5715 passionem
2922 5649 3126 5708 oraret,
3173 5639 3348 5695 factus
3391 5648 3473 5695 est
3517 5639 3705 5693 sudor'
