4040 6188
372 357 476 412 n5

1003 345 1066 401 Β.
1106 342 1361 400 RABANI
1400 338 1620 397 MAURI
1653 331 1969 391 ARCHIEP.
2014 329 2321 387 MOGUNT.
2363 326 2650 386 OPERUM
2688 324 2867 381 PARS
2900 322 2963 378 ιι.

3542 314 3645 370 l't'6

373 474 492 541 ejus
528 468 669 524 sicut
695 471 862 537 gutta:
905 459 1184 530 sanguinis
1224 453 1565 512 decurrentis
1611 450 1666 504 in
1722 456 1945 511 terram,
1975 446 2028 505 Α
2052 459 2181 509 nos;
2227 442 2321 514 qui
2365 440 2594 497 redimet
2642 439 2854 493 animas
2887 448 3167 491 servorum
3201 440 3500 488 suorumet
3534 444 3643 485 non

1594 540 1601 541 κ
1731 537 1771 541 --
2069 534 2084 541 -
2181 532 2215 541 ..
2373 539 2380 541 .
2848 533 2860 541 _
2966 525 3007 541 ,ν
3076 538 3120 541 __
3373 520 3617 541 μιμη-

374 537 589 616 veritati
631 555 814 611 carnis
845 557 1133 618 assumpta:
1175 544 1544 600 testimonium
1575 540 1686 596 dat.
1726 537 1837 592 Nec
1872 550 1954 590 re-

370 648 666 718 jicicndum
720 642 865 713 quod
916 640 970 693 in
1016 638 1120 692 hoc
1166 648 1383 705 quoque
1433 630 1657 703 sanguis
1706 636 1763 684 et
1811 641 1952 696 aqua

379 738 744 797 testimonium
782 733 857 787 illi
898 730 1163 785 dederunt
1206 724 1424 796 quando
1473 723 1541 778 de
1588 722 1758 775 latere
1801 734 1950 773 mor-

378 832 454 885 tui
475 826 735 883 vivaeiter
759 821 1109 883 efﬂuxerunt,
1155 815 1299 887 quod
1334 822 1454 869 erat
1480 821 1669 868 contra
1704 817 1952 865 naturam

380 920 647 990 corporis;
696 922 858 983 atque
894 911 963 966 ob
989 909 1042 963 id
1071 905 1348 979 mysteriis
1390 912 1575 973 aptum
1615 910 1671 956 et
1711 899 1955 954 testimo-

378 1017 467 1067 nio
523 1006 772 1064 veritatis
820 1002 920 1057 fuit
969 1013 1301 1070 congruum,
1354 993 1604 1049 videlicet
1652 990 1956 1045 insinuatur

374 1105 500 1173 quia
529 1110 583 1156 et
611 1100 783 1171 ipsum
823 1092 1037 1149 Domini
1086 1103 1282 1158 corpus
1326 1085 1518 1140 melius
1556 1091 1676 1153 post
1725 1087 1956 1135 mortem

375 1172 522 1250 esset
554 1191 824 1245 victurum
858 1181 1239 1239 resuscitatum
1272 1176 1325 1229 in
1351 1174 1545 1245 gloria,
1583 1181 1639 1225 et
1665 1172 1779 1240 ipsa
1810 1182 1956 1222 mors

377 1284 519 1339 illius
541 1279 697 1335 nobis
716 1276 886 1331 vitam
910 1272 1155 1327 donaret.
1202 1266 1315 1320 Hoc
1353 1278 1567 1333 quoque
1611 1260 1754 1329 quod
1791 1256 1957 1311 sudor

375 1374 495 1444 ejus
541 1371 712 1424 instar
756 1372 1031 1435 guttarum
1082 1355 1361 1426 sanguinis
1410 1348 1731 1406 decurrebat
1758 1347 1811 1401 in
1848 1353 1958 1399 ter-

379 1443 494 1519 ram
543 1456 908 1516 testimoniqu
952 1447 1267 1522 perhibebat
1321 1443 1397 1498 illi
1444 1445 1791 1497 sacrosancto
1842 1450 1958 1506 my-

377 1556 565 1618 sterio,
614 1550 759 1621 quod
800 1542 1099 1602 Ecclesiam
1145 1547 1314 1595 totum
1345 1551 1441 1605 per
1471 1534 1657 1589 orbem
1698 1543 1797 1586 suo
1827 1542 1954 1583 san-

377 1645 537 1713 guine
564 1642 791 1696 lavaret.

454 1730 861 1787 Ethitresunum
898 1733 1041 1780 sunt.
1088 1717 1366 1775 individua
1404 1728 1637 1783 namque
1677 1711 1793 1765 haec
1836 1723 1955 1763 ma-

2051 532 2388 601 derelinquet
2416 544 2605 585 omnes
2646 533 2926 597 sperantes
2965 525 3019 579 in
3069 538 3127 579 se
3172 521 3330 578 Iesus
3371 520 3643 588 Christus,

2052 623 2312 682 Dominus
2341 628 2527 675 noster
2552 619 2646 689 qui
2680 632 2806 673 cum
2840 616 3002 671 Patre
3029 622 3082 670 et
3111 613 3316 683 Spiritu
3341 620 3531 668 sancto
3560 611 3646 666 vi-

2050 714 2129 768 vit
2155 721 2212 768 et
2238 718 2448 783 regnat,
2483 724 2581 780 per
2607 709 2789 764 omnia
2811 707 3007 763 saecula
3052 704 3395 761 saeculorum.
3444 704 3643 759 Amen.

2585 822 2861 879 HOMILIA
2919 819 3105 876 XVIII.

2594 911 2648 949 IN
2684 907 2863 948 EODEM
2912 906 3099 948 FES'I‘O.

2157 989 2344 1044 Lectio
2390 987 2564 1043 sancti
2607 984 2882 1056 Evangelii
2915 984 3209 1039 secundum
3250 983 3537 1039 Joannem.

2124 1082 2193 1137 In
2229 1080 2320 1135 illo
2357 1088 2585 1149 tempore
2612 1118 2627 1142 ,
2664 1092 2782 1130 cum
2815 1084 2945 1130 esset
2982 1091 3097 1130 sero
3132 1075 3217 1128 die
3252 1075 3345 1129 illo
3381 1092 3489 1129 una
3523 1071 3649 1128 sab-

2056 1173 2329 1234 batorum,
2369 1180 2417 1224 et
2450 1169 2588 1239 {ores
2625 1176 2790 1221 essent
2833 1166 3027 1219 clausae
3068 1165 3157 1218 ubi
3204 1176 3351 1219 erant
3401 1164 3649 1236 discipuli

2056 1261 2352 1332 congregati
2388 1268 2598 1329 propter
2632 1264 2827 1310 metunt
2863 1254 3196 1319 Juda'orum,
3237 1254 3370 1308 venit
3403 1252 3559 1307 Iesus
3597 1260 3649 1308 et

2056 1354 2193 1407 stetit
2233 1352 2287 1403 in
2324 1349 2492 1403 medio
2529 1362 2732 1411 eorum,
2773 1354 2879 1400 etc.

2128 1440 2265 1508 Quid
2303 1440 2501 1493 mirum
2536 1437 2583 1492 si
2614 1436 2812 1492 clausis
2833 1433 3015 1504 januis
3042 1443 3163 1506 post
3191 1435 3649 1491 resurrectionem

2059 1546 2210 1588 suam
2236 1532 2289 1585 in
2317 1538 2577 1584 aeternum
2597 1526 2710 1597 jam
2738 1527 2978 1582 victurus
3017 1527 3254 1592 intravit,
3292 1527 3384 1597 qui
3421 1526 3652 1582 moritu-

2059 1638 2151 1677 rus
2193 1621 2413 1677 veniens
2454 1635 2564 1674 non
2611 1628 2796 1688 aperto
2841 1627 2994 1673 utero
3038 1618 3264 1690 virginis
3299 1620 3508 1677 exivit?
3541 1617 3653 1673 Sed

2060 1714 2185 1783 quia
2211 1712 2340 1766 illud
2370 1725 2567 1780 corpus
2610 1709 2754 1779 quod
2801 1708 2970 1763 videri
3008 1716 3222 1779 poterat
3265 1707 3396 1763 ﬁdes
3426 1709 3654 1762 intuen-

377 1832 527 1889 neut,
570 1819 811 1889 nihilque
842 1828 1029 1871 eorum
1055 1828 1087 1866 a
1126 1825 1221 1866 sua
1259 1805 1595 1864 conuexione
1633 1799 1955 1870 seiungitur,
1987 1804 2034 1863 Β
2064 1803 2196 1858 tium
2222 1800 2522 1866 dubitabat,
2555 1800 2789 1855 ostendit
2824 1800 2905 1853 eis
2931 1800 3176 1868 protinus
3197 1814 3387 1854 manus
3408 1806 3463 1853 et
3484 1797 3649 1865 latus,

375 1919 504 1987 quia
530 1930 628 1969 nec
653 1912 769 1966 sine
789 1923 916 1963 vera
943 1904 1223 1961 divinitate
1246 1898 1571 1959 humanitas,
1601 1908 1702 1948 nec
1721 1893 1838 1948 sine
1861 1892 1958 1947 hu-

380 2009 641 2065 manitate
681 2001 954 2059 divinitas.
982 1996 1089 2052 Sed
1118 2003 1172 2049 et
1208 1994 1261 2048 in
1288 1990 1443 2046 nobis
1465 1990 1580 2043 hazc
1614 2000 1782 2040 unum
1807 1994 1953 2048 sunt,

383 2117 488 2154 non
513 2106 720 2152 naturae
744 2091 987 2161 ejusdem
1017 2084 1341 2148 substantia,
1373 2081 1467 2137 sed
1505 2078 1742 2150 ejusdem
1768 2090 1959 2146 opera-

383 2194 526 2246 tione
564 2183 828 2258 mystcrii.
877 2180 1034 2245 Nam,
1071 2178 1212 2231 sicut
1245 2175 1439 2228 beatus
1485 2168 1805 2224 Ambrosius
1848 2164 1954 2229 ait,

381 2256 880 2352 Spiritusmentem
906 2274 1150 2331 renovat,
1168 2279 1306 2334 aqua
1335 2259 1547 2331 prolicit
1568 2256 1637 2312 ad
1660 2256 1955 2317 lavacrum,

383 2348 603 2439 sanguis
640 2369 849 2435 spectat
873 2359 943 2414 ad
974 2355 1229 2429 pretium.
1266 2350 1501 2421 Spiritus
1526 2348 1669 2401 enim
1720 2358 1820 2399 nos
1863 2357 1961 2413 per

386 2435 732 2531 adoptionem
766 2453 907 2508 ﬁlios
951 2449 1046 2506 Dei
1077 2446 1207 2502 fecit
1230 2485 1245 2511 ,
1286 2442 1427 2498 sacri
1466 2439 1630 2495 fontis
1672 2435 1815 2491 unda
1862 2448 1960 2489 nos

382 2526 573 2616 abluit,
613 2546 834 2619 sanguis
864 2540 1075 2599 Domini
1102 2552 1201 2594 nos
1226 2532 1475 2590 redemit.
1506 2529 1752 2584 Alterum
1795 2526 1961 2595 igitur

387 2641 673 2705 invisibile,
696 2640 927 2694 alterum
966 2631 1180 2688 visibile
1224 2623 1593 2683 testimonium
1619 2627 1962 2677 sacramento

381 2732 730 2803 reuisequitur
772 2723 1002 2798 spiritali
1032 2741 1044 2776 :

455 2827 515 2881 Si
552 2820 905 2878 testimonium
948 2815 1217 2870 hominum
1258 2809 1573 2880 accepimus,
1610 2799 1962 2859 testimonium

386 2916 478 2970 Dei
504 2914 677 2984 majus
705 2919 803 2975 est,
825 2906 1074 2980 quoniam
1100 2904 1197 2957 hoc
1225 2910 1299 2955 est
1332 2896 1682 2954 testimonium
1703 2892 1800 2947 Dei
1824 2890 1963 2963 quod

387 3005 556 3075 majus
586 2981 690 3068 Vest,
721 3000 848 3071 quia
874 2994 1181 3065 testiﬁcatus
1209 2999 1284 3045 est
1308 2989 1372 3044 de
1408 2985 1547 3041 Filio
1568 3000 1685 3039 suo.
1714 2981 1965 3051 Magnum

385 3069 481 3148 estV
497 3069 859 3148 testimonium
889 3083 1125 3141 hominis
1151 3080 1294 3151 quod
1320 3077 1571 3150 perhibet
1594 3074 1660 3130 de
1681 3071 1818 3127 Filio
1845 3069 1961 3135 Dei,

384 3189 608 3240 dicens:
641 3180 788 3235 Dixit
823 3175 1081 3231 Dominus
1115 3171 1337 3226 Domino
1372 3182 1486 3221 meo
1509 3179 1529 3219 .'
1559 3162 1693 3221 Sede
1713 3180 1745 3216 a
1764 3160 1963 3215 dextris

385 3276 535 3330 meis.
581 3274 650 3328 Et
687 3286 753 3327 ex
795 3282 1027 3339 persona
1070 3264 1214 3319 illius
1260 3260 1380 3315 Filii
1409 3277 1420 3311 :
1448 3257 1703 3312 Dominus
1731 3253 1863 3308 dixit
1893 3251 1962 3305 ad

387 3382 509 3420 me:
534 3362 709 3417 Filius
756 3375 903 3413 meus
931 3374 985 3411 es
1022 3366 1098 3409 tu.
1130 3354 1373 3421 itemque
1407 3365 1475 3405 ex
1518 3361 1745 3419 persona
1791 3342 1968 3400 Patris

392 3454 662 3526 loquentis
706 3452 773 3508 de
817 3449 998 3505 Filio:
1029 3445 1150 3517 Ipse
1192 3440 1446 3498 invocabit
1486 3455 1586 3503 me,
1626 3435 1789 3490 Pater
1822 3450 1967 3489 mens

388 3568 440 3604 es
471 3560 549 3614 tu,
592 3545 730 3601 Deus
764 3559 931 3607 meus,
984 3549 1031 3594 et
1072 3545 1340 3607 susceptor
1388 3532 1575 3587 salutis
1619 3545 1766 3583 mete.
1810 3527 1970 3581 Pater

390 3656 563 3705 meus,
610 3638 738 3708 quia
782 3649 884 3705 ego
919 3630 1086 3687 Filius
1117 3628 1244 3693 Dei;
1296 3626 1442 3681 Deus
1487 3637 1660 3686 meus,
1707 3619 1835 3689 quia
1868 3631 1969 3689 ego

389 3736 580 3797 homo;
622 3734 903 3798 susceptor
943 3722 1135 3779 salutis
1190 3734 1345 3783 mete,
1398 3716 1523 3785 quia
1572 3727 1671 3785 ego
1707 3722 1968 3782 passurus

390 3834 444 3877 et
470 3839 499 3877 a
526 3830 701 3876 morte
741 3814 1030 3873 salvandus
1067 3826 1205 3867 sum.
1240 3809 1306 3862 Et
1339 3823 1452 3878 ego,
1485 3802 1680 3874 inquit,
1720 3800 1971 3871 primoge-

391 3918 556 3972 nitum
602 3925 793 3983 ponam
848 3905 1000 3960 illum
1048 3901 1310 3957 excelsum
1369 3913 1477 3967 pne
1530 3894 1735 3966 regibus
1793 3898 1966 3944 teme.

394 4008 644 4076 Magnum
674 4009 757 4055 est
787 4001 889 4053 boc
911 3993 1277 4050 testimonium
1314 4004 1499 4051 verax,
1527 3995 1581 4040 et
1606 3985 1751 4039 omni
1783 3997 1972 4051 accep-

392 4071 541 4152 tione
568 4094 788 4164 dignum
818 4089 923 4143 hoc
947 4094 1030 4140 est
1056 4080 1423 4138 testimonium
1455 4078 1520 4132 de
1547 4075 1686 4130 Filio
1714 4073 1846 4139 Dei;
1877 4071 1972 4126 sed

395 4186 565 4242 multo
595 4181 769 4254 magis
792 4186 876 4235 est
911 4173 1277 4231 testimonium
1315 4170 1434 4234 Dei,
1477 4168 1622 4238 quod
1654 4163 1973 4221 testiﬁcatus

394 4289 479 4337 cst
511 4279 626 4349 ipse
654 4275 721 4330 de
745 4272 882 4327 Filio
905 4284 1027 4333 suo,
1054 4280 1176 4321 cum
1223 4263 1289 4318 de
1333 4260 1472 4316 ccelo
1504 4258 1652 4313 illum
1694 4255 1972 4325 alloquens

395 4342 615 4424 aitz-Tu
653 4381 706 4419 es
753 4359 800 4415 F
803 4360 927 4414 ilius
972 4371 1118 4411 meus
1163 4352 1415 4415 dilectus,
1465 4349 1522 4402 in
1566 4356 1614 4400 te
1661 4342 1972 4415 complacuit

396 4459 545 4527 mihi.
589 4454 838 4525 Magnum
878 4458 963 4505 est
1010 4443 1377 4502 testimonium
1421 4436 1775 4510 prmcursoris
1828 4432 1972 4502 quod

2062 1894 2379 1964 palpandam
2409 1907 2627 1947 carnem
2668 1890 2898 1960 praebuit
2924 1905 3087 1960 quam
3124 1890 3321 1946 clausis
3345 1889 3528 1959 januis
3556 1890 3646 1943 in-

2064 1984 2323 2039 troduxit.
2370 1982 2519 2037 Clavi
2560 1983 2703 2037 enim
2748 1996 2938 2035 manus
2976 1979 3233 2045 ﬁxerant,
3276 1980 3462 2034 lancea
3507 1979 3653 2033 latus

2063 2082 2346 2144 aperuerat
2371 2091 2383 2126 :
2411 2073 2484 2127 ibi
2519 2073 2587 2127 ad
2622 2072 2978 2127 dubitantium
3010 2072 3173 2125 corda
3201 2069 3440 2126 sananda
3466 2070 3655 2125 vulne-

2065 2183 2183 2222 rum
2210 2176 2334 2222 sunt
2369 2173 2582 2220 servata
2622 2164 2865 2235 vestigia,
2897 2164 3022 2232 quia
3073 2163 3155 2217 in.
3177 2176 3235 2218 se
3278 2162 3385 2216 duo
3421 2161 3560 2216 mira
3597 2169 3658 2216 et

2058 2260 2212 2331 juxta
2244 2260 2532 2313 humanam
2565 2257 2827 2311 rationem
2855 2256 2956 2311 sibi
2984 2255 3138 2311 valde
3176 2253 3447 2310 contraria
3476 2261 3659 2307 osten-

2064 2350 2162 2414 dit,
2195 2349 2320 2403 dum
2346 2356 2466 2418 post
2489 2347 2942 2403 resurrectionem
2974 2360 3170 2415 corpus
3194 2359 3353 2400 suum
3387 2351 3442 2397 et
3473 2343 3659 2397 incor-

2065 2438 2316 2511 ruptibile
2342 2447 2397 2493 et
2424 2446 2601 2493 tamen
2642 2436 2910 2507 palpabile
2954 2434 3361 2491 demonstravit.
3416 2432 3550 2487 Nam
3595 2441 3654 2489 et

2065 2530 2336 2601 corrumpi
2366 2544 2589 2586 necesse
2621 2538 2704 2585 est
2736 2528 2878 2599 quod
2919 2527 3185 2598 palpatur,
3218 2535 3272 2581 et
3296 2525 3503 2595 palpari
3541 2539 3657 2579 non

2063 2632 2241 2695 potest
2261 2622 2402 2692 quod
2438 2636 2540 2675 non
2568 2620 2950 2689 corrumpitur.
3010 2617 3117 2673 Sed
3145 2617 3281 2672 miro
3309 2618 3465 2671 modo
3488 2625 3659 2686 atque

2066 2714 2422 2770 inmstimabili
2448 2711 2776 2782 Redemptor
2798 2720 2981 2766 noster
3006 2721 3057 2767 et
3086 2710 3492 2780 incorruptibile
3532 2716 3663 2779 post

2066 2802 2516 2859 resurrectionem
2539 2810 2593 2855 et
2616 2800 2880 2871 palpabile
2903 2814 3098 2870 corpus
3121 2799 3386 2864 exhibuit,
3414 2807 3472 2853 ut
3499 2814 3662 2853 mon-

2067 2895 2291 2950 strando
2338 2892 2744 2962 incorruptibile
2781 2891 3037 2946 invitaret
3073 2890 3140 2944 ad
3178 2890 3480 2960 praemium,
3516 2904 3665 2958 pne-

2064 2985 2242 3042 bendo
2279 2984 2544 3055 palpabile
2579 2982 2838 3039 formaret
2880 2982 2949 3036 ad
2990 2981 3170 3036 ﬁdem.
3217 2980 3283 3035 Et
3327 2980 3660 3049 incorrupti-

2066 3081 2226 3137 bilem
2250 3095 2311 3135 se
2329 3093 2457 3150 ergo
2482 3086 2533 3133 et
2563 3077 2884 3148 palpabilem
2911 3074 3301 3131 demonstravit
3325 3082 3384 3127 ut
3412 3075 3664 3144 profecto

1991 3186 2036 3250 ρ
2066 3185 2186 3225 esse
2227 3178 2349 3240 post
2387 3168 2841 3239 resurrectionem
2887 3166 3194 3220 ostenderet
3229 3178 3425 3233 corpus
3472 3178 3659 3227 suum,

2071 3269 2126 3315 et
2153 3258 2395 3328 ejusdem
2427 3266 2634 3312 naturae
2663 3264 2717 3311 et
2746 3254 2969 3309 alterius
2998 3253 3202 3324 gloriae.

2139 3349 2280 3404 Dicit
2313 3349 2389 3403 eis
2409 3362 2427 3399 :
2453 3344 2572 3402 Pax
2600 3346 2764 3400 vobis.
2804 3344 2999 3399 Pacem
3023 3341 3285 3398 oll‘erehat
3312 3342 3403 3413 qui
3434 3347 3667 3412 propter

2070 3457 2258 3517 pacem
2298 3440 2464 3505 venit,
2511 3448 2566 3495 et
2613 3437 2810 3509 quibus
2840 3444 2964 3492 ante
2998 3435 3170 3490 dixit:
3198 3432 3391 3488 Pacem
3422 3434 3663 3505 relinquo

2072 3536 2232 3598 vobis,
2260 3548 2438 3603 pacem
2466 3547 2635 3585 meam
2668 3530 2737 3583 do
2777 3529 2940 3593 vobis,
2971 3527 3129 3582 modo
3167 3526 3297 3583 dicit
3328 3523 3445 3580 Pas:
3477 3526 3620 3580 vobis
3642 3538 3666 3576 :

2072 3638 2232 3694 quam
2252 3636 2438 3693 pacem
2463 3621 2516 3675 in
2534 3627 2793 3675 nascente
2805 3618 3022 3674 Christo
3036 3615 3210 3688 angeli
3231 3616 3670 3688 praedicaverunt

2073 3713 2292 3767 mundo.

2143 3804 2212 3859 Et
2250 3804 2347 3857 hoc
2377 3819 2494 3857 cum
2527 3801 2778 3865 dixisset,
2819 3801 3041 3855 ostendit
3075 3803 3153 3856 eis
3189 3815 3377 3854 manus
3412 3808 3459 3852 et
3496 3797 3665 3853 latus.

2075 3895 2251 3951 Gavisi
2287 3902 2406 3948 sunt
2451 3910 2574 3963 ergo
2619 3890 2862 3963 discipuli
2891 3892 2999 3945 viso
3032 3890 3276 3945 Domino.
3321 3889 3517 3944 Parum
3558 3886 3670 3943 fuit

2074 3984 2244 4041 oculis
2270 3998 2329 4038 se
2353 3982 2636 4037 videndum
2666 3983 2906 4051 przebere
2924 4020 2940 4046 ,
2972 3980 3017 4035 si
3053 3994 3160 4035 non
3185 3979 3453 4050 praeberet
3490 3978 3667 4033 etiam

2074 4075 2324 4130 manibus
2345 4071 2807 4127 contrectandum.
2858 4068 2961 4137 Qui
2987 4069 3112 4124 dum
3139 4068 3406 4139 palpanda
3427 4067 3672 4137 discipu-

2074 4166 2141 4221 lis
2167 4180 2291 4221 ossa
2317 4177 2645 4233 carnemque
2668 4169 3065 4232 praemonstrat,
3088 4172 3274 4230 aperte
3294 4169 3493 4216 statum
3516 4174 3671 4215 verae

2074 4254 2490 4311 resurrectionis
2517 4268 2637 4321 quae
2663 4253 2718 4306 in
2744 4266 2804 4307 se
2829 4250 2992 4325 facta,
3021 4260 3075 4305 et
3103 4252 3157 4305 in
3186 4251 3344 4307 nobis
3368 4259 3452 4307 est
3479 4250 3673 4306 futura

2077 4344 2362 4417 signiﬁcat.
2406 4344 2543 4411 Quia
2575 4358 2683 4397 non
2719 4343 2859 4398 sicut
2885 4341 3182 4413 Eutychius
3208 4341 3668 4411 Constantinopo-

2077 4435 2257 4489 litanae
2286 4433 2435 4488 urbis
2456 4434 2738 4503 episcopus
2759 4432 2994 4504 scripsit,
3024 4441 3267 4487 nostrum
3294 4446 3492 4501 corpus
3512 4430 3672 4486 nulla

396 4522 493 4603 Dei
520 4544 656 4601 Filio
675 4522 987 4614 per-bibens,
1011 4538 1124 4592 ait:
1155 4532 1268 4607 Ego
1297 4529 1554 4604 baptizavi
1586 4543 1673 4582 vos
1701 4541 1860 4596 aqua,
1886 4522 1973 4576 ille
2000 4543 2053 4603 D
2078 4524 2491 4614 resurrectionis
2514 4523 2683 4594 gloria
2709 4524 2814 4577 erit
2837 4522 3195 4593 impalpabile,
3222 4522 3400 4576 ventis
3429 4534 3673 4589 aereque

397 4653 516 4693 vero
553 4632 836 4705 baptizabit
885 4647 972 4684 vos
1019 4627 1221 4698 Spiritu
1264 4634 1464 4680 sancto.
1515 4618 1687 4689 Maius
1711 4624 1794 4671 est
1825 4614 1976 4670 testi—

399 4726 640 4785 monium
664 4721 842 4778 Patris
882 4735 990 4790 quo
1017 4718 1274 4790 Spiritum
1314 4723 1559 4772 sanctum
1590 4712 1644 4766 in
1672 4724 1817 4775 eum,
1867 4722 1975 4778 quo

399 4832 615 4887 semper
635 4822 752 4870 erat
774 4811 968 4883 plenus
996 4811 1160 4866 etiam
1186 4808 1469 4863 visibiliter
1495 4804 1659 4860 misit.
1745 4870 1762 4882 .

471 4907 577 4974 Qui
610 4904 775 4960 credit
803 4905 858 4957 in
891 4900 1091 4955 Filium
1126 4898 1219 4953 Dei
1250 4896 1400 4951 habet
1426 4894 1774 4950 testimonium
1795 4891 1894 4946 Dei
1921 4892 1976 4945 in

402 5018 474 5056 se.
515 4999 618 5066 Qui
655 4997 730 5052 ita
757 4994 931 5051 credit
962 4992 1017 5047 in
1056 4988 1248 5044 Filium
1295 4988 1408 5051 Dei,
1456 4993 1516 5041 ut
1551 4992 1803 5040 exerceat
1849 4998 1979 5053 ope-

401 5090 572 5147 rando
619 5087 766 5158 quod
806 5083 996 5146 credit,
1043 5080 1206 5135 habet
1250 5076 1614 5132 testimonium
1656 5075 1748 5130 Dei
1804 5075 1858 5128 in
1901 5089 1977 5138 se,

402 5183 533 5240 illud
574 5180 782 5249 utique,
825 5176 953 5246 quia
994 5174 1109 5244 ipse
1154 5184 1369 5241 quoque
1406 5168 1459 5223 in
1506 5166 1737 5222 ﬁliorum
1764 5167 1858 5222 Dei
1886 5182 1984 5220 nu-

402 5291 555 5332 mero
576 5273 697 5345 jure
725 5276 1085 5339 computetur,
1112 5266 1229 5334 ipso
1256 5263 1417 5318 unico
1448 5261 1542 5317 Dei
1573 5260 1711 5316 Filio
1745 5261 1825 5315 sic
1869 5259 1983 5314 suis

404 5366 653 5422 ﬁdelibus
684 5360 967 5431 pollicente
999 5375 1011 5410 :
1044 5356 1103 5412 Si
1122 5355 1239 5426 quis
1263 5353 1388 5407 mihi
1412 5353 1799 5413 ministraverit,
1823 5351 1985 5403 hono-

406 5454 629 5523 riﬁcabit
642 5467 759 5506 eum
782 5447 939 5502 Pater
949 5463 1113 5500 meus.
1153 5444 1304 5511 Quod
1321 5443 1363 5497 si
1385 5442 1477 5498 Dei
1506 5441 1869 5497 testimonium
1890 5439 1983 5493 ha-

404 5545 536 5599 bere
568 5539 850 5605 merueris,
879 5538 927 5593 si
954 5537 1235 5592 Dominum
1264 5541 1455 5589 testem
1478 5540 1581 5586 tuae
1607 5530 1728 5586 ﬁdei
1761 5530 1988 5584 inteme-

410 5639 541 5685 rata:
565 5628 890 5699 possederis,
917 5625 1046 5696 quid
1074 5636 1123 5680 te
1146 5624 1420 5679 hominum
1450 5621 1688 5685 infamia,
1738 5629 1830 5675 aut
1863 5635 1988 5688 per-

411 5718 615 5775 eecutio
635 5717 792 5774 laedet
819 5737 831 5772 :
862 5716 923 5772 Si
954 5717 1095 5772 enim
1125 5715 1259 5768 Deus
1303 5729 1395 5782 pro
1440 5712 1604 5775 nobis,
1647 5714 1762 5781 quis
1801 5721 1982 5765 contra

932 5944 957 5958 ἥ

2081 4612 2361 4675 subtilius;
2395 4612 2450 4665 in
2481 4611 2571 4665 illa
2602 4611 2746 4666 enim
2779 4609 3190 4665 resurrectionis
3217 4609 3387 4681 gloria
3415 4609 3519 4664 erit
3545 4623 3675 4663 con-

2079 4720 2182 4777 pus
2210 4713 2455 4759 nostrum
2485 4703 2680 4758 subtile
2716 4703 2933 4772 quidem
2980 4718 3080 4773 per
3119 4701 3370 4757 eﬁ‘ectum
3408 4698 3677 4770 spiritalis

2082 4795 2355 4866 potentiae,
2377 4794 2471 4849 sed
2495 4793 2758 4864 palpabile
2786 4809 2881 4863 per
2902 4794 3184 4848 veritatem
3214 4801 3442 4848 naturae.
3478 4791 3676 4862 Neque

2086 4886 2212 4940 huic
2259 4884 2544 4939 assertioni
2582 4891 2801 4952 putetur
2846 4882 3070 4952 apostoli
3113 4896 3294 4937 sermo
3343 4894 3672 4952 repugnare,

2087 4975 2213 5045 quia
2235 4991 2357 5029 caro
2383 4984 2431 5028 et
2455 4975 2668 5043 sanguis
2692 4990 2906 5043 regnum
2923 4972 3022 5027 Dei
3045 4989 3147 5027 non
3169 4970 3534 5042 possidebunt;
3563 4971 3679 5028 hoc

2082 5068 2228 5122 enim
2255 5066 2371 5121 loco
2400 5065 2690 5136 Apostolus
2713 5064 2892 5119 carnis
2924 5072 2980 5119 et
3007 5062 3287 5133 sanguinis
3312 5062 3531 5116 nomine
3558 5076 3677 5116 non

2083 5158 2435 5214 substantiam
2473 5156 2583 5210 veri
2612 5155 2873 5226 corporis,
2901 5155 2996 5210 sed
3034 5154 3437 5224 corruptionem
3466 5158 3680 5206 morta-

2082 5250 2249 5305 litatis
2295 5248 2594 5320 signiﬁcat,
2647 5247 2787 5303 sicut
2830 5247 2944 5317 ipse
2983 5227 3376 5315 consequenter
3422 5243 3683 5312 exposuit

2087 5342 2273 5397 dicens
2311 5360 2324 5395 :
2367 5340 2550 5410 Neque
2594 5339 2853 5404 corruptio
2905 5336 3313 5407 incorruptelam
3363 5334 3674 5405 possidebit.

2087 5431 2257 5485 Aliter
2282 5445 2513 5499 namque
2553 5430 2607 5483 in
2639 5429 2920 5498 Scriptura
2965 5444 3121 5484 sacra
3164 5445 3293 5485 caro
3322 5427 3479 5497 juxta
3514 5434 3682 5481 natu-

2089 5538 2229 5587 ram,
2265 5522 2420 5576 aliter
2447 5521 2601 5590 juxta
2639 5521 2871 5590 culpam,
2908 5519 3236 5589 aliterjuxta
3266 5521 3681 5591 corruptionem

2089 5612 2452 5677 mortalitatis,
2480 5628 2598 5680 qua:
2625 5626 2690 5664 ex
2718 5611 2871 5680 culpa
2893 5612 3135 5680 contigit,
3158 5611 3470 5682 appellatur.
3505 5609 3681 5665 Juxta

2089 5714 2336 5761 naturam
2373 5705 2589 5774 quidem
2628 5717 2749 5757 cum
2789 5700 2993 5756 dictum
3028 5710 3147 5757 est:
3178 5701 3293 5756 Hoc
3332 5716 3468 5755 nunc
3504 5715 3562 5753 os
3611 5714 3683 5755 ex
