4040 6188
361 385 457 441 {TI

1447 387 1749 445 nonnum
1787 387 1855 442 IN
1894 341 2153 441 avaro.
2195 384 2282 439 ΕΤ
2322 384 2541 440 EPIST.

3527 392 3630 445 178‘

357 497 559 555 ossibus
604 498 734 552 meis
769 507 819 553 et
864 515 988 555 caro
1017 498 1082 556 de
1105 515 1263 555 carne
1295 516 1446 566 mea;
1482 511 1528 555 et
1564 498 1788 553 Verbum
1817 514 1939 553 caro
1966 501 2014 559 Α
2043 502 2383 565 peccatorum
2407 495 2723 551 remissione
2750 512 2812 551 ac
2832 496 3142 554 dctentione
3163 497 3410 570 subjecit.
3440 499 3628 556 Scien-

352 589 557 659 factum
592 601 667 643 est
701 598 750 644 et
787 590 1042 646 habitabit
1076 591 1131 647 iu
1166 591 1332 645 nobis.
1371 589 1773 661 Juxtaculpam
1804 605 1935 645 vero

353 695 480 735 cum
513 679 713 734 dicitur
741 698 755 733 :
782 676 923 734 Caro
961 681 1274 748 concupiscit
1318 681 1565 737 adversus
1610 682 1850 752 spiritum
1885 688 1933 734 et

351 768 567 838 spiritus
588 769 835 822 adversus
865 785 1094 823 carnem.
1129 767 1287 823 Juxta
1311 769 1812 839 corruptibilitatem
1840 784 1936 823 au-

354 868 487 925 tem,
516 874 638 914 cum
668 858 931 928 scriptum
960 868 1041 914 est
1067 878 1080 913 :
1110 856 1180 912 Et
1211 861 1483 914 memorati
1506 870 1626 914 sunt
1655 861 1779 930 quia
1809 876 1932 914 caro

348 958 495 1015 sunt,
522 949 576 1004 id
595 956 700 1015 est,
729 948 948 1019 fragiles
972 955 1028 1004 et
1053 948 1375 1004 moribundi.
1433 947 1547 1003 Hoc
1564 949 1707 1003 enim
1731 964 1790 1004 se
1811 964 1932 1004 car-

347 1040 439 1095 nis
492 1040 714 1096 nomine
752 1040 1066 1111 designasse
1106 1039 1417 1096 manifestat
1460 1041 1574 1108 ipse
1611 1039 1930 1110 Psalmista,

348 1135 447 1206 qui
489 1135 736 1207 protinus
770 1137 960 1193 addit:
991 1134 1216 1207 Spiritus
1258 1136 1447 1191 vadens
1480 1145 1528 1191 et
1568 1154 1669 1192 non
1707 1137 1928 1192 rediens.

345 1225 599 1299 Regnum
633 1229 813 1299 itaque
857 1229 1069 1285 Domini
1115 1244 1240 1284 caro
1276 1245 1383 1284 non
1426 1229 1739 1299 possidebit,
1769 1230 1822 1286 id
1849 1237 1933 1284 est

345 1331 481 1374 caro
506 1316 661 1388 juxta
702 1318 915 1389 culpam
950 1318 1034 1373 vel
1072 1318 1489 1385 mortalitatem;
1516 1326 1572 1374 et
1599 1326 1773 1374 tamen
1804 1335 1932 1376 caro

341 1411 647 1481 possidebit
671 1426 897 1483 regnum
924 1411 1157 1478 Domini,
1190 1412 1241 1467 id
1279 1420 1382 1477 est,
1417 1425 1546 1466 caro
1580 1408 1735 1479 juxta
1773 1420 1933 1465 natu-

342 1512 466 1553 ram
486 1514 647 1569 quam
670 1508 726 1555 et
746 1499 1007 1555 Dominus
1026 1509 1149 1569 post
1173 1501 1623 1556 resurrectionem
1646 1502 1930 1557 videndam

339 1588 774 1660 palpandamque
800 1589 1076 1661 discipulis
1108 1590 1367 1645 exhibuit.
1400 1590 1467 1644 Et
1498 1592 1564 1646 de
1595 1606 1702 1660 qua
1739 1590 1930 1646 beatus

341 1676 445 1734 Job
467 1694 595 1735 cum
622 1679 846 1750 gloriam
875 1680 1291 1736 resurrectionis
1330 1680 1674 1747 describeret,
1713 1681 1826 1735 ait:
1859 1679 1929 1735 Et

342 1784 556 1821 rursum
578 1768 943 1822 circumdabor
964 1767 1096 1839 pelle
1120 1787 1255 1836 mea,
1281 1779 1327 1822 et
1355 1771 1409 1823 in
1436 1786 1591 1823 carae
1614 1787 1728 1825 mea
1751 1770 1926 1825 videbo

2035 585 2161 639 dum
2191 601 2318 640 vero
2346 594 2429 642 est
2456 586 2594 656 quod
2624 587 2679 641 bi
2701 589 2790 658 qui
2820 589 3053 658 primum
3084 588 3343 660 Spiritum
3373 602 3624 647 sanctum

2034 675 2336 732 habuerunt
2371 685 2431 731 ut
2465 684 2520 731 et
2554 678 2653 748 ipsi
2689 678 3002 734 innocenter
3033 680 3278 736 viverent
3306 691 3362 737 et
3395 683 3450 737 in
3480 698 3623 753 pra:-

2032 764 2303 821 dicatione
2332 766 2649 836 quibusdam
2684 769 3020 839 prodessent,
3073 771 3278 827 idcirco
3319 773 3465 828 hunc
3502 780 3625 844 post

2033 857 2482 912 resurrectionem
2514 856 2724 913 Domini
2764 867 3010 928 patenter
3050 871 3395 932 acceperunt,
3426 871 3620 919 utnon

2032 949 2355 1019 prodessent
2381 951 2590 1020 paucis,
2622 950 2716 1007 sed
2746 951 2990 1021 pluribus
3023 952 3367 1023 profuissent.

2107 1043 2330 1098 Thomas
2356 1053 2529 1098 autem
2558 1062 2693 1099 unus
2721 1045 2784 1099 de
2804 1044 3096 1110 duodecim,
3122 1049 3210 1117 qui
3241 1047 3433 1102 dicitur
3451 1047 3622 1120 Didy-

2034 1152 2174 1201 mus,
2206 1153 2309 1190 non
2332 1145 2445 1190 erat
2476 1153 2593 1190 cum
2621 1138 2695 1191 eis
2725 1138 2934 1208 quando
2963 1138 3095 1193 venit
3119 1138 3296 1195 Iesus.
3341 1141 3449 1196 Iste
3479 1156 3621 1196 unus

2032 1225 2328 1296 discipulus
2353 1225 2540 1282 defuit.
2583 1225 2852 1283 Reversus
2880 1229 3024 1299 quod
3051 1239 3261 1301 gestum
3287 1240 3369 1286 est
3393 1232 3618 1296 audivit,

2031 1318 2212 1373 audita
2242 1317 2461 1374 credere
2486 1320 2683 1375 renuit.
2735 1320 2895 1376 Venit
2922 1322 3117 1377 iterum
3146 1322 3405 1378 Dominus
3424 1330 3477 1378 et
3505 1338 3616 1377 non
3684 1326 3687 1327 ⁷

2032 1410 2270 1465 credenti
2307 1410 2568 1480 discipulo
2614 1411 2753 1467 latus
2789 1411 3112 1483 palpandum
3144 1413 3394 1484 prmbuit,
3424 1428 3618 1468 manus

2030 1503 2285 1570 ostendit,
2319 1510 2374 1559 et
2401 1513 2618 1561 ostensa
2642 1506 2926 1561 vulnerum
2958 1522 3177 1561 suorum
3218 1507 3491 1571 cicatrice,
3530 1508 3615 1562 in—

2031 1592 2302 1650 fidelitatis
2329 1594 2472 1651 illius
2512 1595 2707 1651 vulnus
2753 1598 2984 1652 sanavit.
3037 1597 3194 1665 Quid,
3248 1598 3445 1653 fratres
3489 1598 3617 1654 eba-

2030 1684 2251 1749 rissimi,
2294 1685 2424 1755 quid
2469 1686 2610 1740 inter
2657 1687 2772 1741 haec
2825 1689 3324 1745 animadvertistis?
3372 1691 3616 1760 nunquid

2030 1793 2159 1833 casu
2202 1783 2415 1851 gestum
2450 1780 2674 1836 creditis
2713 1789 2773 1836 ut
2810 1781 3013 1837 electus
3053 1783 3140 1837 ille
3166 1783 3458 1853 discipulus
3487 1790 3617 1836 tunc

341 1852 652 1910 Dominum.
692 1855 829 1927 Lege
862 1856 1141 1926 epistolam
1184 1857 1355 1913 sancti
1382 1858 1665 1928 Augustini
1705 1859 1772 1913 ad
1804 1858 1922 1914 Cre-

2033 1870 2281 1926 deesset?
2335 1870 2459 1927 Post
2486 1874 2602 1928 bzec
2625 1874 2846 1929 veniens
2872 1875 3097 1938 audiret,
3144 1875 3368 1929 audiens
3404 1875 3614 1930 dubita-

340 1943 609 1997 scentium
637 1945 703 1998 de
726 1961 953 2015 corpore
978 1945 1188 2000 Domini
1224 1956 1346 2017 post
1382 1949 1853 2004 resurrectionem.

415 2034 554 2088 Dicit
580 2050 710 2106 ergo
730 2036 809 2090 eis
838 2036 1029 2090 iterum
1062 2035 1177 2091 Pax
1205 2038 1366 2092 vob’s.
1418 2038 1637 2094 lteratio
1664 2040 1929 2095 sermonis

338 2126 686 2182 confirmatio
714 2137 816 2182 est.
855 2128 1005 2195 Quod
1033 2138 1211 2183 autem
1242 2130 1375 2184 dicit
1403 2132 1662 2196 secundo,
1692 2128 1810 2184 Pax
1843 2147 1928 2185 vo-

337 2216 441 2282 bis,
470 2218 707 2273 ostendit
724 2219 1005 2288 pacificata
1025 2236 1143 2275 esse
1163 2236 1283 2290 qua:
1306 2222 1360 2276 in
1381 2222 1534 2278 oculis
1556 2231 1704 2289 sunt,
1731 2232 1785 2278 et
1808 2239 1928 2295 qua:

337 2305 393 2361 in
427 2307 590 2362 terris
614 2323 708 2376 per
730 2310 1041 2379 sanguinem
1063 2326 1239 2365 suum.

412 2394 562 2451 Sicut
588 2397 725 2450 misit
753 2414 833 2451 me
858 2395 1038 2464 Pater,
1059 2409 1105 2452 et
1126 2416 1217 2468 ego
1238 2402 1381 2454 mitto
1402 2418 1509 2456 vos.
1551 2401 1710 2456 Pater
1732 2402 1925 2458 Filium

336 2486 506 2548 misit,
541 2488 631 2556 qui
662 2487 806 2541 hunc
836 2504 935 2558 pro
962 2489 1329 2559 redemptione
1354 2493 1569 2563 generis
1598 2493 1816 2547 humani
1845 2495 1927 2549 in-

338 2578 552 2634 carnari
593 2579 900 2645 constituit;
934 2595 1091 2650 quem
1126 2581 1375 2637 videlicet
1412 2583 1467 2637 in
1503 2584 1705 2639 mundo
1740 2586 1924 2640 venire

337 2669 405 2723 ad
431 2670 739 2737 passioacm
770 2669 939 2723 voluit
957 2710 971 2735 ,
1002 2671 1094 2725 sed
1123 2679 1297 2727 tamen
1323 2673 1519 2727 amavit
1544 2673 1737 2729 Filium
1760 2691 1923 2745 quem

337 2759 405 2813 ad
430 2760 737 2829 passionem
774 2761 938 2816 misit.
976 2760 1189 2818 Eiectos
1216 2779 1344 2819 vero
1368 2765 1635 2834 apostolos
1664 2766 1924 2823 Dominus

335 2863 444 2903 non
479 2850 550 2905 ad
576 2851 765 2905 mundi
793 2851 1009 2922 gaudia,
1041 2852 1134 2907 sed
1165 2853 1306 2908 sicut
1345 2853 1461 2924 ipse
1491 2856 1686 2910 missus
1726 2865 1810 2912 est
1853 2858 1923 2913 ad

337 2937 617 3007 passiones
651 2939 708 2994 in
745 2939 1002 2995 mundum
1035 2940 1218 2997 mittit.
1259 2942 1394 3011 Quia
1424 2959 1553 3017 ergo
1581 2945 1750 3002 Filius
1770 2961 1922 3002 ama-

339 3037 430 3082 tur
450 3047 480 3083 a
506 3029 693 3096 Patre,
726 3041 781 3087 et
812 3040 991 3088 tamen
1029 3034 1096 3088 ad
1132 3035 1438 3105 passionem
1478 3036 1731 3102 mittitur,
1765 3046 1820 3094 et
1843 3038 1919 3093 ita

339 3118 585 3188 discipuli
628 3130 878 3176 amantur
916 3138 945 3177 a
983 3123 1227 3191 Domino,
1257 3125 1349 3195 qui
1382 3133 1565 3181 tamen
1603 3128 1672 3182 ad
1704 3129 1914 3197 passio-

2031 1968 2134 2027 ret,
2168 1961 2417 2016 dubitans
2440 1962 2706 2032 palparet,
2738 1979 2844 2016 non
2870 1963 2974 2017 hoc
2999 1978 3127 2018 casu
3157 1965 3253 2018 sed
3295 1964 3476 2018 divina
3506 1964 3615 2017 dis-

2029 2051 2344 2120 pensatione
2383 2059 2590 2122 gcstum
2613 2061 2715 2107 est.
2749 2053 2870 2124 Egit
2903 2068 3136 2123 namque
3165 2053 3304 2109 miro
3334 2053 3492 2108 modo
3516 2068 3610 2107 su-

2027 2156 2195 2211 perna
2221 2141 2505 2197 clementia
2539 2151 2597 2197 ut
2625 2143 2919 2213 discipulus
2954 2143 3204 2199 dubitans
3239 2144 3366 2199 dum
3398 2143 3452 2198 in
3492 2160 3610 2199 ma-

2028 2230 2196 2302 gistro
2234 2247 2333 2286 suo
2354 2231 2574 2289 vulnera
2604 2232 2846 2304 palparct
2875 2235 3073 2301 carnis,
3115 2235 3169 2289 in
3206 2234 3361 2291 nobis
3388 2233 3611 2289 vulnera

2027 2333 2246 2377 sanaret
2276 2323 2625 2380 infidelitatis.
2672 2325 2798 2381 Plus
2822 2326 2965 2382 enim
2996 2327 3152 2382 nobis
3181 2326 3400 2382 Thomze
3426 2326 3613 2381 infide-

2027 2411 2151 2469 litas
2177 2415 2243 2468 ad
2272 2413 2449 2482 fidem,
2478 2432 2638 2486 quam
2669 2417 2802 2473 fides
2839 2420 3174 2474 credentium
3222 2419 3608 2490 discipulorum

2026 2499 2146 2567 fuit,
2179 2505 2304 2573 quia
2336 2506 2460 2559 dum
2488 2505 2574 2560 ille
2602 2509 2668 2562 ad
2700 2507 2857 2563 fidem
2883 2510 3149 2580 palpando
3177 2511 3472 2577 reducitur,
3503 2527 3606 2567 no-

2025 2600 2137 2647 stra
2153 2608 2302 2648 mens
2318 2596 2463 2651 omni
2480 2597 2811 2655 dubitatione
2824 2602 3117 2671 postposita
3131 2602 3183 2655 in
3207 2601 3309 2657 fide
3325 2601 3605 2657 solidatur.

2096 2681 2355 2739 Dixerunt
2379 2702 2500 2756 ergo
2529 2688 2577 2741 ei
2601 2686 2697 2741 alii
2721 2689 3005 2759 discipuli:
3042 2687 3274 2745 Vidimus
3305 2690 3606 2747 Dominum.

2025 2771 2126 2827 Ille
2159 2782 2332 2828 autem
2353 2774 2485 2830 dixit
2508 2776 2581 2831 eis
2605 2796 2623 2832 :
2646 2777 2767 2833 Nisi
2793 2779 2966 2834 videro
2994 2780 3048 2834 in
3071 2781 3310 2835 manibus
3332 2781 3446 2852 ejus
3470 2780 3611 2852 ﬁxu-

2023 2879 2137 2918 ram
2168 2863 2454 2931 clavorum,
2482 2876 2532 2920 et
2558 2868 2759 2921 mittam
2785 2868 3003 2940 digitum
3023 2886 3191 2925 meum
3220 2870 3275 2925 in
3302 2870 3473 2925 locum
3501 2869 3613 2925 cla-

2021 2971 2224 3022 vorum,
2254 2967 2304 3011 et
2339 2958 2545 3012 mittam
2580 2975 2793 3013 manum
2834 2977 3003 3015 meam
3042 2962 3098 3017 in
3148 2960 3289 3017 latus
3329 2961 3465 3032 ejus,
3505 2979 3608 3016 non

2021 3046 2250 3101 credam.
2302 3047 2454 3115 Quod
2501 3057 2684 3105 autem
2732 3050 2864 3107 dicit
2895 3050 3132 3108 Joannes
3180 3068 3287 3107 non
3324 3068 3447 3108 cum
3502 3052 3612 3109 illis

2023 3134 2191 3193 fuisse
2218 3145 2348 3194 tunc
2371 3139 2670 3209 apostolum
2700 3140 2986 3209 Thomam,
3020 3158 3141 3198 cum
3180 3143 3475 3198 secundum
3505 3141 3611 3199 Lu-

338 3224 460 3263 nem
506 3211 797 3306 mittuntur
845 3214 899 3268 in
944 3216 1218 3271 mundum.
1273 3217 1459 3288 Itaque
1503 3217 1700 3275 dicitur
1728 3234 1742 3274 :
1770 3220 1920 3275 Sicut
1947 3197 1992 3259 C
2023 3241 2141 3283 eam
2169 3228 2275 3284 duo
2306 3197 2658 3300 illi,.quorum
2696 3242 2813 3287 erat
2854 3197 2993 3289 unus
3037 3232 3321 3302 Cleophas,
3370 3235 3608 3306 regressi

338 3302 477 3355 misit
504 3318 587 3356 me
606 3299 787 3369 Pater,
820 3314 867 3358 et
891 3322 983 3376 ego
1008 3306 1152 3362 mitto
1182 3324 1288 3375 vos,
1332 3309 1385 3364 id
1424 3318 1509 3365 est
1547 3324 1612 3366 ea
1656 3310 1923 3369 charitate

335 3401 435 3445 vos
469 3389 654 3461 diligo,
682 3407 805 3446 cum
842 3393 985 3449 inter
1023 3397 1273 3452 scandala
1302 3407 1709 3468 persecutorum
1745 3401 1920 3467 mitto,

334 3494 445 3550 qua
470 3495 557 3536 me
585 3482 851 3538 charitate
879 3484 1038 3541 Pater
1066 3486 1258 3559 diligit,
1283 3503 1443 3558 quem
1470 3490 1655 3546 venire
1686 3491 1755 3546 ad
1785 3490 1920 3548 tole-

336 3570 535 3624 randas
560 3572 841 3639 passiones
866 3571 1010 3629 fecit.

408 3657 528 3713 Hoc
552 3677 672 3715 cum
706 3663 943 3731 dixisset,
982 3666 1281 3738 insufflauit,
1319 3678 1369 3725 et
1399 3670 1526 3726 dicit
1557 3672 1632 3729 eis
1656 3674 1923 3746 :Aecipite

343 3746 594 3819 Spiritum
632 3761 891 3806 sanctum.
942 3753 1297 3821 Quaerendum
1343 3761 1498 3816 nobis
1536 3770 1620 3818 est
1669 3764 1799 3834 quid
1837 3773 1922 3820 est

334 3837 477 3905 quod
526 3838 789 3909 Spiritum
827 3851 1071 3898 sanctum
1113 3845 1371 3905 Dominus
1417 3859 1620 3917 noster,
1660 3861 1718 3907 et
1752 3854 1921 3911 semel

336 3927 485 3981 dedit
525 3928 581 3981 in
618 3938 762 3984 terra
805 3932 1121 3999 consistens,
1153 3943 1208 3990 et
1231 3938 1392 3994 semel
1431 3940 1569 3995 casio
1603 3943 1915 4012 praesidens.

336 4016 522 4088 Neque
548 4020 694 4074 enim
726 4020 832 4075 alio
858 4020 909 4075 in
933 4022 1051 4077 loco
1069 4025 1301 4094 Spiritus
1322 4036 1541 4085 sanctus
1569 4040 1754 4102 aperte
1772 4046 1921 4087 mon-

338 4118 558 4174 stratur,
591 4110 697 4163 nisi
724 4127 867 4165 nunc
896 4127 1018 4167 cum
1042 4129 1140 4184 per
1166 4116 1576 4177 insufflationem
1601 4123 1915 4195 percipitur,

336 4208 390 4253 et
414 4201 760 4269 postmodum
786 4215 910 4255 cum
938 4204 1005 4258 de
1034 4205 1171 4259 caelo
1209 4208 1427 4264 veniens
1448 4211 1502 4265 in
1528 4210 1724 4282 linguis
1751 4213 1919 4270 variis

338 4289 756 4346 demonstratur.
795 4293 906 4349 Cur
924 4309 1051 4364 ergo
1078 4296 1226 4365 prius
1252 4298 1307 4353 in
1336 4307 1479 4353 terra
1505 4301 1781 4372 discipulis
1817 4306 1915 4359 da-

339 4390 441 4449 tur,
469 4383 814 4452 postmodum
837 4385 903 4440 de
923 4385 1061 4440 ccelo
1085 4388 1335 4454 mittitur,
1366 4388 1468 4444 nisi
1495 4393 1639 4460 quod
1667 4395 1773 4448 duo
1793 4404 1918 4450 sunt

336 4484 604 4546 praecepta
627 4476 930 4542 cbaritatis,
954 4477 1167 4534 dilectio
1189 4480 1433 4536 videlicet
1452 4482 1547 4537 Dei
1569 4490 1624 4536 et
1642 4485 1872 4553 proximi
1898 4506 1911 4541 :

337 4565 392 4620 in
435 4574 581 4619 terra
631 4566 791 4621 datur
840 4566 1075 4637 Spiritus
1130 4578 1190 4624 ut
1232 4570 1488 4643 diligatur
1538 4576 1834 4643 proximus,
1882 4595 1913 4634 e

337 4657 475 4711 uelo
513 4658 677 4710 datur
728 4658 947 4728 Spiritus
990 4666 1047 4715 ut
1085 4661 1338 4733 diligatur
1381 4663 1540 4720 Deus.
1597 4667 1747 4722 Sicut
1786 4685 1913 4741 ergo

336 4763 437 4802 una
480 4756 569 4803 est
601 4748 841 4805 cbaritas
883 4757 939 4806 et
987 4753 1093 4807 duo
1136 4765 1425 4825 praecepta,
1477 4758 1554 4812 ita
1598 4776 1740 4816 unus
1787 4761 1911 4833 Spi-

339 4840 472 4895 ritus
514 4849 569 4896 et
609 4841 718 4897 duo
761 4843 908 4898 data.
958 4840 1117 4901 Prius
1163 4862 1194 4901 a
1239 4848 1571 4906 consistente
1605 4852 1829 4907 Domino
1859 4855 1911 4909 in

339 4939 499 4994 terra,
536 4934 879 5003 postmodum
913 4949 944 4990 e
983 4936 1143 5002 caelo,
1188 4939 1313 5010 quia
1362 4939 1415 4994 in
1457 4942 1686 5011 proximi
1731 4958 1915 4998 amore

339 5024 566 5081 discitur
592 5025 831 5095 qualiter
855 5030 1139 5098 pervenire
1164 5029 1377 5086 debeat'
1402 5033 1469 5087 ad
1510 5049 1751 5089 amorem
1797 5036 1912 5091 Dei.

338 5116 665 5174 lnsufllando
692 5119 957 5191 significat
1004 5120 1265 5191 Spiritum
1308 5134 1551 5180 sanctum
1589 5141 1695 5181 non
1740 5126 1918 5182 Patris

340 5209 503 5265 solius
530 5225 656 5265 esse
685 5208 966 5280 Spiritum,
996 5213 1090 5267 sed
1117 5221 1173 5268 et
1199 5228 1376 5268 suum.

409 5299 647 5365 Quorum
675 5302 973 5356 remiseritis
991 5314 1223 5373 peccata,
1252 5304 1586 5360 remittuntur
1603 5307 1698 5372 eis,
1722 5317 1769 5362 et
1790 5326 1918 5379 quo-

341 5408 453 5446 rum
481 5394 818 5457 retinueritis,
844 5404 1037 5449 retenta
1066 5406 1207 5450 sunt.
1244 5397 1382 5452 Ecce
1406 5399 1641 5453 cbarilas
1670 5414 1788 5469 qua:
1817 5417 1918 5472 per

340 5480 599 5553 Spiritum
638 5494 885 5539 sanctum
932 5485 1245 5543 diffunditur
1291 5488 1347 5544 in
1393 5489 1644 5545 cordibus
1692 5492 1915 5559 nostris,

333 5574 659 5643 participum
703 5589 924 5630 suorum
965 5587 1186 5647 peccata
1222 5579 1471 5643 dimittit;
1514 5597 1700 5636 eorum
1735 5591 1914 5638 autem

337 5662 429 5730 qui
470 5679 578 5718 non
619 5673 746 5719 sunt
786 5664 901 5735 ejus
937 5668 1226 5738 participes
1271 5679 1430 5727 tenet.
1471 5672 1596 5727 ideo
1632 5682 1913 5743 postquam

341 5750 495 5820 dixit,
527 5755 758 5825 Accipite
793 5755 1046 5826 Spiritum
1093 5770 1347 5829 sanctum,
1403 5764 1502 5818 hoc
1548 5768 1801 5821 continuo
1848 5765 1914 5821 de

1940 4535 1993 4595 D

2019 3316 2317 3376 Jerusalem
2348 3321 2670 3377 invenerunt
2703 3334 3057 3395 congregatos
3095 3326 3368 3393 undecim,
3417 3336 3473 3383 et
3512 3342 3608 3383 eos

2021 3409 2113 3479 qui
2141 3425 2264 3466 cum
2295 3412 2426 3481 ipsis
2448 3423 2626 3479 erant,
2655 3415 2840 3484 procul
2871 3417 3033 3473 dubio
3076 3418 3478 3488 intelligendum
3520 3431 3608 3476 est

2021 3499 2163 3570 quod
2202 3500 2326 3556 inde
2366 3500 2601 3559 Thomas
2649 3504 2843 3560 exierit
2884 3514 3173 3577 antequam
3224 3508 3303 3563 eis
3349 3506 3610 3564 Dominus

2021 3589 2140 3647 hate
2166 3590 2510 3662 loquentibus
2536 3603 2840 3664 appareret.

2089 3694 2160 3750 Et
2187 3705 2301 3767 post
2325 3697 2434 3751 dies
2460 3707 2572 3753 octo
2597 3699 2785 3753 iterum
2816 3710 2962 3754 erant
2997 3699 3240 3771 discipuli
3274 3702 3389 3771 ejus
3435 3702 3600 3768 intus,

2019 3794 2067 3840 et
2096 3785 2321 3841 Thomas
2347 3803 2464 3840 cum
2489 3788 2582 3842 eis.
2622 3786 2768 3842 Venit
2792 3786 2948 3843 Iesus
2964 3789 3150 3859 januis
3172 3790 3385 3855 clausis,
3415 3800 3463 3845 et
3497 3803 3608 3846 ste-

2018 3876 2077 3930 tit
2102 3877 2156 3930 in
2185 3877 2354 3931 medio
2384 3894 2564 3932 eorum
2591 3887 2638 3933 et
2678 3876 2994 3935 dixit:Paa;
3032 3880 3194 3935 vobis.
3238 3880 3437 3936 Deinde
3476 3882 3604 3937 dicit

2022 3965 2234 4021 Thamar
2255 3983 2272 4021 :
2290 3966 2438 4036 Infer
2457 3967 2679 4038 digitum
2700 3976 2847 4022 tuum
2869 3969 2990 4033 huc,
3018 3980 3066 4024 et
3092 3961 3209 4024 vide
3228 3986 3417 4025 manus
3435 3986 3603 4033 meas,

2017 4065 2063 4110 et
2094 4056 2229 4127 a/fer
2253 4074 2468 4111 manum
2490 4067 2655 4125 tuam,
2679 4068 2725 4113 et
2753 4060 2894 4114 mitte
2915 4061 2969 4114 in
2990 4060 3130 4115 latus
3171 4077 3363 4125 meum,
3404 4070 3454 4115 et
3496 4062 3606 4116 noli

2018 4161 2127 4199 esse
2173 4145 2474 4200 incredulus
2514 4146 2604 4200 sed
2642 4147 2833 4215 ﬁdelis.
2894 4148 2985 4203 Sic
3035 4150 3233 4219 quippe
3285 4150 3604 4220 discipulum

2016 4241 2140 4305 post
2167 4235 2618 4291 resurrectionem
2643 4252 2794 4291 suam
2827 4236 3073 4292 dubitare
3101 4238 3366 4307 permisit,
3396 4253 3495 4292 nec
3523 4247 3605 4292 ta-

2019 4341 2142 4381 men
2175 4326 2228 4380 in
2256 4326 2590 4383 dubitatione
2618 4328 2873 4391 deseruit,
2913 4328 3054 4383 sicut
3090 4336 3214 4382 ante
3262 4328 3600 4382 nativitatem

2018 4431 2171 4471 suam
2209 4416 2409 4472 habere
2445 4417 2670 4472 Mariam
2708 4431 2962 4484 sponsum
2992 4414 3179 4479 voluit,
3208 4415 3298 4485 qui
3326 4423 3503 4471 tamen
3532 4417 3601 4471 ad

2018 4507 2134 4576 ejus
2159 4509 2374 4577 nuptias
2407 4524 2512 4563 non
2542 4507 2803 4577 pervenit.
2856 4505 2987 4560 Nam
3022 4506 3096 4560 ita
3128 4505 3303 4563 factus
3327 4517 3408 4563 est
3433 4508 3598 4563 disci-

2016 4601 2173 4672 pulus
2201 4601 2453 4657 dubitans
2477 4611 2532 4656 et
2562 4600 2784 4670 palpans
2814 4600 2965 4655 testis
2999 4615 3138 4655 vera:
3166 4600 3598 4666 resurrectionis,

2018 4693 2159 4748 sicut
2182 4706 2410 4760 sponsus
2437 4689 2536 4745 fuit
2565 4690 2755 4745 matris
2779 4698 2959 4746 custos
2989 4692 3346 4762 integerrima:
3372 4691 3601 4764 virgini-

2018 4780 2165 4836 tatis.
2214 4780 2331 4835 Non
2358 4781 2527 4835 solum
2558 4796 2748 4837 manus
2772 4790 2826 4837 et
2855 4784 3018 4853 pedes
3055 4784 3248 4851 quibus
3284 4784 3450 4838 indita
3481 4783 3597 4840 cla-

2018 4884 2209 4925 vorum
2236 4869 2479 4925 claruere
2503 4870 2749 4942 vestigia,
2779 4873 2872 4928 sed
2891 4882 3182 4929 attestante
3201 4872 3409 4932 Joanne
3430 4876 3598 4933 etiam

2018 4959 2158 5014 latus
2182 4959 2323 5030 quod
2359 4960 2540 5015 lancea
2584 4963 2913 5031 perforatum
2936 4962 3112 5020 fuerat
3133 4967 3387 5030 ostendit,
3426 4976 3485 5022 ut
3513 4968 3599 5023 vi-

2019 5049 2214 5105 delicet
2234 5058 2451 5105 ostensa
2476 5051 2756 5106 vulnerum
2785 5069 3003 5108 suorum
3033 5054 3286 5111 cicatrice
3307 5057 3599 5112 dubietatis

2020 5150 2180 5211 atque
2205 5143 2536 5199 infidelitatis
2555 5159 2738 5199 eorum
2761 5146 2953 5202 vulnus
2971 5158 3207 5204 sanaret.
3242 5150 3439 5205 Verum
3467 5166 3600 5219 quo-

2020 5232 2178 5287 modo
2204 5242 2329 5302 post
2353 5234 2800 5289 resurrectionem
2827 5235 3100 5292 clavorum
3144 5246 3199 5293 et
3234 5238 3435 5295 lancea:
3480 5239 3595 5294 loca

2021 5322 2305 5391 pandendo
2344 5322 2722 5393 discipulorum
2760 5326 3010 5397 dignatus
3037 5337 3119 5383 est
3156 5328 3314 5383 fidem
3342 5343 3599 5398 spemque

2024 5409 2297 5475 roborare,
2327 5411 2401 5465 ita
2426 5412 2479 5466 in
2509 5413 2593 5467 die
2612 5410 2800 5480 judicii
2828 5422 2883 5469 et
2902 5416 3090 5471 eadem
3121 5431 3245 5486 pass
3258 5417 3378 5470 onis
3392 5415 3598 5485 judicia

2015 5508 2069 5555 et
2096 5500 2264 5570 ipsam
2288 5502 2491 5570 pariter
2512 5519 2726 5559 crucem
2750 5508 3096 5563 monstrando
3115 5515 3371 5563 venturus
3390 5515 3474 5563 est
3491 5508 3599 5565 im-

2015 5587 2264 5656 pietatem
2281 5591 2633 5658 superborum
2646 5590 3118 5664 infldelitatemque
3130 5593 3474 5663 confundere,
3490 5596 3601 5655 sci-

2016 5675 2141 5731 licet
2158 5684 2215 5730 ut
2227 5676 2399 5747 ipsum
2413 5695 2472 5735 se
2483 5695 2625 5747 esse,
2640 5682 2730 5751 qui
2754 5682 2823 5736 ab
2845 5682 3027 5751 impiis
3048 5691 3102 5737 et
3125 5697 3224 5752 pro
3250 5683 3430 5755 impiis
3447 5701 3599 5743 mor-

2019 5774 2140 5823 tuus
2155 5770 2482 5835 cst,cunctis
2505 5771 2683 5841 palam
2710 5771 2911 5843 angelis
2922 5780 2977 5828 et
2989 5772 3296 5832 hominibus
3314 5777 3597 5845 ostendat,
