3946 6170
343 280 442 331 ΠΟ

973 274 1031 328 Β.
1075 272 1326 328 RABANI
1363 271 1580 327 MAURI
1619 270 1934 325 ARCHIEP.
1975 270 2279 328 MOGUNT.
2323 271 2606 328 OPEBUM
2640 271 2818 328 PARS
2852 271 2917 326 Il.

3490 278 3592 334 180

340 391 666 460 ritleantque,
694 397 754 442 ut
780 389 1035 457 scriptum
1063 394 1167 450 est,
1200 388 1255 440 in
1292 402 1442 454 quem
1487 395 1831 455 pupugerunt,
1861 394 1907 437 et
1935 389 1983 447 Λ
2012 382 2118 439 Nos
2139 384 2333 455 signati
2358 399 2563 449 sumus,
2591 384 2683 440 sed
2709 385 2753 438 si
2776 383 2934 439 fidem
2964 392 3204 440 nostram
3227 389 3480 455 operibus
3506 404 3592 444 se-

336 480 585 549 plangant
618 494 672 533 se
699 493 856 547 super
877 493 995 531 eum
1026 492 1201 530 omnes
1229 473 1392 527 tribus
1427 485 1598 528 teme.
1640 471 1783 529 Sane
1811 488 1910 527 no-

339 568 559 624 tandum
591 567 733 636 quod
760 566 931 622 solent
969 566 1021 620 in
1051 566 1154 620 hoc
1180 565 1298 620 loco
1333 564 1559 636 gentiles
1586 562 1909 618 calumniam

336 673 589 722 struere,
635 665 691 711 et
737 656 895 713 ﬁdem
939 664 1167 725 sperata:
1215 670 1247 709 a
1292 653 1448 709 nobis
1503 655 1911 710 resurrectionis

334 754 497 808 stulta
523 751 833 823 garrulitate
852 750 1116 806 deridere.
1151 749 1206 803 Si
1236 748 1378 804 enim
1408 750 1523 818 ipse
1546 749 1686 804 Deus
1709 756 1908 813 vester,

334 846 604 913 inquiunt,
634 859 733 899 nec
760 843 861 899 sibi
899 840 1099 899 inﬂicta
1135 857 1164 895 a
1203 840 1401 896 Judaais
1447 840 1669 895 vulnera
1715 853 1909 894 curare

330 935 630 1008 praevaluit,
670 936 767 991 sed
803 935 1116 991 cicatricum
1161 930 1385 1001 vestigia
1425 930 1564 985 coelo
1605 945 1809 993 secum,
1850 937 1909 983 ut

331 1027 511 1082 dicitis
533 1025 757 1089 invexit,
787 1039 893 1094 qua
924 1023 1228 1079 temeritate
1254 1020 1456 1091 putatis
1484 1035 1607 1076 eum
1638 1028 1815 1075 vestra
1841 1020 1907 1074 de

330 1118 550 1186 pulvere
589 1117 831 1173 membra
870 1115 940 1170 ad
976 1116 1243 1183 integrum
1288 1128 1407 1169 esse
1457 1119 1903 1167 restauraturum.

331 1207 536 1274 Quibus
581 1207 1027 1277 respondendum,
1066 1204 1193 1274 quia
1243 1203 1385 1259 Deus
1422 1211 1609 1259 noster
1631 1202 1722 1271 qui
1754 1218 1906 1257 suam

330 1311 587 1369 perpetua
605 1299 716 1368 jam
748 1295 1152 1353 immortalitate
1179 1294 1527 1363 gloriﬁcatam
1564 1292 1629 1347 de
1656 1292 1907 1362 sepulcro

330 1406 549 1447 (struem
575 1390 902 1446 resuscitare
943 1386 1157 1456 quando
1189 1385 1376 1449 voluit,
1417 1393 1471 1438 et
1508 1384 1776 1454 quomodo
1813 1398 1908 1437 vo-

330 1480 447 1543 luit,
464 1481 657 1551 potuit,
672 1482 834 1541 etiam
849 1478 1062 1549 qualem
1074 1476 1236 1531 voluit
1248 1474 1545 1553 suscitavit.
1563 1472 1746 1543 Neque
1760 1475 1903 1527 enim

327 1586 665 1640 consequens
690 1578 774 1625 est
798 1579 857 1624 ut
888 1569 981 1638 qui
1022 1567 1227 1636 majora
1273 1565 1467 1621 fecisse
1507 1565 1767 1635 probatur
1805 1564 1905 1618 mi-

325 1677 458 1717 nora
495 1660 671 1717 facere
695 1658 1014 1731 nequiverit,
1049 1657 1141 1714 sed
1169 1664 1316 1711 certe
1341 1655 1757 1725 dispensationis
1781 1670 1903 1726 gra-

2011 473 2264 542 quimnr;
2301 472 2392 528 ille
2430 474 2631 528 etenim
2680 488 2807 528 vere
2835 474 3047 538 credit,
3097 475 3186 543 qui
3218 486 3439 531 exercet
3462 494 3593 549 epe-

2010 563 2179 619 rando
2207 564 2351 634 quod
2392 565 2582 620 credit.
2633 563 2785 631 Quod
2817 572 2995 619 autem
3036 565 3147 629 ait,
3178 564 3329 620 Beati
3361 570 3448 637 qui
3484 586 3589 625 non

2008 653 2246 707 viderunt
2275 665 2321 708 et
2362 654 2715 720 crediderunt,
2765 654 3023 724 praeteriti
3066 656 3325 727 temporis
3353 674 3482 714 usus
3505 670 3591 716 est

2007 744 2194 807 verbo,
2221 751 2472 813 tanquam
2502 743 2589 799 ille
2610 742 2867 814 quiquod
2889 752 3008 798 erat
3028 743 3265 799 futurum
3291 746 3344 800 in
3375 764 3468 802 sua
3495 766 3592 803 no-

2007 840 2158 889 verat
2186 833 2653 903 pr:etlestinatione
2701 831 2812 904 jam
2868 833 3091 890 factum.
3144 835 3250 891 Sed
3296 838 3379 895 his
3406 842 3589 895 verbis

2006 924 2221 993 proprie
2245 924 2502 997 gentium,
2528 934 2588 980 ut
2613 924 2866 991 diximus,
2897 924 3030 982 ﬁdes
3056 927 3385 998 designatur.
3415 930 3586 985 Multa

2005 1015 2212 1085 quidem
2247 1024 2293 1069 et
2317 1014 2422 1068 alia
2452 1015 2601 1086 signa
2631 1014 2750 1084 fecit
2776 1013 2933 1073 Iesus
2973 1015 3028 1069 in
3062 1027 3332 1087 conspectu
3353 1018 3586 1089 discipu-

2006 1104 2176 1158 lorum
2220 1121 2457 1168 suorum,
2512 1121 2628 1175 qua:
2671 1121 2774 1158 non
2813 1113 2938 1159 sunt
2963 1106 3156 1175 scripta
3196 1107 3252 1159 in
3296 1106 3427 1161 libro
3464 1108 3585 1173 hoc,

2006 1191 2318 1262 signiﬁcans
2349 1194 2676 1264 evangelista
2720 1194 2953 1266 plurima
2988 1195 3180 1251 fecisse
3205 1195 3387 1253 Jesum
3432 1200 3585 1269 signa

2004 1290 2059 1336 et
2082 1282 2339 1339 miracula
2365 1282 2550 1337 salutis
2584 1292 2640 1337 et
2665 1284 3069 1352 przedicationis
3094 1301 3214 1356 qua:
3239 1303 3345 1342 non
3384 1292 3584 1360 scripta

2003 1381 2184 1427 essent
2208 1381 2426 1445 propter
2461 1374 2856 1433 multitudinem
2892 1375 3106 1430 illarum
3132 1392 3310 1433 rerum
3341 1396 3460 1450 qua:
3489 1397 3584 1453 ge-

2003 1473 2099 1520 stas
2132 1464 2349 1521 fuerunt
2382 1466 2450 1521 ab
2484 1481 2569 1521 eo.

2075 1555 2204 1612 Haec
2227 1567 2399 1617 autem
2421 1558 2614 1628 scripta
2635 1568 2755 1614 sunt
2778 1568 2834 1612 ut
2863 1559 3088 1616 credatis
3108 1563 3232 1629 quia
3259 1561 3414 1619 Iesus
3437 1563 3588 1620 Chri-

2001 1656 2112 1702 stus
2147 1656 2222 1702 est
2251 1646 2423 1703 Filius
2469 1648 2586 1714 Dei,
2635 1659 2685 1705 et
2727 1659 2786 1704 ut
2825 1652 3087 1707 credentes
3131 1655 3287 1708 vitam
3331 1666 3584 1711 azternnm

325 1753 398 1807 tia
422 1750 514 1820 qui
544 1748 715 1819 majus
740 1721 868 1804 fecit
896 1721 1074 1803 minus
1100 1746 1277 1803 facere
1305 1721 1625 1817 supersedit.
1676 1721 1904 1801 Hoc'est
1932 1721 1977 1779 Β
2005 1740 2239 1793 habeatis
2285 1740 2340 1793 in
2370 1742 2578 1795 nomine
2620 1742 2754 1812 ejus.
2812 1742 2906 1798 llle
2948 1744 3093 1798 enim
3124 1746 3216 1815 qui
3259 1748 3432 1803 credit
3459 1752 3611 1819 quia~

323 1843 467 1912 quod
492 1842 682 1897 mortis
709 1856 872 1913 regna
896 1839 1183 1903 destruxit,
1212 1838 1363 1908 signa
1390 1837 1579 1892 mortis
1615 1836 1905 1891 obliterare

323 1932 531 1986 noluit:
556 1930 733 2000 primo
760 1929 1008 1985 videlicet
1028 1938 1089 1983 ut
1113 1942 1210 1998 per
1242 1928 1356 1982 haec
1395 1925 1670 1996 discipulis
1696 1926 1808 1981 suis
1834 1924 1898 1980 ﬁ-

322 2021 443 2075 dem
475 2035 586 2075 suae
620 2018 1029 2075 resurrectionis
1077 2024 1374 2083 astrueret;
1415 2016 1605 2073 deinde
1651 2023 1711 2070 ut
1752 2015 1900 2069 Patri

320 2127 420 2180 pro
444 2110 599 2165 nobis
631 2109 937 2180 supplicans
960 2107 1119 2179 quale
1151 2122 1318 2179 genus
1351 2106 1542 2162 mortis
1570 2122 1667 2178 pro
1704 2115 1901 2161 morta-

320 2202 450 2256 lium
481 2201 589 2255 vita
618 2200 905 2271 protulerit
924 2214 1138 2272 semper
1164 2197 1443 2263 ostendat;
1491 2197 1651 2253 tertio
1700 2205 1760 2250 ut
1802 2211 1899 2252 sua

320 2296 497 2345 morte
536 2289 827 2359 redemptis
862 2303 969 2358 qua
1000 2286 1421 2343 misericorditer
1453 2284 1618 2353 adjuti
1643 2284 1752 2340 sint
1776 2300 1900 2354 pro-

316 2381 506 2451 positis
531 2395 746 2451 semper
772 2379 1014 2450 ejusdem
1042 2378 1233 2434 mortis
1256 2378 1473 2433 innovet
1493 2376 1727 2442 indiciis,
1758 2375 1900 2431 ideo-

315 2486 447 2541 que,
476 2471 874 2527 misericordias
907 2469 1118 2526 Domini
1162 2470 1219 2524 in
1244 2476 1504 2524 aeternum
1545 2475 1766 2524 cantare
1788 2483 1897 2525 non

314 2570 531 2618 cessent
579 2562 673 2616 sed
702 2562 883 2616 dicant
922 2560 1014 2632 qui
1063 2559 1327 2630 redempti
1379 2566 1500 2613 sunt
1541 2573 1574 2613 a
1620 2557 1891 2615 Domino:

317 2652 579 2720 Quoniam
623 2651 807 2716 bonus,
856 2652 1103 2722 quoniam
1139 2653 1195 2706 in
1234 2660 1486 2704 aeternum
1537 2648 1896 2703 misericordia

313 2744 464 2814 ejus;
493 2750 765 2813 postremo
791 2750 851 2799 ut
872 2741 1036 2797 etiam
1061 2739 1282 2815 perﬁdis
1310 2740 1362 2797 in
1379 2740 1583 2810 judicio
1617 2754 1778 2810 quam
1800 2737 1893 2807 ju-

314 2844 397 2891 ste
424 2835 748 2890 damnentur
776 2840 994 2889 ostensa
1032 2833 1174 2887 inter
1217 2832 1320 2888 alia
1352 2830 1550 2902 ﬂagitia
1579 2832 1742 2887 etiam
1773 2830 1891 2885 vul-

313 2939 506 2980 nerum
542 2939 663 2995 quae
688 2925 756 2978 ab
780 2923 861 2979 eis
896 2923 1133 2997 suscepit
1160 2923 1413 2978 cicatrice
1442 2922 1736 2979 denuntiet.
1770 2923 1892 2981 Vel-

314 3013 390 3066 uti
417 3012 462 3067 si
488 3012 642 3068 miles
663 3011 859 3082 aliquis
886 3010 1210 3067 fortissimus
1227 3010 1453 3079 jubente
1502 3025 1599 3069 suo
1625 3026 1751 3082 rege
1792 3024 1892 3080 pro

314 3103 479 3159 totius
514 3104 692 3174 gentis
746 3103 916 3159 salute
962 3103 1216 3175 singulari
1266 3103 1562 3158 certamine
1606 3104 1886 3167 desudans,

315 3191 500 3246 multis
548 3193 762 3262 quidem
813 3193 1123 3249 vulneribus
1151 3194 1410 3264 exceptis,
1468 3195 1675 3251 hostem
1713 3202 1890 3251 tamen

312 3285 621 3349 interﬁciat,
652 3284 821 3356 spolia
847 3285 963 3357 ejus
1010 3285 1251 3356 diripiat,
1301 3286 1582 3341 victoriam
1615 3301 1725 3343 sua:
1745 3286 1892 3356 genti

311 3381 584 3445 reportet,
630 3383 686 3429 et
729 3375 1089 3447 interrogatus
1132 3390 1165 3430 a
1199 3377 1443 3444 medico,
1489 3378 1577 3435 eui
1621 3379 1891 3435 curandus

310 3464 684 3529 committitur,
722 3464 796 3519 ita
819 3480 887 3519 ne
914 3465 1042 3520 velit
1083 3466 1260 3520 curari
1289 3474 1349 3522 ut
1388 3481 1488 3522 nec
1509 3468 1735 3539 vestigia
1770 3468 1888 3524 vul-

309 3568 497 3609 nerum
524 3554 631 3608 ulla
662 3553 953 3621 resideant,
984 3568 1052 3608 an
1085 3554 1254 3626 magis
1278 3555 1350 3609 ita
1378 3562 1438 3609 ut
1459 3556 1742 3613 cicatrices
1768 3558 1889 3627 qui-

309 3645 429 3699 dem
444 3651 781 3710 remaneant,
806 3643 1122 3701 deformitas
1145 3661 1275 3703 vero
1296 3662 1519 3718 prorsus
1530 3648 1705 3704 omnis
1724 3656 1779 3704 et
1791 3649 1891 3705 foe-

308 3736 451 3791 ditas
476 3736 636 3800 absit,
681 3735 1002 3805 respondeat
1025 3736 1218 3808 saepius
1244 3736 1317 3791 ita
1349 3753 1407 3793 se
1434 3737 1570 3794 velle
1597 3738 1789 3797 sanari.
1806 3745 1885 3805 ut,

311 3836 420 3882 toto
447 3827 636 3883 salutis
662 3827 977 3895 decorisque
998 3828 1212 3899 pristini
1237 3837 1378 3884 statu
1410 3839 1745 3902 recuperato,
1767 3846 1887 3901 per-

306 3925 466 3985 petua
495 3931 680 3972 secum
724 3916 859 3969 tanti
888 3916 1232 3972 circumferat
1271 3919 1420 3988 signa
1464 3921 1737 3991 triumphi.
1793 3922 1887 3977 Sic

304 4006 549 4078 profecto
588 4005 849 4062 Dominus
878 4007 1117 4077 perpetis
1155 4008 1225 4064 ob
1268 4009 1478 4079 signum
1503 4011 1743 4066 victorias
1778 4028 1884 4067 non

303 4098 484 4154 curari
505 4103 731 4168 excepta
756 4112 856 4167 pro
878 4097 1034 4152 nobis
1064 4095 1284 4152 vulnera
1311 4099 1596 4168 passionis,
1620 4102 1714 4156 sed
1739 4102 1884 4171 ipso-

304 4207 421 4245 rum
452 4190 738 4247 cicatrices
786 4189 924 4245 cmlo
960 4188 1161 4244 inferre
1209 4205 1368 4259 quam
1410 4190 1624 4248 abolere
1652 4194 1881 4262 maluit;

303 4297 404 4338 nec
434 4290 612 4338 tamen
637 4296 703 4338 ex
732 4281 819 4337 bis
847 4281 1120 4352 quippiam
1155 4281 1276 4336 ﬁdei
1303 4291 1501 4339 nostra:
1528 4285 1881 4342 resurrectio-

2002 1828 2158 1885 Jesus
2180 1838 2265 1885 est
2287 1828 2534 1885 Christus
2556 1830 2724 1886 Filius
2749 1832 2864 1897 Dei,
2892 1835 3160 1890 credendo
3189 1836 3360 1905 ipsum
3388 1837 3582 1893 Filium

2003 1919 2056 1974 in
2093 1935 2151 1975 se
2194 1921 2356 1977 habet
2383 1939 2396 1975 :
2423 1921 2668 1978 habendo
2708 1923 2903 1979 Filium
2928 1932 2983 1978 et
3019 1925 3186 1979 vitam
3226 1926 3409 1989 habet,
3455 1929 3581 1998 quia

2004 2008 2117 2078 ipse
2157 2009 2294 2065 dixit
2327 2028 2341 2063 :
2383 2009 2495 2081 Ego
2538 2027 2655 2066 sum
2681 2013 2765 2065 uia
2803 2023 2851 2066 et
2894 2014 3082 2067 veritas
3120 2023 3169 2067 et
3198 2015 3322 2068 vita.
3362 2015 3587 2086 Insuper

2001 2100 2166 2154 vitam
2193 2115 2315 2159 cum
2338 2100 2540 2156 sanctis
2566 2101 2864 2172 possidebit
2886 2109 3146 2157 aaternam
3187 2103 3275 2157 ubi
3306 2105 3410 2157 erit
3435 2114 3583 2159 certa

2000 2189 2283 2255 securitas,
2314 2189 2639 2259 sempiterna
2665 2191 2916 2257 felicitas,
2945 2193 3302 2249 inenarrabile
3333 2196 3583 2265 gaudium

1999 2280 2089 2335 ubi
2116 2279 2427 2350 implebitur
2456 2282 2584 2336 illud
2610 2300 2625 2336 :
2658 2282 2767 2337 Ero
2813 2284 3024 2338 illorum
3049 2284 3213 2352 Deus,
3241 2296 3290 2340 et
3324 2289 3423 2357 ipsi
3452 2290 3579 2342 mihi

1998 2379 2150 2423 erunt
2177 2370 2423 2441 populus,
2454 2371 2504 2426 id
2537 2382 2621 2428 est
2642 2389 2737 2430 ero
2764 2376 2904 2430 unde
2930 2377 3214 2442 satientur,
3259 2392 3354 2433 ero
3395 2395 3582 2435 eorum

1999 2471 2052 2517 et
2079 2463 2211 2529 vita,
2240 2471 2294 2518 et
2315 2462 2483 2529 salus,
2510 2474 2565 2520 et
2585 2466 2777 2531 victus,
2805 2475 2861 2521 et
2883 2468 3060 2538 copia,
3104 2477 3159 2524 et
3186 2469 3372 2540 gloria,
3405 2479 3459 2525 et
3487 2472 3585 2526 ho-

1997 2566 2115 2615 nor,
2141 2560 2197 2607 et
2221 2567 2348 2623 pax,
2378 2563 2433 2608 et
2459 2554 2640 2610 omnia
2674 2554 2838 2610 bona.
2888 2556 2957 2611 Et
3005 2557 3084 2612 sic
3116 2557 3425 2627 implebitur
3450 2558 3582 2614 illud

1998 2641 2234 2713 Apostoli
2258 2660 2269 2694 :
2289 2640 2356 2697 Ut
2381 2645 2447 2698 sit
2468 2642 2610 2698 Deus
2636 2646 2812 2699 omnia
2831 2646 2887 2699 in
2912 2646 3170 2711 omnibus,
3197 2647 3310 2717 ipse
3331 2647 3451 2701 ﬁnis
3475 2648 3585 2702 erit

1996 2734 2384 2793 desideriorum
2409 2744 2738 2801 nostrorum,
2759 2736 2848 2807 qui
2874 2737 2992 2792 sine
3018 2738 3123 2792 ﬁne
3146 2738 3432 2803 videbitur,
3462 2738 3583 2793 sine

1996 2824 2212 2883 fastidio
2236 2835 2467 2890 amatur,
2497 2826 2617 2881 sine
2638 2824 2951 2897 fatigatione
2973 2826 3222 2881 laudatur
3242 2825 3397 2881 Jesus
3422 2826 3584 2881 Chri-

1995 2928 2112 2974 stus
2140 2919 2402 2978 Dominus
2443 2927 2644 2982 noster,
2694 2920 2785 2990 qui
2810 2935 2932 2974 cum
2957 2918 3118 2973 Patre
3147 2926 3203 2973 et
3230 2917 3429 2988 Spiritu
3457 2934 3584 2973 san-

1999 3020 2087 3067 cto
2113 3011 2245 3068 vivit
2286 3021 2341 3066 et
2384 3020 2577 3083 regnat
2621 3013 2760 3068 Deus
2787 3028 2883 3084 per
2908 3015 3089 3069 omnia
3120 3013 3312 3069 saecula
3354 3014 3582 3070 saeculo-

2000 3118 2138 3159 rum.
2170 3103 2364 3161 Amen.

2557 3193 2833 3250 HOMILIA
2864 3193 3003 3251 XIX.

2649 3302 2804 3341 FERIA
2834 3302 2909 3341 ιν.

2357 3373 2545 3431 Lectio
2571 3373 2826 3446 Epistola:
2850 3376 2916 3431 ad
2948 3375 3217 3433 Hebrteos.

2062 3483 2303 3551 Fratres,
2333 3485 2534 3540 obedite
2570 3488 2859 3557 propositis
2899 3489 3078 3545 uestris
3102 3498 3151 3544 et
3177 3488 3438 3560 subjaccte
3463 3494 3573 3556 eis;

1989 3576 2091 3647 ipsi
2109 3577 2246 3631 enim
2271 3577 2579 3649 pervigilant
2599 3581 2751 3650 quasi
2774 3581 3027 3636 rationem
3067 3598 3163 3652 pro
3185 3583 3460 3639 animabus
3485 3602 3575 3640 ve-

1988 3667 2112 3723 stris
2139 3667 2426 3736 reddituri,
2460 3679 2517 3723 ut
2545 3686 2661 3725 cum
2703 3671 2897 3741 gaudio
2919 3672 3016 3726 hoc
3037 3673 3237 3743 faciant
3264 3682 3312 3729 et
3349 3691 3455 3731 non
3480 3692 3575 3749 ge-

1987 3766 2221 3823 tuentes;
2245 3757 2343 3815 hoc
2380 3758 2519 3813 enim
2540 3774 2643 3814 non
2666 3760 2869 3831 expedit
2896 3760 3055 3815 vobis.

2054 3845 2345 3917 Postquam
2375 3848 2623 3917 superius
2647 3848 2876 3915 dixerat,
2925 3847 3161 3916 Quorum
3197 3852 3561 3923 contemplan-

1983 3944 2061 3991 tes
2078 3937 2277 3993 exitum
2301 3939 2726 4005 conuersationis,
2758 3940 3039 3994 imitamini
3056 3939 3238 4010 ﬁdem,
3269 3951 3395 3997 tunc
3420 3943 3568 3998 intu-

1986 4025 2048 4081 lit
2074 4044 2086 4080 :
2115 4027 2319 4083 obedite
2346 4030 2641 4099 praapositis
2672 4031 2874 4097 uestris,
2901 4039 2950 4085 et
2982 4031 3201 4098 subiecti
3223 4042 3401 4089 estote.
3444 4033 3567 4090 Pri-

1984 4132 2131 4178 mum
2156 4118 2440 4175 constituit
2463 4135 2557 4177 eos
2592 4130 2650 4176 et
2672 4129 2802 4179 tunc
2827 4122 2963 4178 dixit
2988 4140 3002 4177 :
3037 4122 3250 4178 Obedite
3269 4126 3564 4195 ρνιεροδίιὶε

1982 4210 2186 4275 vestris,
2211 4210 2535 4281 etsubjacete
2563 4212 2657 4267 eis.
2686 4212 2825 4280 Quid
2851 4226 3001 4283 ergo,
3027 4212 3159 4270 dicit
3184 4213 3398 4283 aliquis,
3427 4215 3560 4270 dum

1980 4301 2303 4372 praepositus
2326 4302 2591 4374 malignus
2607 4305 2909 4360 exstiterit?
2931 4303 3046 4361 Non
3061 4305 3376 4363 obaudimus
3401 4306 3564 4363 mali-

301 4373 384 4428 nis
408 4373 741 4443 prmjudicat,
772 4372 835 4427 de
881 4387 988 4442 qua
1014 4372 1190 4427 veraci
1239 4374 1590 4442 promissione
1630 4377 1879 4444 prmdici-
1902 4396 1957 4458 Β
1981 4408 2164 4463 gnum,
2194 4393 2429 4465 qualiter
2464 4372 2601 4454 δίοίε
2627 4395 2956 4465 malignum;
2987 4395 3031 4451 εί
3057 4396 3272 4465 quidem
3310 4396 3362 4451 in
3389 4411 3560 4454 causa

302 4476 389 4521 tur
418 4484 431 4519 :
459 4465 526 4519 Et
556 4466 786 4535 capillus
801 4467 865 4521 de
883 4467 1051 4537 capite
1073 4477 1238 4521 vestro
1281 4485 1382 4523 non
1416 4469 1620 4540 peribit.

373 4556 657 4627 Respondit
690 4555 912 4611 Thomas
961 4568 1009 4612 et
1050 4559 1181 4612 dixit
1210 4560 1257 4612 ei
1292 4576 1311 4614 :
1356 4559 1611 4617 Dominus
1661 4581 1803 4621 meus
1831 4574 1878 4619 et

305 4646 441 4702 Deus
466 4662 627 4699 meus.
667 4644 802 4698 Dicit
836 4646 883 4699 ei
920 4644 1076 4702 Iesus
1106 4662 1124 4701 :
1158 4647 1295 4714 Quia
1334 4650 1505 4706 vidisti
1533 4668 1613 4705 me
1653 4653 1877 4711 credidi-

294 4738 384 4792 sti.
414 4737 549 4791 Dum
576 4751 705 4808 ergo
733 4736 864 4791 vidit
885 4735 1141 4802 Thomas,
1170 4739 1295 4794 dum
1320 4741 1573 4810 palpavit,
1604 4757 1702 4798 cur
1721 4744 1771 4799 ei
1799 4745 1877 4799 di-

295 4832 479 4886 citur:
515 4829 650 4896 Quia
695 4829 871 4886 vidisti
905 4847 1005 4896 me,
1041 4831 1350 4887 credidisti?
1392 4831 1497 4891 Sed
1525 4834 1667 4889 aliud
1715 4836 1869 4902 vidit,

294 4923 437 4978 aliud
466 4922 730 4988 credidit;
781 4940 810 4976 a
862 4923 1074 4978 mortali
1104 4924 1300 4997 quippe
1348 4926 1565 4983 homine
1615 4927 1869 4983 divinitas

295 5014 464 5069 videri
501 5028 607 5068 non
658 5014 849 5084 potuit.
904 5013 1184 5070 Hominem
1231 5015 1395 5086 igitur
1444 5017 1573 5072 vidit
1615 5027 1672 5072 et
1699 5019 1867 5075 Deum

290 5102 570 5161 confessus
597 5112 682 5159 est
729 5103 947 5159 dicens:
1002 5103 1258 5160 Dominus
1287 5122 1430 5160 meus
1453 5117 1501 5161 et
1532 5106 1673 5160 Deus
1700 5125 1865 5163 meus.

289 5195 535 5251 Videntlo
581 5210 711 5266 ergo
765 5197 994 5251 credidit
1026 5196 1118 5265 qui
1167 5197 1557 5253 considerando
1593 5199 1863 5256 hominem

291 5301 473 5341 verum
527 5285 669 5341 hunc
707 5285 873 5340 Deum
921 5301 1079 5357 quem
1108 5286 1290 5343 videre
1318 5303 1423 5342 non
1450 5297 1661 5359 poterat
1686 5290 1864 5345 excla-

293 5374 473 5429 mavit.

354 5464 509 5524 Beati
538 5468 630 5541 qui
649 5486 753 5526 non
780 5470 1038 5535 viderunt,
1082 5477 1132 5546 et
1168 5469 1518 5525 crediderunt.
1556 5470 1613 5525 ln
1643 5472 1746 5527 hac
1775 5470 1859 5526 ni-

287 5554 497 5615 mirunv
521 5561 785 5617 sententia
834 5576 932 5616 nos
954 5559 1263 5633 specialiter
1287 5560 1482 5631 signati
1529 5576 1733 5627 sumus,
1765 5560 1860 5633 qui

288 5660 594 5717 ctuuqucm
649 5668 812 5707 carne
862 5669 966 5709 non
1013 5652 1266 5719 vidimus,
1314 5661 1493 5708 mente
1540 5653 1855 5711 retinemus.

1983 4484 2114 4541 ﬁdes
2138 4492 2242 4548 est,
2273 4483 2398 4556 fuge
2416 4484 2563 4540 illum
2584 4494 2640 4541 et
2666 4485 2830 4552 evita,
2859 4500 2965 4541 non
2991 4485 3161 4541 solum
3188 4487 3233 4542 si
3259 4487 3421 4542 homo
3442 4484 3561 4542 fue-

1979 4574 2069 4638 rit,
2126 4576 2221 4632 sed
2254 4576 2417 4631 etiam
2471 4578 2517 4635 si
2561 4577 2782 4648 angelus
2807 4578 2873 4639 de
2901 4577 3038 4634 caelo
3088 4579 3440 4635 descenderit.
3493 4578 3555 4636 Si

1976 4677 2105 4718 vero
2143 4664 2197 4717 in
2230 4672 2341 4721 toto
2371 4666 2534 4723 corde
2559 4674 2614 4723 et
2642 4666 2883 4722 moribus
2912 4666 3203 4739 malignum
3238 4668 3410 4733 ducis,
3437 4670 3550 4725 noli

1976 4756 2226 4809 scrutari.
2259 4755 2326 4811 Et
2353 4756 2467 4812 haec
2493 4772 2599 4814 non
2624 4773 2691 4813 ex
2717 4772 2804 4814 me
2831 4759 2947 4829 ipso
2968 4759 3105 4825 dico,
3145 4761 3237 4816 sed
3271 4775 3337 4816 ex
3367 4762 3551 4817 divina

1975 4842 2274 4915 Scriptura.
2310 4845 2449 4901 Audi
2479 4846 2662 4903 Jesum
2688 4848 2955 4904 dicentem
2992 4867 3007 4904 :
3054 4847 3223 4919 Super
3245 4851 3551 4906 cathedram

1974 4933 2147 5005 Moysi
2169 4935 2414 4992 sederunt
2441 4938 2627 4994 scribta
2654 4948 2705 4993 et
2742 4936 3001 4994 Pharisaei
3025 4956 3045 5004 ;
3080 4947 3137 4994 et
3158 4939 3332 5011 primo
3358 4939 3547 4996 dicens

1972 5024 2038 5080 de
2088 5025 2173 5080 bis
2219 5025 2387 5080 multa
2438 5026 2579 5082 mala
2633 5034 2761 5083 tunc
2792 5026 2973 5083 dixit:
3026 5027 3198 5099 Super
3244 5028 3545 5082 cathedram

1971 5112 2143 5183 Moysi
2169 5114 2454 5180 sederunt;
2491 5131 2687 5182 omnia,
2735 5117 2929 5187 inquit,
2972 5132 3089 5186 qua:
3130 5116 3353 5171 dixerint
3397 5115 3545 5171 nobis

1968 5202 2141 5270 facite,
2166 5219 2283 5274 quae
2308 5212 2483 5257 autem
2521 5202 2757 5272 fecerint,
2787 5204 2958 5275 facere
2982 5203 3158 5260 nolite.
3201 5202 3430 5269 Habent,
3462 5203 3546 5257 in—

1965 5293 2097 5361 quit,
2124 5293 2459 5364 dignitatem,
2491 5293 2616 5349 licet
2642 5295 2767 5349 vitae
2788 5294 2895 5349 sint
2930 5293 3170 5364 perdita),
3219 5307 3399 5347 verum
3427 5306 3544 5348 non

1964 5382 2033 5437 ad
2058 5382 2224 5437 vitam
2254 5398 2465 5443 eorum.
2508 5384 2603 5440 sed
2632 5384 2699 5440 ad
2728 5398 3003 5439 sermones
3047 5382 3318 5437 intendite.
3347 5380 3540 5449 Quan-

1963 5479 2074 5525 tum
2098 5473 2241 5528 enim
2287 5473 2355 5527 ad
2384 5487 2559 5529 mores
2609 5474 2806 5528 attinet
2831 5473 3005 5536 rullus
3027 5471 3223 5544 poterit
3245 5469 3382 5525 lzedi.
3413 5469 3538 5538 Qua

1961 5561 2166 5617 ratione
2192 5563 2335 5619 hoc?
2355 5565 2479 5634 quia
2508 5579 2629 5634 qua:
2656 5563 2787 5620 facit
2809 5561 3092 5619 manifesta
3111 5569 3235 5620 sunt
3261 5560 3539 5628 omnibus,

1960 5660 2013 5706 ct
2045 5667 2218 5722 neque
2241 5654 2375 5723 ipse,
2404 5669 2466 5711 ac
2491 5655 2536 5710 si
2558 5655 2624 5712 ad
2653 5669 2908 5712 cacumen
2928 5650 3535 5725 iniquitatisperveniat,
