2020 3094
171 167 217 195 181

715 163 866 192 llOMlLlJﬁ
888 164 919 191 1N
942 163 1067 190 iiV.\NG.
1088 164 1131 189 ΕΤ
1154 163 1261 190 EPIST.

1756 166 1804 193 132

169 221 266 257 poterit
290 221 360 248 alios
374 220 444 247 maia
468 219 576 247 dou-re.
600 219 668 247 Cum
691 223 781 247 autem
806 219 867 246 tidci
881 227 962 246 causa
976 222 1001 250 Λ
1015 219 1056 251 lis,
1073 223 1100 246 ul
1112 220 1163 246 hoc
1178 219 1202 246 ei
1217 218 1420 246 canccderctur.
1433 218 1554 246 Primum
1566 219 1599 246 ab
1609 220 1674 253 ipsis
1688 221 1805 254 postulat

170 268 294 298 \ertitur,
320 273 408 300 neque
431 265 604 292 manifestum
617 269 660 292 est
672 265 795 292 omnibus
813 265 884 299 quod
899 265 964 292 dici—

170 317 223 344 tur,
240 319 327 346 neque
344 310 478 345 malignus
496 310 600 338 dubitat
612 310 709 338 docere
733 310 885 337 contraria:
902 318 963 336 nam

167 357 278 391 etquod
291 356 395 383 dictum
422 360 462 383 est
480 365 486 382 :
511 355 599 382 Nolite
617 355 738 389 judicare
757 364 789 382 ne
797 354 962 389 judiccmini,

171 402 203 428 de
216 402 272 428 vita
285 401 388 428 dictum
403 404 454 433 est,
471 407 524 427 non
538 400 571 427 de
590 399 652 427 tide.
669 399 746 432 Quod
761 399 833 426 enim
851 398 965 426 infertur

171 446 222 473 hoc
245 444 427 471 manifestat:
455 444 524 477 Quid
545 444 633 477 vides,
664 444 760 478 inquit,
789 443 912 478 stipulam
938 443 965 470 in

170 490 247 517 oculo
268 490 360 523 fratris
382 489 421 516 tui
434 494 458 516 et
473 489 571 516 trabem
594 490 623 516 in
644 489 718 516 oculo
738 494 783 517 tuo
802 498 854 516 non
874 489 966 516 vides?

171 537 268 563 Omnia
280 544 341 570 ergo
356 544 415 571 qui:
428 536 497 563 uobis
511 535 637 566 dixerint,
660 535 754 569 inquit,
771 540 797 561 ut
810 535 914 569 faciatis
926 534 966 568 fa-

171 581 231 607 cite.
256 580 357 607 Facere
380 584 471 607 autem
482 580 571 614 operis
594 584 700 607 estnon
714 579 784 606 tidei.
816 579 966 606 Secundum

171 632 260 652 autem
276 634 356 660 opera
377 634 467 652 eorum
482 625 559 653 nolite
582 625 677 659 facere.
700 625 816 652 intueris
832 624 966 659 quomodo

171 680 226 699 non
242 673 277 700 de
289 672 472 707 dogmatibus,
495 671 540 698 sed
556 672 588 698 de
611 671 667 699 vita
678 676 705 698 et
726 671 854 705 operibus
877 678 966 697 sermo

171 722 222 744 est.
247 717 303 748 Ipsi
327 717 394 743 enim
414 716 519 751 vigilum
536 724 583 751 pro
604 717 673 743 vobis
688 717 813 743 rationem
829 716 965 743 reddituri.

172 762 291 788 Audiam
316 766 343 787 ct
365 761 512 795 principes,
538 769 592 788 non
608 761 657 788 soli
683 761 720 788 illi
744 761 788 795 qui
805 766 934 796 reguntur
951 769 965 786 a

173 808 352 842 principibus,
381 808 515 842 quomodo
531 808 601 835 sicut
615 808 772 835 obedientes
786 812 893 842 oportet
907 815 967 835 esse

173 854 217 886 qui
232 858 374 887 reguntur,
387 853 426 880 sic
440 853 522 880 etiam
537 857 656 881 rectores
667 857 694 880 et
707 853 842 888 principes
856 853 967 888 vigilan-

174 903 214 924 tcs
230 906 291 924 csso
306 898 379 924 dicit.
407 896 476 930 Hoc,
495 898 590 932 inquit,
615 897 674 924 dico
690 902 717 924 ut
730 906 788 924 cum
809 898 904 932 gaudio
922 897 964 932 fa-
982 892 1003 920 Β

173 943 242 968 ciant
254 948 277 969 et
296 951 347 969 non
363 943 529 977 gemiscenles
542 963 549 975 ,
572 951 622 969 non
635 943 703 970 enim
722 943 823 978 expedit
837 943 915 970 vobis.
928 942 968 969 ln-

173 987 260 1014 tueris
274 988 382 1021 quando
404 991 616 1014 contemnuntur
627 987 772 1022 principes.
799 996 851 1014 non
863 991 968 1022 oportet

174 1031 291 1058 ultiones
308 1032 440 1066 ingerere,
468 1032 514 1059 sed
527 1035 581 1059 tota
597 1031 665 1059 ultio
679 1036 720 1059 est
729 1031 836 1066 plorare
852 1036 880 1058 et
896 1032 969 1067 inge-

174 1078 298 1104 miscere.
315 1077 380 1103 Nam
395 1082 422 1104 et
433 1077 551 1105 medicus
563 1078 670 1112 quando
687 1078 721 1104 ab
735 1082 834 1113 :egroto
849 1082 969 1105 contem-

174 1122 258 1154 nitur,
280 1129 333 1148 non
348 1129 377 1148 se
400 1121 550 1153 ulciscitur,
579 1121 626 1149 sed
650 1121 737 1156 plorat
749 1126 777 1149 et
796 1122 965 1157 ingemiscit;

174 1166 220 1193 sed
240 1167 310 1194 dicis
323 1167 386 1201 quia
401 1166 445 1194 ille
464 1167 625 1203 ingemiscit,
639 1167 779 1195 ulciscitur
797 1168 823 1195 in
837 1172 863 1194 te
886 1167 966 1195 Deus.

174 1211 204 1239 Si
218 1212 292 1240 enim
312 1219 372 1240 cum
387 1220 437 1246 pro
447 1212 546 1240 nostris
557 1213 676 1247 peccatis
695 1213 905 1247 ingemiscimns,
922 1213 968 1239 ad-

174 1255 300 1285 ducimus
323 1257 358 1284 ad
384 1265 433 1285 nos
457 1257 676 1292 propitiationem
703 1258 766 1291 Dei,
787 1266 836 1293 per
853 1258 966 1285 aliorum

175 1308 239 1329 vero
250 1303 405 1336 superbiam
431 1307 459 1329 et
477 1307 658 1337 contemptum
681 1311 741 1330 cum
757 1303 966 1337 ingemiscimus,

175 1353 262 1373 nonne
290 1347 408 1380 amplius
426 1348 589 1375 advocemus
614 1348 722 1375 Deum?
752 1347 875 1375 Gemitus
895 1347 967 1374 enim

174 1391 246 1417 omni
274 1391 327 1417 erit
348 1392 449 1419 ultione
461 1392 587 1419 deterior.
607 1392 720 1425 Quando
735 1393 806 1431 enim
833 1393 890 1427 ipse
913 1400 966 1419 non

176 1436 309 1471 intelligit,
330 1438 509 1471 ingemiscens
532 1438 640 1465 invocat
661 1437 814 1465 Dominum.
839 1439 871 1465 Et
886 1438 964 1465 sicuti

175 1491 234 1509 cum
251 1483 346 1509 doctor
360 1483 540 1510 contemnitur
551 1491 566 1510 a
580 1490 673 1519 puero,
686 1484 846 1518 pmdagogus
857 1488 968 1518 cogatur

174 1529 217 1561 qui
240 1528 363 1554 severius
378 1529 482 1555 accedit
499 1529 531 1555 ad
548 1536 660 1563 puerum
674 1550 681 1561 ,
705 1530 746 1556 sic
767 1530 848 1557 etiam
872 1530 898 1556 hi
920 1530 965 1563 qui

1016 265 1163 297 orationes,
1179 269 1242 292 tunc
1253 265 1335 291 etiam
1344 265 1400 299 ipse
1412 272 1462 299 pro
1474 265 1513 292 eis
1526 265 1616 293 omnia
1628 266 1698 293 Lona
1711 266 1804 301 depre-

1016 309 1139 336 cabatur.

1056 354 1123 381 Deus
1142 360 1228 381 autem
1244 355 1327 389 pacis,
1339 355 1384 390 qui
1395 355 1485 382 eduxit
1500 356 1532 383 de
1547 357 1655 384 mortuis
1674 361 1802 392 pastorem

1015 407 1139 434 magnum
1155 400 1239 426 ovium
1255 401 1281 426 in
1297 401 1424 435 sanguine
1439 402 1585 428 testamenti
1607 402 1697 429 a'tcrni
1714 402 1804 429 Darni-

1017 452 1079 470 num
1097 450 1215 471 nostrum
1228 444 1319 472 Jesum
1334 444 1477 478 Christum,
1493 452 1562 481 ap'et
1574 454 1616 474 vos
1630 448 1656 473 in
1668 448 1737 474 enini
1749 456 1805 483 ope-

1018 498 1044 516 re
1054 490 1128 521 bona,
1148 495 1174 516 ut
1191 490 1295 524 faciatis
1311 490 1467 517 voluntatem
1490 492 1558 526 ejus,
1572 493 1669 527 faciens
1683 494 1710 520 in
1735 494 1803 521 vobis

1017 534 1085 569 quod
1098 534 1198 569 placeat
1212 543 1298 561 coram
1317 544 1343 562 se
1358 544 1403 570 per
1412 535 1502 563 Iesum
1515 536 1658 570 Christum,
1670 539 1712 565 cui
1722 538 1807 574 gloria

1017 579 1044 606 in
1056 579 1152 606 sa‘cula
1165 579 1331 607 swrulorum.
1347 581 1439 608 Amen.
1455 581 1533 614 Deus,
1546 582 1643 617 inquit,
1655 585 1743 618 pacis;
1759 593 1806 612 no-

1018 625 1064 651 lite
1080 625 1162 659 igitur
1176 624 1306 652 dissidere
1318 633 1332 652 a
1347 626 1424 653 nobis
1439 626 1461 653 si
1481 626 1561 654 vultis
1590 627 1731 655 Dominum
1758 629 1805 656 ba-

1018 672 1081 698 berc
1094 671 1248 706 propitium.
1259 671 1309 704 Qui
1323 672 1423 705 eduxit,
1439 673 1533 707 inquit,
1549 673 1580 700 de
1594 678 1663 700 terra
1676 678 1804 709 pastorem

1017 724 1150 751 magnum.
1179 716 1235 743 lloc
1263 718 1296 744 de
1322 718 1520 745 resurrectione
1547 718 1646 745 dictum
1667 723 1718 746 cst.
1739 719 1808 746 llinc

1019 762 1089 789 enim
1107 770 1190 796 usque
1211 763 1243 789 ad
1262 763 1341 789 linem
1354 763 1485 790 orationis
1505 764 1636 791 rationem
1651 764 1690 791 eis
1706 764 1738 792 de
1761 771 1806 792 re-

1019 807 1184 834 surrectionc
1198 807 1349 839 continuat,
1366 812 1389 834 el
1407 808 1567 835 testiﬁcatur
1580 809 1619 835 eis
1635 808 1735 842 majora
1746 816 1808 843 pcr—

1017 852 1150 880 fectionis.
1166 853 1206 880 Ad
1222 853 1281 880 illos
1296 854 1367 880 enim
1381 854 1506 889 pertinet,
1523 854 1567 888 qui
1586 854 1642 889 jam
1668 862 1807 889 sumpsere

1017 898 1189 933 principium,
1204 902 1231 925 et
1242 906 1356 932 quorum
1370 899 1403 925 ad
1418 898 1611 933 perfectionem
1631 899 1720 926 omnis
1743 907 1805 926 cur-

1019 952 1064 971 sus
1081 944 1244 977 iulenditur;
1258 949 1372 978 oratque
1387 952 1436 978 pro
1457 945 1515 971 cis:
1537 944 1607 978 quod
1633 944 1750 979 pertinet
1773 945 1807 971 ad

1018 996 1162 1019 amantem.
1181 992 1213 1018 Et
1230 992 1256 1018 in
1278 992 1338 1019 aliis
1353 992 1460 1026 quidem
1485 991 1606 1026 epistolis
1633 991 1659 1018 in
1687 991 1807 1019 exordiis

1018 1040 1086 1068 orat,
1105 1036 1148 1063 hic
1169 1041 1258 1063 autem
1276 1036 1303 1062 in
1322 1035 1384 1063 ﬁne.
1402 1036 1475 1070 Aptet
1491 1044 1547 1068 vos,
1566 1036 1663 1070 inquit,
1682 1036 1709 1062 in
1735 1036 1807 1062 omni

1018 1091 1093 1118 opere
1106 1083 1171 1109 bono
1189 1087 1216 1109 ut
1231 1081 1336 1117 faciatis
1350 1081 1509 1109 voluntatem
1524 1081 1592 1116 ejus,
1608 1081 1708 1116 faciens
1722 1081 1749 1108 in
1764 1089 1807 1108 vo-

1018 1128 1056 1155 bis
1076 1128 1144 1163 quod
1156 1127 1258 1162 placeat
1272 1135 1360 1154 coram
1378 1135 1415 1154 se.
1430 1126 1545 1154 intueris
1559 1125 1673 1161 qualiter
1687 1125 1806 1153 ostendit

1019 1171 1169 1207 ingenerari
1191 1178 1270 1206 posse
1290 1171 1434 1203 virtutem;
1455 1178 1541 1206 neque
1557 1178 1590 1197 ex
1614 1170 1728 1198 Domino
1742 1170 1809 1198 dicit

1018 1220 1114 1248 totum,
1145 1223 1233 1251 neque
1260 1223 1293 1243 ex
1319 1216 1397 1243 nobis
1421 1222 1480 1242 eam
1499 1215 1591 1250 perlici
1609 1219 1724 1242 tantum.
1739 1214 1805 1242 Nam

1017 1263 1087 1298 quod
1099 1262 1176 1294 dicit,
1193 1261 1227 1288 Ut
1241 1261 1359 1296 perﬁciat
1376 1269 1418 1288 vos
1435 1261 1542 1287 inomni
1556 1268 1631 1295 opere
1650 1259 1727 1292 bono,
1755 1260 1806 1287 hoc

1018 1308 1169 1344 signiﬁcat:
1188 1307 1298 1334 Habetis
1313 1306 1421 1341 quidem
1445 1306 1583 1338 virtutem,
1612 1305 1736 1340 indigetis
1760 1313 1808 1331 an-

1019 1360 1071 1381 tem
1092 1353 1298 1388 complemento.
1325 1352 1393 1385 Quid
1423 1356 1513 1378 autem
1539 1355 1581 1379 est
1603 1350 1674 1385 quod
1689 1350 1763 1383 dicit,
1780 1350 1807 1377 in

1018 1399 1086 1426 omni
1111 1406 1187 1433 opere
1208 1402 1231 1424 et
1255 1405 1372 1424 sermone
1382 1397 1468 1424 bono?
1480 1396 1513 1424 Ut
1529 1396 1654 1424 videlicet
1664 1396 1747 1423 vitam
1761 1401 1806 1422 re-

1017 1449 1088 1472 ctam
1102 1445 1233 1472 baberent
1255 1448 1283 1471 et
1306 1443 1441 1479 dogmata.
1468 1443 1621 1470 Secundum
1642 1442 1806 1469 voluntatem

1017 1489 1084 1524 ejus,
1102 1490 1197 1525 inquit,
1213 1490 1315 1518 faciens
1341 1490 1367 1517 in
1388 1489 1474 1522 vobis,
1488 1489 1686 1524 beneplacitum
1702 1489 1727 1516 in
1741 1496 1806 1516 cou—

1017 1541 1110 1571 spectu
1126 1536 1192 1570 ejus.
1210 1536 1272 1563 llaec
1290 1536 1388 1571 quippe
1407 1539 1450 1563 est
1465 1535 1582 1562 maxima
1609 1535 1693 1562 virtus
1719 1534 1808 1562 facere

175 1573 391 1599 inobeilicntibns
412 1573 550 1607 discipulis
569 1582 621 1602 non
644 1574 787 1609 loquentur
803 1574 964 1609 periculum.

1018 1581 1214 1616 beneplacitum
1226 1581 1252 1607 iu
1260 1585 1407 1616 conspectu
1419 1580 1476 1612 Dei,
1486 1581 1632 1607 secundum
1644 1579 1714 1614 quod
1725 1580 1807 1607 etiam

209 1627 289 1653 Orate
306 1636 351 1660 pro
376 1627 464 1658 nobis;
488 1627 643 1662 conﬁdimus
657 1629 724 1655 enim
735 1629 797 1663 quia
809 1628 902 1655 bonam
921 1628 968 1655 lia-

175 1672 260 1698 bcmus
272 1673 459 1699 conscientiam
478 1673 505 1699 in
518 1673 636 1699 omnibus
658 1673 720 1700 bene
735 1673 845 1700 volentes
860 1681 967 1700 conver—

174 1717 236 1742 sari.
256 1716 370 1743 Intueris
385 1717 519 1751 quomodo
534 1717 575 1743 ha:
588 1717 792 1751 deprecationes
804 1722 865 1744 sunt
885 1718 967 1746 veluti

175 1761 206 1786 ad
219 1762 395 1788 centristatos
407 1761 544 1793 scribens,
560 1766 588 1789 et
602 1761 634 1788 ad
647 1769 694 1789 eos
704 1762 749 1796 qui
766 1762 965 1794 avortebanlur,

175 1811 201 1833 ct
214 1807 259 1841 qui
284 1807 355 1833 circa
384 1814 444 1834 cum
465 1807 549 1834 veluti
570 1807 641 1834 circa
661 1807 894 1841 przevaricatorem
908 1805 966 1833 alli-

175 1852 323 1882 cit-bantur,
343 1860 396 1878 non
412 1852 529 1879 ferentes
544 1859 577 1879 ne
598 1852 705 1886 quidem
731 1859 827 1879 nomen
841 1851 898 1885 ejus
916 1859 966 1878 au-

176 1897 242 1924 dire.
264 1898 405 1930 Quomodo
417 1897 499 1932 igitur
511 1898 545 1924 ab
559 1897 747 1924 obedientibus
769 1896 819 1923 sibi
844 1896 906 1923 talia
920 1903 967 1930 po-

176 1942 286 1968 stulabat
301 1962 307 1974 ,
328 1942 418 1975 qualia
440 1942 502 1976 quis
528 1949 543 1969 a
564 1941 738 1968 dilectoribus
760 1945 850 1975 potest
865 1948 966 1975 pracsu-

177 1996 262 2019 mere,
285 1993 430 2022 propterea
450 1988 477 2014 in
498 1988 548 2016 hoc
561 1987 619 2015 loco
633 1988 684 2014 hoc
707 1987 846 2014 constituit
861 1986 964 2018 dicens,

176 2032 335 2065 Con/idiotas
347 2034 409 2067 quia
421 2032 514 2059 bonam
526 2032 710 2059 conscientiam
730 2032 852 2059 habemus
862 2051 869 2063 ,
884 2030 966 2058 veluti

175 2078 195 2104 si
210 2079 311 2105 diceret
327 2087 333 2103 ί
355 2077 420 2104 Nolo
443 2078 509 2104 mihi
528 2077 713 2104 accusationes
729 2077 831 2111 aliquas
847 2075 965 2111 profera-

176 2123 215 2149 tis.
230 2123 415 2154 Conscientia,
432 2122 528 2156 inquit,
550 2127 641 2149 nostra
660 2129 708 2149 nos
718 2122 745 2148 in
759 2122 832 2148 nullo
843 2122 966 2148 condem-

175 2172 227 2198 nat,
250 2175 338 2201 neque
351 2166 428 2194 nobis
439 2167 540 2201 aliquid
554 2166 654 2193 conscii
669 2174 762 2193 smnus
774 2167 908 2200 quomodo
920 2174 965 2194 vo-

174 2211 211 2237 bis
225 2211 337 2238 insidias
357 2211 509 2237 fecerimus.
532 2209 705 2244 Conﬁdimus,
725 2210 821 2244 inquit,
841 2211 964 2244 quoniam

1018 1626 1152 1661 Propheta
1175 1626 1295 1660 loquitur
1315 1626 1421 1653 dicens:
1441 1625 1476 1652 Et
1492 1625 1634 1653 secundum
1650 1625 1806 1653 munditiam

1018 1679 1143 1698 manuum
1165 1680 1281 1698 arearum
1302 1672 1328 1698 in
1351 1676 1487 1707 conspectu
1509 1673 1645 1698 oculorum
1666 1671 1739 1706 ejus;
1763 1671 1806 1698 cui

1018 1718 1056 1744 rei
1072 1724 1136 1743 vera
1150 1717 1177 1744 in
1190 1717 1266 1744 ctelis
1276 1722 1318 1745 est
1340 1724 1444 1745 merces
1457 1722 1604 1752 prastante
1620 1717 1732 1744 Domino
1757 1724 1806 1744 uo-

1018 1766 1073 1790 stro
1086 1761 1148 1789 Jesu
1168 1762 1286 1795 Christo,
1311 1763 1356 1797 qui
1378 1770 1439 1790 cum
1462 1762 1541 1790 Patre
1555 1767 1583 1789 et
1595 1761 1697 1797 Spiritu
1711 1766 1807 1789 sancto

1017 1807 1083 1834 vivit
1096 1811 1124 1834 et
1150 1811 1244 1843 regnat
1258 1806 1339 1839 Deus,
1357 1814 1404 1841 per
1418 1807 1507 1834 omnia
1522 1807 1620 1834 saecula
1633 1805 1804 1834 saeculorum.

1016 1852 1112 1879 Amen.

1305 1896 1444 1923 llOMlLlA
1462 1895 1519 1923 XX.

1303 1948 1369 1968 ITEI
1386 1949 1463 1968 FEBIA
1480 1949 1515 1968 ιν.

1085 1986 1176 2014 Lectio
1189 1986 1275 2014 sancti
1288 1986 1425 2022 Evangelii
1439 1987 1588 2014 secundum
1601 1987 1731 2015 Marcum.

1051 2031 1085 2058 In
1104 2031 1149 2058 illo
1161 2036 1286 2067 tempore,
1301 2039 1409 2066 surgens
1423 2030 1502 2059 Iesus
1515 2040 1591 2059 mane
1604 2033 1690 2067 prima
1700 2032 1800 2060 sabbati

1016 2076 1136 2111 apparuit
1151 2076 1235 2111 primo
1251 2075 1345 2103 Maria:
1357 2076 1535 2110 Magdalena',
1549 2082 1600 2104 etc.

1051 2121 1114 2149 Haec
1128 2121 1261 2156 apparitio
1276 2129 1329 2156 quo
1343 2122 1422 2149 modo
1434 2126 1461 2149 et
1485 2122 1530 2149 ubi
1546 2123 1581 2150 sit
1604 2122 1673 2150 facta
1686 2122 1803 2151 Joannes

1016 2168 1170 2202 plenissime
1185 2168 1271 2195 docet.
1287 2167 1411 2194 Surrexit
1425 2173 1514 2195 autem
1530 2168 1660 2196 Dominus
1674 2176 1753 2196 mane
1770 2170 1803 2197 de

1016 2218 1190 2241 monumento
1202 2214 1228 2240 in
1244 2220 1308 2247 quo,
1325 2220 1386 2240 sero
1398 2213 1454 2247 jam
1479 2213 1560 2241 facto.
1575 2218 1633 2239 erat
1654 2214 1803 2248 depositus,

175 2258 263 2285 bonum
277 2259 462 2285 conscientiam
474 2257 598 2284 habemus
611 2259 637 2285 in
656 2258 785 2289 omnibus,
798 2265 849 2284 non
865 2258 890 2285 in
903 2266 965 2295 gen-
978 2246 1003 2275 θ
1017 2263 1046 2286 ut
1058 2258 1250 2293 adimpleretur
1264 2258 1327 2285 illud
1340 2257 1488 2285 Psalmistaa
1500 2267 1506 2285 :
1518 2258 1559 2285 Ad
1571 2267 1701 2294 uesperum
1712 2260 1802 2288 demo-

175 2305 241 2331 tibus
254 2309 372 2336 tantum,
388 2305 435 2331 sed
447 2305 528 2331 etiam
546 2304 572 2331 in
584 2304 669 2331 vobis.
686 2303 756 2330 Nihil
774 2304 963 2339 negotiationis

175 2351 255 2384 gratia
271 2350 395 2382 fecimus,
420 2349 487 2376 nihil
515 2349 690 2377 confcctionis
710 2350 892 2383 protulimus;
912 2350 965 2377 for-

176 2399 243 2423 tasse
256 2397 329 2422 enim
345 2397 371 2422 in
395 2396 492 2423 talibus
505 2397 694 2423 accusabatur.
722 2396 865 2422 Audierant
881 2397 961 2428 enim,

175 2442 267 2476 inquit,
281 2444 314 2469 de
331 2447 356 2469 lc
367 2443 495 2477 quomodo
509 2442 691 2469 discessionem
705 2442 779 2468 doces
792 2450 807 2468 a
820 2441 894 2476 lege;
908 2449 961 2468 non

173 2488 240 2515 ticut
253 2489 388 2518 inimicus,
414 2488 514 2522 inquit,
531 2495 617 2522 neque
636 2487 706 2514 sicut
720 2487 817 2519 hostis,
832 2487 877 2513 sed
892 2487 962 2513 sicut

175 2533 272 2559 amicus
288 2533 346 2559 haec
359 2532 458 2559 scribo.
473 2532 529 2559 Hoc
546 2532 626 2559 etiam
638 2539 671 2559 ex
685 2532 726 2559 bis
739 2539 799 2566 qua;
812 2536 961 2567 sequuntur

174 2579 330 2605 ostenditur.

207 2624 325 2658 Amplius
339 2628 426 2651 autem
440 2624 564 2657 deprecor
576 2631 619 2650 vos
645 2623 694 2650 hoc
710 2623 806 2656 facere,
819 2627 846 2648 ut
857 2630 908 2657 quo
920 2630 960 2649 ce-

173 2668 250 2696 lerius
264 2670 387 2696 restituar
398 2669 477 2695 vobis.
490 2668 546 2696 Hoc
560 2669 632 2696 enim
646 2669 759 2695 nimium
780 2668 897 2695 amantis
919 2672 960 2695 est

173 2714 211 2740 sic
225 2721 303 2741 orare
316 2722 370 2740 non
389 2713 556 2747 simpliciter,
567 2713 612 2740 sed
624 2721 684 2739 cum
701 2717 756 2739 tota
772 2712 919 2739 intentione
933 2717 960 2738 et

172 2761 244 2787 omni
258 2767 371 2794 prorsus
381 2760 480 2787 studio.
498 2759 533 2786 Ut
551 2759 615 2790 cito,
629 2759 724 2792 inquit,
736 2759 769 2785 ad
783 2766 828 2785 vos
843 2758 957 2785 veniam.

175 2804 231 2832 Hoc
242 2806 323 2832 animi
338 2809 381 2832 cst
395 2805 463 2832 nihil
477 2805 528 2832 sibi
543 2805 643 2832 conscii
658 2804 795 2835 festinare,
815 2808 844 2830 ut
865 2804 899 2830 ad
913 2810 961 2830 eos

178 2851 303 2879 velociter
320 2851 470 2884 adveniret,
489 2855 516 2879 ct
530 2851 665 2879 exhortari
688 2851 758 2882 illos,
772 2858 850 2878 orare
867 2858 916 2884 pro
931 2850 962 2876 εις

1015 2305 1117 2331 rabitur
1129 2304 1215 2338 ﬂetus,
1230 2307 1254 2330 et
1266 2303 1300 2329 ad
1310 2303 1469 2330 matutinum
1482 2303 1584 2331 laztitia.
1598 2304 1725 2339 Sepultus
1738 2313 1803 2341 ergo

1013 2354 1089 2378 sexta
1117 2349 1222 2377 sabbati
1245 2356 1305 2383 qum
1334 2348 1433 2376 dicitur
1457 2347 1605 2377 Parasceve
1623 2350 1694 2378 circa
1707 2350 1811 2378 horam-

1015 2395 1208 2430 vespertinam,
1223 2393 1346 2428 sequenti
1360 2398 1440 2421 nocte
1455 2402 1487 2421 ac
1500 2395 1542 2422 die
1555 2396 1658 2423 sabbati
1674 2404 1735 2423 cum
1750 2403 1802 2424 no.

1014 2447 1057 2468 cte
1070 2440 1242 2474 subsequenti
1257 2439 1284 2466 in
1301 2444 1475 2467 monumento
1485 2441 1598 2475 positus,
1613 2442 1653 2470 sic
1667 2442 1710 2470 die
1722 2443 1802 2470 tertia

1014 2487 1040 2513 id
1055 2491 1108 2518 est,
1122 2486 1209 2521 primo
1229 2493 1309 2512 mane
1323 2485 1428 2513 sabbati
1454 2487 1581 2514 surrexit.
1608 2487 1745 2524 Apparuit,
1760 2489 1802 2516 in-

1014 2533 1082 2568 quit,
1096 2533 1179 2567 prima
1195 2531 1289 2559 Mar-iw
1304 2531 1468 2567 Hagdalena:
1477 2534 1510 2560 de
1519 2542 1570 2569 qua
1581 2535 1691 2569 ejecerat
1704 2541 1800 2571 septem

1014 2578 1154 2605 damonia.

1051 2623 1103 2650 Illa
1127 2623 1222 2650 radens
1247 2624 1372 2651 nuntiavit
1391 2624 1440 2656 his,
1453 2626 1499 2661 qui
1513 2634 1571 2652 cum
1585 2635 1614 2653 eo
1626 2632 1741 2661 Inerant,
1755 2627 1798 2654 lu-

1013 2669 1129 2704 gentibus
1141 2674 1164 2696 et
1177 2669 1308 2704 ﬂentibus.
1326 2669 1402 2697 Sicut
1412 2670 1438 2697 in
1450 2671 1583 2706 principio
1597 2672 1693 2702 mulier
1704 2675 1800 2699 auctor

1013 2714 1097 2748 culpa:
1111 2714 1167 2740 viro
1185 2713 1244 2746 fuit,
1260 2714 1301 2741 vir
1312 2719 1455 2742 exsecutor
1468 2717 1579 2748 erroris,
1599 2717 1634 2744 ita
1652 2724 1723 2744 nunc
1739 2725 1800 2751 qua:

1013 2759 1088 2794 prius
1116 2762 1229 2785 mortem
1245 2763 1399 2794 gustaverat
1411 2761 1637 2789 resurrectionem
1663 2762 1739 2795 prior
1756 2762 1798 2789 vi-

1014 2804 1067 2835 dit;
1092 2808 1119 2830 et
1137 2812 1170 2831 ne
1189 2804 1308 2838 perpetui
1332 2809 1423 2832 reatus
1441 2806 1512 2840 apud
1533 2806 1605 2837 viros
1622 2807 1796 2841 opprobrium

1015 2849 1170 2881 sustineret,
1186 2857 1245 2883 qum
1254 2849 1358 2884 culpam
1373 2850 1430 2876 viro
1444 2850 1633 2883 transfuderat,
1650 2851 1796 2879 transfudit
