4040 6188
478 308 581 388 ts‘s

476 457 533 504 et
551 436 801 521 gratiam.
836 446 987 503 Unde
1014 458 1155 504 recte
1182 449 1396 515 mulier,
1425 450 1539 506 haec
1567 465 1686 519 quae
1705 451 1839 505 viris
1865 450 2048 521 lugen-
2077 456 2130 515 Α

475 539 618 594 tibus
646 552 710 593 ac
731 536 981 593 ilentibus
1010 537 1250 593 laetitiam
1288 539 1583 593 Dominicce
1637 539 2047 594 resurrectionis

474 628 649 698 prima
679 628 963 693 nuntiavit,
1000 642 1031 680 a
1068 635 1274 697 septem
1328 628 1659 683 daemonibus
1705 635 1888 682 curata
1928 642 2049 682 esse

473 727 829 785 memoratur,
853 727 913 773 ut
940 719 1208 773 universis
1272 719 1418 775 vitiis
1453 720 1608 790 plena
1640 719 1828 786 fuisse,
1858 720 1951 775 sed
1980 721 2049 775 ab

473 810 561 866 bis
584 809 831 865 omnibus
861 810 1042 864 divino
1071 825 1294 866 munere
1332 814 1586 866 mundata
1611 825 1732 865 esse
1784 812 2045 882 signetur,

473 909 530 955 et
577 899 668 956 ubi
721 900 1011 955 abundavit
1054 908 1334 969 peccatum
1379 900 1842 970 superabundasse
1875 900 2048 972 gratia

473 997 822 1046 monstretur.

543 1085 613 1140 Et
664 1084 748 1140 illi
795 1086 1063 1139 audientes
1105 1086 1229 1157 quia
1268 1086 1451 1139 viveret
1473 1094 1521 1139 et
1552 1085 1690 1139 visus
1715 1093 1844 1139 esset
1873 1085 1937 1139 ab
1964 1101 2045 1148 ea,

474 1194 578 1232 non
619 1175 972 1231 crediderunt.
1018 1176 1171 1243 Quod
1209 1178 1657 1231 resurrectionem
1714 1177 2046 1231 Dominieam

472 1266 722 1337 discipuli
757 1269 908 1321 tarde
937 1268 1300 1331 crediderunt,
1334 1282 1438 1321 non
1472 1276 1580 1321 tam
1633 1267 1843 1322 illorum
1896 1265 2049 1322 infir-

470 1357 632 1411 mitas
655 1372 817 1426 quam
842 1363 1050 1421 nostra,
1068 1365 1128 1409 ut
1154 1356 1225 1410 ita
1248 1355 1442 1419 dicam,
1470 1354 1646 1409 futura
1681 1355 1910 1410 firmitas
1927 1355 2044 1421 fuit,

469 1445 848 1517 lpsagnamque
874 1447 1197 1501 resurrectio
1219 1446 1361 1502 illius
1382 1446 1749 1501 dubitantibus
1762 1461 1860 1517 per
1882 1447 2047 1501 multa

470 1513 787 1606 arguinenta
845 1545 1143 1592 monstrata
1196 1547 1299 1603 est,
1356 1554 1475 1607 qua:
1520 1538 1645 1593 dum
1690 1513 1788 1593 nos
1813 1538 2049 1607 legentes

468 1629 830 1699 agnoscimus,
867 1627 992 1697 quid
1018 1628 1159 1683 aliud
1184 1643 1343 1697 quam
1375 1630 1440 1685 de
1488 1630 1701 1684 illorum
1755 1630 2049 1685 solidamur

471 1718 849 1773 dubitatione?
920 1717 1094 1773 Minus
1147 1720 1291 1773 enim
1345 1720 1475 1775 mihi
1522 1721 1686 1775 Maria
1738 1720 2045 1792 Magdalena

1116 334 1176 389 B.
1221 336 1467 393 RABANI
1509 336 1724 393 MAURI
1761 336 2077 393 ARCHIEP.
2120 332 2423 391 MOGUNT.
2465 334 2755 393 OPERUM
2792 336 2971 393 PARS
3007 337 3072 394 II.

3628 337 3733 398 188

2720 446 3000 505 HOMILIA
3020 448 3163 503 XXI.

2812 556 2970 595 PERIA
2990 556 3065 595 VI.

2255 630 2441 685 Lectio
2467 631 2638 685 sancti
2660 630 2935 701 Evangelii
2962 631 3258 686 secundum
3284 629 3620 687 Mattbzeum.

2221 720 2291 775 In
2325 719 2418 775 illo
2444 731 2694 789 tempore,
2716 721 2951 774 exierunt
2989 721 3091 774 cito
3123 719 3368 774 mulieres
3422 720 3487 774 de
3535 738 3731 776 monu-

2149 822 2320 866 mento
2364 829 2482 866 eum
2536 813 2722 866 timore
2756 821 2803 865 et
2831 810 3024 881 gaudio
3053 826 3269 882 magno,
3293 820 3560 866 currentes
3585 829 3730 866 nun-

2150 903 2283 956 tiare
2304 902 2578 973 discipulis
2602 903 2738 973 ejus,
2763 911 2869 957 etc.

2221 993 2425 1064 Duplex
2469 995 2612 1048 enim
2652 1002 2863 1049 mentes
2899 993 3182 1048 mulierum
3224 994 3443 1048 tenebat
3480 994 3729 1060 affectus,

2150 1084 2361 1137 timoris
2408 1092 2463 1137 et
2512 1084 2722 1153 gaudii;
2755 1084 2893 1139 alter
2927 1084 2995 1138 de
3040 1084 3287 1139 miraculi
3333 1084 3730 1153 magnitudine,

2150 1173 2287 1227 alter
2311 1189 2377 1227 ex
2406 1174 2677 1229 desiderio
2712 1175 3071 1244 resurgentis:
3098 1183 3153 1229 et
3181 1183 3360 1228 tamen
3389 1183 3621 1244 uterque
3646 1173 3729 1228 fe-

2150 1262 2387 1317 mineum
2414 1262 2720 1317 concitabat
2747 1263 3008 1331 gradum;
3043 1263 3341 1333 pergebant
3361 1263 3428 1316 ad
3457 1262 3732 1331 apostolos

2149 1361 2211 1406 ut
2236 1367 2335 1421 per
2363 1352 2480 1406 illos
2506 1352 2856 1407 seminarium
2902 1351 3025 1405 fidei
3073 1359 3411 1420 spargerent.
3445 1350 3731 1405 Currenti-

2152 1449 2251 1503 bus
2271 1457 2448 1501 autem
2474 1447 2845 1519 evangelizare
2866 1446 3144 1517 discipulis
3164 1445 3398 1500 occurrit
3419 1443 3576 1498 lesus
3600 1459 3727 1499 eos-

2150 1551 2255 1606 que
2276 1537 2493 1602 salutat,
2524 1536 2817 1591 ostendens
2844 1552 2904 1591 se
2946 1535 3197 1591 omnibus
3225 1536 3329 1589 iter
3355 1534 3615 1588 virtutum
3643 1534 3731 1588 in-

2151 1625 2489 1690 choantibus,
2555 1634 2613 1680 ut
2680 1627 2746 1680 ad
2796 1626 3025 1681 salutem
3082 1633 3396 1697 perpetuam
3444 1627 3732 1695 pervenire

2151 1726 2351 1786 queant
2378 1716 2681 1785 adiuvando
2709 1731 3014 1771 occurrere.

468 1810 721 1879 priestitit
750 1825 869 1879 quae
892 1810 1051 1866 citius
1072 1811 1319 1878 credidit,
1348 1827 1509 1882 quam
1538 1812 1773 1868 Thomas
1821 1814 1911 1883 qui
1956 1814 2040 1870 diu

2221 1804 2356 1859 Ecce
2410 1806 2566 1860 Iesus
2620 1806 2846 1860 occurrit
2883 1804 2990 1859 illis
3034 1805 3232 1869 dicens,
3260 1804 3447 1859 Avete.
3486 1801 3618 1869 Quae
3648 1803 3732 1858 sic

469 1898 753 1953 dubitavit.
790 1899 881 1954 Ille
914 1902 1116 1955 etenim
1153 1901 1406 1958 dubitans
1451 1903 1729 1960 vulnerum
1767 1906 2047 1961 cicatrices

469 1976 664 2062 tetigit,
696 2001 750 2047 et
777 1993 843 2048 de
864 2004 1052 2049 nostro
1079 2004 1295 2064 pectore
1324 1996 1615 2051 dubietatis
1642 1996 1835 2051 vulnus
1859 2012 2046 2067 ampu-

469 2085 623 2139 tavit.

546 2172 669 2229 Post
691 2177 802 2231 htec
823 2186 996 2233 autem
1022 2179 1223 2233 duobus
1245 2196 1309 2233 ea:
1354 2181 1429 2234 eis
1459 2179 1848 2235 ambulantibus
1875 2190 2047 2236 osten—

468 2280 565 2319 sus
617 2276 691 2320 est
718 2267 773 2322 in
795 2266 902 2321 alia
922 2269 1083 2339 efﬁgie
1108 2270 1353 2324 euntibus
1380 2270 1435 2325 in
1463 2270 1676 2337 villam;
1703 2282 1749 2326 et
1770 2272 1849 2325 illi
1868 2282 2045 2327 euntes

474 2354 901 2411 renuntiaverunt
960 2361 1181 2414 ca'teris.
1237 2359 1514 2427 Quomodo
1567 2362 1671 2418 hoc
1722 2361 1922 2417 factum
1975 2365 2047 2419 sit

472 2443 650 2500 Lucas
682 2448 932 2516 exposuit
976 2448 1160 2505 latius.
1215 2450 1368 2516 Quod
1419 2461 1600 2507 autem
1631 2453 1759 2508 dicit
1811 2453 2041 2520 Marcus,

468 2543 705 2591 ostensus
734 2548 809 2593 est
838 2539 891 2593 in
923 2539 1030 2594 alia
1074 2543 1253 2612 efﬁgie,
1282 2543 1385 2599 boc
1407 2545 1649 2615 apertius
1678 2544 1809 2600 dicit
1831 2544 2004 2601 Lucas
2029 2565 2040 2600 :

464 2627 590 2697 quia
614 2628 751 2682 oculi
779 2647 959 2685 eorum
987 2634 1297 2689 tenebantur
1324 2652 1388 2690 ne
1415 2654 1534 2691 eum
1572 2648 1931 2709 agnoscerent,
1954 2639 2048 2692 do-

464 2731 560 2772 nec
590 2720 847 2774 venientes
894 2738 1012 2775 cum
1046 2723 1139 2777 illo
1182 2726 1236 2778 in
1262 2727 1531 2780 castellum
1553 2744 1654 2798 quo
1682 2728 1846 2792 ibant,
1884 2739 1931 2782 et
1953 2746 2046 2797 po-

461 2816 643 2864 nentes
667 2811 714 2863 ei
734 2826 962 2865 mensam
983 2816 1133 2883 quasi
1151 2819 1443 2887 peregrino,
1473 2818 1679 2872 tandem
1702 2830 2044 2890 cognoverunt

463 2913 583 2953 eum
609 2900 663 2953 in
688 2900 943 2969 fractione
967 2903 1137 2972 panis.
1163 2904 1265 2971 Qui
1292 2906 1431 2960 sicut
1454 2907 1598 2962 idem
1630 2907 1804 2963 Lucas
1842 2924 2038 2965 consc-

463 2998 693 3058 quenter
712 2990 987 3063 adjungit:
1018 2992 1296 3065 Surgentes
1318 2998 1498 3051 eadem
1519 2999 1648 3053 hora
1676 3010 1797 3053 sunt
1824 3003 2042 3071 regressi

460 3079 518 3132 in
556 3077 909 3147 Hierusalem,
949 3092 1015 3137 'et
1061 3085 1363 3140 invenerunt
1406 3099 1743 3158 congregatos
1776 3091 2035 3158 undecim,

2146 1898 2478 1966 quaerebant,
2509 1912 2629 1967 quae
2677 1898 2748 1952 ita
2786 1897 3098 1961 currebant,
3131 1895 3481 1951 merebantur
3506 1895 3729 1951 obvium

2147 1988 2348 2043 habere
2404 1988 2689 2042 Dominum
2744 1996 3133 2053 resurgentem,
3184 1995 3236 2041 et
3293 1988 3484 2056 prima:
3513 1986 3729 2051 audire,

2147 2077 2325 2142 Avete,
2380 2084 2441 2131 ut
2488 2076 2832 2132 maledictum
2880 2076 3006 2131 Eva:
3058 2076 3302 2132 mulieris
3328 2077 3381 2131 in
3408 2076 3728 2132 mulieribus

2146 2167 2466 2222 solveretur.

2216 2255 2335 2310 Illa:
2358 2265 2530 2310 autem
2556 2266 2904 2322 accesserunt,
2936 2266 2984 2310 et
3011 2265 3286 2310 tenuerunt
3314 2255 3469 2325 pedes
3506 2256 3645 2325 ejus,
3672 2267 3727 2311 et

2146 2348 2494 2401 adoraverunt
2522 2362 2661 2400 eum.
2689 2346 2811 2400 Istae
2831 2346 3095 2403 accedunt
3117 2353 3173 2399 et
3189 2353 3375 2400 tenent
3392 2345 3556 2415 pedes
3582 2343 3727 2413 eius,

2144 2436 2270 2505 quia
2296 2435 2658 2490 adoraverunt
2686 2450 2830 2490 eum.
2874 2434 3141 2490 Caeterum
3179 2434 3267 2488 illa
3296 2447 3417 2504 quae
3446 2434 3727 2504 quaerebat

2144 2527 2414 2581 viventem
2470 2541 2593 2581 cum
2654 2526 2905 2591 mortuis,
2937 2532 2992 2580 et
3021 2525 3291 2580 nesciebat
3323 2524 3499 2579 adhuc
3525 2523 3723 2577 Filium

2146 2618 2240 2672 Dei
2262 2616 2644 2681 resurrexisse,
2673 2617 2867 2672 merito
2886 2617 3127 2670 audivit:
3155 2614 3234 2668 Ne
3255 2625 3441 2684 tangas
3466 2631 3565 2677 me,
3597 2629 3725 2669 non-

2145 2709 2270 2762 dum
2291 2709 2427 2762 enim
2456 2707 2667 2761 ascendi
2690 2708 2759 2761 ad
2798 2705 3011 2760 Patrem
3039 2722 3233 2760 meum.
3290 2703 3584 2759 Videamus
3638 2719 3723 2757 re-

2145 2805 2453 2869 surgentem
2483 2811 2512 2850 a
2540 2798 2769 2853 mortuis
2805 2797 3091 2852 Dominum
3140 2796 3193 2850 in
3238 2795 3469 2850 veritate
3522 2803 3725 2848 nostrae

2143 2888 2344 2950 carnis,
2369 2886 2648 2943 videamus
2674 2887 2900 2959 gloriam
2927 2901 3080 2943 nova:
3122 2887 3513 2957 corruptionis.
3546 2884 3720 2955 Supe-

2112 2984 2113 2989 ‘
2145 2978 2258 3032 rius
2284 2977 2480 3046 quippe
2513 2976 2708 3031 lectum
2735 2986 2821 3033 est
2847 2978 2975 3048 quia
3017 2978 3203 3033 clauso
3243 2978 3483 3033 surrexit
3524 2993 3711 3033 monu-

2145 3076 2357 3131 mento;
2388 3081 2530 3121 nunc
2561 3075 2743 3121 autem
2773 3067 2969 3138 legitur
2996 3069 3119 3137 quia
3146 3068 3402 3123 mulieres
3428 3076 3719 3124 tenuerunt

461 3177 510 3221 et
531 3184 617 3223 eos
646 3170 736 3240 qui
761 3188 879 3225 cum
901 3173 1024 3241 ipsis
1046 3186 1193 3229 erant
1214 3176 1440 3231 dicentes
1463 3192 1481 3230 :
1506 3148 1665 3244 22qu
1687 3184 1912 3234 surrexit
1935 3148 2040 3235 Do;
2067 3148 2112 3209 Ο
2143 3157 2306 3227 pedes
2332 3157 2467 3228 eius,
2496 3165 2551 3212 et
2578 3159 2936 3214 “Navem”!
2959 3175 3102 3214 eum'
3136 3160 3387 3215 Surre‘i‘
3407 3160 3552 3215 enim
3576 3160 3722 3215 ἀπ’

460 3261 635 3315 minus
662 3279 778 3318 vere
798 3273 846 3318 et
861 3268 1103 3335 apparuit
1136 3265 1358 3322 Simoni.
1386 3268 1454 3322 Et
1492 3270 1591 3340 ipsi
1614 3271 1899 3325 narrabant
1922 3289 2039 3343 qua:

460 3362 607 3421 gesta
634 3363 782 3409 erant
804 3356 859 3409 in
884 3358 963 3411 via
990 3366 1037 3411 et
1061 3358 1319 3428 quomodo
1344 3372 1691 3430 cognoverunt
1712 3379 1829 3416 eum
1857 3363 1910 3416 in
1933 3363 2040 3432 fra-

461 3443 630 3497 ctione
650 3446 821 3515 panis.
846 3445 999 3513 Quod
1021 3456 1199 3502 autem
1232 3449 1307 3503 ait
1334 3448 1565 3517 Marcus,
1596 3452 2038 3507 annuntiaverunt

460 3533 684 3599 caneris,
713 3533 898 3588 necilli
918 3536 1272 3604 crediderunt,
1302 3553 1425 3592 cum
1466 3537 1641 3593 Lucas
1691 3540 1838 3594 dicat
1894 3542 2037 3610 quod

456 3620 566 3676 iam
591 3631 716 3678 ante
752 3623 1113 3693 loquebantur
1136 3640 1262 3681 vere
1292 3627 1674 3693 resurrexisse,
1723 3636 1779 3682 et
1829 3627 2033 3683 Simoni

458 3714 794 3781 apparuisse,
821 3715 949 3783 quid
974 3714 1377 3786 intelligendum
1400 3724 1499 3779 est,
1518 3716 1622 3771 nisi
1645 3717 1852 3788 aliquos
1872 3717 2037 3773 fuisse

458 3800 534 3854 ibi
559 3801 651 3869 qui
677 3802 779 3856 hoc
805 3802 1010 3857 nollent
1032 3804 1299 3858 credere?
1324 3804 1420 3859 Cui
1452 3815 1630 3861 autem
1673 3822 1779 3861 non
1829 3807 2037 3862 eluceat

457 3892 874 3961 praetermisisse
929 3892 1166 3949 Marcum
1207 3910 1327 3964 quae
1350 3895 1525 3952 Lucas
1557 3900 1828 3955 narrando
1858 3900 2032 3971 expli-

458 3981 623 4045 cavit,
650 3981 753 4035 boc
785 3989 868 4035 est
888 3997 1008 4051 quae
1033 3998 1155 4037 cum
1186 3984 1292 4038 illis
1318 3985 1525 4040 locutus
1551 3986 1713 4041 fuerit
1738 3989 1895 4044 Jesus
1941 4005 2037 4044 an-

459 4076 675 4137 tequam
734 4081 1233 4140 agnoscerenteum
1280 4084 1335 4128 et
1375 4076 1645 4146 quomodo
1680 4092 1803 4131 eum
1846 4079 1899 4131 in
1927 4078 2035 4133 fra-

457 4159 637 4216 ctioue
657 4161 813 4230 panis
838 4163 1197 4231 agnoverint?
1228 4162 1454 4231 Quando
1478 4165 1693 4235 quidem
1718 4183 1841 4221 mox
1870 4176 1923 4221 ut
1954 4169 2035 4223 di-

457 4250 539 4305 xit
571 4251 652 4307 eis
677 4252 991 4322 apparuisse
1022 4252 1074 4307 in
1098 4252 1202 4308 alia
1223 4251 1395 4325 efﬁgie
1428 4256 1679 4311 euntibus
1722 4256 1775 4310 in
1829 4257 2031 4323 villam,

457 4342 717 4396 continuo
739 4342 1043 4413 cunjunxit,
1071 4343 1138 4396 Et
1171 4343 1250 4397 illi
1271 4354 1448 4399 euntes
1483 4347 1852 4400 nunriaverunt
1883 4357 2033 4401 ca'te-

456 4436 554 4498 ris,
598 4452 688 4489 nec
731 4434 838 4490 illis
884 4436 1259 4490 crediderunt:
1316 4437 1469 4508 quasi
1522 4446 1741 4507 possent
1785 4439 2034 4493 nuntiare

461 4539 621 4592 quem
652 4540 756 4579 non
790 4536 1141 4595 agnoverant,
1167 4536 1259 4582 aut
1284 4536 1504 4597 possent
1529 4542 1819 4598 agnoscere
1841 4528 2034 4597 quibus

458 4613 563 4667 alia
604 4612 806 4684 etligies
844 4614 960 4683 ejus
1014 4627 1354 4689 apparuerat.
1399 4618 1678 4685 Quomodo
1730 4634 1857 4688 ergo
1909 4633 2031 4673 eum

410 4718 419 4729 '
456 4706 774 4777 agnoverint
816 4716 874 4761 ut
899 4710 1148 4777 nuntiare
1173 4721 1410 4779 possent,
1457 4710 1671 4765 Marcus
1716 4712 1832 4766 sine
1871 4710 2034 4765 dubio

456 4796 822 4865 praetermisit.
854 4795 1007 4863 Quod
1048 4798 1169 4853 ideo
1218 4802 1493 4855 memoria:
1545 4802 2029 4856 commendandum

455 4895 564 4951 est,
596 4895 655 4940 ut
688 4903 1063 4943 assuescamus
1084 4889 1365 4946 advertere
1405 4893 1855 4963 evangelistarum
1911 4909 2030 4947 mo-

456 4992 572 5031 rem
601 4977 677 5031 ita
704 4979 1231 5046 praetermittentium
1273 4996 1394 5051 qua:
1432 4999 1537 5038 non
1583 4994 2029 5047 commemorant,

454 5074 511 5120 et
563 5065 999 5138 conjungentium
1043 5084 1164 5139 qua:
1210 5082 1656 5137 commemorant,
1708 5082 1768 5127 ut
1809 5074 1888 5128 eis
1938 5074 2028 5142 qui

456 5172 614 5211 usum
642 5157 695 5211 in
726 5158 830 5213 hac
850 5161 1281 5215 consideratione
1310 5178 1415 5217 non
1446 5163 1669 5228 habent,
1708 5179 1812 5219 non
1852 5165 2026 5219 aliun-

455 5250 523 5303 de
548 5249 784 5303 maxime
809 5264 964 5304 error
992 5251 1224 5317 oriatur,
1273 5267 1379 5320 quo
1414 5263 1605 5322 putant
1646 5271 1739 5310 eos
1778 5270 1883 5310 non
1924 5256 2027 5311 sibi

454 5356 773 5412 congruere,
806 5356 925 5396 cum
951 5342 1031 5398 eis
1051 5358 1157 5397 una
1184 5343 1337 5409 fides,
1368 5361 1534 5400 unum
1565 5347 1829 5417 baptisma
1860 5355 2025 5413 esset,

453 5438 511 5483 et
540 5446 706 5485 unum
731 5431 899 5485 Deum
921 5434 1191 5489 veraciter
1218 5434 1484 5497 colebant,
1523 5438 1614 5505 qui
1648 5438 1700 5491 in
1731 5438 1952 5493 Uuitate
1972 5446 2028 5492 et

455 5518 721 5577 Trinitate
745 5523 984 5594 perfecta
1011 5534 1221 5595 regnat,
1252 5542 1348 5597 per
1379 5527 1560 5581 omnia
1592 5528 1784 5584 saecula
1807 5530 2027 5585 saculo-

457 5624 598 5664 rum.
628 5612 819 5668 Amen.

2060 4488 2112 4548 D

2142 3261 2204 3302 so
2230 3247 2369 3303 ostio
2398 3248 2730 3302 monumenti
2744 3256 2799 3304 et
2822 3248 2975 3314 exiit,
2997 3249 3372 3304 utimmortale
3378 3250 3495 3320 jam
3520 3248 3720 3304 factum

2142 3334 2362 3391 doceret
2387 3350 2509 3392 esse
2538 3352 2754 3407 corpus,
2797 3337 2941 3405 quod
2978 3338 3031 3393 in
3070 3348 3425 3394 monumento
3473 3339 3720 3394 clausum

2141 3422 2319 3478 fuerat
2400 3432 2695 3480 mortuum.
2769 3424 3054 3482 Tenendas
3124 3426 3440 3482 mulieribus
3488 3428 3722 3497 praebuit

2138 3514 2372 3585 plantas,
2401 3524 2462 3571 ut
2488 3532 2671 3572 veram
2702 3532 2761 3572 se
2781 3516 2981 3573 habere
3010 3532 3231 3574 carnem
3259 3533 3381 3588 quae
3419 3535 3452 3573 a
3480 3520 3722 3575 mortali-

2137 3603 2237 3659 bus
2267 3606 2411 3676 tangi
2432 3615 2613 3676 posset
2638 3607 2932 3662 intimaret.

2212 3693 2355 3749 Tunc
2383 3698 2458 3749 ait
2492 3696 2632 3750 illis:
2664 3697 2843 3752 Nolite
2863 3699 3061 3753 timere.
3093 3700 3158 3754 Et
3179 3701 3234 3754 in
3265 3699 3445 3755 Veteri
3473 3707 3529 3755 et
3567 3700 3719 3759 Novo

2138 3783 2490 3843 Testamento
2548 3788 2651 3842 hoc
2696 3802 2910 3858 semper
2976 3790 3371 3846 observandum
3409 3800 3522 3857 est,
3570 3795 3721 3862 quod

2135 3876 2352 3944 quando
2382 3880 2660 3949 augustior
2692 3879 2871 3949 aliqua
2908 3884 3250 3950 apparaverit
3286 3884 3445 3950 visio,
3478 3886 3720 3954 primum

2136 3966 2385 4022 timorem
2417 3968 2600 4038 pellat,
2632 3977 2692 4023 ut
2713 3970 2793 4025 sic
2813 3980 2993 4027 mente
3019 3971 3230 4042 placida
3256 3975 3471 4043 possint
3489 3992 3612 4045 qua:
3632 3978 3718 4032 di-

2136 4073 2336 4120 cuntur
2361 4068 2557 4123 audiri.

2205 4155 2308 4222 Ite,
2364 4159 2600 4213 nuntiate
2627 4159 2882 4229 fratribus
2926 4163 3055 4217 meis
3095 4171 3153 4217 ut
3179 4172 3300 4218 eant
3332 4165 3389 4219 in
3408 4163 3712 4233 Galilaeam,

2133 4243 2204 4297 ibi
2227 4261 2308 4299 me
2336 4246 2600 4301 videbunt.
2634 4249 2728 4305 His
2754 4250 3012 4307 fratribus
3042 4253 3193 4317 dicit,
3219 4253 3287 4307 de
3312 4254 3509 4323 quibus
3532 4255 3585 4309 in
3611 4255 3720 4310 alio

2133 4332 2249 4389 loco
2276 4335 2502 4391 dicitur:
2535 4339 2869 4395 Annuntiabo
2900 4358 3088 4395 nomen
3119 4351 3267 4395 tuum
3289 4342 3543 4411 fratribus
3564 4346 3719 4408 meis,

2140 4429 2232 4498 qui
2285 4428 2623 4485 Salvatorem
2660 4448 3004 4503 nequaquam
3048 4435 3100 4488 in
3135 4432 3320 4488 Judtea
3352 4434 3719 4504 conspiciunt,

2139 4520 2231 4574 sed
2263 4520 2317 4573 in
2346 4523 2587 4590 gentium
2616 4523 2980 4579 multitudine.
3030 4524 3173 4579 Ecce
3225 4524 3449 4579 humani
3500 4526 3723 4595 generis

2137 4611 2349 4679 culpam
2380 4612 2451 4665 ibi
2479 4612 2708 4667 abscidit
2733 4614 2875 4669 unde
2897 4615 3180 4684 processit.
3206 4614 3343 4681 Quia
3364 4615 3509 4669 enim
3542 4615 3596 4669 in
3623 4631 3725 4685 pa-

2136 4702 2317 4756 radiso
2350 4702 2546 4755 mulier
2589 4703 2707 4757 viro
2764 4704 3073 4772 propinavit
3111 4712 3361 4769 mortem,
3404 4720 3436 4758 a
3466 4703 3721 4773 sepulcro

2136 4791 2331 4846 mulier
2356 4792 2490 4847 viris
2518 4793 2857 4847 annuntiavit
2884 4794 3079 4858 vitam;
3112 4802 3169 4847 et
3194 4793 3339 4848 dicta
3368 4794 3451 4847 sui
3473 4793 3725 4847 viviﬁca-

2138 4882 2271 4937 toris
2307 4891 2495 4937 narrat
2532 4897 2652 4952 qua:
2697 4883 2981 4939 mortifera
3015 4884 3282 4954 serpentis
3319 4884 3484 4939 verba
3528 4899 3709 4938 narra-

2133 4980 2305 5025 verat.
2494 4963 2505 4974 ’

2205 5060 2337 5127 Qua:
2370 5078 2488 5116 cum
2517 5063 2785 5129 abiissent,
2813 5080 2929 5118 ecce
2956 5063 3172 5133 quidam
3200 5063 3265 5118 de
3292 5063 3601 5117 custodibus
3628 5080 3723 5117 ve-

2132 5159 2317 5204 nerunt
2345 5151 2399 5204 in
2428 5151 2707 5219 civitatein,
2733 5162 2783 5209 et
2811 5155 3180 5208 nuntiaverunt
3202 5154 3524 5223 principibus
3544 5170 3725 5207 sacer.

2129 5237 2330 5302 datum,
2360 5240 2536 5294 omnia
2553 5258 2672 5312 qua:
2702 5243 2843 5311 facta
2869 5243 3101 5311 fuerant.
3129 5242 3369 5312 Simplex
3389 5244 3558 5298 animi
3579 5258 3727 5313 qua-

2132 5326 2278 5393 litas,
2310 5338 2365 5383 et
2392 5331 2604 5386 indocta
2634 5333 2913 5387 hominum
2942 5334 3220 5390 rusticitas
3259 5349 3404 5405 saepe
3425 5334 3722 5390 veritatem

2134 5419 2211 5473 rei
2240 5429 2301 5474 ut
2324 5429 2408 5474 est
2432 5422 2550 5477 sine
2577 5421 2769 5479 fraude
2797 5423 3125 5479 manifestat.
3168 5424 3240 5478 At
3263 5433 3454 5481 contra
3489 5432 3729 5480 versuta

2134 5511 2440 5581 malignitas
2465 5520 2522 5567 et
2544 5514 2839 5568 exercitata
2867 5529 3048 5583 prava:
3082 5515 3281 5570 mentis
3330 5514 3573 5583 nequitia
3619 5515 3730 5572 do-

2133 5598 2215 5653 los
2244 5601 2507 5656 versando
2538 5600 2831 5657 falsitatem
2854 5604 3239 5659 verisimilibus
3265 5604 3446 5659 verbis
3471 5619 3574 5673 pro
3598 5603 3731 5673 ipso

2138 5705 2263 5746 vero
2315 5694 2693 5750 commendare
2736 5693 2999 5762 decertat,
3064 5695 3274 5765 sibique
3329 5694 3386 5750 in
3431 5709 3728 5750 assensum
3812 5710 3831 5716 *
