4040 6188
273 351 377 406 185

274 566 441 623 quens
463 551 737 606 sententia
768 551 844 604 ita
870 551 1128 606 ostendit.

341 642 407 696 Et
430 641 739 711 congregati
762 657 880 695 cum
909 644 1200 697 senioribus
1222 644 1442 699 consilio
1488 657 1719 716 accepto,
1767 665 1858 718 pe-

271 734 478 788 cuniam
521 733 792 802 copiosam
820 733 1073 788 dederunt
1100 734 1357 789 militibus
1382 736 1614 792 dicentes
1641 752 1659 789 :
1684 739 1856 794 Dicite

269 827 389 899 quia
417 825 668 895 discipuli
701 826 819 896 ejus
867 836 1016 882 nocte
1042 837 1285 882 venerunt
1314 838 1361 883 et
1387 829 1551 899 furati
1578 839 1700 885 sunt
1736 847 1856 886 eum

271 919 414 973 nobis
439 917 845 974 dormientibus.
874 918 1133 976 Miracula
1166 920 1292 975 talia
1343 920 1488 977 facta
1533 932 1659 978 sunt
1709 925 1856 979 circa

269 1006 579 1076 sepulcrum
614 1016 677 1062 ut
703 1022 893 1063 eorum
924 1010 1024 1079 ipsi
1057 1009 1256 1065 milites
1284 1012 1374 1081 qui
1417 1013 1668 1067 custodes
1695 1014 1859 1068 adve-

266 1106 487 1162 nerant,
512 1106 685 1153 testes
708 1099 921 1165 tierent,
952 1100 996 1154 si
1020 1101 1218 1156 vellent
1252 1118 1379 1157 vera
1423 1105 1706 1169 nuntiare;
1762 1107 1857 1161 sed

266 1189 498 1243 avaritia
547 1188 642 1244 illa
707 1205 829 1259 quae
872 1192 1170 1260 captivavit
1224 1192 1546 1264 discipulum
1603 1198 1857 1252 comitem

265 1282 493 1349 Christi,
519 1285 821 1353 captivavit
852 1295 906 1340 et
933 1287 1131 1341 milites
1159 1289 1413 1344 custodes
1446 1290 1701 1360 sepulcri.

335 1375 404 1429 Et
432 1378 483 1429 si
505 1379 606 1431 hoc
637 1378 876 1433 auditum
900 1378 1057 1447 fuerit
1084 1396 1115 1432 a
1141 1380 1383 1450 prwside,
1409 1397 1502 1435 nos
1524 1381 1858 1438 suadebimus

267 1469 334 1531 ei,
371 1477 420 1520 et
445 1485 661 1522 securos
682 1486 769 1522 vos
792 1469 1070 1537 faciemus.
1099 1469 1362 1525 Custodes
1384 1471 1704 1526 miraculum
1735 1488 1862 1527 con-

268 1558 515 1622 ﬁtentur,
543 1559 612 1613 ad
641 1560 831 1613 urbem
859 1560 1058 1614 conciti
1092 1561 1337 1626 redeunt,
1369 1563 1620 1616 nuntiant
1655 1564 1858 1632 princi-

266 1647 426 1717 pibus
448 1647 796 1703 sacerdotum
818 1663 939 1718 qua:
966 1649 1233 1713 viderant,
1249 1665 1369 1719 qua:
1392 1649 1536 1703 facta
1558 1665 1858 1721 conSpexe-

269 1747 411 1792 rant.
443 1739 523 1792 llli
556 1739 651 1808 qui
678 1740 824 1793 dubii
853 1749 1008 1794 erant
1046 1742 1291 1796 converti
1347 1742 1413 1796 ad
1459 1743 1856 1811 paenitentiam,

1349 353 1656 412 llOMthE
1694 356 1762 410 1N
1802 354 2063 413 EVANG.
2101 356 2189 411 ET
2228 356 2449 415 EPIST.

272 463 453 536 plures
471 471 795 518 convertere
822 460 1218 518 et'coaJunarc
1268 463 1524 531 festinat;
1579 468 1722 536 quod
1763 482 1849 522 se-
1882 472 1927 531 Α

3446 364 3547 423 186

2270 487 2322 526 IN
2360 488 2554 527 NATALI
2595 488 2783 530 SANC'I'I
2823 492 3010 533 LEONIS
3049 494 3194 535 PAPiB

2406 564 2593 621 Lectio
2621 566 2745 622 libri
2778 566 3091 638 Sapientiae.

2031 651 2165 707 Ecce
2211 655 2457 709 sacerdos
2496 672 2718 726 magnus
2752 660 2842 730 qui
2884 661 2937 714 in
2978 661 3160 717 diebus
3198 667 3307 720 suis
3347 666 3547 738 placuit

1955 744 2089 809 Deo,
2119 754 2167 799 et
2202 747 2443 801 inventus
2471 757 2546 802 est
2569 749 2769 817 justus.

2055 855 2235 911 Lectio
2266 858 2441 912 sancti
2470 857 2747 928 Evangelii
2787 863 3081 918 secundum
3112 864 3442 922 Matthxeum.

2030 974 2096 1027 In
2141 973 2233 1029 illo
2272 966 2520 1046 tfmpore,
2561 976 2695 1030 dixit
2733 975 2891 1033 Iesus
2930 980 3199 1049 discipulis
3234 984 3540 1054 parabolam

1956 1068 2091 1127 hanc
2118 1085 2137 1122 :
2171 1066 2341 1122 Homo
2362 1069 2575 1139 quidam
2608 1086 2820 1141 peregre
2845 1072 3180 1141 proﬁciscens
3206 1078 3403 1131 vocarit
3433 1095 3543 1132 ser-

1957 1175 2044 1212 vos
2081 1175 2206 1212 suos
2233 1168 2281 1212 et
2318 1159 2537 1213 tradidit
2566 1158 2672 1214 illis
2696 1160 2830 1213 bona
2857 1177 2975 1215 sua.
3154 1172 3159 1177 '

2030 1246 2323 1301 Lectionem
2352 1257 2400 1301 et
2432 1247 2778 1317 Evangelium
2821 1250 2876 1304 in
2911 1249 3114 1305 Num
3164 1251 3265 1307 SS.
3296 1253 3543 1309 Tuscum

1956 1350 2027 1389 ET
2055 1336 2346 1390 VALERIANI
2378 1351 2447 1390 Εἰ·
2475 1335 2679 1390 ΜΑιιιιι
2706 1338 2907 1408 require
2932 1340 2985 1392 in
3011 1338 3196 1394 Natali
3241 1352 3543 1395 sanctorum

1959 1424 2331 1495 plurimorum.

2406 1496 2593 1553 Lectio
2615 1496 2740 1552 libri
2771 1497 3082 1568 Sapientite.

2029 1583 2232 1654 Lingua
2259 1585 2571 1654 sapientium
2608 1595 2759 1640 ornat
2788 1588 3064 1642 scientiam
3101 1598 3151 1642 et
3178 1606 3236 1643 os
3265 1589 3537 1659 [amorum

1962 1676 2144 1731 ebullit
2182 1678 2482 1732 stultitiam.

2064 1768 2249 1824 Lectio
2279 1771 2448 1824 sancti
2479 1770 2751 1842 Evangelii
2776 1770 3071 1826 secundum
3103 1773 3433 1829 Matthzeum.

269 1839 327 1883 et
351 1826 543 1883 Jesum
597 1843 840 1897 quaerere
870 1844 1178 1902 surgentem
1211 1844 1559 1904 perseverant
1602 1838 1657 1891 in
1710 1838 1861 1893 mali-

2035 1858 2103 1913 In
2141 1859 2233 1913 illo
2260 1870 2487 1931 tempore
2515 1826 2691 1917 videns
2728 1863 2885 1917 Iesus
2916 1864 3097 1918 turbas
3133 1866 3366 1920 ascendit
3395 1868 3545 1923 mbu-

269 1922 420 1986 tiam,
453 1930 510 1976 et
536 1922 815 1991 pecunias,
845 1940 966 1993 qua:
992 1926 1059 1980 ad
1085 1942 1214 1980 usus
1237 1928 1416 1998 templi
1450 1928 1591 1984 datae
1619 1929 1854 1997 fuerant,

268 2021 489 2067 vertunt
531 2014 586 2067 in
622 2014 1046 2084 redemptionem
1077 2020 1363 2085 mendacii,
1409 2021 1549 2075 sicut
1598 2030 1724 2077 ante
1762 2023 1860 2077 tri-

270 2102 414 2172 ginta
442 2113 732 2174 argenteos
755 2103 907 2160 Iuda:
936 2106 1198 2162 dederant
1218 2112 1503 2178 proditori.
1531 2110 1735 2168 Omnes
1760 2114 1860 2185 igi-

274 2202 362 2248 tur
387 2196 479 2263 qui
517 2196 659 2265 stipe
693 2198 878 2266 templi
913 2206 967 2253 et
994 2200 1078 2254 his
1109 2215 1228 2269 qua:
1253 2201 1607 2258 conferuntur
1634 2205 1700 2258 ad
1728 2220 1859 2260 usus

270 2283 526 2339 Ecclesia:
551 2286 849 2340 abutuntur
874 2286 930 2340 in
961 2287 1085 2343 aliis
1114 2289 1298 2355 rebus,
1364 2292 1562 2360 quibus
1584 2308 1736 2347 suam
1758 2308 1857 2347 ex-

271 2372 451 2442 pleant
477 2374 833 2442 voluptatem,
858 2376 1063 2432 similes
1100 2387 1227 2433 sunt
1252 2381 1553 2435 scribarum
1588 2392 1644 2436 et
1673 2399 1859 2437 sacer»

271 2463 459 2517 datam
505 2463 885 2519 rcdimenlium
934 2468 1272 2523 mendacium
1311 2479 1366 2524 et
1395 2473 1709 2543 sanguinem
1740 2472 1861 2527 Sal-

273 2558 498 2611 vatoris.
527 2558 599 2610 At
630 2558 704 2611 illi
733 2568 951 2627 accepta
981 2562 1208 2629 pecunia
1239 2562 1481 2618 fecerunt
1510 2565 1650 2619 sicut
1702 2577 1861 2621 erant

274 2645 439 2700 docti.
482 2645 530 2701 0
576 2647 747 2716 pestis
776 2648 1008 2719 maligna
1038 2659 1094 2705 et
1126 2666 1341 2727 semper
1364 2653 1519 2708 bonis
1547 2654 1744 2709 animis
1768 2655 1861 2709 de-

276 2739 519 2792 testanda
574 2739 825 2803 avaritia,
875 2741 1005 2810 quid
1059 2742 1460 2814 illtesnm,quid
1481 2746 1859 2802 inconcussum

272 2826 543 2881 dimittis?
579 2826 661 2881 Tu
697 2828 931 2897 primum
966 2830 1237 2887 hominem
1267 2833 1564 2902 perdidisti,
1590 2843 1645 2889 tu
1692 2851 1862 2906 genus

273 2916 568 2973 humanum
595 2920 905 2985 confudisti,
941 2929 997 2975 tu
1028 2921 1224 2978 fratres
1246 2925 1529 2981 unanimes
1544 2927 1596 2980 in
1613 2928 1858 2997 praelium

274 3011 517 3075 armasti,
549 3020 606 3064 tu
630 3012 886 3081 paciﬁcos
911 3014 1187 3071 discordes
1217 3015 1417 3079 fecisti.
1446 3026 1503 3073 tu
1532 3019 1857 3091 discipulum

274 3100 528 3154 comitem
556 3100 763 3156 Christi
786 3103 853 3158 de
872 3105 1178 3173 apostolatu
1208 3110 1582 3179 prmcipitasti,
1615 3119 1671 3166 tu
1717 3113 1860 3167 mili-

2526 2019 2805 2076 HOMILIA
2839 2021 2999 2076 XXII.

2226 2128 2479 2169 DOIllNlCA
2519 2131 2535 2169 l
2575 2130 2705 2170 POS'I'
2743 2130 2990 2170 ορτΑνΑιι
3032 2132 3268 2172 ΡΑδςιιιε.

2177 2203 2366 2259 Lectio
2414 2205 2666 2274 Epistulae
2712 2206 2855 2260 beati
2901 2206 3046 2260 Petri
3080 2207 3329 2276 apostoli;

2032 2292 2374 2356 Charissimi,
2418 2292 2660 2349 Christus
2707 2312 2893 2365 passus
2936 2305 3011 2349 est
3068 2312 3162 2365 pro
3213 2296 3359 2348 nobis
3405 2296 3549 2353 vobis

1961 2383 2255 2454 relinquens
2283 2384 2574 2455 exemplum
2600 2394 2655 2438 ut
2682 2386 2973 2454 sequamini
3005 2386 3222 2454 vestigia
3270 2385 3405 2454 ejus.
3443 2384 3548 2451 Qui

1959 2483 2231 2540 peccatum
2283 2489 2385 2526 non
2432 2472 2576 2541 fecit,
2606 2489 2698 2526 nec
2742 2475 2980 2526 inventus
3033 2481 3109 2526 est
3154 2472 3305 2526 dolus
3357 2474 3412 2526 in
3460 2490 3550 2528 ore

1960 2562 2221 2632 ejus;qtti
2260 2580 2378 2617 cum
2423 2563 2840 2626 malediceretur,
2878 2580 2981 2618 non
3016 2562 3388 2628 maledicebat;
3422 2581 3541 2619 cum

1960 2662 2245 2723 pateretur,
2270 2670 2372 2708 non
2400 2654 2818 2708 comminabatur
2844 2667 2862 2705 :
2891 2653 3128 2707 tradebat
3176 2663 3350 2707 autem
3391 2654 3545 2723 judi-

1963 2741 2109 2795 canti
2135 2759 2189 2796 se
2218 2742 2436 2813 injuste.

2031 2830 2265 2897 Audisti,
2297 2829 2538 2887 Christus
2579 2849 2768 2904 passus
2815 2841 2893 2887 est
2921 2849 3015 2903 pro
3064 2832 3238 2898 nobis,
3263 2839 3319 2888 et
3348 2834 3550 2904 gaudes

1966 2921 2093 2990 quia
2121 2938 2221 2992 pro
2259 2930 2311 2977 te
2340 2932 2583 2979 mortuus
2611 2933 2695 2979 est
2722 2922 2993 2979 Christus.
3025 2924 3260 2980 Attende
3289 2926 3432 2995 quod
3465 2941 3548 2980 se-

1965 3011 2150 3080 quitur
2180 3028 2199 3065 :
2223 3010 2541 3084 Relinquens
2593 3012 2736 3068 vobis
2792 3012 3105 3082 exemplum,
3151 3023 3207 3067 ut
3259 3015 3550 3085 sequamini

1963 3102 2176 3171 vestigia
2204 3103 2354 3171 ejus;
2384 3102 2687 3172 exemplum
2718 3102 3140 3166 tribulationum,
3180 3119 3287 3158 non
3323 3103 3546 3158 delicia-

277 3201 383 3249 tem
418 3195 704 3250 custodem
760 3197 992 3267 sepulcri
1028 3200 1336 3269 captivasti,
1366 3196 1443 3256 'et
1496 3218 1736 3259 errorem
1768 3220 1861 3259 ne—

1969 3205 2119 3255 rum;
2147 3192 2618 3259 contumeliarum,
2650 3193 3003 3265 ﬂagellorum,
3047 3195 3313 3261 dolorum,
3344 3211 3545 3265 oppro-

276 3284 601 3352 quissimum
632 3289 689 3340 in
718 3289 974 3341 mundum
1002 3288 1363 3356 introduxisti,
1395 3303 1448 3347 et
1474 3302 1685 3363 gentem
1722 3296 1862 3350 anti-

280 3389 441 3443 quam
488 3382 549 3429 et
594 3375 868 3445 quondam
922 3379 1310 3434 nobilissimam
1367 3383 1649 3438 scduxisti.
1708 3385 1862 3441 Unde

282 3465 527 3533 sequitur
558 3480 573 3521 :

347 3554 418 3607 Et
444 3555 776 3626 divulgatum
802 3567 878 3612 est
907 3559 1113 3613 verbum
1138 3561 1279 3614 istud
1302 3562 1442 3631 apud
1462 3561 1680 3617 Iudicas
1702 3580 1863 3637 usque

278 3646 331 3698 in
359 3646 672 3700 hodiernum
701 3649 860 3703 diem.
891 3649 1167 3706 Hactenus
1200 3652 1417 3723 quidem
1442 3669 1598 3708 error
1618 3654 1720 3709 iste
1746 3671 1861 3709 ma-

280 3743 370 3789 net
394 3738 538 3805 apud
558 3735 806 3804 Judzeos;
851 3750 905 3795 et
954 3740 1092 3796 sicut
1141 3744 1422 3815 sanguinis
1473 3752 1655 3799 reatus
1701 3760 1861 3815 quem

280 3824 380 3879 sibi
427 3836 481 3880 et
528 3829 761 3896 posteris
802 3829 917 3884 suis
946 3830 1044 3899 ipsi
1075 3832 1531 3901 imprecabantur,
1555 3835 1707 3904 gravi
1743 3852 1863 3890 sar-

282 3916 399 3969 cina
426 3928 774 3987 peccatorum
802 3919 923 3975 illos
946 3923 1166 3991 premit,
1223 3924 1297 3978 ita
1346 3926 1548 3993 emptio
1595 3927 1860 3981 mendacii

281 4019 377 4074 per
431 4009 574 4076 quod
625 4012 1038 4066 resurrectionis
1089 4015 1355 4085 dcuegaut
1390 4017 1671 4069 veritatem
1709 4027 1863 4071 reatu

283 4110 377 4151 eos
403 4100 729 4169 constringit
756 4110 1016 4171 perpetuo
1041 4115 1357 4173 respuentes
1378 4104 1652 4160 Christum
1680 4116 1736 4161 et
1768 4122 1864 4161 ex-

283 4195 587 4255 spectantes
620 4188 1039 4256 Antichristum,
1073 4202 1133 4246 ut
1160 4194 1252 4263 qui
1284 4195 1372 4248 vili
1402 4196 1576 4264 pretio
1611 4195 1868 4251 vendide-

285 4287 407 4331 runt
427 4280 734 4345 veritatem,
780 4282 987 4337 erroris
1010 4283 1063 4336 in
1125 4286 1303 4352 capite
1339 4300 1437 4340 suo
1460 4288 1865 4356 apprehendant

286 4370 709 4438 universitatem,
749 4388 845 4442 per
900 4389 1064 4443 quam
1112 4374 1259 4442 justo
1312 4374 1496 4444 judice
1534 4378 1866 4432 retriiguente

284 4473 491 4528 plenam
512 4462 816 4532 percipiant
843 4465 1225 4533 sempiternam
1243 4468 1294 4520 in
1319 4467 1511 4521 saecula
1525 4467 1862 4523 smculorum.

282 4548 471 4607 Amen.

286 4662 577 4718 lectionem
602 4674 651 4717 et
677 4666 999 4735 euangelium
1030 4668 1083 4720 in
1107 4666 1475 4723 Coucer'nose
1505 4684 1722 4723 suarm
1745 4668 1863 4723 ΜΑ-

353 4747 456 4808 nt;
479 4735 687 4808 require
722 4736 777 4789 in
803 4737 1117 4808 lectionibus
1163 4739 1351 4808 mensis
1387 4755 1458 4808 χλ
1494 4740 1627 4807 feria
1670 4749 1860 4808 quarta

353 4805 494 4874 infra
518 4804 902 4859 hebdomadam
928 4821 967 4859 ιι
998 4817 1119 4860 ante
1150 4807 1397 4861 Natalem
1432 4804 1662 4862 Domini.

718 4917 905 4974 Lectio
939 4918 1092 4975 Isaiae
1117 4920 1413 4990 prophetae.

353 5028 420 5083 In
447 5030 631 5085 diebus
656 5030 763 5085 illis
784 5031 992 5086 locutus
1015 5042 1090 5086 est
1123 5032 1380 5086 Dominus
1410 5031 1480 5085 ad
1527 5031 1726 5096 Achaz,
1780 5032 1863 5086 di-

282 5139 404 5177 cens
417 5137 436 5175 :
467 5122 597 5178 Pete
617 5125 712 5177 tibi
736 5125 938 5195 signum
954 5142 987 5178 a
1006 5124 1225 5178 Domino
1248 5123 1355 5177 Deo
1370 5133 1460 5177 tuo
1474 5123 1529 5177 in
1538 5123 1861 5194 profundum

281 5215 495 5284 inferni,
520 5217 629 5269 sive
649 5216 704 5269 in
728 5214 986 5270 excelsum
1021 5231 1200 5285 supra.

428 5327 614 5384 Lectio
652 5330 825 5384 sancti
854 5328 1127 5399 Evangelii
1167 5327 1463 5383 secundum
1498 5325 1720 5381 Lucam.

359 5436 425 5493 In
460 5440 553 5494 illo
584 5450 832 5511 tempore,
853 5442 1043 5495 missus
1073 5452 1147 5495 est
1170 5440 1385 5512 angelus
1426 5438 1638 5495 Gabriel
1678 5457 1710 5494 a
1751 5439 1860 5494 Deo

279 5528 344 5582 in
366 5529 624 5584 civitatem
650 5527 891 5594 Galilete,
920 5531 1003 5584 cui
1030 5547 1215 5586 nomen
1263 5528 1554 5595 Nazaretlt,
1593 5530 1663 5583 ad
1708 5531 1865 5601 virgi-

281 5638 407 5678 ιω
451 5624 821 5688 desponsatam
869 5624 980 5679 viro
1021 5625 1106 5678 cui
1148 5641 1334 5679 nomen
1372 5633 1483 5679 erat
1523 5623 1753 5694 Joscplt,
1797 5624 1863 5678 de

258 5719 429 5773 dono
476 5712 671 5781 Dauid,
698 5723 745 5768 et
776 5730 962 5769 nomen
990 5714 1201 5785 uirginis
1226 5712 1421 5770 Maria.

1967 3278 2231 3346 briorum,
2285 3281 2589 3350 spinarum,
2638 3285 2836 3349 crucis,
2879 3284 3185 3349 vulnerum,
3226 3285 3434 3338 mortis.
3489 3284 3549 3338 lu

1962 3372 2172 3443 psalmo
2199 3372 2460 3441 scriptum
2483 3381 2567 3427 est
2589 3392 2603 3425 :
2630 3371 2857 3444 Propter
2874 3374 3029 3428 verba
3054 3373 3313 3428 labiorum
3337 3384 3547 3428 tuorum

1964 3482 2056 3536 ego
2096 3464 2354 3519 custodiri
2398 3464 2509 3518 vias
2537 3464 2722 3518 duras.
2762 3464 2992 3535 Propter
3018 3481 3139 3534 quae
3164 3464 3329 3519 verba
3377 3464 3549 3519 labio-

1965 3572 2084 3612 rum
2114 3555 2229 3620 Dei,
2265 3554 2369 3609 nisi
2404 3554 2599 3624 quibus
2626 3555 2892 3625 promittit
2918 3555 3082 3609 vitam
3109 3553 3406 3609 aeternam?

2037 3650 2142 3716 Qui
2159 3661 2368 3722 peccata
2396 3663 2572 3705 nostra
2587 3651 2695 3720 ipse
2720 3649 2934 3720 pertulit
2956 3651 3011 3701 in
3033 3664 3248 3717 corpore
3268 3664 3363 3700 suo
3386 3660 3547 3716 super

1964 3745 2184 3814 lignum,
2224 3753 2285 3798 ut
2315 3743 2550 3813 peccatis
2597 3743 2793 3795 mortui
2840 3741 3068 3809 iustitia:
3093 3740 3360 3805 vivamus,
3390 3739 3547 3807 cujus

1964 3843 2137 3889 morte
2162 3835 2335 3889 sanati
2362 3834 2513 3888 estis.
2549 3831 2685 3887 Cum
2724 3848 2883 3903 supra
2921 3833 2986 3885 ad
3020 3847 3205 3885 servos
3232 3831 3543 3900 Specialitcr

1965 3923 2166 3977 faceret
2212 3938 2541 3987 sermonem,
2601 3938 2744 3977 nunc
2788 3921 3113 3990 generaliter
3156 3921 3430 3980 admonet.
3482 3930 3543 3974 ut

1963 4014 2127 4070 etiam
2159 4014 2398 4068 Dominis
2427 4014 2479 4067 in
2524 4013 2841 4067 memoriam
2872 4019 3108 4074 revocet,
3137 3996 3265 4079 quid
3295 4025 3394 4087 pro
3442 4009 3548 4064 illis

1963 4106 2224 4160 Dominus
2266 4105 2408 4159 Dens
2456 4103 2795 4158 sustinuerit.
2852 4102 2966 4157 lino
3014 4111 3178 4155 totam
3248 4101 3548 4155 Ecclesiam

1964 4195 2206 4257 instruit,
2236 4195 2363 4263 quid
2396 4209 2493 4262 pro
2530 4191 2650 4263 ejus
2678 4194 2993 4247 liberatione
3030 4206 3160 4247 suus
3207 4198 3397 4244 auctor
3421 4204 3542 4259 per-

1966 4283 2168 4339 tulerit.
2202 4282 2318 4337 Non
2347 4283 2492 4338 enim
2539 4284 2615 4337 ait
2664 4290 2884 4352 peccata
2914 4289 3100 4342 uestra,
3134 4279 3225 4334 sed
3275 4278 3441 4331 etiam
3486 4291 3547 4332 se

1967 4372 2178 4439 addito;
2207 4373 2296 4443 qui
2321 4382 2551 4441 peccata,
2570 4372 2756 4442 inquit,
2775 4381 2951 4424 nostra
2975 4372 3083 4439 ipse
3105 4366 3315 4437 pertulit
3340 4369 3397 4419 in
3419 4382 3544 4420 cor-

1968 4480 2092 4535 pore
2115 4480 2210 4517 suo
2240 4479 2395 4532 super
2423 4462 2641 4532 lignum.

2041 4556 2221 4611 Eratis
2247 4559 2381 4610 en'm
2411 4557 2543 4609 sicut
2568 4571 2686 4607 ores
2716 4564 2969 4607 errantes.
3003 4551 3284 4618 Quomodo
3313 4558 3368 4606 et
3412 4566 3541 4607 oves

1968 4650 2099 4703 dicit
2120 4657 2175 4703 et
2200 4656 2464 4710 errantes,
2489 4662 2610 4700 cum
2641 4645 2694 4699 hi
2725 4644 2816 4714 qui
2847 4644 2900 4697 in
2929 4657 3114 4697 errore
3149 4643 3315 4696 vitam
3342 4643 3545 4697 ducunt

1966 4743 2242 4797 htedorum
2268 4742 2445 4809 potius
2479 4753 2640 4807 quam
2689 4736 2870 4790 ovium
2920 4735 3137 4789 nomine
3183 4734 3545 4789 censeantur?

1965 4832 2069 4887 nisi
2102 4832 2226 4901 quia
2254 4830 2399 4884 novit
2431 4827 2689 4882 Dominus
2716 4825 2807 4895 qui
2839 4834 2963 4879 sunt
3022 4824 3160 4893 ejus,
3187 4824 3277 4892 qui
3306 4833 3360 4878 et
3404 4823 3544 4877 mul-

1966 4931 2048 4977 tos
2072 4921 2160 4975 diu
2201 4920 2340 4974 male
2386 4924 2770 4974 conversantes
2818 4916 3067 4978 sustinet,
3097 4930 3234 4985 quos
3261 4924 3437 4969 tamen
3484 4915 3543 4971 in

1964 5010 2145 5064 ovium
2176 5023 2395 5062 suarum
2424 5019 2648 5059 numero
2686 5004 2973 5058 salvandos
2995 5018 3116 5058 esse
3152 5002 3432 5071 praevidet.

2038 5102 2141 5159 Sed
2175 5102 2405 5157 conversi
2425 5100 2547 5153 estis
2574 5115 2710 5153 nunc
2741 5098 2809 5151 ad
2837 5107 3096 5166 pastorem
3148 5105 3196 5149 et
3234 5096 3537 5165 episco;:um

1965 5195 2263 5248 animarum
2284 5199 2592 5245 vestrarum.
2624 5187 2817 5256 Tangit
2840 5186 3207 5256 evangelicam
3227 5183 3538 5255 parabolam

1967 5282 2058 5336 ubi
2090 5286 2207 5350 pius
2236 5288 2422 5350 pastor
2448 5277 2652 5332 relictis
2686 5277 2975 5347 nonaginta
3025 5290 3218 5329 novem
3245 5274 3435 5327 ovibus
3484 5272 3539 5325 in

1968 5375 2205 5434 deserto,
2234 5373 2382 5425 venit
2422 5371 2644 5424 visitare
2687 5384 2849 5423 unam
2896 5383 3016 5437 qua;
3060 5372 3355 5421 erraverat.
3404 5362 3539 5415 Nam

1965 5463 2105 5532 quod
2133 5462 2202 5516 ibi
2234 5462 2433 5515 dictum
2465 5469 2566 5521 est,
2599 5458 2739 5527 quod
2788 5458 2931 5511 hanc
2975 5455 3248 5510 inventam
3276 5453 3543 5520 imposue-

1964 5554 2036 5607 rit
2060 5553 2112 5607 in
2142 5553 2393 5605 humeros
2418 5564 2543 5605 suos
2571 5548 2827 5619 gaudens,
2859 5548 2962 5601 hoc
3007 5547 3110 5600 ista
3136 5544 3327 5599 beatus
3349 5541 3541 5598 Petrus

1960 5640 2220 5711 prtemisit
2255 5657 2266 5692 :
2298 5639 2400 5705 Qui
2425 5648 2636 5709 peccata
2666 5647 2845 5691 nostra
2866 5637 2975 5704 ipse
2996 5632 3217 5703 portauit
3241 5631 3300 5684 in
3317 5642 3534 5699 corpore

1963 5749 2060 5788 suo
2088 5747 2242 5804 super
2266 5731 2484 5804 lignum.
2530 5729 2663 5798 Quia
2726 5726 2977 5782 nimirum
3001 5723 3073 5778 ita
3124 5736 3226 5779 nos
3270 5720 3539 5780 redimere
