4040 6188
294 313 392 371 189

1394 306 1696 364 ΙΙΟΜΙΙΛλΕ
1734 306 1798 362 SN
1839 306 2089 362 EV'ANG.
2129 306 2218 363 ET
2253 306 2469 363 EPIST.

3447 310 3547 367 £90

290 436 510 498 ρςιεεηιω
557 422 868 478 traditionis
897 461 914 488 ,
970 421 1060 477 sed
1099 421 1323 492 pretioso
1378 423 1625 493 sanguine
1654 462 1670 488 ,
1717 422 1869 493 quasi
1898 426 1946 486 A
1972 422 2363 479 surrectionem
2400 436 2516 476 mos
2543 418 2884 477 Christianus
2922 421 3227 492 appellavit.
3268 422 3418 491 Quod
3453 442 3550 482 au-

291 518 407 585 aqni
431 514 838 570 incontaminati
862 522 910 568 et
940 511 1265 568 immaculati
1295 510 1422 566 Iesu
1447 509 1663 576 Christi,
1688 521 1795 566 etc.

354 603 566 671 Quanto
612 602 793 671 majus
841 609 926 656 est
953 601 1185 671 pretium
1233 615 1341 670 quo
1381 600 1641 670 redempti
1679 602 1809 656 estis
1839 616 1871 657 a

290 694 634 764 corruptione
660 693 789 747 vita:
819 690 1087 754 carnalis,
1125 697 1274 743 tanto
1309 689 1539 759 amplius
1563 689 1753 744 timere
1778 693 1871 745 de-

287 787 417 842 betis
456 802 528 840 ne
567 783 713 839 forte
756 785 823 839 ad
861 782 1221 851 corruptelam
1262 783 1512 838 vitiorum
1550 782 1870 838 revertendo

286 879 519 932 animum
556 875 730 930 vestri
769 875 1142 943 Redemptoris
1178 873 1485 927 oll'endatis.
1526 872 1721 927 Itenati
1762 890 1869 928 non

284 986 343 1024 ex
362 968 574 1023 semine
593 965 961 1037 corruptibili,
985 965 1079 1019 sed
1106 964 1495 1033 incorruptibili
1521 979 1619 1035 per
1645 965 1866 1018 verbum

285 1059 369 1114 Dei
390 1059 502 1111 vivi
524 1066 581 1112 et
608 1056 982 1126 permanentis
1009 1055 1060 1108 in
1083 1062 1364 1117 aeternum,
1394 1052 1496 1106 tale
1520 1054 1670 1108 estin
1696 1053 1868 1107 Evan-

281 1151 413 1224 gelio
457 1147 734 1203 Joannis:
770 1145 866 1201 His
894 1147 984 1217 qui
1022 1145 1235 1199 credunt
1272 1146 1325 1198 in
1355 1145 1559 1198 nomine
1598 1145 1735 1216 ejus,
1779 1144 1869 1214 qui

279 1258 376 1295 non
408 1257 477 1294 ea:
514 1237 883 1310 sanguinibus,
932 1253 1094 1306 neque
1133 1253 1197 1289 ea:
1228 1235 1491 1289 voluntate
1530 1237 1650 1301 viri,
1683 1237 1773 1289 sed
1805 1250 1863 1289 es

282 1330 381 1383 Dea
419 1330 540 1383 nati
573 1338 721 1382 sunt.
753 1326 909 1383 Sicut
933 1341 1063 1395 ergo
1092 1325 1497 1396 incorruptibile
1524 1335 1609 1380 est
1632 1326 1862 1394 pretium

280 1422 576 1475 Dominicaa
620 1419 888 1490 passionis
926 1434 1032 1488 quo
1068 1417 1330 1487 redempti
1367 1432 1572 1482 sumus,
1604 1417 1675 1471 ita
1704 1416 1865 1471 etiam

277 1510 691 1580 incorruptibile
744 1519 830 1565 est
880 1516 1280 1564 sacramentum
1336 1506 1500 1562 fontis
1560 1506 1699 1560 sacri
1758 1522 1866 1576 quo

279 1601 659 1654 renascimur:
693 1616 815 1669 qua:
852 1600 925 1653 ita
964 1599 1066 1653 sibi
1095 1598 1324 1653 invicem
1359 1604 1774 1664 connectuntur,
1806 1605 1866 1653 ut

273 1708 439 1747 unum
483 1693 647 1747 nobis
683 1694 801 1748 sine
840 1693 1010 1747 altero
1050 1693 1279 1747 salutem
1318 1691 1565 1748 conferre
1606 1701 1859 1763 nequeat,

272 1784 397 1849 quia
435 1782 699 1836 nimirum
735 1782 993 1836 Dominus
1024 1782 1096 1839 ita
1130 1797 1226 1836 nos
1257 1789 1497 1852 tempore
1527 1782 1858 1838 incarnatio-
1887 1774 1935 1832 Β

276 1875 360 1927 nis
398 1889 513 1928 sua:
552 1888 715 1928 sacro
752 1873 1013 1943 sanguine
1059 1873 1218 1927 simul
1260 1889 1449 1928 omnes
1496 1874 1757 1941 redemit,
1800 1884 1861 1929 ut

276 1979 372 2017 nos
396 1979 621 2034 quoque
647 1972 833 2017 nostro
861 1972 1103 2032 tempore
1130 1963 1335 2017 viritim
1363 1978 1459 2032 per
1492 1965 1859 2035 regeneratio-

272 2070 395 2108 nem
420 2054 681 2124 baptismi
702 2094 717 2119 ,
757 2054 823 2107 ad
860 2054 1190 2108 consortium
1220 2054 1459 2123 ejusdem
1494 2056 1859 2124 regeneratio-

273 2146 358 2199 nis
384 2144 677 2214 pervenire
710 2144 1021 2199 debeamus.
1049 2144 1124 2199 De
1147 2160 1249 2213 qua
1283 2146 1691 2214 regeneratione
1721 2145 1860 2201 bene

273 2235 474 2288 dicitur
514 2232 703 2298 :Quia
732 2248 836 2286 non
883 2248 947 2286 ea:
986 2232 1179 2286 semine
1228 2232 1572 2302 corruptibili,
1629 2233 1720 2287 sed
1769 2250 1863 2304 per

270 2327 483 2382 uerbum
510 2324 612 2381 Dei
637 2326 737 2380 vivi
762 2334 809 2379 et
833 2326 1183 2396 permanentis
1206 2325 1260 2378 in
1286 2335 1538 2379 mternum
1565 2335 1772 2397 agatur,
1801 2334 1863 2381 ut

448 2419 760 2501 θεωρίαν,
812 2419 938 2488 quia
981 2419 1122 2473 sicut
1167 2434 1233 2474 ex
1271 2419 1475 2475 semine
1524 2421 1861 2490 corruptibili

269 2482 945 2589 άτῖςῇδπωηρειυτ
960 2510 1218 2574 nascitur,
1241 2510 1321 2564 sic
1342 2524 1440 2581 per
1472 2525 1668 2580 aquam
1688 2482 1860 2567 verbo

270 2599 368 2656 Dei
402 2602 815 2665 Μεσσηίδα),
848 2600 961 2654 vita
995 2600 1150 2654 nobis
1178 2616 1299 2671 qua:
1327 2599 1487 2655 ﬁnem
1525 2602 1732 2656 neseiat
1767 2603 1862 2656 tri-

270 2690 478 2744 buitur.
508 2690 664 2758 Quod
696 2690 863 2745 etiam
896 2698 1018 2760 apte
1054 2691 1368 2760 prophetico
1396 2691 1592 2745 astruit
1622 2693 1862 2747 testimo-

269 2783 364 2837 nio
383 2781 701 2850 subjiciens,
728 2784 853 2853 quia
877 2781 1059 2837 Omnis
1081 2800 1204 2837 caro
1229 2783 1405 2853 fenum
1428 2791 1476 2838 et
1498 2785 1664 2838 omnis
1691 2784 1861 2855 gloria

265 2872 388 2942 ejus
424 2882 681 2941 tanquam
729 2873 827 2940 flos
867 2872 1015 2941 feni;
1059 2874 1265 2926 exaruit
1305 2873 1482 2942 fenum
1508 2881 1556 2926 et
1599 2874 1697 2942 ﬂos
1725 2873 1864 2927 deci-

264 2961 349 3014 dit
384 2974 405 3012 :
433 2960 645 3015 verbum
676 2970 848 3014 autem
874 2960 1089 3015 Domini
1122 2971 1295 3015 manet
1323 2962 1378 3015 in
1406 2973 1675 3016 aeternum.
1709 2962 1862 3017 Sicut

269 3066 400 3123 ergo
419 3050 791 3120 corruptibilis
810 3051 1213 3121 corruptibilem
1227 3067 1353 3106 caro
1374 3061 1595 3123 generat
1614 3068 1855 3118 carnem,

1974 524 2081 571 tem
2105 515 2261 569 valde
2294 513 2526 569 diluculo
2556 512 2806 568 mulieres
2841 523 3105 568 venerunt
3134 516 3200 568 ad
3229 532 3543 574 monumen-

1974 613 2108 668 tum,
2136 605 2290 675 juxta
2313 604 2593 659 hismriam
2618 603 2834 673 quidem
2858 619 3084 673 magnus
3103 608 3373 674 quaerendi
3394 616 3447 661 et
3472 609 3550 663 iu-

1972 694 2219 750 veniendi
2282 693 2565 747 Dominum
2623 691 2804 746 fervor
2863 693 3148 747 charitatis
3231 695 3543 761 invenitur;

1966 784 2119 853 juxta
2159 800 2287 839 vero
2319 782 2642 837 intellectum
2684 784 2967 853 mysticum
3001 785 3156 839 nobis
3186 786 3544 839 datur-exem-

1970 877 2115 948 plum
2146 876 2441 929 illuminata
2475 873 2611 927 facie
2638 874 3000 944 discussisque
3031 877 3281 930 vitiorum
3312 884 3547 937 tenebris

1970 971 2037 1024 ad
2078 976 2482 1024 sacrosanctum
2517 967 2726 1020 Domini
2759 981 2955 1037 corpus
2998 969 3273 1024 accedere.
3321 970 3452 1024 Nam
3493 980 3548 1027 ct

1969 1062 2273 1132 sepulcrum
2314 1060 2442 1114 illud
2480 1059 2789 1113 venerabile
2828 1058 3053 1128 figuram
3089 1061 3352 1117 Dominici
3385 1064 3550 1119 habe-

1968 1155 2061 1210 bat
2100 1153 2287 1207 altaris
2324 1152 2376 1205 in
2424 1166 2530 1219 quo
2573 1149 2755 1204 carnis
2789 1148 2905 1216 ejus
2945 1164 3008 1204 ac
3050 1152 3327 1223 sanguinis
3372 1152 3548 1209 solent

1969 1246 2222 1316 mysteria
2271 1241 2555 1298 celebrari.
2609 1240 2864 1294 Aromata
2913 1249 3092 1295 autem
3130 1258 3249 1313 qua:
3294 1245 3548 1300 mulieres

1967 1336 2215 1391 deferunt
2253 1336 2475 1389 odorem
2512 1334 2770 1387 virtutum
2811 1341 2866 1387 et
2910 1333 3216 1388 orationum
3247 1336 3442 1404 quibus
3479 1339 3547 1392 ad

1966 1426 2136 1480 altare
2188 1425 2618 1495 appropinquare
2661 1423 2936 1488 debemus,
2986 1425 3305 1480 suavitatem
3346 1427 3549 1497 signiti-

1966 1523 2108 1571 cant.
2152 1514 2303 1569 L'nde
2328 1512 2564 1567 Joannes
2596 1512 2648 1565 in
2679 1511 2998 1582 Apocalypsi
3032 1528 3157 1577 sua,
3190 1529 3309 1568 cum
3341 1516 3547 1585 phialas

1967 1607 2019 1660 in
2051 1622 2206 1660 n‘anu
2233 1604 2544 1676 angelorum
2578 1615 2793 1668 aureas,
2827 1603 2881 1656 id
2907 1612 2989 1658 est
3014 1606 3241 1660 mundas
3268 1607 3321 1660 in
3348 1607 3547 1663 electo-

1965 1713 2084 1750 rum
2124 1696 2286 1751 corde
2323 1695 2682 1750 conscientias
2720 1693 2907 1761 plenas
2944 1695 3416 1750 odoramentorum
3457 1699 3548 1753 de-

1962 1788 2285 1856 scripsisset,
2312 1785 2585 1854 subjunxit
2609 1799 2882 1853 exponens
2909 1792 3069 1854 atque
3098 1785 3174 1839 ait
3207 1804 3220 1839 :
3256 1786 3386 1852 Qua:
3413 1797 3537 1843 sunt

1962 1878 2225 1930 orationes
2250 1887 2569 1932 sanctorum.

2033 1966 2101 2020 Et
2127 1968 2427 2021 invenerunt
2458 1964 2681 2035 lapidem
2713 1963 2999 2019 revolutum
3025 1983 3056 2018 a
3088 1974 3451 2030 monumento,
3483 1974 3534 2020 et

1960 2061 2209 2130 ingressa:
2249 2075 2352 2112 non
2392 2059 2696 2112 invenerunt
2737 2074 2925 2127 corpus
2971 2057 3181 2110 Domini
3207 2056 3354 2111 Iesu.
3400 2055 3546 2123 Quo—

1960 2153 2121 2207 modo
2148 2152 2285 2222 lapis
2317 2167 2415 2221 per
2439 2149 2688 2220 angelum
2722 2149 2998 2205 revolutus
3032 2151 3103 2205 sit
3131 2150 3409 2205 Matthmus
3430 2150 3543 2205 suf-

1963 2242 2209 2297 ﬁcienter
2232 2241 2503 2312 exposuit.
2541 2239 2647 2295 Sed
2672 2240 2935 2295 revolutio
2971 2239 3164 2311 lapidis
3206 2242 3430 2312 mystice
3461 2258 3546 2297 re-

1962 2332 2290 2387 serationem
2340 2339 2805 2386 sacramentorum
2865 2347 2984 2401 qua:
3026 2332 3294 2385 velamine
3352 2332 3543 2387 littera:

1961 2423 2282 2492 tegebantur
2308 2422 2564 2475 insinuat.
2599 2420 2710 2475 Lex
2735 2421 2881 2476 enim
2920 2421 2973 2475 in
3008 2421 3182 2491 lapide
3204 2422 3405 2493 scripta
3433 2431 3539 2487 est,

1961 2512 2115 2583 cujus
2148 2512 2329 2567 ablato
2367 2513 2601 2585 tegmine
2641 2527 2838 2582 corpus
2868 2511 3079 2567 Domini
3123 2521 3396 2568 mortuum
3430 2530 3537 2569 non

1961 2604 2261 2669 invenitur,
2288 2604 2380 2658 sed
2402 2603 2580 2657 vivum
2607 2601 3030 2673 evangelizatur,
3056 2602 3181 2673 quia
3214 2603 3315 2657 etsi
3343 2619 3543 2674 cogno-

1960 2694 2139 2748 vimus
2183 2694 2476 2748 secundum
2516 2708 2733 2748 carnem
2778 2692 3073 2760 Christum,
3118 2693 3210 2749 sed
3245 2694 3358 2765 jam
3400 2711 3541 2752 nunc

1963 2800 2069 2839 non
2101 2785 2367 2839 novimus.

2034 2875 2101 2929 Et
2148 2876 2346 2946 factum
2387 2885 2461 2929 est
2506 2876 2630 2929 dum
2678 2886 2846 2931 mente
2889 2885 3231 2932 consternata:
3269 2884 3433 2929 essent
3480 2875 3545 2930 de

1962 2967 2085 3032 ista,
2112 2983 2226 3021 ecce
2248 2970 2352 3020 duo
2377 2968 2470 3020 viri
2491 2977 2741 3022 steterunt
2759 2985 2905 3021 secus
2931 2967 3052 3023 illas
3072 2968 3125 3021 in
3147 2976 3280 3021 veste
3299 2966 3539 3037 fulgenti.

1964 3057 2140 3112 Mente
2171 3064 2532 3112 consternatze
2566 3065 2742 3122 erant,
2779 3057 2903 3127 quia
2944 3066 2999 3112 et
3037 3057 3267 3125 lapidem
3311 3064 3416 3111 tam
3441 3057 3543 3111 im-

270 3139 347 3195 ita
374 3143 603 3195 verbum
636 3141 870 3205 Domini.
901 3143 1043 3211 quod
1071 3150 1253 3195 manet
1292 3142 1344 3194 in
1374 3151 1665 3207 maternum,
1696 3151 1858 3198 teter-
1889 3132 1933 3194 (Σ
1963 3164 2163 3204 mensa:
2189 3149 2574 3220 magnitudinis
2601 3148 2898 3203 revolutum
2922 3149 3228 3219 stupebant,
3258 3157 3313 3204 et
3337 3163 3536 3219 corpus

272 3248 398 3286 nam
429 3232 515 3287 his
546 3246 684 3302 quos
708 3245 774 3285 ex
796 3246 935 3301 aqua
960 3239 1175 3286 recreat
1199 3232 1250 3285 in
1275 3246 1439 3286 carne
1467 3231 1630 3286 simul
1657 3239 1711 3285 et
1735 3232 1856 3286 ani-

272 3338 357 3375 ma
393 3325 566 3375 vitam
600 3323 711 3376 dat.
745 3320 916 3390 Ilujns
947 3322 1238 3375 testimonii
1278 3330 1498 3376 sanctus
1528 3320 1853 3392 Cyprianus,

274 3412 325 3465 in
365 3412 506 3466 libro
555 3411 623 3466 de
663 3410 861 3466 Habitu
901 3412 1168 3480 virginqu
1210 3412 1285 3466 ita
1324 3412 1571 3466 meminit
1607 3431 1619 3466 :
1650 3410 1855 3477 Clama,

275 3503 449 3572 inquit
498 3502 652 3557 Isaia!
695 3500 839 3556 Deus
873 3520 886 3555 :
922 3499 1104 3556 Omnis
1151 3519 1273 3556 caro
1323 3503 1530 3573 fenum,
1582 3512 1629 3556 et
1689 3505 1858 3557 omnis

274 3596 489 3646 claritas
536 3592 654 3662 ejus
690 3602 744 3645 ut
790 3594 887 3661 ﬂos
916 3592 1066 3661 feni;
1103 3594 1244 3645 aruit
1284 3593 1461 3660 fenum
1507 3601 1554 3646 et
1586 3593 1684 3663 [los
1718 3592 1859 3646 deci-

274 3686 370 3749 dit,
423 3700 593 3737 sermo
617 3692 790 3736 autent
819 3681 1030 3735 Domini
1051 3682 1276 3735 manebit
1298 3683 1352 3735 in
1375 3692 1645 3736 teternum.
1679 3683 1860 3737 Nemi-

275 3792 398 3828 nem
440 3774 811 3829 Christianum
856 3771 1012 3827 decet
1055 3781 1110 3827 et
1157 3774 1391 3827 maxime
1429 3773 1694 3844 virginem
1747 3789 1857 3830 non

275 3868 428 3921 decet
449 3866 753 3921 claritatem
777 3864 937 3920 ullam
954 3873 1268 3934 computare
1288 3865 1470 3919 carnis
1494 3873 1549 3918 et
1570 3865 1852 3929 honorem,

276 3959 367 4014 sed
392 3958 567 4014 solum
591 3967 845 4030 appetere
871 3971 1175 4011 sermonem
1206 3956 1324 4021 Dei,
1351 3956 1491 4010 bona
1515 3956 1567 4010 in
1595 3965 1856 4011 :eternum

277 4063 530 4101 mansura
575 4046 881 4115 complecti.
929 4045 1037 4098 Aut
1080 4045 1122 4099 si
1175 4045 1327 4100 carni
1380 4046 1450 4100 sit
1497 4045 1857 4117 gloriandum,

278 4147 402 4193 tunc
440 4138 602 4207 plane
642 4138 857 4205 quando
902 4136 954 4190 in
1003 4136 1204 4191 Christi
1245 4137 1480 4191 nominis
1523 4137 1859 4193 confeSsione

277 4230 571 4291 cruciatur,
594 4227 720 4295 quia
744 4236 869 4281 tunc
893 4226 1083 4281 fortior
1107 4224 1307 4281 femina
1326 4227 1457 4281 viris
1483 4228 1858 4297 torquentibus

277 4326 582 4390 invenitur,
613 4327 830 4395 quando
859 4326 1035 4395 ignes,
1065 4333 1159 4379 aut
1184 4340 1391 4388 cruces,
1418 4334 1511 4379 aut
1539 4325 1739 4379 ferrum
1765 4333 1860 4380 aut

277 4418 477 4475 bestias
496 4418 705 4488 patitur
729 4427 787 4470 ut
808 4425 1116 4471 coronetur.
1149 4415 1242 4470 Illa
1264 4423 1390 4470 sunt
1416 4415 1598 4470 carnis
1618 4416 1855 4484 pretiosa

277 4510 523 4573 monilia,
569 4508 813 4579 corporis
856 4515 1178 4561 ornamento
1225 4504 1477 4569 meliora;
1529 4504 1855 4560 cruciatibus
1882 4480 1935 4540 Β

278 4610 455 4656 autem
498 4599 713 4663 carnis,
758 4599 811 4653 in
840 4598 1038 4667 quibus
1077 4611 1176 4666 per
1202 4595 1521 4665 patientiam
1552 4595 1730 4649 anima
1758 4594 1855 4650 de-

276 4705 516 4759 coratur,
545 4693 774 4765 gloriam
810 4692 1015 4747 sanctis
1042 4705 1107 4744 ae
1143 4689 1389 4745 ﬁdelibus
1425 4696 1693 4759 praeparat
1719 4702 1860 4743 sem-

276 4784 567 4853 piternam,
587 4790 879 4852 prmstante
898 4781 1127 4835 Domino
1155 4789 1340 4833 nostro
1359 4776 1485 4832 .Iesu
1511 4778 1745 4844 Christo,
1760 4778 1853 4847 qui

276 4889 394 4927 cum
422 4872 584 4926 I’atre
603 4881 657 4925 et
680 4870 886 4941 Spiritu
915 4880 1106 4925 sancto
1142 4869 1274 4923 vivit
1299 4876 1354 4923 et
1382 4876 1568 4939 regnat
1591 4869 1733 4923 Deus
1757 4884 1855 4938 per

276 4964 454 5017 omnia
490 4962 687 5018 szecula
717 4962 1059 5016 surculorum.
1081 4961 1273 5014 Amen.

806 5070 1091 5127 HOMILIA
1134 5069 1299 5124 XXV.

851 5157 985 5195 ῙΤΕΙ
1015 5155 1172 5196 ηκιλ
1205 5156 1278 5194 ιν.

415 5231 602 5286 Lectio
636 5230 811 5286 sancti
851 5230 1126 5301 Evangelii
1162 5229 1457 5285 secundum
1491 5228 1713 5283 Lucam.

346 5322 412 5381 In
443 5324 534 5378 illo
573 5334 805 5394 tempore
843 5340 951 5376 una
993 5322 1197 5376 sabbati
1238 5320 1386 5375 valde
1431 5320 1665 5373 diluculo
1710 5334 1859 5372 vene-

276 5431 401 5472 runt
426 5415 495 5470 ad
525 5423 945 5480 monumentum,
972 5422 1239 5485 portantes
1263 5428 1380 5482 qure
1403 5420 1715 5483 paraverant
1741 5426 1860 5464 aro-

279 5520 442 5572 mata,
468 5517 572 5562 etc.

352 5594 464 5650 Ilua
491 5595 703 5651 sabbati
740 5594 856 5650 sive
887 5594 1061 5667 prima
1093 5592 1323 5655 sabbati,
1357 5591 1531 5662 prima
1563 5597 1647 5645 est
1675 5589 1790 5644 dies
1825 5604 1854 5642 a

272 5684 517 5751 sabbato,
543 5700 710 5756 quam
739 5684 884 5741 diem
911 5683 1246 5742 Dominicam
1279 5690 1500 5754 propter
1524 5680 1734 5737 Domini
1771 5696 1855 5734 re-

1964 3250 2071 3295 tam
2125 3241 2337 3295 eximia:
2377 3241 2742 3295 venerationis
2794 3256 2898 3294 non
2946 3241 3220 3295 inventum
3266 3238 3539 3295 dolebant.

1961 3330 2113 3387 Sicut
2140 3340 2319 3386 autem
2349 3340 2555 3385 tentato
2590 3331 2641 3385 in
2671 3330 2957 3385 solitudine
2980 3332 3238 3395 Domino,
3280 3346 3403 3385 mox
3431 3333 3535 3387 im-

1958 3423 2101 3493 pleta
2138 3422 2395 3486 victoria,
2438 3422 2754 3476 accedentes
2781 3421 2830 3475 ei
2864 3420 3036 3491 angeli
3081 3421 3421 3484 ministrant,
3462 3419 3534 3473 ita

1957 3516 2144 3570 eodem
2172 3529 2332 3584 passo
2369 3515 2420 3568 in
2444 3529 2605 3569 carne
2634 3512 2934 3578 Salvatore,
2962 3523 3082 3583 post
3104 3513 3325 3568 devicta:
3355 3520 3534 3567 certa-

1958 3606 2101 3659 mina
2132 3604 2321 3659 mortis
2358 3604 2579 3660 veniunt
2615 3603 2837 3675 angeli,
2865 3602 2957 3672 qui
3002 3617 3110 3656 non
3149 3600 3322 3655 solum
3368 3600 3533 3654 verbo

1959 3699 2277 3754 consolante
2326 3699 2417 3754 sed
2467 3706 2521 3753 et
2566 3697 2800 3768 fulgente
2846 3696 3033 3750 habitu
3085 3695 3309 3765 gloriam
3346 3693 3539 3746 trium-

1956 3788 2176 3860 phantis
2198 3787 2540 3842 annuntient.
2574 3786 2838 3854 Quoniam
2868 3794 3048 3841 autem
3081 3785 3255 3855 posito
3280 3784 3331 3838 in
3360 3782 3538 3852 sepul-

1959 3896 2053 3937 cro
2094 3894 2288 3952 copore
2332 3878 2626 3934 Salvatoris
2662 3877 2900 3933 astitisse
2932 3877 3183 3949 leguntur
3215 3874 3420 3946 angeli,
3466 3874 3538 3928 ita

1957 3972 2120 4028 etiam
2146 3970 2481 4027 celebrandis
2505 3969 2745 4041 ejusdem
2779 3968 3132 4025 sacratissimi
3155 3967 3398 4036 corporis
3423 3981 3537 4036 my-

1958 4064 2142 4119 steriis
2191 4070 2432 4131 tempore
2479 4062 2903 4117 consecrationis
2937 4061 3194 4116 assistere
3239 4067 3366 4114 sunt
3406 4072 3529 4112 cre-

1959 4153 2119 4208 dendi
2138 4193 2153 4217 ,
2191 4159 2444 4206 monente
2466 4151 2724 4222 Apostolo
2755 4152 3006 4205 mulieres
3037 4150 3090 4204 in
3122 4147 3358 4203 Ecclesia
3387 4145 3537 4201 vela-

1958 4260 2084 4299 men
2114 4244 2315 4299 habere
2334 4252 2558 4314 propter
2585 4243 2824 4313 angelos.

2030 4332 2162 4387 Cum
2181 4333 2415 4386 timerent
2438 4341 2611 4386 autem
2628 4341 2674 4385 et
2698 4331 3018 4386 declinarent
3033 4329 3228 4383 vultum
3246 4329 3299 4381 in
3320 4337 3536 4394 terram,

1959 4425 2204 4479 dixerunt
2243 4423 2312 4477 ad
2338 4422 2458 4477 illas
2480 4439 2499 4477 :
2534 4422 2673 4488 Quid
2707 4422 2942 4491 qua'rt'tis
2973 4421 3219 4474 viventem
3253 4435 3371 4473 cum
3404 4435 3542 4472 mor-

1961 4515 2107 4569 tuis?
2130 4512 2252 4567 Non
2272 4522 2346 4567 est
2374 4513 2480 4578 hic,
2506 4512 2597 4566 sed
2620 4512 2868 4566 surrexit.
2900 4508 3094 4574 Nolite,
3120 4508 3389 4578 inquiunt,
3414 4523 3539 4563 cum

1961 4604 2206 4667 mortuis,
2234 4603 2337 4657 hoc
2366 4610 2450 4656 est
2472 4601 2524 4655 in
2553 4607 2901 4656 monumento
2923 4599 3012 4667 qui
3041 4598 3190 4654 locus
3210 4607 3291 4653 est
3322 4599 3537 4669 proprio

1960 4701 2313 4755 mortuorum,
2339 4704 2580 4759 qu:ererc
2602 4704 2726 4744 eum
2752 4689 2842 4757 qui
2867 4689 2933 4743 ad
2964 4690 3127 4743 vitam
3151 4686 3263 4756 jam
3297 4688 3538 4744 surrexit

1959 4800 1988 4838 a
2022 4783 2265 4838 mortuis.
2313 4782 2380 4836 Et
2420 4796 2516 4835 nos
2560 4788 2738 4833 autem
2790 4778 3036 4849 exetnplo
3071 4780 3383 4835 devotamm
3425 4781 3538 4834 Deo

1957 4871 2300 4935 feminarum,
2331 4869 2538 4939 quoties
2567 4868 2852 4923 ecclesiam
2892 4870 3162 4923 intramus
3188 4876 3241 4923 et
3266 4870 3539 4940 mysteriis

1961 4960 2266 5015 caelestibus
2309 4958 2817 5029 appropinquamus,
2870 4960 2981 5014 sive
3022 4968 3241 5029 propter
3282 4959 3537 5030 angelica:

1958 5052 2301 5121 praesentiam
2332 5049 2564 5114 virtutis,
2606 5066 2699 5105 seu
2729 5059 2948 5120 pmpter
2983 5052 3335 5106 reverentiam
3372 5066 3538 5106 sacrm

1960 5140 2243 5195 oblationis
2284 5155 2405 5195 cum
2447 5140 2594 5193 omni
2642 5139 2943 5194 humilitate
2992 5149 3046 5193 et
3099 5141 3290 5194 timore
3329 5139 3538 5208 ingredi

1961 5231 2240 5286 debemus.
2275 5230 2357 5284 Ad
2390 5237 2734 5300 conspectum
2761 5230 2959 5301 quippe
2986 5229 3298 5299 angelorum
3328 5229 3532 5282 vultum

1962 5322 2293 5378 declinamus
2329 5321 2380 5375 in
2415 5331 2640 5386 terram,
2666 5337 2786 5375 cum
2811 5336 3165 5390 supernorum
3191 5320 3387 5375 civium
3416 5332 3534 5387 qua:

1963 5420 2088 5467 sunt
2132 5412 2324 5482 gaudia
2371 5421 2571 5465 aeterna
2620 5412 3065 5481 contemplantes,
3113 5410 3384 5465 humiliter
3439 5422 3537 5463 nos

1960 5503 2196 5557 cinerem
2247 5518 2365 5557 esse
2411 5510 2717 5571 terramque
2778 5502 3062 5556 recolimns
3108 5520 3120 5554 :
3167 5501 3308 5554 sicut
3347 5499 3534 5558 beatus

1958 5592 2271 5646 Abraham:
2305 5591 2533 5664 Loquar,
2566 5593 2762 5661 inquit,
2798 5593 2868 5645 ad
2908 5592 3185 5645 Dominum
3220 5605 3388 5642 meum
3418 5604 3531 5643 cun'

1958 5682 2057 5736 sim
2075 5678 2244 5752 pulvis
2272 5690 2321 5735 et
2350 5680 2501 5735 cinis.
2532 5680 2600 5735 Et
2628 5680 2922 5735 notandum
2952 5676 3093 5746 quod
3122 5684 3321 5732 sancta:
3349 5676 3527 5733 mulie-
