4040 6188
429 337 521 392 191

1061 334 1124 389 Β.
1164 335 1416 389 RADANI
1455 334 1676 389 MAURI
1713 331 2033 388 ARClllEP.
2074 330 2384 387 MOGUNT.
2423 330 2707 386 OPERUM
2748 328 2927 385 PARS
2965 330 3027 385 ll.

3592 330 3691 385 19?.

425 463 517 505 res
555 446 859 502 astantibus
889 444 989 502 sibi
1016 446 1222 517 angelis
1251 462 1355 500 non
1402 447 1454 500 in
1493 455 1690 501 terram
1722 446 2000 510 cecidisse,
2032 449 2079 507 Α
2106 445 2445 514 procumbens
2472 444 2596 498 vidit
2626 442 2930 497 linteamina
2960 442 3072 497 sola
3097 444 3267 513 posita
3297 454 3342 498 et
3366 444 3490 497 abiit
3515 458 3688 498 secum

425 538 523 594 sed
547 537 750 592 vultum
774 537 1025 592 dicuntur
1051 538 1103 591 in
1120 546 1319 591 terram
1338 537 1664 603 declinasse;
1698 554 1795 593 nec
1817 554 2005 608 quem-

424 629 572 698 piam
612 640 920 684 sanctorum
953 629 1178 699 legimus
1215 637 1453 700 tempore
1494 631 1784 686 Dominicae
1817 646 2003 686 resur-

425 722 679 775 rectionis
700 719 784 774 vel
807 719 922 788 ipso
945 719 1170 774 Domino
1199 719 1283 774 vel
1303 720 1510 791 angelis
1537 720 1639 774 sibi
1674 721 1824 782 visis.
1852 729 2009 773 terra:

424 819 755 883 prostratum
780 812 1071 876 adorasse;
1109 812 1250 865 unde
1272 818 1396 864 ‘mos
1425 811 1657 865 obtinuit
1682 809 2009 864 ecclesiasti—

425 919 541 964 cus,
566 909 624 955 ut
645 900 727 955 vel
750 901 803 955 in
829 901 1145 955 memoriam
1170 900 1462 955 Dominicm
1487 910 1541 954 et
1565 902 1617 954 in
1641 910 1838 955 nostra:
1859 915 2009 970 spem

426 992 865 1057 resurrectionis,
899 999 955 1045 et
985 993 1235 1045 omnibus
1263 990 1555 1044 Dominicis
1579 990 1788 1055 diebus,
1818 998 1872 1043 et
1899 999 2011 1043 toto

425 1083 897 1154 Quinquagesimee
939 1090 1179 1150 tempore
1210 1098 1314 1136 non
1338 1081 1491 1135 ﬂexis
1513 1081 1759 1150 genibus,
1787 1081 1879 1135 sed
1922 1080 2013 1135 de-

425 1174 637 1230 clinatis
669 1174 721 1227 in
749 1181 948 1227 terram
973 1172 1208 1226 vultibus
1236 1187 1471 1226 oremus.

501 1265 872 1319 Recordamini
902 1264 1128 1335 qualiter
1165 1264 1368 1317 locutus
1405 1273 1481 1317 est
1510 1263 1654 1316 vobis
1687 1279 1805 1315 cum
1840 1262 2012 1316 adhuc

425 1359 481 1411 in
513 1354 735 1410 Galila’a
768 1365 898 1409 esset
928 1355 1146 1408 dicens:
1178 1355 1315 1419 Quia
1338 1363 1533 1425 oportet
1566 1351 1764 1406 Filium
1785 1352 2010 1405 hominis

427 1448 572 1501 tradi
598 1449 654 1501 in
689 1458 877 1501 manus
907 1455 1260 1516 peccatorum,
1291 1454 1338 1497 et
1375 1443 1629 1513 crnciﬁgi,
1661 1453 1709 1495 et
1736 1443 1820 1496 die
1856 1442 2011 1495 tertia

426 1555 711 1608 resurgere.
738 1538 833 1592 Die
858 1538 1013 1591 tertia
1040 1537 1297 1590 Dominus
1325 1536 1464 1590 sicut
1488 1536 1620 1605 ipse,
1651 1535 1797 1604 quod
1826 1549 1891 1589 ex
1909 1534 2013 1587 hoc

425 1627 546 1683 loco
581 1629 869 1693 discimus,
910 1628 1048 1681 inter
1078 1627 1369 1688 discipulos
1406 1627 1555 1681 viros
1595 1627 1757 1681 etiam
1797 1624 2012 1678 feminis

425 1732 554 1785 qua:
587 1733 710 1772 eum
744 1717 1108 1786 sequebantur
1145 1718 1424 1788 praedixit,
1470 1719 1543 1772 ita
1593 1718 2011 1773 resurrectionis

2110 539 2329 592 mirans.
2359 537 2511 605 Quod
2542 538 2742 593 factum
2766 536 2945 592 fuerat
2972 537 3146 593 Lucas
3171 538 3411 593 breviter
3439 540 3503 594 de
3528 554 3695 594 cursu

2110 626 2253 682 Petri
2277 637 2686 683 commemorat.
2713 628 2820 683 Sed
2843 628 2945 682 hoc
2967 628 3236 696 quomodo
3259 636 3466 700 gestum
3494 629 3561 682 sit
3586 627 3673 698 ple

2112 717 2233 771 nius
2279 719 2592 787 exsequitur
2634 715 2870 772 Joannes
2912 717 3095 773 dicens
3132 718 3299 773 etiam
3336 716 3483 771 illum
3535 716 3700 771 (ὶίεεί-

2112 809 2294 880 pulum
2334 824 2494 879 quem
2539 808 2792 880 diligebat
2819 807 2977 865 Jesus
3006 810 3313 865 cucurrisse
3353 824 3474 864 cum
3513 808 3698 871 Petro,

2113 912 2171 953 se
2199 898 2449 952 videlicet
2479 899 2779 953 insinuans.
2816 898 2969 955 Unde
3005 900 3263 969 quarritur
3290 899 3561 970 quomodo
3595 898 3705 953 Lu-

2114 1006 2206 1045 cas
2232 991 2296 1045 de
2336 991 2497 1046 Petro
2529 990 2673 1046 dicat
2712 1009 2725 1044 :
2760 990 2827 1043 Et
2860 990 3200 1060 procumbens
3229 988 3356 1043 vidit
3389 988 3700 1042 linteamina

2114 1078 2225 1133 sola
2257 1080 2450 1149 posita,
2484 1095 2608 1134 cum
2640 1078 2875 1134 Joannes
2902 1094 2958 1133 se
2986 1079 3163 1148 potius
3186 1077 3289 1132 hoc
3323 1077 3512 1131 fecisse
3536 1076 3705 1147 signi-

2116 1167 2263 1232 ficet,
2291 1167 2513 1223 Petrum
2550 1185 2680 1224 vero
2707 1169 3066 1223 introeuntem
3103 1168 3156 1222 in
3185 1176 3589 1222 monumentum
3624 1167 3707 1219 vi-

2116 1258 2259 1312 disse
2294 1273 2400 1311 non
2434 1257 2606 1313 solum
2645 1258 2992 1323 linteamina,
3031 1259 3124 1313 sed
3157 1266 3211 1312 et
3241 1259 3517 1313 sudarium
3557 1256 3706 1327 quod

2116 1346 2291 1403 fuerat
2324 1364 2487 1418 super
2523 1359 2687 1419 caput
2724 1349 2859 1419 ejus.
2903 1350 3010 1406 Sed
3050 1351 3452 1420 intelligendum
3491 1359 3574 1405 est
3602 1349 3709 1404 Pe-

2115 1446 2276 1502 trum,
2321 1440 2498 1508 primo
2555 1441 2998 1509 procumbentem
3048 1441 3249 1495 vidisse
3311 1441 3455 1510 quod
3526 1440 3709 1495 Lucas

2115 1544 2536 1600 commemorat,
2568 1532 2804 1589 Joannes
2835 1543 2996 1590 tacet.
3023 1535 3149 1589 Post
3171 1544 3348 1589 autem
3375 1535 3703 1604 ingressum,

2114 1632 2175 1677 ut
2212 1624 2518 1695 diligentius
2557 1625 2812 1679 interiora
2854 1625 3230 1695 diguosccret;
3276 1625 3576 1695 ingressum
3620 1632 3707 1677 ta-

2116 1728 2239 1767 men
2285 1722 2572 1784 autequam
2614 1713 2849 1771 Joannes
2896 1716 3142 1771 intraret.
3180 1715 3279 1784 Qui
3321 1725 3500 1770 tamen
3542 1716 3708 1769 ambo

425 1824 538 1863 sua:
575 1810 908 1879 triumphum
934 1809 1245 1863 celebravit.
1282 1809 1378 1863 Die
1407 1824 1642 1878 namque
1682 1809 2008 1864 Parasceves
2039 1797 2085 1856 Β
2114 1806 2352 1876 perfecto
2392 1823 2578 1862 amore
2610 1808 2890 1862 adhmrcnt
2923 1809 3267 1880 Redemptori
3308 1824 3439 1872 suo,
3480 1816 3535 1861 et
3582 1808 3708 1861 ideo

426 1899 561 1954 hora
594 1913 734 1953 nona
771 1900 1017 1967 spiritum
1062 1900 1281 1954 tradens
1309 1916 1531 1969 vespere
1564 1901 1827 1970 sepultus,
1852 1915 2009 1955 mane

426 1988 601 2057 prima
631 1988 840 2041 sabbati
878 1988 1114 2041 surrexit
1146 1989 1287 2043 sicut
1312 2000 1495 2057 aperte
1538 1989 1751 2045 Marcus
1778 2006 2011 2062 evange-

428 2076 550 2131 lista
572 2077 834 2147 designat.
862 2076 977 2131 Non
1002 2093 1130 2147 ergo
1148 2078 1422 2133 immerito
1444 2096 1552 2133 uno
1573 2080 1658 2134 die
1684 2081 1734 2134 in
1764 2082 2011 2150 sepulcro

428 2177 487 2223 et
525 2169 734 2224 duabus
781 2170 1031 2225 noctibus
1062 2171 1264 2240 jacuit,
1296 2173 1386 2241 qui
1418 2172 1661 2227 videlicet
1703 2173 1874 2228 lucem
1902 2190 2011 2229 suae

430 2258 638 2328 simpl-.e
660 2260 870 2323 mortis,
905 2260 1140 2315 tenebris
1168 2263 1343 2331 dupla:
1374 2271 1573 2318 nostra:
1602 2265 1795 2319 mortis
1825 2262 2013 2332 adjun-

430 2352 530 2406 xit.
560 2351 641 2405 Ad
668 2367 766 2407 nos
782 2353 979 2422 quippe
1006 2354 1151 2408 venit
1172 2355 1260 2423 qui
1286 2354 1339 2407 in
1364 2362 1536 2409 morte
1564 2355 1787 2424 spiritus
1806 2354 2013 2409 carnis-

431 2458 536 2513 que
567 2443 880 2498 tenebamur
915 2462 927 2496 :
967 2460 1124 2498 unam
1152 2446 1219 2499 ad
1258 2461 1354 2499 nos
1384 2461 1535 2499 suam
1555 2487 1568 2510 ,
1601 2447 1651 2498 id
1691 2454 1802 2510 est,
1834 2446 2013 2501 carnis

431 2540 660 2585 mortem
696 2532 914 2596 detulit,
950 2541 1003 2587 et
1036 2534 1170 2588 duas
1200 2544 1415 2589 nostras
1443 2550 1577 2605 quas
1604 2535 1806 2604 recepit
1831 2535 2009 2589 solvit.

432 2618 491 2675 Si
518 2621 662 2676 enim
697 2621 810 2691 ipse
839 2634 1125 2693 utramque
1155 2625 1477 2695 susciperet,
1511 2642 1610 2680 nos
1641 2642 1671 2679 a
1697 2626 1841 2680 nulla
1875 2625 2012 2680 libe-

432 2722 595 2767 raret.
626 2714 1047 2768 Misericorditer
1065 2716 1276 2785 accepit
1304 2725 1358 2770 et
1385 2717 1531 2786 juste
1557 2725 1841 2787 utramque
1866 2717 2017 2771 dam—

433 2805 582 2858 navit
608 2803 853 2872 simplam
877 2819 1026 2857 suam
1051 2805 1224 2874 duphe
1250 2814 1447 2860 nostra:
1465 2806 1691 2862 contulit
1715 2815 1771 2861 et
1799 2807 2016 2876 duplam

432 2901 674 2948 nostram
700 2894 936 2949 moriens
965 2895 1197 2962 subegit.

510 2982 577 3035 Et
618 2983 904 3036 recordata:
944 2997 1065 3037 sunt
1103 2984 1375 3038 verborum
1421 3003 1558 3055 ejus.
1602 2985 1853 3043 Mulieres
1899 3004 2018 3058 qua:

436 3075 492 3130 in
524 3083 874 3129 monumento
900 3074 1110 3129 Domini
1140 3084 1346 3131 stantes
1371 3077 1654 3132 verborum
1680 3094 1801 3149 quae
1828 3079 1894 3134 de
1920 3095 2015 3134 sua

2115 1896 2276 1951 modo
2315 1911 2437 1965 cum
2478 1896 2567 1950 illo
2601 1900 2651 1950 in
2695 1897 2891 1968 gaudio
2932 1898 3083 1966 regni
3117 1897 3354 1951 caelestis
3392 1897 3549 1951 simul
3577 1911 3708 1950 cum

2113 1989 2316 2042 sanctis
2356 1987 2559 2058 angelis
2596 1996 2877 2042 manentes
2906 1988 3233 2042 lmtabuntur
3261 1986 3314 2041 in
3354 1997 3704 2057 perpetuum.

2113 2078 2310 2133 Amen.

2652 2167 2933 2223 IlOMlLlA
2971 2166 3160 2222 XXVI.

2781 2274 2936 2314 FERIA
2960 2275 3035 2313 Vl.

2208 2347 2394 2402 Lectio
2424 2348 2596 2402 sancti
2633 2347 2908 2419 Evangelii
2939 2348 3235 2403 secundum
3267 2347 3601 2403 Matthsenm.

2188 2439 2255 2493 In
2305 2438 2396 2492 illo
2443 2449 2701 2508 tempore,
2751 2448 3078 2493 accesserunt
3124 2439 3193 2492 ad
3234 2437 3416 2493 Iesum
3460 2438 3717 2510 discipuli

2115 2531 2339 2587 Joannis
2368 2531 2595 2585 dicentes
2626 2546 2644 2586 :
2680 2530 2854 2596 Quare
2891 2548 2986 2585 nos
3022 2541 3069 2585 et
3108 2531 3369 2586 Pharisa’i
3394 2532 3714 2603 jejunamus

2118 2627 2431 2697 frequenter,
2462 2627 2707 2697 discipuli
2742 2638 2915 2682 autem
2945 2629 3025 2682 tui
3059 2646 3161 2683 non
3180 2628 3462 2699 jejunant?

2189 2716 2431 2788 Superba
2470 2718 2820 2789 interrogatio
2856 2728 2911 2774 et
2950 2720 3107 2789 plena
3141 2721 3207 2774 de
3238 2720 3529 2790 supercilio
3560 2720 3717 2775 Pha-

2118 2809 2421 2874 risaeorum,
2446 2819 2594 2865 certe
2618 2820 2676 2865 ut
2700 2810 2842 2865 aliud
2868 2827 2971 2864 non
2996 2812 3241 2865 dicamus
3265 2811 3717 2881 reprehendenla

2114 2900 2303 2973 jejunii
2326 2901 2611 2971 jactantia.
2644 2903 2754 2958 Nec
2788 2911 3042 2974 poterant
3070 2902 3316 2973 discipuli
3344 2900 3568 2958 Joannis
3598 2919 3717 2957 non

2122 3007 2239 3047 esse
2277 2993 2376 3047 sub
2411 2993 2542 3047 vitio
2570 2995 2662 3062 qui
2702 2993 3174 3047 calumnialantur
3208 3008 3353 3058 eum,
3384 3008 3542 3063 quem
3574 2993 3724 3048 scie—

2122 3083 2253 3137 bant
2287 3084 2529 3155 magistri
2570 3085 2796 3139 vocibus
2831 3084 3206 3154 praedicatum,
3250 3092 3304 3138 et
3342 3081 3724 3154 jungebantur

435 3168 836 3237 dispensatione
863 3167 1118 3238 praefatus
1142 3177 1226 3224 est
1254 3171 1626 3237 recordamur,
1668 3171 1897 3226 formam
1923 3188 2019 3227 no-
2046 3145 2090 3207 C
2124 3175 2408 3230 Phariswis
2455 3190 2588 3244 quos
2645 3176 2711 3229 ab
2757 3174 2966 3229 Joanne
3009 3181 3275 3229 noverant
3325 3173 3724 3229 condemnatos

435 3256 521 3312 bis
540 3258 784 3326 praebent
810 3266 870 3312 ut
893 3258 1037 3313 inter
1066 3259 1180 3328 ipsa
1213 3260 1503 3315 Dominica:
1525 3262 1793 3331 passionis
1825 3271 2025 3334 mystc-

436 3347 520 3403 ria
554 3347 897 3414 celebranda,
944 3365 1049 3403 non
1094 3351 1265 3405 solum
1302 3351 1543 3421 ejusdem
1587 3354 1881 3425 passionis,
1928 3356 2022 3410 sed

436 3449 492 3494 et
545 3442 613 3495 ab
660 3441 845 3496 inferis
887 3444 1317 3509 resurrectionis,
1363 3461 1462 3501 nec
1504 3462 1609 3501 non
1656 3455 1709 3501 et
1756 3447 1807 3500 in
1857 3448 2025 3503 ctelos

438 3530 686 3601 gloriosa:
723 3532 1054 3588 ascensionis
1093 3535 1253 3605 digna
1298 3551 1514 3606 semper
1549 3537 1897 3591 veneratione
1943 3554 2023 3591 re-

439 3624 745 3677 cordemur.
772 3623 841 3677 Et
867 3641 1084 3694 egressae
1112 3643 1144 3679 a
1165 3637 1497 3680 monumento
1521 3628 1887 3681 nuntiaverunt
1917 3629 2027 3681 Ita'c

438 3716 614 3768 omnia
635 3714 740 3768 illis
767 3715 1008 3770 undecim
1037 3725 1085 3770 et
1107 3718 1308 3771 ca'teris
1333 3717 1591 3771 omnibus.
1628 3716 1782 3772 Sicut
1802 3719 1855 3772 in
1879 3719 2029 3788 prin-

439 3807 581 3876 cipio
620 3807 814 3861 mulier
855 3816 1043 3862 auctor
1079 3809 1252 3878 culpae
1296 3810 1411 3864 viro
1452 3810 1573 3875 fuit,
1613 3810 1697 3864 vir
1742 3820 2030 3865 exsecutor

439 3895 661 3962 erroris,
710 3895 781 3948 ita
823 3912 965 3949 nunc
998 3885 1127 3964 qum;
1152 3901 1300 3965 prior
1334 3907 1562 3952 mortem
1592 3909 1907 3967 gustaverat
1945 3916 2030 3954 re-

445 3986 837 4040 surrectionem
866 3987 1017 4054 prior
1045 3987 1199 4049 vidit,
1232 3995 1285 4040 et
1307 4004 1373 4042 ne
1402 3991 1644 4059 perpetui
1684 4000 1865 4045 reatus
1890 3991 2029 4061 apud

442 4077 589 4129 viros
614 4076 959 4146 cpprobrimn
982 4077 1292 4141 sustineret,
1325 4093 1444 4146 qua:
1471 4079 1679 4148 culpam
1701 4080 1821 4133 viro
1852 4088 2028 4135 trans-

444 4164 677 4230 fuderat,
710 4165 1001 4221 transfudit
1026 4174 1080 4221 et
1103 4168 1354 4236 gratiam.

516 4254 645 4309 Erat
671 4265 843 4309 autem
869 4256 1046 4310 Maria
1084 4255 1419 4326 Magdalene,
1450 4269 1495 4312 et
1524 4257 1760 4324 Joanne,
1784 4269 1832 4313 et
1857 4259 2029 4313 Maria

443 4346 654 4411 Jacobi,
686 4356 732 4400 et
761 4357 961 4401 ca'tera:
982 4363 1098 4418 qua:
1119 4362 1236 4399 cum
1265 4346 1338 4400 eis
1360 4358 1533 4413 erant,
1558 4365 1674 4419 qua?
1696 4350 1935 4404 dicebant
1962 4351 2030 4405 ad

445 4437 705 4505 apostolos
725 4437 854 4491 Ittt’C.
885 4436 1048 4491 Maria
1079 4436 1387 4506 Magdalenc
1418 4438 1531 4507 ipsa
1553 4448 1635 4493 est
1660 4454 1813 4493 soror
1835 4439 2024 4494 Lazari

446 4541 566 4594 qua:
597 4526 747 4579 unxit
778 4526 1061 4581 Dominum
1101 4534 1404 4598 unguento,
1436 4526 1643 4581 Joanna
1677 4545 1812 4582 uxor
1842 4529 2025 4583 Chuza

446 4617 814 4685 procuratoris
860 4615 1107 4682 Herodis,
1151 4619 1218 4672 de
1259 4620 1455 4688 quibus
1492 4634 1650 4688 supra
1684 4619 1880 4674 lectum
1922 4628 2025 4675 est.

448 4707 617 4762 Maria
645 4707 829 4762 Jacobi
866 4719 1038 4764 mater
1059 4719 1143 4764 est
1170 4709 1354 4765 Jacobi
1378 4711 1614 4779 junioris
1642 4719 1696 4766 et
1721 4710 1943 4780 Joseph,
1975 4721 2031 4768 et

450 4808 511 4851 ut
549 4796 763 4852 Marcus
801 4798 1127 4868 evangelista
1174 4800 1330 4865 dicit,
1364 4817 1514 4854 soror
1551 4801 1736 4855 matris
1772 4801 1982 4855 Domini
2011 4818 2031 4867 ;

449 4887 592 4941 unde
628 4895 683 4941 et
708 4887 821 4956 ipse
848 4887 1084 4943 Jacobus
1111 4888 1278 4957 frater
1299 4890 1509 4944 Domini
1536 4891 1734 4945 meruit
1757 4891 1958 4945 vocari.

520 4996 592 5051 Et
634 4999 744 5052 visa
781 5009 903 5052 sunt
940 5010 1061 5054 ante
1096 4998 1214 5054 illos
1260 5001 1397 5055 sicut
1443 5000 1843 5056 deliramentum
1875 5001 2029 5055 verba

453 5093 571 5152 ista,
597 5100 644 5145 et
670 5107 772 5145 non
798 5091 1072 5145 credebant
1101 5092 1226 5147 illis.
1261 5093 1412 5161 Quod
1444 5096 1893 5151 resurrectionem
1928 5096 2032 5149 Do-

454 5182 708 5238 minicam
740 5181 985 5250 discipuli
1024 5182 1176 5236 tarde
1218 5185 1582 5251 crediderunt,
1632 5202 1737 5241 non
1776 5193 1883 5240 tam
1917 5186 2031 5240 illo-

454 5289 574 5329 rum
631 5272 945 5337 inlirmitas,
987 5288 1148 5343 quam
1194 5282 1376 5329 nostra
1419 5285 1477 5330 ut
1514 5277 1585 5330 ita
1634 5276 1809 5330 dicam
1851 5274 2032 5329 futura

456 5362 687 5420 ﬁrmitas
714 5361 830 5415 fuit.
862 5360 979 5431 Ipsa
1007 5378 1238 5431 namque
1268 5365 1594 5418 resurrectio
1623 5364 1764 5419 illius
1792 5365 2036 5418 dubitan-

458 5455 601 5511 tibus
631 5471 728 5526 per
754 5455 918 5509 multa
948 5464 1263 5525 argumenta
1294 5464 1589 5511 monstrata
1614 5465 1724 5521 est,
1759 5472 1879 5525 quae
1907 5457 2035 5511 dum

458 5560 559 5601 nos
582 5547 820 5619 legentes
840 5548 1199 5619 agnoscimus,
1231 5549 1359 5619 quid
1384 5548 1530 5602 aliud
1549 5563 1709 5618 quam
1732 5549 1800 5604 de
1822 5547 2033 5602 illorum

459 5633 791 5692 dubitatione
814 5633 1148 5693 solidamur?

531 5723 720 5781 Petrus
757 5738 930 5785 autem
967 5745 1183 5803 surgens
1220 5732 1385 5786 currit
1429 5728 1498 5784 ad
1535 5736 1945 5799 monumentum,
1987 5739 2035 5785 et

2124 3286 2243 3324 cum
2292 3271 2368 3324 ait
2407 3286 2421 3323 :
2465 3268 2742 3323 Generatio
2780 3271 3108 3340 viperarum,
3151 3273 3266 3341 quis
3308 3269 3528 3324 ostendit
3573 3270 3724 3324 vobis

2125 3359 2303 3431 fugere
2327 3360 2392 3414 ab
2416 3361 2496 3413 ira
2522 3361 2780 3414 ventura?

2197 3453 2282 3504 Ait
2309 3450 2414 3504 illis
2441 3449 2633 3504 Iesus:
2676 3448 2931 3522 Nunquid
2954 3460 3169 3522 possunt
3193 3451 3293 3520 filii
3325 3452 3501 3521 sponsi
3532 3450 3718 3522 lugere

2124 3544 2358 3615 quandiu
2402 3561 2519 3597 cum
2559 3544 2663 3597 illis
2700 3552 2773 3597 est
2816 3544 3076 3614 sponsus?
3133 3541 3351 3598 Venient
3396 3554 3568 3597 autem
3598 3543 3722 3598 dies

2127 3652 2247 3691 cum
2290 3635 2559 3705 auferetur
2599 3636 2664 3690 ab
2708 3637 2781 3691 eis
2829 3654 3050 3706 sponsus
3075 3678 3091 3703 ,
3133 3646 3182 3692 et
3223 3648 3346 3692 tunc
3370 3638 3724 3709 jejunabunt.

2131 3728 2188 3782 Si
2221 3742 2451 3797 sponsus
2476 3726 2744 3791 Christus,
2773 3726 2969 3798 sponsa
2993 3728 3232 3784 Ecclesia
3256 3738 3357 3784 est.
3386 3730 3458 3783 De
3486 3733 3585 3784 hoc
3608 3730 3730 3799 spi-

2128 3819 2272 3874 ritali
2316 3819 2588 3873 connubio
2633 3819 2860 3887 apostoli
2900 3828 3027 3874 sunt
3055 3820 3222 3874 creati
3254 3821 3344 3890 qui
3382 3820 3566 3891 lugere
3604 3836 3726 3875 non

2129 3917 2390 3980 possunt,
2438 3909 2673 3978 quandiu
2720 3923 2970 3977 sponsam
3021 3910 3076 3962 in
3124 3909 3361 3964 thalamo
3409 3910 3611 3971 vident,
3666 3917 3728 3963 et

2131 4000 2306 4055 sciunt
2330 4014 2583 4069 sponsum
2601 4013 2718 4052 esse
2746 4014 2868 4052 cum
2897 4013 3113 4067 sponsa.
3143 3999 3369 4065 Quando
3398 4013 3526 4053 vero
3548 4007 3738 4053 trans-

2132 4092 2313 4146 ierunt
2355 4091 2571 4160 nuptiaa,
2629 4099 2685 4143 ct
2725 4091 2994 4160 passionis
3027 4106 3091 4145 ac
3130 4091 3543 4146 resurrectionis
3585 4098 3729 4143 tem-

2130 4197 2234 4252 pus
2263 4183 2561 4247 advenerit,
2597 4191 2723 4237 tunc
2751 4182 2933 4251 sponsi
2966 4181 3057 4236 lilii
3088 4181 3427 4252 jejnnabunt.
3464 4180 3730 4235 Nonnulli

2132 4280 2326 4343 putant
2348 4272 2549 4326 idcirco
2567 4282 2691 4341 post
2713 4272 2829 4325 dies
2853 4273 3052 4340 quadra
3061 4273 3206 4339 ginta
3232 4271 3497 4341 passionis
3511 4268 3730 4340 jejunis

2134 4364 2331 4419 debere
2381 4364 2681 4428 committi,
2724 4364 2849 4417 licet
2904 4364 3089 4418 statim
3128 4363 3242 4417 dies
3282 4362 3629 4416 Pentecostes
3673 4372 3730 4416 et

2136 4456 2369 4527 Spiritus
2394 4464 2612 4510 sanctus
2637 4456 2929 4510 adveniens
2954 4456 3153 4510 indicet
3177 4455 3330 4510 nobis
3347 4454 3731 4521 festivitatem,

2130 4554 2185 4600 et
2228 4561 2291 4600 ex
2330 4544 2488 4615 hujus
2517 4545 2801 4599 occasione
2843 4544 3131 4598 testimonii
3176 4543 3480 4605 Montanus,
3504 4540 3726 4608 Prisca,

2132 4648 2186 4692 et
2214 4636 2503 4691 Maximilla
2532 4637 2694 4691 etiam
2727 4645 2847 4706 post
2861 4635 3213 4690 Pcutecosten
3246 4634 3450 4689 faciunt
3477 4634 3725 4703 quadra-1

2133 4728 2577 4799 gcsimam,quod
2601 4728 2781 4784 ablato
2819 4744 3017 4798 sponso
3045 4728 3137 4781 lilii
3168 4727 3353 4797 sponsi
3383 4727 3614 4782 debeant
3632 4725 3730 4796 je-

2127 4821 2341 4891 junare.
2394 4819 2649 4875 Ecclesia:
2690 4827 2868 4874 autem
2911 4818 3246 4873 consuetudo
3284 4816 3353 4870 ad
3396 4816 3717 4885 passionem

2136 4908 2346 4963 Domini
2398 4916 2454 4962 et
2488 4907 2943 4961 resurrectionem
2990 4920 3089 4974 per
3138 4904 3495 4958 humilitatem
3541 4904 3737 4959 carnis

2134 4999 2315 5061 venit,
2355 5007 2416 5053 ut
2448 4996 2677 5068 spiritali
2715 4995 3038 5067 saginationi
3073 4993 3279 5063 jejunio
3311 4992 3555 5062 corporis
3585 5008 3738 5061 pra:-

2134 5107 2408 5163 paremur.
2449 5089 2611 5144 Juxta
2656 5089 2802 5160 leges
2853 5097 3032 5142 autem
3074 5087 3388 5157 tropologiaz
3419 5085 3733 5150 sciendum,

2137 5183 2279 5253 quod
2303 5183 2541 5253 quandiu
2569 5196 2802 5252 sponsus
2839 5180 3121 5234 nobiscum
3150 5187 3233 5233 est
3259 5188 3315 5232 et
3337 5178 3391 5231 in
3425 5176 3606 5231 laetitia
3635 5191 3739 5229 su-

2140 5289 2280 5339 mus,
2310 5289 2410 5328 nec
2432 5272 2678 5343 jejunare
2700 5287 2987 5341 possumus
3015 5286 3112 5324 nec
3143 5270 3327 5341 lugere
3351 5286 3366 5336 ;
3396 5284 3518 5324 cum
3541 5276 3739 5324 autem

2143 5361 2232 5416 ille
2270 5376 2301 5416 a
2349 5361 2505 5416 nobis
2549 5370 2767 5431 propter
2816 5369 3037 5429 peccata
3074 5360 3364 5414 recesserit
3390 5367 3446 5413 et
3471 5356 3736 5425 avolarit,

2144 5457 2272 5505 tunc
2301 5451 2643 5506 indicendum
2664 5450 2929 5520 jejunium
2955 5459 3069 5516 est,
3100 5458 3227 5505 tunc
3256 5449 3429 5503 luctus
3461 5447 3731 5517 recipien-

2142 5544 2242 5599 dus
2259 5552 2361 5598 est.

2215 5636 2385 5691 Nemo
2404 5636 2560 5690 mittit
2582 5637 2978 5690 commissuram
2999 5636 3160 5706 panni
3180 5635 3326 5690 rudis
3344 5635 3399 5690 in
3420 5633 3743 5690 vestimento

2140 5729 2332 5794 veteri;
2363 5728 2494 5783 tollit
2529 5727 2663 5782 enim
2694 5726 3071 5799 plenitudinem
3105 5727 3219 5796 ejus
3245 5727 3308 5783 de
3337 5725 3642 5782 vestimento
3685 5741 3738 5780 et
