4040 6188
270 329 370 386 195

1370 330 1674 389 HOMILL/E
1713 331 1779 389 IN
1820 333 2073 390 EVANG.
2108 334 2197 389 ET
2231 335 2451 394 EPIST.

3444 352 3548 409 194

267 442 408 514 pejor
446 437 686 494 scissura
727 437 811 509 ﬁt.
864 438 1048 511 Neque
1090 440 1305 496 mittunt
1345 444 1521 497 vinum
1564 460 1755 497 novum
1806 445 1863 498 in
1889 450 1941 508 Α
1966 443 2085 500 sine
2112 444 2218 501 line
2246 449 2441 518 gaudia
2471 465 2530 506 se
2569 462 2788 521 sperant
2815 455 3084 525 accipere,
3115 467 3171 514 et
3201 459 3255 514 in
3282 469 3547 519 aeternum

270 543 402 587 utres
434 541 667 598 veteres,
706 530 945 601 alioquin
974 543 1281 603 rumpentur
1315 545 1456 589 utres
1487 546 1535 589 et
1572 536 1748 589 vinum
1779 535 1855 605 ef-

269 623 526 693 fandetur,
559 632 614 675 et
647 632 795 676 utres
823 622 1085 692 peribunt.
1121 621 1225 678 Sed
1249 625 1304 678 in
1329 634 1468 679 utres
1496 642 1652 679 novos
1678 626 1854 679 vinum

269 730 443 766 novum
467 714 688 766 mittunt
720 723 769 766 et
798 712 952 766 ambo
973 725 1367 768 conservantur.
1402 714 1557 781 Quod
1578 715 1726 781 dicit,
1754 716 1857 770 hoc

268 811 345 857 est
372 817 387 855 :
414 802 593 856 donec
615 802 744 871 quis
774 811 996 857 renatus
1022 802 1205 869 fuerit,
1233 812 1289 858 et
1318 805 1489 860 veteri
1512 807 1733 861 homine
1755 806 1851 861 de-

265 893 434 963 posito
460 905 563 961 per
590 892 909 961 passionem
938 909 1118 947 meam
1146 909 1344 948 novum
1374 895 1646 950 hominem
1670 897 1854 950 indue-

268 984 350 1047 rit,
378 999 486 1036 non
514 990 702 1052 potest
723 982 999 1037 severiora
1019 981 1212 1053 jejunii
1243 992 1298 1039 et
1322 986 1666 1041 continentiae
1693 987 1854 1041 susti-

263 1088 386 1128 nere
426 1080 730 1143 praecepta,
777 1088 848 1128 ne
885 1089 984 1143 per
1023 1076 1398 1131 austeritatem
1438 1077 1659 1131 nimiam
1689 1079 1852 1133 etiam

263 1162 645 1217 credulitatem
684 1179 845 1232 quam
903 1179 1051 1219 nunc
1098 1167 1301 1221 habere
1358 1168 1571 1223 videtur
1617 1171 1849 1225 amittat.

263 1253 372 1308 Duo
392 1262 582 1308 autem
608 1254 856 1324 exempla
886 1256 1086 1324 posuit,
1113 1256 1421 1312 vestimenti
1447 1267 1502 1314 et
1535 1260 1737 1314 utrium
1764 1276 1853 1316 ve-

262 1351 434 1397 terum
501 1350 560 1397 et
609 1358 907 1410 novorum;
969 1354 1182 1401 veteres
1239 1348 1499 1404 debemus
1553 1351 1853 1423 intelligere

259 1434 469 1488 scribas
524 1440 583 1487 et
631 1433 968 1499 Pharisaeos;
1017 1434 1231 1506 plagula
1280 1439 1586 1494 vestimenti
1630 1444 1755 1497 novi
1797 1451 1853 1497 et

259 1522 439 1575 vinum
470 1538 674 1576 novum
705 1533 973 1592 praecepta
1002 1525 1310 1595 evangeliea
1340 1529 1565 1595 sentire,
1595 1545 1715 1599 quae
1744 1547 1852 1585 non

258 1620 489 1681 possunt
516 1612 794 1667 sustinere
821 1612 993 1668 Iudici
1018 1630 1085 1669 ne
1114 1614 1288 1683 major
1315 1616 1553 1672 scissura
1577 1618 1686 1673 tiat.
1723 1619 1851 1676 Tale

259 1700 388 1768 quid
425 1708 484 1754 et
515 1699 727 1756 Galatas
769 1700 951 1757 facere
979 1704 1289 1774 cupiebant,
1317 1714 1378 1760 ut
1401 1722 1525 1762 cum
1558 1709 1850 1780 Evangelio

1957 551 2186 606 regnare
2230 553 2353 619 cum
2391 540 2629 597 Christo.
2670 544 2742 598 At
2783 561 2913 601 vero
2955 550 3168 617 reprobi
3212 551 3300 606 hic
3346 552 3550 609 habent

1956 633 2206 701 patriam,
2235 633 2389 702 cujus
2410 637 2582 691 solum
2612 640 2734 694 vitae
2760 640 3043 696 desideriis
3069 654 3270 698 norunt
3315 645 3546 703 inhiare.

1956 723 2185 795 Ideoque
2214 736 2338 797 post
2362 729 2503 784 hanc
2525 731 2690 784 vitam
2723 732 2776 785 in
2813 734 3062 788 exsilium
3092 735 3404 807 relegantur
3425 754 3548 808 per-

1956 825 2200 884 petuum,
2251 818 2339 873 ubi
2387 822 2596 875 cunctis
2624 832 2874 878 carentes
2911 826 3299 895 voluptatibus,
3331 831 3446 885 sola
3486 832 3542 888 in

1957 906 2243 960 tormentis
2272 907 2547 975 patiantur
2584 911 2830 964 adversa.

2027 993 2486 1052 Conversationem
2525 1011 2750 1054 vestram
2789 1003 2926 1056 inter
2964 1015 3140 1074 gentes
3170 1008 3417 1065 habentes
3455 992 3547 1066 bo-

1957 1102 2080 1139 nam
2102 1125 2116 1149 ,
2152 1095 2205 1138 ut
2234 1088 2287 1139 in
2316 1104 2376 1141 eo
2417 1091 2557 1159 quod
2597 1090 2886 1146 detrectant
2911 1095 2974 1148 de
3000 1097 3140 1151 vobis
3186 1108 3436 1167 tanquam
3476 1103 3543 1156 de

1956 1173 2401 1244 mulefactoribus,
2452 1196 2516 1233 ea:
2545 1181 2693 1235 bonis
2733 1183 2975 1251 operibus
3017 1199 3111 1240 vos
3151 1189 3542 1246 considerantes

1955 1264 2244 1334 gloriﬁcent
2267 1267 2434 1322 Deum
2456 1271 2508 1323 in
2537 1270 2623 1324 die
2658 1272 2987 1329 uisitationis.
3017 1275 3343 1348 Plerumque
3371 1282 3548 1335 conti-

1956 1354 2033 1425 git
2060 1358 2339 1426 utpagaui
2380 1360 2470 1429 qui
2505 1359 2662 1414 [idem
2702 1361 3135 1421 Christianorum
3160 1369 3542 1440 vituperabant

1956 1459 2124 1511 quare
2149 1447 2278 1501 deos
2304 1464 2432 1503 suos
2460 1450 2901 1520 dereliquissent,
2935 1460 3276 1526 postmodum
3301 1464 3548 1518 conside-

1957 1547 2142 1593 rantes
2167 1550 2371 1595 castam
2395 1558 2582 1597 eorum
2621 1549 3091 1605 conversationem
3125 1561 3182 1607 et
3209 1554 3465 1610 invictum
3493 1557 3545 1610 in

1955 1628 2173 1687 Christo
2202 1634 2464 1699 animum,
2501 1648 2776 1693 cessarent
2817 1641 2898 1696 eis
2922 1643 3230 1710 detrahere,
3264 1649 3541 1718 magisque

1959 1721 2126 1777 Deum
2168 1725 2473 1793 glorificare
2497 1743 2562 1783 ac
2590 1729 2810 1787 laudare
2851 1733 3155 1802 inciperent
3181 1737 3271 1804 qui
3300 1738 3544 1792 bonitate

259 1802 527 1894 praecepta
569 1791 707 1896 legis
745 1792 1036 1848 miscerent
1058 1804 1194 1898 κει.
1226 1797 1280 1898 in
1327 1799 1538 1855 utribus
1580 1803 1852 1858 veteribus
1880 1804 1926 1863 Β
1953 1828 2020 1868 ac
2052 1791 2258 1879 justi—tia
2304 1816 2570 1873 cultorum
2610 1835 2828 1878 suorum
2866 1791 3041 1881 bonus
3067 1841 3187 1882 esse
3201 1791 3540 1898 probaretur

262 1884 541 1939 mitterent
586 1884 781 1939 vinum
823 1901 1044 1940 novum.
1089 1886 1195 1941 Sed
1224 1888 1515 1958 Apostolus
1550 1893 1620 1947 ad
1657 1909 1752 1949 eos
1777 1893 1841 1949 lo

258 1978 443 2048 quitur
472 1995 486 2031 :
519 1975 568 2032 0
595 1977 846 2032 insensati
884 1973 1125 2033 Galatas!
1151 1980 1269 2050 quis
1296 1998 1383 2036 vos
1414 1982 1693 2051 fascinavit
1718 1986 1853 2039 veri-

259 2075 355 2126 tati
376 2088 484 2125 non
506 2070 717 2124 obedire
740 2069 766 2122 2
792 2070 986 2125 Sermo
1010 2067 1178 2137 igitur
1199 2068 1548 2137 evangelicus
1571 2069 1838 2139 apostolis

263 2165 444 2235 potius
477 2178 645 2232 quam
684 2161 886 2217 scribis
912 2171 969 2216 et
998 2160 1289 2216 Pharisaeis
1334 2169 1419 2215 est
1443 2162 1836 2233 injungendus,

262 2256 360 2326 qui
396 2254 673 2324 majorum
717 2252 1104 2308 traditionibus
1149 2253 1429 2324 depravati
1463 2254 1836 2310 sinceritatem

263 2359 666 2417 praceptorum
697 2344 903 2401 Christi
954 2362 1061 2401 non
1096 2354 1351 2417 poterant
1385 2348 1682 2403 custodire.
1718 2348 1838 2403 Alia

263 2450 340 2493 est
360 2438 515 2493 enim
542 2439 756 2504 puritas
773 2438 1053 2508 virginalis
1076 2438 1272 2494 animae
1286 2450 1341 2495 et
1363 2441 1509 2494 nulla
1534 2441 1734 2511 prioris
1759 2441 1844 2496 vi-

260 2531 319 2582 tii
337 2533 670 2602 contagione
687 2531 927 2598 pollutae,
947 2541 998 2585 et
1017 2532 1136 2587 alia:
1157 2532 1350 2587 sordes
1367 2534 1486 2605 ejus
1502 2548 1625 2603 quae
1638 2534 1840 2589 multo-

256 2630 377 2671 rum
413 2617 629 2673 libidini
665 2618 1015 2689 subiacuerit.
1044 2620 1201 2678 Unde
1238 2638 1463 2679 necesse
1500 2632 1587 2680 est
1616 2633 1676 2679 ut
1705 2626 1857 2695 prius

261 2707 331 2762 ab
352 2723 464 2763 uno
489 2724 707 2779 quoque
731 2710 1025 2767 abluantur
1049 2712 1239 2768 sordes
1260 2714 1513 2769 vitiorum
1537 2723 1593 2771 et
1612 2725 1856 2771 vetustas

261 2800 472 2868 peccati
503 2816 604 2871 per
635 2803 1013 2872 paenitentiam
1046 2814 1398 2878 expurgatur,
1437 2816 1493 2862 et
1531 2808 1610 2863 sic
1643 2808 1856 2863 Domini

257 2890 563 2958 opitulante
604 2893 783 2963 gratia
814 2895 1077 2950 virtutum
1120 2897 1348 2952 scientia
1385 2907 1440 2953 et
1471 2899 1728 2970 spiritalis
1759 2900 1857 2956 do-

263 2983 459 3038 ctrinae
491 2984 715 3040 Christo
751 2985 1014 3054 largiente
1042 2988 1376 3053 conferatur,
1410 2991 1503 3059 qui
1528 2991 1662 3044 vivit
1685 2999 1741 3046 ct
1772 3007 1849 3047 re-

262 3080 391 3142 gnat
417 3088 543 3127 cum
579 3074 689 3129 Deo
724 3073 887 3131 Patre
924 3076 977 3130 in
1014 3077 1222 3131 unitate
1246 3076 1483 3147 Spiritus
1517 3083 1713 3146 sancti,
1757 3094 1855 3149 per

261 3164 442 3218 omnia
472 3165 674 3220 saecula
703 3166 1043 3221 surculorum.
1079 3168 1272 3223 Amen.

785 3275 1066 3333 IIOMILIA
1104 3277 1316 3334 XXVII.

528 3382 786 3422 DOHISICA
824 3383 862 3421 ιι
901 3383 1032 3423 1⁸08⁸1⁸
1072 3382 1322 3423 OCTAVA”
1364 3385 1596 3424 PASCHE.

563 3458 753 3513 Lectio
772 3458 1025 3528 Epistolm
1053 3458 1113 3513 Β.
1140 3458 1283 3514 Petri
1308 3460 1556 3530 apostoli.

328 3549 676 3617 Charissimi,
717 3549 928 3604 obsecro
953 3566 1039 3604 vos
1077 3560 1327 3622 tanquam
1353 3552 1582 3605 advenas
1620 3562 1668 3606 et
1707 3569 1853 3623 pere-

262 3642 457 3708 grinos,
482 3648 592 3695 etc.

326 3734 565 3787 Advenze
612 3733 805 3789 Latine
866 3734 1120 3789 dicuntur
1161 3736 1420 3807 proselyti
1472 3754 1580 3807 quo
1636 3738 1852 3793 nomine

263 3825 600 3896 appellabant
621 3825 791 3881 Judaai
820 3842 914 3882 eos
941 3826 1032 3896 qui
1069 3827 1135 3882 de
1163 3827 1412 3897 gentibus
1442 3830 1550 3882 nati
1574 3828 1627 3882 in
1659 3829 1850 3891 Deum.

262 3916 482 3970 credere
506 3924 564 3970 et
585 3917 1003 3973 circumcisione
1027 3929 1248 3987 accepta
1275 3916 1501 3973 Iudaico
1523 3933 1674 3973 more
1695 3917 1851 3986 juxta

264 4004 349 4060 Dei
394 4006 573 4077 legem
599 4006 767 4060 vitam
797 4007 996 4062 ducere
1031 4007 1337 4062 noluerunt.
1383 4009 1459 4062 De
1490 4024 1719 4078 quorum
1748 4025 1851 4062 nu-

262 4111 409 4151 mero
437 4096 594 4153 fuere
638 4096 859 4167 quidam
898 4113 1085 4153 eorum
1113 4099 1204 4168 qui
1237 4099 1288 4152 in
1318 4099 1404 4153 die
1435 4108 1622 4154 sancto
1661 4098 1855 4153 Pente-

262 4198 435 4245 costcs
457 4204 570 4259 quo
592 4188 820 4258 apostoli
839 4186 1099 4259 Spiritum
1127 4197 1375 4244 sanctum
1400 4190 1453 4243 in
1482 4188 1623 4260 ignis
1649 4189 1854 4244 visione

262 4289 654 4351 perceperunt,
690 4280 758 4334 ad
786 4279 1228 4350 praedicationgm
1264 4294 1453 4334 eorum
1483 4280 1700 4335 Christo
1734 4293 1855 4333 cre-

264 4370 546 4435 diderunt,
592 4368 810 4424 dicente
839 4367 1121 4440 Scriptura
1164 4369 1309 4439 quod
1335 4366 1506 4423 Judzci
1545 4383 1759 4437 quoque
1801 4378 1856 4422 et

263 4456 517 4529 prosclyti
546 4456 819 4512 adessent.
851 4456 959 4512 Sed
994 4464 1050 4512 et
1080 4473 1178 4513 nos
1209 4458 1253 4512 si
1279 4457 1550 4512 veraciter
1571 4472 1695 4512 cum
1722 4456 1854 4511 Pro-

265 4550 417 4618 pheta
467 4549 586 4604 Deo
633 4548 814 4604 dicere
856 4562 1162 4618 possumus.
1210 4546 1475 4612 Quoniam
1520 4545 1708 4601 incola:
1754 4562 1848 4600 nos
1878 4529 1928 4588 Ῑ)

264 4656 435 4694 smus
455 4640 607 4711 apud
633 4649 685 4694 te
710 4640 765 4693 in
794 4649 936 4693 terra
958 4648 1006 4693 et
1029 4640 1288 4709 peregrini
1315 4640 1453 4693 sicut
1479 4654 1656 4692 omnes
1677 4648 1851 4708 patres

264 4734 439 4798 nostri,
481 4731 553 4786 ad
576 4745 680 4787 nos
702 4745 918 4801 quoque
957 4729 1224 4800 Epistolas
1261 4730 1402 4785 beati
1446 4728 1594 4784 Petri
1623 4730 1854 4798 scriptas

264 4826 505 4890 credere,
530 4833 586 4878 et
608 4823 770 4893 quasi
796 4822 952 4876 nobis
976 4822 1171 4877 missas
1196 4821 1376 4892 legere
1406 4820 1686 4875 debemus.

329 4916 600 4970 Abstinete
619 4930 706 4969 vos
732 4932 764 4967 a
800 4914 1102 4967 carnalibus
1134 4912 1433 4978 desideriis,
1463 4927 1584 4981 quae
1623 4910 1852 4965 militant

265 5009 507 5062 adversus
539 5008 793 5061 animam.
822 5006 958 5060 Dum
979 5005 1433 5074 concupiscentiis
1454 5003 1851 5060 blandientibus

266 5114 386 5153 caro
432 5098 713 5153 enerviter
751 5094 1091 5166 subjugatur,
1131 5094 1245 5164 jam
1288 5094 1542 5149 vitiorum
1578 5091 1852 5147 exercitus

266 5190 490 5245 ﬁrmiter
516 5191 782 5245 adversus
810 5189 1043 5243 animam
1073 5196 1335 5242 armatur.
1372 5186 1518 5254 Quos
1542 5194 1853 5254 competen-

268 5289 345 5335 σιτ
361 5282 598 5336 advenas
624 5287 784 5335 vocat
803 5287 857 5333 et
886 5280 1217 5350 peregrinos,
1242 5267 1393 5333 ut°eo
1417 5277 1597 5331 minus
1621 5275 1853 5330 terrenis

262 5375 424 5428 rebus
450 5373 690 5426 animam
725 5380 1028 5441 supponant
1053 5411 1068 5435 ,
1100 5385 1206 5440 quo
1241 5384 1300 5423 se
1336 5367 1566 5439 patriam
1604 5367 1661 5420 in
1701 5365 1853 5421 ccelis

265 5463 461 5520 habere
492 5464 858 5519 meminerint.
891 5462 1135 5533 Namque
1164 5462 1269 5516 hoc
1302 5461 1506 5515 distare
1528 5460 1582 5514 in
1611 5460 1717 5514 hac
1740 5459 1852 5514 vita

263 5554 407 5607 inter
430 5553 638 5607 electos
665 5552 807 5606 solet
834 5560 891 5606 et
918 5551 1199 5620 reprobus,
1230 5549 1373 5620 quod
1396 5549 1554 5604 electi
1579 5548 1849 5619 peregrini

265 5657 407 5696 nunc
433 5642 649 5697 exsules
682 5649 1004 5712 exspectant
1047 5640 1254 5704 futura,
1296 5648 1553 5708 tantoque
1580 5637 1760 5692 minus
1797 5637 1851 5691 in

238 5735 513 5804 1irzcsenti
542 5737 754 5806 gaudiis
782 5735 1118 5791 delectantur
1144 5734 1361 5788 caducis
1388 5773 1403 5800 ,
1441 5716 1643 5802 quanto
1670 5722 1860 5785 futura

1960 1913 2015 1960 et
2037 1905 2237 1975 justus.

2030 1992 2354 2068 Gloriﬁcent,
2410 2001 2604 2070 inquit,
2650 2003 2818 2058 Deum
2851 2006 2904 2060 in
2940 2006 3025 2060 die
3057 2008 3385 2072 visitationis,
3432 2009 3537 2066 hoc

1957 2102 2064 2158 est,
2095 2093 2148 2147 in
2180 2103 2419 2163 tempore
2449 2096 2837 2153 retributionis.
2868 2098 3080 2166 Quanta
3101 2100 3253 2156 vobis
3280 2102 3350 2156 sit
3374 2102 3545 2173 gloria

1956 2200 2055 2255 per
2088 2185 2254 2239 Deum
2304 2186 2553 2240 donanda
2586 2186 2698 2256 jam
2743 2204 2889 2243 nunc
2923 2201 3223 2260 agnoscant
3257 2193 3543 2261 increduli,

1957 2290 2082 2330 cum
2109 2291 2206 2331 vos
2233 2276 2499 2331 instanter
2524 2293 2623 2347 per
2650 2280 2920 2335 obstantia
2942 2282 3181 2352 pericula
3212 2283 3361 2337 illum
3391 2285 3547 2355 sequi

1956 2367 2351 2437 perspexerint.

2032 2456 2269 2528 Subjecti
2322 2468 2485 2512 estote
2541 2461 2681 2513 omni
2736 2460 2981 2515 humana:
3032 2471 3289 2518 creatura
3337 2474 3550 2536 propter

1961 2548 2145 2602 Deum.
2172 2547 2331 2603 Omni
2369 2549 2619 2605 humanae
2651 2559 2915 2605 creatura:
2960 2552 3090 2606 dicit
3115 2554 3262 2607 omni
3293 2555 3545 2626 dignitati

1957 2636 2254 2701 hominum,
2270 2638 2415 2693 omni
2441 2653 2704 2708 persona},
2728 2639 2873 2695 omni
2895 2641 3214 2710 principatui
3235 2644 3321 2697 cui
3339 2646 3433 2699 vo‘s
3458 2646 3543 2700 di-

1957 2727 2084 2782 vina
2105 2725 2385 2795 dispositio
2410 2727 2566 2781 subdi
2588 2728 2835 2782 voluetit.
2861 2728 2973 2784 Hoc
2984 2738 3080 2784 'est
3102 2731 3246 2784 enim
3268 2731 3412 2800 quod
3441 2733 3540 2800 ait,

1955 2828 2167 2890 propter
2183 2817 2374 2883 Deum,
2402 2819 2526 2889 quia
2556 2829 2758 2874 nonest
2782 2828 3009 2890 potestas
3036 2821 3137 2875 nisi
3162 2837 3194 2874 a
3218 2820 3351 2886 Deo,
3373 2831 3420 2877 et
3450 2824 3543 2887 qui

1953 2910 2197 2980 potestati
2226 2911 2438 2975 resistit,
2463 2910 2562 2965 Dei
2590 2911 2912 2965 ordinationi
2939 2911 3151 2965 resistit.
3183 2910 3357 2978 Quam
3384 2927 3536 2968 crea-

1958 3009 2133 3054 turam
2179 3000 2576 3070 subsequenter
2598 3001 2896 3071 adjungens
2938 3001 3160 3071 exponit
3194 3015 3209 3054 :
3259 3000 3381 3057 Sive
3409 3002 3543 3072 regi,

1956 3093 2107 3164 quasi
2127 3092 2468 3162 pra’cellenti,
2492 3094 2598 3146 sive
2625 3093 2866 3159 ducibus,
2899 3102 3148 3165 tanquam
3175 3094 3240 3148 ab
3267 3110 3326 3149 eo
3348 3095 3544 3149 missis.

1879 3166 1923 3227 C
1954 3181 2079 3236 ldco
2122 3182 2232 3253 regi
2259 3190 2466 3236 tantum
2496 3197 2559 3238 ac
2586 3183 2832 3248 ducibus,
2871 3200 2977 3238 non
3020 3193 3199 3239 autem
3227 3192 3283 3240 et
3310 3185 3543 3241 dominis

1952 3274 2104 3340 dicit,
2150 3275 2278 3345 quia
2315 3276 2419 3329 hoc
2468 3274 2520 3329 in
2557 3274 2675 3330 loco
2714 3274 2834 3330 illos
2870 3275 3180 3345 specialiter
3221 3284 3282 3330 ut
3325 3274 3539 3347 praefati

1951 3380 2139 3420 sumus
2182 3366 2417 3430 instruit,
2449 3366 2540 3434 qui
2585 3372 2712 3420 sunt
2741 3364 2944 3420 domini
2988 3379 3301 3430 servorum;
3356 3365 3547 3422 subse-

1953 3464 2181 3524 quenter
2205 3470 2355 3521 vero,
2386 3463 2443 3509 et
2471 3469 2658 3510 servos
2693 3455 2964 3524 quomodo
3008 3455 3242 3510 dominis
3271 3454 3540 3511 famulen-

1955 3558 2043 3604 tur
2071 3549 2341 3604 admonet.
2394 3549 2559 3603 Docet
2605 3561 2734 3619 ergo
2786 3547 2972 3603 ﬁdeles
3016 3546 3246 3602 famulos
3291 3546 3544 3602 videlicet

1953 3642 2142 3697 teterni
2190 3641 2332 3712 regis
2356 3641 2520 3694 etiam
2558 3640 2740 3694 mundi
2769 3638 3129 3710 potestatibus
3155 3637 3334 3702 subdi,
3364 3651 3433 3691 ne
3464 3637 3548 3691 vel

1955 3737 2009 3790 in
2038 3737 2141 3790 hoc
2169 3735 2292 3789 lldei
2325 3742 2382 3789 et
2425 3733 2672 3803 religioni
2708 3733 3027 3787 Christianae
3055 3731 3382 3786 conditionis
3415 3730 3538 3801 jura

1955 3826 2260 3880 turbentur.
2290 3822 2424 3876 Nam
2452 3831 2507 3876 et
2538 3823 2612 3875 ita
2647 3828 2793 3875 recte
2820 3829 2995 3890 potest
3030 3819 3253 3889 intelligi
3284 3821 3427 3889 quod
3455 3820 3539 3876 dio

1954 3923 2100 3969 ctum
2130 3920 2232 3976 est,
2260 3912 2402 3965 omni
2445 3911 2688 3965 humana:
2713 3920 2993 3976 creatum,
3022 3919 3081 3965 ut
3118 3909 3454 3982 signiﬁcetur
3480 3919 3537 3967 et

1955 4004 2202 4060 ﬁdelibus
2231 4012 2287 4059 et
2314 4002 2609 4057 incredulis
2639 4018 2823 4059 rerum
2855 4002 3111 4059 dominis.

2025 4096 2108 4150 Ad
2132 4095 2410 4150 vindictam
2443 4093 2863 4164 malefactorum,
2888 4093 3097 4148 laudem
3121 4110 3237 4149 vero
3261 4094 3535 4148 bonorum.

1954 4185 2070 4241 Non
2100 4187 2244 4256 quod
2284 4199 2474 4240 omnes
2514 4185 2606 4255 qui
2653 4200 2684 4238 a
2729 4183 2948 4255 regibus
2986 4185 3276 4239 mittuntur
3301 4184 3464 4239 duces
3485 4191 3544 4239 et

1953 4276 2335 4333 malefactores
2361 4276 2556 4345 punire
2585 4284 2639 4331 et
2685 4275 2909 4330 laudare
2937 4276 3108 4330 bonos
3136 4274 3415 4338 noverint,
3445 4274 3545 4330 sed

1953 4382 2073 4439 quae
2100 4383 2220 4423 esse
2248 4366 2444 4423 debeat
2480 4367 2622 4422 actio
2650 4366 2774 4421 boui
2802 4366 2956 4420 ducis
2982 4364 3302 4434 simpliciter
3331 4371 3541 4429 narrat,

1954 4460 2057 4515 hoc
2084 4469 2186 4526 est,
2218 4468 2276 4514 ut
2301 4458 2442 4514 male
2468 4457 2731 4513 facientes
2765 4462 3031 4519 coerceat,
3064 4463 3123 4508 ut
3151 4456 3287 4509 bene
3317 4462 3543 4525 agentes

1954 4562 2289 4614 remaneret;
2316 4551 2408 4619 qui
2436 4550 2648 4605 etiamsi
2679 4546 2874 4616 injuste
2899 4548 3010 4619 agit
3030 4547 3074 4602 si
3101 4549 3272 4603 bonos
3300 4548 3541 4615 damnat,

1956 4642 2306 4698 nihilominus
2353 4642 2421 4695 ad
2472 4640 2681 4694 laudem
2712 4653 2899 4693 eorum
2940 4638 3213 4709 pertinent
3241 4655 3362 4710 qua:
3389 4638 3541 4707 facit,

1956 4733 2001 4788 si
2032 4733 2301 4803 patienter
2339 4731 2456 4801 ejus
2485 4728 2723 4784 stultitiae
2754 4729 3033 4786 resistunt.
3066 4724 3220 4785 Unde
3254 4737 3309 4786 et
3343 4730 3543 4789 Paulus

1955 4824 2128 4879 dicit:
2169 4824 2281 4888 Vis,
2314 4822 2510 4891 inquit,
2536 4837 2638 4874 non
2664 4821 2846 4875 timere
2880 4815 3428 4892 potestatem?bonum
3456 4822 3546 4891 fac

1953 4924 2001 4969 et
2026 4913 2236 4968 habebis
2260 4912 2469 4967 laudem
2496 4928 2560 4966 ea:
2583 4910 2697 4965 illa.
2724 4909 2841 4966 Non
2865 4910 2997 4966 dicit
3018 4911 3085 4966 ab
3102 4910 3211 4976 illa,
3230 4910 3325 4966 sed
3347 4911 3543 4979 exilla,

1958 5005 2085 5075 quia
2116 5004 2219 5059 etsi
2253 5011 2495 5074 potestas
2530 5012 2584 5057 te
2630 5003 2901 5057 mundana
2952 5016 3059 5058 non
3097 5001 3317 5066 laudat,
3358 5002 3466 5058 imo
3497 5003 3545 5058 si

1956 5096 2118 5150 etiam
2158 5096 2532 5166 persequitur,
2564 5095 2610 5150 si
2647 5094 2844 5150 occidit
2887 5092 3065 5166 gladio
3109 5101 3167 5147 ut
3205 5093 3431 5148 Paulum
3456 5134 3472 5158 ,
3498 5094 3547 5149 si

1957 5183 2226 5255 cruciﬁgit
2250 5194 2312 5239 ut
2336 5184 2576 5249 Petrum,
2608 5184 2833 5240 habebis
2858 5200 2922 5240 ex
2951 5183 3039 5238 illa
3068 5181 3304 5249 laudem,
3329 5184 3455 5239 dum
3477 5198 3543 5238 ex

1957 5292 2023 5332 eo
2042 5277 2185 5348 quod
2214 5276 2302 5331 illa
2338 5275 2610 5333 malefacit
2639 5277 2693 5330 in
2725 5285 2777 5332 te
2798 5275 3005 5345 justum
3030 5283 3085 5330 et
3111 5275 3415 5338 innoxium,
3440 5281 3549 5328 tua;

1954 5369 2172 5423 virtutis
2204 5367 2467 5439 patientia
2499 5381 2755 5422 coronam
2790 5365 2967 5421 laudis
3012 5373 3273 5419 meretur.
3316 5361 3452 5417 Nam
3490 5367 3550 5416 et

1957 5458 2061 5513 hoc
2085 5458 2381 5513 intendisse
2404 5458 2619 5512 beatum
2632 5456 2854 5512 Petrum
2881 5456 2935 5509 in
2963 5454 3069 5509 hac
3091 5451 3358 5507 sententia
3379 5448 3547 5504 verba

1956 5548 2236 5617 sequentia
2270 5548 2466 5601 docent
2496 5547 2693 5618 quibus
2716 5547 2918 5601 dicitur
2947 5563 2960 5600 :

2031 5637 2168 5703 Quia
2183 5639 2256 5692 sic
2270 5648 2343 5692 est
2359 5636 2599 5692 voluntas
2618 5636 2715 5690 Dei
2728 5645 2782 5689 ut
2800 5636 3177 5706 benefacientes
3198 5633 3549 5689 obmutescere

1959 5728 2170 5798 faciatis
2190 5729 2595 5800 imprudentium
2622 5728 2892 5783 hominum
2917 5726 3289 5800 ignorantiam.
3316 5721 3443 5779 Hac
3463 5732 3549 5779 est
