3962 6180
474 297 575 351 193

1110 293 1170 348 Β.
1214 290 1464 348 RABANI
1502 286 1720 345 MAURI
1755 280 2075 340 ARCHIEP.
2116 278 2423 337 MOGUNT.
2463 276 2749 335 OPERUM
2787 275 2967 332 PARS
3003 274 3063 329 ll.

3630 276 3729 333 l96

470 425 600 479 ergo
638 408 755 463 laus
776 409 1038 463 bonorum
1068 404 1135 459 ad
1163 418 1325 473 quam
1351 402 1518 457 duces
1545 416 1577 456 a
1603 415 1729 470 rege
1756 399 1884 455 dicit
1919 397 2050 453 mis-
2076 402 2126 456 Α
2153 399 2284 446 mat.
2322 389 2425 457 Qui
2449 390 2592 445 enim
2621 384 2888 459 passionis
2914 384 3117 441 Christi
3141 385 3414 479 particeps
3441 387 3734 479 benevolus

469 514 563 555 sos
590 499 715 553 dum
764 497 1064 567 ignorantia
1109 494 1303 548 ducunt
1352 491 1770 560 imprudentium
1812 488 1938 544 boni
1975 487 2043 543 ad

471 589 681 645 laudem
709 605 862 645 suam
890 594 1205 657 perpetuam
1235 585 1371 639 bene
1400 583 1605 654 agendo
1633 591 1878 637 utuntur.

542 680 710 745 Quasi
731 679 879 733 liberi
908 688 955 730 et
984 693 1088 730 non
1111 676 1263 746 quasi
1302 673 1533 729 velamen
1554 673 1800 727 habentes
1829 670 2046 725 malitia:

473 768 777 821 libertatem.
810 766 976 833 Quasi
1029 765 1183 819 liberi
1214 765 1353 820 bona
1397 762 1603 819 faciunt
1640 763 1731 832 qui
1771 762 1825 817 in
1860 776 2046 816 exem-

468 860 614 927 plum
643 857 839 926 Joseph
869 856 1186 925 patriarcha:
1217 855 1432 910 tametsi
1471 854 1692 909 servitio
1738 854 2048 922 deprimun-

473 958 558 1003 tur
581 948 877 1009 hominum,
907 946 1047 1000 servi
1072 959 1194 1000 esse
1220 944 1472 999 vitiorum
1502 943 1643 997 nulla
1673 951 1790 997 arte
1811 942 2049 1011 compel-

471 1039 674 1094 luntur.
703 1038 775 1092 At
799 1051 928 1092 vero
961 1037 1265 1092 libertatem
1294 1051 1449 1090 suam
1478 1036 1531 1090 in
1557 1034 1800 1090 velamen
1830 1034 2048 1089 malitiae

471 1138 709 1195 vertunt,
731 1129 823 1199 qui
854 1129 1143 1198 quominus
1169 1127 1389 1182 humani
1430 1127 1718 1181 famulatus
1736 1126 1865 1197 jugo
1893 1126 2048 1181 cohi-

472 1223 692 1287 bentur,
719 1237 784 1276 eo
824 1222 985 1275 latius
1010 1229 1353 1290 peccatorum
1384 1220 1620 1275 dominio
1649 1220 2043 1286 mancipantur,

470 1320 676 1366 etcum
704 1312 848 1365 vitiis
893 1312 1106 1379 impune
1146 1311 1418 1374 serviunt,
1462 1309 1763 1364 libertatem
1805 1317 2043 1363 vocant:

475 1400 579 1454 hoc
607 1408 908 1468 praetexunt
950 1400 1165 1454 nomine
1203 1400 1435 1469 culpam.
1476 1400 1660 1453 Potest
1687 1409 1867 1453 autem
1891 1398 2047 1466 juxta

478 1490 606 1544 illud
637 1491 860 1559 apostoli
901 1490 1050 1544 Pauli
1083 1491 1405 1562 generaliter
1448 1491 1636 1561 accipi.
1687 1490 1784 1544 Vos
1812 1492 1867 1545 in
1893 1491 2049 1545 liber-

475 1590 631 1634 tatem
679 1583 844 1634 vocati
891 1584 1034 1645 estis,
1084 1582 1301 1650 fratres;
1344 1592 1547 1635 tantum
1572 1599 1635 1636 ne
1678 1582 2047 1637 Iibertatemiu

472 1669 797 1721 occasionem
838 1671 1011 1723 carnis
1050 1670 1200 1722 detis.
1241 1669 1422 1725 Literi
1447 1671 1590 1725 enim
1620 1680 1766 1725 recte
1790 1686 2047 1725 vocamur

2144 491 2201 537 et
2227 482 2439 550 patiens
2465 495 2588 536 esse
2616 479 2847 534 voluerit
2885 479 2939 532 in
2970 476 3221 547 praesenti
3254 478 3382 541 vita,
3418 478 3535 533 sine
3569 479 3733 535 dubio

2145 570 2261 641 ejus
2293 570 2478 641 glorize
2523 570 2575 623 in
2622 566 2805 623 futura
2831 568 2941 621 vita
2979 581 3206 620 consors
3235 567 3362 630 erit,
3408 567 3497 621 ubi
3530 568 3586 621 in
3614 567 3736 637 ejus

2147 664 2398 718 laudibus
2446 662 2607 718 simul
2654 676 2780 716 cum
2836 659 3041 715 sanctis
3095 658 3303 729 angelis
3350 658 3405 713 in
3467 668 3737 716 :eternum

2145 754 2426 809 exsultans
2448 751 2807 823 permanebit,
2837 751 2955 820 ipso
2980 756 3273 819 praestante
3298 749 3526 804 Domino
3547 759 3739 806 nostro

2144 842 2273 897 Jesu
2309 842 2542 905 Christo,
2574 841 2669 910 qui
2710 855 2835 894 cum
2875 839 3037 893 Patre
3070 838 3203 892 vivit
3229 847 3284 892 et
3320 847 3515 906 regnat
3541 840 3595 893 in
3636 854 3738 895 sa:-

2146 933 2266 988 cula
2294 932 2638 987 smculorum.
2664 933 2855 984 Amen.

2662 1037 2942 1093 HOMILIA
2980 1036 3214 1092 XXVIII.

2697 1125 2750 1164 IN
2775 1125 2950 1164 EODEII
2982 1124 3169 1163 FESTO.

2278 1201 2465 1257 Lectio
2493 1202 2665 1257 sancti
2702 1199 2973 1269 Evangelii
3000 1200 3295 1254 secundum
3321 1198 3607 1256 Joannem.

2220 1293 2288 1346 In
2316 1293 2408 1347 illo
2432 1305 2691 1363 tempore,
2720 1293 2852 1346 dixit
2888 1291 3045 1346 Iesus
3071 1291 3344 1362 discipulis
3367 1294 3479 1347 suis
3506 1307 3527 1346 :
3561 1292 3736 1349 Modi-

2149 1399 2265 1438 cum
2293 1394 2468 1438 etnon
2511 1382 2747 1437 videbitis
2775 1398 2874 1448 me,
2909 1391 2957 1436 et
2998 1383 3182 1435 iterum
3210 1382 3474 1437 modicum
3504 1395 3554 1438 et
3593 1385 3740 1439 vide-

2149 1472 2266 1527 bitis
2288 1489 2389 1527 me.

2216 1562 2298 1616 Ad
2338 1562 2459 1617 illos
2492 1561 2801 1631 specialiter
2825 1563 2940 1616 hzcc
2966 1575 3085 1631 quae
3115 1561 3259 1616 dicta
3285 1570 3412 1616 sunt
3439 1563 3734 1631 pertinent,

2149 1656 2242 1726 qui
2267 1655 2384 1724 ejus
2416 1654 2757 1724 discipulatui
2794 1654 3138 1723 prmdicantis
3161 1654 3213 1707 in
3239 1667 3403 1709 carne
3430 1654 3734 1721 adhmrere,

470 1757 600 1826 quia
643 1772 739 1827 per
770 1757 1034 1828 baptisma
1058 1774 1090 1814 ε
1116 1768 1458 1830 peccatorum
1484 1776 1671 1817 sumus
1705 1762 1933 1817 nexibus
1954 1762 2047 1817 ab.
2074 1746 2121 1805 B
2148 1754 2204 1801 et
2231 1752 2350 1815 post
2385 1744 2663 1799 tristitiam
2688 1744 2955 1814 passionis
2979 1744 3090 1798 visa
3131 1744 3529 1800 resurrectione
3560 1754 3614 1800 et
3648 1760 3738 1802 asc

471 1845 654 1910 soluti,
675 1848 800 1916 quia
828 1864 858 1901 a
884 1848 1178 1903 dazmouica
1208 1851 1469 1905 servitute
1491 1851 1776 1920 redempti,
1804 1852 1929 1921 quia
1955 1850 2052 1907 lilii

477 1936 568 1989 Dei
598 1935 791 1991 effecti.
822 1936 939 1991 Non
982 1946 1161 1993 tamen
1185 1939 1327 1995 dono
1347 1939 1613 1996 libertatis
1636 1944 1899 2011 potiorem
1928 1959 2054 2015 pec-

474 2024 631 2078 candi
668 2022 975 2080 facultatem
995 2026 1079 2081 vel
1101 2026 1370 2084 licentiam
1390 2030 1714 2099 accipimus;
1735 2033 1978 2102 quinimo
2004 2035 2051 2090 si

477 2126 765 2181 peccamus
789 2130 912 2169 mox
943 2115 1191 2171 libertate
1229 2119 1439 2187 perdita
1470 2120 1613 2175 servi
1641 2118 1903 2179 ellicimur
1926 2138 2054 2194 pec-

473 2202 613 2268 cati;
644 2212 700 2259 et
741 2205 968 2275 quisque
1016 2221 1075 2262 se
1121 2205 1188 2260 ad
1230 2209 1332 2265 hoc
1371 2209 1677 2267 libertatem
1717 2215 1992 2284 accepisse
2019 2231 2051 2271 a

474 2291 702 2349 Domino
727 2304 896 2366 putat,
922 2306 980 2351 ut
1004 2298 1250 2355 licentius
1270 2311 1473 2371 peccet,
1502 2303 1624 2358 talis
1656 2319 1810 2360 suam
1837 2306 2054 2363 liberta-

477 2391 583 2438 tem
606 2384 660 2438 in
687 2383 931 2442 velamen
958 2387 1177 2444 malitiae
1201 2398 1394 2445 mutat.
1419 2390 1543 2447 Vult
1571 2394 1715 2448 enim
1737 2410 1837 2451 nos
1861 2397 2051 2453 beatus

473 2472 668 2529 Petrus
718 2474 916 2531 liberos
957 2492 1078 2533 esse
1128 2493 1159 2534 a
1205 2482 1426 2539 servitio
1470 2483 1769 2554 culparum,
1804 2494 1863 2541 ut
1906 2487 2050 2542 servi

475 2565 740 2620 creatoris
762 2566 936 2622 nostri
967 2568 1094 2624 boni
1122 2579 1178 2625 et
1202 2570 1385 2627 fideles
1404 2587 1722 2643 permanere
1741 2576 2046 2644 possimus:

472 2654 615 2709 unde
640 2656 1028 2725 subsequenter
1054 2660 1299 2731 adjungit
1324 2680 1337 2716 :

557 2741 660 2798 Sed
701 2746 834 2799 sicut
871 2748 1002 2801 servi
1040 2748 1139 2803 Dei
1167 2767 1344 2805 ontues
1367 2751 1638 2821 honorate,
1672 2755 2051 2825 fraternitatem

479 2834 700 2906 diligite,
735 2836 904 2890 Deum
950 2840 1144 2905 timete,
1183 2857 1352 2911 regem
1384 2841 1692 2913 gloriﬁcate.
1717 2846 1897 2903 Monet
1920 2863 2051 2920 ergo

475 2943 771 2996 congruum
815 2931 1024 2986 cunctis
1054 2932 1364 3001 impendere
1404 2935 1665 2991 honorem
1696 2935 1922 3006 etjuxta
1952 2940 2051 2994 im-

473 3020 682 3091 perium
735 3020 946 3076 Domini
995 3022 1194 3078 Caesari
1243 3040 1363 3094 quae
1403 3024 1633 3083 Caesaris
1668 3037 1814 3095 sunt,
1838 3038 1894 3085 et
1938 3030 2049 3088 Deo

2150 1837 2406 1892 censione
2442 1834 2558 1903 ejus
2608 1834 2869 1890 ltetilicari
2898 1842 3228 1889 meruerunt.
3266 1832 3534 1889 Modicum
3571 1835 3736 1890 etiam

2150 1926 2254 1982 fuit
2289 1927 2358 1981 ab
2405 1925 2497 1980 illa
2539 1926 2671 1980 hora
2721 1925 2864 1980 illius
2898 1924 3072 1979 noctis
3120 1912 3245 1995 qua'
3271 1924 3500 1980 traditus
3528 1934 3635 1992 est,
3681 1926 3740 1983 in

2149 2019 2340 2074 horam
2369 2018 2665 2088 passionis,
2703 2018 2816 2072 slve
2835 2018 3054 2087 quando
3079 2030 3202 2070 eum
3230 2016 3478 2086 discipuli
3503 2017 3742 2072 carnali-

2152 2120 2234 2166 ter
2256 2110 2549 2175 videbant;
2575 2119 2631 2165 et
2655 2110 2852 2164 iterum
2883 2107 3156 2163 modicum
3181 2106 3285 2162 fuit
3307 2122 3415 2177 quo
3432 2107 3650 2163 clausus
3682 2108 3738 2166 in

2148 2202 2396 2272 sepulcro
2442 2203 2600 2257 tertia
2644 2202 2732 2256 die
2777 2209 3186 2256 resurrecturus
3214 2199 3387 2269 jacuit
3427 2210 3481 2254 et
3520 2199 3741 2254 illorum

2148 2294 2458 2364 aspectibus
2483 2293 2652 2349 videri
2681 2308 2787 2348 non
2823 2293 2999 2363 potuit
3027 2310 3041 2347 :
3074 2293 3177 2347 hoc
3205 2300 3292 2347 est
3311 2292 3454 2362 quod
3478 2293 3590 2357 ait,
3617 2292 3741 2346 llo-

2146 2383 2323 2438 dicunt
2347 2393 2521 2439 etnon
2548 2383 2787 2438 videbitis
2815 2400 2916 2438 me.
2952 2383 3104 2451 Quod
3126 2399 3255 2438 vero
3278 2384 3376 2450 ait,
3399 2383 3601 2438 lterum
3620 2399 3743 2438 uto-

2148 2473 2322 2529 dicum
2348 2483 2395 2528 et
2425 2474 2661 2529 videbitis
2688 2490 2788 2540 me,
2815 2474 3084 2542 significat
3123 2482 3244 2544 post
3279 2475 3737 2532 resurrectionem

2150 2573 2382 2636 tempus,
2412 2580 2520 2635 quo
2540 2579 2666 2621 eum
2686 2550 2689 2555 ’
2707 2564 2987 2635 discipulis
3013 2575 3366 2621 conversatus
3392 2575 3499 2631 est,
3533 2574 3589 2621 et
3626 2566 3738 2621 illis

2148 2657 2467 2714 multimoda
2509 2658 2819 2713 ostensione
2846 2659 3098 2728 apparuit
3128 2673 3300 2728 usque
3338 2660 3464 2713 dum
3491 2660 3740 2715 ascendit

2148 2749 2205 2803 in
2224 2748 2422 2804 cteluin
2450 2748 2559 2804 illis
2588 2748 2917 2815 videntibus,
2953 2757 3013 2804 ut
3032 2750 3086 2804 iu
3110 2749 3400 2820 Evangelia
3425 2757 3483 2805 et
3507 2748 3740 2806 Actibus

2149 2838 2512 2908 apostolorum
2535 2838 2750 2909 legitur.
2778 2839 2847 2893 Et
2870 2839 2972 2894 hoc
2997 2847 3083 2894 est
3100 2838 3245 2909 quod
3266 2840 3379 2893 ait:

2222 2928 2361 2995 Quia
2384 2928 2519 2984 vado
2546 2929 2615 2983 ad
2650 2938 2871 2999 patrem.
2910 2930 2988 2984 Ac
3024 2929 3070 2984 si
3098 2937 3348 2998 patenter
3378 2928 3523 2984 dicat
3548 2943 3564 2983 :
3596 2928 3741 2997 Quia

2149 3027 2272 3091 post
2323 3019 2590 3075 modicum
2635 3034 2668 3074 a
2706 3021 2901 3074 vestris
2941 3019 3249 3089 aspectibus
3296 3019 3352 3073 in
3398 3021 3740 3076 monumenti

474 3113 698 3169 reddere
723 3130 842 3184 qua:
872 3114 964 3169 Dei
991 3124 1133 3170 sunt.
1162 3116 1227 3170 Et
1255 3118 1392 3173 bene
1416 3119 1553 3174 inter
1592 3119 1698 3174 alia
1741 3094 2050 3177 fraternita-

2155 3108 2388 3165 claustro
2430 3110 2767 3177 abscondar,
2807 3119 2864 3166 et
2905 3111 3099 3166 iterum
3150 3119 3274 3181 post
3316 3110 3614 3177 modicum,
3644 3112 3745 3165 de—

478 3209 588 3257 tem
612 3203 834 3274 diligere
870 3202 1025 3272 jubet
1052 3204 1256 3261 liberos
1279 3245 1296 3272 ,
1328 3214 1386 3261 ut
1416 3221 1512 3263 eos
1545 3224 1760 3280 quoque
1786 3211 1878 3281 qui
1916 3219 2053 3267 tem-

474 3291 648 3362 porali
690 3293 998 3350 conditione
1026 3293 1256 3365 subjecti
1285 3304 1433 3362 sunt,
1469 3295 1669 3355 fratres
1705 3299 1808 3355 sibi
1848 3315 1971 3357 esse
1995 3301 2050 3358 in

475 3375 694 3436 Christo
720 3379 896 3437 factos
925 3382 1184 3449 recolant,
1214 3400 1321 3440 una
1345 3400 1466 3441 cum
1497 3387 1629 3456 ipsis
1656 3388 1871 3444 Patrem
1896 3391 2050 3446 invo-

472 3479 683 3536 cantes,
704 3486 827 3526 eum
854 3473 945 3542 qui
964 3472 1082 3528 sine
1109 3474 1419 3545 acceptione
1438 3490 1791 3546 personarum
1823 3476 2048 3548 judicat.

552 3558 704 3616 Servi
755 3562 949 3617 subditi
990 3572 1152 3619 estote
1199 3565 1254 3620 in
1283 3566 1426 3620 omni
1455 3567 1640 3622 timore
1669 3568 1914 3633 dominis,
1948 3586 2052 3625 non

475 3659 681 3705 tantum
708 3651 851 3706 bonis
879 3662 927 3707 et
948 3654 1210 3720 modestis,
1237 3655 1328 3710 sed
1347 3657 1506 3711 etiam
1525 3656 1769 3728 dyscolis.
1809 3658 2051 3731 Dyscolis

476 3740 888 3811 indisciplinatis
915 3742 1068 3809 dicit,
1108 3744 1325 3801 nomine
1351 3746 1513 3801 ducto
1535 3763 1566 3801 a
1594 3746 1783 3804 Graeco
1811 3748 2048 3820 eloquio,

475 3829 601 3898 quia
631 3827 818 3884 Graece
837 3830 1017 3885 schola
1042 3841 1267 3887 vocatur
1291 3833 1441 3889 locus
1469 3835 1523 3889 in
1546 3851 1653 3905 quo
1673 3836 2051 3896 adolescentes

476 3916 801 3972 litteralibus
842 3919 1036 3973 studiis
1071 3935 1291 3989 operam
1318 3923 1467 3988 dare,
1505 3933 1562 3979 et
1603 3927 1899 3982 audiendos
1932 3943 2049 3983 ma-

476 4006 675 4077 gistros
703 4020 894 4061 vacare
918 4006 1092 4063 solent
1121 4024 1137 4063 :
1166 4011 1308 4065 unde
1334 4012 1521 4067 schola
1555 4016 1756 4068 vacatio
1786 4017 2053 4088 interpre-

478 4102 641 4149 tatur.
692 4093 935 4164 Denique
980 4098 1034 4151 in
1095 4098 1303 4167 psalmo
1355 4101 1446 4155 ubi
1504 4102 1748 4159 canimus
1790 4121 1803 4158 :
1856 4103 2051 4161 Vacate

475 4197 525 4241 et
581 4186 744 4241 videte
788 4188 1045 4257 quomodo
1101 4205 1194 4259 ego
1254 4205 1372 4243 sum
1416 4190 1586 4257 Deus,
1637 4209 1736 4262 pro
1790 4209 1855 4250 eo
1909 4198 2050 4266 quod

476 4292 577 4332 nos
624 4278 852 4333 dicimus
905 4290 1081 4334 vacate
1146 4280 1202 4335 in
1261 4280 1450 4337 Graeco
1499 4284 1729 4339 habetur
1772 4286 2047 4343 scholaste.

478 4366 803 4425 Scholastici
846 4378 973 4426 sunt
1016 4385 1147 4440 ergo
1202 4373 1435 4440 eruditi;
1481 4374 1716 4444 dyscoli,
1753 4376 1956 4432 indocti
1995 4386 2052 4435 et

2151 3208 2358 3256 structo
2404 3201 2597 3257 mortis
2634 3201 2881 3272 imperio,
2923 3202 3079 3256 vobis
3108 3201 3400 3256 intuendus
3427 3200 3738 3272 apparebo,

2149 3290 2277 3361 quia
2317 3299 2531 3362 tempus
2555 3298 2639 3347 est
2668 3300 2727 3346 ut
2762 3291 2972 3363 expleta
3010 3291 3408 3362 dispensatione
3438 3300 3741 3362 assumpta

2150 3381 2498 3437 mortalitatis
2524 3397 2648 3438 cum
2670 3383 3084 3439 resurrectionis
3123 3383 3397 3452 triumpho
3414 3381 3526 3453 jam
3548 3397 3732 3438 rever—

2150 3481 2237 3528 tar
2261 3474 2329 3529 ad
2358 3472 2592 3530 Patrem.
2621 3474 2747 3531 Haec
2773 3489 2901 3529 vero
2935 3474 3095 3530 verba
3126 3475 3363 3541 Domini,
3389 3482 3447 3529 ut
3473 3475 3737 3541 diximus,

2150 3563 2256 3618 illis
2280 3565 2561 3634 speciatim
2583 3565 2675 3636 qui
2698 3562 2815 3633 ejus
2843 3566 3293 3621 resurrectionem
3318 3566 3502 3620 videre
3535 3574 3737 3636 potue-

2150 3660 2277 3708 runt
2323 3654 2669 3720 conveniunt,
2712 3669 2834 3724 quae
2878 3654 3107 3723 apostoli
3149 3663 3278 3710 tunc
3320 3655 3579 3725 temporis
3619 3671 3738 3712 non

2147 3753 2438 3816 potuerunt
2466 3744 2783 3816 intelligere.
2812 3745 2882 3801 Et
2925 3746 3063 3801 hanc
3105 3745 3324 3800 illorum
3364 3746 3736 3816 ignorantiam

2147 3835 2270 3906 pius
2314 3834 2568 3906 magister
2615 3834 2958 3907 intelligens,
3002 3834 3395 3905 subsequenter
3432 3835 3739 3891 secundum

2148 3926 2315 3981 animi
2342 3926 2557 3981 illorum
2584 3926 2973 3980 dubitationem
3005 3924 3302 3995 respondit,
3333 3925 3491 3996 quasi
3515 3925 3741 3995 exposi-

2150 4028 2303 4074 turus
2321 4019 2450 4089 quid
2476 4028 2620 4075 esset
2640 4019 2782 4089 quod
2798 4019 2934 4074 dixit
2956 4036 2971 4074 :
2998 4018 3268 4074 Modicum
3291 4029 3340 4075 et
3369 4036 3475 4075 non
3493 4020 3739 4077 videbitis

2148 4124 2263 4174 me;
2288 4110 2477 4163 iterum
2505 4110 2763 4163 modicum
2792 4120 2839 4163 et
2870 4109 3104 4164 videbitis
3128 4127 3229 4165 me.

2220 4195 2470 4267 Cognovit
2492 4200 2774 4269 ergoJesus
2784 4200 2919 4270 quia
2933 4199 3166 4255 volebant
3186 4216 3307 4255 eum
3328 4201 3651 4272 interrogare
3684 4212 3737 4257 et

2148 4287 2280 4340 dixit
2309 4288 2383 4342 eis
2409 4302 2429 4342 :
2455 4287 2533 4341 De
2554 4289 2651 4341 hoc
2668 4290 2903 4359 quwritis
2927 4292 3063 4344 inter
3085 4306 3197 4356 vos,
3226 4291 3350 4363 quia
3375 4291 3488 4345 dixi
3511 4304 3530 4344 :
3553 4291 3741 4348 Hodi-

2156 4392 2273 4430 cum
2288 4387 2333 4431 et
2358 4393 2463 4431 non
2487 4377 2719 4432 videbitis
2742 4395 2844 4446 me,
2864 4388 2913 4433 et
2935 4380 3124 4434 iterum
3138 4381 3401 4435 modicum
3420 4390 3469 4435 et
3493 4382 3737 4437 videbitis

477 4467 751 4528 agrestes;
781 4460 875 4513 sed
906 4460 1151 4531 utrisque
1176 4461 1289 4516 vult
1318 4440 1539 4518 obedire
1574 4465 1816 4521 subditos
1833 4505 1848 4531 ,
1882 4467 2053 4537 expli-
2080 4440 2133 4500 Β
2157 4470 2278 4524 me?
2298 4469 2486 4538 Amen,
2516 4487 2669 4525 amen
2691 4470 2809 4525 dico
2829 4440 2993 4538 vobis,
3023 4474 3148 4544 quia
3168 4472 3441 4545 plorabitis
3463 4483 3511 4528 et
3540 4475 3739 4544 ﬂebitis

477 4562 606 4602 cans
650 4548 890 4617 apertius
933 4549 1203 4617 quomodo
1253 4566 1352 4606 nos
1398 4566 1560 4621 supra
1615 4554 1761 4608 omni
1803 4555 2053 4612 humana:

476 4646 736 4693 creatura:
751 4636 978 4705 jusserit
995 4654 1116 4696 esse
1146 4639 1437 4710 subjectos.
1461 4642 1581 4698 Alia
1605 4645 1772 4701 editio
1798 4660 1898 4716 pro
1922 4647 2053 4719 dys-

478 4727 610 4783 colis
654 4727 885 4799 diﬂiciles
913 4729 1114 4797 habet,
1156 4741 1211 4789 et
1243 4742 1461 4791 sanctus
1495 4736 1722 4793 antistes
1744 4737 2055 4809 Fulgentius

478 4818 532 4872 in
556 4820 827 4889 opusculis
852 4821 963 4876 suis
988 4822 1066 4876 sic
1089 4823 1274 4893 ponit:
1293 4824 1580 4882 Servientes
1603 4844 1721 4881 cum
1744 4829 1926 4883 timore
1951 4846 2056 4885 non

476 4920 680 4963 tantum
718 4909 885 4977 bonis,
926 4913 1017 4966 sed
1053 4913 1209 4967 etiam
1240 4915 1633 4987 diﬂicilioribus.
1679 4919 1786 4974 Sed
1829 4920 1875 4975 si
1915 4921 2052 4976 bene

477 4997 757 5068 facientes,
779 5009 834 5055 et
865 5002 1131 5073 patientes
1155 5005 1452 5061 sustinetis.

549 5089 680 5145 Haec
705 5105 778 5147 est
806 5095 943 5148 enim
962 5094 1134 5165 gratia
1161 5095 1215 5149 in
1240 5094 1445 5153 Christo
1470 5098 1619 5154 Iesu.
1659 5098 1787 5155 Haec
1815 5108 1900 5155 est
1923 5115 2052 5171 ergo

477 5182 650 5253 gratia
680 5184 819 5254 apud
843 5182 1042 5251 Deum;
1087 5185 1142 5240 in
1176 5185 1281 5242 hoc
1305 5187 1449 5243 enim
1489 5189 1665 5244 vocati
1686 5190 1818 5244 estis
1842 5190 1967 5259 quia
1996 5199 2053 5245 et

479 5270 714 5329 Christus
740 5291 925 5345 passus
956 5288 1029 5331 est
1049 5294 1143 5349 pro
1174 5278 1343 5345 nobis,
1386 5279 1681 5350 relinquens
1709 5283 1856 5337 nobis
1882 5299 2051 5338 exem—

476 5365 640 5437 ptum,
668 5374 774 5423 etc.
805 5368 1110 5426 Notandum
1139 5371 1398 5427 attentius
1432 5387 1593 5442 quam
1632 5389 1841 5430 summe
1867 5376 2051 5432 cendi-

480 5461 679 5517 tionem
715 5476 992 5517 servorum
1038 5462 1301 5533 gloriﬁcet
1328 5478 1464 5533 quos
1503 5465 1641 5520 bene
1686 5465 1947 5522 facientes
1997 5476 2053 5522 et

479 5551 681 5620 absque
719 5552 873 5624 culpa
919 5552 1236 5623 vapulantes
1291 5567 1322 5607 a
1367 5551 1601 5610 dominis
1647 5554 1954 5612 crudelibus
1996 5566 2051 5612 et

481 5642 738 5709 improbis
780 5643 1080 5702 imitatores
1118 5659 1240 5700 esse
1281 5643 1587 5701 Dominicaz.
1610 5648 1879 5715 passionis
1916 5648 2051 5705 θωτ-

2156 4575 2266 4625 vos,
2293 4561 2517 4615 mundus
2544 4570 2719 4615 autem
2745 4561 3025 4633 gaudebit;
3055 4579 3144 4618 vos
3184 4573 3359 4619 autem
3394 4566 3736 4621 contristabi-

2155 4650 2304 4714 mini,
2333 4649 2424 4704 sed
2450 4650 2665 4705 tristitia
2693 4662 2859 4706 vestra
2880 4662 3104 4707 vertetur
3126 4655 3183 4708 in
3202 4655 3478 4725 gaudium.
3500 4655 3567 4710 Et
3590 4657 3742 4727 ipso-

2156 4756 2276 4795 rum
2311 4748 2368 4795 et
2402 4741 2568 4796 totius
2612 4742 2867 4798 Ecclesia:
2916 4744 3080 4798 statui
3126 4747 3395 4817 congruit.
3441 4746 3744 4804 Plorabant

2156 4832 2354 4904 quippe
2391 4841 2448 4887 et
2472 4831 2673 4888 flebant
2704 4843 2976 4891 amatores
3003 4835 3222 4901 Christi,
3256 4853 3378 4892 cum
3403 4838 3554 4893 illum
3583 4855 3743 4896 com.

2150 4926 2408 4997 prehendi
2431 4926 2500 4980 ab
2526 4927 2789 4992 hostibus,
2819 4927 2995 4999 ligari,
3022 4928 3089 4983 ad
3115 4930 3398 4985 consilium
3420 4932 3564 4998 duci,
3586 4932 3747 4988 dam-

2152 5018 2292 5082 nari,
2315 5017 2578 5088 cruciﬁgi,
2612 5018 2750 5073 mori
2789 5028 2844 5073 et
2871 5021 3087 5090 sepeliri
3112 5021 3373 5075 viderent.
3417 5022 3747 5079 Gaudebant

2152 5107 2339 5162 mundi
2384 5118 2677 5173 amatores,
2709 5123 2846 5179 quos
2879 5110 2948 5163 ab
2992 5109 3176 5165 intima
3209 5111 3534 5181 cogitatione
3576 5128 3746 5168 mun—

2153 5197 2279 5252 dum
2308 5206 2464 5253 vocat
2483 5197 2760 5265 Dominus,
2784 5213 2909 5253 cum
2937 5208 3111 5254 morte
3135 5200 3444 5270 turpissima
3474 5200 3743 5256 condem-

2153 5298 2347 5345 narent
2374 5289 2545 5357 illum,
2561 5290 2653 5360 qui
2680 5290 2862 5360 gravis
2879 5299 3001 5345 erat
3028 5290 3108 5345 eis
3127 5291 3293 5347 etiam
3316 5292 3385 5346 ad
3414 5292 3737 5349 videndum.

2151 5378 2625 5434 Contristabantur
2645 5379 2894 5450 discipuli
2917 5380 3094 5450 posito
3128 5381 3182 5435 in
3214 5389 3403 5444 morte,
3433 5382 3528 5435 sed
3549 5382 3751 5453 agnita

2151 5470 2314 5523 etiam
2373 5469 2771 5525 resurrectione
2814 5470 3034 5526 tristitia
3076 5470 3289 5526 illorum
3336 5487 3494 5527 versa
3547 5481 3635 5526 est
3684 5474 3754 5530 in

2153 5560 2438 5631 gaudium;
2477 5560 2593 5616 visa
2623 5569 2709 5615 est
2734 5561 3071 5617 ascensionis
3096 5561 3362 5632 potentia,
3391 5559 3505 5631 jam
3531 5562 3757 5633 majore

2154 5650 2349 5720 gaudio
2388 5650 2651 5706 sublevati
2695 5650 2989 5707 laudabant
3032 5661 3087 5707 et
3115 5650 3506 5708 bencdicehant
3551 5652 3760 5708 Domi-
