3962 6180
288 342 385 400 197

1346 320 1653 381 ΠΟΜΙΙΛίΕ
1692 322 1759 378 ιΝ
1793 317 2048 378 EVANG.
2092 316 2180 373 ΕΤ
2219 317 2440 373 EPIST.

3434 311 3538 369 198

281 471 427 518 num,
469 460 530 506 ut
556 448 735 505 Lucas
764 443 1097 514 evangelista
1124 448 1376 496 testatur.
1421 437 1529 493 Sed
1557 443 1613 491 et
1649 432 1861 488 cunctis
1887 439 1940 499 Α
1964 439 2201 494 secutor,
2251 443 2409 484 nemo
2445 427 2539 497 qui
2564 425 2842 481 tristitiam
2865 424 3075 491 ingerat
3099 422 3295 479 animis
3321 429 3543 491 vesti-:5,

280 543 522 601 ﬁdelibus
547 539 640 595 hic
666 534 885 593 Domini
926 547 1104 589 sermo
1139 529 1409 595 convenit,
1443 528 1535 598 qui
1565 541 1660 597 per
1686 526 1859 594 lacry—

280 649 393 689 mas
416 639 823 700 pressurasque
849 630 1145 694 praesentes
1182 619 1248 674 ad
1277 618 1471 689 gaudia
1501 626 1701 671 aeterna
1735 629 1858 684 per-

276 722 461 776 venire
485 713 845 773 contendunt.
884 711 987 777 Qui
1014 711 1269 765 seminam
1296 711 1352 763 in
1374 708 1621 779 lacrymis
1647 708 1701 760 in
1729 721 1860 776 gau-

275 812 362 865 dio
413 813 644 871 metent;
690 813 871 859 euntes
912 801 1055 855 ibant
1108 810 1154 853 et
1206 799 1437 869 ﬂebant,
1479 804 1746 866 quatenus
1802 794 1860 848 in

276 911 478 957 aeterna
516 894 856 952 beatitudine
884 890 1084 946 laboris
1116 890 1201 945 sui
1240 888 1542 943 mercedem
1572 885 1856 955 recipiant.

273 990 510 1046 Mundus
537 995 740 1050 autem,
776 983 831 1039 id
869 990 974 1047 est,
1013 981 1197 1035 mundi
1234 988 1505 1034 amatores
1528 976 1857 1047 gaudebunt,

273 1081 365 1153 qui
393 1079 467 1134 ad
494 1087 700 1132 aeterna
726 1073 920 1146 gaudia
954 1087 1012 1127 se
1041 1085 1346 1140 praeparare
1373 1083 1471 1138 per
1511 1067 1780 1137 lacrymas
1806 1074 1861 1120 et

274 1169 594 1226 adﬂictiones
636 1160 973 1237 despiciunt;
997 1178 1085 1217 vos
1114 1170 1288 1215 autem
1311 1157 1741 1213 contristabimini
1764 1171 1862 1226 per

273 1260 490 1316 labores
515 1265 575 1313 et
599 1270 882 1328 pressuras
898 1292 913 1319 ,
942 1251 1037 1307 sed
1061 1250 1280 1306 tristitia
1320 1258 1501 1304 vestra
1536 1256 1779 1303 vertetur
1806 1246 1860 1301 in

271 1359 494 1406 interna:
517 1345 874 1403 beatitudinis
906 1342 1168 1398 lmtitiam.

346 1438 547 1492 Mulier
574 1453 691 1491 cum
720 1436 860 1505 parit
900 1431 1164 1486 tristitiam
1194 1430 1366 1493 habet,
1398 1428 1522 1500 quia
1555 1428 1689 1481 venit
1730 1426 1862 1480 liora

270 1537 408 1601 ejus.
442 1528 722 1583 Mulierem
752 1525 883 1580 dicit
910 1531 1150 1579 sanctam
1180 1521 1499 1586 Ecclesium,
1531 1527 1755 1589 propter
1783 1516 1865 1573 fe-

274 1620 607 1675 cunditatem
636 1617 901 1671 bonorum
937 1627 1182 1682 operum,
1213 1619 1268 1665 et
1297 1609 1424 1680 quia
1455 1608 1727 1679 spiritales
1758 1608 1865 1663 Do-

272 1712 421 1766 mino
471 1711 613 1764 ﬁlios
665 1710 886 1780 gignere
931 1720 1205 1774 nunquam
1244 1703 1470 1769 desiuit;
1506 1703 1623 1757 haec
1668 1700 1865 1756 mulier

271 1817 394 1855 cum
421 1800 571 1870 parit
601 1799 878 1853 tristitiam
909 1797 1091 1860 habet,
1120 1793 1247 1864 quia
1276 1793 1424 1848 venit
1451 1793 1582 1847 hora
1606 1792 1743 1862 ejus.

341 1891 478 1945 Cum
504 1901 681 1944 autem
702 1888 896 1959 peperit
924 1901 1163 1957 puerum,
1182 1883 1301 1953 jam
1328 1900 1431 1938 non
1454 1882 1687 1937 meminit
1716 1896 1862 1952 pres-

270 2000 412 2038 sum
437 1992 651 2052 propter
684 1981 960 2052 gaudium,
989 1980 1114 2050 quia
1145 1985 1302 2031 natus
1332 1985 1408 2030 est
1434 1976 1587 2030 homo
1624 1975 1677 2028 in
1707 1990 1862 2028 mun-

271 2076 433 2137 dum;
491 2073 619 2142 quia
670 2071 925 2126 nimirum
967 2077 1156 2125 sancta
1205 2066 1481 2131 Ecclesia,
1523 2064 1761 2136 quandiu
1803 2063 1860 2118 in

272 2168 478 2221 mundo
547 2165 871 2234 spiritalium
920 2162 1183 2217 virtutum
1228 2158 1561 2230 profectibus
1613 2156 1857 2221 insistit,

273 2272 554 2327 nunquam
597 2255 783 2310 mundi
832 2253 1222 2324 tentatiqnibus
1252 2249 1498 2306 exerceri
1527 2247 1757 2303 desistit.
1789 2244 1861 2299 At

272 2364 394 2404 cum
422 2349 639 2403 devicto
666 2346 911 2402 laborum
937 2344 1233 2400 certamine
1261 2341 1327 2396 ad
1347 2339 1580 2410 palmam
1608 2350 1863 2408 pervene-

269 2442 361 2501 rit,
387 2441 503 2511 jam
532 2455 639 2493 non
670 2439 919 2493 meminit
949 2450 1217 2506 pressum
1242 2431 1601 2504 praecedentis
1636 2439 1859 2502 propter

269 2531 523 2601 gaudium
552 2537 820 2598 percepta:
847 2526 1215 2582 retributionis
1243 2542 1256 2577 :
1294 2540 1396 2578 non
1423 2532 1541 2576 sunt
1568 2521 1705 2575 enim
1730 2535 1858 2573 con-

270 2622 446 2690 digna!
495 2620 766 2689 passiones
812 2617 973 2687 hujus
1020 2615 1265 2685 temporis
1310 2613 1380 2667 ad
1433 2619 1860 2682 superventuram

269 2710 493 2780 gloriam
516 2725 636 2779 gate
667 2707 981 2763 revelabitur
1004 2706 1058 2761 in
1088 2705 1254 2759 nobis.
1310 2703 1434 2758 Non
1471 2700 1725 2766 meminit,
1771 2699 1857 2754 in-

268 2804 410 2872 quit,
435 2816 698 2872 pressum
726 2806 938 2870 propter
962 2798 1236 2869 gaudium,
1260 2797 1384 2867 quia
1410 2803 1563 2849 natas
1596 2802 1671 2847 est
1704 2791 1859 2846 homo

270 2892 324 2945 in
350 2891 627 2944 mundum.
670 2888 826 2944 Sicut
863 2889 1007 2943 enim
1035 2887 1228 2941 mulier
1268 2893 1395 2940 nato
1427 2885 1480 2939 in
1519 2884 1663 2937 hunc
1704 2897 1861 2937 mun-

268 2981 399 3034 dum
428 2979 649 3033 homine
693 2978 931 3042 laetatur,
970 2975 1043 3030 ita
1071 2973 1312 3029 Ecclesia
1348 2981 1474 3027 nato
1500 2971 1553 3025 in
1581 2971 1748 3024 vitam
1777 2967 1861 3022 fu-

271 3080 449 3126 turam
488 3069 731 3124 ﬁdelium
769 3066 965 3138 populo
1003 3066 1160 3135 digna
1207 3062 1565 3118 exsultatione
1597 3059 1855 3130 repletur,

268 3178 367 3232 pro
396 3179 502 3233 qua
527 3161 647 3229 eius
676 3161 959 3215 nativitate
988 3158 1218 3213 multum
1254 3155 1507 3211 labamus
1545 3159 1601 3207 et
1633 3165 1855 3222 gemens

271 3257 324 3308 in
349 3254 606 3325 praesenti
639 3252 795 3322 quasi
817 3250 1125 3321 parturiens
1154 3249 1318 3305 dolet.
1350 3245 1460 3301 Nec
1474 3259 1672 3299 novum
1697 3242 1858 3297 debet

270 3346 523 3414 cuiquam
553 3343 729 3398 videri
760 3342 806 3397 si
838 3350 996 3397 natus
1033 3340 1246 3405 dicitur,
1273 3338 1364 3409 qui
1389 3352 1458 3392 ex
1484 3336 1589 3390 hac
1615 3334 1725 3389 vita
1750 3332 1857 3388 mi-

271 3436 540 3506 grsverit;
569 3433 846 3504 quomodo
886 3433 1031 3487 enim
1073 3430 1221 3486 nasci
1267 3430 1464 3485 dicitur
1487 3441 1612 3482 cum
1643 3424 1766 3494 quis
1792 3424 1859 3480 de

277 3536 432 3580 utero
458 3526 654 3580 matris
679 3523 977 3594 procedens
1003 3523 1142 3577 hanc
1167 3521 1219 3574 in
1245 3520 1417 3574 lucem
1453 3516 1751 3588 egreditur,
1782 3514 1859 3569 ita

270 3619 433 3674 etiam
466 3617 771 3673 rectissime
801 3623 980 3684 potest
1010 3622 1170 3667 natus
1192 3609 1449 3681 appellari
1477 3608 1570 3678 qui
1595 3607 1803 3662 solutus
1827 3620 1859 3660 a

272 3710 504 3771 vinculis
530 3708 715 3763 carnis
744 3706 810 3760 ad
844 3705 1014 3759 lucem
1043 3702 1363 3757 sublimatur
1387 3707 1666 3755 aeternam.
1708 3695 1861 3752 Unde

271 3808 325 3854 et
358 3815 475 3854 mos
502 3798 736 3853 obtinuit
757 3794 1156 3851 ecclesiasticus
1183 3800 1240 3845 ut
1267 3791 1383 3845 dies
1410 3790 1689 3843 beatorum
1721 3799 1862 3839 mar-

275 3900 452 3962 tyrum
496 3890 613 3944 sive
654 3885 1022 3942 confessor-um
1059 3881 1282 3946 Christi,
1327 3878 1523 3949 quibus
1555 3876 1622 3931 de
1665 3873 1863 3929 saeculo

275 3983 608 4037 transierant
631 4021 645 4043 ,
673 3977 880 4033 natales
901 3976 1197 4032 vocitemus
1222 4011 1237 4038 ,
1276 3981 1572 4039 eorumque
1600 3964 1863 4021 solemnia

276 4087 381 4127 non
411 4069 686 4134 funebria,
718 4066 815 4123 sed
841 4065 1085 4120 natalitia
1115 4063 1386 4119 dicantur.

343 4162 410 4216 Et
440 4179 530 4218 eos
560 4160 725 4231 igitur
762 4174 901 4214 nunc
933 4155 1143 4229 quidem
1186 4152 1451 4207 tristitiam
1490 4147 1732 4211 habetis;
1768 4146 1864 4198 ite-

276 4270 387 4307 rum
431 4262 611 4306 autem
655 4250 838 4305 videbo
879 4266 987 4314 vos,
1035 4256 1085 4301 et
1129 4244 1373 4317 gaudebit
1419 4258 1511 4296 cor
1540 4251 1783 4302 vestrum,
1816 4245 1865 4290 et

273 4342 525 4413 gaudium
565 4350 795 4396 vestrum
837 4356 985 4394 nemo
1016 4336 1158 4392 tollet
1184 4354 1216 4389 a
1243 4335 1404 4390 vobis.
1449 4330 1601 4399 Quod
1630 4330 1697 4385 de
1735 4328 1866 4398 ipsis

275 4434 493 4503 quidem
538 4430 817 4501 discipulis
861 4429 1019 4485 facile
1067 4426 1382 4494 intelligitur
1420 4424 1547 4494 quia
1590 4421 1863 4475 tristitiam

277 4526 587 4579 habuerunt
635 4536 791 4592 passo
838 4536 907 4576 ac
951 4519 1159 4590 sepulto
1208 4517 1474 4573 Domino;
1520 4514 1612 4568 sed
1646 4520 1864 4581 peracta

279 4615 699 4674 resurrectionis
751 4613 921 4685 gloria
966 4611 1134 4683 gavisi
1177 4618 1306 4665 sunt
1346 4608 1462 4661 viso
1516 4605 1765 4667 Domino,
1813 4610 1868 4655 et

276 4709 537 4781 gaudium
562 4721 751 4761 eorum
797 4718 955 4758 nemo
996 4700 1130 4757 tollit
1168 4700 1236 4755 ab
1265 4698 1379 4762 eis;
1413 4696 1540 4749 licet
1584 4705 1867 4764 pressuras

278 4816 340 4855 ac
366 4797 782 4870 persecutiones
816 4794 962 4864 passi
981 4799 1163 4847 essent
1192 4791 1247 4845 in
1274 4790 1376 4844 hoc
1407 4787 1628 4849 mundo,
1655 4795 1867 4852 semper

279 4894 334 4947 in
363 4907 462 4964 spe
505 4888 812 4961 gaudebant
857 4885 1055 4941 futura:
1082 4880 1452 4938 retributionis
1494 4892 1593 4945 pro
1621 4891 1685 4931 eo
1718 4874 1863 4943 quod

280 4984 426 5055 digni
451 4988 644 5038 essent
668 4994 769 5048 pro
795 4978 1014 5033 nomine
1034 4975 1163 5031 Iesu
1187 4969 1543 5027 contumelias
1569 4966 1702 5037 pati.

350 5072 378 5128 ι
384 5085 557 5127 terum
585 5078 763 5123 autem
786 5067 962 5122 uidebo
984 5082 1070 5119 vos
1096 5073 1145 5118 et
1164 5060 1407 5133 gaudebit
1433 5074 1524 5113 cor
1549 5067 1797 5119 uestrum,
1820 5063 1868 5107 et

282 5164 539 5235 gaudium
572 5168 803 5213 vestrum
845 5172 994 5211 nemo
1025 5153 1171 5208 tollet
1208 5170 1241 5206 a
1283 5149 1447 5205 vobis.
1503 5146 1661 5202 Videt
1690 5144 1870 5212 itaque

284 5254 486 5308 electos
529 5258 655 5323 post
683 5248 958 5304 tristitiam
989 5245 1251 5300 Dominus
1283 5257 1406 5297 cum
1432 5253 1620 5295 eorum
1651 5235 1866 5305 patien-

286 5345 419 5399 tiam
444 5344 704 5398 damnato
735 5342 1112 5409 impugnatore
1151 5339 1480 5389 remunerat.
1534 5327 1731 5383 Videbo
1760 5341 1866 5390 vos,

287 5437 341 5494 id
366 5443 472 5500 est,
497 5447 625 5489 cum
659 5443 1004 5499 assumpsero
1029 5440 1129 5481 vos
1154 5425 1223 5479 ad
1252 5422 1515 5493 meipsum
1544 5427 1604 5472 ut
1630 5416 1719 5471 ubi
1751 5430 1873 5470 sum

287 5540 387 5596 ego
430 5533 486 5579 et
521 5538 622 5580 vos
669 5521 810 5585 sitis,
851 5518 988 5573 etin
1016 5516 1107 5571 illa
1135 5515 1342 5571 visione
1386 5519 1658 5583 perpetua:
1690 5506 1875 5580 gloriae

286 5614 539 5686 gaudebit
568 5627 668 5668 cor
694 5617 933 5665 vestrum
961 5617 1014 5662 et
1034 5606 1286 5679 gaudium
1320 5611 1556 5658 vestrum
1592 5614 1752 5654 nemo
1780 5598 1876 5652 tol-

291 5707 363 5761 let
400 5722 428 5760 a
475 5704 652 5769 vobis,
694 5700 822 5771 quia
848 5699 919 5754 ibi
945 5700 1123 5754 nullus
1150 5694 1517 5761 adversarius,
1548 5692 1724 5747 nullus
1755 5705 1875 5759 pcr-

1958 523 2083 577 dum
2108 520 2365 577 uidebitur
2387 519 2526 574 Deus
2558 519 2772 573 deorum
2795 518 2848 570 in
2875 514 3024 571 Sion.

2498 627 2778 685 HOMILIA
2814 626 3010 682 XXIX.

1959 738 2012 777 IN
2050 737 2379 776 NATIV'ITA'I‘E
2418 736 2490 775 SS.
2532 732 2913 774 AI‘OSTOLORUM
2953 731 3180 770 PIIILIPPI
3227 731 3297 771 ET
3335 729 3541 770 ιΑοοω.

2415 809 2599 863 Lectio
2625 808 2750 863 libri
2780 806 3085 875 Sapientiae.

2031 899 2249 956 Stabunt
2273 900 2407 970 justi
2432 900 2488 953 in
2529 915 2717 969 ntagna
2748 898 3040 950 constantia
3074 898 3320 950 adversus
3342 912 3425 949 eos
3450 895 3542 966 qui

1959 1010 2014 1047 se
2041 994 2484 1063 angustiaverunt,
2512 1001 2559 1044 et
2596 991 2685 1060 qui
2716 988 3040 1043 abstulerunt
3075 988 3274 1042 labores
3302 987 3543 1041 illorum.

2030 1082 2226 1137 Narrat
2253 1081 2432 1136 divina
2465 1079 2739 1148 Sapientia
2781 1078 2958 1146 qualis
2982 1078 3033 1131 in
3062 1086 3306 1132 extremo
3339 1076 3549 1145 judicio

1962 1181 2273 1228 sanctorum
2299 1172 2404 1226 erit
2442 1170 2633 1241 gloria,
2664 1169 2947 1239 qualisque
2982 1154 3337 1238 reprobOrnm
3377 1183 3544 1238 angu-

1961 1263 2062 1317 stia
2084 1277 2205 1317 cum
2239 1261 2471 1315 viderint
2514 1268 2731 1315 sanctos
2781 1267 2988 1313 stantes
3024 1258 3089 1311 ad
3136 1258 3411 1311 dexteram
3448 1254 3546 1312 Dei

1960 1369 2082 1408 cum
2108 1352 2278 1421 gloria
2324 1350 2743 1420 incorruptionis
2784 1355 2838 1403 et
2880 1346 3320 1411 immortalitatis,
3361 1346 3433 1413 pii
3457 1344 3547 1413 ju-

1959 1442 2095 1496 dicis
2129 1449 2505 1510 exspectantes
2537 1438 2859 1493 sententiam
2886 1478 2900 1501 ,
2945 1451 3053 1506 qua
3092 1451 3186 1490 eos
3219 1436 3285 1488 ad
3319 1451 3544 1505 regnum

1962 1531 2155 1585 invitat
2197 1539 2489 1593 aeternum;
2543 1543 2601 1582 se
2629 1535 2807 1581 autem
2860 1525 3055 1580 merito
3093 1522 3440 1578 condemnari
3480 1538 3546 1577 eo

1963 1623 2103 1691 quod
2145 1623 2263 1675 illos
2288 1620 2553 1691 persecuti
2581 1628 2729 1684 sunt,
2758 1632 2860 1673 nec
2887 1617 3146 1671 doctrina:
3178 1630 3364 1669 eorum
3397 1613 3543 1667 salu-

1964 1714 2049 1768 bri
2073 1712 2294 1767 obedire
2320 1711 2627 1773 voluerunt,
2660 1707 2755 1763 sed
2783 1707 3072 1761 irridentes
3092 1719 3185 1760 eos
3206 1704 3377 1773 magis
3403 1718 3549 1772 spre-

1885 1780 1935 1839 Β
1962 1810 2171 1867 verunt,
2222 1818 2321 1856 nec
2365 1803 2625 1855 honorem
2669 1798 2996 1867 condignum
3037 1795 3143 1849 illis
3182 1795 3547 1864 praebuerunt,

1961 1893 2102 1948 unde
2133 1891 2290 1947 modo
2319 1905 2441 1946 cum
2481 1889 2643 1943 lectio
2667 1887 2937 1957 legeretur
2964 1885 3232 1938 audistis:
3262 1883 3404 1935 Tum:
3431 1891 3543 1935 sta-

1961 1985 2106 2049 bunt,
2141 1983 2334 2051 inquit,
2356 1982 2489 2052 justi
2531 1981 2586 2033 in
2610 1994 2802 2048 magna
2835 1976 3150 2039 constantia,
3184 1974 3430 2028 adversus
3460 1989 3553 2026 eos

1959 2078 2048 2149 qui
2071 2093 2126 2131 se
2163 2075 2611 2145 angustiaverunt,
2640 2080 2689 2124 et
2720 2070 2809 2141 qui
2838 2067 3163 2124 abstulerunt
3189 2067 3392 2121 labores
3429 2065 3550 2120 illo-

1962 2182 2099 2231 rum,
2130 2164 2356 2219 videntes
2385 2161 2739 2216 turbabuntur
2774 2160 2958 2213 timore
2987 2157 3260 2222 horribili,
3299 2165 3347 2210 et
3384 2156 3549 2209 mira-

1962 2258 2155 2312 buntur
2213 2256 2270 2309 in
2311 2253 2623 2309 subitatione
2674 2251 2953 2319 insperatis
3018 2246 3243 2312 salutis,
3294 2255 3549 2317 gementes

1958 2365 2051 2419 per
2074 2347 2369 2417 angustiam
2398 2343 2648 2413 spiritus,
2696 2340 3049 2393 dicent-inter
3093 2353 3149 2390 se
3200 2335 3548 2405 pamiteutiam

1961 2447 2169 2510 agentes
2201 2450 2219 2487 :
2268 2434 2342 2488 Hi
2386 2441 2505 2486 sunt
2552 2446 2681 2500 quos
2722 2428 3002 2482 habuimus
3039 2424 3323 2495 aliquando
3364 2425 3419 2477 in
3458 2422 3551 2475 de-

1960 2528 2072 2581 risu
2103 2536 2150 2579 et
2173 2524 2227 2578 in
2248 2520 2591 2576 similitudine
2612 2516 2930 2587 improperii.
2972 2513 3083 2568 Nos
3112 2512 3363 2566 insensati
3388 2512 3549 2564 vitam

1961 2618 2173 2672 illorum
2221 2611 2610 2667 testimubamus
2661 2608 2959 2671 insaniam,
3011 2614 3060 2658 et
3118 2603 3278 2672 ﬁnem
3330 2601 3543 2655 illorum

1960 2706 2074 2760 sine
2095 2705 2310 2759 honore.
2344 2699 2619 2765 Quomodo
2641 2712 2762 2766 ergo
2793 2693 3076 2765 computati
3097 2701 3217 2746 sunt
3245 2694 3379 2745 inter
3403 2690 3545 2759 filios

1963 2798 2061 2853 Dei
2099 2805 2147 2851 et
2187 2796 2322 2863 inter
2355 2800 2564 2847 sanctos
2611 2805 2724 2843 sors
2768 2786 2981 2841 illorum
3026 2795 3099 2840 est
3127 2786 3152 2839 ?
3181 2783 3333 2839 Tunc
3363 2783 3553 2852 utique

1964 2892 2183 2947 stabunt
2215 2886 2350 2955 justi
2379 2886 2434 2938 in
2459 2898 2653 2954 magna
2679 2880 2982 2937 constantia
3009 2880 3267 2933 adversus
3292 2891 3551 2947 persecu-

1963 2988 2109 3035 tores
2150 2992 2277 3033 suos
2322 2975 2413 3045 qui
2456 2988 2551 3028 eos
2591 2972 2770 3043 poenis
2803 2968 3057 3024 indebitis
3097 2969 3188 3023 hic
3229 2968 3547 3029 ali‘ecerunt,

1914 3054 2017 3131 ζει
2081 3066 2297 3121 labores
2358 3063 2573 3118 illorum
2612 3061 2765 3131 quasi
2830 3058 3026 3113 stultos
3083 3058 3545 3127 vituperaverunt,

1961 3157 2181 3230 quando
2203 3156 2452 3211 claritate
2473 3166 2705 3222 superna
2737 3148 2963 3204 revelati
2995 3147 3204 3217 indices
3226 3155 3385 3201 erunt
3425 3144 3548 3199 illo-

1956 3266 2078 3305 rum
2100 3248 2398 3304 secundum
2425 3246 2704 3301 veritatem
2731 3241 2822 3312 qui
2844 3249 2970 3295 ante
2996 3254 3054 3294 se
3088 3235 3290 3305 injuste
3318 3237 3550 3291 damna-

1954 3347 2167 3396 verunt.
2202 3337 2355 3393 Unde
2387 3335 2464 3390 illi
2510 3349 2633 3389 cum
2682 3348 2742 3388 se
2800 3330 3078 3387 subitanea
3124 3327 3549 3383 commutatione

1956 3430 2191 3485 viderint
2232 3429 2298 3483 de
2340 3427 2510 3497 gloria
2551 3425 2620 3479 ad
2660 3422 3056 3492 ignobilitatem
3101 3418 3414 3488 perductos,
3438 3424 3492 3471 et
3521 3430 3553 3470 e

1959 3521 2234 3578 contrario
2268 3516 2612 3574 adversarios
2654 3528 2785 3569 suos
2825 3511 2893 3566 de
2937 3509 3226 3564 albictione
3262 3504 3547 3575 temporali

1956 3613 2030 3669 ad
2065 3612 2326 3667 [tenorem
2370 3620 2664 3677 supernum
2708 3602 3018 3664 translatos,
3065 3613 3187 3653 sera
3235 3595 3554 3666 ptentientia

1960 3713 2123 3774 atque
2170 3703 2503 3759 infructuosa
2570 3709 2699 3753 tunc
2744 3702 3148 3764 conquerentnr
3192 3690 3333 3761 quod
3392 3697 3551 3744 antea

1963 3797 2087 3852 dum
2120 3794 2271 3847 licuit
2299 3792 2344 3846 si
2374 3790 2574 3844 vellent
2602 3788 2879 3841 fructuosa
2912 3796 3073 3854 agere
3106 3788 3349 3851 possent.
3397 3775 3553 3833 Unde

1961 3899 2182 3941 necesse
2222 3890 2305 3936 est
2356 3888 2418 3935 ut
2462 3880 2770 3947 quicunque
2806 3874 2977 3929 vitam
3018 3885 3175 3927 suam
3214 3868 3559 3940 negligenter

1960 3977 2117 4032 duxit
2148 3985 2203 4030 et
2229 3973 2466 4044 peccatis
2491 3970 2737 4036 servivit,
2779 3976 2907 4022 ante
2942 3964 3232 4020 terminum
3265 3961 3394 4015 vita:
3417 3972 3557 4030 pra:-

1964 4070 2132 4126 sentis
2156 4066 2533 4140 paenitentiam
2561 4062 2825 4133 condigne
2865 4068 2991 4130 agat
3014 4058 3081 4111 de
3110 4052 3269 4108 malis
3293 4050 3552 4107 commis-

1965 4160 2064 4223 sis,
2099 4167 2154 4213 et
2202 4158 2416 4213 studeat
2453 4154 2709 4225 operibus
2746 4150 2904 4208 bonis
2944 4164 3040 4220 per
3065 4145 3295 4218 gratiam
3329 4143 3446 4208 Dei,
3473 4143 3558 4197 in-

1968 4248 2291 4318 dulgentiam
2317 4244 2612 4316 promereri
2638 4248 3001 4312 peccatorum,
3025 4247 3081 4290 et
3099 4236 3265 4289 vitam
3289 4230 3549 4299 consequi

1969 4339 2359 4408 sempiternam
2400 4336 2664 4407 largiente
2691 4335 2807 4402 ipso
2829 4330 3190 4397 Redemptore
3216 4323 3442 4379 Domino
3461 4336 3558 4376 no-

1969 4440 2081 4486 stra
2109 4428 2236 4486 Jesu
2264 4428 2504 4491 Christo,
2530 4427 2619 4497 qui
2648 4423 2752 4478 vult
2771 4434 2947 4476 omnes
2962 4418 3196 4472 homines
3226 4414 3400 4469 salvos
3421 4429 3556 4479 esse,

1972 4532 2020 4576 et
2042 4521 2110 4574 ad
2135 4519 2450 4590 agnitionem
2472 4514 2704 4570 ueritatis
2722 4510 3002 4581 pervenire,
3024 4519 3259 4578 regnans
3278 4512 3402 4560 cum
3426 4502 3556 4574 Spi-

1975 4612 2082 4666 ritu
2096 4617 2285 4665 sancto
2300 4608 2441 4663 Deus
2462 4621 2562 4677 per
2578 4603 2759 4659 omnia
2779 4599 2972 4657 saacula
2993 4596 3334 4655 seculorum.
3359 4592 3554 4650 Amen.

2539 4709 2820 4767 HOMXLIA
2859 4706 3029 4763 XXX.

2517 4821 2569 4859 IN
2607 4818 2782 4858 εουειι
2813 4815 2999 4856 FESTO.

2106 4903 2293 4959 Lectio
2315 4899 2485 4956 sancti
2508 4892 2784 4966 Evangelii
2812 4892 3103 4948 secundum
3133 4887 3416 4943 Joannem.

2041 4995 2107 5050 In
2137 4995 2229 5050 illo
2274 5004 2500 5061 tempore
2535 4987 2668 5061 dixit
2711 4984 2869 5061 Iesus
2915 4979 3184 5061 discipulis
3218 4979 3374 5061 suis:
3428 4974 3554 5033 Non

1971 5067 2209 5122 turbetur
2236 5079 2327 5118 cor
2348 5050 2595 5115 vestrum.
2628 5055 2831 5111 Credite
2851 5054 2906 5107 in
2946 5052 3132 5117 Deum,
3177 5060 3224 5103 et
3254 5050 3309 5103 in
3338 5062 3419 5101 me
3446 5061 3561 5099 cre-

1968 5139 2098 5192 dite.
2118 5145 2227 5191 etc.

2046 5177 2124 5280 N’e
2168 5231 2396 5279 mortem
2442 5228 2701 5289 tauquam
2749 5214 2994 5271 homines
3022 5211 3296 5274 timerent,
3349 5216 3406 5263 et
3436 5204 3557 5260 ideo

1977 5320 2335 5378 turbarentur,
2376 5312 2685 5370 consolatur
2707 5311 2874 5366 etiam
2903 5322 2998 5364 eos
3014 5308 3184 5363 Deum
3213 5317 3273 5359 se
3292 5313 3411 5356 esse
3432 5310 3562 5352 oon-

1977 5417 2202 5465 testans.
2235 5405 2582 5472 Consequens
2607 5411 2691 5457 est
2711 5400 2857 5455 enim
2884 5404 2946 5452 ut
2977 5397 3024 5452 si
3044 5396 3100 5449 in
3125 5393 3291 5448 Deum
3315 5382 3557 5449 creditis,

1979 5500 2118 5557 etin
2148 5513 2234 5553 me
2268 5493 2493 5550 credere
2543 5491 2821 5549 debeatis:
2860 5487 3003 5558 quod
3042 5500 3149 5540 non
3192 5486 3334 5536 esset
3369 5486 3561 5530 conse-

1979 5604 2171 5663 quens,
2197 5587 2242 5643 si
2281 5585 2528 5641 Christus
2550 5598 2656 5639 non
2697 5589 2844 5637 esset
2871 5580 3031 5634 Deus.
3080 5574 3148 5628 In
3195 5569 3349 5625 domo
3377 5562 3559 5619 Patris

1982 5683 2082 5738 mei
2101 5681 2395 5736 mansiones
2430 5675 2610 5731 multa:
2654 5683 2796 5728 sunt.
2841 5670 2978 5736 Quia
3016 5664 3205 5720 merita
3249 5664 3559 5719 sanctorum
