3962 6180
442 340 547 398 199

1094 335 1156 390 Β.
1195 329 1448 389 RABANl
1487 328 1708 387 MAURI
1741 326 2060 385 ARCHIEP.
2106 325 2417 385 MOGUNT.
2450 326 2739 386 OPERUM
2775 324 2957 382 PARS
2992 323 3056 381 II.

3627 326 3736 382 200

439 457 654 510 diversa
683 460 830 516 sunt,
860 452 981 506 ideo
1009 452 1063 506 in
1108 452 1269 506 domo
1305 448 1483 503 Patris
1520 447 1703 503 multa:
1737 455 1864 501 sunt
1887 461 2039 500 man—
2065 450 2117 506 Α
2213 444 2319 511 Qui
2344 446 2477 500 videt
2507 462 2608 510 me,
2638 444 2773 499 videt
2815 454 2866 498 et
2918 440 3156 496 Patrem.
3188 438 3291 506 Qui
3321 454 3409 495 me
3459 439 3736 513 intelligit,

442 548 639 597 siones.
671 539 856 594 Nullus
908 556 1094 594 eorum
1125 539 1450 594 alienabitur
1498 538 1567 592 ab
1616 536 1703 590 illa
1732 536 1913 599 domo,
1947 533 2037 589 ubi

446 632 778 685 mansionem
806 645 901 698 pro
928 646 1026 683 suo
1058 631 1289 698 quisque
1338 639 1660 698 accepturus
1693 638 1778 682 est
1820 627 2034 681 merito.

441 722 567 776 ideo
599 736 702 774 non
738 721 983 773 turbetur
1012 736 1107 773 cur
1143 729 1404 781 vestrum.
1446 734 1570 772 nam
1615 735 1753 772 unus
1782 717 2037 773 denarius

440 813 690 865 omnilms
717 810 768 862 in
798 812 952 862 vinea
1005 808 1400 873 laborantibus,
1432 810 1484 863 id
1532 817 1637 873 est,
1683 808 1934 861 omnibus
1982 807 2036 860 in

442 904 680 957 Ecclesia
707 918 802 970 per
838 902 994 955 tidem
1018 902 1389 956 laborantibus
1428 903 1537 956 vita
1569 901 1785 955 dabitur
1811 909 2031 953 arterna.

445 994 549 1046 Sed
600 993 781 1045 multm
821 993 1131 1047 mansiones
1179 992 1422 1047 diversas
1469 992 1785 1045 meritorum
1823 992 1877 1044 iu
1926 1006 2031 1044 una

439 1086 550 1138 vita
577 1094 776 1138 aeterna
824 1085 1131 1154 signiﬁcant
1176 1085 1484 1152 dignitates,
1529 1084 1728 1154 eritque
1759 1083 1897 1137 Deus
1924 1100 2036 1137 om-

440 1180 529 1228 nia
565 1176 617 1227 in
655 1175 916 1237 omnibus,
958 1174 1083 1244 quia
1137 1172 1276 1228 Deus
1321 1176 1552 1227 charitas
1600 1183 1695 1227 est.
1750 1173 1841 1228 Sic
1890 1176 2033 1229 enim

442 1267 670 1334 quisque
722 1266 925 1330 habet,
982 1282 1105 1321 cum
1155 1275 1302 1319 amat
1355 1267 1408 1319 in
1467 1266 1663 1329 altero,
1721 1266 1865 1334 quod
1920 1266 2035 1334 ipse

442 1374 546 1411 non
579 1359 757 1419 habet,
785 1357 909 1425 quia
938 1366 1120 1427 regnat
1147 1357 1199 1410 in
1234 1358 1486 1411 omnibus
1513 1358 1695 1411 unitas
1718 1357 2024 1411 charitatis.

513 1446 575 1501 Si
600 1464 700 1516 quo
725 1446 897 1499 minus
919 1446 1166 1499 dixissem
1191 1446 1354 1506 vobis,
1372 1448 1497 1516 quia
1528 1447 1660 1500 vado
1684 1464 1872 1517 parare
1892 1448 2032 1501 vobis

441 1536 633 1588 locant.
667 1534 947 1600 Quomodo
975 1535 1042 1588 ad
1070 1534 1186 1590 illas
1230 1536 1537 1589 mansiones
1568 1535 1807 1590 membra
1852 1551 2037 1604 perve-

440 1628 664 1690 nissent,
719 1627 764 1681 si
813 1633 976 1694 caput
1004 1641 1110 1678 non
1161 1626 1568 1695 praecessisset?
1611 1626 1826 1680 Paravit
1878 1626 2033 1681 nobis

439 1717 617 1771 locum
646 1716 772 1770 dum
795 1731 894 1785 pro
918 1716 1074 1769 nobis
1102 1724 1343 1769 mortuus
1371 1724 1474 1780 est,
1506 1724 1561 1768 et
1581 1716 1898 1780 resurrexit,
1924 1716 2032 1770 imo

2142 537 2331 606 utique
2351 546 2408 591 et
2426 537 2646 592 Patrem
2683 537 2848 590 inme
2878 533 3146 603 intelligit.
3183 531 3289 586 Sed
3332 532 3454 587 ideo
3479 533 3742 603 magister

2141 626 2463 696 discipulum
2502 627 2786 698 arguebat,
2836 624 3091 694 quoniam
3145 638 3241 678 cor
3294 623 3616 693 postulantis
3662 626 3743 678 vi-

2140 718 2319 773 debat.
2350 718 2629 787 Tanquam
2659 718 2805 772 enim
2853 716 3045 771 melior
3068 723 3214 770 esset
3254 714 3416 769 Pater
3453 731 3617 785 quam
3646 715 3737 771 Fi-

2139 810 2262 872 lius,
2290 810 2364 863 ita
2391 796 2669 880 Philippus
2698 809 2913 863 Patrem
2937 822 3100 863 nosce
3123 807 3392 876 cupiebat,
3420 817 3476 862 et
3495 808 3616 863 ideo
3640 825 3737 865 nec

2139 900 2332 954 Filium
2360 902 2566 955 sciebat
2591 916 2700 970 quo
2726 900 2920 954 melius
2966 898 3168 968 aliquid
3198 913 3320 952 esse
3352 897 3624 953 credebat.
3652 899 3737 955 Ad

2139 991 2286 1046 hunc
2316 1007 2536 1046 sensum
2565 991 2951 1062 corrigendum
2980 990 3186 1045 dictum
3214 997 3337 1045 est:
3365 988 3470 1055 Qui
3498 990 3634 1045 videt
3657 1007 3739 1045 me

2138 1083 2272 1137 videt
2302 1093 2350 1136 et
2375 1081 2610 1137 Patrem.

2209 1174 2484 1240 Quomodo
2519 1184 2575 1227 tu
2604 1174 2778 1228 dicis:
2812 1171 3039 1228 Ostenae
3068 1184 3217 1227 notus
3262 1170 3478 1228 Patrem
3503 1174 3529 1227 I’
3569 1174 3738 1229 Video

2135 1267 2406 1335 quomodo
2430 1274 2486 1319 tu
2514 1265 2649 1319 dicis
2675 1282 2687 1318 :
2732 1281 2838 1320 non
2886 1264 3118 1319 alterum
3149 1266 3350 1333 qumris
3377 1265 3561 1320 videre
3588 1265 3739 1320 simi-

2137 1358 2259 1421 lem,
2296 1359 2562 1414 sedilium
2595 1370 2750 1427 putas
2777 1373 2898 1413 esse
2933 1356 3233 1413 meliorem.

2208 1448 2331 1503 Non
2357 1450 2525 1502 credis
2550 1450 2673 1518 quia
2705 1465 2798 1517 ego
2840 1448 2895 1502 in
2940 1447 3102 1502 Patre
3131 1460 3178 1502 et
3224 1445 3387 1502 Pater
3412 1449 3467 1502 in
3494 1465 3575 1502 me
3604 1459 3680 1502 est
3714 1449 3741 1503 ?

2134 1543 2245 1597 Cur
2271 1541 2661 1610 inseparabiles
2681 1542 2971 1611 separatim
2994 1540 3271 1596 desideras
3296 1540 3503 1595 nosce?
3532 1541 3739 1596 Deinde

2134 1647 2240 1686 non
2271 1633 2338 1686 ad
2380 1630 2552 1715 solum
2600 1631 2926 1703 Philippum,
2973 1633 3067 1687 sed
3114 1633 3183 1687 ad
3224 1646 3319 1687 eos
3348 1630 3629 1703 pluraliter
3651 1631 3736 1687 lo-

2134 1722 2319 1791 quitur
2342 1736 2357 1776 :

439 1808 686 1862 ascendit
716 1807 767 1860 in
800 1805 985 1860 caelos.
1043 1806 1169 1860 llaec
1220 1806 1400 1861 omnia
1441 1823 1539 1876 pro
1592 1806 1746 1861 nobis
1793 1806 1940 1873 fecit,
1974 1818 2032 1862 ut
2060 1794 2107 1853 Β
2214 1812 2384 1867 Verba
2429 1828 2549 1883 qua:
2571 1828 2664 1883 ego
2702 1812 2887 1879 loquor
2914 1813 3056 1868 vobis
3083 1831 3115 1867 a
3141 1830 3223 1868 me
3248 1814 3362 1882 ipso
3394 1830 3499 1868 non
3526 1813 3734 1885 loquor,

439 1896 597 1951 nobis
620 1904 833 1964 pararet
863 1894 1037 1949 locum
1062 1894 1115 1948 in
1148 1909 1315 1964 regno
1346 1895 1521 1950 Patris
1547 1896 1650 1950 sui.

512 1986 571 2041 Si
600 1987 774 2041 abiero
813 1996 859 2039 et
892 2002 1147 2055 paravero
1178 1986 1318 2040 vobis
1367 1986 1560 2050 locum,
1612 1987 1798 2040 iterum
1826 1986 2031 2041 veniam

442 2076 511 2129 ad
541 2093 649 2130 vos.
684 2076 742 2130 Si
769 2077 955 2131 abiero
983 2089 1080 2145 per
1117 2076 1302 2131 carnis
1328 2076 1651 2140 absentiam,
1688 2077 1900 2132 veniam
1935 2093 2033 2147 per

443 2167 748 2222 divinitatis
773 2167 1140 2237 przesentiam,
1187 2167 1243 2221 in
1285 2182 1390 2238 qua
1423 2168 1700 2223 vobiscum
1740 2181 1835 2223 ero
1861 2183 2033 2238 usque

441 2259 511 2313 ad
537 2258 1056 2313 consummationem
1086 2256 1288 2313 saeculi.
1338 2256 1434 2313 Vel
1467 2246 1633 2313 etiam
1664 2257 1709 2313 si
1736 2258 1920 2313 abiero
1945 2274 2033 2314 as-

375 2350 379 2354 ’
438 2349 718 2403 cendendo
739 2347 808 2402 ad
830 2348 1018 2413 caelos,
1044 2349 1257 2403 veniam
1294 2349 1488 2403 iterum
1520 2347 1767 2418 judicare
1790 2351 1941 2405 vivos
1967 2365 2033 2406 ac

442 2447 724 2493 mortuos:
769 2439 913 2507 quod
941 2438 1115 2509 angeli
1163 2439 1402 2494 attestati
1447 2449 1574 2494 sunt
1601 2440 1880 2495 dicentes:
1930 2440 2034 2494 Hic

437 2527 594 2583 Jesus
633 2531 726 2599 qui
775 2541 1072 2601 assumptus
1112 2542 1186 2585 est
1214 2549 1246 2585 a
1275 2531 1439 2598 vobis,
1471 2534 1547 2587 sic
1578 2535 1741 2588 veniet
1786 2536 2035 2606 quemad-

437 2619 651 2673 modum
675 2620 876 2675 vidistis
898 2638 1016 2674 eum
1043 2633 1249 2676 euntem
1276 2622 1329 2676 in
1354 2623 1560 2678 caelum.
1596 2624 1855 2694 Sequitur
1883 2646 1894 2679 :

510 2705 581 2759 Et
609 2708 862 2778 accipiam
890 2725 975 2763 vos
995 2710 1064 2764 ad
1089 2712 1362 2781 meipsum,
1395 2725 1450 2766 ut
1484 2715 1575 2767 ubi
1600 2733 1716 2769 sum
1747 2734 1840 2787 ego
1868 2729 1919 2772 et
1945 2735 2033 2776 vos

437 2798 573 2852 sitis.
605 2797 721 2853 Hoc
739 2808 823 2853 est
842 2800 982 2869 quod
1005 2801 1060 2854 in
1087 2804 1438 2871 sequentibus
1460 2806 1631 2861 dixit:
1665 2806 1817 2877 Volo,
1846 2809 2034 2879 Pater,

438 2896 498 2941 ut
527 2888 615 2941 ubi
640 2904 757 2941 sum
779 2905 896 2958 ego,
929 2899 978 2943 et
1007 2890 1096 2944 isti
1118 2892 1220 2945 sint
1245 2910 1465 2948 mecum.

514 2975 581 3031 Et
607 2994 709 3047 quo
746 2994 839 3048 ego
882 2979 1034 3045 vado,
1076 2982 1240 3047 scitis,
1281 2994 1327 3037 et
1354 2985 1490 3039 viam
1516 2989 1680 3043 scitis.
1723 2990 1841 3056 Quo
1871 2992 2031 3059 vado,

442 3068 496 3126 id
525 3079 625 3131 est,
661 3070 728 3122 ad
754 3068 994 3136 Patrem,
1015 3082 1072 3127 et
1094 3074 1179 3126 via
1211 3090 1315 3145 qua
1346 3078 1581 3145 venitur,
1605 3081 1793 3137 scitur.

2134 1902 2296 1958 Pater
2320 1912 2494 1957 autem
2513 1904 2569 1957 in
2592 1920 2674 1958 me
2694 1920 2929 1969 manens,
2955 1904 3063 1975 ipse
3091 1903 3219 1973 facit
3245 1921 3424 1975 opera.
3452 1903 3593 1971 Quid
3624 1916 3733 1964 est.

2133 2010 2166 2047 a
2192 2009 2274 2047 me
2310 1994 2421 2063 ipso
2449 2009 2554 2047 non
2597 1992 2821 2063 loquor?
2859 1993 2963 2047 nisi
2995 2009 3026 2047 a
3071 1990 3171 2048 me'
3202 1995 3321 2064 ipso
3360 2010 3468 2049 non
3497 2010 3615 2049 sum
3641 1995 3738 2064 qui

2135 2083 2348 2153 loquor.
2380 2083 2441 2137 Ei
2468 2083 2667 2153 quippe
2688 2084 2877 2138 tribuit
2902 2083 3045 2153 quod
3077 2082 3230 2149 facit,
3261 2083 3329 2138 de
3359 2098 3468 2153 quo
3492 2093 3576 2138 est
3620 2084 3740 2154 ipse

2134 2176 2229 2246 qui
2250 2174 2398 2230 facit.
2429 2174 2594 2230 Pater
2619 2175 2763 2229 enim
2793 2174 2936 2229 Dens
2960 2188 3065 2228 non
3096 2182 3180 2229 est
3223 2174 3290 2229 de
3327 2173 3530 2239 alinuo,
3566 2173 3741 2230 Filius

2137 2277 2318 2321 autem
2347 2266 2486 2321 Deus
2532 2273 2617 2319 est
2645 2264 2861 2335 quidem
2904 2263 3053 2331 Patri
3080 2263 3327 2333 aequalis,
3355 2264 3451 2320 sed
3478 2264 3545 2319 de
3574 2265 3741 2320 Patre

2134 2359 2265 2415 Deo.
2288 2358 2417 2415 ldeo
2446 2358 2533 2413 ille
2554 2357 2699 2413 Deus
2726 2358 2820 2413 sed
2851 2372 2958 2412 non
2992 2357 3059 2411 de
3086 2358 3213 2421 Deo,
3236 2365 3291 2411 et
3309 2356 3490 2412 lumen
3510 2356 3604 2411 sed
3627 2373 3739 2412 non

2135 2451 2203 2505 de
2241 2449 2463 2504 lumine.
2494 2449 2599 2503 lste
2622 2463 2753 2503 vero
2783 2447 2926 2519 Deus
2949 2448 3016 2502 de
3041 2445 3171 2514 Deo,
3205 2445 3385 2502 lumen
3414 2446 3482 2502 de
3508 2445 3737 2502 lumine.

2136 2540 2379 2609 Denique
2398 2538 2645 2609 adjungit
2668 2547 2724 2593 et
2753 2538 2828 2592 ait
2853 2557 2866 2592 :

2208 2630 2333 2686 Non
2359 2631 2568 2685 creditis
2591 2631 2716 2701 quia
2740 2646 2832 2699 ego
2861 2632 2917 2684 in
2943 2627 3106 2685 Patre
3133 2640 3180 2685 et
3223 2628 3386 2685 Pater
3415 2632 3471 2685 in
3497 2647 3579 2684 me
3603 2638 3679 2685 est
3708 2630 3740 2685 .’

2135 2722 2343 2793 Alioqui
2372 2733 2584 2793 propter
2638 2738 2796 2791 opera
2841 2723 2956 2791 ipsa
3009 2722 3222 2777 credite.
3261 2722 3402 2778 Ante
3427 2723 3574 2778 solus
3598 2722 3737 2778 Phi-

2134 2815 2313 2885 lippus
2347 2813 2714 2884 arguebatur;
2773 2828 2918 2868 nunc
2945 2821 3125 2867 autem
3152 2829 3260 2869 non
3303 2813 3377 2868 ibi
3403 2827 3528 2867 eum
3557 2812 3737 2868 solum

2135 2904 2303 2961 fuisse
2331 2905 2423 2975 qui
2448 2912 2593 2959 esset
2630 2904 2938 2974 arguendus
2963 2902 3302 2967 ostenditur;
3342 2911 3553 2973 propter
3572 2917 3737 2972 opera

2135 2999 2269 3069 ipsa,
2299 2996 2493 3065 inquit,
2543 2995 2756 3061 credite,
2809 2995 2932 3065 quia
2970 3010 3062 3064 ego
3107 2994 3161 3047 in
3197 2990 3363 3046 Patre
3406 3001 3459 3046 et
3488 2988 3652 3045 Pater
3675 2992 3739 3045 in

2136 3104 2217 3142 me
2237 3097 2332 3141 est.
2381 3086 2567 3156 Neque
2594 3087 2738 3141 enim
2787 3086 2833 3140 si
2864 3086 3101 3155 separati
3130 3099 3375 3140 essemus
3400 3084 3742 3155 inseparabio

516 3157 656 3212 Dicit
680 3161 726 3212 ei
758 3159 1025 3216 Thomas:
1065 3162 1309 3230 Domine,
1359 3167 1618 3223 nescimus
1658 3187 1760 3240 quo
1786 3173 1954 3238 vadis,
1984 3184 2031 3229 et
2060 3137 2109 3200 ϐ
2137 3159 2261 3231 Ιὶίοι*
2302 3137 2518 3246 ορθιθειῖυἰ
2567 3175 2673 3230 ulla
2726 3137 2945 3231 rationt;
2972 3190 3278 3244 possemus,
3327 3175 3421 3230 sed
3468 3137 3599 3245 quid
3647 3183 3741 3231 est

438 3249 700 3318 quomodo
726 3267 1005 3320 possumus
1039 3254 1178 3308 viam
1214 3256 1386 3311 scire?
1410 3258 1706 3315 Videbatur
1743 3262 1793 3317 ei
1823 3265 2034 3320 nescire

442 3339 589 3409 quod
616 3338 866 3396 Christus
894 3345 1167 3401 convincit
1202 3361 1324 3401 eum
1348 3348 1488 3403 scire
1513 3349 1640 3405 dum
1671 3351 1785 3406 ait:

514 3429 631 3502 Ego
652 3448 769 3486 sum
798 3434 906 3500 via,
933 3445 980 3489 et
1007 3438 1217 3503 veritas,
1241 3447 1290 3493 et
1318 3440 1445 3494 vita.
1478 3440 1641 3509 Quasi
1671 3444 1898 3501 dixisset
1927 3464 1941 3501 :
1974 3444 2033 3503 Si

442 3534 532 3574 me
554 3519 705 3576 scitis
724 3531 781 3576 et
804 3524 946 3578 viam
975 3526 1163 3592 scitis;
1210 3536 1268 3584 et
1301 3546 1401 3599 ego
1427 3546 1544 3586 sum
1593 3534 1662 3589 ad
1694 3551 1856 3606 quem
1902 3539 2032 3605 itur,

443 3611 499 3666 id
519 3619 623 3678 est,
650 3614 868 3683 veritas,
890 3625 945 3672 et
969 3632 1068 3690 ego
1095 3635 1214 3675 sum
1249 3622 1360 3676 vita
1392 3623 1446 3678 in
1477 3641 1583 3695 qua
1610 3636 1806 3683 statur.
1858 3629 1918 3686 Si
1948 3649 2034 3689 me

441 3702 595 3757 scitis
618 3711 673 3758 et
704 3705 844 3760 viam
890 3708 1060 3773 scitis,
1101 3718 1157 3765 et
1195 3725 1303 3780 quo
1331 3713 1420 3769 ibo
1446 3716 1617 3799 scitis,
1664 3727 1721 3773 et
1755 3721 1848 3776 ubi
1876 3737 2031 3777 man-

444 3793 628 3848 seritis
655 3795 824 3851 scitis.
858 3798 962 3864 Qui
992 3799 1061 3854 ad
1099 3799 1317 3857 Patrem
1339 3793 1548 3861 vadunt.
1572 3825 1668 3879 per
1694 3826 1782 3866 me
1809 3812 2031 3879 vadunt,

445 3889 500 3935 et
527 3883 718 3971 qui‘ad
761 3883 978 3940 Patrem
1007 3890 1233 3945 veniunt
1281 3893 1348 3947 ad
1387 3910 1473 3951 me
1525 3898 1766 3965 veniunt,
1813 3902 1938 3971 quia
1978 3912 2035 3958 et

444 3986 538 4038 ego
559 3980 608 4024 et
622 3968 786 4025 Pater
799 3988 961 4027 unum
976 3991 1177 4043 sumus,
1191 3980 1313 4033 etin
1331 3996 1418 4039 me
1437 3997 1675 4055 manent,
1691 3992 1816 4059 quia
1829 3968 1941 4048 iure
1959 4004 2034 4050 est

440 4059 550 4140 vita
572 4067 790 4125 (eterna,
819 4070 876 4115 ut
916 4077 1226 4134 cognoscant
1256 4081 1306 4123 te
1329 4072 1498 4127 solum
1542 4092 1716 4131 verum
1757 4080 1944 4149 Deum,
1985 4094 2035 4138 et

442 4165 597 4219 quem
643 4150 831 4207 misisti
882 4153 1063 4209 Iesum
1118 4157 1402 4216 Christum.
1483 4164 1637 4223 Unde
1688 4179 1906 4227 secutus
1949 4183 2035 4229 est

517 4330 688 4387 Nemo
716 4335 852 4390 venit
880 4336 952 4391 ad
972 4334 1188 4394 Patrem
1219 4342 1321 4396 nisi
1345 4360 1439 4413 per
1461 4361 1562 4400 me.
1593 4347 1880 4420 Exponens
1904 4356 2033 4424 quid

443 4421 516 4478 sit
539 4424 684 4494 quod
716 4424 813 4493 ait,
837 4443 931 4497 ego
959 4444 1076 4483 sum
1104 4432 1208 4498 via,
1243 4434 1424 4489 statim
1447 4435 1776 4511 subjungens
1802 4461 1815 4497 :

515 4512 574 4569 Si
602 4519 966 4586 cognovissetis
988 4538 1069 4577 me
1092 4525 1286 4596 utique,
1314 4537 1364 4581 et
1405 4527 1619 4584 Patrem
1646 4549 1818 4589 meum
1838 4552 2030 4608 cogno-

444 4605 666 4671 vissetis,
695 4607 821 4675 quia
845 4623 947 4678 ego
965 4626 1084 4667 sum
1110 4618 1314 4673 veritas
1335 4618 1390 4672 in
1420 4633 1548 4675 vero
1574 4621 1753 4679 Patre.
1790 4624 1856 4680 Et
1884 4605 2032 4684 amo-

445 4693 512 4746 do
542 4698 849 4765 cognoscitis
872 4716 1012 4767 eum,
1043 4713 1092 4756 et
1114 4705 1313 4761 vidistis
1336 4725 1473 4764 eum.
1509 4711 1564 4766 Si
1607 4729 1693 4769 me
1716 4716 2035 4785 spiritaliter

446 4786 773 4854 cognoscitis
817 4796 872 4843 et
915 4790 1132 4858 videtis,
1181 4795 1331 4851 illum
1355 4802 1680 4870 cognoscitis
1729 4813 1785 4860 et
1816 4808 2031 4877 videtis,

448 4877 573 4944 quia
601 4893 694 4947 ego
741 4890 787 4933 et
816 4878 980 4936 Pater
1021 4900 1184 4939 unum
1217 4903 1421 4945 sumus.
1473 4893 1652 4950 Unum
1701 4906 1893 4955 natura
1923 4918 2030 4958 non

446 4979 586 5019 .unus
618 4982 671 5019 Ill
699 4981 948 5036 persona.

516 5054 655 5148 Dicit
679 5056 728 5110 ei
762 5057 1045 5148 Philippus
1087 5064 1193 5121 hoc
1241 5081 1349 5123 non
1400 5070 1739 5145 intelligens:
1792 5078 2030 5148 Domine,

449 5145 660 5240 ostende
682 5146 1102 5240 nobis_Patrem,
1131 5166 1180 5208 et
1206 5157 1392 5227 sufficit
1432 5162 1596 5218 nobis.
1635 5164 1798 5232 Quasi
1829 5145 2033 5240 aliquid

446 5232 640 5293 melius
661 5244 804 5290 esset
824 5236 988 5294 Pater
1012 5257 1176 5312 quam
1198 5244 1367 5311 Filius
1389 5249 1444 5303 in
1469 5253 1623 5322 cujus
1656 5265 1800 5312 esset
1826 5232 2033 5317 visi-one

522 5506 688 5601 Tanto
730 5519 959 5582 tempore
999 5515 1260 5577 vobiscum
1302 5537 1441 5588 sum,
1489 5533 1540 5578 et
1580 5543 1684 5583 non
1727 5535 2035 5601 cognovistis

448 5609 530 5647 me
551 5596 577 5648 2
608 5597 723 5653 Νοη
750 5604 1079 5674 cognovistis
1102 5624 1189 5666 me
1217 5625 1337 5668 esse
1363 5613 1417 5668 in
1442 5613 1622 5683 Patre,
1649 5629 1704 5673 et
1732 5596 1949 5679 Patrem
1980 5626 2034 5680 in

451 5698 559 5749 me,
588 5688 873 5763 Philippe?

2134 3271 2281 3341 quod
2304 3270 2581 3341 sequitur:
2615 3267 2781 3322 Amen
2817 3284 2970 3321 amen
2999 3268 3115 3320 dico
3166 3266 3326 3333 vobis,
3363 3268 3454 3337 qui
3481 3264 3643 3320 credit
3670 3267 3738 3320 in

2133 3340 2236 3425 me,
2265 3375 2422 3429 opera
2445 3340 2562 3425 qua:
2589 3374 2683 3429 ego
2714 3356 2854 3426 facio
2882 3365 2929 3410 et
2969 3357 3076 3427 ipse
3096 3355 3272 3425 faciet,
3306 3365 3355 3410 et
3382 3356 3590 3427 majora
3634 3356 3739 3409 ho-

2136 3468 2251 3505 rum
2278 3451 2455 3521 faciet,
2485 3451 2609 3522 quia
2639 3465 2732 3520 ego
2762 3449 2831 3503 ad
2860 3449 3076 3503 Patrem
3105 3449 3239 3502 vado
3259 3488 3271 3502 .
3318 3448 3437 3504 Non
3464 3462 3523 3503 se
3560 3446 3740 3503 extol-

2135 3543 2209 3597 lat
2228 3558 2419 3597 servus
2446 3557 2610 3612 super
2646 3541 2944 3606 dominum,
2977 3556 3077 3594 nec
3102 3540 3396 3610 discipulus
3422 3554 3584 3609 super
3611 3553 3737 3593 ma-

2134 3636 2383 3706 gistrum.
2416 3634 2617 3705 Majora
2653 3648 2817 3704 quam
2871 3634 2985 3703 ipse
3037 3632 3168 3686 facit
3194 3633 3330 3687 dixit
3357 3648 3452 3688 eos
3492 3648 3616 3688 esse
3647 3632 3737 3687 fa-

2134 3735 2339 3792 cturos,
2368 3727 2464 3782 sed
2497 3727 2614 3782 sine
2654 3726 2763 3791 illo,
2794 3734 2856 3780 ut
2912 3726 2966 3779 in
3017 3726 3366 3795 sequentibus
3411 3724 3566 3790 dixit,
3598 3727 3738 3796 quid

2132 3827 2426 3889 potuerunt
2455 3816 2668 3873 facere?
2695 3817 2800 3873 Sed
2830 3833 2950 3887 qua:
2973 3826 3099 3872 sunt
3121 3819 3334 3873 tandem
3357 3819 3459 3873 ista
3485 3817 3689 3887 majora
3710 3821 3739 3875 ?

2134 3912 2216 3966 An
2239 3910 2378 3965 forte
2400 3910 2542 3979 quod
2567 3924 2742 3980 aegros
2762 3909 2894 3978 ipsis
2920 3909 3322 3964 transeuntibus
3348 3909 3510 3963 etiam
3535 3923 3733 3965 eorum

2132 4003 2325 4057 umbra
2351 4001 2565 4056 sanabit
2585 4002 2609 4054 ?
2628 4000 2797 4070 Majas
2818 4008 2901 4055 est
2922 4000 3065 4053 enim
3098 4007 3155 4053 ut
3179 4009 3333 4055 sanet
3353 4001 3540 4056 umbra
3561 4016 3735 4071 quam

2135 4092 2366 4157 ﬁmbria,
2402 4091 2531 4146 illud
2577 4106 2674 4161 per
2707 4105 2786 4156 se,
2832 4091 2935 4145 hoc
2963 4104 3059 4160 per
3087 4090 3250 4159 ipsos,
3304 4092 3400 4146 sed
3439 4099 3739 4163 utrumque

2135 4186 2191 4240 in
2214 4200 2273 4239 se
2296 4201 2310 4251 ;
2344 4184 2429 4238 vel
2450 4182 2653 4253 majora
2676 4194 2802 4239 sunt
2826 4200 2990 4255 opera
3012 4187 3376 4255 apostolorum
3402 4189 3457 4243 in
3484 4190 3735 4244 omnium

2135 4277 2374 4348 gentium
2401 4275 2593 4342 salute,
2625 4291 2786 4344 quam
2811 4276 3013 4331 Christi
3052 4279 3424 4334 tantummodo
3451 4279 3508 4334 in
3554 4281 3738 4336 salute

2133 4368 2461 4435 Iudaeorum,
2492 4378 2548 4425 et
2574 4369 2677 4424 hoc
2702 4370 2754 4423 in
2791 4370 3153 4441 paucissimis.
3203 4371 3407 4427 Tamen
3435 4384 3737 4446 utrumque

2053 4483 2108 4543 Β
2134 4469 2188 4516 et
2215 4460 2302 4514 ille
2332 4459 2477 4524 fecit,
2505 4468 2560 4515 et
2589 4460 2815 4516 salutem
2865 4460 3163 4532 aliquorum
3196 4461 3248 4516 in
3295 4461 3479 4519 Iudaea
3522 4481 3621 4535 per
3646 4483 3732 4532 se,

2132 4559 2188 4605 et
2215 4550 2442 4604 salutem
2487 4550 2723 4621 gentium
2759 4567 2855 4620 per
2905 4550 3217 4620 apostolos:
3272 4551 3383 4608 Nec
3430 4555 3602 4613 solum
3631 4572 3738 4627 per

2133 4640 2425 4709 apostolos,
2479 4639 2573 4694 sed
2613 4648 2667 4695 et
2718 4656 2814 4710 per
2862 4641 2998 4696 alios
3050 4657 3268 4712 quoque
3315 4645 3732 4714 praedicatores.

2135 4730 2290 4786 Unde
2318 4731 2596 4801 subjunxit
2619 4739 2674 4785 et
2701 4733 2813 4785 ait:
2862 4730 2968 4796 Qui
3005 4735 3169 4788 credit
3192 4734 3247 4787 in
3291 4751 3374 4789 me
3422 4753 3579 4806 opera
3608 4755 3735 4806 quae

2134 4835 2225 4888 ego
2256 4819 2395 4887 facio
2433 4830 2480 4872 et
2524 4819 2633 4890 ipse
2658 4819 2834 4889 faciet,
2852 4821 3116 4891 etmajora
3158 4822 3345 4876 [torum
3390 4824 3566 4893 faciet.
3608 4825 3733 4884 Non

2136 4925 2244 4979 quo
2270 4908 2442 4978 major
2473 4911 2544 4965 sit
2590 4912 2848 4981 magistro
2893 4912 3208 4983 discipulus,
3237 4914 3323 4969 vel
3362 4914 3582 4971 domino
3607 4933 3731 4973 ser.-

2137 5013 2258 5059 vus,
2299 5007 2353 5053 et
2380 5000 2665 5070 adoptatus
2693 5002 2989 5073 unigenito,
3032 5011 3088 5058 et
3109 5003 3272 5059 homo
3301 5005 3429 5071 Deo,
3458 5007 3550 5061 sed
3581 5007 3734 5077 quod

2137 5103 2235 5157 per
2258 5088 2375 5145 illos
2400 5090 2515 5160 ipse
2541 5090 2854 5161 dignaretur
2874 5094 3063 5148 eadem
3102 5095 3305 5165 majora
3341 5094 3536 5151 facere.
3574 5097 3738 5154 Unde

2137 5176 2342 5247 majora
2372 5181 2675 5251 potuissent
2715 5199 2837 5238 mox
2881 5186 3118 5240 ostendit
3152 5187 3376 5243 dicens:
3431 5186 3536 5254 Qui
3562 5190 3743 5245 credit

2137 5268 2192 5322 in
2223 5286 2302 5323 me
2328 5286 2483 5342 opera
2505 5288 2623 5342 qua:
2647 5289 2739 5343 ego
2783 5274 2922 5341 facio
2973 5286 3020 5329 et
3067 5275 3176 5346 ipse
3223 5277 3396 5346 faciet,
3434 5289 3481 5333 et
3516 5278 3736 5349 majora

2136 5358 2323 5413 horum
2352 5360 2527 5430 faciet.
2551 5363 2821 5419 Continuo
2858 5376 3077 5422 secutus
3120 5368 3405 5438 adjunx-it:
3448 5368 3587 5436 Quia
3626 5388 3734 5443 ego

2136 5449 2205 5502 ad
2240 5449 2452 5506 Patrem
2483 5455 2633 5509 vado.

2208 5539 2279 5594 Et
2327 5544 2670 5616 quodcunque
2695 5549 2945 5617 petieritis
2994 5551 3047 5603 in
3097 5554 3305 5606 nomine
3347 5569 3479 5619 meo,
3508 5553 3609 5608 hoc
3633 5554 3728 5623 fa-

2138 5631 2293 5686 ciam.
2323 5633 2424 5701 Qui
2450 5636 2602 5702 dixit,
2655 5638 2831 5708 faciet,
2878 5650 2999 5711 post
3026 5642 3123 5706 ait,
3179 5644 3393 5712 faciam.
3443 5645 3737 5715 Tanquam

2141 5721 2381 5780 diceret:
2416 5724 2531 5781 Non
2564 5728 2717 5783 vobis
2763 5730 2867 5786 hoc
2920 5731 3250 5803 impossibile
3294 5735 3580 5801 videatur;
3615 5752 3738 5795 non
