3962 6180
249 233 345 287 ιοι

1323 227 1628 283 uouth
1671 227 1737 282 IN
1780 198 2031 283 EVANC.
2077 228 2162 282 ET
2204 227 2419 283 EPIST.

3416 231 3522 287 202

248 349 391 403 enim
411 345 613 417 poterit
637 359 763 400 esse
806 343 979 414 major
1019 358 1106 398 me
1130 342 1220 412 qui
1248 342 1423 399 credit
1463 343 1517 397 in
1560 357 1681 398 me:
1721 341 1841 397 ideo
1869 345 1914 404 A
1938 342 2089 411 juxta
2115 342 2258 411 quod
2288 342 2485 395 Paulus
2513 342 2607 407 ait,
2657 341 2889 395 Teutatio
2923 358 3014 395 nos
3044 358 3147 396 non
3177 347 3528 414 apprehendat

251 442 451 509 majora
481 455 588 494 non
616 455 717 510 per
744 454 807 493 sc
834 437 981 502 facit,
1029 438 1125 492 sed
1154 452 1253 506 per
1295 451 1383 491 me
1407 436 1501 506 qui
1526 437 1582 489 in
1608 448 1696 489 me
1724 448 1842 490 crc-

253 536 345 588 dit.
378 531 488 587 Nec
509 541 596 587 est
617 530 856 585 defectio
884 528 1189 599 potestatis.
1236 527 1331 582 sed
1373 526 1651 581 miseratio
1674 524 1847 596 pieta-

251 628 339 681 tis.
368 625 532 679 Dives
556 639 688 694 ergo
722 623 793 677 ab
816 637 882 676 eo
928 620 1154 675 recessit
1180 620 1371 681 tristis,
1422 633 1530 673 non
1579 616 1845 686 recipiens

249 716 412 770 verba
461 713 692 777 salutis;
738 710 998 781 apostolis
1041 708 1205 779 igitur
1232 705 1667 776 prmdicantibus,
1692 702 1845 758 multi

250 806 445 860 divites
473 804 790 874 pauperiem
839 800 1115 856 voluntate
1157 798 1327 852 secuti
1378 804 1505 851 sunt
1529 815 1559 847 ρ
1593 796 1667 847 ita
1702 793 1846 863 quod

250 897 316 949 ah
336 896 431 949 illo
453 895 683 949 audiens
712 907 853 946 unus
904 906 1007 945 non
1054 888 1201 953 fecit,
1251 886 1495 941 fecerunt
1540 884 1690 938 tuulti
1722 900 1845 937 cum

251 986 569 1055 loqueretur
598 999 695 1053 per
721 981 1015 1052 discipulos
1044 979 1304 1048 magister
1342 977 1538 1031 bonus.
1568 975 1708 1029 Ecce
1734 989 1847 1027 ina-

247 1079 364 1149 jora
394 1078 527 1133 fecit
552 1077 879 1147 przedicatus
900 1090 930 1127 a
956 1071 1305 1128 credentibus
1327 1084 1491 1140 quam
1512 1067 1723 1121 locutus
1748 1082 1846 1120 au-

249 1170 549 1231 dientibus,
579 1167 675 1222 sed
696 1168 797 1220 hoc
816 1181 917 1235 per
952 1163 1359 1233 praedicatores.
1387 1158 1639 1227 Nunquid
1661 1172 1851 1213 omnes

249 1258 342 1328 qui
370 1257 607 1313 credunt
637 1256 689 1310 in
711 1270 834 1309 eum
860 1253 1244 1324 praedicatores
1274 1249 1444 1305 sunt?
1483 1248 1689 1302 Tamen
1719 1247 1852 1302 dicit

251 1348 342 1419 qui
373 1346 608 1401 credunt
652 1346 707 1400 in
762 1359 889 1398 eum
932 1358 1096 1413 opera
1150 1342 1341 1396 facere.
1377 1338 1600 1409 majora.
1640 1338 1695 1394 lu
1748 1340 1852 1394 hoc

250 1455 418 1510 opere
466 1438 590 1492 fidei
643 1437 904 1491 faciemus
942 1450 1107 1504 opera
1152 1431 1376 1496 Christi,
1408 1431 1535 1500 quia
1575 1439 1629 1484 et
1676 1430 1850 1499 ipsum

251 1532 481 1586 credere
506 1531 565 1584 in
594 1528 873 1583 Christum
898 1542 1035 1596 opus
1061 1534 1141 1580 est
1173 1541 1187 1589 ;
1235 1524 1487 1579 Christus
1515 1532 1697 1578 autem
1724 1536 1851 1590 ope-

254 1634 407 1679 ratur
437 1625 488 1678 in
521 1624 699 1686 nobis,
732 1637 841 1675 non
870 1621 1053 1690 utique
1093 1620 1210 1673 sine
1243 1617 1420 1672 nobis.
1452 1615 1611 1670 Prius
1647 1630 1746 1686 ego
1772 1615 1850 1669 fa-

1947 434 2048 488 nisi
2074 434 2327 498 humana,
2360 434 2461 487 hoc
2487 442 2588 499 cst,
2620 449 2684 488 ea
2710 433 2820 489 sola
2849 450 3010 504 quam
3048 435 3279 490 humana
3306 436 3532 493 infirmi-

1948 533 2030 579 tas
2057 524 2122 578 ad
2150 524 2412 594 integrum
2447 523 2714 578 declinare
2741 539 2846 578 non
2873 531 3070 592 potest.
3219 541 3234 582 t
3268 564 3275 569 -

2020 613 2123 668 Sed
2146 625 2193 667 et
2224 616 2269 668 si
2293 616 2408 684 quis
2433 615 2741 684 peccaverit,
2769 614 3078 669 advocatum
3117 616 3365 671 habemus
3394 620 3535 688 apud

1952 700 2165 758 Patrem
2214 704 2399 757 Jesum
2434 702 2700 759 Christum
2739 706 2966 775 justum.
3028 707 3160 762 Vide
3210 706 3447 762 Joannes
3482 710 3536 762 in

1950 808 2209 864 quantum
2242 806 2421 878 servet
2453 797 2835 862 humilitatem,
2868 813 3028 867 quam
3058 798 3233 853 docet.
3268 800 3427 856 Certe
3457 801 3540 855 vir

1942 886 2124 955 justus
2148 896 2289 954 erat,
2317 896 2373 942 et
2397 904 2624 958 magnus
2643 890 2734 957 qui
2765 890 2830 944 de
2860 897 3077 957 pectore
3103 890 3308 943 Domini
3344 899 3541 961 myste-

1953 977 2155 1031 riormn
2182 986 2391 1032 secreta
2422 979 2658 1034 bibebat.
2703 978 2818 1032 Non
2844 986 3023 1033 tamen
3058 980 3193 1033 dixit
3227 982 3538 1036 advocatum

1952 1084 2033 1120 me
2057 1065 2258 1121 habetis
2282 1068 2422 1136 apud
2449 1067 2684 1129 Patrem,
2722 1068 2812 1121 sed
2856 1068 3186 1135 advocatum,
3216 1070 3411 1140 inquit,
3440 1072 3538 1125 Ita-

1951 1159 2171 1224 bemus;
2199 1172 2306 1212 non
2337 1158 2492 1222 dixit,
2539 1158 2756 1211 habetis.
2808 1158 2994 1214 Maluit
3019 1174 3077 1214 se
3123 1176 3322 1230 ponere
3358 1162 3408 1214 in
3442 1177 3542 1215 nn-

1951 1266 2102 1306 mero
2140 1261 2504 1321 peccatorum,
2552 1260 2609 1305 ut
2637 1251 2862 1306 haberet
2891 1252 3212 1306 advocatum
3241 1251 3540 1317 Christum,

1953 1356 2116 1410 quam
2141 1356 2342 1411 ponere
2369 1358 2427 1397 se
2454 1357 2552 1413 pro
2578 1342 2792 1398 Christo
2840 1344 3161 1399 advocatum
3204 1353 3260 1399 et
3312 1344 3542 1399 inveniri

1954 1435 2094 1489 inter
2120 1435 2455 1490 damnandos
2511 1438 2793 1506 superbos.
2844 1436 2957 1492 Nec
3005 1447 3181 1492 tamen
3232 1437 3542 1502 dicendum,

1952 1525 2079 1593 quia
2102 1525 2336 1595 episcopi
2373 1526 2454 1581 vel
2499 1526 2772 1596 praepositi
2803 1542 2911 1581 non
2956 1536 3144 1597 petant
3184 1542 3281 1597 pro
3310 1529 3545 1598 populo;

1953 1626 2075 1670 orat
2099 1617 2243 1670 enim
2272 1616 2563 1686 Apostolus
2595 1632 2694 1686 pro
2721 1616 2898 1687 plebe,
2942 1627 3063 1672 orat
3101 1618 3253 1687 plebs
3282 1635 3381 1689 pro
3407 1618 3549 1689 Apo-

250 1719 339 1773 cio
367 1717 709 1786 praeveniens
725 1710 1181 1784 gratiam,dcinde
1232 1719 1287 1763 et
1337 1709 1451 1778 ipse
1504 1707 1636 1763 facit
1665 1707 1852 1762 subse-
1883 1694 1927 1751 Β
1954 1708 2115 1772 stnlo,
2145 1708 2239 1779 qui
2270 1708 2422 1772 dicit,
2459 1719 2666 1762 orantes
2702 1707 2861 1762 simul
2905 1718 2954 1762 et
2977 1726 3073 1778 pro
3113 1709 3279 1774 nobis,
3324 1720 3379 1764 ut
3406 1710 3549 1766 Deus

252 1826 427 1880 quens
452 1809 707 1880 gratiam,
734 1806 860 1875 quia
884 1803 1027 1875 faeno
1072 1810 1130 1857 ut
1162 1801 1345 1857 faciat.
1376 1800 1505 1867 Qua:
1530 1814 1717 1870 opera,
1747 1797 1852 1852 nisi

253 1911 311 1954 ut
336 1916 404 1955 ex
436 1899 604 1968 Impio
652 1895 833 1965 justus
859 1894 997 1948 liat?
1039 1892 1293 1948 Fortasse
1342 1889 1517 1960 majus
1563 1898 1648 1945 est
1678 1905 1848 1960 opera

254 1990 450 2043 salutis
472 1997 675 2043 nostrae
707 2001 805 2040 nos
823 2000 920 2055 per
954 1985 1130 2054 ipsum
1155 1982 1352 2045 facere,
1383 1997 1547 2051 quam
1579 1981 1741 2036 verba
1765 1996 1852 2036 sa-

258 2081 384 2134 lutis
409 2079 735 2149 praedicare,
761 2076 905 2145 quod
931 2076 1044 2145 ipse
1082 2075 1211 2129 fecit
1238 2075 1355 2129 sine
1384 2074 1561 2138 nobis,
1587 2074 1713 2127 dum
1737 2074 1854 2127 haec

255 2171 391 2224 dixit
418 2188 431 2222 :
461 2168 601 2233 Quia
632 2183 726 2237 ego
752 2171 822 2219 ad
852 2164 1067 2219 Patrem
1101 2166 1253 2219 vado.
1297 2164 1365 2217 EI
1405 2164 1747 2234 quodcunque
1767 2179 1856 2232 pe-

255 2258 444 2311 tieritis
472 2258 529 2309 in
560 2257 767 2309 nomine
801 2272 936 2318 meo,
966 2255 1063 2310 hoc
1087 2253 1304 2324 faciam.
1326 2253 1383 2306 ln
1408 2254 1493 2308 his
1526 2253 1706 2307 verbis
1743 2267 1857 2305 ma-

258 2364 418 2420 gnam
450 2364 603 2418 spem
629 2347 880 2417 promisit
899 2346 1199 2401 orantibus.
1230 2345 1321 2400 Sic
1352 2361 1481 2417 ergo
1517 2346 1753 2414 perrexit
1786 2345 1857 2400 ad

259 2438 500 2502 Patrem,
530 2449 584 2490 ut
617 2452 723 2492 non
772 2436 1104 2507 relinqueret
1152 2432 1473 2507 indigentes,
1519 2436 1616 2491 sed
1644 2436 1856 2491 audiret

260 2538 532 2599 petentes.
574 2527 778 2583 Tamen
818 2543 926 2582 non
962 2527 1145 2581 omnia
1184 2535 1451 2597 petentes,
1492 2527 1588 2582 sed
1621 2540 1742 2595 quae
1790 2525 1858 2580 ad

260 2621 496 2677 salutem
556 2621 831 2691 pertinent
864 2621 1184 2689 petentium.
1247 2619 1373 2674 Ideo
1411 2619 1550 2674 dixit
1582 2637 1593 2672 :
1637 2616 1695 2672 Si
1733 2617 1858 2688 quid

257 2712 515 2783 petieritis
545 2728 625 2765 me
644 2713 699 2766 in
727 2712 935 2765 nomine
955 2727 1089 2776 meo,
1118 2711 1215 2763 Itoc
1259 2711 1472 2779 faciant.
1514 2707 1654 2776 Quid
1686 2717 1770 2762 est
1804 2708 1860 2762 in

260 2802 483 2857 nomine
506 2800 675 2855 meo?
704 2800 808 2855 nisi
834 2800 888 2853 in
911 2799 1129 2854 nomine
1158 2797 1479 2852 Salvatoris.
1509 2796 1567 2851 Si
1596 2795 1862 2865 petieritis

260 2907 386 2962 qua:
412 2891 484 2946 ad
506 2890 738 2945 salutem
778 2890 1051 2959 pertinent
1080 2888 1254 2952 vobis,
1288 2887 1340 2940 in
1381 2887 1596 2941 nomine
1622 2901 1743 2940 meo
1771 2900 1857 2955 pe-

264 2985 481 3040 tieritis.
514 2982 743 3050 Quando
777 2982 921 3036 enim
968 2979 1240 3035 delectant
1285 2978 1426 3032 mala
1469 2987 1523 3032 et
1571 2993 1677 3032 non
1721 2976 1861 3031 dele-

1953 1800 2154 1868 aperiat
2180 1797 2325 1852 nobis
2352 1798 2543 1852 ostium
2587 1798 2746 1852 verbi.
2791 1798 2860 1853 Et
2885 1813 2983 1868 pro
3025 1798 3188 1854 Petro
3226 1800 3419 1855 orabat
3447 1800 3553 1858 Ec-

1951 1890 2114 1945 clesia
2140 1906 2265 1945 cum
2294 1898 2440 1946 esset
2464 1890 2519 1944 in
2544 1890 2775 1945 vinculis
2804 1890 3020 1955 Petrus,
3054 1898 3111 1945 et
3130 1892 3385 1947 exaudita
3420 1900 3505 1948 est
3529 1909 3545 1957 ;

1954 1980 2224 2050 quomodo
2247 1989 2303 2035 et
2330 1980 2523 2036 Petrus
2549 1995 2648 2050 pro
2671 1980 2910 2037 Ecclesia
2935 1998 2947 2034 :
2977 1980 3102 2050 quia
3131 1981 3310 2036 omnia
3342 1996 3442 2052 pro
3464 1983 3553 2037 iu-

1955 2073 2127 2128 vicem
2156 2074 2400 2128 membra
2424 2081 2600 2138 orant,
2645 2080 2809 2143 caput
2837 2089 2936 2144 pro
2969 2074 3220 2130 omnibus
3248 2075 3553 2147 interpellat

1955 2166 2022 2221 de
2047 2181 2156 2235 quo
2192 2166 2455 2235 scriptum
2484 2172 2588 2229 est,
2623 2163 2727 2230 Qui
2773 2175 2847 2218 est
2894 2166 2963 2218 ad
3010 2165 3277 2220 dexteram
3315 2166 3434 2230 Dei,
3464 2168 3555 2236 qui

1954 2257 2114 2310 etiam
2138 2255 2434 2326 interpellat
2460 2273 2554 2327 pro
2597 2256 2763 2310 nobis.
2799 2255 3087 2325 Unigenito
3110 2256 3255 2311 enim
3299 2257 3434 2311 Filio
3459 2274 3554 2327 pro

1957 2348 2174 2403 homine
2223 2347 2585 2416 interpellare,
2641 2354 2726 2401 est
2775 2347 2916 2415 apud
2964 2355 3291 2402 coacternum
3340 2348 3552 2402 Patrem

1958 2455 2195 2509 seipsum
2225 2440 2599 2495 demonstrare
2623 2456 2638 2505 ;
2672 2439 2832 2508 eique
2860 2453 2960 2508 pro
2988 2439 3224 2494 humana
3251 2454 3444 2492 natura
3470 2453 3557 2493 ro-

1959 2547 2137 2602 gasse,
2175 2538 2261 2588 est
2288 2532 2533 2586 eamdem
2574 2539 2823 2585 naturam
2851 2531 2905 2584 in
2937 2530 3234 2585 divinitatis
3261 2546 3371 2585 sua:
3393 2530 3555 2585 celsi-

1962 2621 2203 2676 tudinem
2230 2622 2552 2691 suscepisse.
2593 2614 2903 2690 lnterpellat
2946 2620 3109 2691 igitur
3147 2635 3247 2689 pro
3269 2621 3426 2675 nobis
3456 2619 3561 2674 Do-

1962 2715 2143 2769 minus
2172 2729 2279 2768 non
2304 2730 2438 2769 voce
2466 2714 2560 2769 sed
2589 2703 2956 2777 miseratione,
2981 2713 3110 2783 quia
3134 2712 3276 2783 quod
3301 2713 3562 2769 damnare

1965 2804 2017 2857 in
2048 2804 2233 2859 electis
2277 2804 2451 2859 noluit
2476 2804 2818 2873 suscipiendo
2868 2803 3122 2859 servavit.
3178 2803 3246 2857 Et
3273 2804 3411 2859 bene
3436 2819 3557 2859 cum

1964 2896 2168 2950 diceret
2206 2897 2525 2951 advocatum
2558 2910 2665 2959 nos,
2685 2896 2825 2966 apud
2863 2894 3082 2949 Patrem
3134 2895 3337 2950 habere
3376 2895 3559 2950 Jesum

1965 2986 2263 3051 Christum,
2306 2986 2457 3041 addit
2501 2985 2726 3055 justum.
2778 2984 2966 3040 Justus
3009 3000 3242 3055 namque
3268 2986 3562 3040 advocatus

263 3083 416 3130 ctant
461 3074 626 3139 bona,
668 3086 857 3142 rogare
908 3071 1088 3141 potius
1118 3069 1380 3124 debemus
1433 3068 1602 3123 Deum
1633 3076 1691 3121 ut
1719 3067 1858 3121 delc-

1973 3078 2204 3147 injustas
2230 3093 2425 3132 causas
2448 3092 2557 3131 non
2586 3077 2848 3148 suscipit;
2906 3077 2995 3145 qui
3046 3087 3226 3132 tamen
3264 3077 3440 3146 justus
3464 3078 3557 3131 dc-

263 3174 416 3220 ctent
440 3165 581 3220 bona
598 3176 761 3232 quam
774 3170 832 3215 ut
855 3161 1219 3216 concedantur
1242 3158 1399 3214 mala.
1424 3158 1523 3225 Qui
1552 3174 1681 3228 ergo
1699 3157 1873 3212 credit

269 3256 322 3308 in
350 3269 507 3317 eum,
536 3254 899 3324 quodcunque
918 3251 1135 3321 petierit
1163 3251 1219 3303 in
1249 3250 1468 3304 nomine
1495 3249 1637 3317 quod
1659 3257 1741 3302 est
1765 3248 1869 3302 illis

267 3345 451 3398 datum
479 3344 575 3413 qui
604 3342 834 3398 credunt
875 3334 1103 3408 in'eum,
1134 3341 1236 3395 hoc
1265 3338 1418 3404 facit,
1462 3354 1570 3408 quo
1591 3339 1695 3393 hoc
1730 3340 1869 3393 sicut

270 3436 521 3492 Salvator
546 3433 697 3490 facit.
739 3433 799 3489 Si
826 3442 1004 3488 autem
1053 3432 1143 3503 qui
1195 3432 1249 3486 in
1275 3446 1399 3486 eum
1428 3431 1618 3495 credit,
1664 3430 1865 3499 aliquid

268 3546 364 3599 per
390 3528 755 3597 ignorantiam
794 3534 983 3581 contra
1017 3524 1245 3579 salutem
1271 3537 1425 3577 suam
1469 3523 1625 3591 petit,
1658 3536 1767 3574 non
1799 3520 1853 3574 in

273 3622 488 3676 nomine
519 3619 823 3676 Salvatoris
858 3616 1014 3688 petit,
1062 3614 1188 3684 quia
1218 3612 1471 3668 Salvator
1500 3613 1551 3666 ei
1580 3627 1687 3666 non
1716 3610 1822 3666 erit
1846 3628 1860 3677 ;

269 3711 313 3765 si
356 3710 484 3780 quis
528 3707 649 3776 ejus
698 3706 925 3761 salutem
980 3703 1176 3774 impedi
1235 3702 1442 3767 fecerit,
1478 3717 1583 3755 non
1619 3710 1705 3755 est
1750 3698 1867 3769 ejus

273 3803 541 3858 Salvator.
573 3802 717 3870 Quid
755 3800 948 3856 melius
973 3809 1065 3853 aut
1093 3798 1222 3867 quid
1265 3798 1438 3869 magis
1465 3798 1620 3852 nobis
1648 3799 1863 3867 prodest

270 3913 428 3966 quam
462 3895 826 3965 nosmetipsos
861 3891 1101 3948 salvari?
1126 3891 1247 3947 Ideo
1270 3890 1558 3961 petendqu
1581 3902 1664 3946 εει
1690 3897 1748 3943 ut
1776 3889 1867 3943 fiat

272 3988 521 4043 voluntas
548 3988 666 4057 ejus
698 3986 752 4040 in
782 3985 958 4048 nobis,
1003 3984 1095 4055 qui
1124 3982 1257 4037 vivit
1296 3991 1352 4036 et
1378 3990 1567 4052 regnat
1600 3996 1725 4036 cum
1759 3979 1867 4034 Deo

275 4080 428 4136 Patre
454 4081 510 4134 in
552 4078 760 4132 unitate
782 4075 1017 4145 Spiritus
1040 4074 1211 4130 sancti
1240 4075 1402 4139 Deus,
1433 4087 1531 4142 per
1555 4070 1737 4125 omnia
1764 4085 1867 4125 sa:-

277 4172 391 4225 cula
413 4169 762 4226 Str-culorum.
787 4167 978 4221 Amen.

816 4278 1096 4336 llOMlLlA
1134 4276 1329 4333 XXXI.

942 4366 1099 4404 FEBIA
1129 4365 1202 4403 IV.

489 4444 683 4499 Lectio
708 4441 959 4512 Epistolas:
983 4442 1127 4497 beati
1157 4438 1379 4495 Joannis
1406 4442 1652 4511 apostoli.

341 4535 682 4592 Charissimi,
712 4533 822 4586 lucc
842 4532 1009 4585 scribo
1034 4529 1176 4585 vobis
1197 4540 1254 4584 ut
1283 4546 1385 4584 non
1422 4534 1659 4601 peccetis,
1682 4541 1790 4588 etc.

348 4617 470 4671 Non
515 4618 624 4672 sibi
666 4620 778 4686 ipse
810 4623 1122 4674 contrarius
1157 4631 1240 4677 est
1271 4623 1364 4691 qui
1410 4637 1575 4692 supra
1599 4639 1706 4677 non
1740 4626 1860 4680 sine

284 4721 506 4780 peccato
564 4725 669 4763 nos
710 4712 893 4766 vivere
941 4712 1284 4781 perhibebat,
1330 4731 1477 4770 nunc
1523 4725 1703 4770 autem
1738 4717 1859 4771 ideo

278 4803 514 4856 scribere
542 4814 606 4855 se
631 4798 786 4854 nobis
807 4799 956 4864 dicit,
987 4807 1047 4854 ut
1069 4815 1174 4853 non
1202 4814 1506 4870 peccemus.
1538 4799 1643 4856 Sed
1669 4800 1741 4855 ibi
1769 4818 1867 4858 nos

279 4890 588 4947 necessarie
624 4889 953 4958 providendo
983 4888 1274 4943 salubriter
1316 4897 1516 4943 nostra:
1556 4889 1865 4961 fragilitatis

280 4980 577 5042 admonuit,
611 4994 680 5033 ne
706 4979 828 5047 quis
856 4979 956 5033 sibi
982 4979 1135 5049 quasi
1166 4980 1426 5034 innocens
1466 4980 1693 5049 placeat,
1726 4990 1782 5035 et
1808 4998 1866 5037 se

281 5072 343 5123 de
369 5071 581 5125 meritis
605 5070 914 5125 extollendo
954 5070 1074 5141 plus
1103 5080 1307 5140 pereat,
1339 5072 1427 5126 hic
1472 5083 1864 5142 consequenter

280 5159 527 5215 hortatur
548 5170 612 5213 ut
645 5161 690 5215 si
741 5161 888 5216 omni
937 5162 1091 5230 culpa
1130 5177 1318 5216 carere
1347 5164 1647 5232 nequimus,
1678 5165 1867 5220 demus

284 5258 458 5304 tamen
487 5265 711 5320 operam
741 5262 996 5320 quantam
1022 5252 1285 5316 valemus,
1322 5267 1386 5306 ne
1415 5269 1516 5308 nos
1539 5254 1635 5323 ipsi
1666 5253 1871 5324 fragili-

282 5348 391 5394 tate
414 5350 617 5395 nostra!
658 5342 983 5397 conditionis
1008 5342 1338 5413 negligenter
1362 5345 1567 5413 agendo
1605 5346 1868 5408 vivamus,

284 5433 373 5485 sed
396 5441 588 5487 contra
632 5433 813 5486 omnia
852 5434 980 5487 vitia
1018 5443 1237 5489 strenue
1285 5436 1673 5506 vigilanterque
1707 5437 1870 5492 dimi-

282 5537 488 5587 cemus,
518 5523 755 5579 maxime
799 5522 1002 5592 majora
1049 5534 1103 5579 et
1142 5528 1429 5595 apertiora,
1462 5543 1599 5598 qum,
1647 5528 1870 5598 juvante

286 5609 535 5670 Domino.
581 5612 789 5667 facilius
838 5630 1094 5683 superare
1140 5626 1195 5671 et
1244 5633 1435 5671 cavere
1484 5620 1777 5679 valeamus,
1812 5631 1870 5673 ut

530 5705 803 5762 Parant.
849 5704 892 5763 C
906 5706 984 5761 Χ.

1973 3169 2142 3222 fendit
2170 3170 2220 3222 in
2245 3169 2474 3238 judicio,
2504 3168 2550 3223 si
2591 3169 2952 3237 nosmetipsos
2980 3169 3360 3238 cognoscimus
3383 3179 3437 3224 et
3467 3186 3561 3223 ac-

1969 3274 2225 3315 cusamus
2252 3259 2501 3328 injustas.
2525 3258 2634 3314 Cur
2656 3260 2801 3314 enim
2825 3259 3005 3328 justus
3034 3276 3141 3315 non
3184 3260 3276 3324 sit,
3303 3261 3397 3330 qui
3427 3277 3561 3316 con-

1972 3358 2051 3404 tra
2077 3364 2230 3404 suam
2262 3348 2579 3418 injustitiam
2596 3347 2713 3417 jam
2739 3364 2836 3419 per
2863 3349 3132 3420 laerymas
3155 3351 3351 3405 saevit?

2040 3436 2107 3490 Et
2136 3437 2244 3507 ipse
2270 3446 2346 3491 est
2383 3437 2686 3507 propitiatio
2714 3453 2807 3507 pro
2834 3437 3076 3508 peccatis,
3115 3438 3203 3507 qui
3229 3454 3321 3507 per
3344 3437 3559 3494 humili-

1968 3537 2128 3583 tatem
2155 3527 2451 3599 interpellat
2476 3544 2571 3598 pro
2603 3527 2752 3582 nobis
2780 3527 2921 3598 apud
2950 3525 3167 3582 Patrem
3191 3541 3211 3581 :
3239 3528 3297 3584 Id
3339 3538 3440 3592 est,
3464 3543 3566 3599 per

1968 3624 2303 3679 divinitatem
2329 3622 2656 3692 propitiatur
2676 3621 2831 3676 nobis
2855 3636 2977 3675 cum
3004 3620 3186 3675 Patre.

2039 3715 2162 3770 Non
2190 3732 2284 3786 pro
2315 3716 2503 3771 nostris
2528 3723 2699 3767 autem
2727 3721 2952 3775 tantum,
2977 3712 3065 3764 sed
3093 3713 3250 3765 etiam
3285 3728 3382 3782 pro
3406 3713 3564 3767 totius

1967 3808 2170 3862 nmndi.
2203 3807 2318 3862 Non
2343 3822 2443 3875 pro
2468 3806 2573 3860 illis
2601 3805 2771 3859 solum
2807 3805 3118 3873 propitiatio
3155 3811 3241 3859 est
3280 3805 3559 3868 Dominus,

1961 3898 2165 3968 quibus
2186 3906 2312 3952 tunc
2341 3897 2395 3950 in
2431 3909 2596 3951 Came
2638 3895 2946 3949 viventibus
2992 3896 3265 3951 scribebat
3307 3895 3561 3956 Joannes.

1967 3988 2060 4042 sed
2089 3987 2254 4042 etiam
2282 4002 2382 4057 pro
2422 3986 2569 4040 omni
2597 3985 2860 4051 Ecclesia,
2888 4002 3009 4056 qua:
3050 4002 3147 4057 per
3174 3996 3339 4042 totam
3379 3989 3564 4042 mundi

1966 4074 2307 4130 latitudinem
2337 4072 2533 4129 diﬂ'usa
2584 4082 2716 4137 est;
2768 4089 2798 4128 a
2847 4075 3025 4145 primo
3071 4075 3326 4131 nimirum
3372 4077 3566 4132 electio

1970 4181 2139 4237 usque
2173 4167 2240 4221 ad
2281 4165 2533 4220 ultimum
2561 4166 2653 4235 qui
2682 4166 2735 4220 in
2766 4164 2872 4222 fine
2925 4168 3111 4222 mundi
3144 4170 3450 4223 nasciturus
3480 4180 3564 4223 est

1967 4268 2237 4330 porrecta.
2272 4258 2478 4326 Quibus
2522 4260 2703 4313 verbis
2752 4258 3154 4313 Donatistarum
3196 4259 3431 4314 schisma
3480 4276 3565 4315 re-

1900 4396 1946 4455 ο
1970 4350 2185 4421 probat,
2216 4351 2309 4420 qui
2338 4349 2392 4403 in
2419 4347 2615 4403 Africa:
2646 4348 2818 4401 solum
2849 4348 3045 4402 finibus
3069 4347 3363 4401 Ecclesium
3410 4346 3567 4402 Chri-

1972 4442 2042 4497 sti
2070 4441 2320 4497 dicebant
2358 4455 2477 4495 esse
2526 4439 2808 4493 inclusam.
2861 4436 2968 4493 Pro
3014 4436 3178 4491 totius
3203 4451 3334 4508 ergo
3380 4439 3562 4493 mundi

1971 4532 2213 4602 peccatis
2243 4530 2548 4601 interpellat
2586 4528 2863 4591 Dominus,
2904 4529 3032 4598 quia
3076 4543 3173 4598 per
3197 4537 3367 4583 totum
3410 4547 3566 4586 mun—

1973 4626 2100 4679 dum
2130 4633 2214 4679 est
2245 4622 2505 4684 Ecclesia,
2561 4635 2723 4689 quam
2767 4635 2866 4675 suo
2894 4620 3157 4691 sanguine
3204 4624 3560 4691 comparavit.

1974 4716 2159 4786 Neque
2190 4714 2317 4770 huic
2340 4715 2505 4769 verbo
2535 4722 2795 4783 repugnat
2837 4715 2980 4783 quod
3026 4714 3080 4768 in
3112 4716 3462 4784 sequentibus
3489 4716 3568 4769 di-

1976 4807 2054 4861 xit
2088 4825 2100 4860 :
2129 4805 2196 4859 Et
2242 4804 2466 4858 mundus
2510 4814 2649 4857 (eius
2689 4804 2743 4856 in
2792 4803 3043 4873 maligno,
3097 4805 3149 4859 id
3196 4812 3302 4869 est,
3342 4806 3566 4873 antiquo

1972 4896 2139 4959 hosti,
2177 4894 2475 4963 suppositus
2502 4903 2595 4945 est.
2628 4890 2780 4959 Quod
2803 4894 2964 4946 etiam
2989 4909 3088 4964 per
3114 4903 3280 4948 totum
3307 4895 3563 4949 mundum

1972 4995 2096 5040 sunt
2128 4984 2218 5053 qui
2250 4982 2501 5053 maligno,
2529 4982 2578 5035 id
2602 4991 2703 5045 est,
2732 4983 2954 5051 antiquo
2978 4984 3117 5037 hosti
3145 4983 3491 5037 famulentur.

2048 5077 2113 5129 h‘t
2138 5078 2191 5129 in
2215 5077 2311 5128 hoc
2340 5076 2533 5127 scimus
2554 5076 2799 5144 quoniam
2824 5069 3156 5145 cognorimus
3178 5093 3317 5142 eum,
3349 5076 3393 5130 si
3416 5093 3565 5130 matr-

1974 5168 2099 5220 data
2129 5167 2242 5236 ejus
2267 5165 2609 5219 observemus.
2647 5165 2775 5231 Quae
2804 5167 3053 5220 mandata
3084 5167 3227 5221 dicat
3258 5168 3309 5220 in
3340 5182 3565 5237 sequen-

1976 5258 2119 5311 tibus
2143 5257 2331 5325 aperit,
2359 5255 2410 5309 id
2437 5266 2539 5320 est,
2570 5258 2908 5310 cbaritatem.

2047 5346 2150 5411 Qui
2172 5346 2298 5399 dicit
2323 5363 2439 5398 eum
2469 5363 2522 5399 se
2550 5364 2717 5411 nosse,
2750 5357 2797 5399 et
2828 5347 3077 5399 mandata
3105 5348 3219 5416 ejus
3249 5363 3351 5400 non
3382 5356 3561 5400 custo-

1972 5439 2069 5501 dit,
2093 5438 2320 5492 mcndaa:
2340 5449 2414 5491 est
2443 5448 2491 5492 et
2520 5439 2575 5492 in
2598 5455 2657 5492 co
2695 5439 2884 5492 veritas
2932 5456 3033 5492 non
3058 5449 3152 5492 est.
3197 5436 3444 5493 Christus
3473 5454 3566 5491 ve-

1975 5530 2105 5584 ritas
2148 5527 2480 5598 appellatur:
2534 5527 2646 5599 Ego
2677 5545 2814 5592 sum,
2866 5529 3056 5597 inquit,
3103 5528 3183 5581 ria
3225 5536 3271 5579 et
3303 5527 3487 5580 veritas
3514 5538 3561 5581 et

1971 5625 2092 5675 rita.
2137 5620 2356 5674 Frustra
2410 5636 2538 5689 ergo
2573 5621 2727 5673 nobis
2775 5620 2825 5672 in
2880 5635 2946 5671 co
2990 5616 3359 5685 applaudimus
3406 5617 3562 5686 cujus
