3962 6180
506 219 612 272 ξ.ΐὸ

1145 219 1203 273 Β.
1247 220 1493 275 RABANI
1532 222 1744 277 MAURI
1784 221 2099 278 ARCIIIEP.
2143 219 2453 276 MOGUNT.
2495 221 2780 277 OPERUM
2823 221 2998 277 PARS
3038 223 3097 277 Il.
3651 227 3756 282 20b

508 336 757 387 mandata
786 347 893 388 non
937 333 1185 397 facimus,
1236 348 1334 387 nec
1390 335 1590 401 grande
1639 343 1885 402 putemus
1910 348 2076 388 unum
2106 344 2152 402 Α
2182 340 2273 385 tuo
2296 331 2564 401 baptismo
2591 332 2892 400 baptizatus
2916 340 2999 387 est
3028 332 3140 397 ille,
3165 335 3231 387 ad
3259 333 3410 402 cujus
3434 334 3754 405 baptismum

506 427 676 481 Deum
721 437 900 488 nosse,
924 437 1046 478 cum
1071 431 1125 477 et
1152 424 1422 478 dmmoncs
1450 423 1674 477 credant
1717 431 1770 477 et
1795 423 2087 477 contremi-
2183 436 2372 478 omnes
2398 424 2555 479 modo
2589 432 2975 478 convenerunt.

505 523 676 568 scunt.
710 513 847 581 Quid
882 514 950 568 sit
971 521 1147 568 autem
1176 514 1437 567 veraciter
1490 512 1655 567 Deum
1705 528 1864 567 nosse
1895 513 2084 567 subse-
2252 511 2532 583 Respondit
2558 522 2606 567 et
2626 513 2758 566 dixit
2788 526 2807 564 :
2837 513 2958 567 Non
2983 522 3148 583 potest
3170 517 3324 567 homo
3354 531 3587 586 accipere
3608 522 3761 590 quid.

503 611 733 670 quenter
774 602 1008 657 ostendit
1047 601 1231 655 dicens
1264 619 1276 654 ε
1310 600 1414 666 Qui
1448 613 1621 655 autem
1666 609 1831 655 servat
1874 600 2082 653 verbum
2178 617 2353 672 quam,
2387 604 2489 657 nisi
2522 604 2571 657 ei
2600 604 2757 672 fuerit
2783 603 2965 656 datum
3000 604 3064 656 de
3091 603 3239 657 calo.
3295 603 3397 659 Vas
3438 608 3565 662 mitti
3611 612 3761 664 testi-

501 691 634 759 ejus,
666 707 780 744 vere
820 690 876 745 in
913 706 973 744 eo
1010 690 1239 744 charitas
1267 689 1364 744 Dei
1387 691 1611 761 perfecta
1645 699 1738 743 est.
1776 688 1867 743 Ille
1899 690 2080 758 itaque
2177 693 2409 747 monium
2462 693 2738 763 perhibetis
2783 694 2922 764 quod
2975 694 3199 747 dixerint
3252 707 3272 744 :
3330 694 3440 765 Ego
3489 713 3593 753 non
3640 716 3758 755 sum

504 793 628 833 vere
654 778 819 833 Deum
847 778 1014 842 novit,
1045 778 1138 848 qui
1174 778 1289 847 ejus
1322 779 1571 833 mandata
1600 779 1866 838 servando
1894 778 2042 831 chari
2177 781 2449 837 Christus.‘
2462 783 2519 838 Si
2549 799 2668 837 meo
2696 783 3003 838 testimonio
3030 785 3285 849 credatis,
3318 787 3507 842 scitote
3535 802 3623 843 me
3648 804 3756 844 non

502 875 663 921 tatem
684 865 800 935 ejus
823 882 883 922 se
908 868 1108 923 habere
1130 870 1477 939 comprobat;
1506 869 1607 923 hoc
1628 876 1711 922 est
1737 868 1878 921 enim
1906 867 2073 921 Deum
2173 885 2293 926 esse
2330 871 2637 937 Christum;
2671 874 2764 927 sed
2802 872 2949 926 illum
2989 883 3046 927 et
3085 874 3227 929 illius
3264 874 3584 944 baptismum
3608 892 3754 943 esse,

501 972 680 1023 nosse,
706 958 850 1027 quod
896 974 1099 1014 amare.
1144 957 1278 1013 Nam
1314 960 1556 1029 quisquis
1599 974 1720 1013 eum
1767 974 1871 1012 non
1903 966 2071 1023 amat,
2174 958 2227 1012 in
2261 973 2370 1029 quo
2398 961 2647 1014 remissio
2676 968 2761 1016 est
2792 972 3161 1030 peccatorum,
3193 972 3248 1017 et
3273 963 3506 1034 Spiritus
3530 975 3755 1024 sanctus

498 1048 739 1118 profecto
767 1052 999 1105 ostendit
1026 1051 1165 1119 quod
1199 1066 1358 1119 quam
1389 1050 1458 1104 sit
1489 1048 1734 1104 amabilis
1767 1064 1872 1103 non
1901 1048 2067 1111 novit,
2171 1052 2350 1115 datur,
2399 1066 2503 1105 non
2552 1067 2730 1105 meum
2780 1052 2832 1105 in
2870 1067 2978 1123 quo
3019 1055 3389 1109 tantummodo
3432 1057 3752 1125 pmnitentia

497 1155 657 1208 quam
684 1140 753 1194 sit
794 1142 975 1195 suavis
1000 1140 1256 1195 Dominus
1276 1148 1330 1193 et
1356 1139 1526 1194 dulcis
1562 1149 1778 1210 gustare
1802 1154 1865 1193 ac
1887 1138 2069 1192 videre
2168 1141 2416 1205 dabatur,
2442 1149 2498 1196 et
2530 1142 2662 1195 ﬁdes
2692 1143 2745 1194 in
2775 1155 2900 1196 eum
2940 1142 3013 1197 de
3047 1158 3154 1211 quo
3187 1143 3577 1213 querimoniam
3606 1161 3753 1202 nunc

497 1242 601 1281 non
635 1228 840 1294 didicit,
871 1230 959 1297 qui
995 1229 1111 1297 ejus
1147 1228 1355 1298 placere
1400 1229 1779 1298 conspectibus
1813 1228 2065 1283 continua

497 1318 790 1372 intentione
813 1333 916 1371 non
947 1319 1158 1388 satagit.

564 1407 632 1462 Et
662 1410 717 1462 in
742 1409 836 1462 hoc
865 1410 1054 1462 scimus
1080 1425 1322 1479 quamam
1345 1409 1400 1462 in
1439 1411 1550 1478 ipso
1578 1426 1775 1462 sumus.
1809 1407 1911 1473 Qui
1939 1407 2063 1459 dicit

493 1514 546 1551 se
590 1499 644 1552 in
687 1500 797 1569 ipso
839 1515 1074 1563 manere,
1109 1498 1277 1565 debet,
1306 1499 1440 1552 sicut
1474 1498 1559 1553 ille
1593 1498 1849 1562 ambulat,
1878 1508 1924 1551 et
1952 1499 2059 1566 ipse

492 1590 785 1655 ambulare,
814 1592 865 1645 id
895 1602 999 1655 cst,
1029 1606 1127 1660 per
1158 1591 1496 1647 dilectionem
1527 1592 1748 1645 nimiam
1775 1592 1937 1645 etiam
1964 1605 2061 1659 pro

2166 1232 2395 1286 habetis.
2428 1230 2549 1284 Non
2575 1240 2734 1300 potest
2764 1231 2917 1285 homo
2953 1231 3154 1302 aliquid
3179 1233 3431 1301 accipere,
3460 1235 3559 1289 nisi
3588 1235 3749 1304 fuerit

2162 1321 2243 1376 illi
2277 1323 2458 1376 datum
2503 1323 2567 1375 de
2604 1321 2749 1375 (mlo.
2800 1322 3155 1377 Ministerium
3201 1324 3385 1393 accepi
3432 1325 3576 1394 quod
3614 1328 3747 1382 mihi

2163 1413 2345 1468 datum
2383 1411 2478 1466 fuit
2510 1411 2577 1466 de
2602 1411 2768 1476 coelo;
2798 1426 2972 1482 praco
3007 1427 3143 1475 sum,
3178 1412 3265 1467 ille
3284 1413 3480 1484 judex;
3504 1430 3604 1485 ego
3630 1431 3747 1471 sero

2160 1516 2276 1563 vus,
2310 1501 2396 1556 ille
2433 1501 2712 1565 dominus;
2748 1501 2837 1556 ille
2873 1516 3121 1570 sponsus,
3151 1516 3250 1572 ego
3285 1502 3490 1558 amicus
3518 1508 3737 1574 sponsi;

2161 1590 2308 1643 illum
2330 1600 2525 1661 oportet
2557 1606 2802 1653 crescere,
2831 1606 2912 1643 me
2937 1601 3108 1644 autem
3130 1592 3331 1655 minui;
3356 1593 3631 1648 veniebam
3664 1595 3739 1649 illi

490 1679 725 1735 inimicis
766 1695 943 1745 orare,
984 1682 1209 1735 dicens:
1242 1678 1425 1747 Pater,
1462 1670 1671 1751 ignosce
1709 1681 1850 1747 illis;
1877 1683 1972 1735 sed
2005 1690 2060 1735 et
2092 1677 2133 1734 ll
2162 1680 2302 1734 viam
2353 1695 2567 1748 parare,
2614 1695 2718 1733 nou
2752 1694 2838 1732 me
2877 1681 3148 1743 exaltare;
3186 1699 3279 1751 ego
3308 1699 3408 1736 vox.
3436 1684 3735 1746 clamantis.

487 1784 743 1840 prospera
796 1770 977 1824 mundi
1023 1778 1215 1827 cuncta
1262 1770 1389 1826 forti
1447 1772 1631 1829 animo
1679 1780 2065 1835 contemnere,

486 1860 716 1915 libenter
739 1860 1017 1917 irrisiones
1037 1867 1093 1916 et
1116 1862 1403 1931 opprobria
1433 1861 1681 1926 tolerare,
1711 1861 1849 1916 sicut
1869 1869 1923 1916 et
1946 1861 2057 1930 ipse

488 1952 619 2006 dicit
650 1970 663 2005 :
693 1950 751 2006 Si
780 1954 894 2023 quis
924 1952 1029 2007 vult
1056 1954 1224 2007 venire
1256 1964 1370 2023 post
1408 1969 1511 2018 me,
1557 1953 1768 2021 abneget
1806 1954 2052 2024 seipsuut,

486 2054 534 2098 et
560 2043 713 2097 tollat
732 2060 935 2098 erucem
959 2058 1134 2110 suam,
1160 2054 1207 2100 et
1234 2053 1483 2117 sequatur
1506 2061 1605 2100 me.

554 2136 879 2202 Cltarissinn’,
913 2154 1014 2192 non
1040 2137 1346 2193 mandatum
1374 2155 1559 2192 novum
1589 2139 1754 2194 scribo
1775 2139 1937 2201 vobis,
1963 2140 2054 2192 sed

486 2226 789 2279 mandatum
830 2234 969 2281 vetus
1005 2226 1145 2299 quod
1174 2210 1437 2281 habuisti;
1450 2226 1515 2281 ab
1542 2227 1709 2283 initio.
1742 2227 2051 2282 Mandatum

484 2325 626 2369 vetus
669 2327 741 2370 est
780 2315 984 2371 verbum
1031 2318 1169 2388 quod
1217 2316 1473 2385 audistis;
1514 2317 1701 2373 iterum
1745 2324 2050 2373 mandatum

484 2420 669 2458 novum
716 2404 887 2459 scribo
928 2406 1085 2459 vobis.
1130 2405 1330 2461 Eadem
1374 2406 1610 2461 cbaritas
1648 2413 1705 2460 et
1740 2406 2048 2460 mandatum

482 2504 634 2549 vetus
661 2496 784 2564 quia
820 2494 888 2549 ab
921 2496 1076 2551 initio
1103 2497 1502 2559 commendata,
1533 2505 1589 2551 et
1615 2496 1925 2550 mandatum
1955 2511 2050 2549 no-

482 2600 604 2639 vum
637 2588 759 2655 quia
794 2585 1027 2641 tenebris
1057 2585 1244 2655 ejectis
1267 2585 1589 2641 desiderium
1619 2600 1769 2638 novae
1804 2584 1939 2640 lucis
1978 2586 2049 2638 in-

484 2680 684 2743 fundit;
717 2679 859 2733 unde
905 2688 1050 2733 recte
1095 2679 1382 2734 subditur:
1418 2677 1569 2745 Quod
1596 2689 1669 2733 est
1700 2695 1874 2732 verum
1916 2687 1962 2732 et
1994 2679 2049 2730 in

480 2772 611 2840 ipso,
634 2780 682 2823 et
706 2771 758 2823 in
783 2771 940 2833 vobis,
964 2770 1209 2839 quoniam
1229 2770 1450 2824 tenebris
1467 2770 1784 2824 transierunt
1803 2780 1850 2824 et
1875 2769 2047 2836 lumen

480 2876 653 2913 verum
688 2860 803 2929 jam
830 2858 985 2913 lucet.
1018 2859 1155 2915 Ecce
1184 2860 1323 2914 unde
1346 2874 1543 2915 novum
1568 2859 1689 2928 quia
1720 2860 1953 2914 tenebrat
1979 2860 2046 2912 ad

480 2958 713 3004 veterem
736 2950 1024 3015 hominem,
1053 2950 1142 3003 lux
1162 2964 1293 3005 vero
1312 2949 1377 3003 ad
1404 2963 1601 3003 novum
1627 2947 1898 3004 hominem
1927 2964 2045 3003 ocr-

2160 1771 2249 1827 ille
2282 1772 2509 1828 Verbum
2537 1772 2746 1836 Patris;
2775 1773 2865 1842 qui
2892 1784 3003 1834 post
3031 1790 3111 1845 me
3142 1775 3294 1838 venit,
3310 1784 3429 1830 ante
3452 1793 3532 1831 me
3560 1777 3735 1846 factus

2156 1874 2257 1931 est,
2276 1864 2329 1919 id
2354 1872 2458 1927 est,
2487 1864 2748 1934 dignitate
2770 1863 3020 1931 praelatus
3044 1874 3130 1918 est
3154 1865 3311 1930 mibi,
3336 1867 3487 1935 cujus
3511 1883 3604 1937 ego
3628 1883 3739 1922 non

2154 1972 2271 2011 sum
2312 1956 2501 2025 dignus
2546 1955 2827 2024 corrigiam
2872 1955 3209 2009 calceameuti
3256 1956 3371 2025 ejus
3412 1957 3633 2023 solvere,
3678 1958 3738 2012 id

2154 2047 2448 2102 nativitatis
2469 2044 2629 2109 illius,
2653 2060 2757 2115 qua
2781 2061 2848 2099 ex
2880 2045 3087 2117 virgine
3113 2054 3271 2101 natus
3299 2047 3445 2102 venit
3480 2046 3534 2102 in
3570 2063 3731 2102 inun-

2153 2138 2277 2192 dum
2337 2150 2593 2192 enarrare
2651 2136 2986 2206 mysterium.
3054 2136 3294 2191 Audistis
3365 2137 3734 2193 testimonium

2153 2243 2331 2283 meum
2354 2244 2368 2292 ;
2400 2229 2605 2283 credite
2630 2228 2939 2283 testimonio
2964 2243 3116 2293 meo;
3148 2230 3454 2284 concurrite
3480 2230 3550 2285 ad
3578 2230 3731 2286 illum

2151 2318 2204 2370 in
2253 2317 2407 2387 cujus
2459 2318 2727 2386 baptismo
2776 2326 2860 2371 est
2907 2317 3154 2372 remissio
3202 2327 3563 2388 peccatorum.
3619 2319 3733 2375 iste

2148 2407 2382 2462 Joannes
2415 2414 2574 2462 tantte
2600 2407 2937 2462 auctoritatis
2988 2406 3315 2473 habebatur,
3358 2416 3417 2462 ut
3459 2423 3491 2463 a
3530 2408 3735 2478 populo

2149 2496 2398 2552 Christus
2422 2505 2726 2565 putaretur.
2754 2495 2858 2551 Sed
2890 2496 2977 2551 ille
2998 2495 3188 2551 falsum
3213 2498 3417 2566 respuit
3444 2498 3727 2560 honorem.

2148 2595 2208 2640 ut
2245 2586 2469 2643 solidam
2499 2587 2761 2657 potuisset
2800 2587 3001 2642 habere
3030 2588 3331 2643 veritatem.
3364 2587 3544 2643 Noluit
3572 2590 3640 2643 de
3666 2605 3735 2644 se

2140 2674 2348 2742 jactare
2374 2676 2515 2745 quod
2551 2673 2805 2741 nonfuit,
2840 2688 2909 2731 ne
2951 2675 3071 2732 sine
3111 2690 3176 2732 eo
3206 2685 3354 2732 esset
3376 2680 3468 2745 qui
3511 2691 3731 2746 semper

2148 2766 2265 2821 fuit.

2223 2856 2327 2923 Qui
2346 2856 2497 2911 habet
2521 2873 2762 2925 sponsam
2787 2872 3006 2927 sponsus
3027 2867 3123 2911 est.
3150 2857 3262 2928 Ego
3281 2872 3387 2911 non
3413 2872 3534 2912 sum
3563 2872 3735 2926 spon-

2150 2935 2263 3013 sus,
2294 2947 2388 3002 sed
2413 2946 2539 3016 quid
2565 2962 2682 3001 sum
2698 2947 2967 3002 muniens
2992 2947 3198 3017 sponsi,
3228 2947 3464 3017 gaudens
3500 2947 3552 3001 in
3594 2963 3732 3003 voce

481 3042 632 3095 tinet.
668 3040 904 3109 Denique
933 3008 1061 3095 dicit
1102 3042 1371 3109 apostolus
1407 3038 1603 3094 Paulus
1636 3054 1652 3092 :
1680 3037 1869 3093 Exuite
1909 3049 2045 3093 vete-
2074 3008 2116 3068 δ
2151 3008 2315 3092 illius.
2346 3008 2477 3103 Quis
2502 3022 2587 3091 est
2628 3038 2890 3106 sponsus?
2920 3008 3035 3091 ille.
3056 3036 3127 3091 de
3170 3008 3278 3106 qu'o
3319 3037 3512 3092 dicitur
3541 3056 3554 3090 :
3609 3036 3731 3091 Rex

481 3145 585 3183 rem
618 3128 874 3183 hominem
901 3140 949 3182 et
987 3129 1186 3183 induite
1228 3145 1434 3184 novum.
1479 3128 1547 3184 Et
1573 3129 1767 3183 iterum
1797 3146 1809 3182 :
1843 3126 2046 3181 Fuistis

477 3218 758 3288 aliquando
782 3218 1026 3281 tenebrae,
1057 3235 1193 3272 nunc
1216 3229 1389 3272 autent
1412 3218 1506 3272 lus:
1528 3218 1585 3272 in
1625 3216 1861 3272 Domino.
1894 3217 2042 3271 Felix

479 3312 567 3366 ille
588 3318 671 3365 est
693 3310 784 3380 qui
808 3309 1003 3364 veteris
1026 3309 1258 3364 hominis
1279 3316 1433 3363 actus
1455 3321 1711 3378 respuens
1729 3310 1852 3362 novi
1874 3307 2046 3362 homi-

478 3402 563 3456 nis
606 3393 1066 3456 conversationem
1116 3408 1265 3455 recte
1311 3401 1550 3470 appetit,
1596 3398 1846 3469 quoniam
1891 3399 2046 3468 juxta

477 3491 604 3547 illud
642 3490 784 3561 quod
824 3492 1082 3560 scriptum
1128 3500 1251 3545 est:
1284 3489 1466 3545 Omnis
1500 3489 1589 3560 qui
1618 3488 1752 3543 male
1779 3488 1906 3559 agit,
1937 3488 2045 3541 odit

476 3581 663 3646 lucem,
692 3590 739 3635 et
764 3596 867 3634 non
887 3582 1021 3635 venit
1050 3580 1118 3634 ad
1147 3580 1334 3644 lucem,
1357 3589 1416 3632 ut
1444 3597 1547 3634 non
1573 3587 1867 3650 arguantur
1890 3596 2045 3646 opera

475 3674 609 3743 ejus.
663 3671 766 3737 Qui
814 3682 985 3725 autent
1027 3670 1152 3740 facit
1198 3671 1463 3726 veritatem
1500 3671 1633 3724 venit
1672 3669 1742 3725 ad
1767 3669 1953 3733 lucem,
1991 3680 2045 3723 ut

476 3764 868 3832 manifestentur
890 3780 1044 3832 Opera
1067 3763 1202 3832 ejus,
1222 3762 1345 3833 quia
1374 3764 1427 3817 in
1463 3762 1566 3816 Deo
1585 3772 1703 3817 sunt
1730 3761 1891 3831 facta,
1908 3776 2045 3831 pra:-

478 3860 652 3909 stante
680 3852 903 3906 Domino
936 3860 1118 3906 nostro
1154 3850 1283 3907 Jesu
1329 3851 1565 3917 Christo,
1606 3852 1698 3921 qui
1737 3867 1856 3906 cum
1888 3850 2046 3905 Patre

477 3950 532 3994 ct
572 3940 773 4010 Spiritu
813 3947 998 3993 sancto
1044 3940 1174 3992 vivit
1217 3947 1275 3995 et
1317 3948 1507 4011 regnat
1552 3940 1711 4007 Deus,
1739 3957 1836 4011 per
1867 3940 2046 3995 omnia

479 4030 672 4085 sucula
703 4027 1042 4084 mulorum.
1071 4029 1266 4086 Amen.

999 4159 1277 4217 UOMILIA
1310 4160 1521 4217 XXX".

1040 4267 1166 4305 ITEM
1206 4267 1323 4305 FER!
1336 4270 1356 4305 \
1389 4266 1460 4305 ιγ.

615 4360 800 4417 Lectio
822 4362 991 4417 sancti
1024 4362 1292 4432 Evangelii
1317 4361 1606 4417 secundum
1629 4359 1907 4416 Joannem.

555 4471 616 4524 lu
662 4471 753 4525 illo
798 4483 1063 4542 tempore,
1107 4473 1250 4539 facta
1287 4483 1364 4527 est
1404 4473 1620 4543 qutestio
1662 4488 1727 4528 ea:
1780 4471 2048 4543 discipulis

477 4562 698 4617 Joannis
724 4581 838 4616 cum
866 4563 1068 4619 Jada'is
1102 4566 1163 4618 de
1191 4565 1565 4635 puriﬁcatione,
1590 4573 1694 4620 etc.

552 4652 796 4707 Zelantes
818 4653 1062 4722 discipuli
1089 4655 1310 4710 Joannis
1330 4656 1665 4725 magistrum,
1691 4652 1818 4725 quia
1844 4652 2043 4726 plurio-

483 4757 566 4795 res
611 4740 899 4797 audiebant
939 4756 1258 4798 concurrere
1301 4743 1370 4798 ad
1405 4743 1722 4813 baptismum
1750 4741 1971 4809 Christi,
1995 4755 2051 4799 et

480 4830 732 4899 praal‘erre
754 4830 966 4888 Judzcus
1007 4831 1268 4899 baptismo
1295 4831 1514 4888 Joannis
1544 4834 1865 4903 baptismum
1893 4831 2049 4890 Chri-

481 4920 570 4985 sti,
603 4921 673 4973 ita
712 4928 768 4973 ut
808 4920 1093 4974 novissime
1126 4930 1338 4975 ventum
1368 4922 1436 4976 sit
1470 4923 1538 4977 ad
1563 4923 1734 4994 ipsum
1760 4922 2038 4992 Joannem,

474 5017 541 5061 'ut
581 5009 810 5065 solveret
849 5010 1199 5078 qumstionem
1245 5026 1405 5079 quam
1457 5012 1758 5067 habuerunt
1800 5012 2046 5082 discipuli

480 5098 595 5165 ejus
644 5114 763 5154 cum
811 5099 1008 5155 Judmis
1056 5099 1123 5153 de
1166 5101 1484 5156 discretione
1535 5100 1677 5157 inter
1722 5102 2045 5172 baptismum

479 5189 676 5244 Christi
706 5197 760 5242 et
783 5189 1098 5258 baptismum
1127 5187 1362 5253 Joannis,
1387 5197 1441 5243 et
1458 5189 1708 5246 dixerunt
1728 5190 1779 5247 ei
1802 5209 1814 5244 :

552 5280 734 5343 liabbt',
772 5281 860 5351 qui
903 5289 1013 5333 erat
1056 5289 1223 5333 tecum
1267 5291 1411 5333 trans
1452 5280 1768 5345 Iordanem,
1809 5297 1923 5335 ecce
1963 5282 2047 5334 hic

480 5359 778 5441 baptisat‘ct
806 5384 979 5423 omnes
1013 5368 1215 5422 veniunt
1258 5367 1326 5421 ad
1355 5384 1489 5421 cum.
1523 5367 1686 5436 Quasi
1710 5369 2047 5440 indignantes

477 5466 618 5538 quod
649 5464 912 5536 pluriores
939 5462 1207 5517 venissent
1230 5462 1296 5515 ad
1327 5462 1642 5531 baptismum
1670 5461 1868 5516 Christi
1901 5463 2049 5516 dixe-

481 5568 605 5613 runt
634 5576 645 5611 :
674 5554 871 5613 Omnes
913 5554 1133 5608 veniunt
1173 5553 1237 5607 azl
1278 5568 1397 5607 cum
1435 5564 1483 5603 et
1518 5561 1566 5605 te
1602 5552 1892 5605 dimittunt.
1922 5552 2045 5606 dum

2068 4347 2120 4407 D

2148 3128 2316 3182 omnis
2355 3137 2508 3181 teme
2551 3127 2717 3191 Deus,
2754 3136 2802 3180 et
2862 3126 3155 3180 adorabunt
3197 3144 3313 3180 eum
3361 3144 3534 3181 omnes
3576 3144 3733 3198 reges

2146 3232 2317 3286 terrae,
2364 3236 2538 3273 omnes
2567 3231 2739 3289 gentes
2784 3220 3004 3272 servient
3038 3219 3106 3273 ei.
3147 3218 3241 3272 Ille
3281 3234 3509 3288 sponsus
3539 3235 3729 3274 verus.

2146 3308 2353 3378 Sponsa
2380 3324 2506 3363 vero
2532 3317 2714 3362 sancta
2742 3307 3002 3373 Ecclesia,
3030 3302 3097 3363 ex
3122 3308 3371 3362 omnibus
3398 3318 3730 3378 congregata

2145 3401 2412 3471 gentibus,
2444 3401 2511 3455 de
2537 3416 2641 3469 qua
2673 3400 2964 3469 Apostolus
2991 3399 3068 3453 ait
3112 3416 3127 3453 :
3165 3399 3482 3469 Desponsavi
3507 3416 3596 3454 vos
3626 3402 3729 3453 uni

2143 3493 2255 3547 viro
2279 3493 2526 3562 virginem
2558 3503 2755 3546 castam
2781 3490 3018 3545 exhibere
3040 3490 3270 3545 Christo.

2214 3583 2424 3636 Amicus
2454 3592 2626 3635 autem
2655 3580 2849 3651 sponsi,
2872 3581 2962 3650 qui
2988 3590 3089 3633 stat
3114 3590 3161 3633 et
3184 3580 3330 3633 audit
3352 3596 3488 3644 eum,
3514 3579 3724 3650 gaudio

2142 3672 2331 3744 gaudet
2357 3682 2565 3743 propter
2600 3688 2770 3726 vocem
2799 3672 2997 3740 sponsi,
3028 3686 3136 3724 non
3164 3670 3268 3725 sibi
3311 3671 3559 3740 gaudium
3590 3668 3729 3727 facit

2144 3766 2211 3821 de
2237 3780 2327 3830 se;
2357 3765 2448 3834 qui
2477 3765 2622 3818 enim
2658 3762 2773 3816 vult
2804 3761 3040 3833 gaudere
3066 3763 3131 3817 de
3158 3777 3218 3817 se
3263 3761 3428 3816 tristis
3454 3761 3589 3826 erit;
3620 3765 3727 3832 qui

2144 3868 2321 3913 autem
2348 3858 2414 3912 de
2448 3857 2559 3911 Deo
2601 3856 2836 3926 gaudere
2869 3855 3000 3917 vult,
3051 3868 3262 3922 semper
3286 3852 3556 3923 gaudebit,
3589 3853 3725 3921 quia

2146 3948 2286 4003 Deus
2343 3947 2699 4016 sempiternus
2761 3951 2863 3999 est.
2925 3943 3106 3997 Talem
3167 3958 3224 3998 se
3270 3944 3403 3997 dixit
3459 3942 3715 3998 Joannes

2147 4035 2369 4108 Propter
2417 4052 2581 4090 vocem
2609 4035 2782 4104 sponsi
2838 4033 3087 4102 gaudebit
3123 4033 3327 4087 amicus
3365 4034 3541 4102 sponsi
3570 4072 3586 4097 ,
3616 4034 3723 4099 ait,

2145 4143 2251 4182 non
2301 4136 2518 4196 propter
2564 4140 2750 4180 vocem
2800 4140 2970 4179 suam.
3022 4120 3089 4175 Et
3137 4131 3237 4176 stat
3292 4131 3342 4175 et
3375 4123 3523 4175 audit
3572 4140 3721 4180 eum.

2144 4218 2201 4272 δί
2230 4233 2358 4285 ergo
2388 4215 2529 4268 cadit
2578 4230 2682 4267 non
2711 4213 2859 4267 audit
2886 4228 3028 4267 eum.
3066 4211 3140 4265 De
3190 4209 3279 4265 illo
3326 4212 3591 4280 quondam
3620 4214 3725 4282 qui

2144 4307 2337 4363 cecidit
2365 4307 2564 4359 dictum
2597 4314 2699 4366 est,
2745 4313 2792 4355 et
2823 4304 2873 4356 in
2914 4304 3129 4356 veritate
3158 4318 3260 4355 non
3289 4303 3445 4365 stetit,
3490 4303 3557 4357 de.
3601 4304 3729 4357 dia-

2146 4398 2269 4454 bolo
2296 4397 2498 4451 dictum
2528 4403 2630 4448 est.
2685 4394 2823 4464 Ergo
2852 4403 2995 4447 stare
3030 4395 3185 4449 debet
3216 4394 3420 4450 amicus
3449 4393 3629 4463 sponsi
3665 4404 3728 4449 et

2147 4487 2352 4543 audire.
2400 4485 2535 4550 Quid
2567 4493 2646 4537 est
2690 4483 2871 4538 stare?
2920 4482 3243 4539 Permanere
3290 4484 3341 4538 in
3389 4484 3558 4553 gratia
3600 4483 3727 4550 ejus

2146 4590 2306 4646 quam
2329 4573 2554 4642 accepit,
2588 4581 2642 4626 et
2668 4572 2815 4627 audit
2841 4587 3025 4627 vocem
3052 4573 3120 4627 ad
3145 4589 3304 4649 quam
3337 4574 3582 4643 gaudeat.
3624 4572 3724 4628 Sic

2149 4675 2262 4719 erat
2287 4663 2519 4718 Joannes
2549 4682 2560 4715 :
2597 4671 2820 4717 noverat
2846 4664 2986 4717 unde
3013 4664 3305 4733 gaudebat,
3335 4679 3442 4717 non
3486 4664 3587 4717 sibi
3618 4679 3718 4718 ar—

2152 4753 2374 4822 rogant
2398 4754 2539 4822 quod
2579 4753 2689 4822 ipse
2717 4767 2823 4808 non
2844 4762 2991 4819 erat;
3025 4754 3229 4809 sciebat
3256 4753 3609 4807 illuminatnm
3634 4768 3726 4819 se,

2148 4859 2252 4898 non
2284 4841 2715 4896 illuminatorom.

2218 4930 2376 4985 Illum
2406 4940 2601 4999 oportet
2631 4946 2880 4995 crescere,
2916 4946 2998 4985 me
3042 4940 3217 4986 autem
3254 4933 3440 4985 minui.
3468 4931 3605 4998 Quid
3633 4941 3727 4986 est

2147 5022 2282 5078 hoc?
2328 5020 2474 5075 Illum
2526 5029 2737 5091 oportet
2765 5022 3014 5089 exaltari,
3063 5038 3151 5078 mc
3189 5033 3367 5078 autem
3420 5023 3719 5078 humiliari.

2149 5111 2392 5183 Magnum
2431 5111 2533 5166 hoc
2576 5120 2973 5167 sacramentum
3011 5120 3112 5166 est.
3160 5112 3462 5182 Antequam
3505 5115 3725 5167 veniret

2146 5201 2403 5257 Dominus
2444 5199 2618 5264 Jcsus,
2660 5200 3027 5270 gloriabantur
3066 5202 3311 5256 homines
3348 5202 3416 5255 de
3440 5215 3534 5264 se;
3566 5201 3726 5254 venit

2147 5290 2233 5344 ille
2257 5290 2422 5344 homo
2439 5297 2494 5341 ut
2521 5288 2853 5342 minueretur
2874 5288 3109 5345 hominis
3131 5289 3325 5359 gloria,
3348 5299 3403 5345 et
3430 5299 3728 5360 augeretur

2147 5380 2311 5451 gloria
2344 5378 2454 5433 Dei.
2487 5379 2694 5432 Etenim
2726 5379 2873 5433 venit
2908 5378 2995 5433 ille
3025 5380 3141 5433 sine
3182 5389 3405 5448 peccato
3430 5388 3485 5434 et
3513 5379 3733 5434 invenit

2147 5482 2333 5521 omnes
2374 5480 2493 5519 cum
2541 5474 2778 5534 peccato.
2813 5464 2870 5519 Si
2914 5467 2994 5520 sic
3018 5467 3161 5521 venit
3202 5466 3290 5521 ille
3330 5475 3391 5521 nt
3420 5466 3731 5522 dimitteret

2148 5562 2389 5625 peccata,
2438 5552 2579 5606 Deus
2611 5554 2888 5623 largiatur,
2929 5557 3088 5609 homo
3117 5555 3460 5612 conﬁteatur.
3505 5556 3736 5611 Etenim
