3962 6180
240 250 328 302 ωδ

1313 237 1618 295 HOMILUE
1660 239 1725 294 IN
1765 239 2020 297 EVANG.
2063 240 2146 296 ET
2188 240 2411 297 EPiST.

3411 243 3513 302 ’206

236 356 493 416 wuiessio
523 352 770 410 hominis
796 352 1090 412 humilitas,
1122 350 1358 406 hominis
1386 350 1684 417 miseratio,
1721 349 1815 405 Dei
1850 355 1892 413 Λ
1922 350 2015 404 lux
2053 353 2107 405 iu
2141 351 2394 407 mundum
2435 352 2545 407 veni
2587 362 2639 406 ut
2685 357 2852 408 omnis
2906 370 2994 424 qui
3036 356 3199 411 credit
3229 358 3283 411 in
3333 375 3415 415 me
3451 362 3509 415 in

236 448 467 506 altitudo.
504 446 565 502 Si
593 461 732 517 ergo
756 446 906 501 venit
933 445 1022 500 ille
1064 444 1337 499 dimittere
1362 452 1610 515 peccata,
1659 459 1824 515 agno-

239 550 337 597 scat
360 539 531 594 homo
557 536 927 592 humilitatem
957 549 1131 600 suam,
1162 542 1217 591 et
1246 534 1394 589 Deus
1421 533 1583 589 faciet
1606 534 1822 589 miscri-

238 631 464 687 cordiam
494 643 680 683 suam.

300 721 398 788 Qui
437 720 731 773 desursum
773 727 907 772 venit
948 733 1107 788 super
1132 732 1309 770 omnes
1340 724 1437 782 est,
1470 715 1521 771 id
1548 724 1652 780 est,
1675 715 1825 773 Chri-

237 821 355 867 stus.
387 809 496 876 Qui
543 818 726 862 autem
762 817 837 862 est
879 806 943 862 de
980 817 1156 872 terra,
1207 806 1272 860 de
1314 815 1454 860 terra
1485 805 1737 878 loquitur,
1770 808 1822 861 id

236 900 603 967 eshloannes.
622 898 909 965 Quomodo
933 912 1061 969 ergo
1085 898 1153 953 de
1176 907 1318 952 terra
1342 896 1825 968 loquitur?0mnis

237 995 380 1049 homo
409 1002 675 1049 terrenus
698 998 804 1054 est,
834 997 886 1045 et
907 990 1033 1046 dum
1059 997 1273 1044 terrena
1306 989 1564 1059 loquitur,
1586 992 1652 1045 tle
1678 997 1823 1044 terra

237 1085 476 1156 loquitur,
506 1083 606 1153 qui
631 1097 767 1137 vero
817 1082 1147 1136 illnminatus
1173 1089 1255 1135 est
1302 1081 1371 1135 ab
1418 1096 1483 1137 eo
1512 1082 1605 1153 qui
1635 1089 1719 1137 est
1740 1081 1821 1135 Iu-

236 1191 342 1230 men
369 1190 596 1236 verum,
633 1174 700 1229 de
738 1173 937 1229 divinis
966 1173 1225 1243 loquitur.
1302 1188 1323 1198 -

295 1265 389 1332 Qui
420 1266 491 1319 de
530 1263 666 1319 caelo
696 1268 833 1319 venit
861 1280 1018 1335 super
1055 1280 1231 1317 omnes
1264 1272 1372 1329 est,
1418 1262 1681 1320 Domtnus
1729 1262 1821 1318 Je-

233 1372 314 1410 sus
348 1354 614 1409 Christus
663 1354 732 1408 de
760 1369 869 1425 quo
902 1355 1152 1423 superius
1203 1354 1410 1409 dictum
1449 1363 1534 1409 est
1584 1373 1596 1406 :
1654 1354 1822 1408 Nemo

232 1446 444 1500 ascendit
476 1446 537 1499 in
583 1444 800 1510 caelum,
846 1444 945 1500 nisi
987 1446 1076 1516 qui
1104 1446 1171 1499 de
1200 1445 1328 1501 caelo
1353 1447 1616 1501 descendit
1639 1487 1654 1512 ,
1678 1447 1821 1515 ﬁlius

232 1536 458 1602 hominis,
490 1535 592 1605 qui
619 1544 695 1589 est
725 1536 779 1590 in
801 1534 961 1600 caelo;
990 1541 1075 1590 est
1099 1546 1278 1591 autem
1310 1551 1474 1607 super
1499 1551 1711 1592 omnes.

290 1627 353 1684 Et
390 1630 545 1699 quod
590 1631 730 1685 uidit
760 1640 810 1683 et
869 1628 1071 1682 audivit
1098 1669 1114 1694 ,
1172 1629 1270 1683 hoc
1318 1628 1570 1700 loquitur.
1636 1628 1815 1684 liabet

1924 442 2145 497 tenebris
2180 460 2285 498 non
2328 454 2558 499 maneat.

1996 532 2141 588 Dixit
2163 534 2397 605 quodam
2420 534 2538 592 loco
2559 536 2836 608 discipulis
2864 538 2979 594 suis
3004 554 3019 594 ς
3062 537 3163 594 Vos
3188 541 3312 595 estis
3332 543 3511 598 lumen

1924 623 2156 676 mundi:
2212 642 2315 679 non
2366 636 2531 695 potest
2578 628 2829 683 abscondi
2871 630 3054 686 civitas
3097 648 3255 703 super
3284 644 3513 689 montem

1922 715 2236 782 constituta;
2279 734 2441 789 neque
2468 720 2756 776 accendunt
2785 720 3052 777 lucernam
3094 733 3144 779 et
3170 736 3371 795 ponunt
3392 743 3510 782 eam

1922 811 2016 865 sub
2051 809 2249 874 modio,
2297 810 2388 864 sed
2422 827 2575 882 super
2611 811 3007 875 candelabrum.
3029 824 3084 868 ut
3124 814 3293 870 luceat
3342 817 3486 872 omni

1925 900 2018 953 bus
2042 902 2129 972 qui
2170 901 2224 954 in
2254 900 2409 954 domo
2438 910 2581 955 sunt.
2612 898 2700 956 Sic
2730 901 2900 956 luceat
2943 902 3117 957 lumen
3149 916 3371 959 vestrum
3416 923 3507 959 σου

1926 1006 2040 1043 ram
2067 989 2386 1051 hominibus.
2421 1000 2476 1044 ut
2508 990 2712 1045 rideant
2748 1008 2906 1061 opera
2934 1002 3103 1046 vestra
3139 994 3274 1049 bona
3303 1003 3352 1050 et
3392 995 3508 1067 glo-

1925 1080 2124 1149 riﬁcent
2154 1077 2370 1134 Patrem
2397 1090 2645 1145 vestrum,
2673 1081 2761 1153 qui
2790 1082 2843 1135 iu
2872 1082 3013 1138 caelis
3035 1092 3128 1138 est.
3175 1083 3298 1139 Non
3336 1096 3508 1142 tamen

1921 1173 2036 1226 dici
2066 1170 2205 1225 vobis
2230 1187 2249 1224 :
2293 1169 2411 1225 Lua:
2453 1172 2662 1226 venistis
2703 1173 2756 1226 in
2794 1174 3069 1240 mundum,
3122 1184 3177 1229 ut
3220 1177 3386 1231 omnis
3420 1179 3510 1248 qui

1924 1260 2085 1314 credit
2116 1262 2170 1315 in
2202 1278 2287 1316 vos
2312 1260 2367 1316 in
2397 1262 2618 1316 tenebris
2669 1280 2773 1318 non
2816 1275 3047 1319 maneat.
3091 1265 3366 1337 Nusquam
3408 1269 3511 1325 hoc

1924 1352 2025 1422 legi
2053 1368 2210 1424 posse
2232 1354 2514 1409 Confirmo.
2548 1354 2774 1410 Lumina
2799 1369 2930 1428 ergo
2952 1367 3078 1412 sunt
3105 1374 3294 1414 omnes
3315 1361 3507 1425 sancti,

1923 1445 2017 1499 sed
2046 1445 2315 1500 credendo
2344 1445 2718 1501 illuminantur
2748 1448 2815 1502 ab
2860 1462 2946 1513 eo,
2981 1463 3012 1503 a
3038 1465 3145 1520 quo
3184 1450 3232 1506 si
3277 1451 3400 1521 quis
3428 1466 3511 1507 re-

1921 1536 2169 1601 cesserit,
2203 1537 2594 1592 tenebrabitur.
2620 1537 2826 1592 Lumen
2856 1549 3035 1594 autem
3069 1541 3199 1596 illud
3225 1542 3366 1613 quod
3395 1542 3512 1597 illu-

1922 1628 2161 1682 minatur
2185 1642 2217 1681 a
2261 1642 2340 1695 se,
2374 1628 2628 1683 recedere
2659 1644 2762 1684 non
2806 1638 3007 1700 potest,
3036 1631 3162 1701 quia
3211 1632 3501 1688 incommu-

228 1723 356 1778 enim
380 1733 438 1777 et
468 1723 704 1778 Patrem
762 1722 876 1791 ipse
917 1721 1085 1777 Filius
1112 1722 1245 1786 Dei;
1294 1723 1458 1779 habet
1499 1731 1555 1778 et
1596 1722 1814 1778 Patrem
1850 1725 1891 1783 Β
1921 1717 2081 1772 labile
2107 1718 2326 1772 omnino
2368 1727 2469 1772 est.
2502 1718 2635 1773 Cum
2675 1728 2854 1775 autem
2888 1721 3038 1785 dicit,
3073 1720 3258 1776 Omnis
3288 1723 3379 1794 qui
3399 1740 3508 1778 cre-

226 1823 278 1868 et
299 1815 506 1869 audivit
533 1830 566 1867 a
602 1814 790 1868 Patre.

293 1904 440 1971 Quod
473 1906 607 1959 ridit
641 1915 691 1959 et
722 1905 921 1959 audivit
950 1903 1084 1958 illud
1112 1913 1358 1970 testatur,
1388 1915 1439 1960 et
1467 1905 1819 1961 testimonium

228 1998 331 2065 ejus
360 2012 516 2050 nemo
547 1996 767 2065 accipit.
798 1994 855 2050 Si
880 2009 1061 2060 nemo,
1087 1995 1156 2050 ad
1184 1995 1314 2065 quid
1342 1996 1530 2051 venit?
1554 1998 1821 2063 Quorum-

232 2088 338 2141 dam
367 2103 504 2158 ergo
534 2102 704 2142 nemo
733 2094 836 2141 est.
866 2084 1096 2152 Quidam
1124 2085 1354 2156 populus
1374 2095 1714 2156 prmparatur
1752 2087 1820 2141 ad

232 2179 354 2232 iram
388 2179 512 2243 Dei,
562 2178 911 2234 damnandus
953 2193 1078 2233 eum
1122 2177 1354 2240 diabolo,
1383 2194 1612 2248 quorum
1662 2196 1820 2237 nemo

230 2274 414 2345 accipit
461 2270 843 2325 testimonium
872 2268 1094 2324 Christi.
1149 2269 1283 2324 Nam
1310 2270 1356 2324 si
1397 2271 1619 2326 omnino
1662 2287 1821 2329 nemo

230 2363 397 2418 nullus
437 2362 635 2426 homo,
660 2359 793 2431 quid
819 2368 901 2415 est
928 2360 1073 2429 quod
1101 2360 1348 2429 sequitur
1470 2436 1473 2439 ὗ

292 2457 394 2525 Qui
419 2457 621 2528 accipit
644 2453 1404 2524 testimoniumejus,.signauit
1427 2455 1553 2521 quia
1579 2453 1719 2509 Deus
1744 2471 1818 2509 re.

231 2564 317 2601 res
335 2558 439 2602 est.
465 2546 636 2603 Certe
662 2561 796 2617 ergo
821 2544 1060 2610 nemo,si
1087 2553 1144 2599 tu
1173 2545 1288 2614 ipse
1307 2544 1463 2608 dicis,
1495 2546 1585 2614 qui
1609 2544 1821 2617 accepit

228 2638 603 2693 testimonium
625 2637 764 2708 ejus,
796 2636 1026 2707 signavit
1052 2637 1180 2707 quia
1212 2636 1475 2692 Dominus
1521 2650 1686 2691 verax
1715 2644 1817 2691 est.

292 2728 465 2796 Quem
506 2730 650 2783 enim
696 2728 835 2783 misit
871 2726 1025 2789 Deus,
1066 2727 1218 2781 verba
1265 2727 1359 2781 Dci
1406 2726 1657 2798 loquitur.
1702 2725 1820 2797 Ipse

227 2832 532 2879 estverax.
564 2822 683 2891 ipse
726 2830 814 2875 est
862 2819 1001 2875 Deus
1046 2827 1108 2873 ct
1157 2819 1415 2877 Dominus
1459 2831 1642 2876 noster
1661 2818 1822 2875 Iesus

228 2911 502 2975 Christus,
532 2914 599 2967 de
629 2926 738 2980 quo
760 2909 1046 2982 Apostolus
1073 2910 1151 2963 ait
1179 2925 1193 2963 :
1241 2906 1525 2981 Postquam
1554 2911 1688 2965 venit
1709 2910 1821 2980 ple-

227 3004 411 3057 nitudo
457 3001 734 3070 temporis,
770 3001 909 3053 misit
961 2999 1099 3053 Deus
1150 2998 1348 3054 Filium
1402 3016 1576 3063 suum,
1618 3000 1817 3070 factum

1924 1809 1998 1863 dit
2042 1810 2098 1862 in
2136 1825 2216 1862 me
2254 1809 2307 1862 in
2350 1809 2573 1864 tenebris
2622 1826 2724 1865 non
2776 1822 2969 1873 manet,
3023 1813 3155 1867 satis
3201 1813 3513 1869 manifestat

1921 1916 2114 1957 omnes
2156 1916 2214 1956 se
2243 1901 2296 1955 in
2327 1902 2560 1956 tenebris
2590 1902 2890 1969 invenisse;
2925 1904 3015 1960 .~cd
3050 1919 3115 1959 ne
3161 1905 3214 1958 in
3240 1906 3320 1959 eis
3357 1914 3509 1962 tene-

1924 1993 2037 2047 bris
2067 2000 2385 2047 remaneant
2412 1992 2468 2046 in
2508 1994 2704 2063 quibus
2744 1995 2947 2049 inventi
2978 2006 3126 2059 sunt,
3155 1996 3352 2052 debent
3392 2013 3513 2053 creo

1922 2085 2053 2139 dere
2082 2084 2133 2138 in
2165 2083 2335 2138 lucem
2366 2100 2485 2153 qnze
2519 2085 2665 2140 venit
2686 2086 2742 2140 in
2784 2088 2927 2142 hunc
2955 2089 3233 2156 mundum,
3269 2091 3393 2162 quia
3414 2107 3511 2163 per

1925 2174 2069 2228 illam
2099 2174 2274 2230 factus
2309 2185 2393 2230 est
2421 2178 2673 2231 mundus.

1995 2265 2063 2319 Et
2091 2266 2137 2320 si
2163 2267 2281 2337 quis
2324 2267 2575 2332 audierit,
2609 2268 2803 2337 inquit,
2834 2268 2985 2322 verba
3037 2287 3151 2325 mea
3185 2282 3233 2326 et
3280 2290 3384 2329 non
3412 2292 3508 2329 cu-

1921 2356 2179 2422 stodierit,
2208 2372 2301 2428 ego
2324 2373 2426 2411 non
2445 2356 2631 2426 judico
2672 2375 2808 2412 eum.
2841 2359 3037 2414 Audite
3074 2364 3345 2430 quomodo
3380 2366 3512 2421 dicit

1921 2447 2112 2515 Filius,
2144 2448 2255 2520 Ego
2293 2465 2396 2503 non
2430 2450 2620 2519 judico
2662 2466 2804 2515 eum,
2846 2466 2968 2506 eum
3011 2454 3158 2508 dicat
3188 2455 3294 2510 alio
3331 2457 3451 2514 loco
3494 2478 3506 2511 :

1923 2538 2088 2594 Pater
2108 2555 2211 2594 non
2225 2540 2437 2610 judicet
2457 2556 2788 2612 quamquam,
2810 2544 2902 2597 sed
2925 2559 3075 2598 omne
3087 2544 3351 2615 judicium
3367 2549 3512 2605 dedit

1924 2626 2087 2694 Filio,
2106 2628 2209 2684 nisi
2235 2629 2379 2698 quod
2394 2628 2797 2700 intelligendum
2820 2640 2903 2686 est
2917 2634 3059 2702 quod
3073 2635 3320 2703 sequitur
3346 2654 3358 2690 :
3388 2636 3438 2691 Ν
3443 2655 3510 2692 ou

1921 2720 2060 2773 enim
2089 2720 2223 2786 veni,
2262 2719 2454 2791 inquit,
2489 2730 2543 2773 ut
2564 2720 2804 2790 judicent
2843 2727 3121 2791 mundum,
3169 2726 3258 2779 sed
3292 2736 3348 2780 ut
3400 2728 3509 2782 sul-

1921 2829 2040 2869 sum
2065 2812 2262 2883 faciant
2292 2814 2567 2868 mundum.
2606 2813 2759 2869 Nunc
2785 2830 2915 2886 ergo
2958 2828 3041 2871 cst
3081 2826 3292 2888 tempus
3340 2821 3507 2876 mise-

1922 2904 2202 2969 ricordiae;
2232 2914 2354 2975 post
2380 2905 2488 2958 erit
2504 2905 2719 2975 judicii,
2751 2906 2877 2976 quia
2928 2910 3345 2965 misericordiam
3373 2953 3388 2977 ,
3426 2913 3510 2968 iu-

1921 2994 2062 3062 quit,
2107 3004 2155 3047 et
2182 2994 2451 3066 judicium
2487 2995 2709 3049 cantabo
2738 2997 2850 3061 tibi,
2897 2997 3140 3053 Domine.
3170 2999 3276 3056 Sed
3299 3003 3367 3057 de
3395 3002 3511 3073 ipso

226 3111 286 3148 es
313 3094 558 3154 muliere,
591 3091 789 3161 factum
817 3092 912 3149 sub
951 3091 1080 3161 lege.
1108 3090 1278 3157 Quem
1303 3093 1437 3146 enim
1469 3093 1611 3148 misit
1655 3092 1815 3160 Deus,
1845 3079 1891 3143 C
1922 3083 2085 3138 etiam
2115 3081 2297 3138 futuro
2341 3085 2632 3139 novissimo
2671 3083 2877 3153 judicio
2921 3088 3097 3143 videte
3141 3090 3268 3160 quid
3313 3092 3457 3147 dicat
3491 3110 3505 3144 :

224 3186 377 3238 verba
411 3182 510 3237 Dei
539 3182 799 3254 loquitur;
831 3182 933 3237 hoc
959 3185 1146 3253 utique
1174 3183 1240 3238 de
1260 3183 1478 3238 Christo
1501 3184 1736 3248 dicebat,
1761 3193 1824 3239 ut

228 3277 369 3329 scab
396 3274 490 3329 illo
519 3274 897 3344 distingueret.
930 3324 935 3331 .

295 3370 423 3424 Non
487 3370 629 3422 enim
690 3368 761 3421 ad
821 3383 1119 3423 mensuram
1184 3366 1275 3420 dat
1341 3366 1485 3421 Deus
1559 3366 1820 3435 spiritum.

230 3460 358 3515 Audi
404 3458 729 3529 Apostolum
784 3457 1054 3513 dicentem
1105 3475 1118 3512 :
1170 3459 1471 3514 Secundum
1523 3474 1823 3513 mensuram

222 3553 531 3607 donationis
553 3548 751 3604 Christi
776 3550 1074 3604 ltbutittibus
1099 3550 1169 3604 ad
1189 3565 1492 3605 mensuram
1511 3549 1624 3603 dat.
1653 3549 1825 3604 Unico

230 3644 362 3697 Filio
392 3658 503 3696 non
536 3642 630 3696 dat
657 3640 726 3695 ad
754 3656 1099 3704 mensuram;
1126 3641 1396 3709 quomodo
1424 3639 1729 3696 hominibus
1757 3639 1823 3694 ad

228 3748 567 3788 mensuram.
617 3730 722 3784 Alii
762 3732 973 3801 quidem
1024 3731 1184 3785 datur
1227 3745 1321 3800 per
1366 3727 1622 3799 Spiritum
1655 3746 1824 3784 sermo

226 3825 528 3895 εαρὶειιιὲην,
556 3824 653 3878 alii
680 3839 849 3877 sermo
872 3823 1106 3878 scientiae
1131 3821 1421 3877 secundum
1439 3821 1681 3876 eumdem
1702 3819 1819 3892 Spi-

230 3918 389 3969 ritum
408 3957 423 3980 ,
454 3915 550 3968 alii
581 3914 712 3982 ﬁdes
741 3914 795 3967 in
837 3913 1015 3967 eodem
1046 3911 1271 3981 Spiritu,
1302 3911 1395 3966 alii
1417 3912 1704 3981 prophetia,
1731 3910 1825 3964 alii

223 4005 490 4075 iudicatio
532 4005 840 4073 spirituum,
885 4001 1041 4055 alteri
1096 4017 1289 4072 genera
1337 4000 1663 4070 linguarum,
1732 3999 1825 4055 alii

230 4094 369 4149 dona
395 4096 756 4149 curationum.

300 4182 469 4239 Pater
519 4183 694 4254 diligit
728 4181 947 4236 Filium.
998 4180 1182 4249 Quare
1231 4182 1413 4237 enim?
1450 4181 1613 4237 Pater
1651 4180 1826 4249 diligit

229 4271 524 4337 Joannem.
558 4281 617 4328 et
642 4282 820 4327 tamen
846 4285 955 4326 non
982 4271 1165 4325 omnia
1203 4270 1351 4325 dedit
1379 4270 1434 4324 in
1463 4284 1626 4324 manu
1665 4268 1820 4339 ejus;

235 4363 397 4420 Pater
418 4363 600 4431 diligit
627 4361 878 4426 Paulum,
919 4368 978 4417 et
1005 4369 1187 4417 tamen
1228 4376 1334 4415 non
1365 4361 1546 4415 omnia
1579 4360 1728 4415 dedit
1766 4360 1819 4415 in

235 4470 393 4509 uano
429 4453 574 4523 ejus.
608 4451 771 4507 Pater
796 4451 969 4523 diligit
1022 4448 1243 4516 Filium,
1282 4450 1380 4507 sed
1420 4451 1690 4520 quomodo
1727 4464 1820 4519 pa-

234 4556 319 4600 ter
367 4546 578 4608 lilium,
634 4558 741 4599 non
787 4543 1057 4613 quomodo
1107 4541 1358 4598 dominus
1423 4556 1674 4607 servum;
1722 4543 1819 4599 sed

232 4638 505 4707 quomodo
545 4637 787 4699 unicum,
821 4649 928 4691 non
966 4635 1234 4704 quomodo
1261 4634 1592 4703 adoptatum.

306 4729 496 4797 Itaque
523 4728 702 4783 omnia
731 4727 874 4781 dedit
896 4727 958 4785 ,in
980 4742 1142 4783 manu
1169 4725 1304 4795 ejus.
1334 4723 1472 4792 Quid
1494 4733 1577 4780 est
1594 4723 1823 4779 omnia?

233 4819 304 4875 L't
338 4828 522 4873 tantus
572 4817 644 4871 sit
690 4815 889 4879 Filius,
930 4824 1168 4885 quantus
1192 4824 1277 4870 est
1325 4813 1507 4870 Pater.
1558 4814 1822 4871 Dominus

228 4910 401 4973 enim,
425 4907 591 4963 Pater
617 4915 674 4962 et
712 4905 903 4971 Filius,
940 4914 995 4961 et
1040 4904 1279 4974 Spiritus
1312 4913 1553 4971 sanctus,
1585 4922 1726 4963 unus
1765 4914 1823 4963 et

226 5000 578 5070 omnipotens
606 5005 692 5053 est
739 4995 1088 5067 Deum-cuius
1124 5004 1210 5050 est
1258 5011 1363 5050 una
1392 4995 1662 5061 voluntas,
1713 5012 1821 5051 una

224 5099 488 5160 potestas,
520 5088 617 5158 qui
665 5087 722 5141 in
764 5086 938 5142 tribus
965 5094 1147 5142 exstat
1169 5086 1415 5156 personis
1462 5095 1517 5140 et
1551 5102 1657 5142 una
1688 5089 1819 5143 sub-

225 5179 431 5233 stantia
473 5178 662 5232 vivens
702 5184 759 5229 et
792 5190 1020 5247 regnans
1054 5191 1150 5245 per
1193 5175 1373 5230 omnia
1414 5175 1611 5232 smcula
1650 5190 1822 5232 ssecu-

222 5268 427 5322 lnrum.
447 5268 651 5322 Muen.

753 5355 1032 5414 IIOMILIA
1074 5355 1313 5412 XXXIII.

899 5461 1059 5502 FEBIA
1092 5463 1167 5502 Vl.

335 5539 526 5599 Lectio
556 5538 741 5597 sancti
777 5537 1059 5610 Evangelii
1095 5539 1390 5596 secundum
1418 5540 1701 5598 Joannem.

308 5632 377 5688 lu
406 5638 498 5691 illo
539 5640 799 5703 tempore,
827 5629 963 5685 dixit
1009 5628 1168 5685 Iesus
1207 5631 1479 5701 discipulis
1509 5635 1618 5687 suis
1649 5651 1666 5687 :
1710 5631 1819 5704 Ego

1851 4412 1899 4471 D

1926 3172 2032 3238 Qui
2060 3174 2255 3243 spernit
2287 3190 2387 3239 me,
2416 3184 2463 3227 et
2492 3192 2595 3229 non
2638 3178 2826 3246 accipit
2867 3178 3018 3232 verba
3049 3195 3186 3243 mea,
3222 3180 3376 3236 habet
3416 3184 3509 3254 qni

1914 3261 2119 3331 judicet
2144 3279 2294 3325 eum;
2324 3280 2494 3317 sermo
2527 3282 2680 3334 quem
2719 3265 2927 3322 locutus
2972 3286 3106 3335 sum,
3139 3270 3226 3325 ille
3246 3272 3511 3342 judicabit

1923 3369 2037 3406 eum
2065 3355 2119 3407 in
2142 3355 2418 3409 novissimo
2438 3355 2543 3409 die.
2566 3357 2659 3411 Ait
2686 3371 2845 3430 ergo:
2875 3358 2980 3423 Qui
3015 3363 3207 3429 spernit
3224 3377 3305 3417 me
3331 3374 3381 3417 et
3405 3380 3509 3419 nou

1924 3445 2111 3514 accipit
2140 3444 2292 3499 verba
2319 3461 2455 3509 utea,
2479 3445 2634 3500 ltubet
2652 3449 2741 3518 qui
2756 3448 2962 3519 judicet
2990 3467 3140 3516 eum;
3167 3469 3336 3509 sermo
3357 3472 3510 3525 quem

1924 3536 2128 3590 locutus
2140 3535 2636 3608 sum,illejudic.‘tbit
2652 3555 2769 3593 cum
2784 3540 2837 3595 in
2854 3541 3132 3596 nouissimo
3145 3543 3249 3596 die.
3268 3542 3385 3599 Non
3404 3546 3506 3603 ait:

1924 3628 2026 3697 Qui
2049 3631 2254 3700 spernit
2275 3646 2383 3697 me,
2406 3642 2460 3688 et
2484 3649 2590 3688 non
2618 3634 2816 3705 accipit
2836 3638 3001 3692 verba
3027 3654 3284 3710 mea,ch
3305 3657 3411 3695 non
3426 3644 3513 3712 ju-

1924 3721 2047 3777 dico
2060 3737 2182 3776 eum
2206 3723 2263 3776 in
2278 3724 2572 3779 novissimo
2586 3725 2689 3781 die.
2712 3725 2867 3781 Venit
2883 3742 3012 3798 ergo
3024 3728 3192 3784 Filius
3206 3730 3301 3791 Dei
3314 3731 3384 3786 ad
3396 3735 3512 3797 sal-

1922 3813 2179 3879 vandum,
2227 3828 2333 3868 non
2362 3814 2429 3869 ad
2446 3813 2821 3882 judicandum.
2853 3818 2978 3874 Ideo
3001 3821 3159 3885 dixit,
3187 3838 3292 3878 non
3320 3824 3511 3895 judico

1923 3917 2063 3966 eum,
2102 3900 2157 3956 id
2197 3910 2281 3958 est
2319 3903 2499 3969 modo,
2542 3904 2596 3958 id
2635 3915 2719 3961 est
2767 3907 2821 3962 in
2850 3910 3125 3979 prtescnti,
3175 3913 3271 3967 sed
3322 3914 3510 3985 judico

1924 4006 2045 4045 eum
2075 3992 2129 4046 in
2158 3994 2455 4051 novissimo
2486 3995 2592 4051 die.
2624 3996 2762 4052 Cum
2788 3999 2934 4054 enim
2958 4001 3207 4070 dixisset,
3233 4003 3337 4071 Qui
3364 4024 3511 4077 sper-

1924 4080 1999 4134 nit
2034 4098 2134 4147 me,
2181 4093 2229 4138 et
2269 4101 2373 4139 non
2404 4086 2591 4158 accipit
2639 4088 2794 4144 verba
2838 4107 2973 4158 utea,
2995 4094 3148 4149 liabet
3174 4097 3265 4165 qui
3303 4098 3510 4169 judicet

1923 4185 2062 4237 eum,
2105 4177 2547 4244 exspectantibus
2570 4179 2822 4249 quisnam
2851 4181 2939 4237 ille
2967 4194 3135 4249 esset,
3163 4197 3359 4243 cautus
3403 4190 3501 4245 ad-

1915 4259 2097 4330 junxit
2127 4282 2140 4318 :
2177 4264 2360 4322 Sermo
2386 4285 2540 4339 quem
2582 4268 2787 4327 locutus
2816 4290 2954 4338 sunt,
2983 4273 3070 4329 ille
3087 4275 3348 4346 judicabit
3386 4297 3507 4334 eum

1923 4353 1978 4406 in
2009 4356 2288 4411 novissimo
2314 4358 2419 4413 die.
2454 4358 2702 4430 Seipsum
2736 4363 2935 4432 quippe
2962 4364 3173 4421 locutus
3198 4378 3325 4435 est,
3364 4372 3509 4441 seip-

1922 4458 2040 4499 sum
2071 4448 2428 4514 annuntiavit,
2471 4451 2709 4521 scipsum
2747 4451 2968 4520 januatn
3011 4457 3214 4525 posuit,
3254 4474 3362 4530 qua
3392 4461 3507 4532 ipse.

1921 4536 1990 4589 ad
2015 4550 2143 4591 oves
2171 4549 2358 4608 pastor
2398 4539 2649 4596 intraret.
2695 4542 2867 4598 Aliter
2904 4545 3088 4616 itaque
3116 4546 3507 4617 judicabuutur

1921 4628 2013 4698 qui
2040 4645 2147 4684 non
2178 4632 2488 4696 audierunt,
2520 4642 2575 4687 et
2602 4634 2695 4703 qui
2733 4635 3023 4693 audierunt
3066 4650 3124 4695 et
3166 4651 3506 4716 contempse-

1923 4727 2068 4772 runt.
2100 4720 2204 4785 Qui
2250 4721 2388 4775 enim
2414 4723 2527 4777 sine
2551 4724 2661 4795 lege
2683 4740 3047 4796 peccaverunt,
3077 4732 3155 4786 ait
3175 4732 3499 4804 Apostolus,

1919 4811 2030 4863 sine
2048 4810 2155 4880 lege
2175 4812 2449 4882 peribunt;
2468 4823 2517 4867 et
2538 4815 2629 4887 qui
2650 4815 2705 4870 in
2725 4816 2836 4889 lege
2849 4833 3210 4890 peccauerunt,
3222 4841 3318 4895 per
3339 4825 3503 4899 legens

1912 4899 2321 4970 judicabtmtur.

1995 4990 2132 5056 Quia
2164 5009 2276 5063 ego,
2318 4994 2523 5064 inquit,
2560 5012 2624 5051 e1;
2648 5014 2729 5052 me
2750 5016 2852 5055 non
2876 5018 2993 5056 sum
3028 5002 3253 5063 locutus.
3276 5009 3420 5066 Idem
3444 5028 3504 5070 se

1922 5085 2053 5140 dicit
2098 5102 2203 5142 non
2254 5086 2491 5143 locutum
2523 5104 2592 5147 ex
2634 5090 2836 5162 seipso.
2882 5092 3004 5152 1am
3041 5095 3147 5156 hoc
3184 5116 3326 5172 sarpe
3367 5103 3506 5159 dixi-

1922 5189 2044 5230 mus
2071 5177 2214 5245 quod
2241 5177 2411 5235 Filius
2436 5192 2468 5231 a
2492 5194 2554 5237 se
2577 5196 2686 5243 non
2717 5190 2822 5252 est,
2851 5185 2949 5243 sed
2974 5201 3007 5243 a
3034 5184 3226 5258 Patre;
3261 5191 3384 5248 ideo
3409 5192 3505 5248 ad-

1923 5266 2103 5337 iunxit
2130 5287 2144 5324 :

1998 5360 2105 5416 Sed
2128 5361 2221 5434 qui
2247 5361 2388 5425 misit
2416 5378 2497 5418 me
2526 5361 2711 5431 Pater,
2744 5365 2852 5436 ipse
2879 5368 3007 5422 milii
3026 5369 3336 5428 mandatum
3359 5370 3507 5433 dedit

1924 5451 2051 5521 quid
2079 5451 2253 5506 dicam
2278 5461 2327 5508 et
2351 5452 2476 5524 quid
2497 5452 2703 5526 loquar.
2730 5453 2846 5510 Non
2872 5457 3017 5512 enim
3044 5456 3284 5515 locorum
3304 5460 3503 5531 spatio,

1928 5557 2036 5595 non
2062 5539 2391 5613 syllabarum
2417 5542 2791 5613 expressicue,
2817 5558 2929 5600 non
2958 5546 3131 5605 vocali
3169 5561 3307 5604 sono
3339 5546 3507 5607 Pater

1927 5632 2064 5687 Filio
2103 5632 2359 5707 loquitur,
2402 5639 2464 5686 ut
2501 5629 2673 5691 Filius
2713 5634 3026 5691 mandatum
3075 5636 3251 5695 Patris
3292 5638 3497 5703 audin.
