3962 6180
502 238 630 291 “207

1180 239 1239 292 Β.
1285 238 1535 293 RABANI
1575 236 1790 292 MAURl
1832 237 2148 292 ARCHIEP.
2195 234 2501 292 MOGUNT.
2546 234 2825 291 OPERUM
2867 235 3043 289 PARS
3083 236 3142 290 ll.

3647 308 3653 315 ,
3678 242 3784 299 2's

510 356 664 403 sicut
696 349 836 403 illius
862 332 1101 404 lmmiuis
1124 353 1191 405 ab
1222 351 1437 404 homine
1467 349 1653 403 audire
1680 348 1817 403 solet
1841 350 1969 419 quid
2014 365 2109 419 pa—
2140 354 2181 410 Α
2215 360 2292 402 tra
2321 348 2462 419 quod
2488 349 2747 419 quidquid
2791 350 2915 403 boni
2941 352 3170 421 agimus,
3203 353 3303 406 hoc
3349 367 3377 405 a
3416 353 3529 409 Deo
3556 356 3775 408 donant-2

529 452 611 493 ter
646 440 865 494 mandet
890 441 996 505 illi;
1031 441 1122 495 sed
1150 441 1339 494 unicus
1366 439 1535 494 Filius
1560 448 1643 494 est
1670 438 1903 493 Verbum
1932 439 2111 494 Patris

512 539 579 584 ct
608 529 1081 599 sapientia‘Patris,
1109 530 1161 583 in
1192 528 1281 583 illo
1302 539 1427 583 sunt
1449 530 1626 584 omnia
1650 530 1896 582 mandata
1914 528 2106 591 Patris,

527 636 701 691 neque
746 620 891 675 enim
935 620 1243 674 mandatum
1278 620 1452 674 Patris
1494 620 1784 689 aliquando
1824 620 1992 675 Filius
2018 635 2109 675 ne-

498 713 707 777 scivit,
763 722 822 765 ut
870 726 992 765 eum
1053 726 1277 767 necesse
1325 721 1471 767 esset
1505 729 1572 767 ex
1623 723 1861 783 tempore
1913 714 2110 768 habere

526 802 669 870 quod
712 803 917 870 accepit
960 812 1020 854 ut
1063 803 1333 857 nascendo
1376 803 1668 871 acciperet,
1699 804 2107 873 dederitqueilli
2137 822 2177 861 ta

525 891 793 964 gignendo
825 892 984 946 Pater
1016 892 1159 961 quod
1189 908 1294 946 non
1334 893 1583 957 haberet,
1628 895 1719 948 sed
1762 910 1883 948 eum
1927 895 2110 965 genuit

525 984 692 1038 vitam
729 983 1042 1049 habentem,
1073 984 1213 1039 sicut
1238 987 1485 1056 superius
1512 987 1585 1039 ait
1616 1005 1628 1039 :
1658 986 1803 1041 Sicut
1832 985 1991 1042 Pater
2014 989 2110 1042 hu-

523 1079 604 1133 bet
632 1081 810 1144 vitam,
832 1081 906 1133 sic
929 1079 1067 1133 dedit
1100 1090 1146 1133 et
1174 1079 1313 1133 Filio
1344 1083 1494 1134 vi:am
1520 1083 1706 1137 habere
1737 1085 1789 1137 in
1813 1086 2103 1154 semetipso,

522 1172 574 1226 id
606 1183 709 1237 est,
739 1174 924 1244 genuit
956 1171 1149 1227 Filium
1179 1173 1343 1226 vitam
1369 1174 1651 1227 habentem
1691 1176 1742 1229 in
1784 1177 2071 1245 semetipso
2092 1219 2104 1237 ,

523 1265 602 1320 sic
633 1265 764 1319 dicit
794 1265 903 1328 hic,
937 1263 1083 1318 Sicut
1128 1266 1437 1319 mandatum
1474 1266 1613 1320 dedit
1657 1267 1783 1320 mihi
1829 1267 2026 1332 Pater;
2056 1279 2111 1324 et

523 1353 649 1423 quia
700 1361 900 1406 acterna
930 1361 1012 1407 est
1059 1353 1174 1423 ipsa
1211 1356 1485 1417 nativitas,
1538 1372 1811 1425 nunquam
1856 1373 1961 1411 non
2010 1358 2111 1413 fuit

512 1442 710 1507 “Filius,
742 1444 832 1512 qui
863 1452 947 1497 est
970 1444 1107 1510 vita;
1142 1453 1197 1498 et
1240 1446 1378 1499 sicut
1408 1455 1491 1499 est
1525 1447 1634 1500 vita
1665 1455 1883 1507 acterna,
1937 1450 2009 1502 ita
2053 1461 2107 1502 et

488 1540 495 1545 '
519 1535 838 1588 mandatum
866 1551 880 1589 :
914 1550 1018 1588 non
1038 1535 1367 1603 quod'Filius
1388 1551 1491 1590 non
1518 1537 1713 1591 habeat
1757 1537 1913 1591 Pater
1934 1538 2113 1612 dedit,

518 1626 610 1679 se.l
636 1626 774 1679 sicut
799 1625 930 1691 dixi,
962 1626 1015 1679 in
1044 1626 1307 1695 sapientia
1338 1626 1536 1692 Patris,
1560 1628 1702 1696 quod
1744 1639 1827 1683 est
1871 1629 2103 1684 Verbum

2215 442 2572 512 percepimus.
2620 442 2745 496 lude
2797 444 2995 496 ett-nim
3034 444 3253 498 Patrem
3311 445 3571 501 luminum
3610 449 3782 519 appel-

2214 535 2306 597 lat,
2347 535 2472 605 quia
2516 546 2790 589 aucto'em
2838 536 2988 590 novit
3022 538 3227 606 spirital
3255 554 3343 591 um
3373 540 3780 608 charismatum,

2213 628 2297 681 cui
2328 638 2587 682 consonat
2618 628 2747 683 illud
2790 628 3033 697 Apostoli
3066 647 3078 681 :
3123 629 3262 694 Quid
3302 632 3437 684 enim
3468 633 3622 687 habes
3653 637 3782 705 quod

2215 734 2317 771 non
2353 718 2597 787 accepisti
2614 718 2639 771 ?

2283 808 2436 878 Apud
2487 825 2639 879 quem
2682 825 2783 862 non
2829 819 2904 861 est
2952 811 3347 874 transmutatio,
3399 829 3490 865 nec
3534 814 3785 868 vicissitu-

2211 897 2346 951 dinis
2378 897 2719 951 obumbratio.
2750 897 2885 965 Quia
2912 900 2962 951 in
2986 898 3077 952 Dei
3112 909 3299 953 natura
3326 902 3654 957 mutabilitas
3682 922 3781 958 non

2211 998 2313 1053 est,
2344 988 2721 1059 ncquclumeu
2749 989 2865 1059 ejus
2892 989 3030 1043 sicut
3071 990 3250 1044 lumen
3282 992 3441 1061 hujus
3472 996 3652 1048 mundi
3691 996 3779 1049 ali-

2210 1096 2315 1149 qua
2359 1078 2748 1133 vicissitudinis
2794 1082 2983 1135 umbra
3018 1082 3311 1136 intercidit.
3356 1083 3551 1153 Liquet
3577 1087 3782 1156 utique,

2209 1171 2334 1239 quia
2369 1170 2479 1224 sola
2509 1170 2661 1223 nobis
2690 1172 2827 1225 dona
2873 1171 3023 1235 lueis,
3071 1180 3127 1225 et
3175 1186 3281 1227 non
3326 1175 3488 1228 etiam
3541 1179 3785 1233 tenebras

2211 1261 2374 1314 mittit
2403 1276 2672 1314 errorum.

2288 1349 2594 1404 Voluntaria
2622 1352 2757 1404 enim
2793 1356 2967 1421 genuit
2997 1370 3087 1407 nos
3116 1354 3268 1408 verba
3299 1357 3554 1410 veritatis.
3599 1358 3658 1411 Et
3687 1358 3803 1410 llo?

2210 1444 2386 1498 minus
2428 1445 2478 1498 in
2526 1445 2813 1516 Evangelio
2845 1465 2855 1498 :
2904 1447 3022 1501 Non
3061 1465 3148 1502 ros
3177 1466 3255 1503 me
3299 1450 3542 1519 elegistis.
3578 1454 3742 1523 inq-iit
3766 1495 3782 1515 .

2207 1534 2296 1586 sed
2329 1550 2422 1604 ego
2449 1533 2578 1603 elegi
2607 1552 2713 1588 vos.
2751 1535 2816 1589 Et
2842 1536 2895 1589 in
2922 1536 3058 1591 Osee
3084 1540 3343 1608 propheta
3378 1560 3389 1594 :
3432 1541 3653 1613 Diligcm
3697 1562 3781 1597 ros

2207 1634 2503 1694 spontanee.
2534 1626 2667 1692 Quia
2696 1642 2825 1694 ergo
2847 1628 3060 1683 dixerat
3085 1650 3096 1684 :
3129 1630 3294 1687 Omne
3322 1633 3505 1687 datum
3534 1639 3780 1706 Optimum

518 1713 711 1778 Patris,
736 1717 917 1769 omnia
954 1717 1203 1770 mandata
1233 1725 1356 1771 sunt
1404 1716 1596 1772 Patris.
1627 1718 1885 1788 Sequitur
1908 1721 2053 1775 enim
2086 1740 2098 1774 :
2137 1734 2176 1791 Β
2205 1723 2250 1766 cl
2278 1730 2426 1768 omne
2451 1716 2646 1770 donum
2671 1717 2954 1786 perfectum
3003 1737 3034 1773 α
3084 1721 3188 1775 Deo
3215 1724 3550 1787 descendere,
3599 1742 3783 1781 conse-

587 1806 656 1859 Εἰ
678 1808 786 1862 scio
805 1808 927 1878 quia
946 1808 1251 1862 mandatum
1274 1809 1387 1878 ejus
1412 1812 1512 1863 vita
1542 1822 1736 1864 (eterna
1762 1823 1856 1865 est.
1891 1811 1947 1867 Si
1973 1829 2101 1885 ergo

515 1899 624 1952 vita
655 1909 857 1954 aeterna
885 1909 968 1955 est
996 1901 1110 1967 ipse
1150 1900 1338 1961 Filius,
1370 1911 1424 1955 et
1452 1903 1560 1955 vita
1612 1912 1809 1957 :eterna
1835 1914 1920 1960 est
1950 1922 2103 1959 man-

515 1990 699 2046 datum
729 1993 923 2057 Patris,
954 1994 1080 2063 quid
1107 1994 1251 2048 aliuzl
1279 1994 1480 2049 dictum
1513 2003 1805 2064 estquam,
1846 1998 1957 2067 Ego
1981 2015 2100 2052 sum

515 2085 829 2138 mandatum
883 2083 1090 2139 Patris?
1123 2084 1353 2139 Proinde
1396 2096 1449 2140 et
1481 2087 1531 2140 id
1575 2088 1717 2156 quod
1766 2087 2007 2159 arljuugit
2047 2100 2100 2144 et

514 2174 646 2230 dicit
678 2191 691 2227 :
728 2174 858 2239 Qua:
884 2190 976 2243 ego
1019 2176 1202 2243 loquor
1224 2178 1357 2228 sit'ttt
1388 2176 1511 2228 mihi
1552 2176 1684 2229 dixit
1716 2176 1894 2243 Pater,
1924 2180 1999 2232 sic
2022 2180 2101 2232 lo-

512 2279 805 2334 φησι-,11011
840 2265 1190 2334 accipiamus,
1220 2266 1350 2319 dixit
1384 2267 1529 2330 mihi,
1560 2269 1713 2336 quasi
1745 2270 1911 2324 verbo
1949 2269 2095 2324 locu-

514 2367 598 2410 tus
622 2356 691 2410 sit
722 2356 881 2411 unico
904 2357 1101 2422 Verbo,
1133 2367 1224 2411 aut
1249 2368 1434 2429 egeret
1460 2359 1552 2413 Dei
1584 2360 1761 2415 verbis
1787 2361 1931 2417 Deus
1961 2360 2096 2416 Ver-

512 2448 659 2502 bum.
695 2447 838 2502 Dixit
868 2463 996 2520 ergo
1020 2447 1181 2502 Pater
1202 2447 1357 2513 Filio,
1391 2447 1535 2503 Sicut
1563 2450 1702 2503 dedit
1732 2446 1873 2503 Filio
1908 2452 2091 2515 vitam,

511 2553 615 2592 non
645 2539 786 2609 quod
819 2539 1096 2593 nesciebat
1121 2538 1204 2593 vel
1242 2554 1346 2594 non
1376 2540 1624 2605 habebat,
1654 2541 1746 2595 sed
1777 2541 1890 2611 ipse
1926 2541 2096 2596 Filius

508 2637 647 2682 erat.
675 2628 811 2696 Quid
838 2637 923 2683 est
950 2638 1153 2692 autem,
1183 2627 1332 2683 Sicut
1351 2628 1482 2683 dixit
1510 2631 1634 2683 mihi
1662 2631 1736 2684 sic
1764 2630 1964 2701 loquor,
1993 2632 2095 2687 nisi

509 2720 735 2772 verbum
766 2718 992 2787 loquor?
1032 2719 1108 2773 lta
1142 2719 1229 2773 ille
1260 2719 1395 2773 dixit
1423 2720 1523 2773 ista
1554 2728 1611 2772 ut
1637 2735 1821 2785 verax,
1857 2721 1957 2776 iste
2006 2722 2086 2775 lo~

511 2811 695 2880 quitur
729 2818 787 2864 ut
826 2811 1068 2873 veritas;
1118 2825 1280 2864 verax
1327 2819 1507 2863 autem
1555 2811 1738 2880 genuit
1788 2813 2090 2867 veritatem.

510 2900 646 2966 Quid
679 2914 808 2969 ergo
831 2897 947 2966 jam
976 2898 1176 2953 diceret
1197 2898 1445 2952 veritati?
1470 2898 1586 2953 Non
1612 2899 1755 2953 enim
1781 2901 2093 2971 imperfecta

510 3000 627 3045 erat
674 2991 875 3045 veritas
926 2990 1010 3043 cui
1054 2990 1277 3045 verbum
1322 2989 1540 3058 aliquod
1586 2991 1909 3057 adderetur;
1959 2991 2096 3046 dixit

2205 1817 2432 1873 quenter
2462 1809 2657 1862 astruit
2705 1810 2949 1866 addendo
3001 1813 3127 1881 quia
3174 1830 3280 1870 non
3329 1819 3530 1872 nostris
3579 1821 3785 1874 meritis

2204 1897 2297 1950 sed
2333 1913 2444 1951 sua:
2466 1898 2728 1953 beneficio
2751 1901 3042 1957 voluntatis
3064 1920 3159 1973 per
3184 1921 3379 1975 aquam
3422 1912 3786 1979 regeneratio-

2204 1987 2288 2041 nis
2315 1988 2381 2042 de
2402 1988 2524 2043 filiis
2553 1991 2895 2065 tenebrarum
2921 2009 3019 2047 uos
3049 1995 3099 2048 in
3136 1995 3272 2051 ﬁlios
3297 1998 3432 2055 lucis
3472 2006 3780 2060 mutaverit.

2276 2075 2343 2160 Ψ
2372 2079 2537 2132 simus
2571 2080 2778 2133 initium
2824 2081 3037 2153 aliquod
3069 2097 3325 2142 creatura:
3350 2091 3485 2160 ejus.
3527 2093 3602 2148 Ne
3633 2096 3683 2149 iu
3717 2114 3786 2151 eo

2202 2153 2343 2234 quod
2374 2166 2450 2221 ait
2474 2170 2674 2237 genuit,
2704 2170 2806 2224 hoc
2838 2187 2937 2224 nos
2966 2173 3083 2227 lieri
3128 2183 3443 2245 putaremus
3480 2185 3621 2249 quod
3667 2187 3787 2254 ipse

2200 2266 2305 2321 est,
2340 2258 2462 2314 ideo
2490 2260 2849 2330 principatum
2881 2266 3167 2331 quemdam
3197 2277 3462 2325 creaturae
3490 2273 3643 2326 nobis
3678 2275 3787 2329 hac

2201 2348 2486 2418 adoptione
2516 2366 2830 2407 concessum
2860 2355 3116 2409 ostendit.
3161 2355 3267 2410 llos
3308 2360 3507 2413 etenim
3536 2363 3786 2417 versit-u-

2203 2439 2283 2495 los
2313 2442 2533 2509 quidam
2569 2444 2639 2496 ita
2671 2444 2979 2498 transtulit:
3011 2445 3182 2500 volens
3208 2451 3383 2516 genuit
3413 2467 3506 2504 nos
3530 2454 3677 2505 verba
3702 2470 3789 2507 re-

2201 2532 2372 2585 ritatis
2399 2540 2453 2585 ut
2494 2532 2658 2587 simus
2689 2534 2932 2602 primitiae
2960 2545 3321 2590 creaturarum
3342 2539 3477 2607 ejus,
3512 2541 3561 2594 id
3587 2551 3689 2605 est,
3725 2552 3784 2597 ut

2199 2624 2407 2678 creteris
2431 2639 2567 2694 quas
2590 2626 2861 2680 cernimus
2883 2628 3147 2683 creaturis
3169 2630 3335 2685 simus
3367 2633 3633 2687 meliores.
3663 2634 3785 2688 Pri-

2199 2711 2379 2766 mitias
2403 2728 2633 2782 namque
2660 2712 2871 2786 frugum
2893 2724 2947 2770 et
2972 2716 3327 2771 animantium
3359 2724 3665 2776 consecrari
3696 2725 3779 2778 lex

2199 2803 2458 2871 prteeipit,
2482 2804 2749 2873 primitias
2786 2805 2903 2859 auri
2929 2812 2984 2861 et
3010 2808 3219 2875 argenti
3257 2808 3325 2861 ad
3361 2824 3498 2879 opus
3523 2811 3780 2865 taberna-

2199 2893 2305 2947 culi
2328 2894 2490 2963 jussit
2529 2893 2784 2957 conl‘erri,
2815 2894 2865 2949 id
2894 2905 3000 2961 est,
3027 2898 3230 2967 Optima
3255 2914 3480 2968 quaeque
3503 2900 3554 2953 in
3587 2905 3785 2956 metal-

2202 2986 2297 3051 lis;
2350 2996 2405 3042 et
2444 2989 2511 3041 de
2560 2989 2779 3058 antiquo
2830 2988 2922 3043 Dei
2975 2990 3169 3059 popqu
3216 2991 3351 3045 dixit
3396 2994 3654 3062 propheta
3692 2993 3789 3049 Je-

509 3098 639 3152 ergo
678 3082 891 3136 veritati
926 3081 1052 3150 quia
1095 3082 1377 3136 veritatem
1415 3082 1615 3153 genuit.
1649 3082 1816 3137 Porro
1845 3084 1958 3153 ipsa
1991 3083 2091 3139 Vc-
2121 3083 2165 3143 C
2201 3079 2397 3133 remias
2427 3098 2439 3129 :
2470 3077 2691 3132 Sanctus
2715 3078 2881 3133 Israel
2900 3080 3383 3149 Domino,primitia
3407 3083 3618 3153 frugum
3640 3084 3785 3152 ejus.

512 3175 644 3228 ritas
686 3172 766 3228 sic
795 3172 1033 3242 loquitur
1061 3181 1119 3226 ut
1141 3173 1188 3226 ei
1219 3173 1418 3227 dictum
1450 3182 1564 3237 est,
1612 3175 1704 3228 sed
1752 3175 2093 3246 intelligenti-

511 3266 610 3317 hus
654 3279 793 3333 quos
844 3264 1001 3317 docet
1046 3273 1104 3316 ut
1151 3274 1275 3317 nata
1325 3273 1436 3327 est;
1487 3275 1543 3317 ut
1590 3275 1770 3318 autem
1812 3266 2093 3320 crederent

508 3353 754 3407 homines
778 3353 922 3422 quod
950 3353 1248 3425 intelligere
1280 3355 1515 3409 nomium
1540 3355 1738 3419 valent,
1766 3370 1833 3410 ex
1855 3371 1950 3410 ore
1974 3371 2092 3411 car-

508 3444 590 3499 nis
626 3444 788 3499 verba
819 3452 1137 3506 sonuerunt,
1187 3454 1239 3499 et
1265 3445 1514 3501 abierunt
1554 3446 1938 3502 transvolantis
1974 3448 2090 3502 soni

508 3534 745 3604 peractis
776 3534 999 3590 merulis
1043 3542 1342 3606 temporum
1389 3551 1629 3591 suorum.
1684 3536 1789 3591 Sed
1837 3553 1925 3591 res
1963 3538 2091 3607 ipsae

504 3638 737 3694 quarum
763 3624 915 3695 signa
943 3632 1067 3679 sunt
1098 3625 1248 3691 soni,
1287 3633 1470 3680 tracta:
1499 3627 1895 3695 quodammodo
1917 3628 1969 3681 in
1997 3643 2089 3682 eo-

511 3731 627 3771 rum
657 3718 976 3772 memoriam
1008 3718 1097 3787 qui
1128 3719 1437 3785 audierunt,
1468 3721 1630 3774 etiam
1658 3721 1724 3774 ad
1763 3737 1861 3775 nos
1885 3737 1981 3792 per
2007 3722 2089 3775 lit-

510 3817 679 3872 teras,
706 3823 827 3877 qua:
850 3808 1081 3862 visibilia
1113 3811 1261 3880 signa
1286 3820 1429 3875 sunt,
1458 3822 1839 3880 pervenerunt.
1874 3814 1989 3869 Non
2012 3815 2089 3869 sic

509 3897 745 3967 loquitur
780 3895 991 3951 Veritas
1034 3898 1454 3968 iutclligentibus
1485 3902 1791 3966 mentibus,
1828 3904 1970 3958 intus
2008 3902 2088 3957 lo-

510 3988 716 4057 quitur,
763 3986 879 4041 sine
919 4001 1051 4041 sono
1088 3987 1325 4051 instruit,
1366 3989 1685 4060 intelligibili
1713 4007 1843 4047 voce
1872 3993 2086 4061 proluu-

508 4081 607 4135 dit.
655 4079 757 4147 Qui
806 4093 935 4149 ergo
973 4088 1151 4149 potest
1202 4080 1255 4133 in
1298 4097 1360 4134 ea
1401 4080 1581 4135 videre
1633 4084 1928 4138 nativitatis
1972 4086 2088 4153 ejus

511 4171 895 4233 aeternitatem,
914 4170 1028 4240 ipse
1057 4168 1198 4224 illam
1227 4171 1307 4225 sic
1329 4170 1474 4225 audit
1498 4171 1823 4241 loquentem.
1859 4173 2011 4229 Sicut
2036 4176 2084 4230 ei

507 4261 820 4318 dixitPater
839 4261 965 4331 quid
989 4261 1316 4331 loqueretur,
1342 4262 1597 4317 excitavit
1616 4280 1712 4318 nos
1738 4267 1803 4318 ad
1834 4281 2083 4336 maguum

504 4355 835 4409 desiderium
867 4354 1140 4409 interioris
1161 4353 1459 4408 dulcedinis
1484 4370 1611 4408 sure.
1656 4356 1758 4410 Sed
1789 4359 2082 4412 crescendo

2270 3167 2458 3232 Scitis,
2510 3169 2699 3238 fratres
2748 3171 2849 3222 mei
2890 3169 3083 3223 dilecti.
3136 3170 3524 3237 Notissimum,
3580 3175 3788 3244 inquit,

2198 3259 2352 3312 vobis
2371 3265 2473 3321 est,
2502 3258 2645 3327 quod
2675 3274 2705 3311 a
2740 3259 2892 3313 vobis
2923 3260 3052 3328 ipsis
3092 3261 3356 3315 habuistis
3383 3262 3449 3316 ad
3486 3262 3617 3316 vitia
3645 3264 3786 3328 labi,

2198 3366 2228 3403 a
2260 3350 2488 3405 Domino
2529 3359 2707 3404 autem
2738 3366 2836 3405 vos
2873 3350 3155 3413 illustrari,
3199 3368 3301 3405 non
3343 3362 3520 3407 vestra
3548 3356 3796 3423 promis-

2197 3442 2367 3505 sione,
2399 3443 2491 3495 sed
2516 3456 2745 3510 superna
2769 3441 2940 3511 gratia
2963 3456 3060 3495 vos
3078 3441 3442 3510 prtereniente
3461 3443 3711 3512 contigit.

2268 3530 2347 3587 Sit
2377 3543 2551 3586 autem
2579 3533 2743 3585 omnis
2765 3532 2918 3585 hante
2940 3531 3087 3586 uelox
3113 3533 3183 3585 ad
3209 3533 3552 3597 audiendum,
3592 3538 3794 3590 tardus

2195 3623 2264 3677 ad
2303 3623 2639 3693 loquendum,
2677 3632 2725 3676 et
2772 3622 2956 3675 tardus
3004 3622 3074 3675 ad
3102 3624 3256 3676 iram.
3297 3621 3433 3679 Hinc
3471 3624 3797 3680 auditorem

2197 3713 2490 3769 moralibus
2521 3714 2738 3768 instruit
2779 3715 3088 3784 pneceptis,
3116 3723 3172 3769 et
3199 3722 3346 3769 recte
3384 3716 3560 3785 primo
3590 3717 3796 3773 admo—

2195 3813 2287 3860 net
2301 3819 2484 3858 aurem
2509 3818 2774 3874 quemque
2788 3805 2948 3859 citius
2970 3804 3381 3860 accommodare
3402 3807 3635 3873 docenti,
3650 3822 3799 3865 sero

2195 3907 2373 3951 autem
2417 3910 2479 3949 os
2521 3896 2586 3948 ad
2633 3895 2930 3948 docendum
2960 3896 3172 3964 aperire
3217 3915 3228 3949 :
3262 3897 3390 3964 quia
3430 3896 3656 3951 stultum
3695 3907 3800 3954 est

2194 3985 2484 4056 qitemlibet
2506 4000 2625 4054 qua:
2661 3985 2773 4053 ipse
2804 4000 2910 4039 non
2942 3986 3205 4040 didicerat
3249 3986 3372 4041 aliis
3401 3987 3537 4042 velle
3574 3991 3794 4057 praedi-

2194 4094 2335 4131 care.
2366 4077 2464 4143 Qui
2493 4091 2619 4144 ergo
2647 4076 2967 4144 sapientiam
2992 4075 3181 4145 diligit,
3207 4077 3382 4145 primo
3408 4087 3467 4132 ut
3496 4095 3661 4149 supra
3686 4084 3799 4135 ad-

2195 4169 2422 4231 monuit,
2467 4169 2655 4222 hauca
2689 4168 2795 4222 Deo
2818 4168 3071 4237 postulet,
3104 4170 3299 4225 dehinc
3332 4173 3651 4242 magistrum
3686 4176 3803 4230 lm-

2195 4258 2333 4313 milis
2368 4260 2609 4314 veritatis
2656 4258 2869 4314 auditor
2914 4260 3183 4330 inquirat,
3224 4270 3279 4315 et
3324 4262 3466 4317 inter
3502 4264 3800 4335 agendum

2192 4365 2342 4402 suam
2368 4349 2681 4403 cautissime
2721 4349 2953 4418 linguam
2994 4365 3097 4403 non
3125 4349 3297 4404 solum
3337 4353 3406 4407 ah
3434 4353 3624 4408 otiosis
3659 4371 3804 4411 ser-

507 4447 804 4515 capiamus,
836 4445 1160 4500 ambulando
1191 4461 1521 4511 crescamus,
1544 4436 1874 4516 proliciendo
1901 4452 2088 4504 ambu-
2117 4426 2165 4485 D
2192 4441 2440 4495 ηιοηίὺυε
2460 4450 2731 4504 coerceat
2762 4455 2950 4495 νθιίιη)
2974 4450 3028 4494 ει
3048 4442 3161 4510 ipse
3187 4457 3348 4512 quam
3369 4453 3424 4498 θι
3444 4460 3617 4514 ηαβετ
3643 4445 3807 4500 “illi-

509 4535 706 4598 lemus,
739 4543 800 4588 ut
829 4535 1111 4602 pervenire
1154 4536 1423 4605 possimus
1450 4550 1548 4604 per
1572 4537 1807 4607 seipsum
1852 4539 1916 4592 ad
1950 4541 2090 4609 seip-

505 4641 646 4688 sum,
698 4625 875 4694 seipse
905 4626 1134 4680 ducente
1160 4642 1260 4681 nos
1282 4635 1338 4681 et
1360 4628 1706 4697 promittente
1754 4630 1928 4685 nobis.
1979 4632 2089 4703 Ego

505 4730 620 4769 sum
647 4715 757 4780 uia,
787 4723 839 4768 et
867 4716 1080 4779 veritus,
1114 4725 1161 4770 et
1189 4717 1324 4772 vita:
1351 4719 1439 4771 via
1462 4720 1846 4788 qumrentibus,
1886 4724 2089 4777 veritas

507 4804 925 4873 invenientibus,
949 4806 1059 4860 vita
1083 4809 1543 4876 permanentibus.
1566 4811 1681 4881 Ipse
1702 4812 1845 4867 enim
1876 4814 2009 4868 vivit
2033 4824 2088 4868 et

512 4903 703 4965 regnat
730 4894 873 4951 Deus
896 4911 994 4965 per
1018 4898 1197 4952 omnia
1224 4900 1417 4954 saecula
1446 4903 1781 4958 saaculorum.
1818 4905 2008 4961 Amen.

1024 5011 1305 5065 llOMlLIA
1346 5011 1586 5066 XXXIV.

758 5095 1007 5136 DOHINICA
1052 5097 1109 5133 111
1148 5096 1275 5135 POST
1312 5097 1559 5136 OCTAVA}!
1595 5097 1824 5139 ΡΑεειιιῑ.

753 5168 944 5223 Lectio
978 5168 1228 5237 Epistola:
1264 5168 1322 5224 Β.
1355 5169 1540 5227 Jacobi
1569 5172 1815 5242 apostoli.

575 5260 904 5325 Charissimi,
945 5275 1094 5313 omne
1126 5260 1308 5312 datum
1339 5262 1589 5329 Optimum
1620 5272 1667 5315 et
1709 5279 1859 5317 omne
1889 5263 2082 5318 donum

502 5353 822 5422 perfectum,
862 5348 1137 5404 desursum
1175 5360 1250 5405 est
1299 5351 1613 5406 descendens
1659 5371 1690 5407 a
1735 5353 1890 5408 Patre
1931 5354 2085 5408 lumi-

472 5476 475 5481 -
506 5458 650 5503 num,
697 5451 804 5497 etc.

468 5536 477 5543 ’
578 5532 866 5602 Postquam
909 5531 1090 5586 docuit
1134 5532 1262 5586 vitia
1310 5534 1506 5602 quibus
1570 5543 1842 5589 tentamur
1892 5550 1997 5590 non
2047 5553 2077 5591 a

476 5624 617 5677 -'Deo
647 5625 819 5692 nobis,
852 5626 945 5681 sed
983 5642 1012 5679 a
1044 5628 1199 5682 nobis
1238 5627 1369 5696 ipsis
1407 5629 1605 5695 inesse,
1642 5632 1874 5685 ostendit
1898 5647 1928 5687 e
1950 5650 2077 5688 con-

2191 4532 2264 4587 cit
2290 4532 2569 4586 veritatem
2593 4532 2989 4602 praedicandam
3019 4532 3317 4588 contineat.
3346 4533 3481 4590 Hine
3510 4534 3803 4593 Salomon

2190 4623 2255 4677 de
2281 4620 2533 4676 distantia
2560 4632 2858 4691 temporum
2886 4622 3218 4678 scribensait
3246 4642 3258 4678 :
3288 4624 3509 4696 Tempus
3536 4629 3803 4693 tacendi,

2188 4723 2236 4765 et
2283 4723 2482 4781 tempus
2545 4712 2809 4783 loquendi.
2881 4713 3016 4769 Hinc
3068 4714 3451 4787 Pythagorici,
3503 4718 3807 4775 naturalis

2189 4802 2429 4857 scientia:
2457 4804 2763 4873 magisterio
2788 4806 3019 4872 praediti,
3044 4806 3319 4860 auditores
3339 4822 3466 4861 suos
3493 4821 3592 4875 per
3614 4809 3807 4877 quin-

2188 4895 2482 4964 quennium
2503 4894 2692 4963 jubent
2717 4901 2876 4951 stlere
2906 4906 2959 4952 et
2989 4900 3067 4952 sic
3093 4899 3306 4953 demum
3331 4899 3634 4968 prmdicare
3659 4916 3810 4969 per-

2187 4988 2426 5041 mittunt.
2476 4987 2543 5041 Et
2576 4988 2759 5041 turdus
2787 4988 2856 5040 ad
2887 4989 3041 5042 iram.
3069 4990 3205 5065 Quia
3242 5009 3269 5042 u
3294 4990 3524 5045 aturitas
3553 4993 3811 5060 sapien-

2186 5077 2274 5129 tite
2322 5092 2425 5130 non
2466 5076 2568 5131 nisi
2599 5077 2889 5146 tranquilla
2926 5089 3106 5132 mente
3142 5079 3468 5148 percipitur;
3504 5081 3811 5150 scriptum

2185 5176 2267 5223 est
2315 5170 2490 5233 enim,
2537 5169 2662 5237 quia
2709 5168 2799 5221 Ira
2848 5170 2902 5223 in
2939 5171 3057 5223 sinu
3104 5171 3251 5223 stulti
3304 5172 3594 5241 requiescit.
3658 5172 3810 5230 Non

2189 5259 2263 5313 ita
2301 5259 2637 5314 velocitatem
2665 5260 2757 5313 ira:
2786 5268 2927 5314 vetat
2958 5270 3015 5314 ut
3041 5260 3200 5327 hujus
3231 5262 3543 5316 tarditatem
3572 5278 3815 5334 appro-

2188 5352 2300 5418 bet,
2331 5353 2426 5407 sed
2455 5353 2557 5406 hoc
2584 5353 2763 5422 potius
2792 5353 3064 5418 admonet,
3096 5362 3233 5407 utet
3258 5352 3375 5421 ejus
3400 5354 3533 5408 hora
3554 5367 3819 5423 ρει-ιαμ

2188 5445 2418 5511 ὺπυοιιίε
2441 5460 2504 5498 ac
2533 5444 2705 5499 litium
2754 5462 2821 5498 ne
2852 5445 3006 5498 nobis
3034 5444 3114 5498 ira
3141 5444 3406 5514 subripiat
3432 5461 3757 5503 caveamus
3792 5468 3814 5512 ς

2186 5545 2277 5589 aut
2303 5537 2348 5589 si
2379 5535 2517 5589 forte
2549 5535 2909 5604 subripuerit,
2953 5536 3096 5589 intra
3126 5536 3237 5590 oris
3268 5544 3417 5605 septa
3452 5535 3572 5603 ejus
3615 5540 3817 5596 cohi-

2184 5629 2403 5683 beamus
2432 5629 2707 5697 impetum,
2737 5638 2790 5681 ct
2813 5637 3006 5683 exacta
3039 5628 3170 5684 hora
3200 5628 3821 5692 diseriminisliberius
