3962 6180
207 369 312 428 aea
1281 361 1598 420 l-IOMILIJE.
1625 361 1691 416 IN
1731 359 1785 417 E‘

1893 360 1983 418 EG.
2023 361 2111 418 ET
2147 358 2358 419 EPIST.
2859 423 2864 428 _
3373 366 3436 419 ‘2!
3448 366 3483 422 Ο

208 501 326 542 eam
350 485 420 540 ad
448 483 724 552 integrum
759 498 791 537 a
823 489 1008 537 nostro
1033 478 1196 536 corde
1225 495 1322 549 per
1358 488 1568 548 tempus
1593 493 1792 547 expur-
1822 479 1871 538 Α
1972 476 2075 530 Sed
2103 493 2194 547 ego
2225 479 2489 531 ueritatem
2529 477 2642 530 dico
2686 476 2844 540 vobis,
2876 476 3076 547 expedit
3120 475 3256 531 vobis
3298 487 3352 530 ut
3387 493 3490 549 ego

207 591 424 648 genum;
454 573 540 628 vel
569 582 723 628 certe
753 573 940 627 tardos
973 571 1038 626 ad
1078 571 1214 624 iram
1254 585 1354 624 nos
1381 585 1501 624 esse
1530 567 1792 638 praecipit,
1900 569 2106 622 vadum.
2155 568 2381 638 Expedit
2421 575 2480 622 ut
2505 566 2676 622 forma
2723 568 2863 623 servi
2905 569 3100 624 vestris
3130 567 3488 648 subtrahatur

210 676 265 720 ut
286 682 394 721 non
419 665 701 736 quaslibet
727 665 796 718 ob
819 677 1010 718 causas
1037 661 1386 717 securitatem
1414 659 1587 714 nostri
1617 659 1797 713 vultus

209 757 260 810 in
300 755 686 810 austeritatem
732 762 1036 817 vertamus,
1073 751 1168 805 sed
1207 758 1356 808 certa
1399 747 1665 804 existente
1704 763 1794 800 ra-

210 848 392 912 tione,
448 845 602 900 verbi
661 845 834 916 gratia
862 885 878 910 ,
927 843 971 898 si
1020 842 1180 898 aliter
1224 841 1421 910 corrigi
1475 841 1793 910 proximos,

209 938 441 992 maxime
471 937 567 1006 qui
594 935 755 991 nobis
781 933 1056 991 commissi
1088 942 1244 999 sunt,
1289 947 1395 988 non
1423 947 1580 1002 posse
1600 946 1790 986 cerna-

209 1042 342 1089 mus,
369 1023 726 1080 severitatem
749 1037 879 1094 erga
902 1037 996 1078 eos
1018 1021 1172 1077 verbi
1202 1021 1288 1076 vel
1309 1021 1472 1075 etiam
1487 1019 1678 1088 judicii
1707 1019 1786 1074 di-

207 1116 498 1172 strictioris
541 1115 932 1180 exbibeamus,
967 1121 1220 1168 manente
1269 1121 1486 1176 tamen,
1531 1117 1792 1180 quantum

207 1219 398 1264 murra
427 1209 669 1263 humana
695 1207 921 1278 patitur,
951 1213 1091 1261 statu
1126 1215 1326 1260 nostrae
1352 1204 1547 1258 mentis
1576 1217 1788 1256 sereno.

205 1301 377 1355 Credo
390 1297 1041 1366 Pltinees,Samuel,Elias
1060 1305 1117 1352 et
1127 1295 1320 1350 Petrus
1345 1296 1480 1350 tardi
1496 1292 1707 1349 ﬁxerunt
1725 1295 1792 1348 ad

206 1391 364 1456 iram,
378 1400 439 1446 et
453 1399 634 1445 tamen
648 1397 940 1459 peccantes
952 1387 1035 1444 vel
1051 1388 1216 1443 verbo
1242 1387 1324 1442 vel
1347 1386 1525 1458 gladio
1545 1401 1790 1456 pereme-

207 1491 348 1536 runt.
367 1480 482 1536 Sed
503 1489 563 1536 et
589 1479 818 1552 Moyses,
835 1494 961 1534 cum
981 1486 1128 1535 esset
1150 1479 1234 1533 vir
1261 1477 1600 1542 mitissimus,
1623 1477 1791 1531 exivit

207 1588 242 1626 δ
261 1574 596 1638 Pharaone,
618 1587 780 1643 quem
811 1571 1236 1642 ineorrigibilem
1261 1571 1426 1636 vidit,
1463 1569 1656 1634 iratus,
1690 1569 1792 1624 mi-

207 1665 286 1722 nis
303 1663 676 1719 comminatus
707 1661 757 1717 ei
783 1675 1022 1733 ptenam,
1054 1677 1216 1731 quam
1259 1670 1314 1716 et
1341 1676 1504 1731 opere
1529 1661 1786 1730 patravit.

272 1753 299 1809 1
305 1773 365 1809 ra
383 1755 529 1809 enim
551 1755 648 1808 viri
659 1753 928 1824 justitiam
951 1752 1045 1806 Dei
1065 1769 1168 1807 non
1193 1763 1455 1824 operatur.
1488 1752 1686 1808 Facilis
1707 1762 1790 1808 est

206 1861 423 1904 sensus:
441 1845 586 1916 quod
601 1820 726 1916 quia
748 1845 840 1916 qui
863 1843 1162 1900 iracundia:
1183 1820 1376 1899 vitiose
1391 1843 1642 1898 incautus
1667 1847 1781 1898 sub-
1821 1820 1863 1878 Β

200 1937 367 2010 jugat,
393 1939 499 1993 etsi
529 1936 840 1992 hominibus
855 1934 1037 2006 justus
1059 1942 1303 2005 apparet,
1327 1933 1382 1988 in
1403 1933 1585 1988 divino
1609 1943 1788 1988 tamen

203 2029 452 2084 examine
481 2027 720 2082 nondum
759 2025 998 2097 perfecte
1023 2025 1207 2096 justus
1233 2035 1334 2080 est.
1383 2025 1582 2080 Verum
1614 2025 1790 2094 aptius

204 2129 374 2190 potest
418 2117 644 2190 intelligi
685 2118 830 2187 quod
857 2133 888 2170 a
921 2115 1151 2170 Domino
1183 2115 1386 2170 dictum
1427 2123 1550 2168 est:
1591 2113 1668 2168 Tu
1693 2131 1790 2168 au-

204 2219 325 2274 tem,
357 2207 587 2262 Domine
625 2207 876 2260 virtutum
901 2245 917 2272 ,
965 2221 1084 2259 cum
1129 2201 1509 2274 tranquillitate
1549 2202 1787 2274 judicas.

206 2301 607 2371 Qualiscunque
629 2297 794 2368 judex
826 2299 986 2352 homo
1014 2297 1214 2352 amissa
1245 2296 1440 2352 mentis
1484 2295 1786 2366 tranquilli-

207 2403 310 2449 tate
329 2393 736 2463 delinquentem
757 2389 984 2460 judicat,
1001 2389 1212 2445 etiamsi
1222 2385 1370 2456 juste
1389 2385 1616 2456 judicat’,
1625 2387 1790 2458 justi-

207 2487 330 2540 tiam
379 2493 564 2538 tamen
610 2482 778 2538 divini
815 2481 1101 2546 examinis,
1149 2480 1201 2534 in
1247 2495 1411 2550 quam
1452 2479 1790 2550 perturbatio

204 2579 392 2632 cadere
421 2574 618 2640 nescit,
647 2573 857 2628 imitari
877 2588 983 2627 non
1005 2579 1202 2641 potest.

271 2665 498 2736 Propter
539 2664 680 2736 quod
713 2663 1019 2733 abjicientes
1065 2678 1270 2716 omnem
1305 2661 1692 2716 immunditiam
1739 2673 1788 2716 et

204 2756 581 2810 abundantiam
595 2754 831 2818 malitia,
847 2753 900 2806 in
913 2751 1311 2806 mansuetudine
1325 2751 1567 2821 suscipite
1581 2750 1788 2806 verbum

204 2847 626 2903 iasitum.Primo
639 2858 696 2903 et
706 2863 903 2918 corpus
915 2856 969 2901 et
983 2854 1214 2900 mentem
1229 2861 1258 2899 a
1274 2845 1420 2900 vitiis
1427 2845 1577 2915 jubet
1591 2860 1654 2900 ex
1661 2859 1788 2914 pur-

205 2940 336 3012 ιιι-ἰ,
349 2947 415 2993 ιιι
427 2939 574 3010 digni
591 2939 829 2994 existere
843 2937 1053 3009 possint
1065 2938 1156 3006 qui
1174 2937 1394 2990 verbum
1411 2936 1601 2991 salutis
1615 2935 1788 3007 μνιτεί-

204 3033 366 3102 piant.
393 3031 498 3098 Qui
527 3030 672 3086 enim
701 3045 808 3086 non
822 3029 1052 3084 declinat
1075 3029 1227 3100 prius
1251 3027 1457 3091 amalo,
1475 3043 1581 3082 non
1607 3035 1788 3098 potest

204 3124 614 3180 taeerebonum.
639 3120 868 3177 Omnem
895 3121 1092 3192 quippe
1117 3119 1514 3174 immunditiam
1537 3129 1591 3174 et
1605 3107 1786 3174 carnis

205 3223 256 3269 et
276 3215 470 3269 anima:
496 3219 814 3282 nuncupat;
841 3211 1046 3266 malitia
1067 3219 1246 3264 autem
1273 3210 1488 3279 proprie
1510 3208 1786 3262 interioris

205 3303 431 3360 hominis
457 3305 790 3375 pravitatem
830 3301 1072 3372 reSpicit.
1115 3299 1396 3371 Suscipite,
1427 3300 1623 3370 inquit,
1652 3301 1786 3353 insi-

206 3410 306 3453 tum
327 3397 564 3465 verbum,
591 3398 648 3451 id
671 3405 777 3463 est,
815 3395 1040 3450 verbum
1067 3393 1186 3459 Dei,
1213 3393 1355 3462 quod
1381 3392 1578 3446 vestris
1604 3391 1784 3445 cordi-

205 3491 296 3545 bus
323 3487 674 3560 praedicando
705 3487 1050 3557 imponimus,
1082 3498 1178 3538 vos
1213 3483 1469 3537 discendo
1493 3483 1780 3550 suscipite;

205 3581 280 3634 vel
306 3589 458 3634 certe
487 3579 565 3632 ita
593 3577 934 3632 sentiendum
964 3593 976 3629 :
1008 3576 1244 3630 Verbum
1269 3576 1412 3644 quod
1435 3573 1588 3628 vobis
1615 3573 1667 3627 in
1698 3573 1785 3628 die

206 3669 616 3726 resurrectionis
644 3668 869 3722 insitum
898 3675 998 3731 est,
1027 3667 1244 3737 quando
1267 3662 1571 3718 voluntarie
1595 3663 1786 3735 genuit

206 3776 293 3814 nos
315 3759 482 3823 Deus,
501 3756 620 3827 jam
645 3773 790 3812 nunc
823 3755 1118 3827 perfectius
1147 3755 1427 3824 suscipite,
1455 3753 1622 3808 etiam
1657 3766 1784 3822 ope-

205 3854 343 3908 ribus
369 3852 648 3922 implendo
674 3847 944 3918 quodjam
969 3849 1020 3902 in
1047 3847 1307 3919 mysterio
1337 3844 1551 3900 tenetis.

263 3943 417 4010 Quod
442 3952 612 4013 potest
633 3939 838 3995 salvere
859 3939 1060 3994 animus
1089 3949 1302 3992 vestras.
1329 3934 1552 3990 Etiamsi
1577 3936 1632 3990 in
1663 3950 1785 3990 cor—

200 4051 322 4107 pore
346 4035 681 4090 tentationes
707 4031 1013 4103 patiamini,
1047 4030 1128 4083 vel
1153 4045 1182 4082 a
1211 4029 1432 4099 perﬁdis
1453 4035 1628 4083 morte
1654 4042 1783 4080 con-

201 4124 502 4185 sumamini,
539 4134 720 4176 tamen
747 4122 854 4175 vita
895 4122 1070 4175 futura
1106 4120 1454 4190 prmstabitur
1475 4119 1628 4174 vobis
1657 4131 1781 4172 cum

201 4216 396 4270 sanctis
420 4213 638 4284 angelis
668 4213 722 4267 in
747 4212 865 4266 luce
888 4222 1164 4282 perpetua.

716 4321 994 4379 llOMlLlA
1035 4320 1252 4378 XXXV.

692 4411 754 4448 IN
803 4409 1027 4448 EODE!
1074 4408 1308 4448 FESTO.

325 4488 517 4544 Lectio
538 4488 718 4542 sancti
743 4485 1019 4558 Evangelii
1043 4485 1340 4540 secundum
1364 4481 1647 4538 Joannem.

268 4579 331 4634 In
371 4580 467 4634 illo
501 4589 757 4648 tempore,
787 4578 920 4630 dixit
957 4577 1112 4630 Jesus
1136 4573 1408 4644 discipulis
1429 4573 1540 4628 suis
1569 4585 1589 4626 .°
1630 4569 1778 4626 Vada

202 4674 266 4726 ad
287 4689 402 4728 eum
424 4673 520 4743 qui
541 4685 627 4723 me
647 4669 808 4734 misit,
831 4679 877 4723 et
898 4685 1046 4722 nemo
1065 4684 1128 4721 ex:
1148 4667 1287 4722 vobis
1310 4667 1594 4737 interrogat
1659 4684 1740 4722 me
1757 4685 1778 4728 :

201 4763 306 4828 Deo
320 4765 472 4820 vadis
495 4765 524 4822 2
567 4814 573 4820 .

270 4856 555 4926 Signiﬁcat
591 4854 672 4908 sic
708 4868 766 4908 se
793 4853 993 4918 iturum
1033 4852 1098 4906 ad
1137 4866 1260 4906 eum
1289 4849 1382 4920 qui
1422 4847 1572 4904 misit
1600 4847 1774 4914 illum,

207 4959 256 5001 ιι
275 4951 450 5002 nul.us
479 4948 846 5015 interrogaret
869 4945 1012 5015 quod
1043 4944 1218 5013 palam
1245 4943 1357 4998 ﬁeri
1387 4943 1505 4996 visu
1533 4941 1778 5012 corporis

205 5050 498 5096 cernerent.
533 5037 719 5092 Nubes
744 5039 886 5091 enim
925 5036 1162 5106 suscepit
1185 5050 1310 5090 eum
1340 5033 1558 5104 quando
1589 5046 1780 5088 ascen—

206 5130 279 5184 dit
307 5131 374 5186 ab
398 5131 502 5194 eis,
535 5137 596 5184 et
635 5145 761 5183 cum
789 5136 1005 5183 euntem
1050 5128 1102 5181 in
1129 5127 1326 5182 coelum
1354 5125 1624 5189 viderunt,
1671 5139 1778 5178 non

205 5222 374 5278 verbis
398 5223 758 5292 qumsicrnnt,
787 5219 883 5275 sed
910 5217 1082 5273 oculis
1116 5219 1476 5271 deduxerunt.

270 5313 372 5369 Sed
392 5315 517 5380 quia
545 5315 660 5367 Ita'c
699 5311 905 5366 locutus
942 5327 1059 5366 sum
1095 5309 1258 5374 vobis,
1303 5309 1514 5362 tristitia
1551 5308 1782 5378 implevit

205 5420 287 5457 cor
311 5415 558 5459 uestrum.
589 5403 820 5458 Videbat
857 5400 1044 5470 utique
1090 5401 1218 5470 quid
1268 5399 1355 5453 illa
1393 5414 1490 5454 sua
1529 5400 1692 5454 verba
1724 5402 1778 5454 in

205 5509 382 5552 eorum
407 5494 668 5550 cordibus
697 5500 940 5564 agerent,
971 5491 1267 5559 spiritalem
1307 5493 1504 5562 quippe
1539 5495 1776 5548 nondum

201 5583 456 5644 habentes
484 5586 719 5642 interius
743 5583 1167 5638 consolationem
1193 5601 1351 5653 quam
1391 5599 1490 5655 per
1516 5584 1778 5654 Spiritum

202 5694 437 5741 saeuum
467 5684 690 5740 fuerant
723 5681 982 5748 habituri,
1013 5681 1065 5735 id
1091 5683 1233 5750 quod
1273 5681 1512 5738 exterius
1538 5681 1588 5736 in
1621 5680 1780 5737 Chri-

204 5786 279 5832 sto
305 5779 556 5836 videbant
590 5775 844 5830 amittere
870 5773 1198 5829 metuebant.

1898 657 2206 725 aspectibus
2247 665 2514 726 quatenus
2555 671 2708 710 amor
2739 657 3039 712 divinitatis
3079 659 3256 728 aptius
3283 647 3486 715 vestris

1900 745 2155 815 inligatur
2181 746 2470 800 mentibus.
2503 738 2820 815 Eipedit'ut
2849 758 3032 804 notam
3066 750 3219 804 vobis
3248 748 3478 804 formam

1897 837 2036 890 ctelo
2086 834 2336 902 inferam,
2382 843 2648 907 quaternis
2681 853 2780 908 per
2823 840 2926 894 hoc
2971 841 3176 909 majore
3211 842 3483 898 desiderio

1896 927 2021 983 illuc
2050 928 2350 998 suspiretis.

1966 1016 2028 1074 Si
2057 1019 2192 1073 enim
2215 1035 2318 1072 non
2347 1018 2542 1082 abiero,
2576 1017 2876 1074 Paraclitus
2907 1037 3011 1076 non
3041 1023 3211 1077 veniet
3244 1028 3315 1078 ad
3347 1040 3476 1089 eos;

1893 1108 1942 1164 si
1973 1117 2145 1162 autem
2187 1108 2384 1172 abiero,
2417 1110 2620 1163 mittam
2660 1127 2780 1165 eum
2815 1111 2885 1165 ad
2915 1128 3022 1166 vos.
3066 1111 3183 1167 Non
3209 1115 3332 1182 quia
3369 1130 3476 1170 non

1895 1207 2107 1271 poterat
2144 1199 2261 1270 ipse
2289 1200 2342 1256 in
2377 1208 2520 1256 terra
2541 1201 2746 1272 positus
2773 1203 2905 1259 dare
2936 1203 3194 1274 Spiritum
3239 1206 3473 1277 discipu-

1894 1289 1978 1353 lis,
2011 1291 2127 1345 haec
2165 1289 2424 1360 loquitur,
2457 1305 2581 1344 cum
2624 1301 2809 1362 aperte
2843 1292 3052 1363 legatur
3091 1294 3214 1364 quia
3241 1304 3362 1364 post
3392 1311 3477 1351 res

1893 1381 2284 1437 surrectionem
2330 1395 2600 1452 apparens
2645 1382 2725 1437 eis
2761 1383 3054 1438 insnlllavit
3095 1392 3150 1438 et
3199 1385 3332 1440 dixit
3372 1386 3475 1451 eis,

1892 1471 2124 1542 Accipite
2165 1472 2424 1542 Spiritum
2454 1482 2713 1537 sanctum,
2761 1473 2856 1528 sed
2898 1476 3044 1544 quia,
3092 1475 3208 1546 ipso
3245 1477 3297 1530 in
3329 1485 3476 1533 terra

1893 1563 2068 1631 posito
2092 1571 2146 1618 et
2171 1563 2528 1634 corporaliter
2554 1574 2909 1620 conversante
2935 1583 3058 1621 cum
3085 1568 3166 1623 eis
3183 1609 3197 1632 ,
3237 1584 3342 1623 non
3376 1583 3475 1622 va-

1893 1654 2074 1709 lebant
2100 1657 2319 1710 ad‘eum
2350 1656 2559 1727 erigere
2587 1666 2846 1722 mentem,
2880 1660 2946 1712 ad
2976 1659 3204 1714 sitienda
3253 1675 3476 1715 munera

1893 1749 2080 1818 gratia:
2108 1749 2361 1806 caelestis.
2406 1752 2744 1808 Ascendente
2771 1761 2948 1806 autem
2990 1753 3083 1807 illo
3108 1753 3176 1808 ad
3203 1753 3370 1809 cmlos
3422 1763 3481 1809 et

1895 1841 1967 1894 illi
1999 1841 2203 1910 pariter
2228 1856 2388 1896 omne
2425 1841 2750 1896 desiderium
2783 1857 2940 1898 suum
2982 1843 3034 1898 in
3065 1842 3156 1898 illo
3187 1842 3481 1898 transfere-

1893 1931 2042 1984 bant.
2087 1929 2212 1985 ldeo
2243 1946 2472 2000 capaces
2503 1931 2738 2000 Spiritus
2783 1933 2956 1988 sancti
2986 1933 3112 2003 jam.
3132 1932 3258 1988 facti
3297 1943 3478 1999 erant;

1893 2039 1997 2076 non
2027 2021 2164 2076 ultra
2190 2023 2256 2077 de
2286 2029 2460 2077 morte
2489 2019 2606 2090 ejus
2633 2023 2938 2078 contristati
2963 2063 2977 2084 ,
3028 2023 3123 2078 sed
3150 2022 3216 2078 de
3247 2023 3497 2093 promist--

1893 2119 2062 2172 sinnis
2089 2116 2205 2186 ejus
2250 2133 2343 2188 .spe
2385 2117 2570 2173 laetati.
2619 2116 2776 2174 Patet
2821 2126 3026 2183 autem,
3076 2131 3176 2173 nec
3210 2101 3494 2173 laboriosa

1891 2213 2228 2282 cxpositione
2274 2212 2500 2284 indiget,
2541 2229 2640 2269 cur
2664 2212 2914 2268 eumdem
2951 2210 3212 2284 Spiritum
3242 2210 3476 2282 paracli-

1893 2313 2026 2366 tum,
2059 2305 2111 2360 id
2135 2313 2220 2360 est
2251 2305 2674 2372 consolatorem,
2717 2303 3199 2374 cognominaverit,
3243 2303 3367 2374 quia
3397 2303 3484 2357 ni-s

1892 2397 2091 2449 mirum
2149 2395 2313 2450 corda
2378 2394 2764 2466 discipulorum
2826 2410 2948 2464 quae
3007 2410 3254 2450 recessus
3307 2394 3477 2464 ipsius

1892 2495 2084 2541 mmsta
2117 2487 2457 2554 reddidisset,
2505 2485 2668 2558 hujus
2698 2487 3069 2542 consolaretur
3111 2496 3166 2542 et
3205 2495 3476 2541 recrearet

1891 2579 2171 2632 adventus.
2197 2577 2311 2632 Non
2338 2579 2480 2648 quod
2511 2585 2667 2633 antea
2693 2575 2927 2648 Spiritus
2957 2588 3176 2633 sanctus
3201 2593 3304 2631 non
3329 2587 3475 2632 esset

1891 2670 1946 2722 in
1983 2668 2238 2724 cordibus
2273 2667 2657 2739 discipulorum
2699 2668 2784 2724 vel
2825 2669 2987 2723 etiam
3030 2669 3084 2724 in
3129 2667 3480 2736 antiquorum

1891 2769 2230 2826 sanctorum,
2277 2761 2371 2814 sed
2409 2759 2696 2816 manifesta
2730 2760 3064 2830 plenitudine
3091 2767 3218 2814 ante
3249 2759 3329 2814 sic
3365 2772 3474 2813 non

1891 2849 1999 2905 fuit
2031 2849 2218 2914 datus,
2249 2851 2518 2918 quomodo
2563 2859 2689 2920 post
2740 2851 3108 2906 ascensionem
3141 2850 3228 2905 die
3257 2849 3473 2906 decima

1892 2937 1943 2990 in
1977 2943 2191 2992 centum
2227 2937 2419 3008 viginti
2465 2941 2683 2994 nomina
2715 2941 3067 2994 transmissus
3109 2939 3324 3011 legitur.
3363 2938 3474 2995 Sed

1892 3028 1944 3082 in
1978 3028 2123 3082 nullo
2147 3044 2310 3100 opere
2332 3028 2614 3100 cujuslibet
2643 3046 2887 3101 persona:
2913 3030 3109 3097 Patris,
3136 3032 3220 3087 vel
3251 3031 3390 3097 Filii,
3419 3041 3474 3088 et

1891 3119 2129 3190 Spiritus
2179 3123 2383 3188 sancti,
2434 3125 2599 3180 totius
2653 3135 2853 3181 sanctae
2901 3124 3184 3182 Trinitatis
3231 3128 3474 3198 operatio

1889 3213 2090 3280 defuit;
2137 3216 2230 3270 sed
2279 3217 2565 3288 oportebat
2609 3218 2682 3271 ita
2730 3218 2994 3274 insinuari
3043 3218 3365 3274 Trinitatem
3413 3230 3474 3274 ut

1887 3303 2134 3370 quamvis
2165 3304 2310 3360 nulla
2334 3315 2480 3362 esset
2503 3307 2788 3362 diversitas
2821 3309 3157 3374 substantiae,
3195 3308 3469 3380 sigillatim

1890 3401 2068 3448 tamen
2097 3397 2571 3453 commendaretur
2592 3399 2864 3456 distinctio
2894 3415 3266 3470 personarum.

1959 3485 2026 3540 Et
2051 3505 2168 3542 cum
2191 3489 2382 3543 venerit
2407 3488 2519 3555 ille,
2550 3501 2732 3561 arguet
2756 3492 3026 3547 mundum.
3061 3492 3201 3560 Quid
3227 3503 3309 3548 est
3330 3493 3472 3564 quod

1883 3578 2046 3643 dixit,
2083 3577 2215 3633 Cum
2244 3581 2437 3635 venerit
2481 3580 2589 3647 ille,
2653 3592 2835 3653 arguet
2874 3583 3176 3637 mundum?
3217 3583 3473 3654 Nunquid

1888 3685 1994 3724 non
2024 3668 2292 3736 Christus,
2322 3671 2448 3725 dum
2475 3680 2619 3727 esset
2645 3671 2699 3726 in
2732 3674 2954 3739 mundo,
2981 3690 3086 3728 non
3117 3675 3296 3745 arguit
3315 3689 3472 3728 mun-

1884 3762 2012 3817 dum
2053 3765 2118 3818 de
2151 3765 2237 3819 his
2275 3765 2525 3820 omnibus
2561 3780 2682 3834 qnze
2714 3773 3032 3836 sequuntur.
3071 3764 3178 3821 Sed
3224 3765 3473 3822 Christus

1885 3855 2052 3910 solam
2082 3853 2388 3911 Iudaeorum
2416 3865 2630 3928 gentem
2661 3857 2861 3928 arguit,
2909 3856 3146 3930 Spiritus
3182 3874 3310 3914 vero
3337 3875 3470 3915 san-

1883 3957 2002 4004 ctus
2027 3949 2080 4003 in
2113 3949 2392 4020 discipulis
2420 3949 2536 4020 ejus
2563 3959 2676 4006 toto
2703 3951 2834 4008 orbe
2872 3951 3118 4019 dill'usus,
3157 3969 3265 4008 non
3305 3968 3469 4008 unam

1883 4048 2100 4112 gentem
2149 4041 2466 4114 intelligitur
2503 4043 2778 4115 arguisse,
2818 4044 2910 4099 sed
2942 4044 3221 4100 mundum.
3260 4045 3316 4100 lu
3361 4062 3470 4116 quo

1883 4132 2099 4202 arguit?
2142 4131 2198 4186 ln
2235 4148 2302 4188 eo
2339 4135 2461 4205 quia
2501 4149 2596 4206 per
2637 4133 2897 4205 Spiritum
2942 4145 3188 4191 sanctum
3230 4137 3468 4193 charitas
3567 4127 3571 4131 ’

1884 4222 2076 4277 ὁὶίῒιιεει
2099 4233 2183 4279 est
2207 4224 2260 4278 in
2283 4227 2538 4282 cordibus
2564 4242 2774 4294 eorum,
2802 4243 2921 4298 qua:
2945 4229 3090 4284 foras
3113 4228 3275 4283 mittit
3313 4230 3468 4285 timo-

1883 4329 1996 4370 rem
2040 4324 2099 4370 ut
2140 4332 2246 4372 non
2279 4327 2580 4375 metuerent
2623 4319 2912 4382 mundum,
2957 4320 3008 4372 id
3051 4327 3156 4384 est,
3196 4327 3468 4375 amatores

1883 4406 2067 4460 mundi
2089 4421 2333 4476 arguere.

1805 4517 1858 4576 D
1954 4501 2032 4554 De
2051 4513 2280 4571 percute,
2306 4514 2351 4556 et
2392 4505 2454 4556 de
2471 4505 2702 4572 jusfifia,
2728 4512 2773 4554 et
2810 4503 2874 4556 de
2893 4501 3118 4570 judicio.
3145 4499 3315 4569 Quam
3343 4517 3469 4560 sen-

1886 4589 2108 4643 tentiam
2145 4591 2254 4650 ipse.
2279 4591 2521 4642 l:itl'l~‘.2!!%
2551 4607 2579 4642 e
2602 4607 2650 4656 .p
2675 4594 2788 4643 isu't
2821 4591 3030 4645 dicens’;

1879 4710 1900 4730 ,
1952 4668 2026 4722 De
2042 4679 2276 4739 peccato,
2302 4673 2550 4738 quoniam
2573 4685 2672 4724 non
2695 4669 3032 4724 crediderunt
3051 4671 3105 4724 in
3129 4685 3228 4726 me.
3249 4668 3466 4728 Pecca~

1879 4771 1995 4816 tum
2020 4764 2104 4817 inc
2127 4763 2416 4817 'edulitatis
2434 4765 2587 4832 quasi
2613 4763 2846 4832 speciale
2864 4779 2898 4835 p
2921 4767 3066 4824 isnit,
3095 4765 3218 4834 quia
3242 4765 3382 4819 sicut
3409 4770 3468 4818 ti‘

1883 4855 1985 4910 tles
1998 4857 2152 4927 origo
2171 4855 2462 4918 virtutum,
2487 4857 2553 4907 ita
2575 4856 2996 4910 solidamentum
3017 4865 3100 4910 est
3131 4857 3382 4912 vitiorum
3409 4863 3460 4912 in

1880 4949 2253 5003 incredulitate
2276 4947 2588 5018 persistere,
2603 4947 2830 5002 Domino
2849 4947 3161 5002 terribiliter
3173 4955 3466 5004 attestante

1881 5039 1975 5111 qui
2018 5039 2094 5093 ait
2125 5057 2138 5092 :
2169 5038 2272 5104 Qui
2308 5047 2481 5092 autem
2527 5055 2632 5092 non
2678 5037 2841 5092 credit
2878 5039 2996 5110 jam
3041 5039 3318 5110 judicatus
3364 5051 3461 5106 est,

1879 5131 2004 5202 quia
2037 5146 2139 5184 non
2169 5129 2330 5184 credit
2356 5130 2411 5184 in
2446 5130 2653 5184 nomine
2689 5131 2940 5202 wrigeniti
2969 5128 3101 5184 Filii
3145 5129 3264 5186 Dei.
3305 5129 3464 5186 hdi-

1881 5231 2027 5276 catus
2056 5220 2212 5287 dixit,
2239 5221 2292 5276 id
2317 5229 2424 5286 est,
2452 5221 2756 5278 damnatus.

1955 5312 2256 5384 Dejustitia
2285 5329 2435 5378 vero,
2465 5311 2588 5384 quia
2622 5313 2691 5366 ad
2725 5313 2938 5368 Patrem
2979 5315 3132 5380 vado,
3163 5315 3320 5370 etiam
3358 5331 3460 5368 non

1883 5407 2118 5461 videbitis
2143 5422 2242 5487 nte.
2271 5403 2486 5460 iustitia
2515 5404 2898 5473 discipulorum
2933 5405 3130 5460 Christi
3172 5415 3289 5462 erat
3318 5403 3462 5474 quod

1884 5499 2192 5562 Dominum,
2237 5511 2395 5567 quem
2419 5511 2606 5550 verum
2633 5497 2906 5551 hominem
2937 5500 3247 5561 cernebant,
3274 5512 3460 5551 verum

1884 5604 2100 5658 quoque
2147 5589 2240 5641 Dei
2281 5587 2474 5641 Filium
2509 5603 2628 5643 esse
2659 5589 3036 5652 crediderunt;
3080 5600 3133 5642 et
3170 5603 3328 5658 quem
3357 5587 3462 5642 sibi

1885 5679 2242 5748 corporaliter
2283 5680 2520 5735 ablatum
2545 5688 3014 5743 noverant,‘certo
3044 5695 3257 5750 semper
3279 5693 3468 5736 amore

1887 5774 2152 5829 colebant.
2191 5771 2404 5828 Iustitia
2454 5781 2770 5829 cacterorum
2822 5771 3075 5838 ﬁdelium,
3123 5772 3173 5826 ἰ]
3218 5783 3322 5837 cst,
3365 5788 3461 5828 co-
