3962 6180
494 361 589 416 2i!

1130 357 1189 412 Β.
1229 357 1481 412 RABANI
1521 356 1740 413 MAURI
1779 354 2096 411 AllClllEP.
2132 353 2442 412 MOCUNT.
2481 354 2765 413 OPERUM
2800 358 2979 415 PARS
3016 361 3078 414 ll.

3652 366 3755 420 ili

486 489 607 531 rum
646 475 739 543 qui
779 471 1063 531 Dominum
1091 471 1145 524 in
1177 484 1337 524 carne
1368 484 1475 522 non
1504 468 1773 534 viderunt,
1822 469 1937 524 lucc
1965 477 2070 533 est,
2102 473 2148 531 Α
2177 467 2839 539 int-usedocti,proﬁciatis
2853 471 2918 526 de
2933 472 3194 527 virtutcin
3211 477 3756 550 vir:utem,dignique

485 565 628 639 quod
653 579 774 619 cum
798 576 957 633 quem
984 561 1249 631 corporali
1282 560 1476 616 intuitu
1503 577 1773 630 nunquam
1798 560 2067 626 viderunt,

489 660 658 714 Deum
685 663 741 711 et
774 653 1047 709 hominem
1072 667 1259 707 verum
1288 653 1451 709 corde
1476 653 1701 708 credunt
1730 668 1793 708 ac
1818 652 2067 724 diligunt.

491 750 565 804 De
612 762 716 818 qua
752 744 995 817 profecto
1030 741 1241 813 justitia
1285 742 1409 799 ﬁdei
1457 751 1759 815 arguuntur
1805 741 2068 807 inﬁdeles,

487 855 586 893 cur
614 836 717 907 ipsi
744 834 1013 899 videlicet,
1048 848 1168 888 cum
1200 833 1450 888 similiter
1477 835 1702 890 verbum
1745 833 1868 888 vita:
1912 833 2070 889 audi-

490 939 632 995 rent,
655 928 929 984 nolnerint
956 927 1177 982 credere
1208 926 1262 981 in
1285 924 1570 993 justitiam.
1596 925 1780 996 Neque
1809 926 1953 981 enim
1978 942 2070 981 ne-

488 1023 656 1094 quitia
685 1022 946 1079 malorum
990 1037 1059 1076 ex
1101 1036 1200 1077 sua
1241 1020 1416 1076 solum
1449 1019 1734 1089 pravitate,
1786 1019 1880 1074 sed
1905 1020 2068 1075 etiam

485 1130 555 1169 ex
595 1113 999 1185 comparatione
1030 1111 1323 1182 justorum,
1372 1125 1536 1179 quam
1565 1110 1748 1165 statim
1778 1108 2070 1164 damnandi

487 1205 598 1259 sint
630 1204 928 1261 denuntiat.
970 1202 1162 1272 Arguit
1194 1216 1325 1273 ergo
1365 1202 1623 1256 mundum
1661 1199 1898 1270 Spiritus
1938 1215 2069 1255 san-

486 1304 608 1351 ctus
636 1295 702 1351 de
741 1303 982 1365 peccato,
1034 1293 1162 1364 quia
1195 1309 1301 1348 non
1335 1292 1627 1347 crediderit
1676 1292 1730 1346 in
1770 1290 2066 1347 Christum.

485 1388 677 1458 Arguit
705 1397 760 1444 et
782 1387 848 1442 de
867 1386 1076 1456 justitia
1100 1385 1458 1452 credentium,
1503 1385 1627 1454 quia
1652 1384 1955 1454 exemplum
1980 1400 2069 1439 ee-

490 1494 606 1533 rum
639 1480 789 1548 sequi
821 1478 1077 1543 noluerit,
1121 1472 1212 1546 qui
1234 1476 1377 1532 hunc
1404 1475 1470 1530 ad
1495 1476 1712 1532 Patrem
1736 1475 2071 1539 ascendisse,

489 1587 662 1643 neque
712 1572 854 1625 ultra
908 1568 1265 1640 corporaliter
1318 1569 1373 1623 in
1415 1568 1579 1623 terris
1625 1576 2069 1623 conversaturnm

485 1675 606 1717 esse
634 1662 899 1725 sciebant,
933 1676 1033 1715 nec
1060 1669 1239 1714 tamen
1270 1660 1337 1716 ab
1367 1658 1481 1728 ejus
1508 1658 1797 1713 dilectione
1820 1665 2070 1728 poterant

485 1752 592 1807 ulla
632 1752 842 1807 ratione
871 1751 1130 1820 separari.
1170 1749 1282 1805 llec
1310 1759 1397 1805 est
1432 1749 1578 1805 enim
1621 1748 1766 1819 quod
1808 1748 1905 1814 ait,
1944 1742 2095 1819 quia'

2172 558 2477 614 elliciamini
2504 561 2789 636 pervenire
2826 562 2893 617 ad
2918 563 3082 617 vitam
3101 604 3115 629 ,
3156 564 3208 618 in
3236 580 3339 634 qua
3373 567 3525 622 vobis
3552 578 3754 624 aeterna

2172 650 2396 706 claritas
2447 668 2673 708 summa:
2711 653 2959 708 veritatis
2995 661 3051 709 et
3084 669 3228 709 verte
3269 655 3643 724 sublimitatis,
3702 661 3756 716 il

2172 752 2278 809 est,
2308 745 2697 815 contemplatio
2730 746 2897 801 vestri
2920 747 3215 803 conditoris
3242 761 3516 819 appareat.

2244 839 2369 894 Non
2387 839 2524 893 enim
2550 857 2582 892 a
2613 841 2884 910 semetipso
2907 840 3164 911 loquetur,
3192 842 3282 895 sed
3307 857 3631 913 quaecunque
3653 858 3756 896 au—

2170 930 2276 983 diet
2302 928 2559 1001 loquetur.
2601 927 2717 983 Non
2749 929 2891 983 enim
2934 928 3169 999 Spiritus
3205 929 3456 999 loquetur
3489 945 3517 984 a
3554 937 3757 985 semet-

2173 1021 2306 1091 ipso,
2338 1020 2565 1077 fortasse
2585 1022 2711 1091 quia
2740 1037 2846 1075 non
2871 1030 2954 1077 est
2980 1038 3009 1076 a
3036 1023 3344 1093 semetipso,
3377 1023 3471 1078 sed
3500 1039 3531 1077 a
3571 1022 3754 1079 Patre.

2171 1110 2305 1166 Nam
2335 1111 2506 1168 Filius
2550 1121 2710 1169 natus
2737 1121 2822 1168 est
2856 1128 2886 1167 a
2918 1113 3079 1168 Patre
3100 1154 3114 1177 ,
3161 1122 3217 1168 et
3259 1111 3493 1183 Spiritus
3539 1125 3762 1171 sanctus

2170 1203 2418 1273 procedit
2455 1218 2486 1257 a
2523 1202 2706 1258 Patre.
2757 1202 2875 1259 Non
2929 1204 3074 1258 enim
3114 1204 3354 1274 loquitur
3376 1219 3407 1257 a
3439 1205 3754 1275 semetipso,

2170 1293 2223 1348 id
2252 1303 2359 1359 est,
2399 1294 2516 1349 sine
2562 1293 2738 1349 Patris
2766 1304 2821 1347 et
2865 1293 2984 1349 Filii
3014 1295 3415 1349 communione.
3462 1294 3578 1349 Non
3610 1296 3765 1349 enim

2171 1384 2376 1438 divisus
2422 1393 2505 1438 est
2554 1382 2788 1453 Spiritus
2820 1392 3041 1439 sanctus
3087 1399 3117 1437 a
3165 1380 3331 1437 Patre
3361 1393 3416 1437 et
3452 1382 3610 1448 Filio,
3659 1382 3756 1437 sed

2172 1490 2335 1529 unum
2366 1489 2501 1544 opus
2543 1484 2626 1529 est
2648 1473 2851 1538 Patris,
2893 1482 2947 1529 et
2992 1473 3135 1539 Filii,
3178 1483 3233 1527 et
3275 1469 3510 1542 Spiritus
3555 1473 3797 1528 saneti.‘

2173 1567 2279 1623 Sed
2307 1583 2626 1638 quacunque
2651 1567 2826 1622 audiet
2865 1566 3123 1635 loquetur.
3154 1565 3348 1621 Audiet
3379 1563 3628 1619 videlicet
3659 1581 3760 1636 per

2171 1660 2432 1715 unitatem
2474 1660 2790 1715 substantia:
2823 1668 2878 1714 et
2913 1659 3297 1729 proprietatem
3336 1658 3593 1713 scientia}.
3636 1658 3763 1712 Non

2173 1754 2316 1807 enim
2348 1752 2586 1822 loquitur
2611 1768 2640 1806 a
2666 1751 3113 1822 semetipso,quia
3146 1762 3250 1805 non
3274 1757 3356 1806 est
3378 1764 3409 1804 a
3430 1749 3756 1819 semetipso:

486 1842 555 1895 ad
584 1840 795 1896 Patrem
817 1842 969 1906 vado,
996 1851 1042 1895 et
1064 1843 1182 1911 jam
1208 1857 1309 1894 non
1343 1840 1582 1893 videbitis
1603 1854 1701 1893 me.
1724 1837 1839 1893 Non
1864 1824 2143 1893 videbi-‘B
2173 1841 2331 1896 Pater
2363 1842 2557 1912 quippe
2597 1840 2744 1895 solus
2782 1841 2849 1895 de
2888 1840 2993 1894 alio
3034 1852 3139 1894 non
3182 1848 3285 1905 est,
3329 1839 3498 1893 Filius
3531 1854 3566 1892 a’
3590 1837 3761 1892 Patre

490 1933 558 1987 tis
596 1948 704 1999 me,
745 1941 1030 2003 postquam
1067 1930 1385 1995 ascendere,
1429 1929 1643 1999 qualem
1695 1945 1837 1983 nunc
1886 1929 2070 1984 videre

487 2025 672 2081 soletis
700 2040 863 2079 carne
908 2023 1120 2079 mortali
1160 2031 1214 2079 et
1253 2022 1727 2093 cemprchensibili
1769 2020 2071 2077 circumda-

488 2127 623 2182 tum,
682 2118 779 2175 sed
816 2116 872 2171 in
906 2116 1189 2188 majestate
1233 2117 1300 2171 ad
1329 2115 1592 2185 judicium
1622 2114 1941 2177 venientem,
1992 2119 2066 2178 et,

488 2217 711 2279 peracto
732 2207 962 2276 judicio,
1001 2207 1055 2261 iu
1100 2205 1292 2275 majori
1315 2205 1483 2277 gloria
1512 2220 1634 2259 cum
1672 2205 1876 2258 sanctis
1909 2219 2069 2274 appa-

491 2308 721 2353 rentem.
753 2298 1009 2368 Sequitur
1036 2318 1049 2351 :

555 2389 635 2443 De
657 2390 863 2459 judicio
886 2398 1080 2454 autem,
1108 2397 1230 2461 qut‘a
1253 2389 1491 2460 princeps
1530 2385 1711 2441 mundi
1740 2385 1898 2456 hujus
1919 2385 2071 2455 judi-

484 2491 632 2535 catus
665 2489 763 2534 est.
803 2480 1109 2551 Principem
1142 2480 1325 2534 mundi
1353 2478 1626 2533 diabolum
1663 2477 1809 2541 dicit,
1835 2476 1925 2547 qui
1954 2476 2070 2546 pri-

483 2584 688 2627 matum
720 2570 882 2626 habet
907 2573 961 2626 in
984 2571 1239 2627 cordibus
1260 2569 1579 2633 inﬁdelium,
1609 2584 1744 2638 quos
1766 2568 1855 2622 hic
1884 2567 2068 2621 mundi

486 2660 703 2716 nomine
736 2661 903 2716 voluit
928 2661 1172 2731 intelligi,
1203 2661 1294 2730 qui
1321 2660 1509 2714 ordine
1532 2673 1785 2728 perverso
1813 2656 2070 2711 mundum

485 2752 667 2824 potius
690 2767 853 2823 quam
896 2752 1083 2807 mundi
1112 2758 1412 2806 creatorem
1443 2749 1701 2820 diligunt;
1734 2748 1827 2817 qui
1862 2747 2072 2817 judica-

487 2852 576 2899 tus
614 2852 699 2899 est
722 2859 751 2897 a
784 2843 1038 2909 Domino,
1055 2843 1145 2912 qui
1181 2843 1259 2897 ait
1288 2862 1300 2896 :
1340 2841 1590 2896 Videbam
1633 2839 1892 2896 Satanam
1937 2840 2071 2892 sicut

488 2933 669 3005 fulgur
701 2935 969 2988 cadentem
1015 2935 1079 2988 de
1100 2933 1244 2988 caelo.
1270 2932 1550 2989 Judicatus
1575 2940 1658 2988 est
1685 2933 1753 2987 ab
1778 2947 1843 2986 ee
1864 2947 1985 2987 cum
2016 2939 2072 2985 et

486 3024 604 3093 ipse
628 3024 887 3078 daemonia
913 3024 1154 3095 ejiccret,
1183 3022 1535 3092 et,discipulis
1570 3023 1724 3077 daret
1748 3030 2070 3092 potestatem

488 3116 735 3171 calcandi
779 3133 940 3187 supra
979 3133 1196 3172 omnem
1238 3117 1494 3173 virtutem
1542 3116 1764 3171 inimici.
1811 3116 2072 3187 Arguitur

488 3206 674 3277 itaque
701 3207 932 3263 mundus
953 3207 1020 3263 de
1049 3204 1287 3275 judicio,
1311 3223 1418 3277 quo
1448 3206 1693 3262 diabolus
1730 3215 1815 3261 est
1853 3204 2068 3274 judica-

490 3308 602 3363 tus,
631 3299 848 3370 quando
873 3298 1119 3353 homines
1146 3314 1215 3354 ne
1244 3298 1339 3353 Dei
1368 3297 1629 3352 voluntati
1655 3297 1911 3352 resistere
1935 3312 2073 3366 prae-

489 3400 745 3455 sumant,
786 3390 1034 3460 exetnple
1072 3389 1309 3443 damnati
1348 3398 1569 3459 propter
1612 3389 1920 3460 superbiam
1958 3396 2070 3443 ter-

492 3492 682 3541 rentur
711 3483 1041 3551 archangeli.
1081 3482 1318 3538 Credant
1345 3482 1528 3552 itaque
1554 3481 1800 3537 homines
1828 3480 1883 3534 in
1917 3479 2075 3535 Chri—

492 3588 660 3643 stum,
683 3593 751 3632 ne
776 3584 1074 3648 arguantur
1100 3576 1165 3630 de
1191 3582 1416 3645 peccato
1439 3573 1770 3629 inﬁdelitatis
1805 3588 1943 3637 suae,
1965 3587 2074 3642 quo

490 3677 717 3738 peccato
736 3666 917 3721 omnia
950 3673 1171 3736 peccata
1204 3664 1530 3719 detinentur.
1563 3663 1867 3717 Transeunt
1894 3662 1946 3716 in
1976 3678 2078 3716 nu-

495 3769 705 3809 merum
759 3755 997 3809 ﬁdclium
1044 3770 1112 3809 nc
1160 3762 1456 3825 arguantur
1504 3754 1569 3808 de
1613 3752 1827 3822 justitia
1884 3769 2073 3810 eorum

487 3859 627 3917 quos
642 3844 968 3914 justiﬁcalos
1005 3859 1111 3899 non
1137 3845 1438 3899 imitantur.
1465 3846 1702 3900 Caveant
1729 3847 1967 3901 futurum
1988 3846 2077 3915 ju-

491 3934 692 3988 dicium
724 3950 791 3987 ne
816 3949 938 3988 cum
982 3935 1167 3987 mundi
1209 3935 1451 4004 principe
1481 3935 1790 4005 judicentur
1807 3952 1967 4006 quem
1987 3935 2070 4004 ju-

494 4022 730 4077 dicatum
780 4021 1082 4077 imitantur.
1134 4021 1345 4076 Etenim
1370 4038 1439 4077 ne
1466 4023 1569 4077 sibi
1608 4024 1882 4079 existimet
1924 4027 2079 4094 parci

492 4111 744 4183 superbia
767 4112 901 4167 dura
942 4111 1273 4178 mortalium,
1315 4113 1382 4167 de
1413 4114 1765 4182 superborum
1812 4115 2079 4184 supplicio

495 4203 745 4259 torrenda
775 4211 860 4260 est
880 4203 1214 4274 angelorum.

564 4296 747 4350 Adhuc
786 4295 951 4351 multa
992 4295 1155 4355 habeo
1188 4295 1328 4349 vobis
1368 4295 1563 4363 dicere,
1602 4296 1693 4350 sed
1736 4312 1838 4352 non
1862 4300 2079 4368 potestis

490 4397 699 4454 portare
728 4387 904 4441 modo.
933 4383 1065 4440 Cum
1089 4395 1264 4440 autem
1291 4387 1483 4440 venerit
1509 4387 1598 4441 ille
1632 4386 1861 4457 Spiritus
1884 4391 2075 4445 verita-

2170 1935 2385 2004 genitus
2425 1941 2528 1997 est,
2566 1941 2622 1987 et
2649 1931 2883 2002 Spiritus
2911 1940 3129 1986 sanctus
3163 1946 3195 1985 a
3229 1930 3387 1985 Patre
3424 1930 3750 2000 procedens.

2168 2023 2250 2078 Ab
2281 2024 2396 2091 ipso
2429 2022 2572 2077 enim
2606 2022 2788 2076 audiet
2811 2020 3042 2090 Spiritus
3085 2031 3306 2076 sanctus
3341 2036 3370 2074 a
3415 2035 3521 2091 quo
3555 2033 3755 2089 proce-

2170 2112 2271 2177 dit,
2288 2112 2408 2181 quia
2435 2127 2539 2164 non
2570 2119 2657 2166 est
2683 2126 2712 2163 a
2734 2111 2932 2180 seipse,
2950 2111 3041 2164 se]
3069 2111 3137 2164 ab
3170 2110 3259 2164 illo
3286 2125 3316 2163 a
3347 2125 3452 2179 quo
3479 2106 3756 2178 procedit.

2169 2204 2213 2258 A
2243 2218 2349 2273 quo
2379 2202 2451 2257 illi
2481 2211 2565 2257 est
2590 2201 2963 2271 intelligentia,
2987 2202 3053 2256 ab
3083 2201 3173 2256 illo
3202 2200 3386 2269 utique
3407 2208 3461 2254 et
3491 2199 3719 2254 seientia
3744 2214 3765 2249 ;

2170 2297 2238 2350 ab
2269 2294 2358 2349 ille
2389 2296 2549 2365 igitur
2590 2294 2884 2359 audientia,
2918 2294 3061 2364 quod
3096 2293 3228 2349 nihil
3266 2304 3349 2349 est
3396 2292 3539 2348 aliud
3589 2306 3761 2361 quam

2170 2385 2416 2441 scientia.
2447 2383 2597 2450 Quod
2627 2399 2755 2439 vero
2787 2400 2817 2437 a
2837 2382 3030 2452 ljnnxit
3056 2401 3068 2437 :
3444 2373 3449 2376 ’

2241 2476 2310 2529 Et
2361 2492 2478 2546 qua:
2521 2483 2734 2528 ventura
2778 2483 2898 2528 sunt
2934 2473 3265 2527 aununtiabit
3315 2471 3476 2526 vobis.
3526 2469 3763 2525 Constat

2169 2570 2314 2625 enim
2345 2566 2629 2622 nonnullos
2674 2574 2986 2621 sanctorum
3026 2566 3079 2620 in
3111 2563 3315 2635 Spiritu
3354 2571 3541 2618 sancto
3574 2562 3769 2616 futura

2171 2658 2503 2730 praedixisse.
2548 2658 2653 2715 Sed
2696 2667 2874 2713 tamen
2924 2657 3082 2713 altius
3119 2666 3245 2713 sunt
3280 2659 3395 2712 haec
3441 2657 3604 2712 verba
3651 2654 3768 2709 De-

2172 2750 2304 2805 mini
2339 2749 2751 2813 eonsideranda,
2783 2764 2902 2818 qua:
2926 2749 3177 2803 omnibus
3212 2748 3416 2802 sanctis
3442 2745 3763 2801 communia

2172 2861 2291 2902 esse
2316 2852 2559 2915 possunt.
2588 2845 2755 2916 Igitur
2787 2841 3022 2914 Spiritus
3064 2841 3356 2897 adveniens
3381 2854 3499 2910 quae
3525 2846 3769 2893 ventum

2173 2944 2298 2990 sunt
2325 2934 2686 2997 annuntiabit,
2717 2948 2836 2987 eum
2868 2931 3061 3002 gaudia
3104 2931 3258 2985 nobis
3297 2930 3486 3000 patria:
3516 2927 3779 2982 emlestis

2172 3026 2241 3081 ad
2270 3025 2584 3080 memoriam
2622 3023 2850 3088 reducit,
2885 3038 3005 3077 cum
3032 3021 3167 3076 festa
3205 3020 3292 3075 illa
3330 3032 3575 3089 superna:
3621 3019 3775 3072 civi—

2174 3117 2300 3172 tatis
2341 3132 2439 3186 per
2490 3116 2691 3171 donum
2741 3116 2897 3169 nobis
2947 3130 3058 3169 suae
3105 3113 3449 3184 aspirationis
3499 3112 3771 3166 innotuit.

2174 3209 2413 3263 Ventura
2459 3207 2612 3262 nobis
2658 3207 2963 3270 annuntiat,
3014 3218 3137 3261 cum
3180 3218 3281 3260 nos
3325 3220 3356 3258 a
3396 3202 3777 3258 delectationi:

2171 3300 2517 3370 praesentium
2542 3298 2881 3359 abstrahens,
2912 3298 3240 3366 promissum
3273 3296 3326 3350 in
3351 3295 3504 3351 caelis
3531 3306 3787 3365 regnum}

2172 3390 2376 3446 nostris
2404 3389 2658 3445 cordibus
2681 3387 3098 3444 desiderandum
3128 3386 3438 3442 inﬂammat.

2242 3489 2344 3544 Ille
2369 3506 2449 3543 me
2480 3488 2816 3557 clariﬁcabit,
2840 3489 2965 3558 quia
2997 3488 3061 3542 de
3085 3505 3197 3541 meo
3234 3489 3449 3557 accipiet
3477 3496 3524 3542 et
3548 3503 3779 3542 annun—

2172 3581 2322 3634 tiabit
2350 3580 2510 3634 vobis.
2543 3578 2780 3648 Spiritus
2805 3579 3123 3634 clariﬁcabit
3149 3577 3447 3643 Christum,
3494 3578 3621 3648 quia
3663 3593 3783 3646 per

2173 3687 2296 3727 eum
2328 3687 2393 3725 ea
2431 3671 2668 3726 eharitas
2707 3672 2762 3725 in
2803 3671 3056 3726 cordibus
3098 3671 3485 3741 discipulorum
3526 3686 3789 3727 accensa

2174 3774 2277 3830 est,
2321 3773 2381 3818 ut
2409 3764 2619 3833 abjecto
2647 3763 2841 3819 timore
2875 3762 3075 3817 carnali
3108 3762 3354 3817 eﬁ‘ectnm
3403 3764 3782 3816 resurrectio-

2175 3856 2258 3910 nis
2285 3854 2401 3923 ejus
2430 3862 2745 3910 constanter
2768 3855 3141 3925 praedicarent,
3173 3856 3264 3925 qui
3290 3855 3448 3925 paulo
3472 3865 3598 3909 ante
3626 3864 3787 3910 tun~

2174 3961 2305 4016 pere
2332 3945 2600 4015 passionis
2626 3945 2803 4014 pavidi
2835 3945 3100 4016 fugerant.
3151 3944 3303 4000 Unde
3340 3947 3599 4014 scriptum
3630 3955 3721 4000 est
3756 3967 3777 4002 :

2176 4036 2242 4090 Et
2271 4036 2446 4106 repleti
2487 4044 2607 4090 sunt
2645 4052 2822 4089 omnes
2864 4033 3063 4104 Spiritu
3091 4045 3294 4102 sancto,
3335 4045 3382 4088 et
3416 4035 3791 4105 loquebantur

2175 4127 2381 4180 verbum
2432 4126 2525 4179 Dei
2555 4142 2671 4179 eum
2715 4125 2933 4194 ﬁducia.
2976 4124 3211 4195 Spiritus
3249 4125 3567 4181 clariﬁcavit
3604 4126 3792 4181 Citri-

2175 4225 2340 4279 stum,
2382 4232 2504 4270 eum
2551 4216 2754 4285 impleti
2806 4216 2981 4285 gratia
3017 4215 3242 4286 spiritali
3290 4218 3541 4271 doctores
3581 4221 3789 4274 sancti

2176 4316 2255 4361 tot
2296 4316 2351 4361 et
2400 4316 2548 4361 tanta
2585 4307 2847 4363 miracula
2888 4308 2943 4361 in
2985 4308 3202 4362 nomine
3250 4306 3454 4363 Christi
3492 4307 3783 4371 fecerunt,

2175 4400 2371 4468 quibus
2413 4400 2598 4454 orbem
2627 4407 2795 4453 totum
2823 4399 2888 4453 ad
2918 4399 3077 4453 ﬁdem
3106 4398 3307 4454 Christi
3355 4408 3792 4468 converterent,

491 4478 579 4538 tis,
607 4476 808 4531 docebit
847 4494 933 4532 vos
959 4480 1162 4532 oinnem
1188 4479 1476 4532 veritatem.
1521 4478 1741 4534 Certum
1770 4488 1858 4534 est
1890 4489 2068 4535 autem
2096 4509 2150 4569 Ι)
2182 4496 2259 4543 tot
2289 4503 2354 4542 ac
2382 4497 2530 4542 tanta
2577 4504 2677 4558 pro
2718 4488 2921 4543 Christi
2963 4490 3178 4545 nomine
3219 4490 3528 4559 passionum
3575 4501 3791 4544 certa—

492 4565 659 4633 qttutl,
703 4565 950 4620 veniente
988 4567 1216 4637 desuper
1255 4564 1478 4637 Spiritu,
1529 4567 1759 4639 apostoli
1806 4570 2066 4640 majorem

490 4655 661 4709 multo
711 4655 991 4709 scientiam
1045 4656 1289 4712 veritatis
1343 4673 1502 4726 quam
1550 4658 1794 4714 carnales
1845 4669 2070 4716 eatenus

488 4750 718 4815 potuere
761 4744 1035 4800 consecuti
1079 4756 1234 4813 sum,
1287 4757 1341 4803 et
1384 4748 1587 4816 majore
1635 4750 1907 4806 desiderio
1951 4767 2071 4807 cer-

492 4837 637 4893 tandi
668 4853 763 4908 pro
786 4838 1016 4893 veritate
1059 4840 1304 4894 succensi
1334 4848 1479 4894 sunt.
1531 4839 1646 4896 Non
1676 4849 1853 4898 tamen
1876 4853 2071 4913 putan.

494 4928 619 4980 dum
651 4934 735 4981 est
784 4928 839 4982 in
883 4927 988 4982 hac
1027 4927 1137 4981 vita
1172 4929 1480 4999 quempiam
1521 4945 1740 4985 omnem
1787 4933 2070 4988 veritatem

490 5033 649 5089 posse
687 5018 1161 5089 comprehendere.
1212 5017 1364 5075 Unde
1402 5029 1458 5075 et
1493 5021 1608 5091 ipse
1648 5022 1839 5078 beatus
1871 5023 2071 5080 Paulos

490 5109 786 5180 apostolus,
815 5111 907 5181 qui
937 5111 1006 5165 ad
1048 5109 1263 5166 tertium
1300 5110 1496 5165 malum
1544 5120 1728 5181 raptus
1762 5121 1863 5177 est,
1898 5125 1954 5168 et
1996 5116 2067 5170 ibi

489 5206 695 5261 audivit
735 5219 935 5260 arcana
978 5204 1144 5259 verba
1175 5219 1297 5273 qua:
1346 5220 1454 5260 non
1490 5205 1616 5260 licet
1660 5206 1873 5260 homini
1900 5207 2067 5277 loqui,

490 5299 565 5352 ait
591 5316 602 5351 :
637 5296 723 5352 Ea:
752 5306 900 5367 parte
923 5297 1303 5367 cognoscimus,
1337 5306 1384 5351 et
1414 5313 1478 5352 ea:
1499 5306 1646 5369 parte
1669 5298 2069 5368 prophetamus;

491 5407 610 5444 cum
648 5399 823 5444 autem
870 5390 1060 5444 venerit
1096 5389 1237 5461 quod
1279 5390 1563 5460 perfectum
1609 5399 1703 5453 est,
1737 5390 2075 5444 svacuabitur

491 5482 631 5552 quod
667 5498 733 5536 ex-
774 5492 922 5553 parte
949 5491 1043 5536 est.
1093 5480 1503 5551 Intelligendum
1545 5491 1628 5537 est
1661 5496 1790 5552 ergo
1818 5482 1959 5551 quod
1997 5483 2073 5537 ait

491 5572 559 5626 de
580 5571 809 5642 Spiritu,
846 5571 1059 5627 Docebit
1087 5589 1174 5649 vos
1194 5588 1395 5627 onmem
1420 5574 1705 5636 veritatem,
1740 5574 1894 5643 quasi
1922 5575 2073 5629 dice-

495 5671 579 5717 ret
607 5679 621 5717 :
647 5663 920 5721 Ditl'undet
959 5666 1013 5721 in
1063 5665 1318 5722 cordibus
1346 5667 1543 5722 vestris
1572 5667 1888 5722 charitatem
1908 5711 1922 5733 ,
1953 5686 2071 5739 quae

497 5765 595 5810 vos
614 5770 829 5811 omnem
857 5758 1139 5814 veritatem
1162 5757 1325 5814 faciat
1358 5773 1567 5812 amare:
1585 5757 1735 5826 cujus
1759 5761 2071 5829 magisterio

2177 4579 2321 4633 mina
2345 4579 2698 4649 pertulerunt.
2715 4576 3011 4642 Clariﬁcat,
3028 4579 3151 4633 dum
3166 4579 3484 4634 charitatem
3512 4578 3564 4632 in
3581 4580 3799 4634 εει-ἀί-

2174 4667 2275 4723 bus
2302 4669 2505 4723 nostris
2523 4667 2791 4732 diﬁ‘undit,
2812 4677 3030 4722 aeternae
3045 4669 3235 4739 patria:
3249 4684 3487 4723 amorem
3508 4668 3719 4738 inspira
3731 4679 3755 4724 ι
3770 4711 3796 4726 .

2248 4758 2386 4823 Quia
2414 4759 2479 4813 de
2517 4774 2629 4812 meo
2666 4758 2882 4826 accipiet
2915 4768 2962 4812 et
3005 4759 3336 4813 annuutiabit
3371 4759 3532 4824 vobis,
3568 4758 3625 4813 id
3657 4772 3803 4828 est,

2177 4849 2243 4905 de
2283 4864 2401 4904 meo
2436 4848 2617 4926 Patre.
2665 4849 2739 4903 De
2784 4848 2943 4905 Patre
2995 4851 3189 4921 accipit
3237 4849 3471 4920 Spiritus
3517 4860 3802 4915 sanctus.

2177 4942 2302 5011 quia
2331 4944 2396 4997 de
2421 4940 2581 4997 Patre
2607 4942 2873 5011 procedit,
2921 4942 2990 4997 de
3017 4957 3123 5011 quo
3161 4949 3216 4997 et
3253 4941 3294 4995 F
3304 4942 3429 4995 ilius
3468 4950 3631 4996 natus
3658 4956 3807 5001 est.

2174 5032 2274 5098 Qui
2300 5046 2430 5085 vero
2476 5031 2543 5086 de
2573 5030 2720 5085 nullo
2769 5040 2927 5086 natus
2955 5040 3059 5098 est,
3099 5040 3155 5086 et
3193 5033 3259 5088 de
3302 5032 3450 5087 nullo
3492 5034 3814 5103 procedit,

2174 5120 2334 5175 Pater
2356 5128 2441 5176 est
2465 5120 2630 5176 solus.

2245 5210 2437 5267 Omnia
2478 5229 2798 5284 quacunque
2850 5213 3005 5268 liabet
3050 5212 3235 5283 Pater,
3280 5232 3395 5270 mea
3439 5223 3584 5269 sunt.
3635 5213 3825 5273 Pro-

2172 5313 2356 5374 pterea
2395 5304 2503 5358 dixi
2534 5322 2545 5357 :
2580 5302 2716 5368 Quia
2744 5305 2809 5359 de
2837 5322 2951 5359 utea
2979 5307 3195 5376 accipiet
3222 5316 3268 5359 et
3307 5308 3651 5361 annuntiabit
3680 5326 3831 5365 vo...

2175 5396 2274 5451 bis.
2314 5395 2391 5450 De
2427 5396 2512 5451 bis
2546 5396 2684 5451 dixit
2724 5410 2842 5465 qua:
2881 5397 2947 5450 ad
2988 5397 3159 5467 ipsam
3199 5397 3375 5452 Patris
3419 5399 3832 5467 divinitatea;

2175 5488 2469 5558 pertinent,
2509 5487 2564 5540 in
2610 5487 2804 5557 quibus
2834 5487 2922 5542 ille
2971 5499 3055 5543 est
3096 5490 3318 5558 aequalis
3351 5489 3519 5555 Patri,
3571 5493 3628 5545 in
3660 5509 3837 5566 qua

2178 5575 2413 5646 Spiritus
2441 5586 2662 5630 sanctus
2698 5577 2921 5646 mqualis
2962 5587 3045 5632 est
3083 5578 3227 5633 Patri
3255 5587 3308 5632 et
3338 5578 3498 5643 Filio,
3529 5583 3627 5649 qui
3660 5599 3839 5648 n.2,;

2176 5668 2497 5731 substantia,
2539 5684 2643 5722 una
2692 5677 2906 5733 natura,
2954 5684 3056 5723 una
3098 5669 3368 5738 majestas,
3416 5686 3523 5723 una
3568 5675 3837 5751 glori-3.

2176 5778 2280 5816 una
2315 5761 2587 5816 :etemitas
2614 5771 2692 5815 est
2728 5761 2921 5827 Patris,
2959 5772 3010 5815 et
3037 5762 3178 5830 Filii,
3211 5773 3264 5817 et
3295 5762 3528 5831 Spiritus
3558 5779 3803 5832 ειιιιριί
