3962 6180
248 354 352 416 113

1337 354 1639 413 ΠΟΜΞῌᾹΞ.
1682 356 1747 413 IN
1788 356 2038 435 [:IVANG.
2079 358 2165 414 ET
2207 357 2426 414 EPIST.

3394 351 3515 407 εῑι

244 478 304 527 e‘.
327 474 410 525 est
438 480 581 522 unus
614 464 763 521 Deus
792 465 1152 536 omnipotens,
1201 465 1486 522 invisibilis
1527 477 1581 523 et
1625 469 1827 522 iueom-
1860 474 1904 531 Α
1931 478 1978 523 et
2003 470 2134 522 mori
2161 478 2377 538 paratus
2418 483 2531 521 sum
2562 468 2613 520 in
2640 462 3001 535 Hierosolyma
3046 480 3140 532 pro
3171 462 3376 517 nomine
3398 461 3506 515 Do-

251 555 628 629 prehensibilis
651 555 802 611 omni
823 565 1108 621 creaturze,
1134 554 1317 622 Pater,
1346 564 1401 612 et
1421 556 1607 622 Filius,
1632 566 1688 612 et
1706 556 1829 627 Spi-

252 650 383 704 ritus
429 655 678 703 sanctus.
728 646 788 700 ιιι
838 645 1056 701 nomine
1097 644 1321 715 justitite
1376 654 1434 701 et
1480 646 1535 700 in
1595 645 1829 717 Spiritus

248 737 415 795 sancti
451 737 598 792 dono
627 744 682 791 et
722 735 1012 803 missione,
1052 737 1279 791 istarum
1320 737 1544 792 duarum
1592 736 1653 791 ﬁt
1700 751 1830 792 con-

246 832 426 888 cordia
458 829 778 885 lectionum.
824 829 1021 884 Beatus
1053 828 1145 898 qui
1185 828 1431 900 intelligit
1465 829 1747 883 veritatem
1777 838 1830 883 et

246 923 491 990 sequitur
509 921 802 991 justitiam,
828 920 954 990 quia
977 921 1022 975 si
1054 921 1104 974 in
1129 921 1232 975 hoc
1259 919 1641 990 permanserit.
1671 920 1829 976 simul

245 1028 365 1070 cum
393 1012 620 1068 Christo
645 1013 702 1067 in
729 1022 989 1067 aeternum
1014 1013 1283 1084 gaudebit.
1824 1020 1827 1025 ‘

748 1115 1030 1171 HOMlLlA
1089 1115 1328 1171 XXXVI.

587 1222 639 1259 IX
676 1219 999 1260 ISVEXTIONE
1035 1221 1251 1260 SXNCTJ'Z
1288 1222 1499 1263 (παίεις.

494 1298 685 1352 Lectio
706 1296 959 1366 Epistula:
984 1295 1043 1348 B.
1070 1295 1219 1350 Pauli
1251 1298 1316 1350 ad
1341 1297 1581 1352 Galatas.

320 1388 579 1456 Fratres,
626 1388 832 1458 conﬁdo
873 1390 927 1443 in
975 1389 1116 1445 vobis
1148 1390 1202 1443 in
1240 1389 1482 1455 Domino,
1528 1391 1662 1461 quod
1704 1388 1832 1443 nihil

244 1479 390 1534 aliud
421 1481 663 1551 capietis,
694 1491 802 1535 etc.

314 1568 432 1624 [iac
453 1584 560 1639 spe
587 1568 720 1622 dicit
748 1583 807 1623 se
837 1567 1131 1635 conlidere,
1159 1570 1223 1624 de
1250 1570 1334 1625 his
1362 1571 1486 1640 quia
1516 1586 1620 1624 non
1642 1580 1833 1640 sponte

244 1667 591 1715 erraverunt.

315 1746 421 1813 Qui
458 1758 638 1802 autem
667 1749 942 1801 conturbat
984 1765 1090 1812 vos,
1121 1751 1345 1818 portabit
1376 1750 1672 1819 judicium,
1718 1751 1834 1821 qui-

245 1856 447 1911 cunque
492 1851 568 1893 est
597 1839 705 1893 ille.
740 1838 1020 1907 Quomodo
1058 1841 1146 1910 qui
1177 1851 1447 1895 errantem
1481 1843 1720 1896 converti
1754 1842 1831 1895 l'a-
1865 1824 1907 1882 η

244 1930 317 1985 cit
360 1930 799 1983 remunerandus
837 1938 951 1995 est,
1003 1930 1216 1986 dicente
1253 1928 1455 1985 Jacobo
1500 1929 1741 2000 apostolo
1776 1931 1829 1983 in

243 2018 483 2090 Epistula
523 2034 624 2074 sua
656 2036 668 2072 :
696 2018 800 2084 Qui
832 2020 1058 2074 converti
1085 2020 1261 2090 fecerit
1286 2028 1626 2089 peccatorem,
1660 2018 1834 2074 salva-

243 2109 313 2162 bit
346 2111 589 2164 nstituam
618 2110 735 2180 ejus
763 2120 812 2163 et
842 2111 1033 2182 aperiet
1064 2109 1446 2165 multitudinem
1466 2118 1831 2179 peccatorum;

244 2201 316 2253 ita
363 2209 419 2255 et
459 2200 559 2272 qui
606 2210 757 2256 recta
804 2200 1138 2257 incedentem
1189 2201 1241 2255 in
1287 2201 1392 2256 iter
1429 2200 1643 2256 devium
1688 2201 1832 2271 cogit

244 2289 481 2356 nectere,
499 2290 907 2346 damnationem
934 2290 1303 2361 consequitur,
1320 2289 1627 2360 quicunque
1648 2287 1828 2344 fuerit.

246 2380 355 2435 Hoc
386 2389 612 2451 propter
651 2379 755 2435 hos
782 2380 1022 2451 subjicit,
1064 2396 1133 2434 ne
1170 2380 1290 2448 quis
1316 2379 1417 2433 sibi
1452 2379 1705 2433 meritum
1742 2379 1832 2432 de-

246 2470 491 2525 fenderet
513 2486 581 2526 eo
608 2471 752 2541 quod
784 2470 879 2525 lilii
907 2478 1087 2526 essent
1121 2468 1351 2523 Abrahae
1397 2468 1689 2523 secundum
1713 2485 1832 2523 car-

246 2573 391 2624 nem,
414 2560 651 2629 denique
670 2560 1033 2616 exclamantes
1055 2560 1240 2615 dicunt
1264 2560 1329 2613 ad
1351 2557 1532 2615 Jesum
1560 2577 1573 2612 :
1597 2558 1708 2613 Nos
1733 2559 1832 2628 ﬁlii

246 2651 470 2705 Ahalae
491 2668 696 2705 sumus.

316 2740 432 2812 Ego
480 2752 680 2807 autem,
725 2743 939 2811 fratres,
980 2742 1026 2795 si
1071 2742 1519 2796 circumcisionem
1566 2742 1825 2812 prrvdico,

245 2831 370 2902 quid
409 2832 586 2884 adhuc
609 2830 1014 2901 persecutionem
1036 2831 1211 2899 patior
1235 2830 1260 2883 ?
1287 2831 1546 2899 Apertum
1574 2839 1658 2885 est
1688 2832 1831 2901 quod

248 2921 410 2987 dicit;
437 2919 560 2976 ideo
589 2919 736 2975 enim
764 2918 918 2988 quasi
957 2918 1207 2973 inimicus
1248 2933 1277 2972 a
1317 2917 1515 2975 ludatis
1549 2920 1833 2975 odiebatur

245 3020 303 3063 et
333 3025 439 3063 non
466 3007 786 3064 desinebant
810 3023 839 3060 a
870 3007 1245 3077 persecutione
1280 3006 1425 3076 ejus,
1455 3008 1578 3078 quia
1605 3009 1834 3063 circum-

248 3100 508 3155 cisionem
533 3113 650 3167 jam
674 3113 888 3152 cessare
917 3098 1163 3153 docebat.
1189 3098 1431 3168 Denique
1455 3097 1655 3153 Judzeis
1690 3112 1835 3153 com-

1931 559 2063 611 mini
2086 559 2248 612 nostri
2268 559 2393 613 Jesu
2415 556 2627 611 Christi.
2655 554 2836 624 Neque
2862 556 2999 608 enim
3018 554 3107 625 qui
3130 552 3509 607 circumcidun-

1931 658 2019 701 tur
2042 648 2201 718 legem
2226 648 2542 711 custodiunt,
2572 646 2661 701 sed
2710 646 2889 700 volunt
2919 662 3006 699 vos
3043 642 3347 698 circumcidi
3373 654 3428 697 ut
3454 644 3511 696 in

1930 757 2090 795 carne
2133 752 2300 793 vestra
2342 739 2647 810 glorientur.
2680 738 2807 793 Tale
2834 738 2937 793 hoc
2981 745 3083 802 est,
3109 736 3267 806 quale
3301 744 3355 789 et
3383 735 3512 790 illud

1930 833 2130 887 dictum
2162 834 2228 889 ad
2263 832 2560 902 apostolum
2591 831 2808 886 Petrum
2834 850 2845 885 :
2875 829 2932 886 Si
2960 840 3015 884 tu
3048 847 3165 883 cum
3190 829 3413 883 Judreus
3439 829 3513 881 sis

1931 922 2191 994 gentiliter
2210 924 2357 988 vivis,
2386 921 2645 993 quomodo
2689 920 2951 992 compellis
2981 930 3155 989 gentes
3187 918 3468 988 judaizare
3492 916 3516 970 P

1934 1016 2008 1070 Ita
2039 1026 2091 1071 et
2120 1015 2209 1072 hic
2238 1032 2360 1070 cum
2390 1015 2487 1085 ipsi
2536 1014 2712 1085 legem
2762 1029 2869 1067 non
2910 1012 3246 1067 custodirent
3293 1023 3516 1065 conver-

1934 1117 2117 1164 santes
2165 1106 2381 1175 injuste,
2425 1105 2887 1161 circumcisionem
2918 1104 3283 1165 Sectabantur,
3315 1107 3377 1153 ut
3421 1112 3515 1167 pe-

1937 1197 2086 1252 rinde
2112 1198 2327 1251 vincere
2356 1205 2410 1251 et
2430 1205 2699 1251 amatores
2723 1194 2857 1265 legis
2885 1194 3215 1257 viderentur,
3243 1206 3363 1245 cum
3387 1205 3516 1242 rou-

1935 1296 2041 1342 stet
2070 1288 2210 1341 hunc
2242 1286 2409 1355 legem
2439 1285 2722 1340 defendere
2747 1292 2801 1339 et
2824 1283 3119 1348 custodire,
3145 1280 3235 1350 qui
3274 1278 3516 1348 justitias

1930 1377 2051 1447 ejus
2073 1377 2406 1445 exsequitur,
2432 1386 2488 1429 et
2521 1375 2832 1428 mandatum
2877 1371 3019 1442 quod
3051 1370 3116 1424 ad
3148 1370 3311 1423 vitam
3352 1368 3519 1438 perti-

1931 1484 2073 1545 unus
2104 1469 2284 1521 datum
2315 1476 2418 1533 est,
2469 1484 2572 1520 non
2615 1463 2997 1536 prmtermittit.
3032 1461 3225 1516 Clades
3255 1476 3383 1530 ergo
3411 1458 3519 1511 Ca-

1937 1532 2166 1614 latarum
2195 1560 2469 1614 excusatio
2497 1567 2616 1613 erat
2645 1573 2833 1612 eorum
2864 1556 3001 1618 hac,
3033 1562 3093 1607 ut
3121 1552 3203 1608 vel
3253 1553 3333 1607 sie
3358 1551 3518 1605 intel-

1934 1649 2105 1721 ligant
2128 1651 2252 1720 quia
2301 1650 2644 1713 ludebantur,
2694 1648 2842 1702 velut
2884 1645 3032 1699 stulti
3078 1654 3132 1698 et
3178 1644 3420 1706 hebetes,
3454 1644 3521 1698 tle

1939 1756 2165 1809 quorum
2191 1740 2464 1793 doloribus
2498 1737 2887 1809 gloriﬁcantur.

2009 1829 2141 1882 .ilihi
2167 1838 2337 1881 autem
2371 1828 2502 1881 absit
2540 1826 2761 1897 gloriari
2790 1826 2891 1878 nisi
2921 1825 2972 1877 in
2998 1839 3148 1876 cruce
3181 1820 3389 1876 Domini
3420 1837 3517 1875 no-

1932 1922 2027 1974 stri
2053 1920 2176 1975 Jesu
2203 1917 2419 1983 Christi,
2447 1935 2538 1988 per
2584 1934 2733 1987 quem
2782 1917 2905 1969 mihi
2958 1914 3184 1968 mundus
3230 1912 3516 1981 cruciﬁxus

1930 2022 2074 2067 estet
2103 2027 2196 2082 ego
2242 2010 2456 2063 mundo.
2500 2008 2778 2076 Quomodo
2831 2004 3260 2075 pseudoanostoli
3296 2004 3515 2057 tribula-

1934 2101 2113 2156 tiones
2134 2114 2232 2170 pro
2254 2099 2471 2153 nomine
2495 2097 2717 2163 Cbristi,
2753 2096 2906 2166 quasi
2939 2095 3070 2149 nihil
3095 2092 3403 2164 profuturas
3424 2109 3520 2163 per

1932 2192 2238 2264 hypocrisin
2297 2191 2631 2246 redimebant
2661 2190 3043 2244 erubescentes
3095 2188 3147 2242 in
3202 2188 3309 2252 his,
3342 2188 3415 2242 ita
3462 2197 3520 2243 et

1930 2282 2219 2354 Apostolus
2266 2281 2598 2352 gloriabatur
2629 2282 2694 2335 de
2746 2281 2849 2344 bis,
2899 2280 3075 2335 sciens
3121 2294 3371 2349 magnam
3421 2294 3525 2349 pro

1933 2375 2053 2430 istis
2079 2376 2180 2429 sibi
2212 2374 2326 2429 fore
2357 2375 2686 2437 mercedem,
2731 2372 3182 2442 quemadmodum
3226 2380 3280 2425 et
3310 2371 3523 2434 cmtcrjs

1891 2492 1896 2497 -
1932 2465 2190 2536 apostolis
2227 2465 2448 2530 Christi,
2476 2465 2615 2519 sicut
2641 2465 2899 2534 scriptum
2936 2471 3019 2517 est
3057 2463 3110 2515 in
3140 2463 3364 2518 Actibus
3388 2478 3519 2532 apo-

1932 2554 2187 2608 stolorum
2224 2572 2234 2607 :
2266 2552 2429 2614 Tunc.
2483 2554 2682 2623 inquit,
2735 2554 2855 2608 ca’si
2900 2553 3134 2606 exierunt
3185 2551 3408 2623 apostoli
3449 2551 3519 2608 de

1932 2643 2171 2707 concilio,
2193 2644 2477 2712 gaudentes
2506 2646 2629 2710 quia
2659 2643 2802 2714 digni
2837 2642 3000 2696 habiti
3046 2652 3165 2695 sunt
3191 2658 3284 2710 pro
3313 2642 3519 2696 nomine

1932 2732 2125 2788 Christi
2154 2733 2520 2787 contumeliam
2561 2735 2693 2804 pati.
2721 2733 2886 2803 Cujus
2927 2748 3053 2801 ergo
3085 2732 3262 2788 omnis
3308 2748 3430 2801 spes
3464 2733 3516 2787 in

1932 2826 2147 2880 Christo
2167 2834 2268 2889 est,
2284 2826 2370 2879 hic
2385 2824 2644 2896 gloriatur
2664 2825 2716 2879 in
2739 2839 2901 2880 cruce
2920 2824 3055 2893 ejus,
3075 2824 3199 2879 huic
3212 2832 3268 2878 et
3294 2824 3521 2881 n-undus

1934 2915 2226 2971 cruciﬁxus
2245 2925 2350 2980 est,
2381 2925 2589 2970 certum
2621 2915 2828 2970 habens
2846 2928 3083 2968 amorem
3112 2915 3288 2969 crucis
3315 2913 3519 2968 Christi

1934 3007 2098 3061 vitam
2119 3020 2262 3072 esse,
2288 3005 2471 3060 mundi
2496 3021 2624 3060 vero
2646 3020 2883 3060 amorem
2908 3020 3104 3074 parare
3122 3013 3372 3060 mortem.
3387 3002 3520 3059 Bea-

1934 3107 2022 3153 tus
2044 3098 2131 3152 ille
2158 3106 2241 3153 est
2263 3097 2353 3167 qui
2385 3095 2674 3151 mortiﬁcat
2695 3095 2960 3150 desideria
2989 3095 3170 3150 carnis
3193 3110 3327 3160 suae,
3349 3102 3405 3150 et
3424 3108 3523 3165 pa-

250 3188 572 3259 pcllentibus
596 3195 653 3243 et
683 3200 1053 3257 smpenumero
1086 3185 1253 3242 falsas
1287 3189 1663 3242 accusationes
1701 3203 1832 3242 con—
1858 3175 1904 3239 C
1937 3189 2132 3243 tienter
2177 3187 2365 3243 suﬂ‘ert
2394 3187 2769 3242 tribulationes
2817 3186 3099 3256 praesentis
3126 3185 3271 3251 vitm,
3301 3185 3427 3256 quia
3474 3186 3519 3240 si

252 3290 332 3333 ιη
381 3293 506 3334 eum
560 3276 961 3340 deferentibus,
1014 3276 1291 3347 obliquum
1318 3276 1579 3348 judicent
1623 3279 1830 3348 videns,

250 3381 466 3428 conatis
498 3371 791 3442 appellavit
818 3368 1110 3425 Cmsarem.

322 3462 465 3534 Ergo
494 3471 805 3517 wacuatum
840 3469 916 3515 est
946 3461 1256 3515 scandalum
1281 3463 1472 3515 crucis.
1509 3459 1831 3515 scandalum

252 3560 368 3606 erat
391 3550 599 3606 ludatis
618 3549 931 3619 praulicatio
958 3550 1153 3612 crucis,
1184 3551 1309 3619 quia
1339 3550 1620 3603 sabbatum
1645 3559 1699 3602 et
1726 3550 1830 3603 cir-

252 3641 639 3697 cumcisionem
688 3639 1007 3694 evacuabat.
1051 3639 1110 3693 Si
1147 3648 1326 3692 autem
1373 3639 1682 3693 admitteret
1729 3639 1833 3693 cir-

252 3731 657 3794 cumcisionem,
691 3746 799 3783 non
842 3739 987 3785 esset
1024 3729 1356 3793 scandalum,
1387 3737 1442 3783 et
1494 3730 1704 3798 paciﬁci
1748 3746 1834 3785 es-

252 3832 369 3878 sent
399 3823 560 3877 nobis
597 3821 790 3876 Judmi.
820 3819 951 3875 Nam
983 3821 1236 3875 dicebant
1264 3820 1328 3876 de
1359 3819 1638 3876 Salvatore
1669 3837 1683 3875 :
1711 3820 1830 3875 Non

247 3922 317 3966 est
342 3913 428 3966 hic
452 3915 615 3965 Itomo
640 3928 672 3965 a
696 3910 805 3964 Deo
832 3911 924 3982 qui
964 3910 1235 3964 sabbatum
1279 3927 1381 3965 non
1424 3912 1666 3964 custodit.
1693 3911 1834 3981 Ergo

248 4010 567 4057 cvacuatum
598 4011 681 4056 est
704 4000 1014 4055 scandalum
1036 4000 1234 4054 crucis.

316 4091 534 4147 Utinam
555 4102 605 4147 et
637 4092 1013 4146 abscinduntur
1030 4092 1120 4162 qui
1155 4108 1242 4145 vos
1281 4094 1612 4158 conturbant,
1644 4093 1694 4147 id
1725 4103 1826 4158 est,

248 4184 450 4237 utinam
502 4182 892 4238 abscinduntur
931 4181 1023 4250 qni
1066 4196 1163 4236 vos
1209 4182 1546 4237 subvertunt.
1577 4183 1705 4238 Tale
1749 4194 1834 4239 est

248 4272 347 4328 hoc
372 4272 538 4342 quale
585 4280 642 4326 et
684 4270 813 4327 illud
855 4271 921 4327 ad
966 4270 1275 4327 Corinthios
1320 4273 1494 4341 prima
1525 4290 1538 4326 :
1574 4274 1676 4338 Qui
1703 4290 1829 4340 non,

248 4364 435 4436 inquit,
469 4375 617 4420 autat
638 4364 924 4419 Dominum
949 4363 1152 4430 Iesum,
1181 4368 1461 4419 anathema
1486 4365 1572 4419 sit.
1604 4365 1681 4419 Ex
1714 4366 1830 4435 ipso

248 4472 400 4529 grege
430 4457 685 4513 morbido
719 4466 844 4511 sunt
872 4464 928 4511 et
955 4457 1029 4523 bi,
1064 4472 1201 4526 quos
1227 4455 1399 4511 sociat
1434 4458 1713 4511 sententia-
1738 4474 1829 4511 eo-

1936 3279 1990 3333 in
2024 3279 2126 3333 hoc
2156 3278 2333 3333 studio
2362 3278 2504 3332 bono
2528 3290 2700 3345 usque
2751 3276 2805 3329 in
2857 3275 3019 3331 tinem
3070 3275 3517 3344 perseveraverit,

1933 3381 2150 3426 teternte
2180 3370 2304 3425 vitae
2332 3384 2454 3425 cum
2481 3368 2699 3423 Christo
2724 3377 2781 3423 et
2832 3368 3032 3423 sanctis
3080 3368 3197 3438 ejus
3252 3368 3522 3437 particeps

1935 3461 2126 3527 factus,
2162 3461 2278 3514 sine
2319 3459 2481 3514 dubio
2532 3459 2584 3513 in
2622 3466 2882 3513 :eternum
2912 3457 3182 3528 gaudebit.
3228 3457 3347 3527 Ipso
3384 3471 3522 3526 prte-

1936 3560 2111 3607 staute
2141 3549 2366 3604 Domino
2416 3558 2601 3603 nostro
2631 3548 2756 3604 Jesu
2807 3548 3042 3613 Christo,
3074 3549 3165 3617 qui
3196 3548 3327 3602 vivit
3355 3555 3408 3602 et
3436 3563 3524 3602 re~

1933 3652 2062 3716 gnat
2087 3644 2139 3697 in
2173 3641 2367 3697 smcula
2395 3642 2732 3696 sa'culorum.
2761 3639 2953 3694 Amen.

2435 3749 2707 3805 ΙΞΟΜΙῌἈ
2751 3747 3010 3802 XXXVII.

2592 3835 2745 3872 FERIA
2787 3834 2861 3872 IV.

2032 3913 2214 3968 Lectio
2239 3910 2491 3983 Epistolas
2512 3911 2572 3964 Β.
2601 3909 2752 3965 Pauli
2782 3909 2850 3964 ad
2882 3908 3415 3963 Thessalonicenses.

2007 4003 2242 4072 Fratres,
2267 4021 2443 4059 omnes
2461 4022 2551 4059 vos
2588 4004 2686 4073 [itii
2713 4003 2846 4057 lucis
2887 4003 3010 4057 estis
3038 4014 3084 4056 et
3112 4001 3212 4070 lilii
3253 4003 3389 4068 diei;
3416 4019 3519 4058 non

1933 4109 2114 4147 sumus
2139 4093 2325 4158 noctis,
2353 4108 2517 4165 neque
2535 4091 2887 4147 tenebrarum.

2004 4185 2282 4252 Quomodo
2302 4183 2456 4250 dixit,
2500 4184 2647 4240 Sicut
2685 4183 2774 4251 fur
2797 4184 2850 4238 in
2877 4193 3045 4248 nocte,
3074 4184 3151 4237 sic
3187 4184 3372 4248 veniet,
3417 4185 3515 4240 hoc

1934 4278 1987 4331 in
2012 4277 2130 4332 loco
2153 4276 2303 4341 dicit,
2330 4277 2585 4346 quoniam
2631 4291 2737 4331 non
2782 4275 2912 4329 estis
2944 4274 2996 4328 in
3029 4273 3288 4336 tenebris,
3318 4289 3513 4345 cogno-

1932 4367 2085 4421 vistis
2123 4368 2269 4422 enim
2296 4367 2600 4422 veritatem.
2651 4366 2836 4435 Itaque
2877 4373 2935 4419 et
2981 4365 3023 4417 si
3058 4371 3279 4433 repente
3302 4364 3417 4418 dies
3443 4364 3520 4419 in-

1934 4471 2060 4527 stat,
2090 4463 2183 4517 sed
2220 4478 2325 4517 non
2352 4477 2480 4533 erga
2508 4476 2605 4516 vos
2633 4460 2878 4514 ordinem
2927 4457 3026 4512 sibi
3074 4455 3314 4530 vindicat
3359 4454 3516 4520 furis,

248 4565 357 4603 rum
387 4558 452 4604 ut
488 4548 882 4603 abscinduntur
924 4564 955 4604 θ
990 4547 1354 4604 misericordia
1390 4547 1501 4609 Dei,
1551 4548 1642 4616 qui
1673 4548 1832 4604 Gala-
1855 4556 1909 4615 υ
1934 4555 2025 4625 qui
2040 4554 2264 4623 juvandi
2289 4556 2422 4610 estis
2440 4570 2507 4609 ex
2529 4551 2645 4621 ejus
2669 4552 2925 4616 adventu,
2953 4550 3046 4605 sed
3077 4548 3183 4604 illis
3206 4550 3297 4619 qui
3320 4564 3514 4613 noxam

245 4646 322 4692 tas
355 4637 456 4693 Dei
513 4637 690 4708 gratia
735 4645 1022 4702 exuerunt,
1050 4644 1107 4691 et
1150 4652 1256 4691 non
1286 4635 1459 4692 solum
1498 4637 1833 4706 spiritaliter,

243 4728 332 4783 sed
360 4737 420 4784 et
445 4726 745 4784 carnaliter
772 4728 872 4781 bos
917 4727 1212 4792 maledicit,
1253 4734 1313 4781 ut
1366 4726 1493 4796 quia
1520 4728 1833 4783 circumcidi

242 4819 462 4875 Galatas
488 4820 756 4891 cogebant
780 4819 883 4888 ipsi
909 4819 1372 4885 abscinderentur,
1422 4828 1484 4874 ut
1510 4820 1833 4892 multiplica-

244 4923 385 4967 retur
409 4914 501 4969 his
529 4912 684 4969 dolor
710 4911 971 4981 corporis.

310 5004 627 5075 Quicunque
659 5002 835 5057 volunt
872 5002 1158 5073 placerem
1189 5018 1379 5066 carne,
1416 5002 1470 5055 hi
1506 5012 1694 5072 cogunt
1734 5019 1825 5058 vos

244 5096 546 5149 circumcidi
591 5104 816 5160 tantum,
867 5105 920 5149 ut
966 5097 1136 5149 crucis
1181 5093 1376 5149 Christi
1420 5098 1823 5165 persecut'onem

245 5203 343 5241 non
373 5188 670 5256 patiantur.
703 5184 761 5239 In
810 5201 974 5240 carne
1001 5186 1234 5256 placere,
1279 5185 1586 5239 hominibus
1614 5185 1826 5255 placere

244 5277 542 5347 signiﬁcat;
572 5285 632 5331 ut
658 5277 801 5331 enim
827 5276 1028 5332 Judmis
1066 5277 1309 5348 prepitiis
1343 5286 1436 5330 aut
1468 5293 1569 5330 non
1603 5275 1837 5331 infensis.

242 5370 501 5432 viverent,
525 5384 668 5440 quos
711 5369 1185 5440 pseudoapostolos
1246 5369 1398 5435 dicit,
1426 5367 1505 5424 sic
1552 5368 1825 5423 Christum

243 5460 629 5530 pradicabant,
652 5467 714 5513 ut
734 5469 790 5514 et
812 5458 983 5531 legem
1011 5459 1331 5515 servandam
1368 5459 1646 5516 docerent.
1675 5457 1826 5526 Quod

244 5548 516 5620 apostolus
542 5565 818 5621 nunquam
864 5552 1074 5617 metuit,
1102 5552 1197 5607 sed
1228 5560 1540 5609 constanter
1566 5553 1709 5624 quod
1739 5569 1829 5609 ve-

244 5655 364 5698 rum
395 5652 482 5700 est
510 5659 621 5699 non
670 5644 861 5710 tacuit,
892 5653 947 5701 ct
991 5645 1091 5700 sibi
1130 5659 1197 5700 ex
1225 5645 1310 5700 bis
1358 5646 1646 5717 providens
1692 5662 1829 5717 quos

245 5732 492 5792 docebat.
529 5735 766 5806 Denique
791 5752 905 5807 ego,
948 5738 1138 5807 inquit,
1188 5755 1290 5793 non
1321 5737 1491 5793 solum
1521 5737 1695 5808 ligari,
1738 5738 1830 5793 sed

1934 4654 2252 4717 exspectant
2277 4645 2566 4716 pmnalem.
2598 4643 2664 4698 Et
2694 4652 2752 4699 ut
2797 4642 3223 4712 recognitionem
3271 4642 3517 4697 sufﬁcere

1933 4738 2035 4794 sibi
2061 4754 2168 4793 non
2199 4737 2525 4799 existiment,
2552 4734 2767 4805 adjicit.

2002 4826 2033 4880 Ι
2034 4828 2177 4897 gitur
2198 4843 2303 4880 non
2324 4827 2645 4880 dormiamus
2674 4825 2807 4880 sicut
2833 4836 2881 4880 et
2902 4826 3102 4890 ca'teri,
3127 4823 3217 4879 sed
3248 4822 3514 4894 vigilemus

1928 4927 1977 4970 et
2004 4917 2167 4971 sobrii
2207 4918 2389 4971 simus.
2422 4914 2525 4981 Qui
2552 4917 2690 4970 enim
2719 4915 3010 4982 dormiunt,
3035 4927 3182 4969 nocte
3209 4914 3513 4974 dormiunt;

1925 5016 1975 5062 et
2004 5009 2096 5078 qui
2118 5007 2462 5070 inebriantur,
2503 5014 2649 5059 nocte
2687 5006 3030 5059 inebriantur.
3055 5005 3167 5059 Nos
3201 5014 3395 5068 autem,
3424 5004 3515 5074 qui

1923 5100 2028 5153 diei
2047 5114 2249 5165 sumus,
2276 5097 2433 5151 sobrii
2458 5097 2640 5161 simus,
2659 5105 2705 5149 et
2728 5095 2898 5149 induti
2924 5094 3143 5150 loricam
3163 5093 3289 5162 ﬁdei
3316 5105 3361 5147 et
3390 5093 3516 5146 cha-

1924 5189 2120 5254 ritatis,
2151 5198 2199 5241 et
2223 5186 2426 5258 galeam
2452 5202 2593 5256 spem
2634 5185 2840 5240 salutis.
2895 5184 3158 5249 Quoniam
3202 5201 3304 5237 non
3338 5182 3513 5254 posuit

1926 5298 2019 5336 nos
2040 5281 2182 5335 Deus
2207 5282 2269 5334 in.
2286 5280 2442 5344 iram,
2469 5280 2556 5332 sed
2584 5280 2637 5332 in
2667 5278 3061 5348 acquisitionem
3087 5278 3273 5330 salutis
3298 5293 3389 5346 per
3404 5276 3511 5328 Do-

1927 5374 2124 5429 minum
2148 5384 2385 5428 nostrum
2413 5372 2594 5427 Iesum
2625 5371 2911 5436 Christum,
2936 5370 3024 5441 qui
3048 5379 3283 5423 mortuus
3306 5377 3381 5421 est
3416 5381 3511 5435 pro

1928 5465 2094 5530 nobis,
2128 5473 2182 5517 ut
2208 5465 2313 5519 sive
2340 5462 2630 5534 vigilemus.
2670 5463 2776 5517 sive
2817 5461 3167 5523 dormiamus,
3197 5454 3355 5512 simul
3394 5469 3514 5507 cum

1928 5554 2018 5609 illo
2056 5556 2305 5610 vivamus.
2338 5552 2603 5608 Convenit
2648 5552 2811 5622 igitur
2858 5565 2958 5605 nos
2993 5549 3087 5604 tali
3139 5550 3531 5601 remuneratus-

1929 5646 2155 5701 scientia
2180 5644 2426 5716 vigilare,
2476 5651 2530 5698 et
2557 5641 2767 5697 sobrios
2808 5653 2931 5695 esse
2974 5653 3103 5707 erga
3155 5634 3369 5690 illorum
3394 5631 3535 5687 δίη.-

1929 5737 2166 5809 gentiam
2213 5752 2332 5808 qua:
2383 5733 2538 5789 nobis
2587 5731 2935 5793 conveniunt,
2988 5728 3054 5784 ad
3106 5725 3529 5782 custodiendum
