3962 6180
299 349 380 408 217

1358 339 1660 396 ΗΟΜΠΛεΕ
1698 340 1763 394 ΙΝ
1805 339 2054 396 EVANG.
2096 339 2184 394 ET
2221 339 2432 395 EPIST.

302 466 446 532 ipsum
476 472 667 512 nomen
692 459 1052 523 apostolorum
1076 493 1089 514 ,
1120 452 1261 521 quod
1286 451 1534 507 Gra‘cum
1560 463 1668 519 cst,
1708 453 1836 507 nihil
1868 459 1914 515 Α
1942 455 2043 509 dus
2068 468 2196 510 vero
2237 470 2396 524 quem
2435 469 2534 525 per
2573 452 2845 508 Christum
2891 450 3194 507 conciliavit
3234 452 3367 516 sibi,
3408 472 3517 512 non

300 549 384 608 nisi
414 548 587 600 missos
615 542 882 613 signiﬁcat
910 544 962 595 in
994 540 1200 595 Latino.
1243 540 1385 593 Misit
1421 555 1550 611 ergo
1585 541 1842 596 Dominus

301 636 470 693 Filium
495 647 650 687 suum
691 633 892 698 absque
932 637 1154 698 peccato
1181 638 1496 697 conceptum
1525 637 1580 682 et
1622 637 1838 695 natum;

301 728 424 785 misit
458 726 620 781 Filius
660 724 949 793 discipulos
986 738 1112 777 suos
1137 737 1272 791 quos
1308 723 1421 791 ipse
1460 722 1837 788 sanctiﬁcavit,

301 820 367 874 vel
402 835 491 888 per
532 815 787 885 baptismi
831 824 1260 879 sacramentum,
1303 814 1384 867 vel
1425 828 1521 883 per
1565 815 1843 885 sanguinis

299 911 366 965 sui
391 908 831 978 redemptionem,
858 914 916 958 ut
944 906 1299 975 praedicarent
1319 904 1517 958 mundo
1541 904 1845 958 sanctiﬁca-

299 1000 473 1053 tionem
511 1007 568 1052 et
606 997 960 1059 ablutionem,
1005 1002 1060 1047 et
1100 993 1468 1048 remissionem
1497 1001 1842 1063 peccatorum

297 1106 508 1146 suorum.
540 1088 694 1143 Unde
719 1097 774 1141 et
801 1085 1029 1153 subjecit
1053 1102 1066 1138 :

359 1181 413 1233 Et
438 1196 526 1251 pro
552 1181 627 1233 eis
652 1196 744 1248 ego
768 1177 1035 1246 sanctiﬁco
1057 1178 1331 1245 meipsum,
1357 1175 1408 1230 id
1428 1184 1531 1241 est,
1561 1176 1613 1230 in
1636 1190 1700 1230 eo
1719 1177 1843 1244 quia

297 1284 384 1324 non
407 1269 519 1322 veni
562 1266 744 1323 facere
773 1266 1099 1321 voluntatem
1130 1279 1304 1318 meam
1324 1303 1339 1327 ,
1380 1265 1473 1318 sed
1516 1264 1843 1318 voluntatem

297 1356 395 1428 ejus
418 1358 501 1427 qui
543 1357 691 1410 misit
737 1371 841 1420 me,
867 1355 1064 1408 Patris.
1096 1353 1466 1409 Sanctiﬁcatio
1495 1354 1729 1409 ﬁdelium
1765 1365 1847 1411 est

295 1449 564 1504 obedientia
588 1447 732 1511 Filii,
753 1447 843 1516 qui
870 1446 1109 1499 obediens
1134 1444 1236 1498 fuit
1256 1445 1401 1498 Patri
1432 1462 1591 1515 usque
1613 1446 1680 1498 ad
1707 1461 1846 1498 mor-

294 1548 405 1603 tem,
448 1548 661 1591 mortem
700 1546 874 1589 autem
917 1536 1121 1599 crucis,
1163 1544 1373 1604 propter
1420 1534 1559 1604 quod
1607 1544 1656 1587 et
1705 1533 1845 1589 Deus

294 1632 506 1685 exultavit
534 1630 711 1685 illum.
744 1629 894 1696 Quod
919 1644 1048 1683 vero
1073 1629 1148 1682 ait
1175 1647 1188 1682 :

354 1717 411 1772 Ut
434 1722 533 1773 sint
573 1730 620 1772 et
661 1719 764 1789 ipsi
804 1717 1115 1785 sanctiﬁcati
1154 1718 1210 1770 in
1246 1718 1476 1770 veritate.
1510 1714 1623 1768 Hoc
1646 1722 1759 1778 est,
1788 1715 1844 1767 in

1945 551 2157 613 merito,
2186 550 2278 604 sed
2310 548 2481 618 gratia
2508 547 2779 617 cognovit.
2805 546 3047 615 Denique
3072 546 3314 614 sequitur
3338 564 3350 599 :

2010 640 2123 710 Ego
2162 651 2333 693 autem
2378 650 2425 693 te
2459 639 2691 709 cognovi.
2729 638 2845 706 Ipse
2876 636 2995 691 fons
3036 638 3223 706 gratiae
3267 647 3351 692 est
3379 638 3521 693 Deus

1941 738 2166 794 natura;
2214 730 2372 783 homo
2407 735 2582 781 autem
2624 729 2689 781 de
2738 727 2939 795 Spiritu
2988 736 3174 781 sancto
3216 737 3271 781 et
3312 729 3522 798 virgine

1940 819 2193 874 ineﬁ‘abili
2238 821 2411 888 gratia
2448 819 2501 872 in
2548 819 2805 872 unitatem
2841 834 3084 887 persona:
3128 817 3247 872 Filii
3294 818 3388 873 Dei
3436 834 3523 873 as-

1943 917 2188 977 sumptus
2213 916 2313 961 est.
2345 907 2448 960 Per
2479 907 2626 960 illum
2657 915 3026 977 cognoverunt
3054 908 3107 961 bi
3133 916 3187 961 et
3213 922 3399 962 omnes
3424 922 3524 977 per

1942 1016 2033 1055 eos
2062 999 2336 1055 credituri.

2014 1090 2151 1153 Quia
2195 1099 2251 1143 tu
2293 1106 2373 1143 me
2403 1091 2612 1153 misisti,
2659 1088 2779 1143 ideo
2824 1096 3187 1157 cognoverunt,
3236 1085 3400 1157 igitur
3425 1099 3524 1155 per

1942 1179 2167 1248 gratiam
2194 1186 2577 1247 cognoverunt.

2014 1268 2079 1321 Et
2110 1278 2287 1322 notum
2324 1269 2420 1338 feci
2446 1269 2539 1332 eis,
2578 1269 2779 1337 inquit,
2820 1284 3004 1322 nomen
3045 1279 3224 1333 tuum,
3258 1277 3304 1321 et
3345 1278 3522 1322 notum

1943 1363 2156 1433 faciam.
2199 1360 2391 1414 Notum
2438 1360 2537 1415 feci
2578 1376 2675 1429 per
2704 1360 2911 1414 ﬁdem:
2957 1368 3143 1414 notum
3187 1359 3383 1414 faciam
3427 1373 3524 1429 per

1942 1452 2211 1522 speciem;
2242 1459 2425 1504 notum
2451 1449 2548 1505 feci
2578 1450 2631 1503 in
2659 1450 2854 1504 saecqu
2877 1449 3349 1520 peregrinantibus
3376 1468 3389 1501 :
3427 1463 3525 1503 no-

1943 1552 2054 1598 tum
2082 1540 2275 1596 faciam
2304 1541 2353 1594 in
2386 1540 2524 1595 caelo
2554 1541 2921 1610 regnantibus.

2017 1630 2081 1685 Ut
2119 1630 2326 1684 dilectio
2360 1647 2463 1700 qua
2503 1630 2733 1683 dilexisti
2762 1645 2862 1693 me,
2892 1630 2946 1681 in
2986 1630 3111 1697 ipsis
3147 1631 3231 1689 sit,
3269 1640 3317 1683 et
3350 1646 3441 1698 ego
3469 1632 3525 1682 in

1945 1721 2088 1791 ipsis.
2124 1719 2399 1785 Quomodo
2433 1727 2610 1772 autem
2642 1717 2856 1772 dilectio
2882 1732 2985 1784 qua
3020 1718 3206 1771 dilexit
3242 1717 3402 1771 Pater
3438 1717 3520 1770 Fio

294 1826 366 1865 me
395 1810 522 1880 ipso,
547 1810 694 1863 sicut
716 1816 772 1861 et
798 1824 897 1878 ego
920 1807 1284 1862 sanctiﬁcatus
1310 1823 1429 1861 sum
1460 1807 1512 1862 in
1541 1807 1703 1862 verbo
1729 1805 1840 1859 Dei-
1875 1790 1919 1849 Β
1948 1814 2075 1868 lium
2108 1820 2192 1868 est
2219 1820 2275 1867 et
2312 1813 2453 1865 inter
2481 1826 2597 1874 nos,
2635 1811 2736 1863 nisi
2766 1810 2891 1878 quia
2930 1812 3170 1863 membra
3197 1809 3313 1876 eius
3339 1825 3525 1866 sumus

292 1900 434 1972 Igitur
459 1900 690 1970 subjecit
717 1907 772 1955 et
798 1900 873 1953 ait
901 1915 915 1952 :

353 1990 460 2045 Non
485 2008 577 2062 pro
603 1992 689 2044 his
720 2007 841 2061 rogo
866 1999 1091 2055 tantum,
1121 1990 1173 2044 id
1200 1997 1304 2055 est,
1332 2004 1432 2060 pro
1459 1988 1732 2059 discipulis
1753 1988 1845 2058 qui

292 2098 393 2137 etnn
427 2083 511 2136 illo
538 2092 670 2137 tunc
702 2090 876 2136 erant.

350 2170 445 2226 Sed
470 2188 560 2240 pro
591 2172 693 2236 eis,
732 2171 936 2239 inquit,
972 2171 1060 2231 qui
1092 2170 1341 2224 credituri
1371 2179 1493 2223 sunt
1520 2186 1612 2240 per
1639 2171 1845 2224 verbum

291 2277 445 2313 eorum
483 2261 535 2313 in
566 2278 673 2313 me.
726 2259 825 2314 Ubi
853 2276 1040 2314 omnes
1082 2275 1209 2315 suos
1252 2259 1472 2330 intelligi
1501 2260 1667 2313 voluit
1695 2278 1707 2313 :
1738 2276 1845 2313 non

291 2353 439 2406 solum
485 2353 583 2406 hos
626 2353 721 2421 qui
767 2361 889 2405 tunc
930 2358 1085 2405 erant
1130 2351 1182 2404 in
1229 2367 1411 2414 carne,
1443 2353 1535 2405 sed
1563 2351 1724 2405 etiam
1754 2352 1846 2420 qui

291 2441 429 2495 futuri
453 2451 630 2497 erant.
658 2442 931 2510 Quotquot
953 2453 1135 2510 postea
1162 2442 1507 2496 crediderunt
1534 2442 1586 2495 in
1605 2458 1727 2496 eum
1751 2458 1849 2512 per

286 2530 484 2584 verbum
512 2531 887 2600 apostolorum
908 2571 921 2594 ,
950 2532 1065 2585 sine
1090 2533 1250 2585 dubio
1273 2532 1643 2594 crediderunt,
1674 2539 1727 2584 et
1749 2531 1846 2585 do-

289 2632 373 2673 nec
390 2621 559 2675 veniat
591 2621 849 2675 credituri
874 2631 1029 2681 sunt;
1062 2622 1190 2690 ipsis
1214 2623 1355 2676 enim
1378 2624 1588 2676 dixerat
1618 2641 1630 2675 ε
1665 2621 1728 2675 Et
1760 2639 1845 2675 vos

285 2711 616 2764 testimonium
646 2712 920 2781 perhibetis
941 2713 1063 2781 quia
1090 2713 1153 2765 ab
1180 2713 1329 2765 initio
1358 2728 1554 2765 mecum
1585 2713 1725 2765 estis.

347 2797 607 2855 Utomnes
635 2818 796 2854 unum
824 2803 943 2855 sint.
991 2803 1163 2857 Unum
1191 2803 1242 2856 in
1274 2804 1556 2868 cbaritate,
1596 2820 1758 2857 unum
1792 2804 1845 2856 in

287 2888 394 2954 lide,
431 2906 603 2945 unum
650 2891 705 2944 in
747 2907 911 2961 pace,
952 2893 1074 2961 quia
1118 2893 1169 2945 in
1212 2908 1373 2945 unum
1417 2908 1639 2963 regnum
1681 2893 1846 2946 futuri

286 2987 409 3032 sunt.
448 2979 606 3035 Licet
635 2981 690 3033 in
718 2996 783 3034 eo
813 2997 975 3050 regno
1005 2983 1309 3035 mansiones
1337 2982 1563 3036 diversa:
1600 2983 1707 3036 sint
1733 2998 1850 3052 pro-

285 3076 388 3138 pter
409 3072 607 3124 merita
632 3080 941 3126 sanctorum
974 3072 1201 3137 diversa,
1235 3082 1344 3127 tum
1370 3074 1673 3142 quicunque
1706 3076 1756 3127 in
1783 3090 1848 3127 eo

1945 1910 2000 1956 et
2035 1902 2088 1955 in
2126 1901 2216 1956 illo
2250 1901 2539 1968 diligimur,
2584 1915 2704 1954 cum
2738 1900 2827 1952 ille
2856 1899 3094 1969 diligitur
3125 1909 3286 1963 totus,
3330 1900 3382 1955 id
3419 1910 3524 1966 est,

1946 2002 2109 2063 caput
2141 2001 2196 2046 et
2220 2007 2432 2061 corpus.
2461 1991 2584 2045 Ideo
2612 1989 2919 2058 subjunxit,
2960 1999 3006 2042 et
3035 2006 3127 2059 ego
3157 1990 3211 2043 in
3240 1991 3383 2059 ipsis,
3410 1999 3528 2045 tan-

1945 2100 2105 2155 quam
2136 2085 2339 2140 diceret
2368 2099 2383 2139 :
2413 2084 2676 2151 Quoniam
2708 2098 2807 2150 ego
2831 2098 2948 2136 sum
2987 2082 3038 2135 in
3082 2082 3231 2151 ipsis,
3263 2082 3353 2151 qui
3391 2081 3433 2136 si
3472 2082 3524 2136 in

1947 2185 2093 2231 recta
2126 2175 2231 2229 ﬁde
2253 2183 2307 2230 et
2330 2175 2486 2229 bonis
2512 2174 2765 2243 operibus
2794 2187 2962 2241 usque
2994 2172 3046 2225 in
3076 2172 3235 2227 ﬁnem
3277 2186 3529 2241 perseve-

1948 2266 2438 2335 raverint,paratus
2458 2279 2575 2319 sum
2607 2263 2755 2334 regni
2779 2263 3013 2317 caelestis
3033 2262 3256 2331 gloriam
3279 2262 3410 2317 dare
3432 2261 3525 2317 ubi

1947 2357 2128 2428 vivant
2140 2364 2194 2409 et
2205 2355 2473 2423 gaudeant
2488 2368 2582 2423 per
2594 2353 2773 2408 omnia
2789 2351 2979 2406 saecula
2996 2352 3526 2406 saeculorumAmen.

2461 2460 2740 2517 HOMILIA
2777 2459 3016 2514 XXXIX.

2608 2545 2762 2585 FERIA
2799 2545 2873 2583 Vl.

2079 2622 2261 2676 Lectio
2289 2622 2461 2676 sancti
2490 2620 2763 2688 Evangelii
2796 2621 3085 2674 secundum
3118 2620 3396 2674 Joannem.

2017 2713 2085 2768 In
2120 2714 2211 2767 illo
2239 2724 2463 2784 tempore
2500 2713 2632 2767 dixit
2661 2711 2817 2765 Iesus
2854 2712 3123 2782 discipulis
3158 2714 3266 2765 suis
3296 2726 3313 2763 :
3349 2712 3527 2764 Adhuc

1946 2807 2205 2860 modicum
2237 2805 2494 2859 vobiscum
2522 2819 2633 2857 sum
2652 2844 2666 2867 ,
2694 2811 2799 2857 etc.

2022 2896 2298 2964 Tanquam
2329 2895 2564 2949 diceret:
2596 2894 2865 2948 Continuo
2888 2894 3102 2962 quniem
3135 2894 3530 2945 resurrectione

1948 2985 2308 3056 gloriﬁcabor,
2342 3000 2443 3039 non
2476 2993 2654 3039 tamen
2691 2985 2944 3039 continuo
2981 2996 3301 3037 ascensurus
3334 2981 3384 3034 in
3421 2995 3531 3035 coa-

1949 3077 2082 3141 lum,
2113 3078 2206 3132 sed
2237 3077 2407 3130 adhuc
2442 3076 2700 3129 modicum
2734 3076 3027 3137 vobiscum,
3062 3073 3371 3144 signiﬁcans
3396 3087 3531 3141 qua-

283 3176 430 3232 regno
451 3165 556 3217 erit
586 3164 774 3219 beatus
801 3166 925 3229 erit,
957 3174 1011 3220 et
1036 3167 1229 3220 suﬁicit
1267 3167 1366 3221 sibi
1392 3140 1548 3234 quod
1590 3140 1769 3230 lmbct,
1795 3166 1847 3219 in
1876 3140 1921 3203 C
1951 3170 2192 3239 dragiuta
2212 3170 2354 3233 ,dies,
2382 3169 2576 3237 quibus
2599 3177 2715 3222 erat
2750 3183 2870 3222 cum
2898 3140 3172 3236 discipulis
3198 3140 3529 3233 temporibus

283 3265 338 3305 co
369 3254 560 3322 gaudet
601 3255 744 3323 quod
780 3255 1032 3324 possidet.

341 3338 476 3394 Sicut
498 3352 589 3405 tu,
616 3340 798 3407 Pater,
836 3344 890 3395 in
918 3360 998 3396 me
1036 3354 1081 3397 et
1110 3361 1202 3413 ego
1233 3346 1284 3396 in
1325 3353 1391 3397 te.
1437 3343 1547 3398 Hoc
1585 3354 1666 3398 est
1708 3344 1850 3414 quod

283 3432 420 3498 paulo
457 3443 594 3487 ante
630 3434 766 3487 dixit
807 3452 819 3488 :
866 3435 977 3505 Ego
1024 3436 1074 3488 in
1119 3435 1304 3501 Putre,
1348 3446 1396 3489 et
1439 3435 1602 3489 Pater
1645 3438 1697 3489 in
1747 3454 1843 3488 me.

281 3520 399 3577 Nam
445 3534 600 3579 totus
644 3526 804 3580 Pater
846 3527 897 3580 in
948 3525 1082 3581 Filio
1126 3538 1240 3591 est,
1292 3536 1347 3582 et
1395 3537 1538 3581 totus
1578 3527 1742 3580 Filius
1795 3528 1848 3580 in

280 3611 450 3677 Patre;
480 3625 537 3670 et
572 3618 665 3685 qui
700 3616 891 3670 Filium
926 3617 1110 3683 habet,
1144 3619 1305 3672 habet
1328 3627 1383 3672 et
1414 3617 1659 3682 Patrem;
1687 3626 1737 3671 et
1757 3618 1847 3685 qui

278 3699 475 3759 Patrem
512 3705 706 3769 habet,
746 3706 909 3761 habet
949 3718 1003 3759 ct
1041 3707 1257 3761 Filium.
1303 3707 1454 3762 Unde
1491 3705 1715 3773 subjecit
1762 3724 1774 3759 :

340 3793 405 3848 Ut
442 3806 488 3849 et
530 3797 637 3866 ipsi
678 3797 730 3849 in
772 3797 915 3849 nobis
956 3813 1114 3849 unum
1154 3797 1277 3849 sint.
1324 3796 1378 3849 Id
1413 3803 1529 3860 est,
1575 3810 1679 3847 una
1719 3794 1846 3847 cha-

279 3882 422 3938 ritate
456 3902 560 3940 nos
597 3885 841 3952 diligant,
876 3895 929 3940 et
969 3902 1070 3939 una
1112 3885 1215 3940 ﬁde
1253 3902 1349 3939 nos
1379 3887 1619 3948 credant,
1655 3893 1707 3938 et
1744 3900 1848 3937 una

277 3987 363 4041 spe
400 3976 451 4029 in
493 3992 602 4030 nos
631 3976 906 4029 conﬁdant
940 3996 951 4029 :
988 3986 1045 4029 ut
1084 3977 1155 4029 sit
1192 3978 1366 4029 uanitas
1395 3976 1635 4044 corporis
1676 3975 1729 4027 iu
1759 3991 1849 4028 ca-

276 4064 393 4130 pite,
430 4074 485 4119 et
523 4066 600 4119 sit
638 4082 773 4118 unus
808 4064 951 4119 Deus
988 4067 1164 4119 omnia
1202 4067 1256 4118 in
1296 4067 1550 4117 omnibus.

336 4153 446 4226 Ego
479 4156 540 4211 in
576 4157 677 4222 eis,
710 4158 850 4211 sicut
887 4167 1050 4227 caput
1082 4158 1133 4210 in
1175 4156 1459 4219 membris,
1491 4165 1538 4209 et
1567 4166 1622 4207 tu
1656 4156 1711 4207 in
1746 4171 1844 4218 me,

275 4244 404 4298 sicut
437 4255 599 4316 pater
638 4246 691 4299 in
732 4246 851 4311 lilio
900 4257 954 4300 ut
989 4248 1093 4299 sint
1116 4246 1462 4300 consummati
1491 4246 1546 4297 in
1579 4261 1759 4307 unum,
1796 4246 1849 4299 id

274 4346 351 4390 est
383 4338 647 4408 perfecti,
703 4339 847 4408 quod
895 4338 1141 4409 perﬁciat
1191 4338 1283 4407 qui
1334 4352 1432 4393 nos
1470 4336 1637 4391 voluit
1682 4352 1845 4391 unum

274 4430 472 4484 essein
512 4446 577 4485 se
618 4439 675 4485 et
714 4446 809 4500 per
845 4446 923 4485 se.

336 4518 398 4574 Ut
420 4531 701 4591 cognoscat
735 4521 960 4575 mundus
984 4521 1107 4591 quia
1136 4528 1192 4572 tu
1220 4536 1301 4573 me
1331 4519 1517 4573 misisti
1545 4528 1591 4573 et
1618 4518 1844 4573 dilexisti

269 4628 348 4664 eos
368 4613 502 4665 sicut
523 4623 575 4666 ct
601 4629 681 4665 me
705 4611 955 4666 dilexisti.
1001 4610 1245 4665 Dilexisti
1276 4626 1369 4666 eos
1398 4619 1455 4665 ut
1486 4619 1668 4666 essent
1702 4611 1845 4679 quod

268 4717 367 4757 non
386 4713 582 4768 erant;
607 4701 845 4757 dilexisti
871 4716 957 4756 me
986 4709 1047 4755 ut
1069 4715 1243 4755 essem
1269 4701 1649 4771 quod-semper
1674 4699 1770 4754 fui.

330 4792 512 4858 Pater,
538 4809 671 4864 quos
699 4792 886 4845 dedisti
908 4792 1058 4856 mihi,
1086 4791 1199 4844 volo
1224 4800 1277 4844 ut
1304 4791 1392 4844 ubi
1414 4808 1528 4845 sum
1551 4807 1666 4861 ego,
1696 4801 1744 4845 et
1766 4790 1844 4845 illi

260 4884 360 4938 sint
386 4900 610 4937 mecum.
640 4880 793 4936 Nunc
820 4896 916 4950 per
943 4881 1126 4946 ﬁdem,
1153 4888 1280 4935 tunc
1306 4896 1433 4949 ergo
1458 4896 1553 4950 per
1584 4882 1841 4951 speciem,

264 4989 380 5028 cum
402 4974 658 5029 Christus
680 4974 987 5043 apparuerit
1018 4974 1125 5025 vita
1157 4981 1358 5037 nostra,
1386 4984 1512 5026 tunc
1539 4984 1588 5026 et
1623 4989 1721 5027 nos
1750 4989 1841 5041 ap-

262 5066 569 5133 parebimus
591 5080 715 5119 cum
752 5064 866 5133 ipso
895 5064 948 5116 in
983 5062 1174 5131 gloria.
1214 5061 1256 5115 Τ
1262 5078 1362 5115 unc
1391 5071 1535 5131 patet
1571 5063 1712 5131 quod
1740 5061 1843 5115 eri-

262 5170 399 5221 mus,
431 5157 560 5225 quia
586 5167 717 5210 tunc
742 5153 1023 5223 apparebit
1053 5153 1100 5206 is
1125 5153 1216 5221 qui
1259 5161 1382 5205 ante
1409 5160 1529 5205 erat
1555 5166 1715 5219 quam
1747 5166 1845 5205 nos

262 5262 519 5303 essemus.

326 5337 397 5391 Ut
422 5339 633 5392 videant
653 5378 669 5401 ,
704 5337 912 5405 inquit,
953 5334 1241 5388 claritatem
1271 5351 1439 5387 meam
1467 5350 1625 5403 quam
1654 5332 1843 5385 dedisti

260 5429 405 5483 mihi.
432 5429 594 5484 Pater
609 5431 777 5500 juste,
800 5427 1026 5481 mundus
1048 5438 1095 5479 te
1116 5444 1219 5481 non
1239 5426 1490 5496 cognorit.
1515 5425 1646 5491 Quia
1664 5425 1840 5493 justus

256 5533 337 5583 es,
364 5519 491 5572 ideo
525 5527 577 5573 te
632 5535 739 5573 non
773 5517 1043 5588 cognovit.
1088 5516 1314 5570 Mundus
1342 5531 1469 5569 vero
1497 5515 1711 5582 quidam
1748 5529 1841 5566 na-

259 5617 343 5662 tus
364 5618 455 5664 est
480 5624 575 5679 per
600 5607 903 5677 justitiam,
936 5618 988 5661 te
1018 5622 1122 5660 non
1154 5606 1433 5676 cognovit;
1468 5605 1555 5659 ille
1592 5621 1718 5659 vero
1748 5605 1840 5679 qui

257 5698 548 5754 nimius
567 5707 684 5753 erat
710 5715 804 5767 per
827 5697 1271 5761 miscricordiam,
1305 5705 1355 5752 te
1399 5696 1665 5762 cognovit.
1694 5695 1841 5748 Mun-
1868 5710 1873 5711 ν

1947 3258 2263 3328 opportunis
2287 3272 2553 3326 apparens
2576 3256 2698 3310 illis.
2726 3257 2910 3311 Potest
2940 3264 3119 3313 tamen
3145 3255 3364 3324 intelligi
3388 3253 3529 3323 quod

1947 3363 2175 3416 parvum
2208 3356 2415 3415 tempus
2450 3347 2589 3400 illius
2642 3348 3010 3400 tantummodo
3061 3347 3233 3400 noctis
3264 3359 3434 3413 usque
3464 3345 3528 3396 ad

1948 3438 2212 3506 passionis
2234 3438 2420 3491 horam
2444 3452 2566 3491 cum
2597 3436 2871 3505 discipulis
2897 3453 2955 3491 se
2978 3452 3096 3491 esse
3123 3436 3524 3506 signiﬁcaverit.

1951 3529 2040 3583 Est
2078 3538 2130 3582 et
2165 3527 2266 3582 alia
2293 3528 2470 3581 divina
2504 3528 2803 3595 prazsentia,
2840 3528 3083 3581 sensibus
3125 3528 3300 3597 ignota
3332 3535 3533 3579 morta-

1950 3618 2106 3681 libus,
2134 3619 2198 3671 de
2219 3633 2321 3685 qua
2348 3618 2472 3671 item
2498 3617 2625 3669 dicit
2653 3636 2664 3669 :
2692 3616 2824 3668 Ecce
2849 3617 3107 3669 vobiscum
3132 3633 3247 3668 sum
3278 3632 3439 3685 usque
3462 3616 3530 3668 od

1948 3706 2439 3759 consummationem
2489 3703 2689 3755 srrculi.
2740 3704 2851 3757 Hoc
2894 3712 3041 3757 certe
3081 3719 3185 3756 non
3229 3712 3314 3756 est
3359 3703 3530 3756 adhuc

1947 3796 2208 3847 modicum
2250 3793 2509 3846 vobiscum
2548 3807 2698 3854 sum;
2738 3793 2829 3845 sed
2861 3801 2942 3845 est
2980 3791 3238 3843 modicum
3272 3791 3527 3844 vobiscum

1947 3900 2085 3948 sum,
2116 3882 2198 3936 vel
2234 3890 2357 3935 ante
2394 3881 2661 3949 passionis
2688 3883 2872 3935 horam
2909 3881 2994 3935 vel
3020 3890 3136 3949 post
3177 3882 3527 3935 resurrectio-

1950 3978 2093 4026 nem.
2123 3972 2242 4026 Alio
2272 3972 2388 4026 loco
2419 3971 2555 4026 dixit
2581 3970 2858 4041 discipulis
2885 3972 2996 4026 suis
3022 3990 3034 4025 :
3068 3970 3198 4026 Hac
3229 3982 3350 4026 sunt
3377 3971 3528 4025 verba

1914 4052 2065 4133 igua:
2102 4062 2304 4115 locutus
2345 4076 2462 4113 sum
2497 4060 2640 4113 vobis
2681 4077 2799 4113 cum
2838 4062 3010 4114 adhuc
3046 4052 3205 4114 essem
3245 4062 3526 4123 vobiscum,

1949 4152 2052 4206 nisi
2081 4167 2200 4205 eum
2230 4150 2402 4203 adhuc
2437 4164 2612 4204 essem
2643 4140 2697 4203 in
2730 4164 2893 4203 carne
2924 4151 3134 4203 mortali
3178 4150 3231 4203 in
3262 4165 3366 4218 qua
3397 4150 3531 4204 estis

1949 4258 2003 4303 et
2028 4263 2141 4300 vos.
2172 4246 2320 4299 Tunc
2344 4246 2487 4299 enim
2524 4260 2647 4299 cum
2684 4245 2801 4298 hme
2824 4244 3022 4297 diceret
3060 4244 3110 4297 in
3146 4243 3332 4297 eadem
3365 4257 3530 4297 carne

1949 4340 2207 4393 suscitata
2242 4345 2391 4401 erat,
2435 4338 2529 4392 sed
2574 4350 2695 4390 cum
2743 4336 2846 4390 illis
2885 4336 2938 4387 in
2982 4335 3166 4388 eadem
3205 4333 3529 4387 mortalitate

2003 4448 2054 4485 m
2081 4447 2185 4485 non
2213 4446 2304 4485 Cl‘ﬂ
2312 4439 2349 4483 ι.
2797 4436 2805 4460 ¹

1969 4447 1997 4484 3

1944 4448 2054 4501 tam
2081 4448 2185 4485 non
2213 4448 2349 4485 erat.
2797 4448 2805 4460 -

1835 4521 1845 4572 ἱ
1872 4480 1925 4538 D
2022 4520 2276 4584 Quwretis
2303 4534 2382 4570 me
2408 4531 2424 4567 :
2453 4517 2584 4568 sicut
2611 4514 2721 4566 dixi
2748 4512 2953 4566 Juda'is
2979 4526 2997 4563 :
3025 4510 3141 4576 Quo
3164 4526 3256 4579 ego
3283 4510 3416 4563 vado
3441 4527 3528 4565 vos

1950 4626 2052 4662 non
2077 4608 2286 4678 potestis
2310 4607 2512 4668 venire;
2540 4613 2586 4656 et
2611 4604 2727 4655 dico
2748 4602 2889 4654 vobis
2912 4601 3085 4654 modo.
3112 4600 3223 4655 Hoc
3244 4610 3344 4662 est,
3372 4602 3528 4653 modo

1950 4716 2055 4754 non
2090 4700 2332 4770 potestis.
2379 4695 2576 4751 Judmis
2625 4703 2803 4747 autem
2832 4708 2952 4747 cum
2987 4694 3100 4746 lure
3146 4693 3376 4755 diceret,
3422 4706 3525 4745 non

1950 4788 2151 4842 addidit
2192 4786 2364 4840 modo.
2405 4785 2496 4838 Isti
2540 4785 2720 4850 itaque
2758 4799 2863 4837 non
2901 4789 3147 4851 poterant
3181 4782 3364 4835 venire
3403 4790 3528 4836 tunc

1948 4897 2055 4950 quo
2094 4879 2182 4934 ille
2217 4878 2360 4941 ibat,
2396 4878 2486 4929 sed
2524 4881 2774 4944 poterant
2813 4881 3025 4941 postea;
3071 4871 3190 4925 ideo
3219 4871 3527 4924 desiderans

1943 4987 2035 5024 eos
2076 4967 2343 5037 quomodo
2389 4963 2565 5019 idonei
2609 4976 2729 5016 esse
2776 4968 2992 5032 possent
3029 4974 3254 5030 pergere
3295 4974 3401 5028 quo
3441 4959 3527 5012 ille

1943 5061 2290 5116 antecedebat
2315 5073 2330 5111 :
3218 5058 3223 5069 ‘

2015 5149 2326 5203 Mandatum
2357 5161 2567 5206 novum,
2608 5144 2797 5211 inquit,
2824 5142 2893 5195 do
2921 5143 3079 5206 vobis,
3106 5151 3161 5195 ut
3189 5140 3417 5209 diligatis
3448 5141 3528 5191 in-

1943 5240 2121 5293 vicem.
2158 5237 2220 5290 Hi
2261 5243 2387 5291 sunt
2425 5250 2645 5304 gressus
2684 5234 2878 5302 quibus
2915 5232 3220 5300 sequendus
3258 5238 3342 5284 est
3373 5229 3526 5282 Chri-

1946 5336 2090 5391 stus;
2135 5327 2240 5381 hoc
2280 5326 2587 5378 mandatum
2619 5324 2917 5377 charitatis.
2955 5322 3169 5375 innovat
3202 5322 3395 5389 quippe
3425 5334 3523 5370 au-

1949 5417 2180 5471 dientem
2211 5413 2295 5468 vel
2326 5414 2503 5484 potius
2533 5415 2871 5467 obedientem
2914 5428 3017 5465 non
3053 5413 3245 5473 onmis,
3286 5411 3376 5462 sed
3420 5409 3522 5462 ista

1947 5510 2181 5573 dilectio,
2224 5523 2383 5576 quam
2416 5506 2674 5560 Dominus
2702 5513 2760 5559 ut
2794 5522 2824 5559 a
2863 5505 3062 5559 carnali
3104 5502 3387 5555 dilectione
3417 5500 3527 5554 disc

1948 5602 2234 5670 tingueret,
2264 5599 2339 5652 ait
2368 5616 2380 5651 :
2412 5597 2557 5652 Sicut
2597 5597 2757 5650 dilexi
2784 5615 2891 5650 vos.
2925 5595 3144 5650 Dilectio
3183 5593 3281 5645 ista
3311 5606 3415 5645 non
3441 5591 3523 5645 iu-

1948 5699 2110 5746 novat
2132 5697 2191 5746 ut
2210 5691 2380 5746 simus
2407 5690 2655 5746 homines
2679 5689 2825 5752 novi,
2847 5690 2940 5742 sed
2962 5686 3203 5741 lueredes
3218 5682 3529 5740 testamenti
