3962 6180
387 337 497 396 219

1026 331 1088 385 Β.
1126 327 1378 384 RABANI
1420 327 1636 384 MAURI
1674 323 1992 381 ARCHIEP.
2037 323 2344 380 MOGUNT.
2385 321 2666 376 OPERUI
2705 319 2884 375 PARS
2923 319 2984 375 li.

3540 319 3658 373 22b»

383 445 528 505 novi.
571 443 698 500 [late
723 441 939 499 dilectio
967 441 1218 512 populum
1248 455 1444 494 novum
1466 438 1680 508 collegit
1709 437 1960 500 Christo;
1993 444 2037 499 Α
2070 438 2180 492 Mos
2210 436 2491 490 mulierum
2524 443 2606 489 cst
2648 435 2889 502 aspicere
2919 449 2978 486 se
3023 431 3074 484 in
3111 429 3364 500 speculis,
3396 439 3450 484 ut
3487 431 3649 502 quid-

381 543 499 594 htec
520 538 771 605 antiquos
797 536 984 589 Patres
1009 533 1296 587 innovabat
1323 540 1381 584 ut
1406 538 1588 585 essent
1617 530 1668 584 in
1692 529 1964 584 Christum

384 627 664 683 credentes
697 624 787 693 qui
821 632 1080 676 venturus
1116 629 1232 674 erat
1277 619 1540 673 redimere
1578 633 1691 673 eos.
1734 618 1968 672 Audiant

384 718 528 773 enim
557 726 715 784 atque
741 711 1069 776 custodiant,
1118 710 1429 764 Mandatum
1479 725 1666 762 novum
1715 709 1784 761 (to
1825 708 1967 761 vobis

385 818 440 862 ut
482 807 713 876 diligatis
753 805 989 866 invicem,
1035 817 1224 856 omnes
1255 801 1346 871 qui
1383 800 1568 854 volunt
1611 798 1808 853 fratres
1848 814 1968 852 esse

385 899 530 952 unici
560 896 675 949 Filii
705 896 822 960 Dei,
849 896 936 962 qui
967 893 1199 961 seipsum
1231 893 1282 945 in
1315 893 1416 946 hac
1444 890 1727 945 dilectione
1752 890 1971 944 tradidit

386 1002 483 1057 pro
511 987 682 1040 nobis.
719 984 851 1038 Nam
881 992 936 1036 et
975 984 1028 1037 in
1063 983 1163 1036 hoc
1191 982 1444 1034 mandato
1487 979 1612 1033 illud
1655 980 1966 1033 tnandatum

387 1087 468 1132 cst
488 1078 630 1146 quod
653 1077 801 1148 prius
824 1075 1042 1145 ponitur
1066 1094 1078 1128 :
1107 1073 1302 1144 Diliges
1330 1073 1608 1126 Dominum
1636 1072 1796 1125 Deum
1821 1083 1968 1124 tuum

383 1183 450 1220 es:
487 1176 592 1218 toto
634 1166 790 1219 corde
825 1176 937 1229 tuo,
979 1173 1025 1216 et
1061 1179 1126 1217 ex
1161 1173 1268 1216 tota
1311 1163 1488 1216 anima
1530 1173 1643 1226 tua,
1674 1173 1720 1214 et
1761 1178 1825 1214 ex
1865 1173 1970 1214 tota

387 1268 554 1311 tuente
583 1267 693 1309 tua.
737 1254 845 1310 Sed
870 1255 1005 1310 bene
1034 1254 1453 1325 intelligentibus
1491 1266 1780 1323 utrumque
1819 1254 1968 1307 inve-

388 1347 536 1400 nitur
561 1347 615 1400 in
644 1345 895 1414 singulis;
929 1361 1051 1397 nam
1088 1354 1142 1397 ct
1175 1344 1266 1414 qui
1303 1343 1475 1414 diligit
1508 1343 1673 1397 Deum
1709 1359 1812 1397 non
1847 1359 1971 1397 eum

387 1446 568 1511 potest
602 1437 856 1493 cohibere
892 1438 1290 1508 praecipientem
1325 1446 1385 1491 ut
1417 1438 1604 1506 diligat
1642 1438 1968 1507 proximum,

389 1544 446 1589 et
470 1534 558 1604 qui
585 1543 710 1588 ante
742 1542 904 1602 atque
937 1533 1249 1602 spiritaliter
1275 1532 1445 1602 diligit
1475 1532 1780 1601 proximum
1801 1573 1815 1596 ,
1843 1532 1970 1601 quid

389 1625 444 1680 in
496 1639 562 1678 eo
611 1622 782 1692 diligit
826 1622 927 1676 nisi
979 1621 1301 1675 Dominum?
1354 1621 1467 1689 ipsa
1511 1630 1594 1674 est
1636 1619 1851 1674 dilectio
1904 1621 1971 1674 ab

388 1715 533 1768 omni
562 1714 828 1767 mundana
851 1712 1139 1766 dilectione
1159 1712 1389 1765 discreta
1416 1727 1574 1780 quam
1599 1710 1972 1781 distinguendo

2067 529 2195 598 quid
2241 529 2294 582 in
2343 545 2400 583 se
2443 527 2716 582 sordidum
2760 526 3164 596 perspexeriut,
3213 533 3303 578 ant
3354 541 3458 578 non
3514 525 3652 581 bene

2069 620 2444 689 compositum,
2476 619 2529 672 in
2553 617 3117 674 mcliusemeutlatum.
3133 617 3506 687 suissatagant
3530 618 3650 686 pla-

2069 727 2192 766 cere
2223 712 2448 765 maritis.
2495 710 2646 778 Quod
2689 711 2865 762 facere
2908 709 3184 762 moraliter
3213 709 3496 762 animabus
3525 726 3654 763 con-

2069 806 2211 857 venit
2245 804 2462 857 nostris.
2495 802 2762 856 Debemus
2789 800 2988 854 etenim
3017 815 3115 852 nos
3150 800 3202 852 in
3239 799 3529 866 Evangelii,
3559 816 3649 853 seu

2069 895 2306 949 omnium
2330 895 2628 948 divinarum
2651 895 3051 963 Scripturarnm
3075 893 3386 960 conspicere
3411 893 3649 962 speculo.

2070 994 2125 1039 et
2158 986 2414 1055 depositis
2441 984 2705 1043 sordibus,
2741 984 3052 1051 ornatisque
3080 984 3320 1036 moribus
3348 983 3652 1036 animarum

2071 1085 2374 1129 nostrarum
2393 1117 2406 1139 ,
2437 1074 2653 1128 Christo
2681 1088 2809 1127 vero
2859 1073 3070 1143 placere
3105 1073 3299 1127 merito
3327 1071 3513 1144 [Forte
3549 1073 3651 1142 leg.

2073 1179 2155 1217 ma
2165 1162 2310 1235 rite].

2145 1255 2246 1319 Qui
2276 1264 2449 1306 autem
2486 1255 2798 1324 perspexerit
2829 1255 2883 1308 in
2909 1253 3016 1323 lege
3045 1253 3270 1322 perfecta
3299 1253 3570 1318 libertatis,
3606 1265 3655 1308 et

2069 1345 2408 1416 permanserit
2440 1346 2493 1398 in
2530 1362 2612 1397 ea.
2657 1345 2850 1414 Legem
2893 1343 3185 1414 perfectam
3231 1343 3494 1398 li‘..ertatis
3529 1361 3656 1414 gra-

2075 1438 2202 1490 tiam
2241 1437 2515 1506 Evangelii
2557 1437 2716 1500 dicit;
2762 1437 2894 1492 nihil
2933 1437 3075 1490 enim
3117 1437 3182 1489 ad
3225 1436 3521 1504 perfectum
3572 1438 3655 1489 lex

2074 1529 2313 1583 adduxit.
2348 1529 2413 1583 Et
2446 1529 2571 1582 alibi
2605 1545 2617 1581 :
2660 1528 2780 1581 Non
2813 1529 2947 1581 enim
2982 1529 3249 1596 accepistis
3276 1529 3514 1596 spiritum
3545 1545 3656 1580 ser—

2073 1621 2248 1674 vitutis
2282 1620 2467 1672 iterant
2505 1619 2559 1671 in
2589 1619 2793 1680 timore,
2825 1618 2914 1670 sed
2953 1619 3226 1686 accepistis
3271 1619 3510 1686 spiritum
3557 1617 3658 1670 ad-

2075 1711 2302 1780 optionis
2327 1709 2578 1778 ﬁliorum.
2621 1709 2686 1762 Et
2728 1709 2922 1762 iterum
2955 1726 2967 1761 :
3005 1705 3101 1760 Ubi
3142 1709 3276 1762 enim
3306 1709 3518 1777 spiritus
3553 1707 3662 1760 Do-

393 1803 594 1858 addidit
617 1803 892 1867 Dominus,
915 1803 1048 1854 sicut
1067 1800 1226 1854 dilexi
1255 1818 1360 1860 vos,
1387 1816 1509 1854 cum
1537 1801 1796 1856 Dominus
1817 1797 1973 1854 Jesus
2004 1793 2046 1849 Β
2077 1801 2226 1864 mini,
2264 1799 2335 1853 ibi
2374 1798 2603 1853 libertas.
2648 1798 2712 1852 Et
2755 1799 2864 1868 ipse
2905 1797 3165 1851 Dominus
3191 1815 3202 1850 :
3235 1795 3292 1849 Si
3320 1813 3433 1861 vos,
3465 1797 3664 1866 inquit,

393 1900 633 1946 sanctam
664 1891 1023 1954 dilectionem,
1053 1906 1157 1959 qua
1191 1906 1247 1944 se
1286 1891 1516 1944 invicem
1547 1891 1851 1961 diligerent,
1893 1889 1974 1942 di-

393 1981 611 2050 scipulis
637 1981 1058 2035 commendaret.
1439 1983 1456 2000 ”

465 2073 603 2126 Dicit
625 2073 669 2126 ei
695 2071 873 2127 Simon
901 2069 1088 2125 Petrus
1111 2085 1129 2123 :
1155 2071 1394 2135 Domine,
1417 2089 1517 2142 quo
1550 2072 1733 2126 vadis?
1760 2071 1848 2126 Sic
1872 2073 1975 2125 uti-

395 2178 501 2232 que
541 2163 642 2217 hoc
680 2163 816 2215 dixit
850 2162 1106 2232 magistro
1128 2161 1418 2231 discipulus
1451 2170 1507 2214 et
1537 2161 1762 2235 Domino
1789 2176 1977 2216 servus

398 2263 651 2321 tanquam
694 2253 842 2322 sequi
880 2264 1120 2321 paratus,
1159 2259 1442 2321 preptcrea
1482 2251 1680 2321 quippe
1722 2253 1978 2307 Dominus

396 2345 487 2412 qui
515 2343 632 2414 ejus
664 2343 904 2396 animum
931 2340 1063 2395 vidit
1095 2355 1262 2410 quare
1291 2341 1394 2394 hoc
1425 2341 1868 2410 interrogaret-it,
1900 2340 1979 2394 sic

397 2436 446 2490 ci
483 2436 754 2505 respondit
777 2453 790 2488 :

471 2526 586 2591 Quo
607 2543 699 2595 ego
721 2524 851 2578 vado
878 2539 981 2578 non
999 2532 1207 2594 potestis
1233 2538 1313 2576 me
1335 2521 1489 2575 modo
1511 2521 1673 2592 sequi.
1700 2519 1979 2590 Tanquam

399 2617 645 2672 diceret:
677 2602 906 2685 Propter
935 2614 1080 2686 quod
1121 2615 1420 2685 interrogas
1457 2629 1563 2668 non
1608 2622 1762 2682 potes
1800 2613 1976 2667 modo.

399 2706 517 2761 Non
555 2706 632 2760 ait
662 2724 674 2759 :
708 2705 826 2760 Non
861 2713 1044 2775 potes;
1088 2705 1181 2759 sed
1219 2719 1322 2757 non
1361 2713 1513 2773 potes
1541 2705 1694 2757 modo
1723 2720 1742 2758 :
1771 2704 1983 2758 dilatio-

400 2811 522 2849 nem
553 2793 756 2859 intulit,
793 2809 898 2847 non
930 2808 1078 2862 spem
1108 2794 1261 2858 tulit;
1295 2802 1349 2848 et
1375 2795 1616 2848 eamdem
1647 2809 1793 2863 spem
1819 2811 1980 2864 quam

400 2899 509 2939 non
535 2883 687 2947 tulit,
727 2883 822 2937 sed
866 2884 1044 2951 potius
1083 2883 1260 2948 dedit,
1293 2884 1538 2954 sequenti
1566 2899 1700 2939 voce
1749 2884 1985 2938 ﬁrmavit

400 2975 645 3030 addendo
675 2983 836 3044 atque
864 2973 1092 3029 dicendo
1119 2988 1135 3028 :

473 3065 715 3138 Sequeris
747 3074 919 3119 autem
949 3076 1146 3135 postea.
1173 3064 1451 3135 Respondit
1482 3065 1666 3120 Petrus
1687 3083 1705 3120 :
1731 3067 1906 3131 Quare
1934 3079 1985 3121 te

2074 1888 2248 1944 Filius
2277 1889 2589 1953 liberaverit,
2609 1905 2724 1942 vere
2751 1888 2900 1941 liberi
2926 1889 3093 1941 eritis.

2149 1979 2271 2034 Non
2299 1980 2511 2033 auditor
2549 1979 2826 2032 obliuiosus
2868 1978 3060 2042 factus,
3104 1977 3194 2031 sed
3237 1979 3405 2042 factor
3444 1979 3614 2046 operis
3644 1991 3663 2028 :

2076 2070 2158 2123 hic
2186 2071 2364 2122 beatus
2393 2070 2445 2122 in
2479 2070 2618 2136 facto
2649 2086 2744 2122 suo
2775 2071 2890 2122 erit.
2932 2067 3043 2121 Non
3073 2069 3256 2122 auditu
3289 2068 3439 2122 verbi
3472 2085 3668 2138 super-

2078 2175 2268 2223 vacuo,
2297 2161 2389 2213 sed
2419 2160 2598 2228 operis
2626 2160 2972 2213 exsecutione
3003 2159 3275 2212 beatitudo
3305 2169 3664 2228 prtenaratur,

2077 2253 2215 2307 sicut
2241 2261 2296 2306 et
2334 2251 2591 2306 Dominus
2631 2251 2857 2321 loquens
2901 2253 2966 2305 ad
3015 2252 3302 2322 discipulos
3335 2267 3348 2304 :
3390 2251 3451 2306 Si
3488 2262 3669 2305 autem

2077 2343 2239 2406 scitis,
2268 2342 2400 2395 beati
2425 2341 2587 2406 eritis,
2619 2341 2819 2410 inquit,
2851 2343 2896 2394 si
2923 2341 3144 2410 feceritis
3173 2359 3252 2394 ea.

2151 2431 2209 2484 Si
2231 2433 2347 2501 quis
2380 2441 2553 2484 autem
2591 2441 2738 2500 putat
2768 2447 2822 2484 se
2865 2430 3159 2500 religiosum
3203 2448 3330 2494 esse,
3373 2448 3475 2484 non
3505 2432 3674 2499 refre-

2081 2539 2211 2575 nans
2257 2522 2491 2591 linguam
2521 2538 2702 2585 suam,
2741 2521 2830 2575 sed
2873 2521 3123 2575 seducens
3166 2538 3255 2573 cor
3290 2537 3474 2584 suum,
3505 2522 3672 2590 hujus

2081 2630 2212 2666 vana
2239 2623 2312 2666 est
2343 2611 2544 2681 religio.
2576 2611 2854 2666 Monuerat
2880 2627 3041 2682 supra
3068 2611 3288 2666 verbum
3322 2612 3414 2666 Dei
3448 2628 3551 2665 non
3580 2627 3673 2664 so-

2080 2705 2189 2758 lum
2236 2705 2440 2765 audire,
2484 2704 2577 2758 sed
2621 2712 2676 2757 et
2721 2703 2916 2765 facere,
2962 2720 3104 2757 nunc
3147 2704 3319 2764 addit,
3363 2703 3485 2771 quia
3526 2711 3584 2756 et
3622 2704 3672 2757 si

2083 2795 2332 2848 mandata
2365 2795 2484 2864 quis
2515 2795 2724 2848 Domini
2755 2810 2874 2862 quae
2901 2795 3087 2847 didicit
3119 2793 3278 2847 factis
3301 2809 3552 2848 exercere
3585 2794 3672 2845 vi-

2081 2885 2256 2947 detur,
2300 2885 2346 2938 si
2381 2900 2488 2938 non
2512 2885 2674 2939 etiam
2711 2885 2944 2952 linguam
2975 2900 3002 2936 a
3031 2885 3478 2946 detractionibus,
3510 2899 3672 2937 incn-

2083 2974 2272 3039 daciis,
2305 2974 2674 3043 blasphemiis,
2706 2975 3072 3044 stultiloquiis,
3103 2977 3168 3029 ab
3193 2976 3308 3044 ipso
3336 2976 3499 3028 etiam
3525 2975 3676 3028 mul-

2085 3065 2328 3134 tiloquio,
2359 3066 2676 3136 ueterisque
2705 3067 2896 3135 quibus
2925 3082 3148 3137 peccare
3193 3067 3329 3120 solet
3358 3047 3677 3120 refrenare-

402 3172 507 3212 non
525 3171 736 3226 possum
757 3154 903 3227 sequi
923 3153 1114 3208 modo?
1135 3154 1375 3208 Animam
1397 3171 1564 3208 meam
1585 3172 1678 3224 pro
1702 3165 1750 3208 te
1767 3172 1979 3224 ponam.
2010 3147 2053 3206 C
2086 3156 2176 3219 rit,
2225 3154 2426 3210 frustra
2470 3170 2528 3209 se
2569 3156 2635 3210 dc
2674 3171 2898 3225 eperum
2939 3157 3150 3225 justitia
3189 3155 3380 3222 iactat,
3427 3157 3568 3210 sicut
3616 3167 3680 3210 et

402 3245 542 3313 Quid
589 3246 646 3300 in
687 3245 1020 3315 animoejus
1057 3251 1176 3300 esse
1209 3245 1521 3316 cupiditatis
1557 3246 1804 3300 videbat?
1843 3246 1980 3313 Quid

400 3334 598 3388 virium
627 3351 732 3390 non
761 3335 1008 3390 videbat?
1037 3335 1376 3390 Voluntatem
1399 3351 1551 3390 suam
1569 3335 1809 3404 jactabat
1833 3338 1984 3391 infir-

402 3440 547 3490 mus,
574 3426 667 3480 sed
695 3425 1034 3495 impendebat
1061 3425 1420 3480 valetudinem
1447 3428 1705 3483 medicus.
1736 3427 1840 3483 Iste
1864 3444 1985 3498 pro-

403 3514 684 3580 mittebat,
716 3514 804 3570 ille
827 3514 1216 3584 praenoscebat.
1251 3515 1349 3582 Qui
1378 3517 1672 3582 nesciebat,
1698 3517 1977 3584 audiebat;

402 3615 460 3660 et
485 3607 576 3676 qui
602 3605 947 3676 pnesciebat,
976 3605 1220 3664 docebat.

473 3695 754 3766 Respondit
797 3695 955 3750 Iesus
991 3709 1011 3748 :
1053 3696 1297 3751 Animam
1336 3707 1480 3752 tuam
1526 3715 1619 3768 pro
1679 3717 1760 3754 me
1800 3717 1981 3771 pones.

405 3786 557 3853 Quod
588 3786 888 3855 promittis,
921 3785 1080 3842 modo
1110 3801 1215 3842 non
1259 3794 1441 3857 potes;
1487 3788 1637 3857 prius
1681 3798 1765 3844 est
1804 3791 1983 3845 anima

405 3890 526 3930 mea
553 3889 650 3944 pro
680 3884 732 3929 te
760 3876 1003 3944 ponenda
1020 3915 1036 3941 ,
1064 3883 1125 3930 ut
1157 3876 1332 3944 possis
1358 3885 1542 3945 postea
1572 3880 1806 3934 animam
1835 3889 1982 3935 tuam

407 3979 504 4033 pro
542 3979 628 4016 me
670 3975 898 4031 ponere;
944 3962 1129 4030 sicque
1173 3965 1584 4019 resurrectionis
1635 3983 1768 4022 mea:
1815 3968 1983 4038 gloria

406 4049 763 4120 complebitur
783 4058 838 4104 et
864 4050 1131 4118 passionis
1150 4059 1254 4105 tua:
1279 4067 1487 4106 merces
1511 4053 1566 4106 in
1587 4055 1792 4108 caelesti
1822 4071 1986 4126 regno

410 4139 504 4194 tibi
545 4138 935 4209 praaparabitur
979 4147 1040 4192 ut
1086 4154 1210 4193 cum
1245 4140 1445 4194 sanctis
1488 4141 1691 4211 angelis
1739 4143 1887 4198 vivas
1933 4154 1988 4200 et

407 4233 642 4306 gaudeas
673 4248 770 4304 per
793 4233 972 4287 omnia
1001 4233 1194 4287 szecula
1221 4233 1556 4288 steculorum.
1589 4235 1780 4291 Amen.

985 4341 1264 4398 HOMILIA
1306 4343 1418 4398 XL.

557 4429 880 4468 DOIINICA
921 4429 982 4468 ιν
1018 4429 1176 4468 POST
1215 4430 1522 4470 OCTAVA!
1562 4431 1841 4473 PASCIUE.

631 4501 816 4556 Lectio
845 4501 1097 4572 Epistolas
1125 4501 1266 4557 beati
1297 4501 1481 4559 Jacobi
1514 4507 1758 4575 apostoli.

485 4590 810 4654 (Iliarissimi,
849 4584 1018 4645 estote
1042 4593 1266 4662 factores
1294 4595 1465 4660 verbi,
1500 4605 1548 4648 et
1587 4613 1690 4650 non
1721 4596 1984 4652 auditores

413 4694 610 4737 tantum
623 4719 637 4744 ,
667 4688 773 4735 etc.

478 4767 569 4824 Sic
591 4777 645 4822 et
666 4768 865 4825 Paulus
892 4770 958 4826 de
983 4769 1118 4841 legis
1144 4772 1441 4830 cultoribus
1471 4775 1546 4828 ait
1577 4793 1591 4829 :
1628 4775 1750 4830 Non
1778 4777 1986 4831 audito-

406 4874 488 4912 res
526 4869 728 4912 tantum
756 4859 882 4931 legis
907 4861 1342 4931 justi/icabuntur
1367 4866 1508 4926 apud
1538 4865 1735 4929 Deum,
1765 4866 1855 4920 sed
1901 4866 1985 4936 fa-

403 4963 567 5002 ctores
590 4951 715 5020 legis
735 4951 868 5020 justi
892 4962 1035 5007 sunt.
1068 4952 1134 5008 Et
1164 4954 1218 5008 in
1242 4954 1563 5026 Apocalypsi
1589 4955 1832 5022 Joannis,
1860 4973 1982 5012 cum

404 5039 629 5094 dixisset
655 5058 668 5093 :
696 5039 890 5095 Beatus
913 5043 1003 5114 qui
1031 5045 1152 5115 legit
1176 5055 1222 5099 et
1243 5047 1333 5114 qui
1355 5047 1502 5099 audit
1531 5047 1680 5100 verba
1704 5049 1985 5118 prophetia:

402 5128 524 5184 libri
563 5131 746 5200 hujus,
783 5135 1027 5204 protinus
1063 5136 1310 5207 adiunxit
1343 5155 1356 5192 :
1398 5137 1466 5192 Et
1506 5149 1674 5192 servat
1702 5156 1762 5193 ea
1786 5156 1902 5210 qua:
1931 5139 1986 5194 in

400 5218 494 5272 illo
521 5221 715 5290 scripta
739 5231 880 5278 sunt.

475 5311 613 5378 Quia
650 5315 696 5368 si
722 5317 838 5387 quis
877 5317 1092 5370 auditor
1129 5327 1204 5371 est
1246 5319 1382 5371 verbi
1423 5328 1470 5372 et
1515 5336 1619 5374 non
1665 5319 1852 5386 factor,
1899 5321 1984 5372 hic

403 5405 794 5472 comparabitur
822 5407 930 5460 viro
952 5407 1305 5460 consideranti
1335 5407 1531 5461 vultum
1563 5409 1847 5461 nativitatis
1875 5423 1986 5460 sure

402 5495 456 5548 in
477 5498 713 5565 speculo;
735 5499 1082 5553 consideravit
1111 5501 1246 5552 enim
1268 5517 1322 5553 se
1345 5510 1392 5554 et
1418 5501 1566 5565 abiit,
1589 5511 1636 5555 et
1663 5504 1836 5554 statim
1859 5501 1986 5553 obli-

403 5592 485 5636 tus
513 5596 588 5639 est
617 5589 788 5656 qualis
823 5588 1004 5657 fuerit.
1035 5587 1249 5644 Vultum
1293 5591 1589 5646 nativitatis
1617 5593 1748 5646 dicit
1780 5591 1985 5645 vultum

403 5674 664 5744 ittl'antiat,
687 5695 807 5748 qua:
833 5681 1069 5736 nondum
1099 5681 1162 5735 ad
1190 5682 1484 5750 perfectum
1513 5683 1759 5751 pervenit
1790 5683 1981 5735 virum.

2079 3243 2278 3299 Paulus
2325 3245 2540 3316 gentilis
2587 3255 2757 3315 poeta:
2808 3247 3130 3302 sententiam
3175 3249 3481 3317 approbatis
3522 3248 3600 3302 ait
3664 3263 3680 3302 :

2081 3332 2430 3404 Corrumpunt
2461 3334 2620 3388 bonos
2650 3351 2816 3389 mores
2847 3334 3104 3406 colloquia
3130 3336 3291 3388 mala.

2153 3423 2353 3494 Religio
2394 3425 2589 3479 munda
2626 3434 2674 3478 et
2715 3425 3050 3480 immaculata
3088 3425 3229 3489 apud
3266 3425 3434 3478 Deum
3473 3435 3518 3479 et
3563 3426 3677 3480 Pa-

2082 3525 2232 3581 trem,
2255 3516 2367 3568 lucc
2389 3525 2486 3570 est.
2509 3516 2742 3572 Pulchre
2763 3517 2985 3580 addidit,
3006 3517 3146 3582 apud
3175 3517 3337 3571 Deum
3357 3527 3404 3570 et
3432 3515 3681 3584 Patrem,

2084 3608 2208 3676 quia
2235 3616 2360 3662 sunt
2385 3609 2477 3678 qui
2511 3609 2819 3665 hominibus
2864 3610 3096 3681 religiosi
3125 3611 3394 3674 videntur,
3428 3626 3550 3664 cum
3580 3626 3684 3666 co-

2083 3714 2198 3752 ram
2234 3698 2345 3754 Deo
2373 3700 2673 3755 habeantur
2707 3700 2939 3770 profani.
2987 3700 3139 3756 Unde
3169 3711 3224 3754 et
3264 3700 3516 3755 Salomon
3547 3701 3629 3754 ait
3665 3720 3679 3754 :

2085 3789 2182 3844 Est
2226 3791 2309 3844 via
2334 3808 2449 3860 qutc
2483 3792 2685 3845 videtur
2718 3793 2917 3845 homini
2951 3791 3131 3861 justa;
3169 3793 3446 3845 novissima
3495 3802 3682 3844 autem

2084 3880 2198 3950 ejus
2224 3880 2485 3933 deducunt
2511 3881 2578 3933 ad
2609 3892 2844 3935 mortem.

2166 3969 2389 4022 Visitare
2415 3969 2638 4039 pupillos
2666 3980 2713 4023 et
2744 3971 2928 4024 viduas
2957 3971 3007 4023 in
3037 3971 3370 4024 tribulatione
3399 3987 3600 4034 eorum,
3627 3981 3684 4026 et

2085 4062 2478 4114 immaculatum
2496 4079 2550 4116 se
2570 4065 2832 4118 custodire
2853 4065 2916 4118 ab
2940 4066 3036 4118 hoc
3061 4065 3273 4118 sa'culo.
3307 4066 3441 4130 Quia
3465 4065 3684 4121 dixerat

2087 4149 2345 4204 factorem
2380 4151 2559 4220 operis
2588 4153 2800 4206 beatum
2841 4154 2892 4207 in
2924 4153 3065 4208 facto
3100 4171 3197 4209 suo
3225 4155 3494 4217 futurum,
3531 4171 3684 4210 nunc

2088 4255 2208 4309 quae
2233 4240 2372 4296 facta
2407 4240 2516 4296 Deo
2558 4243 2790 4296 maxime
2823 4243 3067 4312 placeant
3095 4245 3256 4307 dicit,
3302 4243 3683 4299 misericordia

2089 4333 2294 4389 scilicet
2317 4342 2372 4387 et
2397 4334 2723 4388 innocentia.
2755 4334 2994 4404 Namque
3025 4335 3074 4388 in
3101 4351 3165 4389 eo
3191 4337 3334 4404 quod
3357 4335 3589 4404 pupillos
3621 4347 3684 4390 et

2089 4426 2278 4479 viduas
2317 4426 2368 4478 in
2411 4425 2754 4479 tribulatione
2782 4441 2967 4479 eorum
3004 4426 3220 4480 visitare
3244 4425 3437 4493 jussit,
3479 4437 3680 4478 cuncta

2011 4513 2063 4572 D
2089 4531 2207 4584 qua:
2245 4531 2371 4586 erga
2415 4517 2718 4584 proximum
2767 4517 3189 4571 misericorditer
3220 4533 3378 4588 agere
3413 4519 3683 4571 debemus

2089 4607 2344 4661 insinuat.
2377 4608 2528 4672 Quod
2555 4615 2815 4677 quantum
2844 4607 3042 4672 valeat,
3075 4609 3190 4678 ipso
3216 4608 3403 4677 judicii
3435 4617 3682 4677 tempore

2087 4695 2369 4763 pandetur,
2417 4696 2507 4748 ubi
2553 4696 2796 4752 dicturus
2833 4705 2915 4751 est
2949 4696 3112 4765 judex
3144 4716 3156 4752 :
3193 4697 3442 4762 Quandiu
3479 4698 3684 4764 fecistis

2087 4788 2178 4840 uni
2209 4786 2271 4839 de
2298 4787 2548 4855 fratribus
2585 4789 2710 4842 meis
2745 4790 2993 4854 minimis,
3032 4791 3157 4843 mihi
3183 4789 3393 4858 fecistis.
3423 4789 3592 4844 Perco
3622 4789 3682 4844 in

2087 4890 2152 4930 eo
2192 4875 2333 4944 quod
2373 4877 2745 4932 immaculatos
2788 4893 2888 4932 nos
2929 4878 2997 4932 ab
3037 4879 3136 4932 hoc
3183 4878 3380 4932 saeculo
3413 4877 3682 4932 custodiri

2087 4966 2343 5034 prtecepit
2366 4967 2614 5020 universa
2640 4968 2690 5020 in
2721 4969 2917 5036 quibus
2945 4984 3043 5024 nos
3069 4969 3214 5038 ipsos
3241 4977 3422 5023 castos
3453 4982 3682 5024 scrvare

2086 5056 2241 5110 decet
2269 5056 2533 5122 ostendit;
2580 5057 2636 5111 in
2664 5059 2859 5127 quibus
2899 5067 3026 5113 sunt
3049 5073 3112 5114 ea
3140 5074 3260 5129 quae
3290 5074 3451 5129 supra
3486 5059 3684 5114 obser-

2086 5161 2212 5200 vare
2258 5157 2568 5212 monuerat,
2615 5158 2673 5202 ut
2719 5149 2858 5203 tardi
2904 5151 3073 5204 simus
3115 5147 3183 5203 ad
3222 5149 3575 5219 loquendum.
3623 5158 3684 5203 et

2086 5235 2227 5289 tardi
2261 5237 2325 5290 ad
2355 5236 2523 5302 iram;
2554 5247 2608 5292 ct
2639 5238 2690 5290 in
2717 5239 2975 5308 patientia
3005 5249 3059 5293 et
3089 5238 3142 5293 in
3170 5240 3514 5294 tribulatione
3536 5252 3684 5306 prae-

2091 5326 2258 5380 sentis
2287 5326 2409 5380 vita:
2449 5325 2617 5382 fortes
2652 5329 2821 5382 simus
2855 5330 2921 5383 ad
2957 5329 3327 5383 sustinendum
3359 5337 3551 5382 cuncta
3582 5330 3686 5382 ad-

2094 5430 2270 5477 versa,
2286 5415 2470 5484 sicque
2484 5426 2628 5471 recta
2652 5417 2755 5472 lidc
2769 5434 2834 5472 ac
2847 5420 3000 5473 bonis
3012 5420 3265 5488 operibus
3278 5420 3590 5488 Studeamus
3611 5420 3684 5474 ad

2092 5511 2350 5557 mternam
2379 5505 2544 5558 vitam
2575 5510 2878 5576 pervenire,
2906 5520 3195 5578 pratstantc
3229 5510 3451 5564 Domino
3486 5520 3686 5564 nostro

2095 5593 2220 5649 Jesu
2249 5595 2486 5661 Christo,
2525 5599 2614 5668 qui
2643 5615 2767 5653 cum
2795 5600 2956 5655 Patre
2994 5610 3048 5654 et
3092 5601 3292 5670 Spiritu
3323 5609 3510 5655 sancto
3543 5601 3687 5656 vivit

2105 5698 2150 5740 et
2180 5697 2362 5757 regnat
2390 5688 2549 5754 Deus,
2573 5707 2668 5759 per
2693 5694 2870 5746 omnia
2897 5694 3088 5747 satcula
3125 5694 3464 5748 saeculorum.
3493 5696 3678 5749 Amen
