3962 6180
276 392 371 447 ﬁl

846 491 1129 551 liOMlLIA
1164 488 1300 545 XLI.

842 601 898 641 IN
938 598 1112 640 EODEII
1150 593 1340 636 FESTO.

401 678 588 741 Lectio
622 676 800 735 sancti
825 672 1104 745 Evangelii
1138 668 1434 727 secundum
1456 663 1742 721 Joannem.

348 794 418 851 In
442 793 537 849 itte
573 800 806 861 tempore
834 788 970 843 dixit
991 786 1147 841 Iesus
1180 781 1455 853 discipulis
1499 778 1609 834 suis
1632 792 1651 830 :
1687 777 1878 842 Amen,

279 903 432 943 amen
450 886 572 939 dico
602 882 767 947 vobis,
802 882 848 935 si
868 879 996 951 quid
1028 876 1279 949 petieritis
1308 875 1523 929 Patrem
1563 873 1620 926 in
1671 871 1878 926 nomine

280 995 415 1041 sieo,
451 976 601 1030 dabit
621 974 783 1030 nobis.
814 969 987 1043 Usque
1024 968 1180 1023 modo
1210 982 1313 1021 non
1350 965 1553 1035 petistis
1586 962 1879 1034 quidquam

278 1069 339 1121 in
368 1066 583 1121 notitiae
618 1077 771 1118 meo:
810 1062 967 1132 petite
1011 1068 1060 1113 et
1101 1055 1386 1128 accipietis,
1414 1063 1471 1109 ut
1505 1052 1763 1124 gaudium
1789 1066 1878 1105 ve-

280 1169 452 1212 strum
476 1156 544 1211 sit
577 1153 813 1222 plenum.

353 1248 519 1315 Quod
544 1245 753 1301 duobus
790 1243 965 1297 modis
993 1238 1213 1310 intelligi
1242 1244 1427 1307 potest
1455 1253 1471 1289 :
1500 1234 1583 1290 vel
1610 1234 1736 1304 quia
1768 1248 1876 1288 non

282 1339 361 1396 in.
382 1339 609 1394 nomine
652 1351 774 1392 meo
802 1334 1038 1405 petistis,
1060 1330 1203 1400 quod
1233 1342 1431 1383 nomen
1467 1341 1573 1381 non
1603 1325 1746 1381 sicut
1784 1337 1877 1378 co-

282 1429 656 1504 alescentium
681 1438 784 1492 est,
811 1423 1171 1496 cognovistis;
1215 1420 1301 1476 vel
1329 1432 1435 1475 non
1478 1418 1692 1490 petistis
1716 1416 1875 1487 quid-

281 1538 471 1594 quam,
497 1520 755 1592 (muniam
778 1519 832 1572 in
862 1513 1266 1585 comparatione
1294 1526 1477 1566 rerum
1503 1524 1671 1579 quam
1693 1518 1879 1579 petere

280 1613 584 1676 debuistis,
621 1625 723 1681 pro
749 1608 916 1663 nihilo
950 1604 1260 1661 habendum
1310 1610 1396 1657 est
1438 1601 1585 1671 quod
1623 1598 1881 1669 petistis;

282 1706 413 1775 quia
439 1703 535 1773 qui
557 1702 691 1773 petit
710 1700 855 1770 quod
883 1699 950 1753 ad
974 1709 1263 1766 supernam
1293 1692 1520 1749 salutem
1549 1699 1606 1746 et
1623 1689 1878 1763 gaudium

282 1807 553 1851 sternam
581 1804 688 1846 non
720 1789 981 1859 pertinet,
1032 1785 1166 1841 nihil
1195 1791 1382 1854 petere
1405 1782 1619 1837 videtur
1639 1780 1707 1834 ad
1732 1793 1881 1834 com-

282 1900 345 1954 pa
356 1884 626 1938 rationem
650 1881 793 1936 illius
815 1878 1089 1950 petitionis
1128 1891 1292 1947 quam
1318 1860 1505 1944 petere
1548 1872 1753 1928 debuit.
1778 1868 1881 1924 Pe-

281 1980 375 2031 tite
393 1986 444 2029 et
475 1974 766 2043 accipietis,
807 1982 863 2025 ut
899 1970 1154 2041 gaudium
1198 1976 1425 2023 vestrum
1459 1965 1526 2019 sit
1555 1963 1783 2036 plenum.
1804 1962 1883 2016 Ac

284 2067 330 2121 si
361 2074 620 2135 patenter
641 2064 827 2119 dicat:
858 2060 975 2115 Non
1022 2058 1161 2113 ﬂuxa
1210 2055 1388 2111 satculi
1436 2055 1649 2124 gaudia,
1685 2069 1804 2122 qua:
1830 2056 1903 2107 ct‘

283 2172 527 2214 mini-ore
556 2170 774 2225 semper
811 2154 976 2207 mixta
998 2160 1055 2205 et
1081 2149 1265 2204 dolore
1315 2146 1546 2201 tinienla
1595 2153 1755 2208 sunt;
1788 2143 1883 2197 sed

285 2249 420 2304 illud
450 2246 730 2318 singulare
755 2242 1011 2314 gaudium
1038 2257 1069 2295 a
1115 2239 1277 2295 Patre
1327 2238 1513 2307 petite,
1540 2235 1697 2305 cujus
1718 2234 1886 2305 pleni-

287 2338 417 2392 tudo
450 2336 600 2391 nullo
629 2333 916 2403 cujuslibet
948 2328 1335 2401 inquietudinis
1360 2335 1568 2381 attactu
1590 2326 1882 2380 minuatur.

286 2428 593 2484 Etet-nitas
614 2425 761 2480 nullo
776 2438 1010 2493 unquam
1037 2419 1265 2476 termino
1286 2416 1624 2476 dissolvetur,
1653 2414 1699 2469 si
1726 2414 1774 2467 ei
1792 2427 1889 2481 per

289 2536 348 2576 se
365 2518 735 2589 przestiteritis
749 2515 873 2570 talia
887 2512 1140 2585 petendo,
1162 2509 1348 2580 procul
1364 2508 1525 2562 dubio
1545 2520 1665 2576 quae
1685 2504 1886 2574 petitis,

290 2610 594 2680 accipietis,
610 2608 654 2663 si
673 2621 853 2663 mores
877 2604 1043 2659 menti
1064 2602 1397 2658 concordant
1417 2596 1668 2668 petentis.
1688 2595 1888 2650 Parum

292 2702 442 2756 enim
465 2699 721 2753 utilitatis
747 2696 902 2751 affert
925 2695 1063 2749 bene
1103 2693 1310 2748 orando
1357 2704 1587 2760 superna
1617 2702 1883 2757 quaerere,

289 2789 393 2858 qui
425 2804 533 2843 non
570 2787 781 2842 destitit
814 2799 1068 2855 perverse
1088 2782 1321 2837 vivendo
1371 2780 1573 2834 inlimis
1600 2777 1885 2846 implicari.

370 2878 504 2934 lla'c
538 2881 595 2933 in
623 2877 908 2949 proverbiis
949 2875 1154 2929 locutus
1195 2890 1312 2927 sum
1352 2873 1515 2927 vobis.
1565 2868 1714 2923 Venit
1758 2874 1888 2922 hora

294 2986 416 3022 Cum
451 2968 572 3039 jam
605 2970 660 3022 in
706 2966 988 3033 proverbiis
1016 2981 1118 3018 non
1157 2963 1345 3033 loquar
1383 2961 1542 3024 vobis,
1574 2959 1666 3013 sed
1712 2957 1890 3030 palam

292 3062 361 3115 de
388 3057 554 3113 Patre
580 3059 909 3113 annuntiobo
937 3058 1100 3110 vobis.
1125 3055 1244 3110 .Iam
1273 3053 1479 3125 parvuli
1506 3052 1737 3116 fuerant,
1764 3065 1890 3105 nec-

294 3151 424 3205 dum
458 3149 762 3217 intelligere
812 3154 1096 3217 potuerunt
1143 3144 1414 3215 quomodo
1458 3142 1617 3197 Pater
1645 3149 1791 3196 esset
1834 3140 1888 3193 in

296 3240 455 3305 Filio,
485 3246 542 3292 et
570 3238 743 3292 Filius
769 3238 821 3291 itt
850 3236 1028 3298 Patre,
1061 3245 1116 3291 et
1164 3242 1357 3289 caetera
1383 3248 1503 3302 quae
1531 3230 1594 3284 ad
1625 3230 1889 3300 profunda

296 3330 683 3402 mysteriorum
713 3327 1011 3384 divinitatis
1051 3325 1424 3396 pertinebant;
1477 3323 1707 3377 necdum
1751 3321 1889 3375 scire

297 3428 613 3489 potuerunt,
641 3418 760 3473 ideo
807 3417 862 3472 in
889 3414 1189 3487 proverbiis
1218 3413 1371 3483 quasi
1409 3412 1696 3482 aenigmate
1739 3410 1886 3479 loqui

300 3512 403 3566 illis
433 3510 721 3565 videbatur
744 3507 1027 3570 Dominus,
1062 3505 1155 3559 sed
1197 3503 1466 3574 promittit
1497 3502 1583 3556 ille
1620 3501 1807 3555 horam
1836 3500 1887 3555 in

300 3618 401 3671 qua
430 3600 608 3671 palam
656 3600 984 3669 loqueretur.
1027 3596 1174 3650 Illam
1218 3595 1473 3649 nimirum
1503 3595 1692 3648 horam
1720 3592 1889 3663 signi-

303 3694 472 3745 ﬁcans
494 3706 605 3761 qua
632 3689 735 3754 eis,
749 3698 971 3759 peracta
996 3702 1093 3741 sua
1116 3686 1369 3756 passione
1386 3699 1449 3758 ac
1469 3684 1885 3741 resurrectione.

303 3780 534 3847 Spiritus
585 3777 760 3831 sancti
789 3782 908 3830 erat
951 3775 1178 3846 gratiam
1222 3775 1464 3827 daturus.
1490 3772 1641 3825 Tunc
1690 3771 1891 3825 etenim

303 3868 619 3938 spiritaliter
648 3867 795 3920 intus
824 3864 1094 3929 instructi,
1126 3862 1352 3933 spiritali
1381 3861 1742 3916 delectatione
1764 3857 1889 3914 suc-

303 3958 469 4021 censi,
504 3972 615 4026 quo
640 3954 933 4025 perfectius
960 3953 1141 4007 omnia
1168 3968 1288 4022 qua:
1332 3951 1605 4022 agnitione
1633 3949 1888 4003 divinita-

306 4050 371 4102 tis
398 4046 720 4102 mortalibus
753 4052 905 4100 erant
932 4043 1212 4114 capienda,
1242 4049 1664 4109 acceperunt,eo
1693 4039 1888 4094 arden—

308 4142 408 4195 tius
435 4140 549 4196 sola
573 4154 697 4208 qua:
730 4138 795 4191 ad
823 4136 940 4206 ejus
968 4136 1225 4189 visionem
1280 4131 1691 4203 promerendam
1734 4130 1891 4200 juva-

308 4243 425 4288 rent
462 4242 654 4303 petere
689 4246 754 4286 ac
780 4230 1089 4283 desiderare
1118 4233 1464 4281 curaverunt.

373 4320 442 4376 In
467 4321 561 4375 illo
581 4320 669 4373 die
687 4320 743 4373 in
770 4318 977 4371 nomine
994 4332 1109 4370 meo
1143 4316 1343 4385 petetis.
1387 4312 1444 4368 ω
1484 4320 1607 4377 est,
1661 4326 1780 4382 quae
1823 4312 1890 4365 ad

308 4410 534 4467 salutem
583 4405 957 4463 tantummodo
1000 4406 1301 4460 animarum
1341 4410 1666 4468 vestrarum,
1694 4410 1749 4457 et
1772 4418 1893 4472 quae

310 4503 372 4557 ad
405 4500 609 4572 gaudia
646 4507 848 4553 mterna
872 4496 1143 4567 pertinere
1164 4495 1416 4549 videntur
1453 4502 1636 4563 petere
1663 4492 1888 4560 incipie-

311 4594 395 4648 tis.
419 4592 490 4647 Et
512 4590 771 4653 maxime,
800 4596 859 4641 ut
904 4585 1214 4656 intelligatis
1255 4586 1383 4654 quid
1417 4585 1488 4639 sit
1529 4583 1672 4652 quod
1715 4580 1886 4636 dixit:

309 4687 419 4758 Ego
446 4695 494 4741 et
519 4682 686 4738 Pater
726 4698 888 4735 unum
930 4695 1130 4744 sumus,
1158 4686 1211 4734 et
1236 4677 1489 4748 quoniam
1519 4675 1678 4730 Pater
1720 4675 1789 4729 sit
1838 4673 1891 4727 in

310 4792 394 4833 tne
422 4786 480 4834 et
504 4790 607 4845 ego
628 4774 685 4829 in
715 4771 896 4827 Patre.
926 4770 1077 4825 Tunc
1106 4769 1160 4824 in
1183 4769 1402 4824 nomine
1430 4765 1548 4835 ejus
1576 4763 1892 4835 petunt,qui

309 4874 518 4937 petunt,
545 4865 671 4934 quia
704 4864 756 4917 in
792 4877 926 4918 sono
953 4861 1070 4931 ejus
1117 4858 1351 4914 nominis
1396 4873 1504 4911 non
1542 4854 1686 4910 aliud
1731 4869 1893 4923 quam

313 4972 424 5011 rem
452 4956 627 5025 ipsam
662 4968 812 5017 esse,
864 4966 983 5020 qua:
1016 4950 1119 5004 hoc
1153 4949 1369 5002 nomine
1413 4955 1658 5007 vocatur,
1694 4943 1892 4999 intelli-

313 5055 463 5116 gunt.
511 5046 576 5100 lli
605 5054 828 5115 possunt
873 5049 1147 5111 utcunque
1191 5039 1433 5109 cogitare
1476 5037 1759 5091 Dominum
1799 5048 1893 5088 no-

313 5147 506 5194 strum.
532 5136 717 5193 Jesum
747 5135 1045 5197 Christum,
1077 5133 1130 5185 in
1176 5139 1437 5204 quantum
1470 5129 1630 5183 homo
1673 5134 1775 5190 est,
1798 5140 1896 5196 pro

314 5229 468 5283 nobis
519 5226 866 5296 interpellare
890 5221 1143 5277 Patrem:
1181 5220 1233 5273 in
1270 5227 1531 5288 quantum
1587 5213 1728 5267 Deus
1781 5222 1895 5278 est,

316 5335 413 5373 nos
439 5320 629 5372 audire
657 5333 782 5371 cum
826 5314 1005 5369 Patre.
1052 5310 1205 5379 Quod
1234 5325 1358 5364 eum
1394 5307 1727 5379 signiﬁcasse
1754 5305 1898 5359 arbi-

316 5421 452 5475 tror,
482 5410 573 5464 ubi
607 5409 720 5462 ait:

386 5500 456 5554 Et
490 5516 592 5554 non
620 5498 739 5552 dico
784 5496 921 5551 vobis
948 5495 1071 5568 quia
1096 5512 1187 5565 ego
1234 5491 1424 5563 rogabo
1464 5487 1673 5542 Patrem
1719 5486 1782 5538 dc
1811 5501 1897 5537 ro-

313 5594 415 5649 bis.
475 5590 657 5645 Potest
697 5588 842 5643 cnim
887 5604 991 5641 non
1046 5582 1484 5640 inconvenienter
1530 5577 1699 5646 accipi
1753 5574 1897 5644 quod

316 5684 416 5747 ait,
444 5683 510 5737 Et
536 5701 638 5737 non
660 5683 778 5737 dico
807 5679 1109 5750 robis,quia
1142 5694 1233 5747 ego
1265 5674 1453 5745 rogabo
1483 5670 1690 5725 Patrem
1720 5671 1781 5723 de
1812 5686 1898 5723 vo—

322 5775 418 5839 bis,
446 5776 571 5844 quia
622 5790 729 5829 non
761 5776 825 5829 tle
854 5770 1100 5843 prxsenti
1155 5784 1303 5837 rogo,
1337 5769 1426 5820 scd
1462 5763 1525 5819 dc
1557 5763 1752 5818 futuro.
1793 5763 1892 5816 [‘0-

1356 371 1664 433 HOMlLUE
1706 368 1772 427 IN
1811 365 2063 425 EVANG.
2112 362 2196 420 ET
2234 362 2455 420 EPlST.

1898 482 1946 543 Α
1976 478 2103 541 suit,
2134 477 2349 548 rogabo,
2377 476 2520 547 quod
2551 475 2754 532 sanctis
2778 473 2843 529 ad
2874 472 3143 529 internam
3168 486 3359 544 pacem
3413 490 3566 533 rece-

3451 362 3563 422 ειη

1976 570 2085 638 ptis
2120 585 2227 623 non
2256 568 2425 638 possit
2444 568 2554 638 jam
2580 567 2773 636 aliquis
2795 580 2988 635 rogare
3011 565 3076 619 de
3098 564 3225 627 illis,
3248 564 3375 635 quia
3403 565 3565 620 nitui-

1976 677 2097 716 rum
2130 667 2275 715 tanta
2321 660 2653 716 beatitudine
2682 658 2915 715 donandi
2956 665 3081 714 sunt
3107 697 3123 724 ,
3176 672 3296 728 qua
3341 657 3570 731 amplior

1975 766 2095 807 esse
2122 766 2229 805 non
2256 750 2447 820 possit.

2048 840 2170 912 Ipse
2189 841 2327 895 enim
2365 840 2530 895 Pater
2566 849 2709 895 amat
2731 856 2837 906 ros,
2860 841 2984 911 quia
3036 858 3123 897 vos
3159 859 3243 896 me
3284 841 3500 897 amastis
3521 850 3570 896 et

1977 928 2273 984 credidistis
2295 929 2423 996 quia
2453 945 2546 1000 ego
2572 940 2605 982 a
2622 928 2730 983 Deo
2753 931 2907 984 exiri.
2924 928 3038 984 Non
3066 930 3140 985 ita
3167 930 3570 1000 intelligendum

1976 1027 2059 1074 est
2079 1020 2222 1090 quod
2253 1020 2410 1083 dixit,
2433 1021 2556 1091 quia
2587 1035 2676 1073 vos
2706 1036 2788 1073 me
2813 1020 3052 1085 amastis,
3079 1021 3232 1091 quasi
3258 1021 3468 1091 priores
3497 1020 3570 1076 illi

1977 1118 2225 1166 amarent
2252 1110 2566 1174 Christum;
2612 1111 2706 1165 sed
2748 1110 2821 1164 ita
2869 1111 3048 1181 potius
3074 1112 3200 1182 quia
3250 1101 3412 1167 Pater
3451 1112 3573 1169 illos

1979 1203 2213 1274 gratuito
2253 1217 2437 1257 amore
2470 1202 2815 1272 prmvencrit.
2846 1210 3008 1271 atque
3036 1203 3101 1257 ad
3131 1204 3418 1257 amandum
3450 1219 3572 1259 cre-

1978 1301 2321 1370 dandumque
2350 1298 2541 1354 Filium
2569 1298 2801 1352 amando
2835 1297 3129 1353 sustulerit.
3160 1297 3226 1352 Et
3257 1299 3381 1368 quia
3403 1299 3575 1370 ipsam

1979 1391 2216 1461 agnitum
2253 1388 2373 1444 Filii
2403 1389 2743 1444 dilectionem
2786 1404 2850 1444 ac
2891 1387 3049 1449 ﬁdem
3103 1390 3192 1459 pio
3237 1398 3289 1444 et
3345 1374 3576 1445 sollicito

1981 1482 2144 1537 corde
2168 1479 2528 1544 servaverint,
2559 1477 2824 1547 majorum
2847 1493 2942 1533 eos
2964 1478 3119 1534 donis
3159 1487 3398 1548 paternae
3442 1478 3578 1533 dile-

1981 1571 2178 1625 ctionis
2226 1585 2346 1624 esse
2400 1577 2799 1633 remuneratus,
2827 1583 2935 1622 una
2963 1583 3086 1623 cum
3118 1567 3256 1623 Filio
3288 1576 3343 1623 et
3370 1567 3576 1640 Spiritu

1980 1669 2170 1717 sancto
2185 1675 2389 1725 amare,
2405 1675 2540 1728 quos
2556 1674 2741 1713 amore
2757 1659 2946 1729 dignos
2965 1657 3193 1727 judicat.
3216 1659 3367 1726 Quod
3391 1660 3578 1730 adjun-

1982 1754 2077 1813 xit,
2102 1754 2224 1824 quia
2250 1768 2337 1806 vos
2368 1768 2448 1805 me
2487 1752 2734 1816 antostis,
2776 1750 2964 1805 eadem
2994 1750 3204 1804 ratione
3237 1751 3575 1805 sentiendum

1912 1836 1954 1897 Β
1982 1852 2083 1898 est.
2117 1842 2456 1912 Quapropter
2480 1840 2788 1910 quicunque
2823 1839 3019 1893 Filium
3056 1847 3202 1894 recte
3227 1840 3408 1904 habet,
3432 1840 3585 1895 hunc

1984 1949 2105 1990 cum
2148 1932 2309 1987 Patre
2349 1940 2404 1986 et
2458 1929 2660 2001 Spiritu
2698 1939 2885 1985 sancto
2927 1940 3112 1993 amat;
3164 1939 3218 1985 et
3265 1931 3389 2000 quia
3434 1947 3569 2001 quo-

1984 2041 2103 2078 rum
2127 2023 2495 2093 inseparabilis
2522 2032 2606 2077 est
2634 2030 2826 2076 natura
2879 2021 3195 2089 divinitatis,
3226 2021 3418 2077 horum
3466 2039 3574 2078 una

1985 2117 2281 2186 eademque
2306 2123 2429 2170 sunt
2460 2116 2596 2169 dona
2622 2114 2839 2169 virtutis
2861 2155 2876 2180 ,
2910 2114 3013 2169 hoc
3058 2123 3161 2181 est,
3212 2095 3353 2184 quod
3390 2119 3583 2170 amatis

1985 2218 2033 2262 et
2081 2207 2292 2261 creditis
2335 2209 2459 2278 quia
2500 2226 2531 2260 a
2564 2207 2672 2261 Deo
2723 2208 2877 2261 exivi.

2058 2295 2212 2351 Exivi
2249 2315 2281 2350 a
2306 2296 2468 2351 Patre
2489 2305 2536 2350 et
2569 2297 2682 2351 veni
2711 2297 2767 2350 in
2792 2296 3088 2362 mundum;
3129 2298 3316 2351 iterum
3348 2297 3583 2368 relinquo

1986 2389 2235 2442 mundum
2265 2398 2314 2443 et
2352 2389 2486 2442 vado
2514 2388 2585 2440 ad
2618 2385 2857 2441 Patrem.
2886 2387 3067 2441 Exivit
3091 2403 3122 2442 a
3164 2387 3327 2444 Patre
3357 2396 3411 2443 ct
3438 2388 3585 2442 venit

1990 2482 2043 2537 in
2069 2483 2348 2545 mundum,
2380 2482 2505 2550 quia
2532 2479 2758 2534 visibilis
2787 2479 2989 2534 mundo
3028 2480 3278 2549 apparuit
3308 2478 3361 2532 in
3388 2478 3585 2532 huma-

1989 2573 2159 2628 nitate
2190 2572 2280 2641 qui
2311 2581 2429 2626 erat
2472 2569 2758 2625 invisibilis
2779 2569 2919 2640 apud
2947 2569 3160 2624 Patrem
3187 2570 3239 2623 in
3276 2569 3580 2625 divinitate.

1990 2662 2169 2718 Exivit
2196 2679 2225 2717 a
2257 2662 2419 2716 Patre
2448 2662 2574 2732 quia
2611 2676 2719 2716 non
2742 2661 2797 2715 in
2823 2676 2886 2716 ea
2924 2659 3095 2716 forma
3126 2676 3230 2730 qua
3255 2660 3476 2730 mqualis
3499 2669 3586 2717 est

1989 2753 2162 2819 Patri,
2193 2753 2286 2809 sed
2317 2754 2372 2808 in
2400 2760 2677 2823 assumpta
2713 2761 2987 2816 creatura,
3015 2752 3193 2806 minor
3216 2751 3487 2823 apparuit.
3514 2751 3582 2808 Et

1991 2846 2137 2899 venit
2162 2844 2213 2898 in
2240 2845 2524 2908 mundum,
2558 2845 2685 2914 quia
2715 2859 2820 2897 non
2861 2843 2913 2897 in
2938 2859 2999 2897 ea
3028 2841 3202 2897 lorma
3246 2844 3388 2897 servi
3416 2858 3579 2913 quam

1991 2935 2218 3006 accepit,
2254 2936 2419 2989 etiam
2453 2934 2635 2988 mundi
2659 2934 2820 3004 hujus
2846 2934 3180 2989 amatoribus
3207 2948 3267 2989 se
3295 2933 3581 2989 vivendum

1993 3022 2201 3098 [Forte,
2229 3023 2543 3097 videndum]
2568 3025 2815 3095 praebuit.
2850 3024 3050 3078 ltermn
3080 3022 3296 3093 reliquit
3324 3024 3584 3078 mundum

1993 3124 2049 3170 et
2067 3116 2225 3171 rediit
2245 3117 2312 3169 ad
2328 3115 2564 3180 Patrem,
2582 3114 2707 3184 quia
2729 3115 2796 3169 ab
2817 3123 3033 3184 aspectu
3068 3123 3369 3169 amatorum
3394 3113 3584 3167 mundi

1917 3195 1961 3258 C
1992 3205 2135 3274 quod
2159 3205 2411 3260 vide‘rant
2438 3204 2678 3269 abstulit,
2710 3212 2765 3258 et
2810 3219 2868 3259 se
2898 3204 3229 3258 amatoribus
3255 3204 3367 3258 suis
3393 3212 3582 3272 tequa-

1989 3296 2096 3352 lem
2122 3296 2267 3351 Patri
2293 3310 2413 3351 esse
2441 3296 2768 3351 credendum
2796 3294 2999 3349 docuit.
3043 3293 3283 3364 Reliquit
3327 3293 3587 3348 mundum

1991 3396 2047 3443 et
2078 3387 2237 3443 rediit
2277 3388 2345 3441 ad
2393 3384 2633 3453 Patrem,
2676 3385 2803 3457 quia
2862 3385 3274 3450 humanitatem,
3307 3399 3470 3455 quam
3503 3384 3588 3439 in-

1992 3478 2109 3533 duit
2142 3492 2240 3549 per
2265 3478 2661 3544 ascensionem,
2690 3478 2756 3532 ad
2809 3476 3097 3532 invisibilia
3126 3486 3367 3547 paterna:
3421 3475 3588 3545 maje—

1992 3570 2148 3626 statis
2172 3569 2416 3624 adduxit.
2473 3568 2598 3623 llatc
2649 3569 2867 3640 quidem
2897 3569 3060 3622 verba
3092 3567 3301 3620 Domini
3329 3566 3582 3638 mystica,

1991 3670 2067 3727 et,
2099 3661 2237 3717 sicut
2273 3662 2388 3732 ipse
2419 3669 2669 3726 testatur,
2701 3661 2753 3713 in
2777 3658 3079 3729 proverbiis
3108 3666 3233 3713 sunt
3277 3658 3451 3721 dicta;
3490 3659 3584 3712 sed

1992 3751 2240 3822 discipuli
2290 3752 2486 3821 quibus
2533 3749 2853 3804 dicebantur
2910 3750 3044 3804 adeo
3099 3748 3276 3801 adhuc
3331 3747 3582 3802 carnales

1991 3849 2166 3904 erant,
2196 3849 2256 3894 ut
2283 3854 2468 3894 eorum
2499 3838 2918 3909 profunditatem
2969 3838 3191 3893 minime
3218 3847 3493 3907 caperent,
3530 3846 3585 3893 et

1992 3951 2098 3988 non
2129 3932 2302 3987 solum
2354 3946 2552 3986 arcana
2588 3931 2878 3991 dictorum,
2909 3931 3003 3986 sed
3064 3945 3165 3985 nec
3212 3930 3382 4001 ipsam
3424 3930 3579 4001 igno-

1991 4023 2226 4078 rantiam
2272 4037 2424 4077 suam
2471 4019 2853 4089 intelligerent.
2881 4029 3132 4091 putantes
3161 4019 3478 4090 simpliciter
3524 4027 3581 4075 et

1990 4115 2222 4170 dilucide
2247 4114 2475 4184 prolata,
2509 4129 2629 4183 quae
2668 4129 2775 4168 non
2821 4112 3242 4182 intelligentibus
3290 4111 3578 4182 proverbia

1991 4213 2166 4261 erant.
2194 4204 2331 4259 Ecce
2357 4205 2610 4259 continuo
2637 4205 3058 4275 responderunt:

2062 4292 2198 4348 Ecce
2224 4310 2359 4347 nunc
2391 4292 2568 4364 palam
2597 4292 2825 4364 loqueris
2845 4333 2860 4357 ,
2914 4301 2963 4346 et
3006 4291 3336 4362 proverbium
3376 4290 3584 4344 nullum

1991 4387 2142 4441 dicis.
2170 4386 2353 4441 Palam
2386 4386 2549 4456 igitur
2578 4384 2721 4454 loqui
2750 4382 3116 4446 aestimabant,
3132 4380 3287 4449 CthlS
3316 4381 3579 4452 mysteria.

1994 4477 2260 4534 dictorum
2316 4479 2545 4531 necdum
2597 4472 3054 4543 comprehendere
3106 4471 3383 4525 valebant.
3429 4469 3585 4538 Quod

1995 4586 2174 4627 autem
2202 4570 2499 4642 adiungunt
2527 4587 2540 4621 :

2068 4662 2224 4718 Nunc
2248 4663 2441 4716 scimus
2465 4662 2585 4732 quia
2609 4659 2710 4714 scis
2732 4657 2931 4724 omnia,
2954 4665 3002 4711 et
3023 4672 3127 4711 non
3150 4673 3277 4727 opus
3307 4666 3381 4710 cst
3413 4655 3506 4709 tibi
3526 4665 3586 4709 ut

1994 4757 2109 4829 quis
2123 4767 2171 4809 te
2198 4757 2505 4824 interroget,
2550 4753 2601 4805 in
2627 4752 2723 4805 hoc
2751 4750 3013 4804 credimus
3044 4750 3168 4820 quia
3208 4767 3238 4803 a
3266 4745 3375 4801 Deo
3397 4747 3585 4812 existi,

1996 4858 2181 4922 aperte
2230 4850 2521 4905 ostendunt
2563 4846 2685 4917 quia
2719 4844 2947 4915 loquens
2995 4842 3061 4897 ad
3092 4858 3186 4897 eos
3224 4841 3479 4896 Dominus
3516 4839 3586 4894 de

2000 4943 2083 4999 his
2114 4941 2350 4996 maxime
2378 4939 2687 5010 disputabat
2712 4952 2831 5008 qua:
2860 4935 2979 4990 illos
3010 4931 3311 4988 delectabat
3358 4930 3579 4992 audire;

1998 5043 2053 5089 et
2076 5049 2194 5104 qua:
2220 5031 2292 5087 illi
2326 5033 2656 5101 interrogare
2673 5027 2943 5090 volebant,
2966 5027 3078 5081 ι)ωο
3094 5026 3206 5096 ipse
3226 5023 3580 5095 praeveniens,

1998 5128 2080 5182 eis
2111 5126 2254 5180 ultré
2306 5121 2641 5195 proferebat;
2687 5121 2830 5176 unde
2859 5118 3052 5174 merito
3103 5117 3252 5172 illum
3302 5117 3440 5171 scire
3468 5130 3584 5169 om-

2001 5218 2087 5272 nia
2114 5217 2267 5287 quasi
2297 5216 2483 5278 Deum,
2508 5222 2563 5267 et
2587 5212 2740 5283 quasi
2786 5208 2877 5264 Dei
2927 5209 3124 5264 Filium
3168 5224 3198 5261 a
3231 5207 3341 5260 Deo
3371 5205 3581 5259 venisse

2000 5310 2231 5365 credunt
2260 5316 2316 5361 et
2342 5305 2685 5361 conﬁtentur.
2741 5301 2999 5372 Apertum
3028 5312 3260 5368 namque
3285 5293 3582 5349 divinitatis

2004 5400 2262 5455 indicium
2312 5407 2396 5451 est
2425 5396 2811 5466 cogitationum
2860 5408 3020 5447 nosse
3073 5398 3298 5445 secreta.
3353 5386 3581 5439 lstarum

2003 5492 2230 5546 duarum
2260 5490 2311 5542 in
2347 5487 2439 5542 Dei
2467 5495 2520 5540 ct
2546 5485 2722 5540 Patris
2748 5484 2962 5537 nomine
2995 5482 3053 5535 fit
3086 5476 3369 5534 concordia
3392 5474 3578 5527 lectioo

2003 5597 2154 5644 num,
2181 5580 2305 5649 quia
2335 5578 2535 5641 Patris,
2562 5585 2615 5630 et
2646 5574 2786 5637 Filii,
2809 5582 2862 5627 et
2892 5569 3123 5641 Spiritus
3147 5564 3338 5629 sancti,
3372 5578 3474 5616 una
3499 5570 3583 5617 est

2002 5670 2320 5733 substantia,
2340 5685 2441 5723 una
2469 5668 2774 5739 gloria,una
2799 5662 3048 5729 maiestas
3092 5671 3324 5726 regnans
3354 5670 3581 5723 parum.

2005 5761 2094 5815 nia
2126 5760 2317 5813 szrcula
2350 5758 2661 5813 sucularum
2714 5755 2899 5805 Ann-rt.
