3962 6180
892 426 1171 483 ΠΟΜΙΙΑΙΔ
1214 428 1366 482 XLII.

849 536 898 572 IN
937 537 1151 573 LITANIA
1194 535 1412 573 MAJORE.

564 608 751 666 Lectio
779 611 1029 681 Epistula:
1060 612 1203 665 beati
1232 610 1417 666 Jacobi
1453 610 1698 682 apostoli.

412 699 749 766 Charissimi,
774 702 1096 770 conﬁtemini
1122 702 1437 757 alterutrum
1473 713 1687 775 peccata
1733 710 1923 770 vestra,

338 805 390 852 ct
420 805 568 850 orate
592 812 685 865 pro
709 795 928 848 invicem
952 804 1008 849 ut
1031 794 1322 849 salvemini.

413 884 470 939 lu
500 885 601 939 hac
627 885 895 940 sententia
926 885 1015 939 illa
1059 886 1219 941 debet
1244 902 1363 941 esse
1401 886 1677 951 discretio,
1701 894 1761 941 ut
1794 901 1927 956 quo-

340 973 544 1028 tidiana
592 972 840 1043 leviaque
894 984 1119 1044 peccata
1183 976 1502 1031 alterutrum
1562 978 1926 1047 coasqualibus

341 1065 493 1139 [Ms.,
521 1065 844 1137 coaequales]
885 1068 1261 1132 conﬁteamur,
1288 1085 1584 1139 eorumque
1611 1070 1923 1139 quotidiana

337 1158 623 1212 credamus
658 1158 904 1213 oratione
954 1158 1172 1212 salvari.
1235 1159 1402 1213 Porro
1447 1160 1713 1230 gravioris
1760 1160 1925 1231 lepra:

340 1247 740 1302 inmunditiam
779 1247 932 1314 juxta
959 1247 1127 1319 legem
1163 1249 1429 1303 sacerdoti
1462 1249 1793 1318 pendamus;
1836 1257 1922 1303 at-

336 1355 443 1408 que
467 1340 534 1394 ad
561 1336 677 1409 ejus
705 1338 987 1394 arbitrium
1007 1381 1021 1403 ,
1053 1340 1286 1409 qualiter
1333 1348 1387 1394 et
1436 1348 1638 1410 quanto
1682 1348 1925 1411 tempore

329 1431 575 1503 jusserit,
606 1432 879 1504 purificari
909 1449 1180 1489 curemus.
1596 1428 1601 1433 ’

414 1526 638 1579 Multum
673 1527 809 1580 enim
839 1526 970 1581 valet
996 1527 1289 1596 deprecatio
1321 1526 1455 1596 justi
1485 1528 1720 1582 assidua.
1773 1527 1922 1583 Elius

334 1616 489 1670 homo
524 1616 850 1687 eratsimilis
884 1616 1031 1669 nobis
1062 1615 1360 1685 pussibilis;
1411 1627 1459 1669 et
1490 1618 1724 1671 oratione
1758 1618 1923 1672 oravit

335 1716 391 1759 ut
420 1718 523 1758 non
558 1704 756 1773 plueret
783 1722 938 1775 super
970 1716 1185 1770 terram,
1218 1716 1266 1759 et
1286 1723 1391 1760 non
1426 1706 1559 1777 pluit
1589 1725 1755 1763 annos
1792 1719 1920 1776 tres,

977 314 1038 368 B.
1079 311 1331 367 RABANI
1373 308 1593 365 MAURI
1628 304 1930 363 ARCHIEI‘
1993 307 2302 365 HOCUNT.
2345 306 2627 364 OPEREM
2664 308 2843 365 PARS
2882 310 2942 365 ll.

3507 313 3614 368 εει

1948 431 2001 485 Λ
2030 426 2249 480 tandum
2275 441 2403 480 sane
2435 428 2576 495 quod
2616 428 2707 496 qui
2733 428 2835 479 'am
2864 424 3080 480 codices
3104 423 3306 478 habent
3333 442 3345 476 :
3377 422 3619 479 Salvabil

2026 516 2260 571 animum
2294 535 2447 571 suam
2492 538 2525 570 a
2570 528 2763 583 morte,-
2808 527 2864 571 et
2908 532 2973 571 ex
3021 515 3274 586 ambiguo
3305 514 3495 571 Gnaeo
3541 516 3615 573 ita

2024 606 2186 661 etiam
2210 617 2355 662 recte
2376 607 2715 676 interpretari
2748 615 2957 676 potest:
2991 614 3042 659 et
3090 620 3275 659 revera
3301 608 3391 675 qui
3420 622 3615 661 errau-

2025 704 2135 751 tem
2171 696 2414 767 corrigit,
2446 697 2766 766 sibimetipsi
2798 711 2895 765 per
2937 695 3038 749 hoc
3064 694 3189 747 vice
3216 695 3456 750 cmlestis
3483 711 3617 765 gau-

2025 788 2114 843 dia
2140 788 2400 858 ampliora
2447 788 2737 858 conquirit.
2767 787 3004 841 Saluabit
3033 828 3049 851 ,
3103 786 3281 856 inquit
3314 826 3329 852 ,
3384 787 3616 841 animum

2024 878 2140 948 ejus
2167 896 2199 931 a
2220 883 2471 941 morte,“
2487 879 2684 946 aperiet
2701 878 3091 933 multitudinem
3129 888 3484 947 peccatorum;
3511 878 3617 945 Qui

2024 977 2365 1037 peccatorem
2393 970 2461 1023 ab
2488 983 2676 1023 errore
2711 970 2979 1024 convertit
3006 978 3059 1023 et
3100 970 3218 1039 ejus
3244 979 3468 1039 peccata
3516 986 3619 1040 per

2024 1060 2166 1114 hanc
2190 1060 2597 1115 conversionem
2640 1061 2709 1115 ab
2737 1068 2955 1131 aspectu
2984 1061 3181 1116 interni
3205 1061 3405 1132 iudicis
3430 1078 3617 1133 super-

2022 1150 2289 1220 positione
2336 1151 2459 1206 vita:
2512 1151 2749 1205 melioris
2795 1152 3113 1216 abscondit,
3170 1168 3264 1207 sua
3300 1168 3514 1222 quoque
3554 1153 3608 1207 in

2023 1243 2431 1312 quibuscunque
2457 1240 2682 1297 oﬂ'endit
2706 1250 2886 1298 errata
2914 1242 2983 1296 ab
3009 1243 3205 1298 intuitu
3235 1243 3353 1313 ejus
3379 1245 3469 1315 qui
3494 1261 3608 1300 om-

2025 1333 2112 1386 nia
2142 1333 2289 1387 videt
2330 1333 2632 1403 proximum
2662 1333 2903 1387 curando
2953 1333 3210 1404 contegit.
3263 1333 3423 1389 Juxta
3479 1335 3613 1391 illud

2024 1422 2360 1478 Psalmistte:
2394 1423 2547 1478 Beati
2580 1439 2803 1494 quorum
2827 1423 3057 1478 remissae
3093 1432 3217 1477 sunt
3239 1424 3538 1494 iniquitates
3562 1435 3612 1480 et

2023 1530 2241 1585 quorum
2291 1523 2424 1568 tecta
2449 1523 2571 1568 sunt
2607 1521 2840 1581 peccata.
2896 1512 3007 1569 Nec
3048 1513 3385 1568 obliviscitur
3422 1514 3614 1569 beatus

2022 1606 2258 1662 Iacobus
2306 1608 2451 1677 quod
2479 1607 2730 1678 superius
2786 1608 2899 1661 ait:
2936 1607 3112 1662 Nolite
3151 1608 3328 1678 plures
3374 1610 3615 1679 magistri

2022 1698 2161 1767 ﬁeri,
2186 1699 2378 1768 fratres
2398 1701 2535 1765 mei;
2563 1701 2636 1754 ibi
2666 1714 2901 1769 namque
2933 1699 3282 1768 imperfectos
3313 1701 3366 1755 in
3394 1700 3612 1771 propria

333 1805 382 1848 et
416 1812 615 1850 menses
667 1812 779 1849 sea).
830 1794 1095 1851 Decenter
1141 1798 1331 1851 astruit
1365 1798 1611 1867 exemplo
1659 1808 1918 1869 quantum
1950 1783 1996 1842 Β
2024 1792 2235 1848 aetione
2276 1808 2308 1847 a
2338 1793 2634 1863 magiSlel‘ii
2676 1790 2889 1856 οίῖξείο,
2952 1793 3093 1861 quod
3140 1808 3241 1862 ῐιοι·
3288 1792 3611 1862 inclanliam

335 1886 646 1955 deprecatio
684 1886 818 1956 justi
846 1887 1023 1941 valeat
1052 1887 1289 1952 assidua,
1318 1904 1440 1944 cum
1479 1888 1623 1945 Elias
1668 1906 1773 1946 una
1803 1899 1921 1945 tan—

336 1987 449 2031 tum
476 1978 723 2033 oratione
747 1979 952 2033 orando
979 1986 1091 2032 tam
1130 1978 1288 2048 longo
1334 1988 1575 2049 tempore
1601 1980 1769 2036 cmlos
1793 1997 1921 2036 con-

335 2070 581 2135 tinuerit,
613 2069 773 2124 terris
797 2070 1000 2125 imbres
1026 2071 1319 2135 averterit,
1367 2069 1573 2127 fructus
1603 2073 1921 2129 mortalibus

334 2160 640 2232 negaverit;
679 2169 737 2214 et
777 2176 965 2215 rursus
1004 2161 1094 2215 ubi
1125 2160 1336 2223 voluit,
1394 2161 1485 2215 ubi
1537 2169 1748 2233 tempus
1802 2178 1923 2220 esse

335 2252 630 2323 perspexit,
655 2253 741 2308 ubi
771 2253 932 2324 longo
957 2253 1148 2309 inediae
1179 2254 1302 2308 tabe
1330 2270 1427 2309 cor
1452 2254 1596 2324 regis
1624 2257 1842 2325 superbi
1869 2264 1925 2311 et

333 2344 512 2415 gentis
535 2343 830 2399 idololatrve
855 2345 921 2399 ad
951 2345 1321 2415 paenitentiam
1348 2346 1481 2401 vidit
1510 2344 1784 2413 inﬂexum,
1814 2362 1921 2401 una

334 2433 674 2489 solummodo
696 2436 942 2490 oratione
970 2436 1211 2491 oraverit
1247 2446 1304 2492 et
1330 2434 1541 2492 fruetus
1569 2446 1730 2508 atque
1756 2454 1923 2509 aquas

334 2539 472 2594 quas
516 2535 805 2595 negaverat
832 2527 1015 2591 terris,
1040 2527 1355 2582 restituerit.
1375 2526 1466 2582 Sic
1481 2528 1626 2582 enim
1641 2530 1886 2599 sequitur
1906 2549 1919 2584 :

406 2613 476 2668 Et
530 2632 739 2669 rursum
776 2618 985 2680 oravit,
1032 2627 1080 2671 et
1128 2617 1315 2672 uelum
1354 2618 1495 2672 dedit
1551 2619 1813 2689 pluviam,
1874 2630 1923 2675 et

332 2715 475 2760 term
522 2704 664 2761 dedit
693 2707 921 2776 fructum
951 2724 1127 2762 suum.
1159 2707 1215 2763 Si
1245 2709 1414 2763 semel
1441 2726 1570 2780 ergo
1598 2719 1654 2765 et
1680 2712 1838 2780 prius
1869 2720 1924 2766 et

332 2797 677 2867 postmodum
703 2800 903 2862 oravit,
927 2807 985 2853 et
1027 2799 1131 2853 hoc
1160 2815 1299 2853 unus
1337 2799 1482 2854 Elias
1513 2815 1576 2854 ac
1626 2810 1774 2855 tanta
1818 2801 1921 2855 im-

334 2886 587 2955 petravit,
622 2895 881 2957 quantum
929 2898 1109 2943 autem
1137 2889 1317 2944 valeat
1363 2889 1615 2960 frequens
1668 2891 1926 2959 plurimo-

335 2992 455 3032 rum
484 2979 660 3034 oratio
679 2979 950 3049 justorum
979 2980 1244 3043 ostendit;
1280 2982 1373 3035 sed
1409 2996 1475 3039 ne
1509 2982 1804 3052 trepidaret
1828 2999 1926 3038 no-

334 3076 450 3123 stra
474 3066 738 3140 fragilitas
765 3077 1021 3138 reputans
1047 3085 1106 3124 se
1140 3078 1290 3124 tanto
1317 3071 1613 3139 prophetae,
1637 3071 1727 3141 qui
1758 3088 1919 3128 curru

334 3158 491 3229 igneo
516 3160 631 3229 rapi
648 3154 856 3214 'meruit
886 3160 952 3215 ad
979 3160 1169 3226 castos,
1186 3161 1382 3216 similia
1406 3161 1588 3218 facere
1609 3178 1713 3218 non
1736 3178 1914 3233 posse,

331 3248 580 3305 consulte
613 3250 805 3305 beatus
847 3248 1080 3307 Jacobus
1107 3252 1173 3307 de
1199 3250 1316 3320 ejus
1356 3253 1601 3309 oratione
1642 3252 1922 3310 locuturus

335 3340 411 3394 ita
438 3341 714 3396 inchoavit
737 3360 750 3394 :
785 3342 931 3396 Elius
946 3343 1099 3397 homo
1114 3353 1224 3397 erat
1252 3344 1436 3399 similis
1464 3344 1611 3400 nobis
1636 3346 1918 3417 passibilis.

334 3428 508 3484 llomo
534 3445 767 3500 namque
799 3441 950 3497 erat,
983 3434 1197 3488 tametsi
1229 3434 1360 3489 nulli
1405 3435 1682 3491 hominum
1723 3438 1923 3493 virtute

335 3522 625 3587 secundus,
655 3524 848 3578 similis
891 3523 1044 3579 nobis
1072 3519 1282 3597 Origine
1326 3528 1529 3591 carnis,
1566 3529 1839 3598 passibilis
1862 3538 1924 3585 ut

336 3627 435 3667 nos
465 3621 521 3667 et
546 3613 742 3669 mentis
768 3614 1060 3685 fragilitate
1095 3625 1150 3670 et
1176 3617 1373 3672 carnis.
1422 3617 1556 3672 Nam
1587 3620 1730 3689 quod
1758 3634 1925 3675 carne

336 3700 543 3773 fragilis
563 3712 710 3758 esset
736 3704 876 3775 apud
893 3702 1288 3774 Sarepthanam
1320 3706 1535 3760 viduam
1560 3706 1760 3762 victum
1778 3723 1925 3777 quat-

334 3793 505 3848 rendo
534 3795 875 3849 monstravit.
899 3794 1052 3861 Quod
1074 3804 1254 3851 mente
1273 3812 1489 3867 quoque
1510 3796 1780 3867 passibilis
1806 3796 1925 3853 fue-

332 3883 428 3947 rit,
455 3884 713 3949 ostendit,
742 3898 864 3938 cum
900 3894 1022 3955 post
1053 3885 1293 3941 redditas
1319 3889 1480 3943 terris
1520 3904 1690 3958 aquas
1715 3890 1925 3945 exstin-

335 3980 561 4043 ctosque
585 3974 877 4043 prophetas
901 3983 957 4029 et
975 3977 1284 4030 sacerdotes
1306 3976 1593 4043 idolorum,
1622 3979 1784 4035 unius
1808 3996 1926 4034 mu-

334 4064 571 4120 lierculis
597 4065 760 4120 minis
786 4067 1101 4137 exterritus,
1124 4083 1221 4137 per
1242 4068 1455 4124 deserta
1487 4069 1713 4141 dili'ugit.
1730 4071 1924 4138 Quanti

335 4165 515 4212 autem
559 4155 631 4211 sit
661 4155 841 4212 meriti
880 4158 1020 4226 apud
1060 4158 1347 4213 Dominum
1391 4176 1490 4230 pro
1528 4160 1926 4217 inﬁrmantibus

335 4261 514 4313 orare,
542 4260 744 4317 eosque
764 4262 860 4302 sua
890 4256 1113 4318 peccata
1140 4248 1458 4305 confitentes
1477 4251 1545 4306 ad
1561 4251 1816 4307 amissam
1842 4267 1927 4307 rc-

337 4355 532 4395 vocare
558 4338 873 4410 sospitatem
895 4340 1174 4396 subdendo
1195 4339 1524 4396 manifestat.

2020 1886 2357 1953 quaerebant,
2387 1884 2698 1949 submovet;
2751 1885 2839 1939 hic
2878 1898 3007 1938 vero
3036 1883 3326 1937 instructos
3369 1898 3432 1938 ex
3464 1885 3612 1937 omni

2018 1983 2196 2045 parte,
2219 1975 2347 2045 quid
2377 1990 2504 2047 erga
2551 1975 2777 2030 salutem
2816 1975 3185 2044 proximorum
3227 1989 3329 2044 per
3371 1990 3613 2028 amorem

2021 2064 2379 2121 fraternitatis
2408 2082 2566 2136 agere
2602 2066 2853 2127 debeant,
2884 2067 3091 2121 edocet.
3136 2065 3288 2131 Quod
3336 2067 3477 2118 enim
3512 2066 3614 2119 hoc

2020 2153 2211 2211 doctor
2237 2153 2419 2210 facere
2443 2156 2779 2226 perhibetur,
2809 2158 2911 2211 hoc
2953 2156 3060 2211 alio
3114 2156 3234 2211 loco
3264 2157 3502 2210 charitas
3533 2156 3615 2209 fa-

2022 2261 2148 2302 cere
2175 2256 2531 2313 memoratur,
2565 2247 2780 2303 dicente
2822 2249 2979 2303 beato
3006 2247 3181 2302 Petro
3209 2246 3453 2317 apostolo
3483 2248 3613 2317 quia

2022 2336 2258 2390 Charitas
2284 2337 2447 2406 operit
2474 2336 2864 2390 multitudinem
2887 2346 3237 2407 peccatorum.
3260 2335 3368 2390 Nec
3384 2344 3613 2406 prarter-

2020 2426 2260 2482 eundum
2300 2428 2442 2496 quod
2470 2427 2586 2481 haec
2609 2427 2842 2481 errantis
2884 2426 3169 2481 conversio
3189 2440 3295 2480 non
3325 2425 3495 2480 solum
3523 2425 3611 2478 lo-

2022 2518 2363 2587 quendo,sed
2383 2517 2700 2587 plerumque
2725 2517 2887 2571 etiam
2915 2517 3052 2571 bene
3076 2517 3283 2587 agendo
3304 2516 3608 2585 perficitur.

2023 2605 2159 2660 Nam
2187 2608 2233 2661 si
2253 2608 2376 2676 quis
2408 2608 2571 2661 etiam
2618 2606 2794 2677 lingua
2823 2612 3033 2660 tacente
3055 2605 3318 2674 proximis
3360 2604 3613 2673 exempla

2023 2696 2177 2750 bonae
2206 2697 2433 2752 actionis
2461 2696 2717 2761 ostendit,
2742 2710 2943 2765 eosque
2968 2694 3345 2760 amimitanda,
3370 2710 3489 2763 qua:
3513 2709 3614 2748 ne-

2025 2786 2327 2857 glexerant,
2344 2788 2719 2854 eleemosynm,
2735 2786 2817 2841 vel
2839 2785 3246 2855 hospitalitatis,
3262 2785 3346 2839 vel
3374 2786 3609 2838 aliarum

2024 2893 2191 2949 opera
2218 2882 2505 2944 virtutum,
2527 2878 2814 2942 convertit,
2836 2875 3069 2931 ofﬁcium
3099 2876 3340 2946 profecto
3372 2875 3615 2931 doctoris

2026 2970 2362 3040 exsequitur,
2392 2985 2457 3026 ac
2474 2984 2572 3039 pro
2599 2967 2731 3036 ejus,
2756 2984 2915 3037 quem
2944 2976 3279 3030 correxerat,
3313 2967 3617 3020 salvatione

2027 3058 2212 3115 fratris
2238 3068 2441 3116 certam
2473 3075 2503 3113 a
2539 3060 2629 3131 pio
2669 3059 2849 3129 judice
2894 3058 3196 3112 mercedem
3225 3063 3614 3124 consequetur.

2563 3168 2843 3224 HOMILIA
2879 3167 3056 3221 XLIII.

2573 3278 2626 3316 IN
2659 3277 2833 3315 EODEM
2869 3276 3055 3315 FESTO.

2183 3354 2369 3409 Lectio
2396 3352 2565 3408 sancti
2602 3351 2874 3422 Evangelii
2900 3351 3194 3405 secundum
3218 3348 3437 3402 Lucam.

2094 3442 2162 3498 In
2198 3441 2291 3497 illo
2343 3452 2568 3513 tempore
2624 3441 2757 3493 dixit
2783 3441 2938 3493 Jesus
2980 3439 3248 3508 discipulis
3290 3439 3438 3492 suis:
3478 3436 3622 3503 Quis

2023 3547 2248 3593 vestrum
2270 3537 2475 3590 habebit
2511 3537 2738 3589 amicum
2766 3545 2813 3588 ct
2843 3537 2936 3589 ibit
2973 3538 3041 3589 ad
3067 3552 3184 3589 eum
3231 3536 3401 3588 media
3430 3545 3583 3588 nocte
3602 3577 3621 3599 ,

2023 3637 2072 3683 ct
2111 3628 2244 3681 dicet
2278 3626 2357 3679 illi
2382 3640 2401 3677 :
2435 3626 2633 3687 Amice,
2661 3626 2932 3679 commoda
2972 3625 3099 3679 mihi
3132 3634 3235 3679 tres
3280 3641 3458 3694 panes,
3483 3642 3624 3695 quo—

2026 3718 2166 3771 niam
2197 3715 2397 3770 amicus
2443 3732 2589 3769 meus
2627 3716 2761 3768 venit
2789 3714 2854 3769 de
2893 3716 2973 3769 via
3000 3715 3069 3768 ad
3098 3731 3198 3779 me,
3233 3724 3279 3769 et
3316 3732 3417 3769 non
3447 3714 3624 3769 habeo

2023 3807 2164 3879 quod
2186 3823 2442 3876 apponam
2470 3817 2589 3859 ante
2610 3804 2781 3870 illum,
2809 3814 2912 3860 etc.

2097 3896 2334 3967 Rogatus
2360 3912 2391 3950 a
2414 3896 2693 3967 discipulis
2719 3895 2969 3951 Salvator
3012 3910 3119 3950 non
3175 3896 3334 3949 modo
3380 3894 3622 3948 formam

2026 3989 2308 4053 orationis,
2335 3988 2427 4042 sed
2474 3997 2529 4042 et
2555 3988 2863 4042 instantiam
2895 3986 3361 4057 frequentiamque
3389 3985 3625 4038 tradidit

2026 4079 2237 4134 orandi.
2267 4078 2486 4132 Amicus
2515 4092 2643 4148 ergo
2674 4078 2740 4131 ad
2771 4093 2930 4147 quem
2972 4078 3149 4131 media
3176 4086 3332 4132 nocte
3361 4076 3584 4129 venitur
3606 4116 3623 4139 ,

2029 4169 2142 4239 ipse
2169 4169 2311 4222 Deus
2334 4167 2665 4238 intelligitur,
2692 4169 2778 4222 cui
2811 4168 2865 4222 in
2896 4168 3071 4221 media
3110 4166 3454 4221 tribulatione
3478 4181 3621 4235 sup»

2026 4260 2248 4330 plicare,
2276 4268 2330 4314 et
2358 4269 2469 4314 tres
2491 4275 2676 4330 panes,
2720 4260 2771 4314 id
2799 4268 2900 4323 est,
2932 4259 3339 4326 intelligentiam
3365 4256 3623 4311 Trinita~

2032 4351 2119 4416 tis,
2148 4366 2252 4420 qua
2284 4351 2562 4421 praesentis
2591 4351 2713 4404 vitae
2751 4350 3097 4405 consolentur
3146 4348 3376 4407 labores,
3408 4346 3623 4417 efﬂagi-

409 4429 468 4484 Si
506 4431 623 4501 quis
653 4440 828 4484 autem
858 4433 1107 4485 erraverit
1150 4448 1215 4485 ex
1242 4432 1382 4486 vobis
1408 4450 1441 4486 a
1467 4434 1696 4499 veritate,
1724 4444 1772 4488 et
1800 4450 1923 4490 con-
1947 4470 2000 4529 D
2028 4449 2146 4495 tare
2170 4440 2445 4495 debemus.
2480 4440 2701 4494 Anticus
2733 4440 2822 4507 qui
2857 4439 3001 4493 venit
3038 4437 3102 4492 de
3132 4438 3237 4499 via,
3272 4437 3383 4506 ipse
3424 4445 3625 4490 noster

336 4520 483 4574 vertit
508 4522 624 4591 quis
640 4537 780 4586 eum,
800 4521 933 4575 scire
959 4521 1106 4576 debet
1125 4522 1373 4592 quoniam
1401 4523 1491 4594 qui
1533 4525 1763 4578 converti
1788 4525 1920 4594 fece-

338 4611 405 4665 rit
431 4620 754 4680 pcccatorem
779 4610 843 4663 ab
881 4627 1057 4667 errore
1095 4613 1194 4667 via:
1225 4628 1337 4667 sua:
1358 4654 1374 4679 ,
1418 4613 1640 4669 salvabit
1686 4615 1918 4669 animam

337 4701 452 4771 ejus
478 4717 510 4755 a
534 4710 717 4755 morte.
751 4700 885 4768 Quia
915 4702 1057 4756 enim
1098 4704 1151 4757 in
1202 4705 1572 4775 superioribus
1603 4704 1763 4775 hujus
1791 4705 1921 4776 Epi-

340 4789 490 4846 stolas
516 4789 761 4860 partibus
790 4790 1027 4860 linguam
1049 4801 1287 4849 nostram
1315 4810 1345 4849 a
1377 4796 1610 4866 maligna
1639 4797 1725 4852 vel
1745 4797 1921 4853 otiosa

341 4881 611 4937 locutione
642 4881 938 4952 restringit,
970 4891 1269 4953 opportune
1317 4887 1369 4940 in
1401 4886 1505 4942 ﬁne
1534 4888 1665 4958 quid
1692 4889 1923 4944 maxime

340 4973 489 5044 loqui
519 4972 831 5038 debeamus,
863 4975 1116 5028 ostendit.
1164 4973 1425 5031 Jubemur
1460 4978 1638 5050 itaque
1666 4996 1822 5035 orare
1868 4989 1926 5037 et

340 5065 572 5138 psallere
602 5066 826 5120 Domino
869 5067 1081 5136 quoties
1108 5067 1375 5138 aliquibus
1402 5070 1679 5140 pulsamur
1731 5074 1924 5128 adver-

342 5156 437 5212 sis.
468 5157 624 5222 Item,
647 5155 894 5211 confiteri
916 5156 1233 5212 alterutrum
1264 5168 1485 5228 peccata
1515 5173 1696 5217 nostra
1726 5171 1781 5217 et
1801 5177 1922 5216 ora-

344 5267 403 5306 re
436 5265 533 5316 pro
561 5248 794 5304 invicem
822 5256 883 5303 ut
919 5248 1220 5315 salvemur;
1263 5266 1361 5321 pro
1384 5254 1615 5307 sanitate
1650 5253 1925 5324 proximo-

343 5356 463 5397 rum
489 5354 594 5395 non
631 5338 803 5393 solum
836 5338 1116 5406 temporali
1140 5379 1155 5405 ,
1199 5340 1289 5394 sed
1314 5342 1493 5409 potius
1519 5352 1719 5398 retenta
1744 5359 1920 5414 quan-

344 5441 455 5489 tam
479 5447 764 5502 possumus
812 5429 1225 5485 sollicitudinem
1283 5430 1593 5502 impendere
1645 5450 1919 5489 curemus.

345 5523 405 5580 Si
442 5525 586 5580 enim
618 5522 885 5579 mercedis
910 5531 992 5576 est
1025 5538 1054 5575 a
1088 5532 1259 5578 morte
1281 5523 1491 5592 eripere
1516 5540 1732 5579 carnem
1754 5540 1924 5594 quan-

346 5614 522 5683 doque
550 5615 887 5679 morituram,
920 5614 1102 5682 quanti
1130 5622 1214 5669 est
1240 5615 1416 5668 meriti
1438 5629 1469 5669 a
1493 5625 1664 5669 morte
1687 5616 1923 5670 animam

348 5701 605 5770 liberare,
631 5704 685 5760 in
716 5705 922 5764 calesti
971 5705 1145 5777 patria
1169 5706 1287 5760 sine
1310 5703 1419 5761 line
1461 5705 1765 5762 victuram?
1811 5707 1923 5765 No—

2026 4540 2109 4586 cst
2135 4532 2368 4595 animus,
2395 4530 2608 4599 quoties
2634 4546 2663 4583 a
2690 4530 2844 4583 nobis
2870 4529 3091 4592 recedit,
3116 4528 3328 4596 quoties
3348 4527 3410 4581 ad
3438 4542 3616 4596 appe-

2023 4623 2185 4677 tenda
2208 4630 2421 4676 terrena
2444 4628 2498 4673 et
2527 4619 2840 4690 temporalia
2866 4618 2998 4673 foris
3024 4626 3266 4688 vagatur.
3300 4616 3457 4670 Redit
3480 4631 3621 4671 vero

2024 4714 2339 4782 etelestique
2370 4711 2625 4765 alimonia
2678 4710 2824 4764 refici
2855 4708 3145 4771 desiderat,
3175 4721 3297 4761 cum
3347 4705 3399 4758 in
3427 4720 3487 4760 se
3515 4720 3616 4759 re-

2023 4817 2215 4859 versus
2263 4815 2496 4872 superna
2537 4799 2763 4869 coeperit
2810 4813 2874 4852 ac
2923 4796 3187 4866 spiritalia
3217 4791 3485 4848 meditari.
3532 4792 3620 4847 De

2027 4909 2135 4963 quo
2159 4890 2382 4962 pulchre
2408 4890 2499 4958 qui
2544 4889 2776 4956 petierat
2814 4887 3057 4958 adjungit
3086 4904 3099 4939 :
3130 4885 3246 4939 Non
3302 4899 3361 4938 se
3408 4883 3621 4937 habere

2024 4985 2165 5054 quod
2193 4990 2358 5053 ponat
2387 4989 2511 5035 ante
2537 4981 2722 5046 illum;
2766 4980 3019 5049 quoniam
3051 4979 3245 5032 anima:
3277 4986 3397 5048 post
3423 4976 3617 5031 smculi

2027 5077 2277 5133 tenebras
2306 5074 2477 5131 Deum
2515 5074 2806 5145 suspiranti
2839 5115 2854 5137 ,
2902 5072 3036 5127 nihil
3075 5081 3274 5141 praeter
3308 5088 3429 5127 eum
3462 5072 3616 5138 cogi-

2025 5175 2163 5232 tare,
2190 5166 2263 5221 nil
2288 5165 2461 5233 loqui.
2490 5165 2564 5219 uit
2590 5164 2720 5219 libet
2752 5163 2981 5228 intueri;
3020 5162 3191 5217 solum
3211 5203 3226 5228 ,
3271 5161 3412 5232 quod
3459 5175 3617 5215 reco-

2025 5258 2229 5330 gnovit,
2258 5271 2481 5313 summa:
2517 5253 2799 5311 Trinitatis
2838 5254 3091 5324 gaudium
3125 5251 3498 5322 contemplari,
3523 5264 3619 5307 at-

2022 5364 2127 5419 que
2150 5350 2218 5403 ad
2245 5348 2346 5404 hoc
2372 5347 2580 5417 plenius
2624 5347 2940 5401 intuendum
2971 5346 3255 5415 pervenire
3281 5344 3496 5415 satagit.

2095 5439 2165 5493 Et
2189 5439 2277 5493 ille
2298 5439 2505 5493 deintus
2528 5437 2841 5507 respondens
2869 5478 2884 5503 ,
2921 5437 3062 5491 dicat
3087 5454 3104 5491 :
3134 5435 3263 5490 Noli
3301 5437 3426 5489 mihi
3448 5436 3622 5491 mole-

2023 5539 2135 5583 stus
2157 5545 2289 5592 esse,
2308 5529 2428 5598 jam
2452 5531 2643 5582 ostium
2672 5544 2844 5581 meum
2872 5527 3111 5581 clausum
3139 5537 3235 5592 est,
3256 5535 3307 5581 et
3328 5526 3481 5597 pueri
3506 5529 3621 5583 mei

2024 5635 2225 5673 mecum
2252 5630 2373 5672 sunt
2401 5619 2456 5673 in
2483 5618 2672 5681 cubili,
2727 5635 2830 5672 non
2863 5633 3070 5687 possum
3119 5632 3328 5689 surgere
3377 5625 3428 5669 et
3476 5613 3625 5672 dare

2025 5710 2135 5766 tibi.
2163 5707 2371 5765 Ostium
2407 5710 2563 5763 amici
2603 5708 2767 5763 divini
2793 5716 2878 5763 est
2911 5706 3259 5778 intelligentia
3311 5705 3615 5774 semteuis,
