3962 6180
270 256 376 314 res

1349 257 1656 315 llOMlLIAS
1697 259 1762 312 IN
1805 259 2057 316 EVANG.
2099 263 2185 316 ET
2227 263 2447 321 EPIST.

3438 271 3548 334 2‘28

275 373 414 446 quod
431 371 533 430 sibi
559 374 842 444 apostolus
877 381 996 428 orat
1023 374 1218 442 aperiri
1265 374 1332 428 ad
1380 374 1702 444 loquendum
1748 391 1862 445 my-
1893 383 1935 438 Α
1967 377 2213 443 tinentia,
2237 389 2290 434 et
2311 383 2554 452 quisquis
2599 400 2660 439 ea
2694 386 2865 442 malus
2889 387 2999 444 dat.
3043 404 3148 442 non
3178 390 3242 446 tie
3291 408 3390 447 suo
3433 401 3546 451 dat.

275 463 738 528 steriumChristi,
764 464 1112 532 clausumque
1132 471 1217 518 est
1241 473 1483 532 tempore
1506 463 1663 520 famis
1689 466 1860 528 verbi,

276 575 393 614 cum
423 558 780 626 intelligentia
813 575 917 614 non
950 558 1130 622 datur,
1161 568 1216 614 et
1264 557 1340 612 illi
1369 559 1462 628 qui
1497 557 1862 628 evangelicum

275 649 593 719 sapientiam
620 658 876 716 tanquam
920 663 1116 716 panem
1157 655 1480 718 crogantes,
1535 664 1632 718 per
1677 649 1861 702 orbem

276 747 432 791 ten-zu
455 738 909 808 praedicaverunt.
928 737 1081 792 Pueri
1103 739 1504 808 patrisfamilias
1526 737 1634 807 iam
1661 754 1778 792 Sttttl
1812 741 1864 792 in

274 839 482 882 secreta
512 830 696 898 quiete
717 845 840 883 cum
871 828 1116 892 Domino,
1134 837 1188 883 et
1213 839 1391 884 tamen
1409 831 1612 885 orando
1633 831 1856 885 el‘licitm

275 929 327 975 ut
368 921 610 990 accipiat
636 920 950 974 desiderans
995 921 1327 976 intellectum
1375 923 1443 976 ab
1467 923 1582 992 ipso
1613 921 1861 988 Domino,

273 1009 486 1066 etiamsi
526 1011 687 1065 homo
723 1011 862 1066 desit
898 1026 995 1080 per
1042 1027 1201 1080 quem
1232 1014 1494 1082 sapientia
1517 1013 1862 1083 praedicetur.

343 1120 414 1174 Et
441 1121 533 1174 ille
559 1120 603 1172 si
632 1121 1029 1190 perseveraverit
1054 1121 1271 1192 pulsans
1296 1137 1314 1174 :
1357 1123 1472 1177 dico
1502 1123 1672 1189 vobis,
1721 1133 1770 1176 et
1819 1123 1866 1176 si

275 1225 375 1262 non
396 1208 543 1262 dabit
564 1207 642 1260 illi
671 1224 888 1277 surgens
915 1225 975 1262 eo
1003 1211 1143 1280 quod
1172 1213 1372 1266 amicus
1401 1213 1517 1282 ejus
1546 1213 1634 1277 sit,
1658 1219 1868 1280 propter

273 1300 658 1368 improbitatem
683 1311 856 1355 tamen
879 1299 992 1370 ejus
1015 1313 1190 1373 surget
1231 1313 1280 1356 et
1309 1305 1453 1358 dabit
1492 1304 1572 1358 illi
1617 1313 1864 1376 quotquot

269 1390 426 1444 liabet
463 1392 803 1445 necessarios.
838 1391 906 1444 Et
935 1410 1027 1463 ego
1066 1393 1184 1446 dico
1232 1395 1411 1448 vobis:
1443 1393 1608 1449 Petite
1633 1407 1682 1450 et
1717 1398 1865 1451 dabi—

271 1489 357 1534 tur
381 1479 563 1547 vobis;
588 1482 812 1551 quwrite
858 1491 906 1536 et
939 1483 1240 1545 invenietis;
1273 1484 1479 1554 pulsate
1513 1496 1560 1540 et
1601 1490 1866 1558 aperietur

273 1571 434 1626 robis.
465 1570 812 1641 Comparatio
851 1589 880 1625 a
910 1574 1116 1628 minore
1145 1593 1157 1626 :
1195 1576 1238 1629 si
1289 1577 1432 1630 enim
1465 1579 1672 1634 amicus
1704 1582 1864 1636 homo

273 1661 448 1732 surgit
477 1662 544 1714 de
586 1663 744 1719 lecto.
775 1671 828 1716 et
857 1662 950 1716 dat
989 1679 1093 1718 non
1126 1665 1388 1732 amicitia,
1413 1669 1506 1722 sed
1535 1669 1691 1722 taedio
1717 1685 1863 1724 com-

273 1750 484 1820 pulsus,
517 1762 720 1821 qnanto
747 1753 918 1824 magis
948 1755 1039 1808 dat
1086 1753 1248 1820 Deus,
1277 1757 1367 1826 qui
1407 1757 1523 1812 sine
1559 1760 1717 1814 taedio
1758 1759 1864 1814 lar-

272 1841 496 1911 gissime
527 1843 692 1896 doaat
717 1845 858 1911 quod
880 1843 1083 1912 petitur
1111 1862 1124 1897 :
1155 1846 1248 1898 sed
1275 1845 1378 1900 hoc
1409 1861 1466 1901 se
1501 1847 1610 1918 peti
1640 1848 1772 1913 vult,
1803 1857 1863 1903 ut

271 1947 504 2004 capaces
532 1934 798 1988 donorum
825 1935 943 2004 ejus
988 1936 1118 1990 [iant
1165 1937 1256 2006 qui
1317 1949 1544 2008 petunt,
1597 1955 1666 1996 ne
1692 1941 1767 1995 ita
1797 1943 1863 1996 de

272 2027 352 2080 via
401 2027 863 2088 veniensamicus
914 2029 1090 2084 inedia
1143 2030 1448 2100 dispereat,
1490 2033 1593 2088 hoc
1619 2013 1742 2098 est,
1795 2049 1864 2088 ne

271 2119 488 2172 animus
533 2133 707 2188 nuper
759 2121 828 2173 ab
854 2120 1059 2175 erroris
1103 2121 1183 2176 sui
1231 2121 1464 2177 vanitate
1521 2125 1862 2194 resipiscens,

271 2211 526 2264 desiderii
546 2209 807 2279 spiritalis
839 2210 1040 2264 diutius
1082 2212 1262 2282 inopia
1293 2213 1553 2268 tabescat.
1610 2214 1865 2270 Petamus

271 2301 462 2371 epulas
484 2302 662 2366 verbi,
683 2301 882 2371 quibus
909 2301 1148 2368 alamur;
1181 2319 1490 2373 quaeramus
1515 2305 1750 2360 amicum
1771 2306 1864 2376 qui

271 2395 391 2458 det;
449 2391 729 2464 pulsemus
790 2393 987 2446 ostium
1018 2434 1032 2456 ,
1078 2409 1186 2463 quo
1231 2410 1511 2450 serventur
1560 2397 1860 2452 absconse:

273 2503 526 2558 magnam
549 2500 700 2555 spem
733 2485 882 2541 dedit
911 2495 966 2540 et
987 2489 1078 2540 dat
1109 2487 1198 2543 ille
1237 2489 1327 2558 qui
1369 2489 1733 2558 promittendo
1759 2507 1863 2544 non

270 2579 494 2649 decipit.
535 2577 726 2633 Omnis
767 2579 913 2634 enim
947 2581 1037 2650 qui
1068 2583 1202 2650 petit
1230 2582 1440 2652 accipit,
1471 2592 1525 2635 et
1551 2583 1641 2652 qui
1673 2584 1867 2652 qumrit

272 2671 501 2733 invenit,
529 2681 582 2725 et
605 2670 839 2742 pulsanti
868 2673 1160 2742 aperietur.
1216 2675 1386 2746 Ergo,
1437 2674 1591 2744 juxta
1623 2678 1864 2746 praemis-

269 2777 389 2816 sam
410 2763 740 2833 postulantis
761 2764 916 2818 amici
941 2765 1276 2834 parabolam,
1299 2767 1714 2837 perseverantiae
1732 2784 1867 2836 opus

254 2863 350 2928 est
383 2862 443 2906 ut
474 2853 810 2924 accipiamus
832 2855 974 2924 quod
1003 2857 1256 2925 petimus,
1283 2865 1339 2911 et
1362 2857 1702 2912 inveniamus
1725 2859 1866 2926 quod

270 2947 592 3016 quaerimus,
615 2957 672 3003 et
696 2949 838 3017 quod
887 2948 1164 3019 pulsamus
1193 2950 1489 3020 aperiatur.
1521 2950 1654 3005 Nam
1689 2953 1734 3007 si
1776 2968 1868 3021 pe-

274 3038 406 3092 tenti
446 3053 557 3092 non
596 3037 777 3102 datur,
797 3049 851 3094 et
873 3054 1118 3108 quaerens
1145 3055 1250 3094 non
1281 3040 1508 3104 invenit,
1543 3051 1598 3095 et
1627 3042 1861 3110 pulsanti
1892 3058 1936 3120 ρ

273 3145 375 3183 non
404 3131 657 3200 aperitur
677 3173 693 3196 ,
733 3141 954 3201 apparet
981 3133 1124 3202 quod
1157 3149 1263 3188 non
1289 3133 1426 3188 bene
1457 3135 1694 3203 petierit,
1720 3151 1865 3206 quir-

272 3221 442 3285 sierit,
466 3222 796 3293 pulsaverit.

344 3335 478 3402 Quis
509 3347 694 3390 autem
723 3353 788 3392 ea:
824 3337 964 3392 vobis
991 3347 1192 3408 patrem
1228 3340 1354 3408 petit
1387 3355 1596 3409 panem,
1633 3339 1867 3408 nunquid

271 3423 502 3496 lapidem
524 3427 675 3481 dabit
700 3427 781 3480 illi
802 3428 1000 3484 ’Panis
1032 3429 1350 3500 intelligitur
1369 3431 1629 3496 charitas,
1649 3440 1870 3501 propter

275 3515 539 3585 uiajorcm
567 3519 893 3588 appetitum,
931 3528 987 3575 et
1023 3529 1131 3575 tam
1171 3523 1499 3586 necessaria,
1529 3533 1588 3578 ut
1617 3524 1736 3578 sine
1781 3523 1868 3578 illa

271 3618 468 3664 caetera
481 3609 620 3664 nihil
647 3610 777 3676 sint,
793 3610 934 3667 sicut
956 3613 1073 3667 sine
1096 3628 1236 3682 pane
1259 3627 1443 3668 mensa
1467 3615 1621 3685 inops
1645 3626 1761 3681 est;
1783 3616 1870 3671 cui

271 3701 551 3755 contraria
577 3709 663 3754 est
682 3703 866 3757 cordis
895 3703 1114 3769 duritia,
1135 3719 1298 3774 quam
1321 3705 1484 3776 lapidi
1513 3706 1867 3776 comparavit.

343 3811 450 3866 Aut
471 3814 517 3868 si
567 3813 786 3882 piscem,
809 3812 1044 3882 nunquid
1080 3829 1174 3883 pro
1212 3815 1351 3884 pisce
1397 3824 1680 3884 serpentem
1727 3815 1870 3868 dabit

270 3903 396 3959 illi?
419 3905 596 3960 Piscis
623 3913 711 3959 est
743 3905 879 3959 lides
909 3905 1279 3968 invisibilium,
1315 3906 1395 3960 vel
1421 3916 1642 3977 propter
1673 3922 1870 3975 aquam

273 3995 583 4066 baptismi,
632 3995 720 4048 vel
757 3981 886 4064 quia
929 3994 998 4050 de
1051 3995 1410 4050 invisibilibus
1463 3996 1594 4050 locis
1640 3997 1870 4066 capitur.

271 4086 415 4152 Quia
453 4087 622 4141 etiam
663 4085 794 4140 ﬁdes
830 4085 990 4155 hujus
1035 4087 1218 4140 mundi
1246 4084 1496 4142 ﬂuctibus
1539 4085 1874 4142 circumdata

273 4191 386 4230 non
428 4175 718 4246 frangitur,
747 4184 892 4230 recte
943 4177 1080 4246 pisci
1125 4186 1508 4246 comparatur:
1540 4178 1629 4233 cui
1658 4186 1878 4234 contra-

272 4267 420 4320 rium
441 4266 624 4337 posuit
650 4277 959 4336 serpentem
993 4279 1214 4337 propter
1242 4282 1448 4323 venena
1481 4267 1730 4333 fallaciae,
1757 4283 1878 4338 quae

272 4358 446 4411 etiam
469 4359 650 4426 primo
687 4357 890 4410 homini
928 4357 1066 4412 male
1098 4357 1371 4414 suadendo
1397 4359 1796 4428 perseminavit.

345 4447 454 4500 Aut
485 4449 530 4502 si
563 4448 765 4518 petierit
786 4464 962 4506 orum.
998 4447 1234 4519 nunquid
1258 4451 1475 4520 porrigit
1520 4449 1601 4504 illi
1641 4451 1872 4520 scorpio--

274 4540 437 4594 m2
462 4538 520 4594 ln
544 4554 651 4593 ovo
681 4539 950 4592 indicatur
989 4555 1136 4609 spes,
1163 4555 1322 4595 ovum
1355 4541 1499 4596 enim
1527 4543 1761 4595 nondum
1785 4551 1869 4595 est

271 4630 428 4685 fetus
477 4629 773 4700 perfectus,
794 4631 896 4706 sed
938 4629 1168 4684 fovendo
1203 4641 1492 4700 speratur:
1524 4632 1609 4685 cui
1651 4641 1869 4686 contra-

273 4719 424 4774 rium
450 4719 630 4789 posuit
656 4720 1016 4786 scorpionem,
1043 4717 1197 4785 cujus
1226 4719 1446 4774 aculeus
1471 4729 1772 4774 venenatus
1787 4735 1870 4775 re-

272 4818 363 4862 tro
421 4809 698 4862 timendus
721 4818 839 4868 est,
871 4809 1010 4862 sicut
1047 4807 1164 4876 spei
1196 4809 1526 4860 comrarium
1571 4817 1655 4862 est
1689 4819 1866 4872 retro,

269 4923 404 4961 cum
433 4921 560 4975 spes
598 4903 903 4958 futurorum
935 4903 989 4956 in
1016 4918 1077 4956 ea
1121 4918 1240 4970 qua:
1273 4912 1399 4956 ante
1436 4913 1563 4957 sunt
1592 4901 1788 4957 extend
1809 4912 1866 4956 ιι.

344 4999 414 5052 Si
440 5013 585 5067 ergo,
616 5013 709 5051 vos
743 5013 862 5048 cum
891 4996 1004 5048 sitis
1028 4995 1177 5059 muli,
1219 4995 1382 5049 nostis
1423 4995 1558 5047 bona
1597 4995 1724 5047 dare
1744 4993 1870 5062 [iliis

269 5090 470 5146 castris
494 5105 510 5150 ;
543 5098 742 5158 quanto
765 5087 936 5157 magis
964 5087 1121 5140 Pater
1163 5096 1332 5140 vester
1355 5086 1419 5139 de
1447 5085 1574 5139 caelo
1599 5085 1744 5138 dabit
1767 5087 1872 5154 spi-

269 5182 446 5233 ritum
477 5179 668 5232 bonum
697 5179 982 5246 petentibus
1012 5179 1108 5232 se.!
1119 5178 1396 5242 Quomodo
1427 5175 1549 5229 mali
1591 5176 1753 5229 dant?
1780 5176 1873 5229 sed

270 5269 459 5326 εἷος
483 5268 774 5338 appellavit
815 5267 1106 5322 dilectores
1151 5268 1325 5322 adhuc
1373 5268 1532 5338 hujus
1585 5267 1764 5322 saeculi
1821 5275 1878 5323 et

269 5376 642 5436 peccatores:
685 5362 820 5414 bona
850 5375 978 5414 vero
1024 5377 1143 5429 quae
1173 5363 1322 5424 dant,
1347 5361 1646 5414 secundum
1687 5375 1873 5414 eorum

267 5469 510 5514 sensum
530 5467 672 5509 bona
703 5453 928 5508 dicenda
952 5463 1075 5506 sunt
1099 5457 1188 5522 qui
1211 5452 1328 5506 haec
1359 5466 1456 5520 pro
1485 5452 1640 5506 nobis
1672 5449 1874 5522 [bonis]

266 5548 511 5608 habent.
542 5561 854 5616 quanquam
891 5553 946 5598 et
998 5545 1048 5598 in
1103 5559 1282 5598 rerum
1343 5553 1538 5599 natura
1584 5544 1684 5598 ista
1733 5543 1874 5597 bona

259 5644 418 5702 sint,
433 5649 526 5692 seu
560 5635 968 5706 temporal'a.ct
990 5635 1055 5689 ad
1084 5636 1240 5690 istam
1263 5636 1428 5689 vitam
1454 5633 1722 5688 inlirmam
1751 5648 1877 5702 pcr-

1903 4401 1950 4459 Ii

1965 467 2175 522 Domini
2201 482 2277 524 est
2299 481 2436 526 terra
2459 485 2507 526 et
2533 473 2800 544 plenitudo
2829 478 2965 546 ejus,
2987 479 3077 549 qui
3119 479 3239 548 fecit
3282 483 3463 535 coelum
3497 491 3550 538 et

1963 567 2180 636 terram,
2211 577 2376 627 mare,
2422 574 2470 615 et
2521 566 2695 618 omnia
2733 583 2850 636 qua!
2881 567 2934 620 in
2963 569 3037 621 eis
3091 581 3232 622 sunt.
3283 570 3553 635 Q.:antum

1959 661 2092 719 ergo
2139 653 2460 720 sperandum
2491 665 2574 707 est
2609 654 2858 709 daturum
2891 656 3053 712 Deum
3111 659 3193 710 no'
3221 660 3264 713 is
3295 661 3430 714 bona
3458 675 3552 730 pe-

1968 743 2224 809 tentibus,
2257 759 2356 798 nec
2403 762 2499 799 nos
2541 762 2695 814 posse
2720 748 2889 817 decipi
2937 758 2992 800 ut
3027 751 3356 818 accipiamus
3405 751 3552 808 aliud

1967 847 2064 901 pro
2091 833 2196 888 alio
2228 851 2350 888 cum
2391 837 2457 888 ab
2510 836 2624 904 ipso
2671 836 2924 904 petimus,
2971 839 3184 906 quando
3228 856 3322 892 nos
3358 840 3546 908 etiam,

1966 938 2086 976 cum
2119 923 2288 978 simus
2318 924 2464 985 mali,
2488 925 2735 979 novimus
2761 923 2810 979 id
2843 927 2971 981 dare
3001 929 3139 996 quod
3164 930 3270 998 peti
3299 947 3415 984 rus.
3433 930 3549 986 Non

1965 1013 2108 1067 enim
2132 1015 2431 1084 decipimus
2463 1015 2600 1070 ﬁlios
2625 1026 2869 1070 nostros:
2895 1027 2950 1070 et
2983 1019 3377 1090 qualiacmupte
3409 1020 3549 1074 bona

1965 1102 2176 1167 damus,
2207 1119 2313 1156 non
2345 1105 2410 1159 de
2453 1113 2637 1159 nostro
2681 1107 2770 1159 sel
2813 1111 2877 1160 de
2925 1107 3092 1176 ipsius
3125 1109 3330 1162 damus.
3379 1111 3550 1165 Aliter

1965 1192 2212 1262 apostoli,
2237 1195 2328 1262 qui
2351 1193 2631 1248 electionis
2655 1195 2846 1248 merito
2892 1197 3182 1250 bonitatem
3208 1200 3417 1269 generis
3445 1200 3548 1252 hu-

1965 1286 2493 1347 manicxcesserant,
2520 1287 2772 1341 omnibus
2806 1287 2994 1347 modis.
3028 1304 3272 1358 supernae
3295 1291 3550 1347 bonitatis

1965 1377 2180 1440 intuitu,
2221 1377 2342 1429 mali
2374 1392 2494 1430 esse
2538 1377 2809 1440 dicuntur,
2849 1379 2971 1446 quia
3005 1379 3135 1432 nihil
3187 1390 3271 1433 est
3318 1395 3413 1450 per
3457 1397 3546 1436 se-

1965 1465 2250 1534 metipsum
2281 1465 2470 1520 stabile
2507 1507 2520 1530 ,
2567 1467 2698 1520 nihil
2733 1469 3095 1534 immutabile,
3131 1471 3261 1523 nihil
3319 1473 3543 1536 bonum,

1964 1554 2064 1609 nisi
2091 1555 2265 1609 deitas
2291 1555 2422 1610 sola.
2439 1554 2638 1611 Omnes
2660 1572 2788 1610 vero
2802 1570 3061 1614 creatura:
3086 1570 3142 1612 ut
3163 1561 3546 1616 beatitudinem

1961 1644 2282 1698 aeternitatis
2307 1644 2389 1698 vel
2414 1645 2862 1700 immutabilitatis
2879 1648 3180 1712 obtineant,
3199 1665 3302 1703 non
3327 1651 3428 1705 hoc.
3450 1666 3548 1720 per

1966 1749 2116 1788 suam
2146 1743 2417 1795 naturam,
2444 1735 2535 1788 sed
2563 1751 2660 1803 per
2682 1737 2945 1790 creatoris
2969 1739 3048 1792 sui
3073 1741 3542 1808 participationem

1965 1834 2017 1880 et
2045 1825 2275 1895 gratiam
2309 1835 2732 1896 consequuntur.
2763 1827 2914 1894 Quod
2947 1845 3074 1884 vero
3105 1831 3320 1896 dicitur,
3348 1843 3546 1901 quanto

1965 1919 2129 1988 magis
2162 1915 2321 1971 Pater
2347 1928 2508 1972 vester
2535 1919 2598 1971 de
2626 1919 2750 1972 caelo
2781 1921 2922 1974 dabit
2954 1923 3194 1991 spiritum
3231 1923 3420 1976 bonum
3451 1942 3542 1994 pe-

1964 2009 2186 2063 tentibus
2214 2025 2288 2073 se,
2321 2024 2418 2078 pro
2445 2025 2550 2078 quo
2591 2009 2871 2065 Matthaeus
2894 2012 3092 2080 posuit,
3119 2012 3259 2064 dabit
3285 2013 3418 2066 bona
3452 2030 3546 2082 pe-

1965 2103 2187 2157 tentibus
2209 2119 2286 2167 se,
2327 2103 2562 2157 ostendit
2591 2102 2850 2172 Spiritum
2882 2113 3127 2157 sanctum
3159 2104 3544 2174 plenitudinem

1965 2207 2083 2248 esse
2105 2193 2366 2247 bonorum
2400 2193 2516 2256 Dei,
2547 2201 2598 2246 el
2641 2207 2704 2246 ea
2732 2207 2850 2261 quin
2872 2192 3132 2246 divinitus
3163 2193 3548 2247 administran-

1967 2295 2072 2349 tur,
2106 2301 2208 2338 non
2238 2284 2339 2339 alia
2373 2287 2575 2353 abs-pte
2596 2300 2656 2338 ea
2690 2284 3004 2352 subsistere,
3031 2285 3154 2356 quia
3186 2301 3374 2341 omnes
3403 2287 3548 2340 utili-

1968 2383 2104 2430 tates
2137 2391 2256 2445 qutc
2281 2390 2344 2429 ex
2390 2376 2653 2428 donorum
2687 2374 2779 2428 Dei
2817 2374 2986 2444 gratia
3028 2376 3428 2445 suscipiuntur,
3479 2391 3544 2430 ex

1966 2467 2070 2521 isto
2100 2464 2247 2520 fonte
2279 2474 2550 2518 emanant.
2584 2464 2642 2518 ln
2686 2465 2946 2532 petitione
2972 2465 3234 2520 orationis
3257 2474 3313 2519 et
3353 2467 3408 2520 in
3457 2480 3548 2520 ac-

1967 2561 2216 2630 ceptione
2241 2559 2480 2614 muneris
2495 2559 2716 2613 istm-um
2733 2559 2962 2612 duarum
2979 2557 3036 2610 fit
3057 2558 3342 2612 concordia
3365 2559 3550 2612 lectio-

1967 2670 2116 2717 num,
2141 2669 2260 2724 qua:
2283 2661 2512 2722 utraque
2534 2653 2586 2707 in
2617 2653 2782 2706 Deum
2813 2661 2956 2706 recte
2985 2651 3544 2715 credentibus,aclir-

1966 2745 2128 2799 miter
2155 2745 2206 2798 in
2232 2743 2348 2813 ejus
2379 2743 2804 2798 misericordiam
2842 2741 3545 2811 sperantibus,perveniunt

1967 2835 2033 2888 ad
2093 2834 2318 2889 salutem
2377 2841 2738 2904 perpetuam:
2789 2840 3078 2900 praestante
3114 2831 3338 2885 Domino
3363 2839 3547 2885 nostro

1965 2922 2092 2979 Jesu
2116 2923 2459 2994 Christo,qui
2489 2939 2609 2978 cum
2633 2922 2792 2977 Patre
2814 2929 2868 2976 et
2895 2921 3098 2990 Spiritu
3127 2931 3316 2975 sancto
3340 2921 3468 2974 vivit
3493 2927 3550 2974 et

1969 3021 2159 3084 regnat
2189 3012 2346 3077 Deus,
2374 3026 2472 3082 per
2501 3011 2682 3066 omnia
2727 3009 2919 3064 szecula
2974 3009 3312 3064 seculorum.
3355 3009 3544 3064 Amen.

2495 3123 2776 3180 llOMlLlA
2825 3121 3008 3176 XLIV.

2292 3254 2340 3291 ΙΝ
2381 3253 2580 3292 νιυιωέι
2621 3251 2952 3292 ΑδεεΝδιοΝις
3009 3251 3228 3302 υοιιικι,

2312 3353 2502 3406 Lectio
2532 3351 2786 3420 Epistula:
2821 3350 2888 3403 ad
2921 3349 3205 3420 Ephesios.

2040 3439 2280 3506 Fratres,
2312 3441 2592 3510 unicuique
2621 3449 2858 3493 nostrum
2897 3439 3026 3493 data
3062 3449 3136 3492 est
3163 3441 3336 3510 gratia
3368 3454 3550 3492 secun-

1967 3533 2093 3588 dum
2114 3510 2412 3585 mensuram
2433 3527 2731 3582 donationis
2755 3527 2968 3582 Christi.
2992 3525 3216 3598 Propter
3232 3528 3371 3598 quod
3393 3529 3551 3582 dicit:

1969 3628 2266 3683 Ascendens
2289 3629 2342 3680 in
2363 3625 2527 3680 altum
2553 3625 2810 3694 captivam
2831 3624 2980 3678 duxit
3003 3623 3354 3690 captivitatem
3368 3637 3389 3675 .°
3409 3619 3550 3676 dedit

1971 3721 2111 3774 dona
2139 3717 2460 3781 hominibus,
2487 3724 2594 3770 etc.
3299 3729 3304 3733 -

2041 3809 2285 3866 Gratiam
2342 3815 2398 3861 et
2445 3803 2880 3859 misericordiam
2922 3801 3134 3858 Domini
3200 3800 3372 3856 nostri
3425 3799 3553 3854 Jcsu

1972 3899 2194 3963 Christi,
2227 3913 2389 3968 quam
2417 3895 2606 3966 generi
2641 3894 2870 3950 contulit
2903 3895 3160 3955 humano,
3193 3891 3431 3946 breviter
3467 3890 3555 3945 hic

1971 3993 2261 4066 Apostolus
2292 3994 2346 4048 in
2378 3993 2643 4048 electione
2693 3988 2974 4060 replicavit
3001 3987 3280 4058 prtesenti,
3312 3993 3374 4038 ut
3404 3983 3557 4038 audi-

1974 4089 2102 4152 stis;
2151 4087 2227 4140 ait
2259 4085 2406 4142 enim
2437 4105 2448 4136 :
2492 4081 2786 4149 Unicuique
2827 4089 3061 4134 nostrum
3107 4077 3232 4130 data
3271 4084 3347 4130 est
3383 4073 3556 4144 gratia

1973 4179 2258 4234 secundum
2296 4189 2597 4230 mensuram
2640 4170 2940 4227 donationis
2963 4165 3365 4234 Christi;juxta
3405 4178 3556 4216 men-

1976 4283 2160 4323 suram
2197 4279 2434 4336 namque
2483 4265 2825 4325 medentium
2870 4262 3033 4315 datur
3075 4257 3247 4328 gratia
3277 4253 3552 4324 spiritalis,

1981 4367 2183 4414 tantum
2217 4357 2456 4412 muneris
2481 4352 2854 4415 misericordia
2885 4365 2979 4413 sua
3010 4347 3263 4417 largiens,
3293 4351 3554 4412 quantum

1979 4457 2154 4520 potest
2189 4449 2276 4506 ille
2307 4448 2390 4503 cui
2423 4448 2654 4510 donatur
2678 4443 2958 4512 accipere:
2990 4437 3210 4506 ProPter
3229 4433 3368 4504 quod
3393 4433 3554 4486 dicit:

1979 4543 2270 4598 Ascentlcns
2306 4541 2360 4592 in
2393 4538 2559 4591 altum
2591 4534 2846 4604 captivam
2875 4530 3022 4584 duxit
3053 4527 3402 4598 captivitatem
3423 4540 3442 4578 :
3465 4525 3557 4577 de-

1977 4637 2052 4688 dit
2080 4635 2218 4688 dona
2243 4629 2562 4684 horninibus.
2593 4624 2700 4679 Nos
2721 4625 2810 4693 qui
2843 4635 2986 4676 nunc
3009 4619 3284 4676 credimus
3311 4617 3364 4672 in
3394 4615 3556 4672 Chri-

1977 4735 2118 4776 stum
2151 4722 2218 4773 de
2247 4719 2494 4789 gentibus
2522 4712 2854 4784 congregati,
2885 4726 3008 4765 cum
3037 4721 3280 4764 essemus
3306 4714 3557 4760 creatura

1981 4814 2096 4876 Dei,
2129 4812 2342 4865 diabolo
2371 4808 2514 4876 capti
2556 4819 2744 4860 sumus
2767 4811 2823 4858 et
2849 4802 2970 4872 ejus
3007 4799 3327 4854 satellitibus
3369 4795 3556 4850 distri-

1979 4905 2088 4960 buti
2116 4920 2128 4955 :
2158 4903 2305 4956 venit
2349 4899 2509 4970 igitur
2551 4895 2808 4951 Dominus
2858 4902 3043 4948 uoster
3086 4888 3244 4944 Jesus
3285 4886 3555 4953 Christus,

1977 4997 2208 5048 divinam
2239 4989 2574 5058 maiestatem
2602 4986 2938 5040 abscondens
2963 4983 3015 5036 in
3043 4981 3260 5036 homine
3287 4993 3356 5032 ne
3378 4991 3410 5030 a
3437 4976 3556 5032 dia-

1979 5085 2102 5140 bolo
2142 5088 2578 5156 cognosceretur,
2617 5089 2668 5132 et
2703 5075 3017 5146 praedicavit
3058 5073 3230 5136 nobis,
3258 5071 3348 5139 qui
3379 5084 3411 5123 a
3441 5067 3558 5123 dia-

1943 5173 1948 5178 ’
1980 5175 2103 5227 bolo
2129 5171 2382 5242 captivati
2416 5167 2633 5232 fuimus,
2663 5166 3056 5227 remissionem,
3087 5170 3142 5216 et
3165 5161 3255 5230 qui
3285 5159 3340 5212 in
3368 5156 3556 5211 mortis

1979 5262 2207 5316 \‘incttiis
2248 5259 2588 5317 tenebamur,
2627 5255 2945 5310 solutionem
2977 5271 2989 5306 :
3026 5251 3298 5306 sustinens
3331 5262 3429 5316 pro
3459 5247 3556 5299 ho-

1981 5353 2216 5408 minibus
2251 5357 2481 5403 mortem
2533 5347 2586 5400 in
2633 5345 2995 5407 humanitate,
3039 5343 3131 5412 qui
3189 5341 3242 5393 in
3275 5338 3556 5391 divinitate

1981 5446 2116 5500 mori
2170 5459 2274 5497 non
2325 5449 2530 5510 potest;
2585 5448 2638 5491 et
2685 5447 2942 5492 aeternam
2984 5443 3210 5488 mortem
3245 5443 3340 5484 sua
3382 5435 3554 5480 morte

1977 5537 2194 5596 devicit,
2239 5544 2291 5588 et
2326 5536 2391 5586 de
2427 5541 2567 5585 terra
2617 5544 2908 5601 resurgens
2957 5529 3007 5580 in
3047 5523 3254 5579 excelsa
3293 5517 3556 5572 caelorum

1981 5629 2277 5692 hominem,
2303 5639 2466 5694 (ptem
2507 5622 2820 5690 assumpsit,
2847 5619 3054 5674 evexit.
3091 5621 3402 5668 sanctorum
3431 5606 3550 5660 ani-
