3962 6180
399 252 496 306 2'27

1104 240 1165 294 Β.
1210 237 1457 293 ΠΑΒΑΝΙ
1497 234 1715 291 MAURI
1754 226 2074 286 ARCHIEP.
2116 220 2425 278 MOGUNT.
2467 218 2748 275 OPERUM
2790 218 2971 272 PARS
3009 216 3071 272 ll.

3570 219 3679 278 (Ἀεὶ

393 378 509 420 mas
536 363 627 431 qui
662 363 717 414 in
754 356 969 413 inferno
1008 353 1331 407 tenrbantur
1360 348 1671 419 captivitate
1700 344 1898 414 eripuit
1925 347 1980 395 et
2009 343 2053 401 A
2083 334 2186 388 nisi
2230 333 2282 386 in
2325 331 2440 387 suis
2486 329 2762 384 Γοαιίιὶὶηιε
2804 337 3080 390 enccclul‘.
3127 341 3349 383 necesse
3386 337 3474 384 est
3518 338 3577 385 nt
3616 331 3672 383 in

390 455 458 510 ad
486 466 649 522 regna
680 463 861 503 secum
889 444 1144 499 cmlorum
1173 440 1441 511 perduxit,
1470 447 1524 491 et
1553 434 1899 491 credentibus
1924 433 1979 486 in

390 559 449 599 se
497 539 805 598 [nominibus
834 535 1069 604 Spiritus
1116 530 1288 586 sancti
1341 531 1480 582 donn
1528 527 1752 597 largitus
1789 533 1888 586 est,
1923 533 1982 577 ut

394 628 685 703 Apostolus
726 627 840 695 ipse
883 623 1010 677 alibi
1058 624 1250 678 docet:
1282 618 1386 671 Alii
1413 617 1638 688 gratiam
1667 616 1979 678 sanitatum,

388 724 485 777 alii
516 720 866 791 Operationem
908 716 1177 775 virtutum,
1209 711 1302 765 alii
1342 710 1691 782 prapltetiam,
1743 706 1836 759 alii
1873 705 1982 759 dis-

390 814 668 867 cretionem
734 809 1053 877 spirituum,
1109 803 1203 857 alii
1249 817 1439 872 genera
1498 800 1837 869 linguarum,
1885 796 1980 848 alii

390 917 592 971 quoque
620 895 1101 967 interpretationem
1129 906 1427 945 sermonum
1452 906 1471 943 :
1494 888 1729 943 dividens
1757 886 1980 954 singulis

388 1000 543 1064 prout
574 988 702 1044 vult.

464 1078 620 1145 Quod
649 1088 819 1131 autem
853 1072 1110 1138 ascendit,
1130 1070 1256 1143 quid
1284 1078 1379 1136 est,
1402 1069 1504 1124 nisi
1529 1069 1654 1140 quia
1689 1077 1736 1122 et
1764 1067 1983 1121 descen-

390 1172 464 1225 dit
507 1170 737 1241 primum
785 1168 841 1220 in
891 1164 1168 1235 inferiores
1207 1169 1383 1232 partes
1428 1159 1633 1214 terrm?
1673 1157 1982 1212 Secundum

394 1260 619 1315 formam
649 1257 856 1313 scilicet
893 1252 1034 1310 servi
1061 1249 1336 1316 ascendit,
1365 1248 1434 1304 ad
1460 1264 1623 1319 quam
1657 1262 1761 1301 non
1794 1245 1979 1300 locali-

394 1360 496 1412 ter,
528 1347 620 1404 sed
650 1347 935 1416 dignanter
958 1340 1256 1398 descendit.
1285 1338 1625 1394 Desceudcrc
1653 1344 1834 1389 autem
1865 1334 1983 1389 ideo

393 1439 595 1494 dicitur
638 1438 690 1490 in
722 1435 992 1490 infernum
1025 1433 1091 1486 ad
1121 1428 1417 1486 servandas
1452 1427 1663 1481 animas
1683 1423 1981 1493 justorum,

394 1539 452 1584 ut
498 1528 748 1585 homines
796 1520 965 1581 etiam
1016 1537 1199 1577 secum
1255 1520 1324 1575 ad
1370 1517 1613 1575 ccelestia
1674 1524 1979 1570 revocaret.

392 1619 494 1687 Qui
531 1617 811 1674 descendit
844 1629 969 1669 cum
1011 1614 1195 1666 anima
1239 1612 1292 1664 in
1335 1608 1643 1687 infernum,
1697 1606 1811 1661 inse
1856 1620 1983 1660 eum

2087 437 2214 493 agro
2258 421 2399 475 illius
2444 420 2496 473 in
2537 433 2645 488 quo
2685 417 2844 488 hujus
2889 416 3014 470 mali
3055 415 3320 486 plantatio
3366 422 3667 476 convaluit.

2082 514 2251 583 spina:
2291 512 2472 583 potius
2515 508 2808 578 tribulique
2847 507 3102 561 vitiorum
3135 523 3298 577 quam
3333 507 3499 562 ullum
3533 524 3683 566 verat

2084 601 2299 655 virtutis
2341 614 2523 654 semen
2570 599 2800 652 oriatur.
2853 597 3190 652 Resistamus
3238 613 3388 669 ergo,
3440 599 3678 657 dilectis‘

2081 691 2228 755 simi,
2267 689 2394 745 huic
2437 698 2548 743 tam
2588 688 2847 758 pestifero
2891 686 3032 741 malo
3077 695 3133 741 et
3171 687 3515 753 cltaritatcm,
3562 691 3681 744 sine

2081 796 2187 850 qua
2235 779 2383 834 nulla
2417 778 2592 832 virtus
2644 784 2823 847 potest
2872 777 3076 839 nitere,
3128 785 3418 841 sectemur,
3475 788 3535 832 ut
3583 795 3683 849 per

2084 873 2247 937 hanc,
2293 887 2399 941 qua
2451 871 2520 925 ad
2571 885 2668 923 nos
2712 868 2961 924 Christus
3012 867 3320 931 descendit,
3374 868 3682 926 dilectionis

2081 962 2248 1028 viam,
2278 970 2335 1017 et
2362 961 2475 1030 jam
2516 976 2617 1015 nos
2642 961 2710 1014 ad
2750 960 2924 1028 ipsum
2956 960 3222 1028 possimus
3249 961 3563 1025 ascendere,
3589 961 3679 1017 cui

2083 1059 2168 1105 est
2193 1064 2317 1105 cum
2338 1049 2449 1105 Deo
2475 1051 2640 1105 Patre
2671 1059 2726 1104 et
2751 1048 2955 1119 Spiritu
2987 1056 3176 1103 sancto
3204 1049 3376 1106 honor
3403 1052 3455 1106 in
3481 1054 3681 1107 sa‘eula

2085 1142 2429 1200 sucularum.
2463 1142 2660 1198 Amen.

2638 1273 2918 1330 ΙΙΟΜΠᾸΛ
2963 1274 3124 1331 XLV.

2618 1405 2670 1443 IN
2723 1402 2897 1443 EODEM
2952 1404 3138 1443 ηδτ-ο.

2219 1499 2403 1558 Leotio
2428 1501 2602 1556 sancti
2628 1500 2902 1572 Evangelii
2940 1501 3236 1555 secundum
3265 1498 3529 1557 Joannem

2162 1613 2227 1665 In
2254 1611 2346 1665 illo
2377 1620 2636 1681 tempore,
2668 1608 2946 1664 sublevati:
2967 1608 3122 1663 Jesus
3162 1610 3216 1664 in
3261 1609 3447 1663 emittm
3489 1610 3680 1675 oculis,

390 1712 570 1766 anima
610 1717 664 1763 et
700 1721 937 1777 corpore
966 1701 1213 1759 ascendit
1251 1701 1308 1755 in
1350 1684 1581 1761 cmluni,
1624 1706 1684 1752 ιιι
1727 1696 1979 1766 impleret
2013 1698 2055 1756 Β
2083 1706 2260 1759 dixit:
2296 1700 2484 1767 Pater,
2508 1702 2645 1756 venit
2673 1702 2827 1765 hora,
2858 1700 3096 1768 clari/ica
3121 1699 3323 1755 Filium
3359 1712 3527 1766 luunt,
3568 1712 3680 1758 etc.

389 1805 574 1863 omnia
597 1817 717 1872 qum
745 1799 947 1869 scripta
985 1804 1114 1853 sunt
1140 1796 1209 1850 de
1231 1793 1404 1866 gloria
1436 1791 1693 1860 triumphi
1730 1790 1834 1843 sui.

462 1895 529 1948 Et
562 1894 671 1963 ipse
698 1890 841 1945 dedit
869 1887 1126 1960 quosdam
1181 1881 1469 1956 apostolos,
1518 1881 1611 1950 qui
1654 1893 1753 1949 per
1793 1880 1983 1932 orlzem

393 1998 552 2043 terras
577 1984 730 2040 missi
759 1990 890 2037 sunt
912 1980 1235 2051 praedicare,
1279 1974 1536 2047 quosdam
1567 1982 1744 2027 autent
1764 1971 1986 2041 prophe-

391 2089 494 2143 tas,
526 2076 660 2133 alios
698 2083 876 2130 autem
906 2068 1271 2141 evangelistas,
1307 2065 1440 2121 alios
1468 2076 1645 2118 au'em
1670 2072 1905 2134 pastores
1936 2070 1986 2114 et

393 2168 653 2231 doctores,
679 2164 749 2218 ad
770 2159 1275 2217 consummationem
1313 2164 1616 2210 sanctorum
1646 2152 1701 2207 in
1729 2168 1858 2222 opus
1886 2150 1986 2204 mi-

397 2257 620 2321 nisterii,
657 2256 714 2309 in
744 2251 1145 2322 aediﬁcationem
1171 2248 1405 2317 corporis
1424 2243 1643 2299 Christi.
1692 2243 1829 2310 Quia
1854 2257 1984 2297 cor-

402 2362 503 2417 pus
534 2345 744 2401 Domini
784 2358 907 2399 esse
940 2339 1181 2397 Ecclesia
1229 2338 1578 2409 intelligitur,
1606 2350 1727 2404 qua:
1754 2334 1822 2388 de
1850 2333 1986 2387 vivis

395 2435 679 2506 lapidibus,
713 2433 767 2489 id
790 2440 894 2496 est,
919 2432 986 2487 de
1013 2428 1324 2485 hominibus
1349 2425 1686 2483 construitur
1714 2423 1983 2489 ﬁdelibus,

398 2525 501 2579 hoc
546 2524 644 2592 ipsi
675 2523 877 2578 habent
902 2521 1084 2592 operis
1112 2527 1173 2575 ut
1197 2517 1494 2575 secundum
1524 2515 1985 2584 dispensationem

395 2627 448 2672 et
477 2614 654 2672 cilicia
695 2614 797 2669 sibi
824 2613 1030 2668 credita
1055 2609 1355 2667 Ecclesium
1382 2606 1605 2670 Christi,
1637 2605 1692 2659 id
1725 2613 1829 2667 est,
1863 2618 1986 2657 eor-

397 2722 497 2777 pus
522 2705 658 2772 ejus,
688 2703 981 2758 :edilicent.

465 2796 641 2848 Donec
673 2807 1011 2846 occurramus
1039 2806 1214 2844 omnes
1239 2789 1296 2842 in
1324 2788 1576 2841 unitatem
1602 2784 1728 2853 fidei
1758 2793 1807 2838 et
1834 2783 1990 2853 agni-

397 2886 552 2940 tionis
600 2883 726 2937 Ftlii
772 2883 892 2947 Dei,
938 2883 995 2935 in
1042 2882 1207 2935 virum
1249 2879 1557 2951 perfectum,
1595 2876 1653 2930 in
1690 2889 1987 2929 mensuram

399 2978 570 3033 anatis
600 2974 939 3045 plenitudinis
983 2972 1200 3026 Christi.
1244 2969 1395 3026 Unde
1431 2968 1579 3023 omni
1615 2966 1794 3022 studio
1841 2964 1985 3018 labo—

399 3043 622 3122 randum
683 3066 838 3120 nobis
893 3076 978 3119 est
1032 3063 1204 3133 primo
1252 3068 1312 3115 ut
1361 3059 1415 3114 in
1464 3059 1589 3113 ﬁdei
1635 3043 2058 3113 occurramusC

406 3172 595 3213 omnes
632 3158 926 3218 unitatem;
977 3153 1170 3206 deinde
1217 3151 1268 3204 in
1310 3151 1498 3203 eadem
1538 3148 1750 3201 unitate
1791 3146 1990 3199 habere

404 3250 733 3320 agnitionem
779 3247 899 3300 Filii
965 3245 1081 3309 Dei,
1133 3243 1207 3297 ita
1256 3252 1315 3295 ut
1363 3242 1415 3296 in
1468 3240 1724 3295 interiore
1773 3238 1991 3293 homine

409 3339 687 3394 Christum
727 3335 1049 3389 ﬁducialiter
1090 3332 1371 3395 imitando,
1418 3330 1644 3401 perfecti
1687 3329 1791 3383 viri
1831 3343 1991 3382 voca-

402 3430 587 3486 hulum
618 3428 933 3483 sortiamur.
978 3425 1236 3481 Praesenti
1275 3425 1418 3479 enim
1460 3422 1770 3483 festivitate,
1802 3420 1856 3473 id
1882 3426 1987 3483 est,

400 3520 719 3577 ascensione
763 3517 964 3572 Christi
1013 3516 1221 3571 Domini
1266 3517 1334 3568 ad
1380 3514 1569 3579 caelos,
1618 3526 1783 3582 quam
1832 3510 1991 3565 hodie

397 3613 707 3668 venerando
754 3610 1148 3680 przevenimus,
1199 3608 1311 3664 Deo
1359 3623 1573 3670 sumus,
1627 3603 1987 3667 dilectissimi,

400 3707 540 3760 mira
578 3701 1019 3757 reconciliatione
1056 3699 1245 3754 sociati
1276 3708 1332 3753 et
1365 3697 1641 3754 caelestem
1680 3695 1992 3751 misericor-

403 3797 547 3850 diam
577 3794 808 3864 pleniter
837 3791 1116 3847 consecuti
1146 3806 1162 3846 :
1205 3792 1261 3847 in
1290 3807 1395 3860 qua
1430 3805 1530 3860 pax
1560 3789 1716 3843 nobis
1744 3788 1990 3842 miranda

398 3886 600 3940 donata
631 3893 715 3938 est
740 3900 837 3953 per
861 3884 1162 3945 Christum,
1193 3896 1356 3949 quam
1406 3880 1566 3934 nullis
1610 3893 1846 3947 unquam
1896 3892 1994 3932 no-

402 3976 534 4028 stris
563 3974 773 4027 meritis
799 3972 1067 4026 voluimus
1106 3970 1351 4038 adipisci.
1396 3970 1505 4023 Nos
1540 3970 1628 4037 qui
1665 3977 1807 4024 terra
1838 3969 1991 4024 vide-

405 4067 596 4118 bamur
650 4062 873 4132 indigni,
924 4061 977 4113 in
1021 4060 1124 4114 hac
1165 4059 1513 4113 solemnitate
1558 4058 1751 4111 elevati
1807 4074 1993 4112 suemus

403 4158 469 4211 ad
495 4155 714 4211 cielum.
754 4154 857 4221 Qui
903 4167 1002 4207 nec
1034 4151 1311 4206 terrestria
1339 4150 1702 4213 merebantur,
1731 4149 1992 4202 caelorum

404 4246 759 4302 transivimus
796 4245 931 4299 ﬁnes
964 4249 1019 4297 et
1051 4242 1168 4311 ipsa
1205 4240 1332 4295 sede
1374 4239 1538 4310 regali
1581 4240 1899 4293 deeoramur
1938 4239 1993 4293 in

408 4348 604 4394 natura
650 4338 907 4393 humana.
962 4331 1309 4388 Exsultemus
1362 4331 1585 4400 itaque,
1634 4328 1990 4395 dilectissimi,

408 4435 605 4505 gaudio
657 4431 919 4502 spiritali,
970 4436 1027 4483 et
1071 4427 1234 4498 digna
1289 4423 1430 4495 apud
1480 4424 1648 4478 Deum
1693 4421 1989 4492 gratiarum

408 4524 621 4577 actione
667 4522 933 4583 hetantes,
972 4519 1171 4573 liberos
1204 4516 1383 4571 cordis
1420 4513 1607 4569 oculos
1642 4511 1709 4565 ad
1742 4510 1885 4591 illam
1914 4509 1992 4564 al-

411 4614 696 4669 titudinem
747 4614 801 4667 in
848 4627 955 4681 qua
998 4610 1247 4666 Christus
1289 4616 1392 4674 est,
1429 4607 1746 4677 erigamus:
1778 4618 1992 4658 sursum

415 4711 633 4758 vocatos
679 4702 889 4755 animos
933 4700 1203 4754 desideria
1252 4706 1469 4754 terrena
1517 4712 1623 4750 non
1664 4694 1989 4764 deprimant,

411 4793 478 4849 ad
503 4803 707 4849 anterna
735 4791 986 4863 prmlatos
1010 4791 1247 4860 peritura
1276 4806 1384 4845 non
1409 4797 1692 4857 occupent,
1722 4787 1863 4841 viam
1902 4800 1993 4839 ve-

412 4884 591 4938 ritatis
632 4882 902 4952 ingressos
930 4880 1201 4935 vanitates
1227 4879 1510 4933 mundanae
1550 4893 1656 4930 non
1693 4876 1990 4931 retraham.

415 4970 557 5027 Nihil
587 4980 669 5026 est
702 4978 883 5024 autem
913 4968 1160 5033 validius,
1192 4968 1546 5029 dilectissimi,
1577 4976 1765 5022 contra
1795 4965 1993 5020 diaboli

413 5063 608 5125 dolos,
657 5075 821 5130 quam
867 5059 1171 5127 benignitas
1238 5058 1622 5114 misericordiae
1673 5065 1730 5111 et
1776 5055 1996 5126 largitas

413 5150 720 5213 charitatis,
766 5163 864 5219 per
910 5164 1071 5218 quam
1119 5162 1279 5203 omne
1313 5156 1594 5217 peccatum
1633 5156 1726 5201 aut
1765 5145 1997 5200 vincitur

414 5253 510 5299 aut
549 5242 871 5299 declinatur.
920 5240 1026 5295 Sed
1079 5241 1237 5310 hujus
1280 5241 1496 5295 virtutis
1541 5239 1843 5294 sublimitas
1887 5254 1993 5291 non

412 5338 567 5405 prius
592 5333 1016 5406 apprehenditur
1037 5349 1199 5404 quam
1234 5332 1361 5386 illud
1386 5333 1531 5403 quod
1555 5333 1605 5387 ei
1634 5341 1719 5387 est
1743 5332 1996 5385 adversa-

417 5427 578 5490 rium,
608 5425 924 5479 subruatur.
957 5422 1096 5489 Quid
1141 5438 1272 5491 ergo
1313 5431 1419 5476 tam
1460 5423 1736 5477 inimicum
1780 5424 1995 5479 miseri-

413 5516 614 5570 cordias
648 5523 701 5570 ct
726 5513 979 5583 operibus
1005 5512 1288 5567 charitatis
1312 5527 1475 5580 quam
1523 5514 1771 5577 avaritia,
1800 5515 1866 5568 de
1895 5529 1993 5568 cu-

415 5604 502 5673 ius
531 5610 711 5664 radice
746 5607 987 5663 omnium
1026 5604 1286 5660 malorum
1329 5618 1546 5673 germen
1579 5605 1838 5676 emergit?
1875 5620 1995 5675 qua:

2154 1794 2339 1850 Potuit
2380 1792 2604 1848 silenter
2645 1792 2760 1847 haec
2805 1793 2993 1847 eadem
3022 1791 3185 1845 verba
3222 1792 3489 1846 orationis
3531 1791 3683 1848 Patri

2085 1888 2258 1943 Filius
2295 1885 2498 1949 dicere,
2530 1884 2624 1939 sed
2664 1883 2843 1938 oratio
2868 1882 2991 1937 Filii
3019 1882 3266 1938 doctrina
3295 1892 3377 1938 est
3407 1883 3685 1953 discipuli,

2086 1995 2187 2035 nec
2217 1994 2324 2033 non
2353 1984 2409 2033 et
2432 1991 2619 2032 eorum
2646 1976 2737 2045 qui
2768 1974 2982 2029 illorum
3026 1974 3272 2047 exempla
3298 1974 3450 2044 sequi
3483 1976 3688 2032 voluis-

2089 2079 2242 2134 sent,
2288 2067 2374 2123 vel
2416 2082 2604 2122 eorum
2652 2065 2853 2136 scripta
2894 2064 3093 2136 legere.
3142 2065 3305 2129 Dixit,
3349 2065 3484 2120 venit
3526 2067 3686 2133 hora,

2060 2160 2221 2216 'hora
2256 2159 2444 2227 utique
2470 2156 2742 2227 passionis
2767 2155 3182 2225 appropinquat.
3208 2154 3457 2223 Cluriﬁca
3481 2152 3690 2209 Filium

2090 2263 2275 2315 tuum,
2307 2250 2362 2306 id
2396 2256 2512 2315 est,
2558 2249 2978 2306 resurrectionis
3021 2247 3247 2318 gloriam
3278 2249 3549 2319 prmcedat
3582 2247 3691 2303 hu-

2090 2341 2365 2397 manitatis
2394 2339 2597 2410 passio,
2632 2347 2685 2393 et
2719 2338 3081 2407 subsequatur
3124 2339 3233 2393 cito
3271 2338 3693 2395 resurrectionis

2091 2431 2430 2488 clarificatio.
2461 2430 2718 2500 Sequitur
2739 2447 2752 2486 :

2166 2524 2233 2581 Ut
2276 2524 2450 2581 Filius
2500 2536 2620 2579 tuus
2681 2523 2935 2592 clariﬁcet
2987 2532 3054 2577 te.
3112 2518 3445 2579 Clarillcatio
3503 2520 3694 2578 Patris

2090 2626 2296 2674 interna
2327 2625 2430 2683 est,
2468 2632 2588 2687 qua:
2628 2631 2728 2672 nec
2769 2616 2956 2686 augeri
2999 2631 3097 2670 nec
3135 2615 3305 2669 minui
3331 2622 3540 2686 potest;
3584 2614 3693 2670 sed

2093 2708 2211 2763 haec
2245 2705 2566 2762 clariﬁcatio
2611 2706 2678 2760 ad
2714 2704 2962 2759 notitiam
3003 2704 3095 2757 Dei
3124 2703 3301 2757 Patris
3330 2703 3582 2773 pertinet,
3622 2709 3693 2755 ut

2093 2796 2510 2854 resurrectionis
2534 2796 2725 2867 gloria,
2765 2796 2817 2850 in
2847 2794 2984 2850 Filio
3012 2804 3228 2865 peracta
3249 2835 3264 2857 ,
3315 2796 3686 2849 innotesceret

2095 2892 2235 2945 Deus
2270 2889 2434 2944 Pater
2471 2896 2583 2943 toto
2624 2888 2767 2953 orbi,
2798 2887 2891 2957 qui
2936 2897 3065 2941 ante
3114 2888 3166 2941 in
3204 2884 3401 2942 JlldiBlS
3437 2894 3689 2941 tantum-

2093 2982 2253 3036 modo
2300 2990 2462 3035 notus
2507 2987 2642 3033 erat.
2699 2976 2953 3047 Clariﬁra
2997 2975 3196 3030 Filium
3235 2986 3384 3030 tuum
3421 2985 3477 3029 ut
3509 2973 3695 3028 Filius

2091 3080 2212 3125 tuus
2240 3069 2492 3139 clariﬁcet
2516 3078 2585 3121 te.
2610 3067 2779 3134 Quasi
2806 3068 3050 3130 dixisset,
3069 3065 3351 3121 Resuseita
3379 3079 3487 3131 me,
3513 3071 3576 3118 ut
3602 3063 3694 3118 in.

2090 3171 2346 3217 notescas
2376 3169 2488 3214 toto
2513 3160 2630 3213 orbi
2658 3175 2755 3228 per
2784 3173 2890 3212 me.
2929 3157 3189 3227 Sequitur

2162 3251 2307 3305 Sicut
2354 3250 2544 3304 dedisti
2586 3250 2633 3302 ei
2675 3258 2978 3318 potestatem
3024 3249 3193 3301 omnis
3240 3250 3431 3301 carnis.
3475 3244 3530 3299 ld
3559 3254 3680 3311 est,

2089 3342 2267 3396 omnis
2294 3339 2545 3400 hominis,
2576 3354 2606 3392 a
2630 3347 2784 3408 parte
2814 3346 3003 3399 totum,
3035 3352 3159 3391 nam
3186 3351 3315 3392 caro
3338 3351 3437 3405 pro
3461 3334 3697 3390 homine

2092 3439 2205 3485 toto
2253 3430 2404 3485 dicit.
2444 3428 2571 3484 Haec
2613 3430 2693 3482 ait
2735 3436 2795 3483 ut
2839 3428 3153 3482 ostenderet
3194 3427 3364 3496 magis
3404 3441 3469 3481 ac
3506 3425 3702 3494 magis

2089 3520 2366 3591 quomodo
2415 3520 2813 3574 clariﬁeaturus
2865 3527 3010 3573 esset
3058 3519 3296 3574 Patrem.
3358 3518 3506 3572 Sicut
3547 3533 3697 3589 ergo

2089 3611 2281 3665 dedisti
2318 3609 2369 3665 ei
2400 3618 2724 3681 potestatem,
2758 3610 2956 3679 inquit,
2987 3610 3157 3663 omnis
3186 3609 3383 3674 carnis,
3414 3609 3487 3661 ita
3524 3608 3701 3661 clari.

2089 3710 2209 3779 licet
2250 3718 2301 3762 te
2321 3706 2517 3762 Filius.
2562 3706 2620 3761 ld
2644 3713 2752 3771 est,
2797 3714 2983 3761 notum
3031 3713 3083 3758 te
3122 3704 3289 3759 faciat
3322 3703 3470 3758 onmi
3507 3704 3699 3768 carni,

2093 3814 2253 3869 quam
2301 3797 2499 3852 dedisti
2545 3797 2616 3851 ei.
2659 3796 2752 3851 Sic
2795 3796 2942 3851 enim
2982 3794 3199 3859 dedisti,
3234 3802 3295 3850 ut
3338 3809 3497 3848 omne
3535 3795 3697 3863 quod

2095 3887 2291 3943 dedisti
2319 3887 2372 3941 ei
2400 3887 2493 3943 det
2518 3886 2597 3941 eis
2622 3886 2788 3940 vitam
2815 3894 3093 3940 aeternam.

2165 3975 2294 4031 Ha’c
2324 3985 2400 4029 est
2428 3985 2605 4030 autem
2630 3975 2734 4029 vita
2755 3986 2985 4029 teterna:
3015 3986 3069 4029 ut
3103 3982 3418 4045 cognoscant
3440 3982 3489 4029 te
3510 3973 3699 4029 solum

2095 4084 2268 4123 verum
2295 4065 2482 4129 Deum,
2512 4076 2584 4131 et,
2610 4082 2762 4137 quem
2799 4066 3007 4130 misisti,
3023 4063 3205 4119 Jesum
3233 4062 3520 4119 Christum.
3539 4064 3700 4120 Ordo

2094 4158 2377 4211 verborum
2408 4165 2492 4209 est
2521 4156 2623 4211 iste
2652 4156 2758 4209 :‘Et
2782 4171 2943 4225 quem
2971 4155 3161 4209 misisti
3186 4153 3371 4210 Jesum
3400 4154 3695 4210 Christum

2094 4255 2421 4318 cognoscant
2469 4248 2643 4302 solum
2695 4263 2885 4302 verum
2937 4247 3128 4301 Deum.
3228 4244 3393 4300 Plena
3442 4246 3698 4315 cognitio

2096 4339 2189 4395 Dei
2232 4339 2425 4403 Patris,
2477 4347 2534 4395 et
2577 4338 2724 4404 Filii,
2774 4348 2830 4394 et
2873 4338 3108 4408 Spiritus
3151 4338 3350 4402 sancti,
3397 4336 3556 4407 plena
3600 4347 3699 4391 est

2096 4438 2151 4482 et
2199 4428 2438 4498 perfecta
2483 4429 2596 4484 vita
2646 4437 2849 4484 aeterna
2877 4469 2893 4494 ,
2956 4443 3165 4483 summa
3236 4427 3513 4483 beatitudo
3564 4437 3692 4492 est;

2099 4533 2307 4571 summa
2338 4518 2613 4572 beatitudo
2651 4533 2758 4572 non
2791 4527 2875 4572 est
2904 4519 3007 4573 nisi
3044 4519 3099 4572 in
3133 4519 3243 4572 vita
3280 4526 3515 4583 aeterna;
3561 4516 3698 4572 ideo

2098 4607 2234 4661 dixit
2260 4624 2272 4658 :
2303 4606 2430 4662 "(BC
2455 4617 2530 4662 est
2554 4609 2657 4663 vita
2684 4617 2903 4672 eterna,
2951 4618 3007 4663 ut
3036 4618 3348 4680 cognoscant
3370 4618 3420 4663 te
3455 4618 3505 4661 et
3529 4624 3695 4678 quem

2100 4699 2307 4763 misisti,
2333 4698 2516 4753 Iesum
2537 4697 2824 4766 Christum,
2854 4699 3026 4754 solum
3049 4710 3099 4754 et
3124 4716 3297 4753 verum
3319 4699 3506 4753 Deum.

2174 4790 2285 4861 Ego
2311 4789 2596 4859 clariﬁcan
2629 4801 2679 4845 te
2700 4808 2857 4862 super
2889 4802 3123 4846 terram:
3156 4808 3286 4861 opus
3326 4790 3697 4844 consummavi

2096 4882 2236 4953 quod
2261 4882 2449 4936 dedisti
2477 4882 2603 4935 mihi
2630 4892 2684 4935 ut
2711 4881 2925 4951 faciam.
2958 4881 3098 4950 Quid
3124 4890 3209 4936 est
3232 4881 3376 4950 quod
3405 4880 3699 4949 pmterito

2099 4981 2341 5040 tempore
2373 4972 2566 5041 posuit,
2604 4970 2891 5039 clariﬁcavi
2922 4979 2976 5024 et
3007 4971 3382 5035 consummavi,
3410 4978 3467 5024 et
3495 4969 3702 5024 statim

2096 5061 2378 5129 subjunxit
2406 5059 2571 5114 futuri
2604 5061 2860 5129 temporis
2890 5060 3136 5123 verbum,
3161 5059 3383 5128 faciam,
3404 5059 3510 5114 nisi
3536 5059 3705 5129 quod

2098 5155 2277 5208 omnia
2306 5155 2415 5209 Deo
2446 5164 2568 5209 sunt
2602 5157 2885 5225 praesentia
2917 5163 2975 5209 et
3012 5156 3065 5208 in
3102 5154 3285 5209 divina
3328 5153 3707 5225 pradestina-

2107 5245 2249 5297 tione
2296 5244 2475 5298 futura
2517 5245 2670 5314 quasi
2722 5253 2993 5300 transacta
3036 5260 3157 5300 esse
3203 5244 3471 5300 credenda
3515 5244 3711 5299 sunt?

2105 5334 2257 5401 Quod
2300 5336 2443 5389 enim
2486 5335 2727 5391 futurum
2773 5336 2876 5390 fuit
2927 5344 2985 5391 ut
3032 5336 3227 5401 ﬂeret,
3284 5337 3386 5391 hoc
3430 5337 3480 5390 ci
3527 5337 3713 5403 quasi

2105 5436 2438 5482 transactum
2479 5426 2596 5482 fuit.
2645 5427 2756 5497 Ego
2780 5436 2830 5482 te
2869 5426 3176 5496 clarificavi.
3236 5427 3401 5495 Quasi
3433 5427 3712 5495 dixisset,

2104 5517 2217 5586 Ego
2266 5527 2319 5572 te
2364 5517 2672 5573 clariﬁeaho
2714 5519 3116 5587 prtedicationis
3160 5518 3363 5589 gloria,
3413 5531 3577 5585 quam
3635 5518 3713 5575 in

2104 5607 2381 5675 discipulis
2410 5607 2547 5663 meis
2572 5614 2685 5661 toto
2716 5608 2915 5663 mundo
2941 5606 3192 5674 eﬂleiam,
3233 5607 3360 5661 dum
3389 5619 3524 5670 opus
3550 5619 3727 5660 con-—
