3962 6180
278 208 390 261 ³933

1358 200 1667 258 ῙΙΟΜΙΜᾹΞ
1704 199 1772 256 lN
1810 199 2058 254 EVANG.
2100 199 2185 255 ET
2226 201 2443 256 EPIST.

3439 201 3550 263 230

292 321 565 382 summabo
589 320 863 391 passionis
889 333 1021 375 mere
1050 326 1105 372 et
1134 317 1570 383 resurrectionis,
1595 316 1739 387 quod
1772 317 1865 371 de-
1888 319 1937 375 Α
1966 327 2118 367 meus
2159 329 2236 376 es,
2269 315 2412 385 quod
2442 329 2639 369 nomen
2671 313 3005 371 manil‘estari
3056 329 3163 371 non
3214 324 3392 386 potest
3435 320 3551 375 sine

291 414 411 471 disti
440 412 571 467 mihi
602 418 662 465 ut
689 409 913 465 faciam.

355 505 425 560 Et
449 521 585 558 nunc
609 519 740 557 vero
763 501 999 571 clariﬁca
1026 516 1103 554 me
1130 508 1207 564 tu,
1236 498 1412 553 Pater.
1439 497 1865 571 Dicendoenim,

291 608 334 651 te
354 594 643 665 clariﬁcaei
672 609 831 662 super
856 602 1071 656 terram,
1103 606 1162 645 se
1196 607 1227 643 a
1260 589 1422 644 Patre
1451 589 1590 659 apud
1617 590 1866 642 eumdem

290 685 502 739 Patrem
547 682 829 753 postulans
871 680 1308 743 clariﬁcandum,
1364 681 1577 734 modum
1626 680 1869 750 profecto

289 778 570 846 utriusque
617 772 1023 830 clariﬁeationis
1073 772 1342 827 ostendit:
1370 771 1482 841 ipse
1527 771 1725 840 quippe
1769 770 1869 824 Pa-

289 877 423 921 trem
466 862 795 920 clariiicavit
843 877 1006 932 super
1032 871 1253 924 terram,
1291 876 1412 915 eum
1448 860 1696 929 gentibus
1732 877 1869 930 prm—

287 955 556 1019 dicando;
595 952 761 1008 Pater
800 966 934 1006 vero
983 952 1157 1020 ipsum
1210 950 1351 1019 apud
1404 952 1750 1019 semetipsum
1800 951 1867 1005 ad

284 1062 437 1102 suam
463 1046 746 1101 dexteram
768 1041 1097 1097 collocando.
1126 1039 1430 1108 Subiunxit,
1453 1040 1690 1095 claritate
1711 1058 1867 1112 quam

289 1137 444 1190 habui
484 1134 628 1204 apud
655 1143 704 1186 te
725 1132 1027 1202 priusquam
1055 1132 1281 1184 mundus
1306 1130 1471 1199 ﬁeret.
1502 1129 1644 1185 Ordo
1673 1131 1867 1186 verbo-

287 1245 406 1283 rum
445 1238 554 1291 est,
596 1240 759 1295 quam
800 1223 963 1278 habui
1004 1223 1143 1292 apud
1187 1230 1238 1276 te
1276 1222 1590 1292 priusquam
1639 1225 1870 1279 mundus

286 1327 449 1374 esset.
490 1317 548 1370 in
589 1316 693 1370 hoc
729 1313 869 1368 valet
906 1311 1049 1381 quod
1085 1311 1183 1375 ait,
1222 1321 1269 1364 et
1312 1327 1449 1364 nunc
1491 1311 1725 1379 clari/ica
1765 1328 1866 1375 me,

286 1409 387 1463 hoc
413 1414 525 1470 est,
554 1405 695 1460 sicut
726 1411 873 1467 tunc,
909 1403 983 1457 ita
1016 1408 1070 1455 et
1108 1416 1280 1465 nunc;
1324 1401 1463 1455 sicut
1504 1411 1630 1455 tunc
1656 1402 1867 1469 przede-

287 1499 602 1560 stinatione,
635 1497 709 1550 ita
740 1511 886 1550 nunc
912 1494 1242 1565 perfectione
1268 1509 1280 1545 :
1307 1492 1391 1548 fac
1421 1493 1473 1546 in
1505 1491 1702 1545 mundo
1727 1493 1867 1562 quod

288 1592 430 1662 apud
475 1600 531 1645 te
569 1589 746 1643 fuerat
789 1598 913 1641 ante
950 1585 1232 1650 mundum,
1275 1587 1359 1640 l'ac
1400 1585 1452 1638 in
1493 1598 1591 1639 suo
1631 1592 1869 1653 tempore

1972 402 2112 456 illius
2151 403 2271 457 Filii
2314 403 2768 459 manifestatione.
2818 404 2953 458 Nam
3002 419 3131 459 vero
3181 404 3309 459 illud
3358 421 3555 462 nomen

1969 496 2112 565 quod
2143 496 2284 550 Dens
2321 505 2423 559 est,
2454 496 2585 550 nulli
2627 505 2832 550 natum
2866 497 3174 551 rationabili
3224 497 3555 567 incognitum

1970 589 2295 644 omnimodis
2321 604 2439 644 esse
2471 589 2696 658 putavit.
2751 589 2875 644 limo
2902 600 2981 643 est
3020 590 3162 644 enim
3201 605 3325 644 vere
3353 591 3436 645 vis
3470 589 3553 643 di-

1970 680 2236 743 vinitatis,
2281 687 2340 732 ut
2382 687 2651 733 creaturae
2699 680 2944 734 rationali
2994 696 3098 733 non
3142 681 3362 735 omnino
3405 682 3555 735 inco-

1970 770 2154 840 gnitus
2192 772 2364 840 possit
2406 772 2685 834 abscondi,
2729 772 2967 841 exceptis
3004 774 3213 843 paucis,
3266 775 3318 827 in
3359 775 3554 843 quibus

1972 870 2163 915 natura
2206 861 2487 916 rationalis
2527 862 2753 915 nimium
2792 863 3079 931 depravata
3110 872 3209 917 est.
3260 862 3554 933 Propemo-

1970 951 2098 1005 dum
2128 966 2317 1029 omInes
2341 960 2529 1021 gentes
2556 952 2721 1005 Deum
2749 966 2866 1006 esse
2894 950 3147 1011 fatentur.
3174 952 3297 1005 licet
3326 953 3553 1007 diversis

1970 1043 2244 1096 erroribus
2316 1058 2500 1097 verum
2559 1044 2725 1096 Deum
2792 1058 3087 1111 agnoscere
3167 1045 3548 1113 impediantur.

1968 1132 2122 1199 Quod
2147 1149 2279 1188 vero
2306 1134 2359 1188 in
2388 1134 2619 1189 Psalmis
2647 1134 2842 1205 legitur
2874 1153 2888 1191 :
2924 1135 3094 1189 Notus
3129 1137 3181 1189 in
3203 1137 3394 1191 ludam
3434 1146 3553 1192 tan-

1972 1216 2272 1289 tum'Deus,
2306 1225 2430 1294 quia
2478 1224 2715 1294 legitimo
2766 1224 2913 1279 cultu
2960 1230 3336 1281 tantummodo
3382 1229 3551 1283 Deum

1968 1329 2155 1367 verum
2215 1326 2576 1385 cognmerunt
2628 1323 2684 1369 et
2739 1314 3036 1369 coluerunt.
3138 1316 3207 1369 Et
3262 1334 3553 1372 sermonem

1968 1415 2115 1459 tuum
2149 1415 2498 1459 servaverunt.
2525 1404 2682 1459 Nunc
2711 1419 3057 1475 cognoverunt
3085 1406 3207 1477 quia
3244 1410 3415 1460 omnia
3435 1424 3553 1478 qua:

1970 1494 2156 1548 dedisti
2196 1495 2346 1559 mihi,
2390 1494 2480 1549 abs
2529 1504 2576 1549 te
2613 1505 2755 1549 sunt.
2798 1495 2852 1550 id
2891 1504 2993 1560 est,
3025 1505 3394 1566 cognoverunt
3422 1496 3554 1566 quia

1972 1585 2070 1638 abs
2116 1592 2167 1638 te
2216 1592 2345 1638 sunt
2381 1601 2393 1635 :
2431 1584 2590 1638 simul
2637 1585 2780 1638 enim
2807 1584 2968 1639 Pater
3018 1585 3166 1639 dedit
3214 1587 3393 1640 omnia
3428 1602 3550 1641 cum

286 1684 430 1752 quod
477 1691 607 1736 ante
653 1680 831 1734 omnia
880 1688 1118 1747 tempora
1165 1677 1422 1732 statuisti.
1469 1677 1733 1731 Convenit
1771 1691 1869 1729 nos
1898 1681 1943 1739 Β
1970 1676 2155 1745 genuit
2195 1690 2318 1729 eum
2366 1675 2455 1743 qui
2497 1674 2723 1730 haberet
2766 1676 2967 1740 omnia,
3014 1676 3155 1730 sicut
3202 1677 3253 1729 in
3282 1677 3552 1745 prioribus

286 1774 592 1843 intelligere
640 1771 695 1824 in
736 1769 838 1824 hoc
882 1768 999 1824 loco
1030 1768 1559 1837 praedestinationem
1607 1766 1870 1820 claritatis

289 1866 563 1926 humanae,
589 1876 709 1931 quae
738 1860 791 1913 in
819 1858 910 1913 illo
938 1867 1037 1919 est,
1073 1865 1279 1911 natura:
1308 1872 1375 1912 ex
1405 1856 1618 1910 mortali
1654 1856 1870 1909 immor-

290 1953 459 2009 talem
508 1952 653 2023 apud
674 1950 897 2005 Patrem
943 1948 1161 2013 futuras,
1205 1957 1261 2002 et
1294 1948 1397 2003 hoc
1438 1945 1551 2013 jam
1589 1945 1869 2017 pnedestl—

288 2047 472 2102 nando
521 2043 724 2100 factum
758 2043 927 2098 fuisse
971 2051 1256 2110 antequam
1301 2041 1531 2095 mundus
1554 2048 1700 2095 esset
1727 2038 1870 2108 quod

281 2134 341 2190 in
367 2135 579 2189 mundo
621 2133 784 2189 etiam
824 2147 924 2188 suo
960 2140 1200 2200 tempore
1244 2128 1416 2185 ﬁeret.
1442 2128 1600 2183 Sicut
1626 2128 1691 2183 de
1716 2128 1871 2185 nobis

283 2223 424 2278 dixit
446 2222 777 2293 Apostolus:
814 2220 960 2277 Sicut
986 2218 1133 2291 elegit
1164 2219 1218 2273 in
1252 2220 1365 2289 ipso
1397 2229 1517 2273 ante
1538 2218 1720 2273 mundi
1747 2235 1871 2274 con-

280 2315 632 2366 stitutonem.

349 2400 698 2471 Hanifestari
738 2410 921 2455 flamen
960 2410 1105 2454 tuum
1150 2399 1447 2454 hominibus
1469 2440 1484 2464 ,
1517 2416 1645 2471 quos
1679 2400 1871 2454 dedisti

279 2494 419 2546 mihi
447 2492 516 2546 de
538 2492 756 2546 mundo.
808 2492 963 2560 Quod
990 2506 1117 2564 ergo
1156 2489 1395 2546 laturus
1425 2500 1545 2545 erat
1567 2504 1666 2560 per
1689 2490 1872 2544 docto-

283 2597 370 2639 res
405 2591 628 2639 sanctos
660 2583 712 2638 in
740 2592 854 2638 toto
880 2583 1009 2637 orbe
1035 2590 1157 2653 post
1183 2581 1410 2649 gloriam
1453 2581 1869 2636 resurrectionis

276 2682 331 2726 et
384 2674 727 2729 ascensionis
773 2689 906 2738 sure,
956 2681 1011 2726 et
1057 2680 1177 2742 post
1224 2672 1460 2741 Spiritus
1514 2671 1686 2726 sancti
1731 2672 1867 2725 dona

271 2779 403 2833 qua
455 2766 508 2818 in
553 2762 842 2833 discipulos
892 2763 1064 2817 delata
1115 2771 1274 2827 sunt,
1321 2763 1422 2816 hoc
1463 2761 1619 2830 quasi
1666 2759 1868 2814 factum

273 2869 407 2910 esse
443 2855 599 2910 dixit.
629 2854 757 2908 Tale
796 2863 881 2910 est
920 2855 1023 2908 hoc
1066 2852 1223 2922 quale
1268 2861 1324 2907 et
1360 2851 1489 2907 illud
1526 2851 1669 2921 quod
1710 2849 1870 2920 paulo

271 2953 415 3000 ante
459 2945 597 2999 dixit
634 2944 805 3015 :‘Ego
854 2952 904 2997 te
947 2942 1235 3012 clariﬁcavi
1278 2958 1433 3013 super
1474 2951 1687 2996 terram.
1767 2942 1869 2994 Pro

1972 1764 2132 1834 hujus
2158 1763 2434 1833 Evangelii
2465 1764 2577 1831 ipse
2608 1763 2866 1818 Dominus
2898 1764 2973 1817 ait
3002 1763 3197 1835 :gSicut
3229 1767 3363 1818 enim
3390 1762 3554 1819 Pater

1967 1854 2121 1907 habet
2163 1854 2319 1907 vitam
2368 1854 2423 1907 in
2472 1854 2782 1923 semetipso,
2829 1854 2904 1907 sic
2948 1853 3089 1907 dedit
3128 1863 3176 1907 et
3202 1852 3343 1907 Filio
3389 1856 3552 1908 vitam

1968 1946 2156 2000 habere
2178 1946 2234 1998 in
2252 1944 2546 2014 semetipso.
2586 1944 2643 1998 Id
2673 1952 2774 2008 est,
2806 1945 2994 2016 genuit
3022 1944 3216 1999 Filium
3246 1945 3413 1999 vitam
3448 1946 3549 1999 ha-

1967 2034 2182 2089 bentem
2213 2035 2266 2089 in
2288 2035 2596 2104 semetipso.
2618 2033 2755 2100 Quia
2771 2035 2922 2089 verba
2942 2050 3057 2105 qua:
3080 2034 3269 2090 dedisti
3281 2035 3411 2089 mihi
3430 2035 3553 2090 dedi

1967 2125 2062 2186 eis,
2108 2137 2154 2178 et
2198 2124 2297 2194 ipsi
2341 2134 2667 2194 acceperunt.
2711 2123 2770 2179 Id
2818 2132 2917 2185 est.
2957 2124 3334 2181 intellexerunt
3389 2136 3557 2195 atque

1967 2220 2277 2269 tenuerunt.
2334 2212 2486 2268 Tune
2536 2215 2679 2268 enim
2730 2215 2957 2270 verbum
3015 2216 3283 2284 accipitur
3334 2218 3551 2285 quando

1968 2312 2150 2359 mente
2198 2303 2517 2374 percipitur,
2567 2312 2624 2359 et
2664 2314 2879 2360 tenetur
2919 2320 2986 2360 ne
3026 2306 3294 2362 oblivione
3339 2316 3553 2377 pereat.

1970 2392 2041 2446 Et
2082 2403 2454 2463 cognoverunt,
2498 2396 2695 2464 inquit,
2721 2412 2836 2450 rere
2867 2397 2990 2466 quia
3027 2413 3059 2450 a
3099 2404 3148 2450 te
3172 2397 3331 2460 exivi,
3359 2409 3406 2450 et
3434 2413 3555 2451 cre-

1969 2487 2213 2541 diderunt
2256 2487 2381 2557 quia
2426 2497 2481 2540 tu
2522 2504 2602 2542 me
2643 2488 2851 2542 misisti.
2905 2488 2972 2542 Et
3001 2488 3090 2543 hic
3120 2487 3553 2542 subaudiendum

1967 2586 2051 2633 est
2086 2594 2235 2641 vere;
2267 2578 2409 2647 quod
2451 2579 2595 2632 enim
2632 2579 2785 2642 dixit,
2818 2587 3165 2649 cognoverunt
3199 2595 3334 2643 vere,
3377 2594 3544 2647 expo-

1970 2682 2097 2721 nere
2142 2667 2310 2721 noluit
2354 2665 2692 2738 adiungendo
2738 2678 2786 2721 et
2826 2669 3174 2722 crediderunt.
3218 2667 3341 2723 Hoc
3369 2669 3548 2737 itaque

1968 2758 2316 2813 crediderunt
2337 2772 2463 2812 vere
2484 2757 2625 2827 quod
2647 2765 3014 2828 cognoverunt
3040 2773 3195 2823 vere;
3226 2758 3277 2812 id
3302 2759 3446 2812 enim
3467 2765 3550 2812 est

1969 2865 2001 2901 a
2025 2859 2073 2901 te
2093 2849 2246 2910 exivi,
2266 2848 2412 2917 quod
2447 2856 2549 2911 est,
2582 2857 2638 2901 tu
2674 2865 2755 2902 me
2783 2848 2987 2902 misisti.
3031 2847 3138 2903 Sed
3168 2857 3344 2904 tamen
3377 2849 3550 2903 adhuc

1970 2955 2075 2994 non
2100 2949 2254 2994 erant
2279 2941 2521 3010 discipuli
2545 2942 2678 2996 tales
2702 2941 2886 3010 quales
2906 2958 2998 2997 eos
3028 2942 3235 2998 futuros
3253 2959 3373 2998 esse
3396 2944 3548 3007 dicit,

271 3047 536 3108 tempore
579 3037 755 3093 futuro
798 3046 852 3093 et
898 3036 1004 3091 illic
1048 3045 1103 3091 et
1152 3037 1239 3091 hic
1285 3038 1618 3106 praeteritum
1659 3051 1865 3106 ponens
1893 3029 1936 3090 C
1966 3033 2149 3087 verbis
2200 3034 2456 3103 prmtcriti
2516 3035 2773 3103 temporis
2826 3050 2956 3089 usus
3004 3036 3159 3105 quasi
3215 3036 3324 3105 iam
3381 3044 3544 3100 esset,

270 3137 525 3198 tempus,
554 3127 694 3183 sicut
728 3127 820 3196 qui
862 3127 1026 3182 sciret
1060 3127 1500 3196 prrcdestinatnm
1543 3142 1661 3181 esse
1710 3136 1765 3180 ut
1814 3128 1864 3181 i.l

271 3217 467 3282 ﬁeret,
499 3226 555 3271 et
590 3217 706 3270 ideo
746 3215 937 3271 fecisse
966 3231 1024 3270 se
1052 3217 1236 3271 dicens
1265 3218 1406 3286 quod
1435 3224 1555 3271 erat
1599 3217 1713 3271 sine
1754 3217 1861 3271 ulla

266 3308 623 3364 dubitatione
645 3305 901 3361 facturus.
931 3304 1185 3376 Sequitur
1210 3324 1221 3358 :

339 3398 462 3451 Teii
497 3405 642 3451 erant
679 3407 726 3451 et
766 3396 890 3450 mihi
932 3413 1019 3451 eos
1057 3396 1280 3462 dedisti;
1319 3406 1365 3451 et
1401 3412 1686 3449 sermonem
1718 3405 1864 3450 tuum

267 3498 638 3542 servaverunt.
685 3488 841 3541 Nunc
876 3497 1220 3557 cognoverunt
1253 3487 1374 3557 quia
1411 3488 1584 3540 ovunia
1615 3503 1731 3557 qum
1769 3485 1862 3539 de-

226 3579 412 3645 ,disti
450 3579 597 3643 mihi,
620 3579 708 3633 abs
735 3587 783 3632 te
819 3590 939 3633 sunt
970 3596 988 3632 :
1017 3580 1140 3648 quia
1167 3579 1316 3632 verba
1343 3595 1461 3649 qua:
1484 3577 1673 3633 dedisti
1711 3579 1859 3644 mihi,

257 3651 406 3721 dedi
445 3668 556 3730 eis;
582 3677 628 3720 et
664 3668 764 3737 ipsi
800 3678 1108 3737 acceperunt
1141 3677 1186 3721 et
1222 3677 1570 3739 cognoverunt
1604 3683 1715 3722 vere
1738 3669 1861 3739 quia

265 3775 298 3809 a
333 3770 395 3811 te
432 3757 583 3818 afri,
616 3765 663 3811 et
694 3758 1023 3811 crediderunt
1056 3759 1180 3828 quia
1214 3767 1269 3811 tu
1303 3774 1384 3812 me
1425 3759 1631 3812 misisti.
1677 3759 1860 3824 Quan—

263 3863 451 3919 quam
489 3856 548 3902 et
587 3848 697 3904 hate
738 3848 919 3903 omnia
963 3849 1031 3904 de
1077 3850 1327 3904 omnibus
1372 3849 1568 3905 futuris
1618 3850 1861 3905 fidelibus

264 3942 380 3995 diri
422 3948 706 4009 potuerunt
727 3955 818 4009 spe
842 3938 1078 4010 perfecta
1105 3957 1225 3994 cum
1255 3942 1428 3995 adhuc
1453 3952 1632 3996 essent
1657 3941 1857 4004 futura,

267 4044 471 4085 tamen
500 4038 559 4084 et
595 4031 704 4085 haec
739 4032 1040 4102 specialiter
1067 4032 1133 4087 de
1162 4033 1439 4102 discipulis
1476 4033 1579 4086 dici
1617 4043 1854 4100 possunt,

264 4124 337 4177 ad
383 4136 531 4191 quos
572 4130 694 4176 tunc
730 4122 1144 4191 pmsentialiter
1191 4122 1530 4192 loquebatur.
1567 4122 1701 4190 Quia
1731 4122 1860 4177 illud

262 4211 431 4282 quod
455 4211 727 4279 sequitur:

338 4301 491 4355 Cum
541 4316 699 4354 essent
746 4317 861 4355 eum
900 4302 999 4367 eis,
1035 4318 1127 4372 ego
1160 4303 1425 4356 servabam
1458 4319 1544 4357 eos
1572 4303 1627 4356 in
1654 4302 1860 4355 nomine

1968 3123 2320 3189 pronuntians
2365 3122 2550 3193 quales
2595 3122 2757 3177 futuri
2806 3135 3018 3188 essent,
3069 3134 3290 3194 accepto
3340 3126 3547 3182 scilicet

1968 3206 2171 3278 Spiritu
2199 3218 2407 3273 sancto,
2425 3211 2516 3278 qui
2541 3225 2650 3273 eos,
2675 3211 2814 3266 sicut
2843 3213 3169 3282 promissum
3194 3222 3299 3279 est,
3326 3213 3547 3269 doceret

1965 3305 2143 3358 omnia
2178 3312 2232 3357 et
2262 3305 2540 3359 induceret
2566 3320 2660 3359 eos
2702 3306 2755 3359 in
2784 3321 2996 3362 omnem
3025 3307 3326 3361 veritatem.
3377 3306 3540 3363 Dedit

1964 3396 2043 3450 eis
2087 3398 2248 3451 verba
2277 3437 2291 3462 ,
2349 3397 2490 3450 sicut
2539 3398 2714 3462 dixit,
2764 3413 2885 3468 «tuae
2938 3399 3084 3453 dedit
3137 3400 3186 3452 ei
3217 3401 3394 3465 Pater,
3450 3401 3544 3456 sed

1965 3488 2179 3555 quando
2210 3485 2298 3540 illa
2336 3501 2443 3541 non
2477 3486 2607 3543 foris
2646 3488 2699 3541 in
2727 3489 2947 3543 auribus
2986 3491 3078 3542 sed
3111 3489 3253 3543 intus
3289 3490 3342 3544 in
3370 3491 3553 3544 cordi-

1964 3577 2063 3632 bus
2100 3578 2414 3646 spiritalitcr
2454 3587 2800 3647 acceperunt.
2839 3578 2990 3632 Tunc
3028 3594 3154 3632 vere
3195 3587 3539 3647 acceperunt.

1962 3667 2089 3735 quia
2128 3675 2254 3721 tunc
2281 3683 2408 3722 vere
2451 3676 2845 3738 cognoverunt;
2892 3683 3018 3722 vere
3059 3676 3237 3721 autem
3278 3683 3549 3737 cognove-

1963 3766 2110 3823 runt,
2143 3757 2269 3828 quia
2310 3772 2436 3811 vere
2478 3758 2844 3812 crediderunt.
2895 3757 3000 3814 Sed
3048 3760 3164 3814 haec
3210 3761 3374 3815 verba
3424 3778 3546 3832 qua:

1950 3850 2091 3905 dicit
2132 3848 2302 3903 Filius
2345 3848 2446 3902 sibi
2499 3849 2711 3902 Patrem
2749 3850 2982 3915 dedisse,
3032 3852 3077 3905 si
3129 3851 3195 3905 ad
3238 3851 3549 3909 Divinitatis

1961 3942 2221 3994 unitatem
2253 3938 2563 4009 intelligitur
2590 3940 2884 4009 pertinere,
2909 3956 2976 3995 eo
3009 3943 3165 3995 modo
3194 3943 3343 3997 dedit
3375 3945 3539 3999 verba

1952 4029 2122 4084 *Patcr
2150 4030 2302 4093 Filio,
2339 4044 2444 4098 quo
2473 4029 2656 4099 genuit
2688 4029 2920 4084 Verbum
2964 4040 3284 4085 eomtermun
3328 4031 3464 4098 sibi;
3496 4032 3543 4088 si

1961 4137 2093 4176 vero
2142 4122 2209 4176 ad
2253 4122 2641 4176 humanitatem
2682 4122 2924 4191 respicit,
2962 4124 3085 4192 quis
3123 4123 3370 4194 intelligit
3412 4139 3547 4194 qur-

1957 4213 2124 4267 modo
2152 4212 2410 4278 dedisset,
2441 4212 2526 4267 vel
2572 4213 2841 4282 quomodo
2889 4214 3185 4281 accepisset
3211 4213 3353 4269 Deus
3380 4215 3543 4269 homo

1961 4302 2137 4358 factus
2182 4318 2249 4357 ex
2297 4302 2532 4372 Virgine,
2585 4303 2798 4371 quando
2851 4303 3014 4356 etiam
3070 4303 3258 4371 ipsam,
3312 4319 3429 4373 qua:
3474 4302 3541 4359 de

266 4404 391 4445 τεο.
447 4389 593 4455 Quos
621 4389 806 4445 dedisti
846 4392 994 4456 mihi,
1039 4392 1330 4455 custodivi;
1385 4400 1431 4445 et
1477 4406 1626 4443 nemo
1671 4405 1736 4443 ea:
1779 4391 1859 4443 Itis
1886 4375 1937 4433 Ῐ)
1967 4394 2184 4465 Virgine
2242 4392 2383 4447 facta
2430 4400 2548 4457 est,
2608 4393 3009 4463 generationem
3057 4392 3179 4462 quis
3226 4395 3542 4449 enarrahit?

258 4480 436 4550 periit
484 4480 590 4534 nisi
613 4479 756 4549 ﬁlius
800 4482 1123 4549 perditionis.
1172 4480 1364 4536 ludam
1402 4481 1734 4553 signiﬁcans,
1766 4482 1860 4550 qui

264 4570 507 4626 tradidit
533 4585 677 4633 eum,
706 4571 795 4639 qui
826 4587 966 4626 unus
992 4570 1091 4625 fuit
1117 4571 1183 4626 de
1210 4571 1510 4633 duodecim,
1541 4569 1714 4638 magis
1735 4571 1861 4625 huic

258 4663 465 4719 sensui
499 4662 769 4725 convenit,
798 4671 855 4716 ut
890 4662 1146 4732 apostolis
1184 4662 1492 4732 specialiter
1521 4663 1634 4716 lucc
1675 4658 1863 4731 loque-

262 4763 453 4808 retur.
484 4752 683 4807 Deinde
707 4753 1008 4824 subiungit:

342 4845 517 4900 Nunc
540 4852 709 4897 autem
733 4844 802 4898 ad
828 4852 877 4897 te
902 4846 1064 4898 venio.
1092 4843 1223 4899 Cum
1253 4842 1596 4900 manifestum
1624 4853 1710 4899 est
1733 4857 1858 4898 eum

256 4933 333 4987 de
364 4932 641 5002 corporali
674 4947 769 4988 sua
794 4932 999 4988 dixisse
1027 4934 1333 5003 praesentia,
1377 4949 1494 4988 cum
1536 4947 1698 4987 essem
1739 4948 1857 4986 cum

257 5029 342 5081 eis
368 5041 469 5097 ego
489 5024 761 5080 servabam
782 5040 891 5089 eos,
914 5023 1079 5078 veluti
1098 5024 1211 5094 iam
1236 5040 1359 5080 cum
1382 5024 1463 5080 eis
1485 5040 1549 5080 ea
1576 5024 1859 5094 prazsentia

254 5132 387 5174 non
416 5122 577 5181 esset,
603 5129 669 5171 eo
691 5115 856 5171 modo
882 5115 1028 5169 enim
1058 5114 1367 5185 significare
1393 5112 1564 5169 voluit
1586 5113 1860 5168 ascensio-

256 5221 407 5263 nem
434 5220 558 5261 mox
599 5204 862 5268 futuram,
891 5203 961 5259 de
982 5219 1092 5273 qua
1115 5205 1283 5259 dicit:
1312 5203 1472 5259 Nunc
1501 5212 1677 5258 autem
1707 5202 1779 5256 ad
1807 5211 1857 5256 te

255 5298 450 5354 casio.
488 5294 665 5352 lturus
693 5297 885 5366 utique
920 5295 989 5348 ad
1019 5294 1298 5349 dexteram
1327 5293 1526 5358 Patris,
1560 5292 1701 5348 unde
1730 5307 1857 5348 ven—

260 5396 435 5442 torus
465 5396 546 5442 est
577 5391 646 5443 ad
678 5389 838 5442 vivos
874 5394 931 5441 et
965 5393 1208 5441 mor-tuos
1238 5384 1579 5452 iudicandos.
1628 5382 1859 5452 Manife-

252 5475 416 5533 »ιανί
442 5493 619 5533 nomen
652 5489 806 5531 tuam
831 5474 1153 5539 hominibus,
1180 5490 1309 5545 quos
1338 5473 1528 5529 dedisti
1556 5475 1706 5528 mihi.
1742 5472 1858 5528 Non

262 5568 411 5623 ium!
442 5584 627 5623 neuneu
653 5583 767 5639 quo
797 5566 939 5620 Deus
961 5580 1043 5629 es,
1071 5567 1163 5619 sed
1195 5566 1321 5620 illud
1349 5580 1541 5620 nomen
1568 5579 1677 5634 quo
1699 5563 1863 5620 Pater

1965 4482 2223 4552 Sequitur
2244 4499 2256 4535 :

2034 4575 2146 4645 Ego
2189 4590 2284 4644 pro
2327 4574 2402 4627 eis
2444 4589 2600 4643 rogo,
2648 4589 2752 4626 non
2790 4589 2884 4642 pro
2922 4572 3138 4638 mundo,
3186 4576 3277 4629 sed
3321 4592 3415 4645 pro
3457 4578 3540 4632 Itis

1961 4679 2090 4736 quos
2117 4662 2307 4717 dedisti
2333 4662 2480 4716 mihi.
2532 4662 2659 4718 Ilaac
2709 4664 2852 4717 enim
2901 4664 3038 4718 dixit
3082 4665 3225 4720 inter
3252 4666 3376 4733 alia,
3411 4668 3541 4723 dum

1963 4762 2146 4810 oraret
2189 4769 2290 4823 pro
2336 4754 2417 4808 eis
2462 4768 2599 4823 quos
2641 4754 2788 4809 dedit
2823 4755 2871 4809 ei
2899 4754 3082 4809 Pater.
3135 4755 3388 4811 Mundum
3426 4757 3541 4813 vult

1962 4844 2124 4899 modo
2164 4842 2406 4914 intelligi,
2445 4843 2535 4913 qui
2579 4844 2768 4898 vivunt
2811 4845 3102 4900 secundum
3152 4847 3539 4916 concupiscen-

1964 4934 2094 4987 tiam
2121 4933 2324 4997 mundi,
2348 4941 2404 4987 et
2435 4948 2540 4986 non
2568 4942 2694 4988 sunt
2720 4934 2771 4987 in
2797 4948 2859 4989 ea
2891 4934 3026 4989 forte
3049 4938 3242 5005 gratia,
3272 4945 3332 4991 ut
3357 4938 3424 4992 ab
3451 4937 3547 4994 illo

1963 5026 2231 5095 eligantur
2265 5041 2332 5080 ex
2363 5026 2580 5080 mundo.
2642 5025 2761 5081 Non
2812 5030 2992 5097 itaque
3036 5045 3134 5098 pro
3173 5031 3392 5094 mundo,
3446 5032 3542 5088 sed

1963 5131 2063 5185 pro
2104 5116 2185 5171 eis
2225 5130 2360 5186 quos
2382 5116 2544 5171 Pater
2593 5118 2738 5173 dedit
2784 5135 2973 5191 rogare
3022 5136 3080 5175 se
3109 5122 3258 5175 dicit.
3308 5121 3412 5177 Per
3437 5122 3540 5177 hoc

1958 5206 2104 5261 enim
2131 5207 2274 5276 quod
2319 5220 2412 5261 eos
2458 5205 2532 5261 illi
2560 5206 2722 5262 Pater
2761 5205 2878 5276 jam
2927 5210 3096 5276 dedit,
3135 5211 3331 5267 factum
3362 5220 3447 5266 est
3478 5218 3542 5267 ut

1959 5310 2067 5349 non
2092 5295 2395 5364 pertineant
2424 5296 2489 5349 ad
2518 5312 2640 5351 eum
2678 5299 2933 5352 manium
2965 5316 3064 5370 pro
3090 5316 3196 5370 quo
3226 5316 3330 5354 non
3358 5308 3535 5367 rogat.

1962 5389 2166 5443 Deinde
2209 5387 2504 5458 subiungit,
2528 5391 2652 5459 quia
2676 5392 2753 5444 tui
2798 5400 2938 5444 sunt.
2988 5390 3173 5460 Neque
3222 5391 3366 5450 enim
3407 5390 3539 5460 quia

1961 5479 2123 5534 Pater
2150 5495 2245 5535 eos
2280 5480 2416 5535 Filio
2445 5481 2606 5544 dedit,
2644 5482 2825 5536 amisit
2872 5484 2984 5552 ipsc
3022 5498 3158 5552 quos
3204 5481 3367 5544 dedit,
3411 5495 3544 5537 cum

1965 5568 2141 5622 adhuc
2163 5566 2328 5623 Filius
2384 5577 2643 5638 sequatur
2687 5584 2751 5624 ac
2795 5571 2940 5625 dicat
2964 5586 2978 5625 :
3002 5570 3069 5623 Et
3102 5586 3216 5623 mea
3241 5569 3416 5625 omnia
3446 5577 3546 5627 tua
