3962 6180
404 215 504 277 931

1033 218 1093 270 Β.
1139 214 1386 269 RABANI
1427 213 1647 269 MAURI
1686 213 2005 269 ARCHIEP.
2049 211 2357 269 MOGUNT.
2401 210 2684 268 OPERUM
2726 212 2904 268 PARS
2944 214 3005 270 ll.

3565 219 3672 274 232

403 342 546 397 sunt,
581 341 629 385 et
666 344 759 386 tua
799 345 946 390 mea;
991 327 1080 381 “iii
1130 327 1261 381 satis
1296 333 1519 395 apparet
1545 324 1815 393 quomodo
1848 324 1992 378 unici
2027 330 2074 387 Α
2171 322 2371 390 Quibus
2408 334 2457 378 et
2487 326 2704 395 prwbuit
2752 329 2978 397 seipsum
3028 335 3194 382 vivum
3228 340 3343 397 post
3381 334 3677 403 passionem

406 421 525 475 Filii
569 429 697 474 sunt
728 419 908 473 omnia
940 434 1059 488 qua:
1101 426 1228 471 sunt
1276 417 1485 480 Patris;
1524 431 1622 485 per
1652 416 1755 470 hoc
1798 417 1987 485 utique

404 518 546 582 quod
573 513 735 565 etiam
767 512 879 578 ipse
903 512 1042 563 Deus
1066 519 1168 571 est,
1197 518 1251 562 et
1280 509 1346 561 de
1368 507 1525 560 Patre
1546 506 1692 560 Patri
1719 515 1802 560 est
1828 515 1987 561 natus

405 604 643 673 mqualis.
694 601 804 655 Hoc
834 603 977 654 enim
1006 602 1205 655 dictum
1236 609 1319 653 est
1345 600 1408 653 de
1439 610 1621 654 sancta
1660 609 1715 653 et
1746 599 1985 653 rationa-

408 696 496 749 bili
540 704 808 755 creatura,
839 709 1000 761 quam
1030 694 1191 763 elegit
1218 694 1360 746 Deus
1400 702 1455 746 et
1492 707 1610 761 qutc
1650 692 1864 746 subdita
1903 701 1987 746 est

407 788 550 841 Patri
581 796 631 840 et
660 787 814 845 Filio.
844 796 899 840 et
920 785 1204 854 aequaliter
1233 795 1358 839 sunt
1387 784 1559 838 Patris
1587 793 1640 837 et
1671 783 1810 837 Filii.
1863 782 1986 838 Haec

406 892 533 947 ergo
571 891 693 930 cum
726 876 795 930 sit
832 876 925 929 Dei
958 875 1155 938 Patris,
1203 891 1309 928 non
1363 873 1522 928 simul
1576 883 1720 927 esset
1752 883 1805 927 et
1836 873 1981 937 Filii,

407 971 503 1022 nisi
533 968 682 1023 Patri
714 968 879 1021 Filius
905 977 1049 1022 esset
1075 968 1315 1036 aequalis.
1374 966 1482 1021 Nec
1509 966 1590 1019 fas
1619 976 1702 1020 est
1730 975 1789 1019 ut
1814 965 1986 1020 sancti

404 1062 468 1113 de
495 1061 690 1127 quibus
726 1059 843 1113 huic
866 1058 1076 1112 locutus
1104 1067 1186 1112 est
1211 1055 1530 1125 cujusquam
1574 1055 1707 1118 siat,’
1738 1055 1840 1109 nisi
1869 1055 1988 1124 ejus

404 1170 431 1203 u
462 1167 569 1219 quo
594 1151 763 1205 creati
791 1159 846 1204 et
871 1149 1193 1203 sanctiﬁcati
1221 1158 1365 1203 sunt.
1410 1148 1551 1217 Ergo
1580 1162 1700 1200 cum
1732 1156 1782 1201 et
1810 1145 1988 1199 Patris

404 1253 455 1293 ct
501 1241 619 1294 Filii
666 1248 822 1304 sunt,
871 1239 1107 1307 azquales
1149 1252 1271 1293 esse
1316 1238 1708 1299 demonstrant,
1754 1249 1986 1304 quorum

404 1332 683 1399 :equalitcr
715 1338 860 1384 sunt.
910 1329 974 1381 Et
1009 1327 1328 1396 clariﬁcatus
1384 1342 1522 1389 sum,
1569 1325 1762 1395 inquit,
1803 1327 1856 1378 in
1889 1325 1987 1381 eis.

407 1421 556 1474 Nunc
583 1437 735 1475 suam
765 1420 1230 1484 clariﬁcationem,
1261 1428 1516 1486 tanquam
1549 1416 1687 1471 facta
1715 1417 1805 1481 sit,
1836 1416 1986 1482 dicit,

405 1529 527 1568 cum
570 1516 744 1568 adhuc
785 1523 928 1568 esset
964 1511 1160 1566 futura.
1195 1511 1259 1565 Et
1294 1510 1619 1578 clari/iectus
1644 1525 1759 1562 sum
1807 1510 1860 1561 in
1890 1509 1984 1562 eis.

406 1605 458 1657 Id
489 1616 590 1668 est,
619 1620 714 1674 per
742 1619 927 1658 eorum
956 1602 1389 1672 praedicationem
1422 1600 1753 1655 clariﬁcatus
1782 1616 1901 1655 sum
1932 1600 1985 1653 in

2087 431 2238 469 suam
2282 414 2337 469 in
2381 415 2558 470 multis
2610 420 2969 486 argumentis,
3022 435 3115 488 per
3160 419 3273 473 dies
3324 421 3679 493 quadraginta

2087 524 2343 577 apparens
2367 507 2460 570 eis,
2494 517 2545 561 et
2574 508 2788 579 loquens
2815 510 2877 564 de
2904 527 3060 580 regno
3088 511 3202 565 Dei.
3241 511 3346 566 Per
3372 513 3512 569 hanc
3537 527 3680 585 qua-

2088 595 2339 666 draginta
2383 597 2594 653 dierum
2629 614 2753 652 cum
2787 600 3064 668 discipulis
3096 604 3565 660 conversationem
3598 606 3677 662 si-

2088 686 2309 758 gniﬁcat
2350 690 2532 744 omnia
2574 705 2650 756 se,
2703 701 2810 745 tam
2855 704 3039 762 aperta
3086 710 3246 763 quam
3296 696 3527 758 occulta,
3555 711 3681 766 qur

2087 779 2414 848 promiserat
2449 779 2826 850 impleturum;
2866 784 3015 837 etde
3054 783 3236 838 multis
3274 785 3355 839 vcl
3394 802 3559 841 unum
3593 788 3682 841 eii-

2088 854 2277 924 camus
2306 871 2449 938 quod
2483 869 2560 923 ait
2595 888 2608 923 :
2665 869 2798 924 Ecce
2843 889 2934 941 ego
2979 874 3241 927 vobiscum
3280 891 3395 928 sum
3438 877 3680 931 erunibus

2088 957 2269 1012 diebus
2298 974 2459 1028 usque
2480 959 2551 1012 ad
2578 963 3085 1015 consummationem
3115 963 3317 1017 saculi.

2161 1049 2229 1103 Et
2262 1066 2588 1117 convescens,
2611 1055 2852 1123 prtrcepit
2880 1055 2955 1107 eis
2978 1055 3042 1107 ab
3067 1053 3445 1125 Hierosolymis
3478 1074 3539 1110 ne
3567 1057 3684 1113 dis-

2086 1140 2360 1205 cederent,
2427 1141 2520 1195 sed
2587 1153 2940 1212 exspectarent
3008 1145 3408 1213 promissionem
3471 1146 3671 1201 Patris.

2089 1231 2246 1299 Quod
2290 1233 2442 1288 cibos
2487 1249 2611 1290 cum
2662 1234 2941 1305 discipulis
2990 1238 3244 1306 sumpsit,
3275 1237 3378 1292 hoc
3405 1238 3524 1292 ideo
3550 1237 3681 1294 fecit

2090 1327 2149 1373 ut
2194 1321 2466 1389 eamdem,
2511 1336 2673 1392 quam
2723 1332 2966 1377 mortuus
3014 1326 3386 1392 suscitaverat,
3432 1344 3677 1396 carnem,

2090 1407 2358 1478 palpando
2408 1416 2574 1482 atque
2621 1414 2903 1468 tractando
2951 1429 3138 1469 veram
3182 1427 3531 1474 monstraret.
3578 1419 3681 1476 Se—

2089 1499 2309 1568 quitur:

2161 1586 2334 1655 Quam
2368 1589 2615 1654 audistis,
2655 1592 2850 1661 inquit,
2876 1611 2968 1663 per
2993 1611 3049 1649 os
3073 1612 3263 1658 meum,
3288 1598 3413 1668 quia
3439 1600 3677 1653 Joannes

409 1705 516 1748 toto
563 1669 777 1749 mundo.
829 1695 895 1747 Et
943 1669 1067 1764 quia
1114 1694 1556 1763 prmdcstinatum
1593 1701 1768 1746 estut
1811 1691 1984 1757 ﬁeret,

2100 1678 2303 1749 quidem
2354 1679 2632 1750 baptizavit
2678 1699 2845 1752 aqua,
2914 1700 3001 1737 vos
3059 1695 3234 1739 autem
3285 1686 3681 1757 baptizabimini

407 1800 611 1841 certum
640 1788 810 1842 voluit
841 1803 964 1843 esse
991 1788 1130 1856 quod
1153 1786 1391 1841 futurum
1414 1795 1532 1841 erat
1562 1802 1576 1839 :
1611 1785 1731 1839 ideo
1757 1795 1986 1854 praeter-

408 1877 463 1929 iti
510 1877 768 1946 temporis
810 1876 975 1930 verbo
1026 1890 1157 1930 usus
1202 1882 1306 1929 est.
1353 1873 1415 1928 Et
1455 1874 1596 1943 jam,
1641 1873 1836 1950 inquit,
1884 1889 1989 1926 non

406 1983 519 2020 sum
550 1967 604 2019 in
630 1966 847 2030 mundo,
871 1976 918 2018 et
954 1965 1008 2018 hi
1044 1966 1101 2018 in
1138 1964 1333 2018 mundo
1377 1973 1520 2017 sunt.
1574 1961 1857 2031 Signiﬁcat
1887 1961 1987 2016 ho~

413 2073 528 2111 ram
575 2073 680 2125 qua
725 2057 1053 2111 transiturus
1086 2064 1202 2109 erat
1242 2071 1308 2110 ex
1350 2056 1450 2109 hoc
1480 2054 1710 2119 mundo;
1745 2064 1799 2108 et
1822 2054 1989 2108 verbo

408 2147 691 2218 prmsenlis
715 2146 970 2214 temporis
988 2161 1118 2199 usus
1137 2152 1219 2198 est
1238 2159 1338 2214 pro
1361 2144 1563 2207 futuro,
1577 2144 1701 2211 quia
1718 2144 1860 2211 quod
1881 2143 1988 2197 cito

409 2247 527 2292 erat
566 2235 804 2289 futurum
842 2236 995 2304 quasi
1032 2234 1230 2289 factum
1266 2250 1386 2289 esse
1428 2233 1582 2289 dixit.
1627 2232 1779 2300 Quod
1807 2242 1988 2287 autem

409 2328 505 2392 ait,
533 2338 579 2380 et
616 2328 669 2380 lii
707 2337 825 2380 sunt
868 2328 919 2379 in
957 2327 1173 2390 mundo,
1214 2325 1481 2396 signiﬁcat
1508 2341 1603 2380 eos
1631 2325 1700 2379 ad
1733 2340 1868 2393 quos
1907 2324 1987 2377 lo-

408 2419 694 2487 quebatur,
740 2416 943 2469 tardius
977 2416 1207 2469 transire
1235 2431 1301 2469 ex
1343 2415 1445 2470 hoc
1470 2413 1693 2478 mundo,
1724 2413 1851 2467 dum
1901 2413 1990 2467 illo

407 2510 639 2561 abeunte
677 2522 740 2559 ex
773 2508 874 2560 hoc
917 2507 1137 2571 mundo,
1170 2521 1391 2561 necesse
1429 2513 1575 2561 esset
1603 2516 1663 2560 ut
1706 2505 1778 2559 illi
1817 2520 1989 2560 rema-

410 2606 620 2661 nerent,
651 2611 746 2665 per
772 2612 907 2666 quos
936 2598 1321 2665 praedicaretur
1358 2612 1554 2651 nomen
1590 2594 1707 2665 eius
1742 2605 1989 2651 sanctum

414 2691 465 2744 in
493 2692 710 2744 mundo.
738 2690 1150 2757 Prmvidensque
1171 2689 1298 2758 quid
1324 2703 1417 2742 eos
1439 2703 1653 2743 movere
1682 2696 1862 2758 posset
1898 2688 1991 2758 qui

412 2795 516 2832 non
543 2777 791 2832 audirent
820 2779 935 2831 btec
961 2793 1079 2845 quae
1102 2777 1362 2845 legerent,
1378 2777 1606 2846 adjecit:
1640 2775 1795 2830 Nunc
1817 2787 1991 2830 autem

410 2871 478 2922 ad
507 2879 556 2922 te
584 2869 749 2921 venio.
779 2867 1124 2921 Ascensionis
1152 2867 1375 2936 gloriam
1404 2866 1673 2936 designat,
1700 2881 1799 2936 per
1823 2881 1987 2935 quam

411 2961 651 3015 elevatus
690 2969 772 3015 cst
822 2960 983 3013 homo
1031 2975 1191 3027 super
1240 2959 1578 3014 altitudinem
1625 2959 1886 3013 cmlorum
1934 2967 1990 3012 et

411 3050 649 3104 omnium
696 3049 1058 3119 angelicarum
1110 3057 1434 3117 potestatum
1482 3048 1789 3118 dignitates,
1821 3049 1894 3102 ita
1934 3056 1992 3102 ut

414 3142 468 3195 in
499 3143 718 3196 dextera
745 3142 838 3196 Dei
867 3141 1044 3194 Patris
1088 3141 1464 3205 collocaretur,
1500 3141 1587 3194 ubi
1639 3150 1822 3195 manet
1869 3157 1990 3196 cum

413 3232 530 3301 ipso
579 3240 634 3286 et
665 3240 851 3301 regnat
881 3231 1042 3285 simul
1086 3247 1210 3286 cum
1242 3240 1427 3286 sancto
1452 3230 1655 3302 Spiritu
1683 3248 1822 3288 unus
1852 3234 1994 3288 Deus

413 3337 510 3393 per
531 3322 711 3377 omnia
737 3321 935 3376 saecula
963 3321 1306 3376 smeulorum.
1336 3322 1531 3377 Amen.

953 3432 1233 3489 HOMILIA
1271 3432 1453 3487 XLVI.

806 3520 860 3557 ΙΝ
899 3520 985 3557 DIE
1022 3519 1355 3558 ASCENSIONIS
1393 3519 1599 3558 υθιιιΝι.

727 3661 733 3665 _
773 3592 958 3646 Lectio
983 3594 1211 3646 Actuum
1249 3592 1635 3661 apostolorum.

486 3683 720 3739 Primum
742 3685 950 3756 quidem
975 3700 1262 3738 sermonem
1285 3684 1383 3753 feci
1407 3684 1471 3737 de
1494 3684 1755 3747 omnibus,
1777 3700 1805 3736 ο
1831 3683 1993 3738 Theo-

411 3778 567 3851 phile,
592 3795 707 3849 qua:
736 3778 884 3846 erepit
906 3776 939 3829 J
945 3794 1062 3830 esus
1090 3777 1262 3845 facere
1287 3786 1335 3830 et
1361 3779 1545 3831 docere
1577 3793 1740 3847 usque
1769 3778 1823 3830 in
1855 3779 1992 3831 diem

410 3885 513 3939 qua
552 3867 858 3936 pra’cipiens
896 3867 1144 3934 apostolis
1180 3884 1273 3935 per
1294 3866 1546 3938 Spiritum
1580 3882 1841 3935 sanctum,
1862 3886 1992 3939 quos

411 3957 584 4028 elegit,
612 3966 909 4022 assumptus
942 3965 1036 4020 est,
1064 3965 1167 4010 etc.

484 4046 656 4100 Lucas
683 4046 1030 4116 evangelista,
1067 4046 1265 4100 fratres
1295 4048 1420 4110 mei,
1444 4064 1534 4116 qut
1569 4065 1736 4103 unum
1765 4065 1833 4105 ex
1859 4065 1993 4120 qua-

416 4148 535 4192 tuor
558 4135 863 4207 Evangeliis
910 4136 1152 4206 scripsit,
1200 4137 1313 4205 ipse
1358 4138 1553 4192 librum
1593 4139 1822 4194 Actuum
1860 4156 1993 4210 apo-

412 4227 693 4290 stolorum,
723 4226 865 4281 unde
904 4240 1049 4280 nunc
1085 4241 1323 4295 praesens
1359 4225 1518 4281 lectio
1552 4230 1752 4293 sonuit,
1792 4230 1986 4285 edidit:

413 4318 503 4373 ubi
542 4325 596 4372 et
638 4318 890 4387 primitus
934 4317 997 4372 de
1037 4316 1226 4371 ultimo
1277 4318 1525 4374 convivio
1563 4322 1705 4389 quod
1732 4321 1990 4378 Dominus

414 4417 534 4479 post
588 4408 1040 4464 resurrectionem
1096 4424 1249 4463 suam
1293 4425 1415 4463 eum
1441 4410 1716 4480 discipulis
1745 4414 1858 4468 suis
1888 4415 1986 4469 ha-

416 4502 546 4563 buit,
592 4502 749 4555 simul
787 4511 843 4556 et
872 4502 938 4556 de
978 4503 1295 4557 ascensione
1331 4500 1446 4570 ejus
1480 4505 1547 4558 ad
1585 4506 1779 4559 caelum
1824 4523 1985 4576 quam

417 4591 574 4645 hodie
601 4590 954 4657 celebramus,
983 4594 1306 4647 mentionem
1344 4592 1493 4649 facit.
1523 4594 1814 4650 Exordium
1840 4599 1986 4652 enim

414 4680 582 4752 ipsius
607 4679 726 4734 libri
756 4680 829 4734 ita
855 4691 954 4735 est.
986 4679 1223 4736 Primum
1245 4685 1451 4754 quidem
1474 4701 1759 4739 sermonem
1786 4687 1904 4756 feci,
1934 4687 1986 4742 id

413 4778 517 4835 est,
548 4769 913 4840 Evangelium,
943 4771 1006 4824 de
1037 4789 1155 4826 omn
1181 4775 1294 4839 bus,
1335 4791 1365 4827 ο
1394 4775 1670 4844 Theophila
1713 4778 1984 4848 episcope,

418 4862 507 4932 qui
541 4863 679 4915 lmnc
714 4878 797 4915 me
833 4863 1024 4916 librum
1061 4863 1289 4916 Actuum
1338 4866 1701 4932 apostolorum
1751 4870 1991 4925 scribere

417 4951 584 5020 cogis,
634 4967 754 5019 quae
800 4953 964 5021 cmpit
1005 4952 1183 5016 Jesus,
1229 4953 1402 5020 primo
1452 4957 1601 5026 signa
1644 4962 1991 5015 monstrando

415 5045 497 5098 vel
523 5060 585 5097 ea
614 5060 732 5113 quae
767 5044 833 5096 ad
864 5046 1105 5115 exempla
1153 5048 1274 5100 vita:
1312 5050 1688 5117 pertinebant,
1734 5053 1911 5107 facere
1937 5062 1994 5108 et

415 5144 596 5206 postea
642 5137 835 5189 docere
870 5155 882 5189 :
913 5138 1035 5204 quia
1061 5136 1239 5202 Jesus,
1271 5140 1467 5194 bonum
1513 5141 1784 5196 doctorem
1835 5143 1990 5198 insti-

416 5234 592 5290 tuens,
635 5225 777 5279 nulla
826 5227 927 5279 nisi
977 5245 1095 5295 qua:
1140 5229 1323 5282 docuit
1372 5230 1517 5292 fecit,
1570 5250 1731 5303 usque
1765 5235 1819 5288 in
1852 5236 1991 5290 diem

414 5332 517 5386 qua
547 5318 855 5385 prwcipiens
884 5319 1132 5387 apostolis
1173 5336 1264 5389 per
1287 5320 1548 5388 Spiritum
1571 5336 1830 5387 sanctum,
1862 5343 1990 5397 quos

413 5409 584 5479 elegit,
613 5419 909 5479 assumptus
937 5420 1032 5472 est,
1056 5409 1190 5463 dans
1217 5422 1481 5481 praecepta
1508 5423 1634 5469 ante
1663 5417 1990 5486 assumptio-

415 5517 538 5557 nem
570 5504 860 5557 observare
902 5512 957 5556 et
992 5502 1287 5571 adimplere
1326 5519 1444 5573 qum
1482 5507 1565 5560 vel
1617 5507 1671 5562 in
1712 5508 1815 5562 hoc
1855 5509 1991 5566 libro

418 5589 500 5647 vel
530 5590 580 5644 iu
608 5591 912 5662 Evangeliis
946 5592 1211 5663 leguntur.

2094 1767 2299 1839 Spiritu
2335 1780 2551 1836 sancto,
2589 1789 2693 1827 non
2731 1784 2845 1844 post
2886 1776 3079 1831 multos
3124 1777 3218 1832 hos
3263 1778 3396 1833 dies.
3438 1778 3683 1836 Fuerunt

2091 1871 2269 1912 autem
2312 1858 2425 1928 jam
2477 1862 2706 1929 apostoli
2766 1878 2905 1932 aqua
2960 1864 3237 1934 baptizati,
3299 1867 3392 1921 sed
3439 1869 3680 1922 nondum

2092 1936 2298 2017 Spiritu
2349 1959 2536 2006 sancto
2589 1951 2843 2022 pleniter,
2896 1955 2988 2023 qui
3035 1956 3116 2010 eis
3176 1957 3508 2026 promittitur
3552 1969 3684 2029 post

2089 2037 2459 2093 ascensionem
2494 2038 2638 2093 illam
2679 2040 2912 2095 futurus.
2952 2041 3135 2112 Neque
3175 2052 3358 2098 autem
3397 2045 3498 2114 ipsi
3542 2061 3682 2115 apo-

2090 2124 2234 2191 stoli,
2268 2141 2443 2196 neque
2482 2142 2827 2183 successores
2853 2144 3058 2195 eorum,
3095 2131 3370 2202 hucusque
3413 2134 3464 2188 iu
3492 2133 3687 2189 Eccle-

2090 2218 2171 2274 sia
2209 2218 2369 2273 aliter
2404 2234 2565 2288 quam
2599 2216 2833 2275 Joannes
2857 2221 3127 2291 Baptista,
3173 2224 3226 2277 id
3270 2233 3377 2288 est,
3416 2224 3470 2279 in
3513 2240 3681 2295 aqua,

2091 2310 2369 2379 baptizare
2414 2311 2697 2379 valebant,
2752 2316 2846 2368 sed
2899 2324 3098 2380 tamen,
3159 2317 3408 2371 invocato
3459 2318 3687 2371 nomine

2089 2398 2322 2467 Christi,
2382 2403 2540 2458 adest
2576 2405 2803 2460 interior
2833 2407 3004 2461 virtus
3042 2406 3277 2477 Spiritus
3314 2409 3515 2472 sancti,
3557 2424 3686 2478 quae

2091 2490 2362 2573 hominem
2410 2492 2465 2546 in
2510 2508 2650 2562 aqua
2706 2497 2998 2566 mergendo
3065 2498 3455 2567 baptizatorum
3514 2499 3684 2554 simul

2092 2581 2301 2637 animas
2327 2590 2384 2637 et
2409 2598 2634 2654 corpora
2664 2586 2931 2656 puriﬁcet,
2964 2591 3105 2659 quod
3142 2592 3195 2644 in
3222 2588 3445 2646 Joannis
3472 2590 3684 2660 baptis-

2093 2679 2237 2724 mate
2264 2688 2368 2726 non
2396 2672 2579 2728 ﬁebat.

2163 2760 2336 2830 Igitur
2361 2764 2451 2833 qui
2484 2776 2847 2829 convenerant,
2892 2769 3281 2839 interrogabant
3316 2787 3455 2837 eum,
3499 2772 3684 2826 dicen-

2093 2859 2166 2904 tes
2196 2851 2494 2919 :Domine,
2542 2855 2586 2907 si
2645 2857 2699 2909 in
2746 2867 2972 2928 tempore
3025 2860 3123 2914 hoc
3177 2863 3411 2916 restitues
3463 2881 3686 2933 regnum

2095 2939 2285 2994 Israel.
2320 2940 2727 3014 Consequenter
2775 2948 2841 3002 de
2887 2965 3054 3019 regno
3098 2951 3193 3005 Dei
3231 2964 3683 3021 percunctantur,

2019 3017 2063 3077 C
2095 3037 2273 3084 utrum
2301 3031 2549 3087 videlicet
2596 3050 2721 3089 mox
2755 3017 3072 3113 adveniente
3120 3017 3325 3110 Spiritu
3368 3052 3576 3109 sancto,
3625 3017 3683 3100 in

2095 3120 2351 3185 praesenti
2398 3130 2542 3176 esset
2580 3125 2996 3194 restituendum,
3041 3145 3110 3185 an
3151 3132 3207 3186 in
3253 3131 3434 3188 futuro
3471 3137 3686 3191 sanctis

2094 3210 2479 3264 reservandum
2508 3212 2749 3270 credere.
2788 3214 2939 3270 Dixit
2985 3227 3159 3273 autem
3193 3222 3310 3274 eis:
3336 3220 3460 3277 Non
3489 3233 3565 3277 est
3593 3241 3686 3278 ve-

2092 3306 2259 3353 strum
2298 3316 2446 3356 nosse
2474 3312 2707 3373 tempora
2755 3316 2803 3360 et
2849 3320 3133 3373 momenta,
3159 3327 3279 3380 qua:
3312 3309 3475 3367 Pater
3504 3316 3686 3383 posuit

2093 3388 2147 3440 in
2180 3405 2281 3442 sua
2331 3399 2602 3461 potestate.
2652 3394 2902 3451 Ostendit
2941 3399 3068 3466 quia
3108 3414 3215 3454 non
3262 3402 3480 3471 expedit
3522 3404 3687 3460 nobis

2094 3494 2253 3534 nosse
2281 3482 2600 3539 mortalibus
2634 3486 2777 3542 diem
2798 3491 3101 3547 vocationis
3132 3503 3353 3559 nostrae,
3378 3504 3436 3549 ut
3463 3511 3687 3566 semper

2098 3570 2286 3625 incerti
2311 3572 2375 3627 de
2401 3574 2632 3629 adventu
2656 3576 2874 3645 judicis,
2908 3581 2981 3634 ita
3006 3581 3235 3639 sollicite
3255 3586 3495 3654 quotidie
3524 3588 3684 3643 viva-

2096 3675 2235 3725 mus,
2292 3664 2446 3732 quasi
2503 3664 2589 3720 die
2647 3668 2743 3724 illa
2806 3670 2876 3724 ad
2922 3668 3184 3739 judicium
3246 3691 3537 3746 properare
3589 3680 3666 3736 de

2093 3751 2337 3805 beamus.

2167 3841 2273 3897 Sed
2307 3845 2595 3915 accipietis,
2622 3849 2818 3918 inquit,
2860 3852 3101 3908 virtutem
3125 3858 3528 3926 supervenientts
3550 3859 3688 3929 Spi-

2095 3935 2225 3987 ritus
2250 3938 2417 3990 sancti
2444 3938 2499 3990 in
2525 3956 2628 4003 vos,
2655 3951 2702 3995 et
2730 3943 2874 3996 eritis
2902 3945 3029 3998 mihi
3044 3956 3196 4001 testes
3226 3949 3282 4001 in
3319 3948 3682 4017 Hierusalem,

2093 4035 2139 4075 et
2170 4023 2224 4076 in
2249 4025 2390 4080 omni
2412 4025 2630 4093 Juda'a,
2660 4040 2710 4084 et
2746 4031 3015 4099 Samaria,
3054 4046 3103 4090 et
3138 4055 3297 4109 usque
3323 4040 3393 4093 ad
3432 4040 3684 4097 ultimum

2095 4122 2270 4167 terra.
2306 4115 2386 4170 Ac
2428 4117 2475 4172 si
2504 4118 2724 4184 diceret,
2761 4121 2875 4177 Non
2920 4126 3061 4179 enim
3110 4138 3300 4196 putare
3337 4130 3546 4185 debetis
3581 4147 3684 4188 ve-

2094 4204 2278 4259 niente
2313 4206 2365 4260 in
2412 4223 2509 4264 vos
2553 4209 2756 4281 Spiritu
2803 4225 3009 4281 sancto,
3059 4219 3245 4273 statim
3289 4220 3450 4290 hujus
3487 4224 3684 4278 mundi

2098 4293 2213 4349 ﬁeri
2256 4302 2795 4365 consummationem,
2831 4306 2927 4359 sed
2968 4307 3120 4364 vobis
3166 4318 3374 4365 tantum
3416 4312 3685 4368 virtutem

2016 4360 2068 4420 D
2096 4386 2163 4441 de
2194 4401 2280 4442 me
2303 4389 2624 4446 testiﬁcandi
2648 4360 2912 4463 prmbere.

2164 4498 2234 4554 Et
2253 4517 2370 4555 cum
2400 4502 2512 4557 hate
2548 4505 2788 4571 diaisset,
2817 4509 3103 4565 videntibus
3130 4511 3253 4576 illis,
3298 4513 3527 4569 elevatus
3554 4525 3640 4571 est
3660 4555 3679 4571 .

2092 4599 2141 4643 et
2168 4591 2327 4646 nubes
2348 4595 2572 4664 suscepit
2597 4611 2716 4649 eum
2749 4597 2813 4650 ab
2853 4599 3016 4653 oculis
3054 4618 3255 4656 eorum.
3288 4603 3498 4673 Ubique
3521 4620 3687 4662 crea-

2094 4688 2217 4734 tura
2244 4683 2477 4737 creatori
2504 4698 2603 4740 suo
2625 4694 2850 4755 prastat
2879 4688 3196 4758 obsequium
3221 4710 3234 4745 :
3259 4700 3403 4747 astra
3433 4694 3686 4752 indicant

2093 4781 2437 4838 nascentem,
2494 4775 2788 4845 patientem
2826 4779 3138 4845 obnubant,
3190 4783 3455 4851 recipiunt
3504 4785 3683 4843 nubes

2094 4864 2496 4931 ascendentem,
2528 4867 2840 4923 redeuntem
2862 4869 3206 4939 adjudicium
3247 4874 3683 4934 comitabuntur.

2164 4971 2233 5025 Et
2261 4989 2376 5028 ecce
2416 4976 2521 5028 duo
2569 4979 2666 5031 viri
2704 4979 2978 5034 astiterunt
2998 4982 3151 5050 juxta
3195 4982 3313 5038 illos
3356 4985 3413 5039 in
3450 4989 3684 5045 vestibus

2094 5064 2249 5127 albis,
2283 5064 2374 5133 qui
2397 5065 2473 5118 eis
2494 5065 2738 5121 dixerunt
2762 5082 2781 5119 :
2810 5067 2923 5121 Viri
2948 5068 3177 5136 Galiltei,
3198 5075 3325 5144 quid
3346 5077 3497 5128 statis
3525 5080 3682 5145 aspi-

2095 5154 2283 5207 cientes
2308 5155 2363 5208 in
2384 5153 2568 5208 caelum
2584 5157 2609 5208 Ρ
2632 5156 2732 5211 Hic
2759 5157 2915 5213 Iesus
2947 5163 3035 5230 qui
3061 5174 3354 5233 assumptus
3374 5175 3447 5218 est
3476 5183 3508 5217 a
3529 5168 3685 5222 vobis

2092 5245 2146 5296 in
2169 5245 2371 5307 caelum,
2403 5247 2478 5299 sic
2500 5245 2664 5300 veniet
2690 5251 3129 5319 quemadmodum
3163 5254 3364 5308 vidistis
3386 5271 3505 5307 eum
3541 5273 3683 5311 eun-

2091 5343 2192 5387 tem
2221 5334 2273 5387 in
2295 5336 2499 5389 cretum.
2525 5335 2583 5390 ld
2610 5346 2712 5402 est,
2743 5339 2795 5392 in
2820 5354 2882 5394 ea
2928 5340 3101 5396 forma
3127 5344 3306 5399 carnis
3344 5352 3505 5413 atque
3541 5347 3685 5401 sub~

2092 5423 2306 5477 stantia;
2333 5424 2512 5478 veniet
2534 5425 2895 5493 judicaturus,
2926 5429 2979 5483 in
3022 5445 3129 5499 qua
3153 5432 3303 5485 venit
3317 5431 3677 5501 iudicandus.

2094 5510 2201 5565 Nos
2224 5526 2352 5581 ergo
2379 5513 2555 5584 dignis
2595 5518 2839 5573 moribus
2878 5534 3160 5576 ascensum
3201 5523 3255 5577 in
3286 5523 3482 5578 omium
3511 5526 3686 5584 nobis

2092 5616 2470 5671 praeparemus,
2496 5613 2550 5659 et
2586 5608 2919 5678 peregrinari
2965 5625 3063 5665 nos
3088 5611 3143 5664 in
3189 5612 3294 5667 hac
3319 5614 3502 5668 mundi
3529 5615 3689 5671 valle
