3962 6180
285 497 660 562 “audiuntur,
707 510 817 550 non
867 494 1234 564 amplectenda
1284 501 1411 549 sunt
1464 492 1731 562 nequiter,
1783 489 1878 546 sed

284 585 635 656 despicienda
670 592 798 650 sunt
833 583 1064 640 fortiter.
1108 582 1254 648 Ideo,
1284 582 1620 639 dilectissimi
1651 580 1875 645 fratres,

282 676 329 729 si
354 674 659 729 ascendere
684 673 850 727 vultis
881 672 935 726 in
968 671 1190 736 etelum,
1222 671 1325 726 hoc
1366 671 1420 725 in
1451 685 1548 741 spe
1580 677 1765 723 nostra
1799 662 1878 721 in-

282 764 444 819 terim
474 763 838 827 roboremus;
873 761 925 816 in
949 758 1054 816 hoc
1099 759 1239 816 votis
1271 759 1523 815 omnibus
1560 767 1875 823 testuemus,

280 856 383 910 hoc
412 853 745 908 meditemur
779 852 833 906 in
878 851 1061 916 terris,
1089 850 1236 919 quod
1265 857 1642 920 computamur
1680 849 1735 903 in
1763 862 1879 904 cte-

278 947 366 1003 lis.
404 946 565 1011 Tunc
595 944 814 1000 exuturi
844 943 1025 999 carnis
1053 941 1405 1008 mortalitate,
1442 957 1585 997 nunc
1611 955 1874 996 exuamus

278 1039 525 1093 animum
556 1043 860 1100 vetustate;
906 1034 1064 1089 facile
1097 1036 1241 1089 enim
1270 1050 1469 1104 corpus
1511 1030 1779 1088 levabitur
1818 1032 1871 1086 in

276 1127 382 1183 alta
410 1128 707 1192 emtorum,
748 1127 793 1181 si
837 1141 944 1179 non
982 1131 1194 1196 premat
1223 1124 1475 1194 spiritum
1510 1122 1724 1178 sarcina
1747 1136 1874 1191 pec—

274 1230 550 1275 catorum.
582 1218 941 1289 Quapropter,
970 1215 1329 1279 dilectissimi,
1360 1215 1636 1283 erigamur
1658 1213 1726 1267 ad
1748 1226 1870 1265 eum

275 1313 369 1382 qui
394 1312 679 1381 pulverem
720 1319 922 1377 nostra:
955 1307 1275 1381 abjectionis
1300 1322 1496 1378 corpus
1523 1299 1652 1362 fecit
1685 1305 1870 1374 gloria:

270 1418 408 1467 sum,
439 1410 498 1456 et
520 1410 581 1455 ut
605 1399 938 1456 ascensionis
958 1398 1077 1469 ejus
1102 1412 1409 1453 mereamur
1435 1412 1554 1453 esse
1589 1404 1871 1451 consortes

270 1491 573 1546 humilitati
594 1498 653 1545 et
671 1490 942 1560 patientia:
970 1485 1257 1560 ipsiuspcr
1283 1489 1464 1544 omnia
1487 1503 1867 1558 congruamus.

268 1581 450 1653 Magni
490 1581 730 1649 nominis
772 1579 1033 1635 malitiam
1084 1578 1291 1651 [Forte,
1322 1576 1615 1649 militiam],
1658 1591 1868 1648 magnae

1362 281 1670 365 nouunt;
1710 282 1777 365 ιδ
1812 280 2072 338 EVANG.
2118 282 2206 339 ET
2247 282 2463 363 EPIST.
2558 362 2571 371 δ
2708 350 2723 371 λ

286 418 708 477 coniueamus.
763 404 821 463 in
858 417 965 473 qua
1008 401 1176 459 etiam
1213 398 1259 457 si
1298 401 1546 473 quaedam
1592 395 1874 455 commoda
1903 406 1950 460 Λ
1980 404 2127 452 etum
2176 394 2526 469 Evangelium
2575 372 2657 455 vei
2700 368 3001 456 iiusen‘satis
3041 402 3225 468 rebus,
3273 404 3353 459 vel

3478 364 3561 381 alti

1981 486 2308 545 animalibus
2340 490 2520 546 fuerat
2549 492 2952 562 praedicandum
2976 539 2991 562 ,
3039 501 3099 547 ut
3137 494 3258 549 ideo
3291 494 3570 567 discipulis

1980 576 2216 643 dicatur,
2248 580 2530 649 pradicate
2564 582 2707 634 omni
2734 581 3032 635 creatum?
3067 580 3173 636 Sed
3212 583 3389 638 omnis
3414 592 3569 639 orem

1980 677 2116 724 tura:
2159 669 2376 723 nomine
2404 679 2580 739 potest
2618 670 2795 725 omnis
2832 682 2960 725 caro
2993 672 3231 742 gentium
3274 670 3565 744 designari.

1977 755 2117 814 Ante
2142 760 2338 815 etenim
2372 762 2573 816 dictum
2603 760 2776 815 fuerat
2800 779 2814 815 :
2837 763 2892 815 in
2921 763 3057 815 viam
3078 763 3309 832 gentium
3340 780 3407 818 ne
3426 764 3569 820 abie-

1980 848 2124 915 ritis,
2187 866 2331 906 nunc
2382 858 2562 906 autem
2612 850 2840 915 dicitur,
2885 853 3168 921 pra'dicate
3222 853 3567 924 Evangelium

1979 943 2121 996 omni
2149 951 2441 1006 creatum;
2486 952 2544 996 ut
2582 941 2789 997 scilicet
2830 943 2980 1013 prius
3005 958 3034 996 ει
3065 940 3247 998 Iudaea
3295 945 3567 1014 apostolo-

1978 1048 2096 1087 rum
2126 1033 2334 1103 repulsa
2362 1034 2691 1104 praedicatio,
2718 1043 2845 1088 tunc
2874 1031 3097 1087 nobisin
3114 1030 3442 1102 adiutorium
3467 1032 3564 1087 tie-

1977 1130 2078 1188 ret,
2109 1138 2230 1176 cum
2262 1120 2406 1177 hunc
2434 1123 2523 1177 illa
2552 1124 2618 1178 ad
2648 1122 3012 1177 damnationis
3045 1136 3157 1177 sua:
3192 1121 3561 1178 testimonium

1975 1215 2207 1283 superba
2240 1214 2543 1285 repulisset.
2571 1215 2675 1280 Qui
2694 1213 2970 1268 crediderit
2991 1221 3041 1267 et
3066 1212 3359 1284 baptizatus
3379 1213 3561 1283 fuerit,

1973 1302 2147 1359 ialvus
2187 1306 2317 1360 erit:
2361 1306 2449 1377 qui
2490 1320 2609 1360 vero
2637 1320 2739 1358 non
2767 1303 3065 1368 crediderit,
3107 1303 3558 1358 condemnabitur.

1973 1395 2227 1454 Fortasse
2253 1398 2624 1469 unusquisque
2670 1397 2810 1469 apud
2856 1395 3205 1466 semetipsum
3230 1380 3415 1449 dicat:
3445 1394 3559 1465 Ego

1965 1489 2080 1559 jam
2109 1488 2335 1554 credidi,
2368 1487 2551 1543 salvus
2580 1502 2703 1553 ero;
2729 1500 2920 1541 verum
2943 1484 3092 1550 dicit,
3124 1484 3170 1538 si
3193 1482 3354 1539 ﬁdem
3381 1483 3559 1554 operi-

1973 1578 2076 1633 bus
2112 1586 2259 1633 tenet
2283 1596 2294 1631 :
2321 1593 2447 1633 vera
2487 1578 2687 1633 etenim
2717 1576 2853 1632 ﬁdes
2884 1584 2970 1631 est
3011 1590 3131 1645 qua
3176 1575 3233 1629 in
3279 1575 3385 1630 hoc
3411 1574 3557 1644 quod

266 1672 652 1743 promissionis
716 1670 1054 1741 suscepimus
1116 1668 1477 1739 disciplinam.
1555 1665 1866 1722 Sectatores
1970 1669 2153 1724 verbis
2178 1667 2312 1724 dicit
2338 1669 2583 1724 moribus
2617 1682 2726 1722 non
2758 1666 3098 1722 contradicit.
3128 1665 3268 1721 Hinc
3297 1672 3383 1721 est
3407 1664 3552 1721 enim

265 1762 472 1819 Christi
500 1763 789 1818 discedere
808 1777 839 1814 a
878 1760 1027 1830 regia
1065 1764 1171 1815 non
1202 1759 1330 1814 licet
1360 1759 1472 1831 via,
1513 1773 1614 1813 nec
1641 1757 1863 1829 dignum
1892 1751 1939 1811 B
1966 1759 2109 1829 quod
2137 1760 2203 1814 de
2232 1758 2552 1830 quibusdam
2593 1756 2744 1813 falsis
2771 1756 3018 1812 ﬁdelibus
3057 1754 3256 1810 Paulus
3279 1753 3433 1819 dicit,
3461 1753 3553 1821 qui

267 1863 352 1909 est
385 1850 783 1922 temporalibus
816 1850 1073 1922 occupari
1121 1850 1189 1905 ad
1218 1857 1418 1904 mterna
1453 1848 1751 1927 tendentes.
1793 1847 1863 1902 Et

263 1943 393 2012 quia
424 1942 672 2013 pretioso
701 1941 961 2010 sanguine
982 1939 1186 1995 Christi
1225 1937 1485 2009 redempti
1510 1953 1715 2004 sumus,
1745 1937 1861 2011 glo-

261 2035 546 2091 riﬁcemus
565 2041 625 2088 et
647 2040 928 2104 portemus
948 2031 1117 2087 Deum
1141 2031 1194 2086 in
1224 2045 1450 2099 corpore
1473 2039 1681 2095 nostro,
1703 2040 1763 2084 ut
1789 2029 1859 2085 ad

257 2139 473 2202 eaquae
503 2122 757 2178 ﬁdelibus
790 2136 888 2192 per
916 2120 1102 2176 omnia
1150 2128 1281 2176 sunt
1314 2129 1619 2191 praeparata
1671 2135 1859 2190 perve-

258 2214 378 2268 nire
405 2227 744 2267 mereamur.
773 2210 878 2265 Per
907 2210 1195 2265 Dominum
1222 2216 1468 2263 nostrum
1489 2206 1674 2264 Iesum
1701 2207 1858 2264 Chri-

261 2313 431 2369 stum,
472 2303 571 2374 qui
594 2318 720 2358 cum
756 2302 869 2357 Deo
907 2300 1068 2356 Patre
1096 2308 1151 2354 et
1194 2296 1399 2369 Spiritu
1422 2307 1613 2355 saneto
1642 2299 1774 2355 vivit
1802 2307 1859 2355 et

261 2404 460 2468 regnat
488 2395 634 2467 Deus
660 2407 762 2471 per
787 2392 969 2447 omnia
995 2390 1193 2469 saecula
1214 2389 1556 2446 suaculorum.
1583 2388 1779 2446 Amen.

794 2505 1076 2563 HOMILIA
1114 2503 1318 2561 XLVII.

816 2594 870 2634 ιω
908 2592 1084 2633 nonem
1122 2591 1291 2649 rss'ro

360 2670 564 2729 Lectio
597 2671 776 2729 sancti
810 2669 1091 2740 Evangelii
1134 2668 1434 2725 secundum
1479 2664 1741 2724 Marcum.

318 2761 404 2819 Ιιι
444 2762 541 2818 illo
584 2772 812 2834 tempore
859 2761 1575 2835 novissime'reeumbentibus
1610 2761 1852 2815 undecim

250 2851 566 2923 discipulis,
590 2851 835 2922 apparuit
867 2850 1045 2925 Iesus,
1067 2858 1115 2904 et
1143 2848 1471 2919 exprobravit
1502 2848 1848 2904 incredulita-

246 2954 355 2999 tem
396 2959 583 2999 eorum
621 2942 953 2997 etduritiam
988 2941 1185 3008 cordis,
1211 2942 1336 3013 quia
1381 2940 1461 2996 his
1497 2942 1587 3011 qui
1613 2925 1850 2996 viderant

245 3051 375 3089 aut
414 3034 761 3089 resurredsse
791 3049 896 3087 non
927 3032 1283 3087 crediderunt.

1962 1848 2279 1917 conﬁtentur
2318 1864 2372 1902 se
2395 1858 2545 1901 nosse
2574 1845 2759 1910 Deum,
2783 1845 2938 1915 factis
2967 1852 3143 1899 autem
3176 1851 3384 1914 negant.
3409 1841 3552 1898 Hinc

1960 1935 2196 1994 Joannes
2218 1938 2295 1992 ait
2320 1957 2332 1992 :
2362 1936 2466 2004 Qui
2489 1937 2617 1991 dicit
2641 1953 2696 1991 se
2716 1953 2866 1991 nosse
2885 1935 3054 1990 Deum
3079 1943 3125 1990 et
3156 1933 3409 1989 mandata
3431 1933 3549 2002 ejus

1960 2045 2063 2082 non
2101 2028 2348 2091 custodit,
2387 2026 2619 2081 mendax
2637 2035 2731 2079 est.
2772 2024 2908 2080 Cum
2959 2031 3138 2080 autem
3179 2022 3414 2090 dicatur,
3455 2023 3547 2094 qui

1958 2138 2077 2177 vero
2107 2138 2209 2176 non
2232 2119 2532 2183 crediderit,
2557 2115 3002 2181 condemnabitur,
3030 2115 3160 2186 quid
3186 2115 3275 2171 hic
3303 2114 3546 2171 dicemus

1960 2214 2025 2268 de
2052 2210 2314 2283 parvulis,
2345 2211 2436 2281 qui
2473 2223 2572 2280 per
2596 2216 2810 2263 mtatem
2847 2205 3024 2262 adhuc
3051 2204 3277 2261 credere
3311 2214 3421 2259 non
3448 2218 3547 2259 va-

1956 2305 2064 2361 lent
2082 2345 2100 2372 ,
2123 2318 2249 2359 nam
2279 2302 2345 2357 de
2372 2300 2667 2372 majoribus
2695 2297 2837 2354 nulla
2867 2296 3095 2368 quaestio
3120 2296 3242 2352 est?
3264 2284 3318 2350 in
3358 2292 3544 2350 Eccle-

1954 2398 2036 2455 sia
2059 2408 2187 2466 crgo
2210 2391 2508 2450 Salvatoris
2529 2406 2628 2463 per
2649 2391 2785 2446 alios
2803 2389 3016 2460 parvuli
3043 2386 3451 2453 credunt,sieut
3470 2400 3541 2441 ex

1951 2490 2075 2560 aliis
2112 2503 2199 2558 ea,
2225 2503 2346 2562 quae
2374 2482 2480 2542 illis
2520 2485 2576 2540 in
2608 2482 2874 2555 baptismo
2912 2480 3280 2557 remittuntur,
3315 2484 3538 2548 peccata

1957 2590 2259 2640 traxerunt.

1968 2730 1969 2733 η
2024 2671 2195 2747 Signa
2236 2681 2411 2729 autem
2454 2647 2542 2727 eos
2583 2670 2673 2743 qui
2706 2667 3039 2724 crediderint
3073 2665 3185 2722 hac
3221 2673 3537 2736 sequentur:

1950 2765 2008 2818 in
2047 2760 2255 2818 nomine
2302 2778 2416 2817 meo
2460 2759 2668 2832 ejicient
2711 2748 2989 2824 dromonia,
3023 2752 3231 2837 linguis.
3262 2755 3541 2825 loquentur

1951 2855 2095 2909 novis
2114 2871 2135 2921 ;
2171 2862 2429 2924 serpentes
2470 2851 2650 2907 tollent
2674 2865 2692 2904 :
2716 2860 2764 2906 et
2806 2850 2854 2905 si
2876 2849 3204 2918 mortiferum
3236 2846 3363 2919 quid
3398 2847 3539 2901 bibe-

1951 2945 2075 3012 rint,
2106 2963 2209 3001 non
2235 2944 2309 2999 eis
2343 2945 2574 3011 nocebit;
2597 2956 2754 3015 super
2778 2958 2945 3014 (egros
2970 2956 3158 2995 manus
3179 2940 3464 3011 imponent,
3487 2947 3539 2993 et

1954 3034 2079 3091 bene
2103 3034 2383 3089 habebunt.
2416 3033 2667 3105 Nunquid
2690 3034 2945 3104 quoniam
2974 3031 3129 3103 signa
3150 3045 3257 3087 non
3285 3030 3536 3094 facimus,

260 3182 265 3189 ,
320 3124 619 3193 Quomodo
651 3108 971 3191 nouissime?
993 3123 1148 3194 quasi
1163 3122 1277 3193 jam
1315 3123 1456 3179 ultra
1481 3139 1604 3181 eum
1634 3139 1742 3180 non
1770 3123 1850 3179 vi-
1875 3106 1919 3170 (ἶ
1952 3126 2172 3180 minime
2204 3122 2510 3180 credimus?
2561 3124 2670 3179 Sed
2721 3124 2837 3179 inec
2869 3120 3180 3196 necessaria
3210 3120 3268 3176 in
3313 3120 3538 3175 exordio

244 3218 495 3274 delent:
519 3215 871 3271 novissimum
896 3215 1095 3286 quippe
1125 3215 1259 3271 illud
1279 3215 1530 3286 estquod
1559 3216 1846 3273 Dominum

243 3306 493 3379 apostoli
536 3307 589 3361 in
628 3313 777 3362 terra
804 3305 1076 3373 viderunt,
1099 3302 1318 3376 quando
1357 3300 1610 3363 ascendit
1641 3306 1696 3360 in
1736 3320 1848 3362 etn-

242 3399 397 3465 tum,
430 3400 574 3468 quod
594 3396 797 3454 factum
830 3407 915 3454 est
941 3398 1353 3470 quadragesima
1387 3399 1477 3456 die
1504 3408 1628 3471 post
1665 3414 1848 3455 resur-

244 3489 582 3545 rectionem.
638 3487 1019 3558 Nunquidnam
1062 3495 1192 3543 tunc
1251 3487 1680 3557 exprobraturus
1727 3497 1847 3544 erat

242 3579 409 3650 quod
438 3593 545 3634 non
584 3578 942 3635 credidissent
979 3577 1060 3634 eis
1081 3577 1172 3648 qui
1195 3592 1319 3634 eum
1364 3576 1622 3633 viderunt
1662 3594 1846 3635 resur—

243 3673 492 3735 rexisse,
519 3671 731 3741 quando
774 3670 939 3726 etiam
978 3679 1034 3725 et
1077 3670 1181 3739 ipsi
1212 3676 1345 3740 post
1390 3670 1844 3726 resurrectionem

240 3765 426 3818 toties
444 3776 567 3817 eum
599 3762 889 3831 viderant?
909 3761 1040 3817 illud
1069 3777 1199 3833 ergo
1234 3763 1531 3835 accipimus
1561 3771 1683 3834 post
1707 3762 1845 3818 mul-

239 3864 332 3911 tas
389 3854 878 3910 deumnstrationcs
925 3852 1061 3922 eius,
1092 3855 1291 3925 quibus
1334 3870 1432 3925 per
1459 3854 1576 3915 dies
1609 3838 1845 3927 quadra:

238 3948 409 4018 ginta
452 3944 726 4016 discipulis
752 3954 1113 4016 prmsentatus
1156 3952 1263 4011 est,
1301 3959 1428 4001 cum
1467 3946 1633 4000 etiam
1665 3945 1844 4001 novis-

240 4039 401 4105 sime
441 4036 880 4093 recumbentibus
922 4035 1030 4092 illis
1080 4036 1332 4105 undecim
1385 4037 1733 4111 apparuisse,
1788 4037 1842 4091 id

236 4138 353 4191 est,
404 4128 524 4197 ipso
554 4127 969 4199 quadragesimo
1007 4126 1115 4195 die,
1178 4136 1236 4184 et
1262 4128 1534 4197 quomodo
1573 4127 1687 4199 jam
1721 4136 1843 4183 crat

235 4218 312 4272 ab
340 4215 434 4271 eis
461 4230 784 4271 ascensurus
802 4215 861 4270 in
892 4215 1110 4282 caelum,
1138 4216 1239 4272 hoc
1258 4216 1339 4272 eis
1364 4216 1458 4272 illo
1488 4217 1575 4277 die
1605 4219 1841 4275 maxime

237 4306 591 4379 exprobrare
621 4307 872 4373 voluisse,
905 4307 1047 4377 quod
1078 4306 1165 4363 his
1194 4308 1285 4376 qui
1316 4308 1564 4363 viderant
1592 4324 1714 4364 eum
1756 4324 1841 4365 re—

237 4399 565 4456 surrexisse
589 4413 696 4454 non
719 4399 1064 4473 crediderant
1086 4407 1378 4468 antequam
1407 4399 1509 4468 ipsi
1538 4413 1660 4454 eum
1684 4399 1835 4455 vide-

1948 3214 2205 3271 Ecclesiae
2234 3215 2452 3271 fuerunt
2478 3233 2492 3269 :
2515 3222 2576 3269 ut
2602 3214 2746 3270 enim
2773 3213 2908 3269 ﬁdes
2945 3210 3282 3289 credentium
3323 3223 3540 3266 cresce-

1947 3315 2052 3373 ret,
2075 3306 2353 3363 miraculis
2379 3305 2554 3362 iuerat
2580 3304 2889 3371 nutrienda,
2916 3304 3043 3374 quia
3068 3310 3125 3358 et
3160 3317 3261 3359 nos
3295 3317 3421 3358 cum
3447 3315 3538 3357 ar-

1945 3396 2102 3453 busta
2126 3396 2455 3468 plantamus,
2478 3395 2662 3451 tandiu
2686 3395 2768 3451 eis
2792 3409 2990 3465 aquam
3019 3392 3316 3461 haudimus,
3338 3406 3538 3464 quous-

1946 3500 2051 3559 que
2079 3504 2141 3542 ca
2165 3488 2221 3543 in
2250 3498 2397 3543 terra
2425 3486 2760 3543 convaluisse
2779 3486 3056 3552 videmus;
3083 3493 3142 3541 at
3167 3486 3215 3541 si
3247 3485 3415 3541 semel
3440 3499 3532 3540 ra-

1946 3578 2120 3634 dicem
2163 3579 2406 3645 ﬁxerint,
2456 3578 2704 3648 irrigatio
2747 3575 3001 3632 cessabit.
3032 3576 3171 3632 Hinc
3209 3583 3295 3633 est
3330 3576 3532 3632 etenim

1945 3670 2088 3740 quod
2120 3668 2320 3725 Paulus
2349 3668 2519 3726 dicit:
2548 3667 2768 3740 Lingua:
2792 3668 2849 3721 in
2884 3667 3037 3738 signa
3070 3675 3193 3722 sunt
3235 3674 3341 3722 nun
3363 3666 3534 3735 ﬁdeli-

1945 3761 2062 3826 bus,
2090 3761 2180 3814 sed
2214 3758 2537 3829 inﬁdelibus.
2566 3758 2650 3812 An
2677 3756 2939 3813 habemus
2967 3756 3037 3812 de
3068 3755 3155 3811 bis
3174 3755 3345 3827 signis
3368 3764 3535 3827 atque

1942 3852 2250 3918 virtutibus,
2278 3856 2408 3922 qum
2449 3848 2625 3906 adhuc
2667 3847 2917 3905 subtilius
2964 3838 3311 3905 considerare
3333 3844 3533 3904 debea-

1943 3934 2101 3999 mus?
2143 3942 2345 3998 Sancta
2395 3942 2596 4013 quippe
2634 3939 2879 3996 Ecclesia
2927 3936 3172 4011 quotidie
3210 3938 3533 4010 spiritaliter

1943 4031 2073 4089 facit
2100 4033 2241 4103 quod
2272 4041 2402 4087 tunc
2441 4047 2539 4103 per
2566 4030 2838 4103 apostolos
2882 4030 3236 4102 corporaliter
3269 4028 3528 4089 faciebat.

1941 4123 2076 4179 Nam
2122 4123 2434 4180 sacerdotes
2470 4122 2588 4192 ejus
2636 4139 2760 4178 cum
2810 4120 2912 4194 per
2960 4122 3253 4180 exoreismi
3296 4124 3530 4196 gratiam

1942 4231 2162 4270 manum
2192 4215 2537 4270 credentibus
2567 4213 2869 4284 imponunt,
2902 4222 2958 4269 et
2989 4212 3238 4269 habitare
3259 4212 3530 4284 malignos

1941 4305 2163 4375 Spiritus
2202 4304 2256 4358 in
2301 4319 2491 4359 eorum
2534 4314 2715 4360 mente
2768 4304 3167 4369 contradicunt,
3206 4304 3337 4373 quid
3376 4303 3528 4360 aliud

1944 4396 2150 4454 faciunt
2177 4395 2281 4453 nisi
2321 4396 2589 4452 daemonia
2625 4395 2881 4467 ejiciunt?
2904 4394 2972 4450 Et
3000 4393 3185 4451 ﬁdeles
3207 4395 3412 4467 quique
3432 4397 3528 4466 qui

239 4502 396 4558 rent,
419 4507 545 4546 cum
573 4492 757 4561 utique
796 4470 919 4562 posit
944 4492 1319 4548 ascensionem
1360 4506 1514 4547 suam
1538 4491 1836 4560 praedican-
1862 4458 2050 4558 I)jam
2102 4485 2229 4542 vita:
2277 4486 2478 4542 veteris
2519 4485 2798 4551 saecularia
2843 4485 3096 4539 insonant
3144 4484 3333 4557 [Forte
3368 4484 3527 4543 mise-

234 4587 401 4643 tibus
442 4583 549 4639 iiiis
582 4584 958 4655 Evangelium,
1004 4592 1195 4654 gentes
1232 4584 1377 4653 quod
1434 4599 1541 4638 non
1585 4584 1838 4639 viderunt
1939 4579 2108 4655 runt],
2139 4578 2438 4637 conditoris
2463 4580 2546 4636 sui
2580 4578 2791 4635 laudem
2820 4586 2875 4634 et
2914 4579 3235 4650 potentiam,
3261 4587 3526 4652 quantum

234 4675 459 4734 fuerint
498 4674 806 4730 creditum.
858 4673 990 4737 Post
1039 4673 1187 4728 illam
1222 4674 1421 4744 quippe
1467 4673 1838 4742 exprobratio-
1937 4674 2249 4745 prtevalent,
2293 4680 2549 4744 narrant,
2596 4670 2725 4743 quid
2762 4672 2908 4729 aliud
2951 4671 3179 4735 faciunt,
3225 4673 3332 4730 nisi
3367 4674 3524 4729 novis

230 4784 377 4831 ..αα
409 4774 629 4822 secutus
648 4767 728 4820 ait
753 4767 894 4821 idem
932 4763 1162 4820 Marcus.

310 4859 392 4915 Et
414 4860 550 4914 dixit
574 4861 685 4913 eis:
716 4857 912 4913 Euntes
937 4858 990 4912 in
1030 4856 1283 4912 mundum
1309 4857 1610 4911 universum
1643 4856 1837 4929 pra’di-

230 4960 364 5005 cate
404 4948 744 5019 Evangelium
774 4950 915 5002 omni
935 4957 1209 5002 creatum.
1243 4947 1347 5022 Qui
1371 4948 1647 5002 crediderit
1671 4957 1721 5002 et
1744 4947 1832 5001 ba-

228 5043 479 5111 ptizatus
507 5038 689 5108 fuerit,
723 5039 899 5093 salvus
938 5039 1033 5093 erit
1057 5050 1077 5089 .'
1110 5038 1200 5104 qui
1225 5054 1344 5092 vero
1385 5055 1490 5094 non
1535 5036 1834 5103 crediderit,

228 5134 704 5209 eoademnabitur.
746 5133 858 5189 Hoc
884 5150 1013 5205 ergo
1053 5135 1416 5209 prsidicaturi,
1441 5135 1712 5205 quomodo
1740 5135 1837 5206 qui

228 5241 352 5281 non
391 5224 684 5281 crediderit
711 5224 1183 5289 condemuabitur,
1232 5240 1355 5295 eum
1380 5225 1457 5304 .id
1501 5226 1685 5297 utique
1723 5242 1832 5284 non

224 5312 541 5371 crediderit
567 5315 709 5382 quod
737 5329 842 5369 non
873 5313 1039 5381 vidit;
1084 5329 1264 5371 nonne
1302 5316 1401 5386 ipsi
1428 5316 1680 5386 primitus
1705 5317 1828 5374 fue-

229 5413 376 5464 rant
399 5404 717 5478 obiurgandi
745 5406 889 5478 quod
916 5415 1209 5478 antequam
1231 5407 1517 5485 Dominum
1540 5410 1825 5483 vidissent,

223 5511 352 5553 ωιι
407 5496 739 5552 crediderint
781 5496 863 5552 eis
912 5496 1109 5568 quibus
1153 5497 1413 5555 Dominus
1454 5498 1830 5573 apparuisset?

224 5587 397 5655 Quod
436 5603 569 5643 vero
594 5588 735 5644 dixit
758 5589 838 5645 eis
863 5607 875 5641 :
903 5588 1105 5665 Euntes
1125 5592 1181 5644 in
1221 5590 1477 5646 mundum
1503 5592 1825 5658 universum,

225 5680 525 5745 prcdicate
548 5676 894 5745 Emgelium
918 5682 1059 5733 omni
1096 5690 1369 5739 creatura.
1412 5681 1669 5759 Nunquid
1701 5696 1827 5737 san-

642 5769 926 5830 Ριτιιοιη
974 5770 1110 5831 CX.

1936 4769 2133 4841 linguis
2160 4767 2486 4838 loquuntur?
2511 4767 2602 4837 qui
2632 4765 2759 4820 dum
2782 4765 2939 4821 bonis
2975 4765 3090 4822 suis
3129 4765 3526 4823 exhortationi-

1935 4860 2039 4916 bus
2068 4858 2329 4915 malitiam
2356 4859 2425 4915 de
2446 4857 2640 4926 alienis
2666 4858 2921 4914 cordibus
2945 4857 3211 4921 auferunt,
3242 4868 3525 4929 serpentes

1942 4948 2134 5004 tollunt
2159 4966 2173 5016 ;
2199 4957 2254 5004 et
2282 4949 2411 5004 dum
2440 4946 2729 5020 pestiferas
2750 4948 3034 5004 suasiones
3053 4949 3418 5015 audiunt,‘sed
3442 4956 3525 5004 ta-

1939 5055 2063 5096 men
2117 5039 2186 5095 ad
2230 5037 2598 5111 operationem
2642 5052 2861 5110 pravam
2902 5038 3124 5095 minime
3175 5041 3519 5111 pertrahunt,

1938 5128 2272 5185 mortiferum
2295 5129 2510 5210 quidem
2538 5130 2786 5200 estquod
2813 5130 3025 5195 bibunt,
3053 5130 3147 5186 sed
3180 5143 3288 5188 non
3315 5132 3396 5188 eis
3423 5144 3520 5187 no-

1936 5220 2099 5277 cebit.
2125 5221 2230 5290 Qui
2270 5221 2483 5290 quoties
2503 5222 2784 5292 proximos
2811 5238 2938 5279 suos
2967 5224 3021 5278 in
3068 5225 3211 5280 bono
3237 5240 3402 5296 opere
3440 5226 3521 5280 in-

1942 5308 2149 5367 ﬁrmari
2174 5313 2531 5384 conspiciunt,
2562 5313 2686 5368 dum
2713 5315 2791 5369 eis
2820 5321 2930 5370 tota
2944 5313 3146 5371 virtute
3166 5321 3519 5378 concurrunt,

1938 5412 1994 5460 et
2019 5402 2266 5473 exemplo
2294 5418 2405 5459 sua:
2433 5403 2764 5474 operationis
2793 5403 3006 5460 illorum
3039 5407 3204 5461 vitam
3239 5405 3516 5469 roborant,

1937 5500 2028 5569 qui
2058 5498 2114 5554 in
2146 5498 2371 5568 propria
2393 5500 2605 5554 actione
2630 5497 2958 5567 titubabant,
2984 5499 3113 5570 quid
3139 5484 3284 5553 aliud
3314 5482 3519 5553 iaciunt

1935 5590 2038 5645 nisi
2061 5604 2223 5660 super
2240 5596 2476 5661 aegrotos
2499 5605 2690 5645 manus
2708 5588 2990 5658 imponunt
3014 5598 3075 5644 ut
3087 5588 3223 5643 bene
3245 5585 3516 5643 habeant!

1934 5682 2065 5751 Quae
2102 5683 2357 5740 nimirum
2403 5685 2661 5742 miracula
2697 5693 2847 5743 tanto
2885 5687 3085 5757 majora
3128 5692 3276 5749 sunt,
3313 5690 3517 5759 quanto
