3962 6180
404 339 519 396 235

1093 330 1152 387 Β.
1195 325 1448 384 MBAN]
1485 319 1703 380 MAURI
1740 313 2056 374 ARClliEP.
2101 307 2407 366 MOGUNT.
2449 304 2734 364 OPERUM
2772 301 2952 359 PARS
2989 301 3055 357 11.

3565 297 3672 356 πο

414 447 716 526 spiritalia:
749 453 900 506 tanto
929 441 1130 513 majora
1169 450 1317 507 sunt,
1364 447 1567 510 quanto
1595 450 1691 507 per
1730 435 1845 490 haec
1884 447 1991 486 non
2019 435 2071 494 Α
2095 426 2266 526 sentis
2301 423 2506 489 saeculi,
2531 423 2759 526 quando
2799 417 3682 526 unicuique‘reddet‘saf

416 556 648 617 atan
679 539 776 597 sed
798 538 993 595 unitate
1019 535 1364 592 suscitantur.

487 636 559 692 Et
581 633 839 691 Dominus
855 629 1062 701 quidem
1088 627 1244 683 Iesus
1271 633 1544 696 postquam
1564 620 1769 675 locutus
1795 627 1870 672 est
1896 617 1990 680 eis,

415 738 713 798 assumptus
740 732 816 779 est
839 723 896 777 in
919 719 1105 777 calum
1124 728 1172 774 et
1193 717 1332 773 sedet
1356 733 1390 770 a
1421 713 1620 770 dextris
1650 712 1767 768 Dei.
1798 705 1992 766 Consi-

416 816 713 876 derandum
741 812 898 869 nobis
934 818 1019 868 est
1043 808 1173 880 quid
1198 815 1283 864 est
1308 805 1452 878 quod
1490 804 1704 860 Marcus
1730 802 1826 868 ait,
1853 799 1994 856 sedet

415 930 448 966 a
473 907 672 964 dextris
695 904 838 960 Dei?
864 902 1170 973 Stephanus
1201 898 1330 954 dicit
1355 916 1366 951 :
1405 895 1567 951 Video
1607 891 1760 948 caelos
1789 900 1994 962 apertos

414 1009 462 1053 et
499 995 550 1051 F
552 995 704 1050 ilium
750 991 974 1047 hominis
1005 997 1226 1044 stantem
1267 1003 1300 1040 a
1334 983 1531 1040 dextris
1569 976 1683 1036 Dei.
1730 977 1868 1048 Quid
1912 984 1997 1034 est

415 1087 559 1158 quod
587 1086 731 1142 hunc
763 1082 976 1138 Marcus
1021 1079 1321 1144 sedentem,
1357 1073 1665 1146 Stephanus
1691 1085 1822 1126 vero
1847 1077 1998 1124 stan-

417 1187 552 1243 tem,
577 1191 637 1230 se
657 1174 857 1230 vidisse
884 1170 1148 1227 testatur?
1184 1167 1293 1225 Sed
1325 1166 1526 1222 scimus
1553 1163 1677 1234 quia
1705 1160 1896 1218 sedere
1909 1159 1997 1232 ju-

415 1268 650 1325 dicantis
701 1273 808 1332 est,
849 1272 996 1319 stare
1031 1275 1158 1317 vero
1201 1257 1491 1332 pugnantis
1537 1253 1622 1310 vel
1666 1251 1993 1326 adjuvantis.

413 1358 554 1425 Quia
587 1355 751 1427 igitur
775 1353 1106 1422 Redemptor
1131 1357 1318 1405 noster
1349 1353 1656 1414 assumptus
1678 1344 1733 1398 in
1777 1341 1995 1406 ctelum,

413 1459 472 1504 et
513 1463 656 1502 nunc
695 1441 1124 1513 omniajudicat,
1169 1447 1225 1496 et
1253 1439 1321 1494 ad
1357 1445 1660 1493 extremum
1680 1433 1848 1503 judex
1877 1446 1995 1487 om-

414 1542 566 1596 nium
598 1538 801 1604 veniet,
829 1537 973 1590 hunc
991 1540 1112 1605 post
1136 1530 1557 1599 assumptionem
1576 1525 1788 1581 Marcus
1809 1522 1999 1580 sedere

416 1633 697 1698 describit,
734 1629 860 1700 quia
901 1633 1025 1698 post
1067 1621 1400 1680 ascensionis
1437 1635 1548 1676 sua:
1587 1617 1812 1690 gloriam
1830 1613 1997 1684 judex

417 1726 470 1782 in
506 1724 612 1778 ﬁne
641 1720 941 1783 videbitur;
986 1715 1292 1786 Stephanus
1319 1725 1473 1776 vero,
1512 1710 1568 1764 in
1593 1707 1795 1763 laboris
1821 1713 1999 1760 certa-

2099 515 2332 572 cundum
2360 513 2580 586 propria
2607 512 2820 576 merita,
2850 511 2943 565 ubi
2969 507 3212 564 mansuri
3235 515 3399 563 erunt
3425 507 3544 563 sine
3571 504 3683 563 {tua

2094 621 2195 680 per
2219 604 2401 664 omnia
2427 601 2624 661 stecula
2658 601 2997 658 szeculorum.
3034 600 3228 655 Amen.

2610 712 2893 769 HOMle
2928 709 3159 766 XLVIII.

2343 802 2600 844 DOIINICA
2647 801 2776 840 POST
2812 797 3170 839 ASCENSIONBI
3217 793 3424 835 DCIIII.

2377 879 2563 936 Lectio
2595 877 2847 948 Epistolas
2876 875 2937 930 Β.
2965 874 3110 930 Petri
3147 873 3395 943 apostoli.

2170 971 2502 1038 Charissimi,
2549 979 2709 1024 estote
2749 967 3030 1040 prudentes
3073 975 3122 1020 et
3159 963 3370 1035 vigilate
3393 965 3449 1019 in
3483 968 3665 1020 oratio
3751 989 3753 992 ⁴

2097 1063 2269 1126 nibus,
2297 1071 2404 1118 etc.

2166 1154 2235 1210 Et
2259 1153 2520 1209 Dominus
2558 1153 2610 1206 in
2643 1150 2934 1221 Evangelia
2972 1166 3072 1207 nos
3100 1152 3291 1207 incerti
3331 1150 3454 1206 ﬁnis
3477 1149 3682 1206 intuitu

2097 1258 2312 1315 semper
2337 1258 2495 1298 orare
2535 1258 2600 1296 ac
2631 1241 2852 1310 vigilare
2880 1241 3160 1311 prrecepit.
3190 1240 3282 1294 Ait
3327 1255 3561 1310 namque
3602 1238 3682 1295 io-

2097 1346 2270 1402 quens
2291 1331 2359 1386 de
2382 1330 2468 1385 die
2487 1329 2675 1400 judicii
2701 1347 2715 1382 :
2748 1328 2990 1400 Vigilate,
3020 1329 3161 1384 omni
3193 1339 3421 1398 tempore
3448 1337 3680 1395 orantes,

2096 1433 2152 1476 ut
2178 1420 2323 1492 digni
2349 1419 2646 1474 habeamini
2673 1418 2851 1490 fugere
2871 1419 2973 1473 ista
2995 1419 3170 1472 omnia
3190 1435 3307 1489 qua:
3327 1419 3510 1488 futura
3534 1430 3682 1485 sunt,

2097 1520 2147 1566 et
2171 1519 2310 1564 stare
2339 1517 2459 1564 ante
2484 1508 2654 1578 ﬁlium
2686 1508 2931 1562 hominis.
2964 1507 3108 1563 Bene
3138 1517 3317 1562 autem
3345 1509 3398 1563 in
3423 1511 3685 1565 orationi-

2097 1595 2200 1654 bus
2223 1597 2447 1669 vigilare
2466 1596 2740 1667 jubemur,
2779 1605 2840 1652 ut
2867 1611 2990 1652 cum
3017 1604 3226 1652 stamus
3263 1598 3331 1652 ad
3357 1599 3680 1663 orationem,

2097 1691 2354 1761 cogitatio
2381 1689 2558 1744 omnis
2595 1689 2827 1744 carnalis
2875 1698 2930 1745 et
2956 1689 3234 1745 stecularis
3269 1691 3545 1756 abscedat,
3581 1707 3686 1746 nec

418 1815 562 1871 mine
586 1812 814 1883 positus,
843 1781 1258 1870 stantem—vidit,
1277 1816 1438 1873 quem
1460 1800 1758 1872 adjutorem
1787 1795 1995 1862 habuit,
2024 1795 2071 1856 Β
2100 1784 2393 1857 quidquam
2407 1791 2531 1883 tum
2557 1783 2769 1883 animus
2800 1789 2999 1883 praeter
3024 1781 3080 1836 id
3105 1781 3284 1883 solum
3316 1782 3518 1883 cogitet
3538 1783 3684 1883 quod

416 1908 543 1976 quia
567 1912 626 1960 ut
651 1904 756 1958 iste
780 1901 834 1955 in
866 1908 1008 1954 terra
1032 1900 1443 1967 persecuturum
1470 1887 1843 1944 inﬁdelitatem
1880 1885 1999 1939 vin-

411 2008 590 2063 ceret,
609 2011 710 2068 pro
737 1993 829 2050 illo
851 1992 917 2047 de
945 1989 1082 2046 coelo
1099 1987 1244 2042 illius
1271 1983 1446 2056 gratia
1470 1977 1743 2050 pugnavit.

489 2087 580 2143 Illi
603 2063 778 2140 autem
810 2079 1032 2153 profecti
1066 2076 1480 2148 praedicaverunt
1519 2068 1726 2139 ubique,
1775 2063 1998 2118 Domino

415 2183 726 2246 cooperante
763 2179 812 2227 et
852 2181 1139 2225 sermonem
1177 2161 1518 2231 conﬁrmante
1555 2154 1884 2246 sequentibus
1926 2153 2000 2246 si-

417 2241 554 2338 guis.
585 2263 722 2331 Quid
755 2262 810 2317 in
845 2259 934 2314 his
960 2250 1410 2312 considerandum
1435 2241 2000 2338 est?quid‘memorite

417 2331 946 2414 commendandum?
989 2346 1093 2403 nisi
1119 2343 1264 2415 quod
1301 2346 1631 2414 princeptum
1669 2331 1996 2398 obedientia,

416 2445 783 2504 obedientiam
825 2453 957 2496 vero
1000 2437 1156 2509 signa
1203 2438 1390 2489 secuta
1441 2434 1584 2484 sunt.
1633 2423 1824 2480 Restat
1867 2435 2001 2478 sane

417 2539 642 2610 quaestio
670 2551 778 2590 non
807 2525 1341 2600 minima,qu0modo
1364 2520 1644 2592 scripserit
1670 2516 1813 2574 idem
1833 2532 2002 2610 evan-

410 2607 606 2703 ,gelista
629 2627 831 2683 dixisse
859 2621 1109 2693 angelum
1137 2616 1453 2674 mulieribus
1481 2632 1494 2668 ε
1519 2613 1624 2680 Ite,
1654 2610 1815 2703 dicite
1841 2607 2002 2665 disci-

415 2701 554 2792 pulis
584 2720 700 2790 ejus
737 2725 784 2771 et
815 2713 974 2770 Petro
999 2713 1123 2786 quia
1161 2708 1413 2782 praacedet
1455 2723 1548 2762 vos
1578 2707 1632 2760 in
1675 2701 1951 2763 Galilwam
1979 2715 1999 2754 :

406 2813 486 2868 ibi
506 2827 627 2867 eum
652 2808 913 2873 uidebitis,
947 2808 1081 2861 sicut
1103 2803 1233 2857 dixit
1266 2801 1428 2866 vobis,
1460 2813 1562 2854 nec
1588 2805 1770 2852 tamen
1812 2794 1887 2850 ibi
1913 2792 1997 2850 vi-

416 2919 538 2961 sum
585 2918 620 2957 a
655 2899 935 2970 discipulis
965 2895 1252 2953 Dominum
1292 2893 1345 2947 in
1387 2889 1495 2947 ullo
1534 2888 1774 2961 posthinc
1825 2885 2001 2942 Evan-

409 2998 543 3070 gelii
573 2996 656 3051 sui
689 2995 808 3058 loco
837 2988 1103 3054 retulerit,
1143 2985 1237 3044 sed
1265 2982 1409 3056 quod
1443 2983 1516 3038 ita
1561 2981 1631 3037 ab
1656 2977 1849 3052 angelo
1883 2985 1938 3070 et
1969 2991 2002 3032 a

418 3067 647 3146 bomino
671 3085 872 3150 dictum
914 3081 1004 3146 sit,
1036 3077 1348 3151 prophetice
1386 3073 1588 3129 dictum
1627 3067 1998 3141 accipiendum

2099 1883 2371 1947 precatur.
2405 1873 2660 1944 Subrepit
2685 1873 2830 1928 enim
2865 1871 3184 1944 frequenter
3211 1873 3403 1940 hostis,
3432 1883 3487 1929 et
3513 1875 3687 1930 subti-

2099 1965 2223 2022 liter
2259 1953 2473 2032 fallens,
2511 1980 2702 2036 preces
2729 1973 2946 2021 nostras
2975 1980 3007 2020 a
3049 1965 3161 2021 Deo
3202 1973 3412 2031 avocat,
3440 1975 3502 2021 ut
3537 1967 3686 2022 aliud

2099 2055 2396 2110 habeamus
2421 2054 2475 2108 in
2501 2055 2668 2110 corde
2687 2063 2743 2109 et
2767 2055 2912 2110 aliud
2936 2053 3273 2125 proferamus
3298 2056 3351 2110 in
3379 2071 3531 2122 voce,
3559 2073 3686 2112 cum

2100 2142 2399 2199 intentione
2425 2142 2634 2198 sincera
2659 2143 2828 2198 Deum
2854 2143 3050 2201 debeat
3076 2159 3182 2200 non
3204 2160 3370 2200 sonus
3391 2146 3562 2212 vocis,
3589 2148 3688 2202 sed

2101 2235 2263 2290 animi
2293 2248 2486 2292 sensus
2512 2249 2674 2291 orare

2168 2325 2300 2381 Ante
2328 2326 2502 2380 omnia
2533 2335 2708 2380 autem
2739 2335 2978 2381 mutuam
3006 2325 3062 2380 in
3100 2327 3480 2399 nobismetipsis
3508 2327 3682 2383 chori»

2099 2429 2258 2474 tatem
2301 2419 2606 2473 continuam
2649 2417 2914 2473 habentes.
2973 2418 3116 2474 Bene
3159 2419 3310 2475 addit
3355 2421 3683 2484 continuant,

2099 2508 2225 2580 quia
2263 2523 2479 2580 semper
2499 2507 2722 2580 diligere
2769 2507 3034 2574 valemus,
3066 2523 3282 2580 semper
3321 2518 3502 2564 autem
3541 2509 3684 2579 vigi-

2099 2594 2212 2652 lare
2251 2595 2306 2651 in
2337 2596 2694 2662 orationibus,
2725 2593 3017 2668 fragilitate
3061 2599 3240 2653 carnis
3273 2597 3542 2663 obstante,
3587 2612 3688 2653 ne—

2099 2688 2335 2759 quimus,
2376 2701 2590 2759 semper
2633 2686 2741 2754 his,
2775 2702 2912 2758 quas
2945 2686 3238 2758 subjungit,
3279 2687 3569 2742 virtutibus
3609 2688 3689 2742 in-

2100 2779 2290 2834 sistere
2319 2777 2542 2834 minime
2565 2777 2824 2844 valemus,
2861 2778 2914 2834 id
2937 2786 3039 2844 est,
3070 2779 3447 2850 bospitalitati,
3475 2778 3686 2834 doctri-

2100 2885 2203 2937 nte,
2231 2868 2687 2942 administrationi
2712 2870 3033 2938 gratiarum,
3075 2869 3161 2924 vel
3202 2869 3570 2925 communium
3598 2868 3688 2922 vel

2100 2959 2422 3033 spiritalium
2481 2961 2534 3014 in
2587 2960 2886 3030 proximos,
2952 2960 3270 3030 exterisque
3336 2957 3686 3028 hujusmodi;

2101 3051 2228 3122 quia
2257 3053 2374 3107 haec
2407 3053 2660 3107 nimirum
2699 3060 2754 3108 et
2795 3067 2893 3122 per
2917 3050 3150 3108 cilicium
3184 3052 3452 3123 corporis,
3498 3060 3554 3106 et
3587 3065 3691 3121 per

412 3141 767 3238 esti-balinea
807 3141 1056 3244 namque
1081 3141 1474 3240 interpretatur
1498 3163 1582 3222 vel
1608 3159 2000 3233 transmigratio

2110 3150 2348 3213 tempora
2391 3149 2690 3214 opportuna
2736 3141 2854 3197 lieri
2917 3157 3140 3198 necesse
3186 3149 3270 3196 est
3295 3160 3308 3196 :
3336 3142 3451 3212 ipsa
3500 3149 3690 3196 autem

418 3281 502 3328 rei
525 3270 786 3326 revelatio.
817 3266 977 3322 Prius
994 3264 1200 3336 itaque,
1238 3259 1534 3318 secundum
1565 3252 1998 3324 transmigratio-

420 3364 506 3418 nis
549 3358 1018 3433 signiﬁcationem,
1067 3353 1196 3424 quid
1239 3350 1385 3408 aliud
1418 3347 1659 3406 occurrit
1700 3344 2002 3416 intelligen-

421 3454 570 3518 dum,
613 3449 868 3523 precedet
906 3463 992 3502 vos
1031 3447 1086 3501 in
1129 3441 1427 3508 Galilazam,
1473 3437 1542 3493 ibi
1578 3453 1697 3492 eum
1739 3433 2000 3499 videbitis,

417 3551 550 3606 sicut
579 3547 726 3602 dixit
761 3543 923 3610 vobis,
967 3541 1074 3597 nisi
1102 3539 1246 3610 quod
1280 3534 1482 3593 Christi
1507 3532 1679 3604 gratia
1709 3529 1776 3585 de
1805 3527 2002 3600 p0pulo

421 3638 586 3696 lsrael
620 3635 1068 3706 transmigratura
1090 3638 1209 3686 erat
1226 3629 1294 3684 ad
1319 3635 1526 3700 gentes,
1554 3621 1751 3694 quibus
1773 3617 2001 3690 apostoli

420 3733 777 3805 praedicantes
823 3723 1176 3796 Evangelium
1224 3719 1371 3778 nullo
1414 3718 1576 3775 modo
1615 3715 2001 3805 crederentur,

420 3803 526 3882 nisi
553 3824 634 3880 eis
670 3823 786 3891 ipse
832 3818 1094 3874 Dominus
1131 3816 1277 3871 viam
1322 3814 1376 3869 in
1425 3809 1680 3868 cordibus
1724 3803 2004 3862 hominum

421 3917 774 3985 prtepararet,
802 3915 860 3962 et
885 3907 994 3962 hoc
1034 3903 1380 3974 intelligimus
1409 3899 1659 3972 prlecedet
1681 3913 1771 3952 vos
1805 3896 1861 3949 in
1897 3891 2006 3985 Ga-

423 3983 638 4060 lilaeam.
663 3997 818 4066 Quod
847 4004 1025 4051 autem
1050 3994 1377 4049 mirarentur
1397 3989 1715 4061 gaudentes,
1746 3983 2005 4055 disruptis

421 4102 476 4148 et
501 4089 694 4147 evictis
731 4082 1151 4147 diﬂicultatibus,
1193 4079 1393 4152 aperiri
1429 4077 1530 4133 sibi
1576 4075 1773 4132 ostium
1804 4073 1857 4128 in
1901 4073 2007 4128 Do-

425 4185 572 4240 mino
610 4195 708 4252 per
737 4175 1184 4233 illuminationem
1226 4168 1484 4233 ﬁdelium,
1515 4166 1618 4221 hoc
1667 4162 2005 4238 intelligitur,

423 4277 495 4332 ibi
529 4290 647 4330 eum
669 4269 926 4335 uidebitis,
953 4267 1007 4323 id
1035 4273 1140 4333 est,
1171 4263 1245 4318 ibi
1274 4260 1517 4317 membra
1544 4257 1661 4328 ejus
1696 4255 2004 4322 invenietis,

426 4365 499 4422 ibi
541 4365 722 4420 vivum
751 4373 948 4431 corpus
991 4355 1109 4426 ejus
1156 4355 1212 4409 in
1257 4352 1338 4408 eis
1381 4349 1476 4422 qui
1524 4362 1617 4405 vos
1651 4345 2005 4416 susceperint,

425 4455 750 4526 agnoscatis.
785 4448 1093 4506 Secundum
1137 4442 1268 4500 illud
1296 4448 1477 4498 autem
1501 4438 1647 4512 quod
1676 4435 1892 4492 Galilaca
1927 4435 2004 4526 in-

430 4542 1051 4632 terpretatukreuelatio,
1079 4554 1186 4595 non
1209 4537 1322 4608 jam
1354 4535 1407 4590 in
1452 4529 1628 4588 forma
1671 4525 2002 4632 servilntel-

429 4637 699 4710 ligendum
747 4620 849 4702 est,
900 4633 996 4689 sed
1044 4633 1099 4686 in
1154 4630 1244 4685 illa
1291 4644 1394 4699 qua
1444 4623 1665 4696 aequalis
1710 4629 1792 4676 est
1831 4620 1999 4686 Patri,

429 4741 590 4796 quam
612 4724 859 4798 promisit
886 4721 1026 4792 apud
1055 4719 1314 4776 Joannem
1357 4713 1704 4773 dilectoribus
1730 4711 1842 4767 suis
1878 4727 2002 4766 cum

429 4818 633 4873 diceret
657 4833 669 4868 :
689 4813 756 4868 Et
777 4828 868 4883 ego
891 4810 1106 4881 diligam
1126 4825 1244 4864 eum
1263 4819 1309 4862 et
1333 4806 1601 4862 ostendam
1622 4806 1874 4874 meipsum
1901 4801 1998 4856 illi.

431 4907 521 4961 Illa
549 4905 652 4959 erit
680 4901 934 4958 revelatio
961 4908 1212 4967 tanquam
1239 4912 1364 4952 vera
1393 4895 1630 4959 Galilzea,
1654 4909 1773 4948 cum
1802 4891 2004 4946 similes

430 4997 479 5051 ci
526 4996 729 5050 erimus
764 4993 856 5047 ubi
895 5006 1018 5046 eum
1065 4987 1365 5044 videbimus
1409 4986 1564 5041 sicuti
1607 4993 1710 5040 est.
1742 4983 1860 5054 ipsa
1904 4983 2009 5039 erit

432 5089 594 5144 etiam
630 5081 837 5141 beatior
867 5078 1269 5150 transmigratio
1309 5093 1375 5133 ex
1405 5078 1506 5132 isto
1536 5075 1732 5132 saeculo
1764 5075 1819 5128 in
1860 5073 2004 5128 illam

431 5177 809 5240 aeternitatem,
831 5173 876 5228 si
897 5169 1014 5241 ejus
1033 5179 1301 5240 prmccpta
1325 5170 1403 5222 sic
1423 5167 1828 5238 amplectamur,
1856 5173 1916 5220 ut
1938 5164 2006 5218 ad

432 5269 710 5324 dexteram
770 5265 886 5336 ejus
940 5259 1211 5330 segregari
1281 5273 1584 5312 mereamur
1629 5265 1801 5311 :tunc
1861 5255 2003 5311 enim

434 5354 588 5416 ibunt
623 5351 830 5411 sinistri
876 5351 930 5405 iu
961 5347 1390 5404 combustionem
1417 5353 1696 5410 internum,
1719 5343 1854 5413 justi
1903 5358 2001 5397 au—

431 5457 542 5505 tem
572 5445 630 5502 in
657 5444 822 5500 vitam
860 5449 1137 5494 aeternam.
1168 5439 1225 5491 In
1263 5436 1577 5491 ascensione
1621 5433 1834 5490 Domini
1873 5433 2004 5488 ista-

436 5550 555 5592 rum
579 5533 804 5589 duarum
829 5529 888 5586 lit
908 5527 1195 5584 concordia
1221 5526 1533 5588 lectionum,
1557 5525 1646 5580 ubi
1675 5525 2007 5579 demonstra-

437 5635 526 5682 tur
558 5620 674 5694 ejus
719 5620 1131 5678 resurrectionis
1169 5628 1329 5687 atque
1373 5617 1701 5671 ascensionis
1739 5615 1907 5685 gloria
1940 5613 2006 5669 de

440 5711 544 5769 hoc
565 5713 778 5779 saeculo,
800 5721 853 5768 et
897 5719 1181 5765 venturum
1207 5708 1321 5778 ejus
1353 5707 1610 5778 judicium
1639 5707 1690 5759 in
1739 5707 1840 5758 tine
1866 5720 2005 5774 prte-

2102 3232 2360 3298 charitas,
2387 3231 2540 3301 cujus
2576 3233 2834 3287 instinctu
2864 3232 2980 3287 haec
3013 3229 3144 3287 foris
3171 3240 3427 3303 aguntur,
3452 3246 3574 3301 quae
3601 3231 3692 3285 in-

2104 3324 2287 3381 teriori
2337 3325 2542 3380 homini
2576 3324 2850 3395 praesidet,
2883 3338 3100 3395 semper
3137 3324 3338 3378 ibidem
3378 3323 3562 3379 haberi
3590 3337 3694 3392 po-

2103 3423 2248 3483 test,
2290 3417 2537 3488 quamvis
2604 3416 2659 3470 in
2715 3416 2991 3488 publicum
3045 3431 3152 3470 non
3208 3431 3424 3486 semper
3471 3416 3690 3472 ostendi

2102 3517 2298 3580 potest.

2176 3598 2313 3665 Quia
2337 3599 2566 3654 charitas
2589 3601 2752 3670 operit
2781 3599 3167 3653 multitudinem
3191 3607 3547 3670 peccatorum,
3574 3607 3689 3652 etc.

2103 3689 2160 3746 lu
2199 3705 2264 3747 eo
2305 3692 2541 3747 maxime
2574 3708 2698 3748 cum
2729 3692 2840 3748 Deo
2868 3691 3064 3747 dicitur
3089 3691 3380 3757 veraciter,
3409 3701 3455 3746 et
3482 3691 3694 3744 dimitte

2104 3782 2251 3838 nobis
2285 3782 2460 3837 debita
2489 3793 2688 3848 nostra,
2721 3783 2855 3837 sicut
2884 3793 2931 3837 et
2965 3799 3058 3837 nos
3082 3782 3393 3836 dimittimus
3432 3781 3692 3835 debitori.-

2105 3872 2200 3926 bus
2223 3872 2441 3927 nostris.
2473 3872 2539 3927 Et
2560 3872 2824 3943 siquidem
2844 3883 3038 3928 cuncta
3062 3887 3224 3943 opera
3250 3872 3390 3928 bona
3415 3887 3534 3943 qua:
3562 3871 3696 3926 faci-

2105 3978 2250 4030 mus,
2275 3963 2462 4035 culpas
2487 3979 2622 4034 quas
2659 3963 2886 4020 fecimus
2914 3964 3121 4020 diluere
3163 3974 3218 4020 et
3245 3965 3528 4034 cooperire
3561 3979 3690 4019 cer-

2106 4063 2220 4109 tum
2243 4063 2352 4121 est;
2387 4055 2482 4111 sed
2509 4055 2622 4110 hate
2651 4054 2773 4110 ideo
2804 4055 3112 4125 specialiter
3135 4055 3202 4111 de
3240 4055 3505 4111 charitate
3530 4056 3689 4114 dicit.

2105 4164 2205 4220 per
2231 4164 2393 4220 quam
2421 4148 2682 4220 proximis
2711 4149 2912 4204 nostris
2935 4163 2996 4202 ea
3020 4163 3139 4218 qua:
3167 4147 3322 4203 nobis
3348 4149 3544 4204 debent
3588 4149 3688 4203 do-

2107 4256 2320 4306 namus,
2363 4241 2489 4310 quia
2529 4240 2890 4310 justissimum
2939 4249 3022 4296 est
3053 4241 3193 4311 apud
3237 4241 3404 4296 Deum
3445 4251 3506 4295 ut
3530 4240 3690 4309 juxta

2107 4344 2417 4385 mensuram
2449 4330 2668 4400 pietatis
2697 4344 2802 4400 qua
2841 4330 3013 4384 mensi
3047 4328 3332 4396 fuerimus,
3370 4333 3691 4386 remetiatur

2107 4421 2280 4476 nobis.
2314 4419 2467 4475 Sicut
2494 4436 2524 4475 e
2548 4428 2736 4476 contra
2774 4420 3088 4475 terribiliter
3124 4419 3242 4474 duri
3273 4421 3453 4476 cordis
3487 4422 3571 4475 vir
3601 4438 3690 4477 sa-

2105 4511 2256 4579 piens
2293 4511 2469 4580 arguit
2494 4510 2678 4565 diccns
2707 4529 2718 4564 :
2747 4509 2919 4564 Homo
2947 4511 3148 4564 homini
3189 4520 3360 4565 servat
3397 4513 3532 4565 iram
3565 4523 3613 4566 et
3659 4530 3691 4566 α

2109 4600 2214 4656 Deo
2255 4602 2438 4672 quaerit
2477 4603 2752 4656 medelam.
2795 4601 2904 4659 Nec
2947 4603 3300 4658 dubitandum
3339 4604 3480 4673 quod
3526 4606 3582 4659 in
3625 4620 3693 4660 eo

2104 4707 2318 4762 quoque
2347 4693 2437 4763 qui
2463 4707 2560 4762 per
2584 4693 2929 4758 charitatem,
2953 4693 3213 4764 quidquid
3240 4694 3383 4749 valet
3403 4709 3534 4764 erga
3572 4711 3692 4751 cor-

2107 4783 2399 4839 rectionem
2440 4785 2693 4854 proximi,
2732 4783 3092 4850 admonendo,
3139 4785 3486 4854 increpando,
3518 4788 3691 4842 casti-

2107 4874 2302 4945 gando,
2345 4884 2620 4944 operatur,
2673 4876 2910 4931 charitas
2960 4877 3074 4947 ipsa
3116 4879 3358 4947 cooperit
3394 4878 3692 4935 multitudi-

2109 4979 2230 5020 nem
2267 4975 2631 5037 peccatorum.
2892 4963 2895 4966 ’

2181 5065 2242 5120 Si
2269 5067 2385 5136 quis
2415 5065 2645 5137 loquitur
2671 5067 2822 5137 quasi
2839 5083 3101 5121 sermones
3131 5066 3248 5121 Dei.
3283 5067 3502 5124 Timone
3533 5069 3690 5124 vide-

2105 5157 2234 5214 licet
2263 5173 2329 5213 ne
2355 5167 2551 5227 printer
2581 5159 2910 5213 voluntatem
2946 5159 3062 5224 Dei,
3111 5159 3197 5214 vel
3229 5171 3424 5230 praeter
3453 5159 3602 5230 quod
3634 5161 3690 5215 in

2111 5248 2309 5303 sanctis
2335 5247 2628 5318 Scripturis
2656 5249 2934 5304 evidenter
2956 5249 3393 5320 pnecipiturﬁel
3416 5250 3566 5305 dicat
3593 5249 3690 5305 ali-

2108 5338 2234 5408 quid
2273 5339 2356 5394 vel
2392 5339 2642 5410 imperet,
2685 5347 2740 5394 et
2773 5340 3083 5394 inveniatur
3116 5348 3374 5410 tanquam
3412 5339 3588 5396 falsus
3613 5349 3693 5397 teL

2108 5431 2230 5498 stis,
2262 5440 2355 5485 aut
2382 5430 2696 5501 sacrilegus,
2727 5431 2812 5484 vel
2843 5431 3190 5486 introducens
3217 5429 3419 5499 aliquid
3448 5431 3690 5487 alienum

2110 5520 2176 5575 ad
2220 5521 2522 5576 doctrinam
2570 5521 2824 5588 Domini;
2873 5521 2961 5576 vel
3001 5531 3150 5576 certe
3176 5520 3598 5591 subrelinquens
3637 5530 3694 5576 et

2108 5612 2420 5681 praeteriens
2451 5611 2652 5681 aliquid
2674 5627 2863 5667 eorum
2889 5627 3009 5682 quae
3038 5611 3149 5666 Deo
3167 5612 3363 5682 placita
3387 5621 3538 5673 sunt,
3563 5627 3690 5667 cum

2111 5703 2226 5772 ipse
2267 5701 2706 5757 manifestissime
2739 5702 3182 5772 praedicatoribus
3221 5702 3463 5758 veritatis
3492 5703 3561 5758 de
3606 5705 3692 5758 liis
