3962 6180
270 269 377 327 ἰὸἶ

1344 265 1651 325 Ηοωιιιε
1685 266 1752 323 ΙΝ
1792 265 2026 323 EVANG

2090 262 2178 322 ET
2222 264 2444 322 EPIST.
3443 261 3554 321 938

272 397 412 455 quos
437 381 564 438 vitis
582 378 1210 451 imbuerent,pra:cipiat
1234 378 1462 436 dicens:
1493 378 1748 435 Docentes
1774 395 1863 435 eos
1890 386 1938 446 Α
1964 379 2186 438 multatis
2211 388 2296 436 est
2321 377 2474 434 Patri
2502 387 2557 449 et
2581 375 2744 444 Filio,
2768 385 2830 433 ut
2854 384 3217 449 cognoscatur
3236 388 3400 433 uasta
3432 392 3559 447 esse

270 491 477 532 seruare
498 474 679 529 omnia
701 490 1028 546 quacunque
1059 472 1308 529 mandavi
1340 474 1499 530 vobis.
1539 472 1606 528 Et
1625 487 1690 528 ea
1718 473 1865 531 enim

271 579 395 636 quae
419 564 537 637 ipse
578 563 1014 627 mandavitmon
1040 564 1170 632 alia,
1199 572 1251 622 et
1300 565 1436 635 haec,
1457 580 1563 620 non
1600 579 1666 620 ex
1708 572 1886 638 parte,

272 658 367 714 sed
392 656 578 713 omnia
604 656 720 714 suis
744 656 1087 714 auditoribus
1106 660 1177 714 ad
1196 657 1523 714 servandum
1541 656 1867 715 contradere

267 745 438 818 jubet.
475 748 481 753 ’

343 834 404 892 Si
421 836 542 909 quis
566 836 835 891 ministrat
857 846 1110 909 tauquam
1133 853 1199 892 ex
1217 837 1428 902 virtute,
1450 853 1611 910 quam
1639 837 1869 893 admini-

273 939 407 987 strat
432 929 576 985 Deus
602 945 623 984 :
653 929 828 984 Tanto
858 927 1115 984 humilius
1138 927 1415 998 impendat
1434 926 1666 998 quisque
1685 927 1869 999 proxi—

274 1039 364 1080 mo
382 1022 594 1079 bonum
622 1037 787 1079 omne
805 1022 952 1092 quod
974 1030 1172 1093 potest,
1204 1028 1407 1092 quanto
1440 1020 1744 1077 certissime
1766 1036 1867 1091 no-

276 1116 351 1170 vit
373 1115 637 1186 quoniam
668 1129 702 1168 a
725 1114 1014 1184 semetipso
1038 1128 1145 1169 non
1172 1120 1355 1185 potest
1378 1112 1580 1169 habere
1602 1112 1747 1183 quod
1767 1111 1871 1167 im-

272 1205 501 1278 pendat,
524 1204 663 1259 utin
690 1203 943 1260 omnibus
964 1204 1354 1263 bonoriiicetur
1380 1204 1523 1259 Deus
1548 1219 1647 1274 per
1681 1202 1869 1260 Jesum

277 1297 578 1361 Christum,
597 1295 757 1365 juxta
797 1295 969 1366 ipsius
993 1294 1122 1351 Jesu
1157 1294 1360 1352 Christi
1397 1304 1729 1369 prmeeptum
1762 1310 1871 1367 quo

276 1388 350 1441 ait
378 1404 393 1441 :
430 1385 659 1441 Videant
689 1395 857 1457 vestra
884 1384 1018 1441 bona
1051 1400 1231 1456 opera,
1258 1394 1307 1439 et
1335 1383 1627 1457 gloriﬁcent
1654 1384 1871 1439 Patrem

277 1489 505 1535 vestrum
528 1479 622 1549 qui
658 1477 714 1531 in
739 1475 878 1533 malis
912 1485 1017 1536 est.
1064 1475 1467 1533 llonoriﬁcalur
1489 1492 1619 1549 ergo
1644 1478 1787 1533 Deus
1816 1477 1872 1533 in

279 1570 496 1626 actibus
539 1566 766 1633 nostris,
790 1580 913 1623 cum
938 1580 1099 1623 omne
1123 1566 1270 1638 quod
1313 1566 1452 1623 bene
1478 1582 1545 1623 ac
1575 1567 1873 1627 secundum

282 1660 619 1717 voluntatem
641 1658 735 1714 Dei
762 1657 1011 1724 facimus,
1038 1672 1143 1715 non
1171 1657 1276 1715 hoc
1293 1658 1497 1715 nostris
1520 1657 1756 1723 meritis,
1777 1658 1875 1715 sed

1965 466 2295 527 voluntatem
2329 479 2492 542 atque
2516 471 2885 542 operationem
2915 478 3117 539 sancta
3145 468 3448 531 Trinitatis.
3524 524 3529 533 .

2036 559 2163 628 Ille,
2189 561 2385 631 inquit,
2433 561 2787 617 testimonium
2830 559 3117 632 perhibebit
3162 559 3227 615 de
3246 576 3365 626 eme,
3384 568 3439 623 et
3468 575 3559 615 vos

1964 654 2319 709 testimonium
2347 650 2698 724 perhibebitis.
2716 651 2855 718 Quia
2883 650 3029 723 quod
3049 649 3257 720 Spiritu
3285 649 3435 706 intus
3454 650 3559 707 do-

1968 755 2126 803 cente
2146 754 2529 818 perceperunt,
2555 744 2690 810 hac,
2713 742 2924 812 abiecto
2944 745 3156 810 timore,
3187 743 3564 814 praestiterunt

1966 834 2103 892 loris
2153 834 2424 906 loquendo
2468 842 2522 890 et
2555 834 2676 889 aliis
2724 834 3101 889 ministrando.
3151 832 3274 903 [pse
3325 848 3561 904 namque

1970 924 2206 997 Spiritus
2217 927 2385 984 corda
2399 941 2587 983 eorum
2605 925 2673 981 ad
2690 925 2971 981 scientiam
2986 925 3232 981 veritatis
3248 925 3560 991 illustravit,

1968 1026 2024 1072 et
2045 1019 2113 1075 ad
2132 1017 2376 1075 docenda
2406 1032 2529 1086 qua:
2557 1023 2785 1073 noscent
2812 1014 3051 1071 culmina
3094 1016 3343 1073 veritatis
3363 1015 3558 1073 erexit.

1970 1109 2103 1166 Eunt
2128 1118 2305 1165 autem
2329 1108 2548 1175 venerit,
2579 1108 2678 1174 ait,
2722 1106 3057 1172 Paracletus,
3089 1105 3179 1160 ille
3209 1107 3563 1163 testimonium

1968 1199 2253 1274 perhibebit
2281 1200 2345 1255 de
2368 1216 2470 1255 me.
2504 1198 2785 1271 Tanquam
2813 1199 3041 1264 diceret,
3070 1197 3208 1254 Odio
3231 1214 3321 1256 me
3359 1199 3566 1263 habite-

1972 1301 2102 1348 runt
2119 1301 2174 1348 et
2200 1291 2516 1348 occiderunt
2541 1291 2819 1358 videntes,
2847 1291 2943 1348 sed
2970 1291 3076 1346 tale
3099 1291 3167 1346 de
3197 1306 3286 1347 me
3314 1290 3565 1347 Paracle—

1972 1395 2060 1443 tus
2084 1386 2453 1445 testimonium
2480 1384 2811 1457 perhibebit,
2844 1393 2905 1441 ut
2930 1399 3025 1440 eos
3053 1383 3219 1439 faciat
3239 1384 3294 1439 in
3324 1398 3411 1439 me
3439 1398 3564 1439 cre-

1975 1478 2104 1535 dere
2133 1493 2241 1533 non
2271 1477 2536 1533 videntes.
2573 1475 2642 1530 Et
2667 1492 2775 1540 vos,
2825 1474 3024 1547 inquit,
3050 1475 3405 1531 testimonium
3448 1490 3568 1544 per-

1972 1568 2229 1637 Itibebitis,
2261 1569 2387 1641 quia
2410 1567 2475 1623 ab
2497 1567 2649 1631 initio
2674 1583 2878 1623 mecum
2897 1567 3042 1622 estis.
3068 1565 3380 1622 Perhihebit
3400 1564 3571 1636 Spirio

1978 1672 2066 1718 tus
2092 1670 2330 1726 sanctus,
2357 1659 2713 1732 perhibebitis
2732 1668 2790 1716 et
2809 1674 2926 1725 vos,
2959 1659 3051 1729 qui
3073 1659 3145 1715 ab
3178 1658 3333 1723 initio
3353 1673 3565 1717 urceum

280 1753 395 1824 eius
419 1752 619 1826 81⁵³³³³⁸
644 1751 963 1817 tribuimus;
994 1764 1026 1806 θ
1054 1756 1242 1806 contra
1268 1757 1447 1806 autem
1474 1749 1616 1819 milia
1642 1764 1765 1819 ιιιιω
1784 1763 1875 1821 ὅθ·
1900 1756 1950 1816 Β
1974 1758 2139 1824 estis,
2164 1756 2392 1828 potestis
2418 1756 2712 1826 przedicaxe
2738 1756 2884 1825 quod
2904 1754 3079 1813 nostis
3099 1753 3245 1824 quod
3272 1755 3439 1811 modo
3456 1766 3568 1813 non

280 1845 453 1899 rimus
479 1851 687 1898 nostrze
716 1839 892 1897 solum
941 1839 1181 1906 malitiae,
1212 1838 1299 1894 vel
1334 1838 1562 1906 inertiae,
1594 1839 1682 1894 vel
1717 1838 1873 1911 igno-

282 1935 472 1990 rantia:
517 1934 882 2004 deputamus:
907 1930 1031 1987 ideo
1074 1943 1296 1986 necesse
1331 1937 1417 1986 est
1458 1935 1519 1983 ut
1564 1929 1732 1997 vitam
1778 1943 1875 1984 no-

281 2037 450 2082 stram
486 2027 542 2080 in
566 2024 826 2080 omnibus
848 2022 1149 2079 semiudum
1174 2020 1508 2078 voluntatem
1535 2020 1632 2077 Dei
1660 2020 1876 2076 ordine-

282 2134 424 2183 mus,
452 2124 516 2171 et
538 2129 603 2169 ea
629 2129 751 2185 quae
779 2113 851 2169 ab
878 2126 943 2168 eo
960 2111 1115 2183 jussa
1142 2120 1273 2167 sunt
1306 2110 1546 2169 studiose
1570 2109 1873 2179 faciamus;

282 2226 401 2282 quae
428 2217 617 2265 autem
655 2207 727 2263 ab
753 2222 822 2263 eo
859 2205 1133 2277 prohibita
1173 2211 1303 2259 sunt
1338 2202 1485 2258 nullo
1519 2202 1680 2258 modo
1712 2215 1877 2273 agan-

286 2312 389 2368 tur,
420 2301 519 2358 sed
552 2301 608 2356 in
638 2306 786 2355 recta
826 2297 933 2353 ﬁde
960 2304 1017 2352 et
1042 2296 1200 2353 bouis
1228 2294 1510 2365 operibus,
1537 2307 1709 2363 usque
1737 2292 1791 2348 in
1814 2291 1878 2347 ti-

286 2410 407 2450 nem
435 2393 567 2449 vita:
595 2405 953 2463 perseverare
978 2387 1410 2446 contendamus:
1437 2392 1736 2456 praestante
1765 2383 1874 2439 Do.

287 2485 432 2539 mino
458 2492 652 2538 nostro
690 2480 820 2537 lesu
848 2479 1087 2544 Christo,
1114 2478 1207 2548 qui
1234 2491 1358 2532 cum
1387 2476 1551 2531 Patre
1581 2483 1639 2531 et
1671 2474 1879 2545 Spiritu

286 2584 476 2648 sanun
503 2574 641 2630 vivit
665 2582 722 2630 et
746 2578 936 2643 regnat
961 2570 1104 2627 Deus
1124 2585 1228 2641 per
1262 2568 1446 2625 omnia
1477 2567 1675 2624 amenta
1712 2582 1878 2622 saecu-

288 2665 483 2731 lorum.
512 2665 711 2722 Amen.

831 2771 1113 2828 llOMlLlA
1150 2769 1338 2825 XLIX.

837 2900 889 2941 IN
928 2899 1103 2941 EODEII
1141 2898 1329 2940 F5810.

393 3000 586 3057 Lectio
625 2998 799 3054 sancti
841 2995 1117 3068 Evangelii
1160 2993 1455 3051 secundum
1485 2991 1773 3049 Joannem.

1976 1849 2179 1916 facitis,
2206 1849 2339 1926 quia
2375 1847 2522 1907 illius
2569 1845 2805 1917 Spiritus
2832 1844 3116 1917 plenitudo
3145 1845 3385 1903 nondum
3413 1844 3573 1901 adest

1976 1941 2152 1999 vobis.

2050 2032 2184 2089 Hau:
2232 2032 2440 2089 laeuus
2486 2046 2607 2087 sum
2647 2029 2789 2099 saltis
2839 2038 2899 2082 ut
2947 2044 3057 2084 non

1976 2126 2184 2199 Absque
2208 2126 2488 2197 synagogis
2533 2123 2729 2194 facient
2752 2140 2863 2178 vos.
2896 2122 3120 2179 Curavit
3165 2136 3403 2193 namque
3447 2123 3571 2194 pius

1977 2217 2238 2289 magister
2262 2216 2442 2272 futura
2463 2214 2741 2285 discipulis
2768 2228 3061 2286 pravorum
3088 2214 3227 2271 bella
3251 2214 3569 2286 prmdicere,

1978 2320 2087 2376 quo
2111 2306 2292 2362 minus
2319 2307 2437 2363 haec
2459 2321 2555 2362 eos
2576 2305 2851 2360 venientia
2866 2311 3092 2375 possent
3118 2304 3366 2371 turbare;
3399 2303 3575 2361 solent

1976 2396 2125 2453 enim
2172 2396 2346 2453 levius
2396 2396 2527 2453 ferri
2557 2397 2785 2451 adversa
2832 2409 2954 2465 qua:
2996 2395 3380 2464 praedantur,
3406 2409 3574 2466 quam

1977 2501 2100 2557 quae
2125 2486 2311 2543 subito
2335 2501 2404 2542 ex
2450 2488 2738 2557 desperato
2763 2484 3170 2556 superveniunt.
3199 2485 3354 2541 Sicut
3391 2486 3444 2540 in
3472 2502 3573 2543 sa:-

1976 2580 2154 2635 cnlari
2198 2579 2504 2636 litteratura
2548 2579 2773 2650 legitur,
2800 2592 2947 2648 smpe
2998 2574 3267 2650 repentini
3316 2593 3479 2634 castis
3517 2589 3575 2635 et

1982 2670 2416 2742 perturbationes
2462 2668 2788 2726 fortissimos
2834 2683 3082 2739 quosque
3108 2668 3164 2723 in
3200 2668 3345 2725 belle
3370 2669 3574 2726 milites

1980 2761 2159 2823 solent
2192 2760 2445 2833 fatigare.

2052 2851 2157 2913 Sed
2178 2853 2312 2909 venit
2338 2854 2470 2909 hora
2492 2863 2549 2909 ut
2566 2855 2736 2909 euntis
2758 2855 2850 2926 qui
2876 2853 3123 2922 interﬁcit
3153 2870 3261 2919 vos,
3292 2855 3577 2910 arbitretur

1982 2943 2284 3017 obsequium
2312 2961 2368 3000 se
2395 2956 2649 3014 praetore
2676 2946 2806 3001 Deo.
2834 2945 3260 3003 Arbitrabantur
3293 2947 3440 3002 enim
3471 2951 3574 3003 ob-

1981 3034 2232 3104 sequium
2268 3048 2329 3090 se
2373 3034 2485 3089 Deo
2513 3043 2778 3106 praestare
2821 3034 3016 3101 Judaei,
3047 3035 3101 3090 in
3128 3049 3199 3090 eo
3223 3037 3369 3106 ψιθύ
3416 3037 3579 3093 mini-

361 3118 427 3173 ln
456 3117 551 3172 illo
579 3126 814 3186 tempore
841 3114 975 3169 dixit
1001 3114 1159 3169 Iesus
1179 3112 1449 3185 discipulis
1473 3114 1617 3173 suis;
1642 3113 1776 3168 Cum
1803 3129 1883 3169 ve-
1909 3119 1956 3182 (ζ
1984 3134 2132 3181 εει-οε
2151 3124 2287 3181 Novi
2314 3125 2647 3183 Testamemi
2674 3126 2815 3184 odiis
2834 3127 3264 3197 insequebantur
3288 3136 3347 3183 et
3364 3135 3575 3196 morte;

294 3214 422 3268 serit
460 3211 701 3283 Spiritus
748 3207 1069 3281 paradetus,
1093 3224 1242 3280 quem
1280 3224 1374 3280 ego
1418 3209 1624 3265 mittam
1666 3207 1807 3263 vobis
1849 3224 1883 3262 a

294 3305 455 3361 Patre
503 3321 645 3371 meo,
689 3302 934 3376 spiritum
970 3302 1226 3367 veritatis,
1267 3300 1356 3372 qui
1410 3316 1445 3357 a
1494 3299 1885 3372 Patre‘proce-

295 3398 390 3460 dit.
420 3405 535 3452 etc.

360 3488 441 3543 Ex
479 3486 670 3542 multis
713 3483 893 3539 sancti
936 3481 1215 3556 Evangelii
1254 3481 1389 3537 locis
1427 3480 1730 3536 invenimus
1755 3478 1884 3550 quia

294 3578 543 3650 discipuli
569 3585 701 3633 ante
726 3576 1016 3631 adventum
1045 3574 1220 3629 sancti
1252 3573 1487 3644 Spiritus
1521 3573 1702 3628 minus
1724 3587 1885 3642 capa-

296 3687 380 3727 ces
407 3677 571 3726 erant
597 3669 667 3723 ad
699 3666 1101 3739 intelligendum
1133 3681 1333 3721 arcana
1360 3666 1556 3723 divina:
1586 3665 1886 3723 sublimita-

299 3765 380 3830 tis,
409 3764 598 3819 minus
627 3760 799 3815 fortes
823 3760 892 3814 ad
916 3757 1196 3815 toleranda
1226 3759 1458 3814 adversa
1479 3758 1728 3813 humana:
1760 3772 1888 3827 pra-

296 3854 496 3919 vitatis,
546 3852 645 3908 sed
670 3851 773 3916 eis,
820 3848 1143 3906 adveniente
1180 3847 1404 3918 Spiritu,
1435 3863 1559 3903 cum
1602 3855 1887 3918 augmento

296 3945 491 4001 divina:
530 3940 828 4015 agnitionis
857 3941 982 3996 data
1014 3949 1100 3996 est
1148 3940 1312 3995 etiam
1351 3939 1653 4007 constantia
1683 3939 1752 3994 ad
1777 3938 1889 3993 vin-

297 4038 466 4093 cenda
512 4036 769 4090 humans:
806 4031 1204 4103 persecutionis
1228 4037 1557 4087 tentamenta
1581 4046 1594 4081 :
1620 4028 1763 4085 unde
1792 4041 1886 4082 eos

298 4126 534 4200 Spiritus
574 4123 755 4182 sancti
798 4122 1032 4179 adventu
1078 4120 1329 4194 promisit
1371 4119 1703 4176 roborandos
1743 4133 1884 4185 esse,

299 4220 376 4275 vel
415 4221 487 4275 ad
536 4217 795 4273 ﬁduciam
837 4214 1261 4287 prmdicationis,
1288 4213 1374 4269 vel
1418 4212 1486 4268 ad
1526 4210 1889 4269 constantiam

300 4310 586 4381 passionis,
613 4310 758 4365 sicut
792 4309 846 4365 in
875 4308 992 4379 ipso
1021 4305 1263 4378 principe
1285 4303 1649 4376 apostolorum
1684 4301 1887 4359 factum

301 4420 417 4461 esse
442 4403 824 4475 cognovnnus,
858 4401 953 4472 qui
983 4400 1133 4471 prius
1170 4399 1238 4455 ad
1283 4399 1442 4454 unius
1468 4396 1675 4453 ancillas
1701 4410 1888 4459 vocent

1982 3215 2102 3282 sed,
2118 3215 2379 3271 sicutillis
2408 3216 2787 3272 testimonium
2806 3218 3057 3288 perhibet
3075 3217 3386 3289 Apostolus,
3408 3234 3579 3274 aemu-

1986 3305 2242 3361 lationem
2284 3306 2487 3361 habent
2522 3306 2621 3361 sed
2648 3320 2756 3362 non
2784 3308 3079 3362 secundum
3129 3307 3433 3364 scientiam.
3476 3312 3582 3364 Arb

1984 3397 2256 3453 bitrantur
2281 3411 2412 3468 ergo
2438 3396 2573 3467 legis
2610 3394 2955 3455 aemulatores
2983 3400 3305 3471 obsequium
3333 3414 3393 3456 se
3432 3414 3578 3470 prtu-

1985 3498 2134 3546 stare
2179 3490 2312 3554 Deo,
2340 3489 2469 3544 dum
2506 3489 2849 3560 praeconibus
2893 3491 3082 3561 gratim
3118 3504 3282 3545 neces
3312 3491 3575 3557 infamat,

1985 3582 2080 3638 sed
2105 3580 2223 3650 ejus
2244 3580 2418 3650 legem
2440 3594 2562 3649 qua:
2587 3595 2686 3650 per
2712 3577 2969 3633 famulum
2996 3580 3123 3633 data
3151 3588 3235 3633 est
3260 3578 3575 3645 defendunt,

1985 3676 2079 3745 qui
2104 3673 2333 3745 gratiam
2360 3688 2523 3743 quam
2550 3673 2666 3743 ipse
2687 3671 2856 3728 Filius
2877 3670 3033 3727 oll‘ert
3051 3673 3298 3744 accipere
3320 3682 3575 3729 renuunt.

1989 3764 2096 3821 Sed
2126 3767 2399 3820 incassum
2445 3764 2594 3819 Patri
2641 3764 2857 3835 placere
2903 3763 3198 3831 aestimant,
3226 3765 3319 3836 qui
3352 3764 3451 3820 Dei
3488 3764 3572 3820 Fi-

1988 3857 2118 3912 lium
2157 3866 2535 3922 contemnere,
2584 3856 2695 3912 imo
2740 3855 2907 3911 etiam
2935 3857 3189 3927 persequi
3220 3871 3286 3912 ac
3330 3856 3581 3929 blasphe-

1987 3964 2141 4006 mare
2171 3949 2439 4005 laborant.
2462 3950 2580 4005 Duo
2602 3948 2740 4005 dixit
2764 3949 2868 4005 illis
2887 3963 3011 4005 esse
3035 3957 3265 4005 ventura
3296 3964 3328 4004 a
3354 3947 3578 4015 Judaeisa

1990 4043 2045 4099 id
2068 4050 2186 4110 est,
2218 4051 2280 4097 ut
2324 4050 2478 4098 extra
2507 4057 2836 4115 synagogam
2873 4055 2970 4099 eos
2997 4040 3260 4107 facerent,
3307 4049 3360 4097 et
3388 4049 3450 4097 ut
3485 4055 3581 4098 eos

1990 4132 2385 4200 interﬁcerent,
2431 4149 2552 4204 qua:
2576 4133 2743 4189 etiam
2777 4133 2845 4188 ad
2892 4132 3165 4188 cumulum
3215 4131 3581 4187 damnationis

1991 4222 2135 4279 illius
2180 4215 2363 4294 populi
2411 4224 2790 4294 pertinebant,
2839 4233 2901 4279 ut
2947 4224 3017 4279 ad
3053 4222 3285 4278 salutem
3336 4223 3578 4292 gentium

1990 4311 2277 4384 profutura
2308 4314 2554 4370 fuissent.
2607 4314 2761 4371 Sicut
2789 4314 2988 4369 Paulus
3015 4315 3069 4368 in
3097 4312 3324 4368 Actibus
3364 4319 3582 4383 apti!!!)-

1993 4402 2169 4457 lorum
2216 4402 2322 4459 illis
2364 4402 2570 4460 Judmis
2615 4404 2755 4459 dixit
2803 4418 2819 4457 :
2863 4402 3005 4469 Quia
3025 4403 3272 4473 indignos
3311 4418 3399 4458 vos
3426 4401 3581 4458 verbo

302 4471 576 4555 Cln‘istunl
624 4496 806 4553 timuit
851 4471 1122 4560 cnumcri,
1164 4508 1325 4562 (190m
1370 4499 1555 4560 P0319“
1598 4490 1800 4558 Palam,
1832 4497 1891 4547 ει
1916 4471 1966 4532 Β
1992 4499 2090 4553 Dei
2146 4500 2343 4569 fecistis
2368 4538 2383 4563 ,
2414 4514 2529 4554 ecce
2581 4498 2935 4553 convertimur
2980 4497 3049 4551 ad
3097 4471 3293 4568 gentes.
3325 4495 3413 4552 Sic
3440 4497 3578 4550 enim

302 4592 555 4646 omnibus
578 4585 1176 4650 cateriscoustantius,
1208 4583 1413 4654 Spiritu
1441 4590 1631 4637 sancto
1667 4582 1890 4639 robora-

305 4694 387 4739 tus
417 4682 609 4739 multis
633 4680 942 4737 Iudaeorum
983 4678 1222 4735 millibus
1246 4675 1588 4746 peredicavit;
1623 4674 1697 4729 ita
1730 4685 1787 4727 ut
1821 4672 1891 4728 ad

303 4774 417 4844 ejus
443 4770 888 4842 praedicationem
916 4767 1022 4823 tria
1050 4765 1216 4825 millia
1242 4766 1480 4825 virorum
1510 4763 1892 4833 legamusere-

303 4864 504 4918 didisse
529 4869 585 4915 et
628 4859 930 4931 baptizatos
952 4869 1095 4922 esse,
1124 4864 1179 4911 et
1223 4870 1328 4911 non
1359 4863 1478 4924 post
1504 4852 1732 4913 multum
1760 4861 1893 4909 tem-

305 4956 453 5025 patis
493 4955 661 5010 etiam
690 4951 931 5022 quinque
984 4949 1145 5009 millia
1194 4947 1508 5005 creditﬁsse.
1552 4945 1732 5017 Quod,
1757 4952 1889 5000 Vero

307 5047 405 5111 ait,
431 5045 524 5116 qui
546 5061 582 5098 a
629 5042 790 5098 Patre
813 5040 1069 5113 procedit,
1108 5047 1164 5099 et
1198 5037 1381 5093 statim
1418 5036 1714 5107 subjunxlt,
1737 5052 1891 5106 quens

305 5153 403 5207 ego
431 5137 660 5198 mm,
687 5132 956 5203 signiﬁcat
994 5130 1137 5200 quod
1173 5128 1452 5199 mqualiter
1478 5127 1621 5183 idem
1655 5126 1893 5197 Spiritus

306 5234 528 5281 sanctus
553 5240 584 5278 a
611 5221 776 5279 Patre
808 5230 867 5281 et
892 5220 1030 5277 Filio
1059 5218 1301 5290 procedit
1339 5227 1396 5272 et
1420 5216 1700 5286 aequaliter
1728 5232 1765 5269 ιι
1791 5218 1892 5274 Pa—

308 5324 391 5373 tre
410 5326 473 5371 et
496 5315 636 5371 Filio
672 5313 947 5371 mittitur:
970 5312 1068 5368 sed
1104 5318 1325 5380 prepter
1346 5308 1750 5365 distinctionem
1777 5323 1896 5378 per-

305 5423 565 5465 seuerum
616 5406 935 5464 hicdicitur
974 5419 1005 5459 a
1047 5402 1209 5458 Patre
1251 5401 1545 5471 procedere
1592 5409 1649 5457 et
1677 5415 1708 5455 a
1756 5399 1893 5456 Filio

306 5500 472 5565 mitti.
501 5500 556 5556 in
575 5499 769 5557 eadem
812 5495 1160 5555 distinctione
1186 5507 1537 5564 personarum
1578 5508 1740 5553 unam
1771 5507 1891 5549 esse

307 5593 676 5662 qterationem
705 5607 768 5647 ac
792 5589 1124 5644 voluntatem
1151 5602 1306 5643 suam
1333 5602 1455 5643 cum
1498 5584 1676 5641 Patris
1701 5585 1905 5640 volun-.

310 5691 425 5740 ἐκ
452 5684 759 5749 cleriuntiat.
794 5680 956 5739 Venit
992 5680 1154 5737 etiam
1178 5687 1235 5735 et
1265 5693 1361 5734 sua
1391 5686 1603 5746 sponte,
1632 5678 1889 5746 quouiam

1991 4592 2236 4661 praecepit
2273 4590 2418 4644 nobis
2449 4589 2707 4644 Dominus
2734 4606 2754 4643 :
2782 4589 2917 4644 Ecce
2944 4589 3065 4644 dedi
3096 4599 3147 4644 te
3176 4591 3231 4644 in
3261 4589 3428 4645 lucem
3457 4606 3582 4660 gen-

1991 4683 2139 4743 tium,
2182 4690 2240 4735 at
2269 4682 2344 4736 sis
2389 4680 2564 4736 salvus
2586 4682 2648 4735 in
2689 4697 2752 4735 ea
2790 4697 2953 4753 usque
2990 4682 3059 4735 ad
3088 4692 3377 4736 extremum
3402 4689 3576 4737 terra.

1994 4768 2254 4842 Sequitur
2283 4790 2297 4826 :
3280 4774 3285 4779 ’

2064 4863 2133 4917 Et
2161 4863 2273 4917 hare
2301 4860 2495 4933 facient
2521 4862 2647 4934 quia
2676 4879 2780 4917 non
2831 4868 3083 4917 noverunt
3130 4876 3219 4917 me
3256 4876 3419 4934 neque
3462 4859 3577 4915 Pu—

1995 4963 2125 5006 trem
2163 4966 2358 5007 meum.
2391 4952 2528 5020 Quia
2578 4951 2721 5006 enim
2770 4952 2945 5007 Filius
2988 4953 3048 5008 in
3094 4951 3276 5019 Patre,
3331 4963 3389 5008 et
3419 4940 3583 5010 Pater

1996 5052 2079 5098 est
2121 5042 2178 5098 in
2207 5042 2379 5108 Filio,
2407 5050 2463 5097 et
2490 5042 2583 5114 qui
2624 5042 2772 5097 videt
2809 5042 3004 5098 Filium
3054 5043 3200 5098 videt
3242 5051 3298 5097 et
3340 5040 3576 5107 Patrem,

1997 5142 2147 5206 patet
2191 5134 2436 5205 profecto
2494 5132 2641 5204 quod
2689 5134 3149 5205 quicunqucFilii
3203 5134 3577 5189 credulitatem

1997 5223 2266 5279 obstinata
2300 5232 2486 5279 mente
2527 5223 2773 5294 rejiciunt
2796 5263 2810 5289 ,
2857 5236 2957 5278 nec
3004 5221 3221 5279 Patrem
3265 5237 3425 5278 nosse
3452 5237 3580 5292 pre-

1997 5316 2212 5370 bantnr.
3306 5360 3317 5367 ,
3576 5328 3579 5335 ·

2068 5403 2197 5458 Hac
2221 5404 2287 5459 ab
2314 5405 2465 5458 initio
2489 5404 2645 5460 vobis.
2674 5416 2777 5459 non
2807 5404 2941 5469 diu,
2963 5402 3086 5475 quia
3113 5402 3373 5458 vobiscum
3405 5412 3575 5455 erm.

1998 5493 2189 5565 Magna
2216 5496 2511 5551 consolatio
2553 5504 2637 5552 est
2660 5493 3047 5564 discipulorum
3075 5501 3136 5547 ut
3166 5488 3581 5547 reminisceren-

1997 5593 2086 5640 tur
2107 5594 2233 5641 ante
2252 5586 2511 5657 puedieta
2522 5600 2647 5643 esse
2660 5601 2691 5639 a
2714 5586 2977 5656 magistro
2995 5596 3116 5652 quae
3134 5580 3347 5651 passuri
3372 5594 3575 5646 essent.

1993 5686 2049 5731 et
2068 5677 2317 5744 eumdem
2334 5691 2398 5734 se
2418 5677 2622 5733 scirent
2640 5674 2843 5732 habere
2867 5673 3242 5743 adjutoremet
3263 5684 3547 5733 remunera
3562 5699 3582 5716 -
