3962 6180
420 354 542 427 Ἢ)

1065 368 1124 421 Β.
1163 366 1417 422 RABAN
1450 364 1667 423 MAURI
1701 362 2020 422 ARClllEP.
2066 361 2375 419 MOGUNT.
2417 358 2704 420 OPERUM
2743 358 2925 415 PARS
2962 356 3025 411 ll.

3594 348 3697 409 2&0

433 488 612 539 torem
636 495 769 553 ,pro
796 483 949 550 cujus
974 480 1191 535 nomine
1222 476 1349 533 talia
1378 491 1633 547 passuros
1654 491 1713 532 se
1736 490 1856 532 esse
1876 487 2015 545 prm-
2045 477 2093 536 Α
2123 487 2428 529 sermonem
2478 487 2636 526 suum
2682 479 2739 526 et
2770 463 3062 525 ostendens
3097 464 3367 536 quomodo
3392 460 3458 520 de
3507 478 3574 521 eo
3612 462 3699 535 qui

438 572 642 629 dictum
670 576 756 626 est
790 566 916 625 illis.

490 662 623 720 ‘Sed
647 663 759 718 hac
785 661 989 717 locutus
1019 676 1136 716 sum
1163 660 1320 725 vobis,
1377 670 1433 714 ut
1467 677 1585 714 cum
1623 659 1816 714 venerit
1864 659 2017 723 hora,

430 771 618 812 eorum
648 754 1079 819 reminiscamini,
1104 753 1227 826 quia
1270 769 1361 824 ego
1392 752 1504 808 dixi
1530 753 1690 806 vobis.
1722 750 1852 819 Quae
1894 758 2020 806 sunt

422 862 557 917 quae
579 846 647 901 ab
676 844 832 899 initio
868 842 975 901 illis
998 859 1107 900 non
1152 843 1329 899 dixit?
1351 841 1526 898 Etiam
1556 843 1621 898 de
1649 841 1854 913 Spiritu
1902 856 2021 896 san-

434 943 525 989 ctu
562 949 726 1005 quem
752 932 1013 990 missurus
1043 941 1160 988 erat
1184 932 1291 989 illis
1320 948 1352 988 a
1378 933 1562 998 Patre,
1588 942 1643 987 et
1674 930 1741 987 de
1775 931 2020 987 consola-

437 1027 587 1082 tione
615 1035 670 1081 et
699 1026 1107 1083 confirmatione
1132 1024 1373 1094 ejusdem
1407 1024 1665 1096 Spiritus,
1693 1040 1801 1094 quo
1826 1038 2021 1078 conso-

435 1117 579 1173 landi
611 1125 666 1173 et
686 1118 972 1175 roborandi
998 1117 1246 1185 fuissent,
1265 1124 1327 1172 ut
1350 1116 1531 1173 omnia
1558 1115 1741 1171 mundi
1771 1115 2016 1180 adversa,

438 1207 522 1262 vel
572 1207 874 1264 Iudaeorum
931 1204 1181 1264 seandala
1234 1215 1292 1264 et
1352 1206 1795 1278 persecutiones,
1848 1204 2020 1260 libero

438 1301 623 1357 animo
651 1302 949 1358 formidare
981 1315 1085 1357 non
1114 1300 1446 1357 debuissent.

510 1392 642 1449 Hcce
670 1395 734 1449 ab
771 1394 922 1449 initio
953 1411 1057 1449 non
1080 1393 1215 1459 dixi,
1242 1394 1365 1465 quia
1395 1392 1655 1448 vobiscum
1682 1406 1847 1445 erant.
1881 1378 2022 1458 Quo-

435 1486 585 1540 niam
608 1500 727 1541 mea
748 1485 1036 1555 praesentia
1064 1484 1444 1540 consolabatur
1467 1498 1585 1540 vos.
1622 1483 1853 1538 istarum
1887 1482 2021 1536 dua-

435 1591 557 1630 rum
601 1574 659 1630 in
693 1576 975 1632 cbaritatis
1021 1573 1202 1631 ofﬁcio
1251 1575 1311 1630 fit
1350 1574 1636 1630 concordia
1683 1573 2015 1637 lectionum,

433 1678 598 1735 quam
622 1665 714 1735 qui
741 1664 981 1735 perfecte
1028 1664 1214 1729 habet,
1243 1672 1299 1718 et
1330 1671 1440 1717 tam
1479 1661 1642 1717 corde
1688 1675 1852 1731 quam
1894 1674 2020 1730 ope-

431 1755 586 1810 ribus
612 1755 844 1826 pleniter
870 1768 1041 1824 usque
1087 1754 1140 1808 in
1187 1752 1351 1809 linem
1379 1753 1503 1808 vita:
1546 1765 1765 1808 servare
1794 1759 2019 1807 conten-

2120 562 2416 621 secundum
2438 577 2661 619 carnem
2691 570 2773 618 est
2810 556 3075 629 dixit,qui
3100 557 3238 611 enim
3261 556 3572 626 sanctiﬁcat,
3596 557 3701 614 hoc

2118 664 2202 711 est
2228 649 2505 721 Christus;
2539 661 2587 708 et
2611 654 2701 723 qui
2740 649 3162 718 sanctiﬁcantur,
3193 646 3298 701 hoc
3322 654 3426 714 est,
3460 663 3580 713 nos,
3620 647 3697 704 in-

2120 744 2289 801 tueris
2314 753 2575 816 quantum
2605 741 2866 798 interest?
2892 738 2982 794 llle
3029 737 3349 804 sanctificat,
3378 752 3476 795 nos
3503 740 3702 795 sancti-

2120 834 2366 890 ﬁcamur.
2394 835 2634 899 Addidit,
2654 849 2720 887 ea:
2741 848 2846 886 uno
2869 847 3065 886 omnes.
3095 829 3245 885 Unus
3270 837 3355 885 est
3387 830 3531 886 enim
3559 829 3702 887 Deus

2120 942 2151 983 a
2180 944 2288 997 quo
2314 928 2532 993 omnia;
2560 926 2654 981 sed
2680 924 2767 980 ille
2790 924 2968 989 aliter,
3000 921 3159 978 aliter
3181 931 3238 977 et
3269 936 3399 988 nos;
3432 921 3521 978 ille
3547 924 3699 995 quasi

2119 1018 2369 1088 proprius
2395 1016 2587 1082 Filius,
2634 1031 2734 1071 nos
2780 1028 2910 1071 vero
2952 1014 3109 1085 quasi
3166 1013 3422 1083 adoptivi.
3449 1014 3700 1070 Attamen

2122 1124 2285 1164 unum
2341 1109 2601 1164 habemus
2647 1106 2864 1163 Patrem
2898 1106 3098 1173 Deum;
3138 1105 3229 1161 ille
3253 1104 3409 1177 quasi
3454 1107 3703 1177 proprius

2120 1200 2288 1257 Filius
2332 1198 2668 1264 sanctificat,
2697 1213 2799 1254 nos
2841 1197 2985 1254 sicut
3013 1196 3251 1266 adoptivi
3281 1195 3701 1261 sanetilicamur,

2118 1300 2341 1363 propter
2381 1305 2543 1361 quam
2582 1305 2802 1345 causam
2832 1304 2939 1344 non
2986 1286 3333 1343 confunditur
3370 1286 3569 1343 fratres
3611 1302 3703 1345 eos

2116 1396 2316 1437 vocare
2344 1381 2532 1437 dicens
2556 1397 2571 1434 :

2193 1470 2465 1527 Nuntiabo
2498 1486 2687 1525 nomen
2712 1479 2859 1524 tuum
2889 1466 3141 1538 fratribus
3184 1466 3334 1524 meis.
3361 1466 3421 1524 ln
3467 1484 3532 1525 co
3562 1469 3702 1525 enim

2118 1562 2263 1634 quod
2287 1562 2442 1627 dixit,
2478 1576 2581 1615 non
2606 1560 2861 1616 erubescit
2886 1560 3080 1631 fratres
3122 1577 3210 1615 eos
3251 1577 3454 1626 vocare,
3485 1561 3705 1616 demon-

2118 1660 2260 1709 strat
2300 1659 2501 1707 nostra:
2533 1660 2743 1705 natura:
2778 1664 2899 1706 esse
2932 1648 3326 1706 fraternitatem
3350 1691 3366 1719 ,
3421 1649 3515 1707 sed
3548 1651 3706 1707 mise-

2121 1741 2369 1798 ricordia:
2396 1739 2513 1810 ejus
2547 1749 2603 1796 et
2627 1739 2950 1797 humilitatis
2994 1739 3196 1804 multae,
3228 1740 3353 1811 quia
3384 1756 3484 1797 nos
3511 1739 3708 1796 fratres

435 1843 533 1909 dit,
562 1821 681 1899 sine
702 1843 866 1899 dubio
890 1821 1093 1897 telamo
1123 1857 1290 1913 regno
1327 1850 1380 1897 et
1422 1840 1875 1911 contemplatione
1902 1838 2020 1893 vul-
2046 1821 2093 1882 Β
2120 1832 2282 1904 elegit
2321 1832 2445 1888 sibi.
2493 1832 2560 1887 Et
2606 1831 2709 1887 hoc
2736 1830 3054 1903 prophetico
3096 1829 3330 1887 aﬂirmat
3374 1833 3704 1898 testimonio,

434 1940 524 1986 tus
552 1930 682 1997 Dei,
727 1941 783 1987 et
834 1931 1038 1986 sanctis
1074 1930 1283 2002 angelis
1310 1929 1522 1986 fruetur
1566 1931 1620 1985 in
1648 1937 1967 2000 perpetuum
1996 1945 2013 1982 :

432 2028 723 2091 praestante
750 2019 979 2075 Domino
1017 2027 1226 2086 nostro,
1268 2020 1362 2090 qui
1395 2035 1518 2075 cum
1542 2019 1708 2076 Patre
1728 2028 1784 2074 et
1812 2018 2018 2089 Spiritu

429 2116 621 2165 sancto
644 2108 778 2162 vivit
815 2116 873 2162 et
903 2115 1094 2180 regnat
1119 2108 1263 2164 Deus
1290 2123 1390 2179 per
1414 2108 1598 2164 omnia
1623 2107 1822 2164 saecula
1847 2121 2017 2164 sareu-

434 2200 634 2255 lorum.
666 2200 861 2255 Amen.

1033 2286 1316 2344 HOMILIA
1359 2287 1420 2342 L.

1097 2393 1255 2434 FEBIA
1282 2393 1359 2432 IV.

436 2474 618 2530 Lectio
668 2472 923 2543 Epistolas
966 2472 1111 2531 beati
1161 2470 1316 2527 Pauli
1362 2470 1592 2540 apostoli
1631 2469 1701 2525 ad
1741 2468 2015 2524 Hebraeos.

511 2562 748 2628 Fratres,
782 2562 1005 2617 vidimus
1028 2561 1210 2629 Jesurn
1242 2568 1451 2630 propter
1500 2559 1794 2627 passionem
1835 2558 2018 2612 mortis

426 2656 605 2726 gloria
639 2665 689 2709 et
724 2655 921 2709 honore
957 2661 1289 2718 coronatum,
1319 2661 1374 2704 ut
1413 2650 1584 2721 gratia
1632 2649 1733 2704 Dei
1768 2666 1864 2720 pro
1909 2664 2021 2703 ont-

436 2746 586 2800 m’bus
614 2753 844 2816 gustaret
876 2753 1120 2799 mortem.

510 2835 607 2891 llic
633 2834 869 2890 ostendit
893 2834 1020 2903 quia
1047 2832 1216 2904 gloria
1240 2841 1296 2888 et
1319 2832 1494 2887 honor
1521 2846 1657 2886 crux
1680 2840 1765 2887 est
1791 2829 2017 2896 Christi.

426 2942 535 2996 pro
556 2941 661 2996 qua
677 2925 946 2981 modicum
974 2923 1273 2979 minoratus
1299 2930 1380 2977 est
1410 2921 1479 2977 ab
1503 2921 1726 2991 angelis,
1739 2921 1879 2977 sicut
1906 2921 2021 2994 ipse

439 3017 696 3072 Dominus
729 3030 847 3070 eam
887 3027 1101 3083 semper
1129 3020 1288 3068 vocat
1308 3012 1494 3068 dicens
1543 3026 1559 3065 :
1592 3011 1665 3068 Ut
1691 3010 2022 3083 glorificetur

438 3108 580 3162 ﬁlius
624 3105 878 3163 hominis.
921 3103 980 3160 Si
1010 3103 1099 3159 ille
1130 3117 1193 3158 ea
1221 3118 1343 3173 quae
1387 3117 1486 3174 pro
1520 3103 1694 3158 servis
1718 3117 1911 3174 passus
1937 3109 2021 3159 est

432 3195 666 3267 gloriam
694 3203 869 3260 vocat,
893 3194 1063 3251 multo
1091 3167 1323 3265 amplius
1352 3167 1428 3258 tu,
1460 3192 1640 3256 homo,
1673 3167 1762 3263 qui
1786 3207 1887 3262 pro
1914 3193 2020 3248 Do—
2046 3167 2092 3230 (ἶ

434 3289 584 3356 mino
615 3287 837 3358 pateris,
862 3286 959 3341 tibi
987 3286 1056 3342 ad
1088 3285 1310 3357 gloriam
1341 3283 1612 3354 pertinere
1636 3283 2020 3353 sempiternam

437 3378 686 3434 dubitare
730 3391 839 3432 non
893 3376 1079 3433 debes.
1138 3374 1392 3439 Addidit,
1438 3382 1497 3426 ut
1545 3372 1720 3443 gratia
1775 3371 1875 3427 Dei
1924 3388 2020 3444 pro

432 3470 674 3524 omnibus
694 3478 925 3540 gustaret
958 3477 1197 3522 mortem.
1229 3466 1410 3537 Ipsum
1434 3478 1566 3521 vero
1592 3464 1826 3535 gratiam
1855 3463 2023 3519 nomi-

430 3570 532 3617 nat
559 3560 649 3631 qui
680 3575 781 3629 pro
805 3559 1045 3615 omnium
1075 3559 1251 3614 salute
1300 3556 1536 3627 gustavit
1587 3566 1855 3617 mortem;
1909 3571 2019 3611 non

436 3654 579 3708 enim
628 3652 924 3708 debebatur
967 3651 1124 3707 nobis
1154 3659 1212 3705 ut
1238 3649 1408 3707 Filius
1454 3665 1554 3721 pro
1592 3650 1753 3706 nobis
1780 3657 2021 3720 gustaret

432 3752 700 3810 mortem,
753 3744 851 3800 sed
888 3744 1061 3815 gratia
1115 3744 1218 3800 hoc
1264 3742 1432 3813 fecit,
1486 3746 1601 3817 ipse
1650 3744 1868 3817 quidem
1921 3758 2022 3814 pro

431 3836 691 3890 omnibus
753 3845 1000 3890 mortuus
1052 3842 1159 3890 est.
1205 3833 1347 3901 Quid
1404 3844 1583 3891 autem
1629 3836 1673 3892 si
1737 3850 1846 3891 non
1900 3849 2020 3890 om-

439 3941 537 3981 nes
584 3923 847 3990 credunt,
896 3923 983 3978 ille
1032 3933 1213 3980 tamen
1272 3927 1414 3994 quod
1458 3943 1613 3983 suum
1665 3936 1786 3984 erat
1831 3926 2022 3998 imple-

436 4015 542 4079 vit,
574 4021 864 4084 propterea
915 4013 1067 4077 dixit,
1116 4016 1358 4085 gustavit
1392 4027 1650 4083 mortem,
1695 4019 1821 4088 quia
1869 4019 2019 4075 brevi

432 4104 759 4175 temporein
803 4104 894 4159 illa
918 4103 1047 4170 fuit,
1078 4113 1139 4160 ut
1172 4120 1238 4161 ea
1267 4105 1477 4163 devicta
1501 4108 1787 4164 confestim
1835 4125 2020 4166 resur-

435 4203 610 4264 geret.

504 4289 731 4345 Docebat
756 4290 894 4344 enim
913 4305 1033 4344 eunt
1052 4299 1265 4361 propter
1285 4305 1437 4361 quem
1464 4291 1662 4357 omnia,
1683 4301 1729 4345 et
1752 4308 1845 4362 per
1868 4308 2019 4363 quem

439 4382 734 4453 omnia,qui
754 4381 944 4437 multos
961 4381 1100 4452 ﬁlios
1115 4381 1410 4437 adduxerat
1425 4381 1480 4436 in
1496 4380 1735 4452 gloriam,
1752 4392 2019 4437 auctorem

436 4470 623 4525 salutis
642 4487 821 4527 eorum
838 4488 931 4543 per
937 4471 1233 4540 passionem
1247 4485 1625 4527 consummare.
1640 4469 1864 4525 Decebat
1879 4472 2017 4525 enim

438 4577 531 4632 per
551 4562 843 4631 passionem
857 4578 1249 4619 consummare.
1278 4562 1334 4618 id
1355 4570 1457 4627 est,
1489 4561 1749 4632 perlicere
1774 4560 2017 4617 omnium

436 4646 692 4717 salutem,
714 4666 816 4720 per
849 4666 1002 4719 quens
1029 4652 1227 4717 omnia,
1256 4650 1309 4705 id
1357 4657 1463 4716 est,
1492 4664 1590 4720 per
1622 4648 1740 4720 eius
1761 4656 2014 4713 mortem,

439 4744 556 4798 sive
598 4757 720 4814 quae
753 4741 808 4797 in
856 4741 1040 4806 caelis,
1089 4742 1203 4797 sive
1246 4757 1367 4812 quas
1416 4743 1471 4797 in
1518 4741 1679 4797 terris
1714 4749 2018 4797 restaurata

439 4843 583 4901 sunt,
641 4849 739 4905 per
787 4849 952 4905 quem
1008 4834 1174 4889 etiam
1210 4836 1393 4890 omnia
1441 4843 1626 4891 creata
1676 4842 1820 4890 sunt.
1850 4832 2014 4891 Vides

440 4933 703 4995 quantmn
732 4933 818 4980 est
835 4926 890 4980 in
912 4923 1089 4981 medio
1114 4934 1382 4992 nostrum,
1409 4932 1467 4981 et
1494 4925 1611 4995 ipse
1637 4924 1807 4981 Filius
1833 4932 1890 4980 et
1915 4939 2014 4980 nos

440 5017 557 5083 lilii,
582 5016 674 5074 ille
707 5016 976 5088 proprius,
1009 5030 1109 5071 nos
1134 5016 1377 5087 adoptati
1425 5034 1440 5072 :
1494 5016 1589 5073 sed
1618 5016 1708 5072 ille
1737 5016 1912 5072 salvat
1956 5028 2013 5073 et

438 5123 540 5165 nos
585 5108 875 5166 sal-vamur.
923 5106 1086 5163 Vides
1132 5108 1401 5176 quomodo
1426 5120 1527 5164 nos
1555 5116 1612 5165 et
1638 5109 1913 5181 coniungit
1957 5119 2014 5165 et

439 5200 735 5259 discernit:
760 5198 962 5255 mtiltos
990 5198 1151 5265 filios,
1177 5198 1373 5268 inquit,
1386 5199 1649 5256 inducens
1678 5200 1734 5255 in
1759 5200 2007 5271 gloriam,

374 5316 381 5321 λ
439 5293 526 5351 hic
563 5289 863 5362 conjunxit,
905 5301 1199 5355 auctorem,
1230 5291 1433 5361 inquit,
1469 5292 1658 5348 salutis
1681 5306 1888 5356 eorum,
1922 5291 2010 5348 hic

399 5444 403 5448 ,
437 5384 708 5441 discrevit.
790 5372 817 5407 ·’

510 5474 613 5541 Qui
641 5475 779 5531 enim
810 5472 1129 5542 sanctiﬁcat,
1168 5482 1217 5526 et
1243 5472 1332 5544 qui
1376 5472 1789 5542 sanctiﬁcantur,
1811 5489 1876 5527 ea:
1904 5489 2007 5527 uno

440 5585 633 5624 clunes.
663 5569 804 5625 Ecce
834 5567 1028 5623 iterum
1067 5566 1337 5636 quomodo
1357 5563 1633 5636 coniungit
1657 5565 1930 5622 honorans
1953 5572 2011 5620 et

440 5657 741 5725 consolans,
770 5666 826 5713 et
853 5655 1056 5713 Christi
1080 5653 1294 5713 fratres
1336 5669 1431 5711 eos
1474 5656 1779 5723 nominans,
1812 5672 2007 5712 secun-

438 5736 568 5799 dum
612 5747 756 5816 quod
795 5760 865 5801 ex
913 5760 1023 5805 uno
1046 5759 1141 5801 eos
1181 5760 1302 5801 esse
1340 5745 1487 5801 dicit.
1517 5744 1721 5807 Deinde
1767 5747 2013 5802 muniens

2043 4516 2097 4577 Ι)

2117 1938 2190 1981 ne
2218 1924 2372 1996 quasi
2402 1938 2599 1978 novqu
2627 1930 2929 1993 putaretur,
2963 1930 3018 1978 et
3047 1936 3153 1978 non
3193 1922 3363 1978 multo
3408 1930 3533 1978 ante
3563 1938 3709 1994 prte-

2120 2015 2341 2071 dictum.
2392 2011 2484 2067 Ait
2529 2012 2707 2076 enim,
2759 2011 3010 2066 nuntiabo
3064 2012 3319 2081 fratribus
3366 2014 3532 2078 meis;
3587 2024 3711 2083 post

2119 2120 2331 2161 sacram
2361 2104 2671 2176 passionem
2714 2111 2771 2159 et
2817 2102 3272 2158 resurrectionem
3320 2102 3451 2159 dicit
3475 2103 3703 2175 gloriam

2118 2194 2426 2251 Divinitatis
2489 2202 2602 2248 toto
2655 2194 2789 2248 orbe
2840 2192 3185 2264 vulgandam.
3245 2191 3515 2250 Nuntiabo
3562 2196 3708 2250 enim

2118 2286 2273 2352 dicit,
2299 2285 2354 2341 id
2378 2292 2481 2352 est,
2514 2299 2742 2339 narrare
2782 2284 2946 2350 facio,
2992 2284 3131 2340 sicut
3157 2285 3213 2339 in
3258 2284 3549 2359 Evangelio
3584 2303 3705 2342 mu—

2117 2379 2342 2436 lieribus
2370 2380 2507 2435 dixit
2553 2397 2565 2433 :
2609 2377 2710 2445 Ite,
2742 2378 2980 2433 nuntiate
3026 2378 3281 2449 fratribus
3314 2382 3477 2448 meis;
3507 2380 3712 2438 fratres

2118 2476 2301 2523 autem
2356 2466 2609 2523 dicuntur
2664 2474 2719 2520 et
2766 2465 2861 2535 qui
2906 2464 3137 2539 diligunt
3172 2474 3228 2523 et
3266 2469 3357 2537 qui
3388 2468 3708 2541 diliguntur.

2117 2557 2339 2613 Addidit
2372 2576 2385 2610 ε
2490 2578 2491 2581 ~
3018 2632 3021 2637 ι

2190 2648 2258 2703 In
2274 2649 2443 2704 medio
2470 2648 2724 2703 Ecclesia:
2753 2648 2981 2704 laudabo
3008 2659 3074 2704 te.
3103 2650 3161 2704 In
3189 2650 3365 2707 medio
3391 2660 3708 2709 sanctorum

2118 2739 2237 2794 laus
2262 2739 2477 2794 Domini
2504 2748 2727 2795 resonat
2758 2754 2856 2810 per
2882 2754 3006 2794 eum
3034 2740 3127 2810 qui
3161 2741 3239 2796 ait
3263 2760 3277 2795 :
3307 2740 3572 2813 Conﬁteor
3591 2744 3710 2809 tibi,

2120 2827 2301 2896 Pater,
2329 2828 2552 2883 Domine
2582 2827 2697 2883 cwli
2720 2838 2769 2882 et
2794 2837 2968 2895 teme,
3013 2830 3139 2900 quia
3173 2830 3492 2887 abscondisti
3517 2834 3632 2888 Isa’c
3677 2853 3713 2888 a

2119 2919 2438 2991 sapientibus
2463 2929 2511 2974 et
2537 2919 2780 2975 revelasti
2801 2936 2863 2974 ea
2890 2920 3144 2991 parvulis.
3165 2920 3310 2978 Laus
3342 2921 3554 2979 Domini
3577 2939 3709 2980 vera

2119 3026 2229 3066 non
2266 3009 2440 3066 solum
2471 3024 2568 3066 ore
2598 3012 2695 3066 sed
2738 3011 2904 3066 etiam
2927 3012 3112 3079 corde,
3158 3013 3394 3072 amantis
3437 3025 3492 3071 et
3537 3016 3712 3087 perﬁ-

2122 3099 2317 3157 cientis
2346 3108 2616 3171 praecepta
2644 3099 2858 3156 Domini
2906 3110 3183 3156 narratur.
3215 3101 3283 3158 Et
3318 3104 3513 3159 iterum
3544 3121 3558 3159 :
3593 3104 3711 3176 Ego

2122 3206 2212 3246 ero
2239 3190 2409 3260 ﬁdens
2452 3191 2509 3245 in
2535 3206 2673 3245 eum.
2706 3190 2784 3246 De
2826 3200 3078 3263 suscepto
3114 3193 3332 3251 homine
3361 3195 3465 3252 hoc
3502 3196 3710 3266 dictum

2121 3291 2225 3350 est,
2261 3282 2418 3352 cujus
2461 3282 2789 3339 conﬁdentia
2828 3292 2942 3341 tota
2989 3285 3043 3341 in
3073 3287 3187 3342 Deo
3235 3286 3398 3345 Patre
3425 3304 3546 3346 esse
3596 3306 3709 3346 non

2121 3372 2345 3431 dubium
2381 3382 2494 3441 est;
2528 3374 2669 3431 sicut
2713 3374 2770 3430 in
2796 3374 3090 3450 Evangelio
3121 3377 3237 3448 ipse
3277 3379 3355 3434 ait
3382 3395 3482 3451 pro
3509 3380 3709 3452 quibus

2121 3464 2527 3535 supplicabatur
2576 3466 2765 3523 dicens
2817 3484 2831 3521 :
2893 3463 3022 3522 Volo
3044 3504 3061 3533 ,
3109 3466 3272 3523 Pater
3297 3509 3313 3535 ,
3364 3481 3421 3524 ut
3472 3470 3562 3524 ubi
3612 3487 3712 3543 ego

2120 3572 2259 3620 sum,
2289 3565 2337 3611 et
2368 3557 2460 3611 isti
2483 3557 2587 3612 sint
2612 3572 2837 3613 mecum.
2867 3558 3014 3626 Quos
3040 3558 3207 3615 etiam
3238 3566 3298 3614 ut
3323 3558 3710 3616 conﬁdentiam

2122 3648 2386 3704 haberent
2424 3648 2819 3705 exhortabatur
2862 3649 3134 3706 dicendo:
3165 3650 3447 3721 Con/idite,
3483 3668 3576 3723 ego
3606 3654 3714 3708 rici

2121 3740 2395 3794 mundum.
2424 3740 2490 3794 Et
2514 3741 2711 3796 iterum
2740 3758 2754 3794 :

2195 3831 2331 3887 Ecce
2349 3849 2442 3904 ego
2478 3843 2528 3888 et
2557 3832 2707 3904 pueri
2727 3848 2858 3904 quos
2896 3832 3026 3887 mihi
3051 3832 3192 3889 dedit
3226 3832 3384 3888 Deus.
3416 3832 3531 3890 Hoc
3558 3835 3717 3890 testi-

2123 3926 2363 3982 monium
2391 3928 2459 3982 de
2482 3926 2617 3982 lsaia
2643 3926 2870 3996 protulit
2895 3925 3186 3997 Apostolus
3208 3926 3277 3982 ad
3314 3925 3616 3991 Christum,
3657 3934 3718 3980 et

2121 4020 2189 4074 ad
2240 4017 2512 4090 apostolos
2554 4017 2799 4075 referens
2828 4060 2843 4085 ,
2881 4034 3018 4090 quos
3064 4027 3291 4089 propter
3338 4018 3719 4073 innocentiam

2120 4124 2316 4180 pueros
2367 4108 2681 4164 nominavit.
2734 4110 2811 4164 De
2859 4109 3055 4179 quibus
3110 4108 3223 4178 ipse
3269 4108 3529 4164 Dominus
3578 4106 3663 4162 ait
3696 4121 3716 4160 :

2123 4201 2291 4255 Sinite
2317 4199 2560 4271 parvulos
2589 4200 2759 4255 venire
2788 4199 2856 4254 ad
2883 4216 2986 4265 me,
3017 4199 3201 4254 talium
3224 4210 3298 4255 est
3322 4200 3458 4254 enim
3489 4214 3718 4269 regnum

2121 4289 2384 4345 calorum.

2190 4382 2330 4450 Quia
2368 4401 2489 4456 ergo
2538 4386 2689 4456 pueri
2745 4384 3256 4440 communicaverunt
3306 4384 3455 4437 carni
3497 4393 3546 4438 et
3577 4399 3715 4439 san-

2121 4473 2286 4545 guini,
2317 4483 2365 4529 et
2391 4475 2499 4546 ipse
2526 4475 2766 4530 similiter
2788 4475 3120 4547 participavit
3143 4474 3347 4529 iisdem.
3376 4473 3477 4530 llic
3504 4476 3718 4531 astruit

2121 4563 2513 4620 fraternitatem
2538 4580 2723 4621 veram
2752 4575 2807 4621 et
2839 4565 3229 4621 humanitatem
3256 4566 3310 4621 in
3335 4564 3553 4621 Christo
3592 4579 3715 4621 non

2121 4653 2347 4711 ﬁctam:
2380 4655 2523 4711 sicut
2563 4656 2714 4727 pueri
2743 4669 2909 4712 carne
2946 4663 3004 4712 et
3045 4655 3305 4727 sanguine
3347 4662 3621 4721 constant,
3652 4667 3719 4712 et

2119 4744 2209 4801 ille
2236 4745 2582 4816 participavit
2608 4746 2762 4801 carni
2789 4753 2844 4801 et
2882 4745 3152 4816 sanguini,
3183 4752 3245 4799 ut
3293 4742 3519 4800 haberet
3558 4744 3717 4801 unde

2119 4843 2361 4907 gustaret
2396 4844 2626 4892 mortem
2648 4849 2750 4907 pro
2770 4850 3059 4906 puerorum
3089 4835 3282 4902 salute,
3313 4834 3463 4904 cujus
3485 4835 3719 4906 dispen-

2120 4924 2347 4982 sationis
2372 4922 2578 4981 al't‘atim
2598 4938 2820 4980 causam
2844 4922 3175 4994 subjungens
3203 4943 3215 4978 :
3772 4933 3781 4938 ‘

2193 5013 2264 5071 Ut
2283 5031 2378 5088 per
2404 5023 2645 5083 mortem,
2669 5015 2865 5087 inquit,
2893 5015 3181 5071 destrueret
3206 5031 3325 5070 eunt
3354 5015 3444 5087 qui
3475 5014 3714 5070 habebat

2119 5107 2304 5163 mortis
2347 5104 2643 5175 imperium.
2674 5103 2789 5159 Hoc
2822 5113 2907 5159 est
2934 5104 3226 5160 diabolum.
3254 5103 3354 5159 llic
3377 5102 3714 5160 admirabile

2116 5198 2371 5271 quiddam
2394 5197 2758 5260 demonstrat,
2803 5196 2928 5266 quia
2958 5210 3056 5266 per
3073 5194 3216 5266 quod
3242 5201 3561 5265 potestatem
3601 5195 3717 5249 lsa-

2114 5289 2236 5346 buit
2281 5286 2552 5353 diabolus,
2599 5301 2698 5356 per
2737 5286 2841 5342 hoc
2878 5285 3054 5341 victus
3079 5294 3164 5342 est
3191 5297 3207 5339 :
3238 5298 3386 5339 arma
3416 5297 3536 5354 qua:
3584 5280 3716 5337 fue-

2124 5385 2244 5435 rant
2262 5377 2340 5432 illi
2364 5377 2524 5433 fortia
2551 5375 2835 5431 adversum
2857 5376 3136 5443 mundum,
3165 5375 3268 5430 hoc
3295 5381 3381 5429 est
3407 5386 3573 5437 mors,
3597 5386 3723 5443 per

2111 5486 2233 5526 eant
2276 5468 2428 5525 illum
2477 5468 2726 5524 Christus
2777 5467 3075 5538 percussit;
3135 5466 3224 5521 hic
3269 5462 3717 5537 magnitudinem

2107 5560 2331 5618 virtutis
2357 5560 2475 5632 ejus
2501 5561 2597 5630 qui
2617 5560 2745 5615 vicit
2776 5560 3038 5624 insinuat,
3072 5556 3405 5614 ostendendo
3431 5564 3727 5625 quantum

2112 5654 2317 5709 bonum
2355 5659 2671 5719 operaretur
2716 5664 2881 5705 mors.
3309 5666 3312 5668 ‘

2188 5745 2261 5801 Et
2288 5745 2550 5810 liberaret,
2572 5744 2785 5812 inquit,
2829 5760 2915 5798 eos
2956 5745 3044 5814 qui
3069 5744 3251 5797 timore
3279 5742 3459 5796 martis
3486 5752 3588 5810 per
3622 5752 3735 5800 to-
