3962 6180
318 284 433 346 ιιι

1380 282 1686 341 ΗΟΜΙΙᾸᾸΕ
1724 281 1793 339 ΙΝ
1831 281 2083 339 EVANG.
2127 280 2215 339 ET
2253 282 2475 341 EPIST.

3501 285 3621 343 ΜΞ.

333 414 446 459 tam
499 400 658 456 vitam
715 394 933 453 obnoxii
973 404 1122 451 erant
1168 394 1426 449 servituti.
1457 393 1637 462 Quare
1671 395 1922 462 tremitis,
1952 401 2002 460 Α
2029 404 2173 452 stras
2198 411 2306 452 non
2342 396 2518 455 solum
2545 395 2687 454 sicut
2716 395 3191 467 Deus,sedetiam
3210 395 3351 454 sicut
3364 393 3531 452 homo
3554 396 3612 451 in

330 506 505 562 quare
550 486 755 544 timetis
782 503 904 544 eam
950 502 1069 557 quae
1094 483 1205 557 iam
1257 485 1614 541 condemnata
1653 487 1771 541 est?
1808 483 1939 554 jam-

332 580 596 637 terribilis
624 594 730 634 non
755 585 859 643 est,
887 577 984 633 sed
1031 577 1303 647 optabilis,
1348 576 1503 647 quasi
1532 577 1774 631 laborum
1802 578 1927 632 linis

330 685 387 729 et
411 673 624 745 requiei
658 671 893 726 initium.
918 670 1044 733 Cur,
1076 670 1184 735 ait,
1212 670 1398 724 timore
1439 669 1622 723 mortis
1649 684 1742 740 per
1761 677 1926 723 totam

328 766 493 819 suam
537 764 751 818 obnoxii
773 771 921 816 erant
946 761 1226 816 servituti?
1251 761 1405 815 Servi
1434 761 1701 831 siquidem
1735 760 1926 816 mortis

325 870 522 909 «nues
548 852 767 907 fuerant
787 851 915 922 quia
947 861 1175 905 mortem
1206 850 1739 916 timebant,necdum
1768 859 1929 906 erant

327 946 493 1001 soluti
534 959 567 998 a
614 945 810 999 timore
859 942 1072 1006 mortis,
1124 943 1280 1013 cujus
1322 942 1530 1012 legibus
1581 943 1921 998 tenebantur.

327 1035 488 1091 Nunc
516 1036 704 1105 itaque
730 1034 905 1090 sancti
934 1033 1181 1089 derident
1213 1048 1360 1099 eam,
1384 1034 1498 1103 qui,
1533 1048 1702 1103 agone
1743 1043 1923 1088 trans-

327 1138 456 1184 acto
501 1136 562 1182 et
591 1135 764 1182 morte
810 1125 1042 1192 devicta,
1074 1128 1141 1181 ad
1170 1143 1412 1207 _regnnm
1448 1127 1727 1181 transituri
1778 1138 1921 1182 sunt.

328 1218 491 1275 Unde
517 1226 575 1273 et
611 1217 725 1287 ipse
768 1217 969 1273 Paulus
994 1218 1072 1272 ait
1102 1235 1114 1270 :
1151 1217 1316 1289 Cupio
1341 1215 1555 1271 dissolri
1583 1227 1633 1271 et
1672 1233 1783 1271 esse
1806 1233 1924 1271 cum

327 1310 569 1365 Christo.

403 1403 690 1474 Nusquam
723 1401 863 1457 enim
902 1398 1113 1471 angelos
1163 1401 1545 1471 apprehendit,
1604 1402 1696 1455 sed
1749 1418 1925 1457 semen

328 1493 565 1547 Abrahae
583 1490 944 1562 apprehendit.
976 1488 1125 1545 Unde
1144 1490 1320 1545 debuit
1341 1507 1437 1561 per
1466 1492 1641 1546 omnia
1671 1491 1924 1561 fratribus

326 1582 583 1636 similari.
632 1581 877 1636 Honorat
919 1581 1010 1637 hic
1054 1580 1420 1651 patriarcham
1467 1596 1669 1654 eosque
1721 1582 1814 1654 qui
1858 1571 1924 1638 de

327 1672 450 1742 ejus
495 1679 626 1727 sunt
652 1686 871 1742 genere,
903 1671 973 1725 ad
1003 1686 1139 1741 quos
1170 1670 1287 1725 haec
1317 1670 1555 1741 Epistola
1573 1669 1786 1743 'scripta
1815 1678 1919 1727 est.

2026 488 2206 559 seipso
2253 504 2349 559 per
2393 490 2823 560 experimentum
2871 489 3157 561 cognovit;
3211 487 3339 543 licet
3381 485 3627 565 Deusin'

2026 593 2123 633 sua
2146 585 2335 634 natura
2358 579 2431 633 sit
2460 579 2825 650 impassibilis,
2844 588 3026 636 tamen
3047 580 3101 635 in
3125 587 3311 636 nostra
3341 593 3505 649 quam
3527 593 3613 634 as-

2026 667 2275 737 sumpsit,
2290 667 2433 722 idem
2453 669 2546 723 Dei
2570 669 2741 725 Filius
2770 670 3044 741 passibilis
3063 670 3166 725 fuit
3191 677 3391 725 nostrae
3403 677 3614 724 naturae

2026 759 2340 815 consimilis.
2381 759 2437 814 ln
2466 774 2531 814 ea
2554 775 2684 816 vero
2730 777 2900 817 carne
2947 777 3111 831 quam
3152 761 3394 830 suscepit
3438 758 3609 814 multa

2025 863 2167 904 saeva
2194 865 2388 920 passus
2419 859 2526 916 est,
2553 851 2706 907 novit
2726 852 2856 921 quid
2881 861 2967 907 est
2995 853 3222 908 tentatio
3244 852 3566 919 patientium
3595 867 3610 904 :

2025 941 2142 1011 ipse
2163 949 2400 997 tentatus
2415 950 2499 997 est
2520 943 2612 998 sed
2627 959 2735 999 non
2749 952 3053 1013 superatus.
3070 942 3210 1011 Quid
3224 951 3308 998 est
3320 956 3450 1015 ergo
3470 941 3614 1011 quod

2026 1031 2185 1097 dicit,
2209 1040 2373 1102 potest
2411 1048 2499 1087 eos
2526 1034 2616 1102 qui
2642 1042 2911 1089 tentantur
2938 1034 3231 1104 adjuvare?
3258 1033 3539 1103 Tanquam
3566 1031 3613 1087 si

2026 1123 2147 1192 quis
2173 1123 2412 1178 diceret:
2446 1124 2583 1180 Cum
2612 1125 2781 1181 multa
2825 1125 3107 1182 alacritate
3140 1125 3460 1201 protendam
3499 1139 3615 1180 ma-

2026 1230 2157 1269 num
2184 1214 2252 1269 ad
2282 1217 2736 1287 compatiendum.

2102 1303 2270 1370 Unde,
2301 1305 2492 1375 fratres
2517 1308 2708 1375 sancti,
2733 1307 3021 1363 vocationis
3055 1306 3273 1362 caelestis
3309 1307 3617 1389 participes,

2026 1395 2350 1450 considerate
2372 1395 2667 1467 apostolum
2695 1406 2744 1452 et
2786 1398 3084 1468 pontiﬁcem
3130 1396 3473 1466 confessionis
3519 1412 3615 1450 no-

2023 1494 2148 1539 stra:
2194 1483 2378 1540 Iesum
2441 1483 2710 1541 Christum
2760 1472 3044 1543 Dominum
3110 1497 3368 1542 nostrum.
3422 1484 3616 1563 Adhuc

2024 1576 2191 1631 etiam
2231 1576 2300 1631 de
2348 1576 2739 1633 incarnationis
2782 1575 2987 1635 Christi
3042 1578 3282 1647 loquitur
3333 1575 3613 1648 mysterio,

2025 1682 2154 1722 nam
2196 1666 2252 1721 in
2280 1666 2570 1738 Evangelio
2596 1667 2712 1739 ipse
2738 1675 2967 1725 testatur
3007 1682 3069 1724 se
3096 1669 3321 1724 missum
3350 1682 3457 1723 non
3490 1681 3614 1722 esse

328 1763 740 1820 Commemorat
764 1777 893 1834 ergo
919 1761 987 1817 de
1021 1761 1300 1818 beneficiis
1344 1761 1465 1827 Dei,
1493 1772 1547 1818 et
1584 1762 1651 1817 de
1703 1762 1920 1833 propin-
1952 1753 2000 1812 B
2026 1760 2130 1816 nisi
2156 1759 2225 1814 ad
2251 1774 2382 1816 oves
2401 1761 2660 1831 perditas,
2691 1762 2796 1817 hoc
2819 1769 2922 1829 est,
2946 1761 3139 1819 domus
3166 1760 3353 1827 Israel.
3380 1762 3615 1835 Aposto-_

329 1857 545 1925 quitate
573 1853 779 1910 carnali
810 1853 877 1908 ad
920 1851 1215 1919 Christum,
1242 1861 1300 1908 et
1328 1853 1394 1908 de
1419 1852 1779 1923 promissione
1806 1867 1928 1925 quin

329 1947 481 2004 dicta
508 1955 595 2002 est
619 1947 685 2002 ad
709 1946 980 2002 Abraham
1011 1964 1024 2000 :
1054 1944 1169 2001 Tibi
1197 1955 1245 2000 et
1284 1944 1472 2001 semini
1502 1953 1592 1999 tuo
1633 1944 1770 1999 dabo
1818 1952 1927 1999 ter-

331 2058 454 2095 ram
483 2041 645 2095 hanc.
696 2037 834 2105 Quia
884 2054 949 2092 ea:
982 2054 1088 2093 uno
1142 2053 1339 2092 omnes.
1387 2037 1445 2092 ld
1478 2045 1582 2099 est,
1630 2036 1698 2092 ab
1747 2033 1927 2092 Abrae

331 2131 465 2187 bam
520 2128 772 2185 Christus
824 2128 1124 2186 secundum
1172 2142 1392 2189 carnem
1444 2135 1501 2183 et
1542 2127 1617 2182 illi
1668 2128 1735 2182 ad
1790 2140 1929 2198 quos

328 2221 455 2276 haec
481 2218 822 2290 loquebatur.
852 2218 1005 2287 Quod
1033 2234 1164 2275 vero
1198 2218 1450 2290 superius
1477 2219 1582 2274 ait:
1604 2215 1744 2284 Quia
1776 2217 1931 2289 pueri

331 2312 853 2366 communicaverunt
883 2309 1031 2364 carni
1058 2319 1106 2364 et
1152 2311 1419 2381 sanguini,
1455 2319 1506 2365 et
1551 2295 1661 2381 ipse
1687 2309 1932 2365 similiter

330 2401 671 2473 participavit
724 2400 929 2455 iisdem.
989 2400 1316 2471 Exsequitur
1363 2400 1592 2471 amplius
1622 2401 1767 2458 hunc
1806 2416 1930 2459 sen-

332 2508 490 2557 sum,
518 2493 663 2548 unde
685 2492 1036 2563 participaret
1063 2506 1284 2548 carnem
1328 2500 1385 2547 et
1429 2492 1769 2563 sanguinem.
1798 2490 1926 2548 Ideo

332 2586 447 2649 ait,
476 2602 583 2639 non
621 2585 757 2639 enim
801 2599 1113 2655 quemquam
1139 2585 1443 2655 angelorum
1484 2583 1845 2655 apprehendit,
1876 2582 1931 2639 id

329 2686 448 2742 est,
462 2692 571 2732 non
591 2676 879 2747 cujuslibet
903 2675 1079 2747 angeli
1101 2684 1352 2732 naturam
1367 2674 1623 2745 suscepit,
1639 2675 1732 2732 sed
1745 2689 1929 2732 semen

328 2769 576 2823 Abrahze
602 2765 974 2838 apprehendit.
1005 2764 1123 2823 Non
1160 2766 1304 2823 enim
1333 2765 1535 2836 angelis
1561 2781 1669 2820 una
1696 2765 1931 2838 dignitas

330 2858 543 2913 donata
569 2867 684 2924 est,
726 2865 787 2913 ut
814 2858 868 2912 in
893 2873 1056 2912 unam
1093 2872 1384 2929 personam
1421 2857 1517 2914 Dei
1545 2856 1717 2914 Filius
1741 2872 1931 2915 eorum
1956 2864 1964 2873 ’

334 2961 555 3006 naturae
594 2951 1032 3021 conjungeretur,
1061 2949 1158 3004 sed
1186 2949 1446 3005 honorem
1474 2955 1532 3004 et
1571 2948 1714 3004 hanc
1758 2948 1931 3020 digni-

335 3049 515 3097 tatem
543 3041 790 3094 humana:
815 3045 1024 3094 naturae
1049 3039 1192 3094 Deus
1216 3038 1313 3094 Dei
1341 3038 1517 3095 Filius
1532 3037 1845 3102 contribuit,
1869 3046 1932 3094 ut

332 3132 489 3187 Dens
519 3139 573 3186 et
597 3130 760 3186 homo
779 3143 887 3185 una
912 3137 1059 3184 esset
1090 3143 1343 3199 persona.
1374 3128 1553 3197 Quare
1580 3128 1718 3185 dixit
1744 3145 1930 3200 appre-
1956 3101 2006 3167 (ἶ

330 3223 569 3279 hendit?
594 3223 720 3294 quia
751 3236 849 3277 nos
874 3222 1029 3292 quasi
1053 3221 1369 3277 recedentes
1398 3222 1466 3276 ab
1491 3236 1556 3277 eo
1581 3229 1637 3277 et
1660 3221 1822 3293 longe
1847 3220 1932 3277 fu-

332 3317 559 3387 gicntes
578 3314 850 3368 insecutus
873 3311 1251 3384 apprehendit,
1276 3319 1331 3367 et
1358 3312 1411 3366 in
1442 3327 1606 3367 unam
1642 3326 1929 3383 personam

333 3413 551 3461 nostra:
578 3403 887 3474 fragilitatis
913 3411 1158 3458 naturam
1185 3402 1288 3458 sibi
1316 3404 1759 3474 contemperavit.
1782 3403 1932 3461 Unde

331 3496 551 3559 debuit,
576 3494 765 3566 inquit,
787 3511 879 3566 per
898 3495 1075 3549 omnia
1105 3493 1361 3564 fratribus
1384 3494 1630 3549 similari.
1661 3495 1802 3564 Quid
1823 3505 1929 3565 est,

331 3582 631 3639 εει-κηώεντι
668 3584 892 3639 omnia?
917 3583 1087 3639 Natus
1114 3590 1220 3650 est,
1271 3584 1467 3654 inquit,
1514 3584 1779 3643 educatus
1813 3603 1934 3659 cre-

335 3676 440 3740 vit,
472 3688 669 3743 passus
703 3682 786 3731 est
816 3674 1000 3731 omnia
1023 3689 1146 3746 quae
1172 3675 1430 3746 oportuit,
1465 3676 1521 3731 in
1548 3675 1658 3732 fine
1688 3687 1933 3735 mortuus

335 3775 428 3822 est
463 3786 478 3820 :
523 3767 622 3823 hoc
670 3776 755 3823 est
798 3767 1095 3825 secundum
1142 3767 1327 3822 omnia
1367 3766 1639 3837 fratribus
1683 3770 1929 3828 similari.

338 3848 616 3927 Quoniam
661 3859 827 3915 multa
846 3860 1047 3931 quippe
1081 3860 1219 3916 dixit
1251 3861 1320 3916 de
1349 3861 1635 3932 majestate
1684 3863 1854 3934 ipsius
1877 3873 1934 3922 et

337 3950 628 4022 superiore
645 3951 836 4022 gloria,
857 3951 969 4020 jam
1000 3952 1066 4007 de
1091 3951 1496 4021 dispensatione
1522 3961 1703 4008 movet
1725 3970 1933 4011 sermo-

339 4056 493 4104 nem,
535 4049 596 4095 nt
636 4040 1067 4112 contemplemur
1094 4058 1216 4098 cum
1255 4051 1458 4112 quanta
1491 4042 1756 4112 sapientia
1781 4043 1932 4100 illum

337 4131 585 4187 ostendit
607 4130 836 4187 multum
867 4133 1106 4188 studium
1130 4133 1421 4188 habentem
1445 4140 1505 4187 ut
1534 4133 1690 4189 nobis
1724 4134 1935 4192 simila-

338 4231 522 4287 retnr,
545 4224 688 4294 quod
714 4224 816 4279 fuit
845 4240 1034 4280 curam
1064 4225 1130 4281 de
1158 4225 1316 4282 nobis
1355 4224 1646 4295 plurimam
1675 4226 1932 4297 gerentis.

342 4313 546 4369 Dicens
569 4314 710 4369 enim
735 4316 1023 4385 superius:
1058 4313 1198 4383 Quia
1232 4315 1383 4387 pueri
1422 4316 1936 4371 communicaverunt

340 4404 499 4459 carni
531 4412 578 4458 et
628 4406 891 4476 sanguini,
930 4414 977 4461 et
1023 4406 1130 4476 ipse
1177 4405 1423 4462 similiter
1455 4406 1803 4477 participatus
1857 4417 1934 4463 est

338 4495 565 4561 iisdem;
599 4502 654 4549 et
683 4494 773 4550 hic
819 4496 958 4550 dixit
995 4497 1292 4552 secundum
1336 4497 1521 4554 omnia
1549 4496 1813 4554 fratribus
1857 4498 1931 4554 si-

338 4585 547 4652 milari,
574 4586 728 4656 quasi
776 4586 960 4642 dicens
988 4605 1001 4641 :
1033 4585 1138 4654 Qui
1177 4594 1285 4643 tam
1312 4604 1544 4660 magnus
1573 4597 1675 4654 est,
1721 4590 1815 4660 qui
1846 4600 1933 4648 est

338 4676 604 4747 splendor
627 4676 831 4749 gloriae,
862 4678 954 4747 qui
998 4686 1085 4732 est
1132 4678 1420 4735 character
1464 4680 1805 4748 substantiae,
1836 4682 1932 4751 qui

338 4768 543 4824 secula
582 4767 728 4834 fecit,
761 4769 853 4840 qui
884 4768 1033 4824 sedet
1061 4770 1115 4824 in
1155 4770 1379 4826 dextera
1405 4770 1606 4841 Patris,
1632 4772 1737 4829 iste
1762 4773 1932 4829 voluit

336 4866 397 4914 et
428 4857 636 4913 studuit
664 4857 837 4915 frater
861 4866 1051 4914 noster
1072 4858 1128 4914 in
1154 4860 1406 4915 omnibus
1434 4859 1571 4916 ﬁeri.

414 4945 491 5001 Ut
516 4947 809 5002 misericors
858 4947 1007 5017 ﬁeret
1054 4959 1103 5004 et
1152 4949 1324 5019 ﬁdelis
1361 4950 1599 5021 pontifex
1628 4952 1699 5006 ad
1742 4952 1928 5008 Domi-

338 5053 493 5103 num,
530 5046 588 5090 ut
611 5038 972 5108 repropitiaret
996 5040 1188 5094 delicta
1213 5040 1414 5112 populi.
1449 5040 1563 5096 Nec
1599 5042 1784 5114 itaque
1826 5044 1930 5100 luit

334 5126 449 5180 alia
477 5141 638 5182 causa
671 5127 747 5181 illi
774 5144 874 5199 per
901 5130 1085 5184 omnia
1108 5128 1372 5186 fratribus
1391 5132 1705 5200 assimilari,
1735 5135 1839 5191 nisi
1866 5145 1929 5192 ut

340 5219 521 5275 ﬁdelis
540 5219 785 5291 pontifex
808 5230 952 5279 esset
980 5223 1037 5279 in
1066 5223 1243 5289 nobis,
1268 5226 1579 5296 nostrisque
1606 5229 1928 5299 propitiaret

338 5311 570 5367 delictis.

412 5406 482 5462 In
518 5424 579 5462 eo
606 5409 748 5462 enim
776 5407 832 5463 in
854 5424 960 5480 quo
1000 5425 1187 5479 passus
1211 5420 1285 5466 est
1315 5412 1424 5482 ipse
1463 5419 1711 5477 tentatus,
1746 5422 1927 5483 potens

335 5503 415 5550 est
444 5497 519 5550 eis
538 5497 629 5567 qui
651 5507 944 5564 tentantur,
978 5499 1251 5554 auxiliari.
1279 5499 1347 5554 In
1370 5517 1453 5567 eo,
1481 5500 1534 5555 id
1574 5509 1660 5557 est
1685 5502 1924 5571 homine,

339 5584 399 5638 in
427 5599 535 5655 quo
554 5602 749 5656 passus
771 5595 874 5655 est,
906 5595 1102 5658 potens
1129 5597 1216 5644 est
1240 5589 1456 5645 vinctos
1480 5589 1922 5658 liherare,tenta-

349 5685 542 5749 tesque
581 5679 839 5750 adjuvare
868 5681 1268 5749 ncvincautur,
1299 5681 1425 5751 quia
1472 5681 1794 5740 Icntationes
1821 5696 1923 5740 no-

1962 4457 2012 4516 D

2026 1849 2112 1905 ius
2151 1850 2314 1922 igitur
2336 1849 2544 1917 Graece,
2577 1850 2770 1908 Latine
2796 1853 2996 1909 missus
3024 1853 3241 1909 dicitur.
3292 1852 3615 1925 Cognoscite

2026 1941 2157 2012 quid
2208 1951 2293 1997 est
2337 1940 2497 1999 Iesus
2543 1944 2801 2000 sacerdos
2830 1953 2887 2001 et
2927 1944 3126 2015 qualis,
3152 1953 3209 2000 et
3223 1958 3331 2000 non
3346 1942 3614 2019 habebitis

2027 2046 2165 2109 opus
2184 2033 2555 2089 consolatione
2580 2033 2685 2088 alia
2712 2049 2888 2106 neque
2908 2035 3122 2091 solatio.
3135 2034 3454 2091 Pontiﬁcem
3469 2035 3613 2107 enim

2028 2138 2152 2180 eum
2179 2125 2318 2181 dixit
2357 2125 2718 2183 confessionis
2759 2136 2988 2194 nostrae,
3027 2126 3081 2182 id
3109 2134 3195 2182 est
3242 2125 3369 2183 ﬁdei
3393 2132 3611 2188 nostrae,

2028 2216 2116 2274 cui
2142 2217 2243 2273 iste
2268 2218 2497 2290 populus
2522 2232 2694 2275 novus
2712 2219 3036 2277 commissus
3065 2227 3168 2284 est,
3193 2218 3336 2277 sicut
3365 2224 3420 2273 et
3444 2216 3614 2293 Moysi

2028 2309 2180 2380 prior
2203 2308 2436 2380 populus
2462 2309 2519 2364 in
2553 2310 2791 2380 regimen
2818 2308 2977 2365 datus
2997 2308 3218 2364 cstzsed
3249 2308 3375 2364 huic
3405 2306 3612 2379 majora

2028 2407 2085 2456 et
2113 2398 2268 2470 longe
2292 2398 2523 2456 meliora
2562 2399 2852 2456 commissa
2900 2407 3045 2454 sunt.
3079 2398 3208 2456 Vult
3254 2397 3400 2454 enim
3424 2397 3614 2451 beatus

2027 2491 2228 2549 Paulus
2260 2490 2472 2562 erigere
2498 2490 2707 2546 animos
2735 2490 3101 2549 lsraelitarum
3137 2487 3205 2544 ad
3239 2486 3612 2544 excellentiam

2028 2581 2448 2655 promissionum
2486 2580 2624 2647 Dei,
2677 2588 2739 2635 ut
2789 2580 2996 2637 intente
3047 2587 3341 2661 parentse
3368 2577 3613 2646 accipere

2029 2676 2173 2747 quod
2203 2675 2348 2731 Deus
2369 2673 2604 2746 benigne
2629 2672 2741 2730 illis
2763 2674 3016 2745 promisit
3057 2672 3253 2729 afferre
3281 2687 3380 2745 per
3429 2668 3612 2747 Jcsum

2030 2767 2306 2825 Christum
2333 2767 2621 2824 Dominum
2650 2778 2919 2833 nostrum,
2947 2766 3041 2839 qui
3069 2782 3191 2824 cum
3219 2765 3381 2823 Patre
3404 2775 3460 2820 et
3489 2764 3611 2834 Spi-

2029 2859 2141 2915 ritu
2167 2867 2359 2915 sancto
2385 2859 2519 2915 vivit
2555 2866 2612 2915 et
2638 2866 2830 2929 regnat
2874 2857 3019 2914 Deus
3066 2872 3162 2930 per
3189 2858 3372 2917 omnia
3420 2853 3615 2912 saecula

2030 2951 2372 3009 saeculorum.
2403 2951 2594 3008 Amen.

2618 3041 2902 3100 HOMILIA
2936 3041 3024 3098 LI.

2556 3150 2606 3190 IN
2661 3150 2836 3191 EODEH
2889 3148 3075 3190 πετο.

2140 3224 2327 3281 Lectio
2353 3225 2529 3282 sancti
2564 3225 2840 3296 Evangelii
2886 3224 3184 3281 secundum
3227 3223 3511 3281 Joannem.

2122 3314 2193 3370 In
2239 3314 2331 3371 illo
2373 3324 2602 3386 tempore
2644 3316 2780 3371 dixit
2829 3314 2987 3371 Iesus
3038 3314 3311 3386 discipulis
3358 3316 3472 3371 suis
3500 3331 3521 3373 :
3555 3315 3618 3385 Si

2034 3407 2334 3463 manseritis
2364 3406 2420 3461 in
2452 3423 2535 3460 me
2576 3417 2626 3462 et
2658 3407 2810 3463 verba
2854 3425 2972 3464 mea
3008 3410 3063 3463 in
3101 3408 3243 3465 vobis
3292 3408 3616 3474 manserint;

2033 3498 2380 3570 quodcunque
2407 3497 2675 3569 volueritis
2703 3499 2908 3569 petetis,
2949 3509 2996 3554 et
3033 3500 3121 3569 fiet
3162 3499 3322 3555 vobis.

2105 3586 2370 3643 Manendo
2419 3588 2618 3659 quippe
2660 3588 2715 3643 in
2770 3588 2988 3644 Christo
3016 3590 3145 3659 quid
3187 3589 3327 3643 velle
3373 3597 3617 3660 possunt.

2033 3677 2137 3734 nisi
2168 3680 2312 3749 quod
2339 3680 2594 3735 convenit
2630 3678 2866 3735 Christo.
2893 3678 3030 3746 Quid
3063 3679 3201 3735 velle
3246 3690 3473 3750 possunt
3501 3696 3618 3736 ma-

2035 3766 2213 3824 nendo
2243 3768 2296 3822 in
2323 3767 2623 3834 Salvatore,
2650 3767 2753 3822 nisi
2781 3768 2924 3838 quod
2953 3767 3191 3823 alienum
3226 3784 3331 3824 non
3358 3778 3442 3824 est
3468 3785 3498 3824 a
3532 3785 3621 3824 sa-

2034 3858 2183 3913 lute?
2210 3856 2322 3914 Nec
2361 3858 2507 3913 enim
2541 3867 2728 3928 petere
2759 3858 2968 3925 volunt,
2999 3858 3105 3914 nisi
3133 3859 3277 3930 quod
3307 3859 3527 3930 expedit
3551 3861 3620 3914 ad

2034 3949 2289 4006 salutem.
2341 3948 2618 4004 Manentes
2647 3957 2827 4005 autem
2857 3949 2911 4006 in
2942 3964 3009 4005 eo
3045 3966 3169 4007 cum
3200 3952 3364 4007 verba
3399 3938 3516 4021 ejus
3564 3951 3618 4007 in

2035 4039 2191 4095 nobis
2221 4047 2465 4106 manent,
2493 4039 2854 4111 quodcunque
2891 4041 3243 4108 voluerimus,
3285 4049 3537 4113 petamus
3562 4051 3620 4097 et

2036 4129 2129 4185 ﬁet
2165 4130 2341 4186 nobis.
2382 4129 2519 4199 Quia
2544 4131 2590 4186 si
2618 4133 2853 4202 petimus
2880 4140 2938 4188 et
2957 4148 3065 4188 non
3098 4132 3213 4199 fiet,
3243 4148 3352 4188 non
3399 4135 3501 4191 hoc
3525 4150 3620 4205 pe-

2038 4220 2201 4276 timus
2240 4221 2384 4290 quod
2413 4222 2481 4277 ad
2511 4221 2642 4277 illud
2672 4223 2909 4292 pertinet
2948 4230 3007 4277 nt
3039 4231 3258 4277 maneat
3301 4223 3356 4277 in
3391 4237 3490 4289 eo,
3517 4239 3621 4279 nec

2035 4312 2179 4381 quod
2219 4312 2451 4369 suadent
2471 4314 2638 4368 verba
2672 4312 2789 4383 ejus
2813 4330 2933 4386 qua:
2960 4314 3015 4369 in
3062 4314 3219 4371 nobis
3257 4323 3497 4381 manent,
3524 4315 3621 4372 sed

2036 4402 2180 4472 quod
2208 4403 2374 4460 habet
2419 4405 2687 4476 cupiditas
2712 4413 2768 4459 et
2816 4403 3102 4459 inﬁrmitas
3139 4404 3319 4458 carnis
3344 4418 3467 4473 quae
3510 4420 3618 4458 non

2036 4502 2122 4549 est
2166 4494 2221 4548 in
2251 4510 2340 4561 eo,
2368 4503 2425 4550 et
2468 4494 2524 4549 in
2568 4510 2675 4564 qua
2722 4509 2828 4549 non
2856 4502 3079 4549 manent
3105 4493 3272 4549 verba
3299 4493 3439 4566 ejus.
3468 4492 3622 4551 Tunc

2035 4588 2181 4642 enim
2231 4586 2460 4642 dicenda
2513 4592 2644 4641 sunt
2688 4583 2857 4640 verba
2903 4584 3021 4656 ejus
3066 4584 3120 4640 in
3170 4584 3327 4642 nobis
3370 4600 3614 4653 manere,

2036 4677 2252 4749 quando
2279 4676 2509 4732 facimus
2535 4691 2654 4746 quae
2674 4675 2930 4747 praecepit
2950 4684 3005 4730 et
3033 4675 3306 4748 diligimus
3342 4691 3463 4747 qua:
3493 4691 3622 4747 pro-

2035 4769 2204 4825 misit.
2247 4768 2417 4840 Magis
2447 4768 2725 4840 magisque
2757 4768 3006 4825 Salvator
3033 4771 3264 4842 gratiam
3290 4786 3399 4840 qua
3442 4771 3619 4827 salva-

2036 4875 2161 4916 mur
2191 4859 2471 4929 discipulis
2513 4858 2781 4930 loquendo
2815 4860 3239 4917 commendans:

2099 4950 2168 5005 In
2206 4950 2322 5016 hoc,
2345 4951 2543 5021 inquit,
2579 4950 2902 5020 clariﬁcatus
2930 4959 3005 5007 est
3027 4948 3190 5007 Pater
3224 4970 3391 5021 meus,
3417 4962 3474 5009 ut
3500 4952 3617 5023 fru-

2029 5052 2170 5097 ctum
2210 5041 2494 5111 plurimum
2535 5043 2770 5113 offeratis
2798 5052 2844 5097 et
2875 5043 3174 5114 eﬂiciamini
3198 5045 3299 5100 mei
3347 5043 3613 5115 discipuli.

2031 5131 2090 5188 Si
2134 5132 2281 5189 enim
2319 5132 2425 5188 hoc
2470 5132 2655 5203 gloria:
2707 5143 2791 5189 est
2830 5132 3011 5192 Patris
3062 5144 3122 5191 ut
3161 5134 3396 5193 fructum
3444 5134 3619 5206 pluri-

2030 5241 2178 5283 mum
2227 5224 2519 5282 offeramus
2566 5234 2622 5282 et
2673 5227 2844 5283 simus
2893 5228 3143 5300 discipuli
3199 5227 3444 5294 Christi,
3504 5241 3614 5283 non

2033 5319 2137 5374 hoc
2166 5326 2364 5375 nostra:
2412 5317 2599 5390 gloria:
2623 5318 2943 5383 tribuamus,
2989 5327 3247 5389 tanquam
3292 5319 3396 5375 hoc
3418 5333 3486 5379 .ex
3516 5333 3614 5373 no-

2030 5409 2116 5465 bis
2144 5408 2277 5479 ipsis
2322 5408 2663 5465 habeamus:
2695 5408 2811 5479 ejus
2837 5416 2922 5467 est
2961 5410 3251 5465 enim.h:nc
3291 5407 3465 5479 gratia
3488 5448 3506 5476 ,
3555 5422 3616 5468 et

2031 5501 2154 5556 ideo
2193 5501 2248 5555 in
2278 5501 2384 5557 hoc
2411 5516 2519 5558 non
2549 5509 2737 5558 nostra
2777 5501 2872 5561 sed
2907 5500 3025 5572 ejus
3050 5500 3315 5573 gloria.,A
3346 5516 3452 5571 quo
3481 5517 3613 5575 ergo

2031 5590 2327 5647 eﬂieiamur
2359 5599 2419 5669 ut
2442 5592 2612 5649 simus
2632 5591 2879 5663 discipuli
2906 5591 3130 5657 Christi,
3161 5590 3266 5646 nisi
3300 5590 3489 5648 abillo
3511 5606 3613 5649 cu‘

2025 5683 2117 5753 jus
2162 5682 2532 5741 misericordia
2565 5683 2827 5754 praevenit
2867 5683 3022 5740 nobis
3071 5679 3223 5750 velle,
3261 5682 3613 5757 subsquitur
