3962 6180
384 252 493 332 ἕξις

1016 261 1078 316 Β.
1119 257 1372 317 RABANI
1409 252 1631 311 HA3”
1670 247 1954 307 Αιιεωει

2057 241 2343 303 IOGUNT.
2384 238 2667 300 omnis
2703 236 2885 295 PARS
2923 236 2990 293 ll.

381 370 570 465 posse,
766 380 837 436 ad
872 362 931 434 id
975 375 1287 447 pertineant
1330 377 1392 425 ut
1419 362 1811 439 perpetiuntur
1854 376 1970 417 ms-
1994 372 2043 431 Α
2066 352 2324 465 gaudium
2352 350 2832 465 meritonnostrum
2857 345 3111 465 dicimus,
3145 359 3257 416 quo
3279 350 3467 465 et

381 486 823 621 “grauem
856 570 941 611 me
972 552 1157 618 Pater,
1203 557 1253 605 ct
1277 564 1372 621 ego
1400 546 1561 603 dilexi
1606 560 1698 602 vos
1714 583 1735 613 ,
1761 551 1968 600 manete

376 660 436 716 in
454 655 733 712 dilectione
758 664 896 704 mea.
929 646 1068 702 Ecce
1096 644 1238 699 unde
1270 647 1397 697 sunt
1419 639 1734 696 nobisbona
1763 634 1966 708 opera?

380 763 507 804 nam
530 743 673 800 unde
692 740 849 796 nobis
870 744 1069 799 essent,
1086 735 1189 789 nisi
1210 734 1335 803 quia
1357 731 1490 787 ﬁdes
1503 745 1601 801 per
1618 729 1964 784 dilectionem

375 830 674 908 operatur?
696 829 840 885 unde
867 834 1045 881 autem
1085 823 1377 895 diligimus,
1405 821 1508 875 nisi
1531 820 1682 889 prius
1709 817 1964 887 diligere-

375 930 534 985 mur?
559 924 627 980 Et
649 922 792 979 unde
806 920 898 976 illa
917 918 1133 974 dilectio
1148 915 1242 971 Dei
1257 915 1312 969 in
1341 913 1494 967 uobis
1511 918 1674 974 esset,
1690 909 1796 964 nisi
1816 908 1966 979 prius

370 1037 473 1079 nos
494 1034 593 1077 sua
616 1014 939 1089 praeveniret
966 1010 1162 1084 gratia,
1183 1009 1238 1063 in
1257 1022 1362 1078 qua
1390 1021 1488 1061 nos
1509 1004 1700 1060 dilexit
1721 1018 1847 1058 cum
1871 1017 1964 1057 es-

375 1110 559 1166 semus
601 1107 656 1162 in
683 1104 942 1178 peccatis,
972 1109 1029 1158 et
1052 1096 1451 1156 conviviﬁcavit
1472 1111 1575 1151 nos
1616 1096 1671 1149 in
1700 1092 1963 1150 Christo?

376 1199 531 1268 Quod
553 1204 734 1252 autem
765 1194 873 1261 ait,
898 1193 1030 1248 sicut
1062 1190 1246 1245 dilexit
1278 1204 1361 1243 nte
1391 1184 1575 1252 Pater,
1596 1195 1646 1240 et
1673 1199 1768 1255 ego
1800 1182 1964 1238 dilexi

375 1307 486 1357 vos,
514 1305 621 1346 non
646 1288 1012 1359 aequalitatem
1041 1289 1251 1338 natura:
1271 1279 1508 1337 ostendit
1530 1285 1733 1333 nostra:
1751 1285 1809 1331 et
1825 1289 1961 1340 suae,

375 1381 519 1437 sicut
547 1387 631 1436 est
654 1377 831 1433 Patris
858 1384 915 1431 et
940 1372 1131 1445 ipsius,
1155 1372 1250 1428 sed
1265 1370 1495 1443 gratiam
1522 1382 1630 1438 qua
1649 1373 1735 1423 est
1758 1366 1965 1423 media-

377 1478 464 1527 tor
484 1469 581 1526 Dei
613 1476 669 1523 et
707 1466 1004 1530 hominum,
1045 1465 1207 1519 homo
1231 1461 1481 1518 Christus
1502 1458 1680 1515 Jesus.
1705 1456 1964 1513 Iediato-

375 1574 493 1618 rem
521 1577 580 1618 se
602 1560 841 1617 ostendit
883 1572 1009 1615 cum
1035 1555 1210 1611 dixit:
1240 1552 1438 1606 Dilesit
1468 1567 1551 1605 me
1578 1547 1745 1604 Pater
1779 1558 1828 1603 et
1867 1563 1963 1618 ego

375 1670 483 1719 vos,
531 1668 661 1708 nam
709 1649 874 1707 Pater
902 1647 1089 1717 utique
1117 1644 1291 1715 diligit
1335 1651 1394 1699 et
1439 1656 1559 1707 nos,
1591 1638 1689 1695 sed
1714 1639 1768 1693 in
1820 1638 1961 1707 ipso,

2065 443 2232 503 futuri
2280 455 2485 498 sumus.

2065 546 2210 592 ctum
2234 543 2340 596 est.
2364 547 2465 588 nec
2491 529 2656 586 minui
2683 536 2878 599 potest,
2901 542 3002 583 nec
3022 525 3231 582 habere
3283 540 3390 595 quo
3416 533 3649 592 crescat,

2065 627 2171 683 hoc
2216 638 2344 680 vero
2394 621 2646 696 gaudium
2705 626 2949 674 nostrum
2976 617 3265 672 inchoatur
3304 614 3359 669 in
3403 614 3510 671 ﬁde
3563 629 3645 671 re-

2064 716 2424 779 nascendum,
2482 709 2793 782 implebitur
2838 709 2894 763 in
2936 707 3159 778 praemio
3206 705 3625 777 resurgentium.

2135 806 2252 860 Hoc
2291 815 2367 860 est
2428 812 2743 875 prwceptum
2787 816 2981 865 meum,
3034 808 3089 852 ut
3132 798 3366 868 diligatis
3407 798 3649 865 invicem,

2062 898 2194 952 sicut
2233 896 2395 950 dilexi
2435 911 2547 948 vos.
2597 891 2733 946 Nam
2762 891 2817 945 in
2844 889 3214 960 superioribus
3242 889 3378 943 dixit
3425 888 3552 944 dum
3584 890 3655 944 de

2062 988 2350 1043 dilectione
2394 986 2668 1058 praecepit,
2735 982 3042 1037 mandatum
3093 996 3282 1034 novum
3335 981 3425 1044 do,
3489 980 3654 1034 modo

2061 1080 2220 1147 dixit,
2270 1087 2584 1150 prwceptum
2625 1091 2816 1130 meum.
2872 1072 3079 1128 Novum
3119 1072 3258 1127 dixit
3304 1088 3372 1129 ne
3407 1072 3460 1127 in
3493 1082 3651 1127 vctu-

2061 1179 2201 1226 state
2231 1177 2417 1229 nostra
2474 1180 2905 1238 perseveremus,
2965 1165 3054 1220 bie
3084 1164 3285 1221 dictum
3323 1173 3407 1219 est
3443 1179 3650 1231 incum,

2060 1276 2130 1316 ne
2174 1259 2627 1316 contemnendum
2672 1265 2943 1328 putemus,
3026 1256 3275 1327 repetitio
3322 1270 3451 1310 vero
3487 1255 3653 1324 lnzjus

2062 1350 2302 1407 mandati
2330 1349 2728 1405 commendatio
2756 1357 2861 1404 est.
2914 1347 3049 1416 Quia
3079 1349 3199 1405 sine
3228 1349 3498 1404 charitate
3530 1348 3650 1402 nul-

2061 1440 2169 1495 lum
2200 1448 2527 1511 praeceptum
2577 1437 2688 1494 Deo
2715 1446 2801 1494 est
2840 1437 3194 1508 acceptabile,
3246 1436 3314 1492 de
3355 1453 3462 1508 qua
3507 1439 3651 1508 Apo-

2061 1531 2230 1589 stolus
2266 1533 2389 1588 ait:
2438 1531 2721 1586 Plenitudo
2752 1530 2879 1602 legis
2928 1539 3003 1586 est
3052 1530 3316 1595 charitas;
3371 1530 3465 1585 ubi
3519 1546 3652 1599 ergo

2060 1624 2303 1680 cbaritas
2326 1630 2432 1690 est,
2463 1622 2592 1694 quid
2637 1633 2724 1680 est
2750 1623 2893 1695 quod
2925 1621 3100 1693 possit
3139 1622 3371 1678 deesse?
3423 1622 3513 1676 ubi
3559 1636 3653 1675 au-

372 1712 501 1816 quia
526 1744 582 1799 in
608 1744 712 1798 hoc
748 1712 1078 1798 derideatur
1105 1712 1265 1793 Pater
1285 1745 1348 1792 ut
1385 1735 1622 1789 fructum
1664 1730 1954 1787 aderamus

2062 1727 2168 1773 tem
2214 1732 2323 1772 non
2348 1725 2433 1773 est
2481 1716 2611 1786 quid
2636 1724 2723 1771 est
2753 1715 2897 1787 quod
2937 1714 3107 1786 possit
3151 1714 3443 1785 prodesse?
3478 1712 3652 1768 Nemo

373 1833 428 1889 in
454 1833 584 1901 vite,
606 1833 716 1888 hoc
747 1839 833 1887 est
870 1831 925 1885 in
952 1830 1092 1885 Filio
1107 1868 1122 1894 ,
1145 1836 1202 1884 et
1220 1826 1518 1883 elliclamur
1542 1822 1662 1893 ejus
1686 1821 1960 1893 discipuli.

372 1919 605 1987 Maneto,
636 1922 835 1992 inquit,
861 1922 915 1975 in
940 1919 1217 1974 dilectione
1238 1933 1388 1982 mea;
1418 1915 1692 1987 quomodo
1717 1914 1960 1970 manebi-

373 2012 444 2068 tis
477 2012 603 2068 audi
637 2013 783 2083 quod
811 2011 1095 2081 sequitur:

444 2101 502 2158 Si
545 2112 803 2173 pracepta
829 2117 969 2168 mea,
1002 2099 1197 2171 inquit,
1223 2097 1572 2164 renovet-itis,
1602 2096 1878 2151 manebitis
1900 2096 1959 2153 in

369 2195 646 2251 dilectione
684 2211 823 2249 utea.
872 2194 929 2250 ln
977 2195 1081 2250 hoc
1117 2194 1262 2250 enim
1296 2193 1577 2265 apparebit
1600 2191 1748 2263 quod
1787 2192 1843 2246 in
1872 2191 1956 2247 di-

371 2290 602 2346 lectione
633 2304 753 2345 mea
784 2288 1096 2354 manebitis,
1123 2288 1172 2343 si
1195 2301 1314 2342 mea
1350 2294 1621 2358 praecepta
1647 2285 1952 2342 servabitis.

368 2380 540 2437 Nemo
585 2395 645 2436 se
692 2378 843 2434 fallat
873 2374 1102 2435 dicendo
1131 2378 1275 2448 quod
1315 2393 1441 2434 eum
1468 2377 1693 2447 diligat,
1740 2377 1787 2432 si
1838 2376 1957 2447 ejus

367 2479 639 2542 praecepta
669 2485 777 2524 non
801 2478 1003 2534 servet,
1023 2482 1150 2523 nam
1181 2468 1236 2522 in
1265 2475 1474 2522 tantum
1503 2480 1628 2521 eum
1659 2464 1950 2538 diligimus,

368 2558 424 2614 in
467 2567 728 2630 quantum
755 2558 872 2629 ejus
915 2566 1182 2629 praecepta
1228 2572 1539 2625 servamus;
1589 2558 1645 2612 in
1691 2566 1953 2627 quantum

367 2660 549 2707 autem
580 2651 760 2707 minus
783 2667 1082 2716 servamus,
1117 2652 1172 2706 in
1211 2659 1419 2705 tantum
1447 2651 1627 2707 minus
1659 2650 1949 2723 diligimus.

367 2741 508 2809 Quid
532 2750 619 2795 est
656 2742 802 2811 quod
835 2741 1006 2807 dixit,
1049 2750 1252 2795 ntanete
1278 2742 1335 2795 in
1361 2740 1637 2795 dilectione
1679 2758 1817 2806 tneo,
1849 2741 1952 2798 nisi

368 2839 583 2886 manete
612 2830 667 2885 in
696 2831 872 2901 gratia
911 2831 1068 2886 mea?
1089 2831 1157 2885 Et
1177 2832 1307 2901 quid
1332 2841 1438 2898 est,
1462 2831 1509 2886 si
1540 2841 1798 2901 prmccpta
1834 2848 1951 2887 mea

2060 1813 2236 1886 diligit
2283 1812 2375 1883 qui
2400 1811 2722 1876 noncredit,
2779 1824 2939 1865 nemo
2967 1810 3220 1878 desperat
3242 1808 3333 1878 qui
3359 1806 3554 1878 diligit,
3592 1810 3648 1860 et

2058 1907 2175 1962 haec
2209 1905 2311 1960 tria
2339 1920 2485 1975 spes,
2516 1902 2671 1970 ﬁdes,
2704 1902 2964 1967 cbaritas,
3016 1901 3068 1955 in
3096 1900 3295 1970 quibus
3333 1896 3646 1953 Christiana

2058 1996 2247 2069 religio
2283 1995 2571 2059 consistit;
2603 1993 2698 2049 sed
2734 1992 2909 2063 majus
2955 1991 3042 2046 bis
3092 1998 3177 2046 cst
3210 1988 3470 2054 cbaritas,
3516 1987 3648 2057 quia

2056 2102 2164 2145 non
2208 2088 2470 2158 prmterit,
2521 2088 2616 2141 sed
2649 2092 2952 2155 permanet,
3005 2098 3129 2139 cum
3154 2080 3245 2136 hic
3272 2080 3479 2152 incipit,
3534 2081 3648 2136 illic

2054 2180 2367 2250 perﬁcietur
2393 2178 2483 2233 ubi
2524 2174 2820 2247 permanet.
2870 2173 2983 2229 [loc
3010 2188 3138 2244 ergo
3167 2183 3494 2243 prmceptum
3538 2169 3649 2224 Do-

2054 2273 2189 2328 mini
2231 2282 2512 2329 teneamus
2559 2279 2618 2326 ut
2644 2286 2742 2325 nos
2766 2269 2995 2325 invicem
3037 2267 3342 2340 diligamus,
3383 2275 3440 2322 et
3479 2264 3644 2336 quid-

2054 2366 2183 2434 quid
2208 2365 2354 2421 aliud
2394 2364 2640 2434 pnecipit
2669 2360 2918 2426 facimus,
2961 2361 3228 2431 quomodo
3247 2357 3510 2429 quidquid
3556 2360 3645 2412 est

2055 2455 2201 2510 aliud
2238 2436 2518 2511 habemus.
2578 2453 2749 2523 llnjus
2796 2451 3101 2507 dilectionis
3144 2450 3197 2504 in
3225 2450 3403 2520 seipso
3448 2464 3641 2505 exem-

2051 2546 2199 2617 plum
2227 2546 2465 2600 ostendit
2491 2557 2547 2600 et
2570 2545 2690 2600 ideo
2717 2541 3015 2611 subjunxit,
3053 2552 3106 2595 ut
3154 2540 3388 2611 diligatis
3419 2541 3638 2594 invicem

2053 2638 2188 2691 sicut
2217 2654 2310 2708 ego
2336 2635 2498 2689 dilexi
2522 2653 2627 2690 vos.
2676 2636 2743 2690 ιι
2771 2634 2901 2705 quid
2926 2633 3072 2688 enim
3118 2648 3215 2687 nos
3243 2630 3433 2686 dilexit
3483 2630 3647 2685 Chri-

2051 2740 2190 2795 ειυς,
2249 2730 2355 2785 nisi
2404 2737 2464 2783 ut
2508 2728 2777 2799 possimus
2815 2741 3041 2797 regnare
3074 2740 3198 2780 cum
3242 2724 3511 2780 Christo?
3555 2722 3647 2778 Ad

2050 2822 2159 2878 ltoc
2176 2836 2277 2877 nos
2301 2820 2524 2892 diligere
2546 2820 2824 2883 debemus,
2856 2828 2914 2872 ut
2943 2816 3234 2872 habeamus
3255 2817 3419 2870 Deum
3441 2823 3495 2870 et
3520 2830 3643 2869 ma-

366 2921 718 2988 servaveritis,
744 2921 1019 2976 manebitis
1050 2922 1107 2977 in
1150 2921 1427 2976 dilectione
1454 2938 1589 2989 mea,
1618 2923 1724 2977 nisi
1749 2938 1814 2978 cx
1842 2924 1950 2980 hoc
2044 2926 2278 2969 neamus
2302 2912 2356 2966 in
2385 2912 2518 2978 Deo,
2560 2920 2615 2966 et
2639 2911 2719 2966 sic
2742 2910 2834 2981 qui
2861 2925 2919 2966 se
2941 2909 3169 2980 diligunt
3195 2908 3362 2961 Deum
3388 2907 3647 2980 diligunt,

366 3011 550 3067 scietis
568 3012 710 3083 quod
740 3012 794 3066 in
823 3012 1113 3069 dilectione
1142 3026 1280 3079 mea,
1307 3027 1414 3083 qua
1458 3029 1553 3068 vos
1575 3013 1738 3084 diligo
1761 3029 1947 3070 manc-

366 3104 519 3171 bitis,
548 3105 595 3161 si
626 3120 744 3159 mea
770 3113 1040 3176 praecepta
1067 3105 1388 3161 servabitis?
1415 3104 1523 3160 Sed
1551 3105 1681 3177 quid
1704 3113 1789 3160 est
1806 3106 1949 3176 quod

364 3198 608 3269 adjungit
635 3216 650 3253 :
682 3197 831 3253 Sicut
858 3207 905 3251 et
927 3214 1020 3268 ego
1040 3208 1299 3269 pracepta
1325 3195 1505 3253 Patris
1541 3197 1641 3253 mei
1673 3200 1874 3254 servavi
1904 3208 1952 3255 et

2050 3013 2107 3061 et
2133 3004 2250 3060 haec
2277 3013 2362 3059 est
2384 3003 2603 3060 dilectio
2655 3016 2761 3073 qua
2791 3001 2854 3055 lit
2880 3000 3020 3056 Deus
3064 2997 3246 3054 omnia
3284 2999 3340 3053 in
3366 3000 3646 3055 outttibus.

1972 3070 2021 3134 Ο
2050 3093 2311 3166 Sequitur
2339 3112 2352 3148 :

2042 3236 2049 3237 ,
2121 3186 2383 3257 Majorem
2429 3187 2528 3241 bac
2576 3184 2902 3241 dilectionem
2950 3202 3099 3241 nemo
3132 3185 3307 3251 habet,
3379 3199 3537 3254 quam
3588 3194 3648 3237 ut

364 3302 552 3341 maneo
577 3289 633 3341 in
660 3286 776 3357 ejus
823 3285 1117 3340 dilectione.
1145 3286 1275 3354 Quae
1307 3294 1434 3341 sunt
1463 3296 1727 3358 przcccpta
1777 3287 1953 3343 Patris

2057 3280 2283 3333 animum
2310 3295 2463 3333 suam
2502 3289 2661 3349 ponat
2697 3280 2814 3347 quis
2860 3295 2954 3348 pro
2976 3279 3160 3332 amicis
3184 3278 3315 3332 suis.
3365 3275 3506 3342 Quid
3557 3283 3646 3330 est

362 3378 469 3434 nisi
497 3393 617 3449 qua:
640 3387 765 3433 ante
785 3378 951 3444 dixit,
978 3379 1110 3433 sicut
1132 3379 1440 3433 mandatum
1461 3379 1602 3433 dedit
1632 3381 1761 3433 nulli
1789 3380 1955 3442 Pater

364 3469 442 3524 sic
469 3469 686 3539 faciant.
727 3469 880 3536 Quod
908 3469 1198 3539 Apostolus
1221 3483 1500 3540 exponens
1543 3471 1653 3537 ait,
1701 3471 1954 3528 Christus

367 3560 540 3631 factus
569 3569 646 3615 est
672 3560 915 3615 obediens
948 3558 1101 3616 Patri
1135 3576 1298 3633 usque
1341 3561 1410 3614 ad
1458 3573 1699 3629 mortem,
1732 3574 1951 3618 mortem

347 3663 541 3707 autem
570 3652 762 3719 crucis,
806 3662 1019 3724 propter
1041 3655 1181 3724 quod
1229 3653 1369 3709 Deus
1404 3644 1555 3708 ill'um
1598 3656 1867 3722 exultavit,
1901 3667 1951 3712 et

364 3742 506 3796 dedit
539 3743 617 3796 illi
652 3759 837 3798 nomen
865 3744 1007 3815 quod
1035 3755 1109 3799 est
1137 3761 1292 3815 super
1332 3762 1484 3800 omne
1514 3762 1719 3800 nomen.
1750 3747 1953 3817 Adjun-

365 3833 481 3904 git:
509 3844 556 3887 et
587 3850 772 3888 maneo
818 3835 875 3887 in
922 3835 1037 3904 ejus
1065 3835 1363 3890 dilectione.
1401 3837 1477 3892 De
1519 3838 1620 3893 hac
1665 3837 1951 3895 dilectione

366 3925 526 3990 dixit,
557 3939 665 3995 qua
694 3925 872 3994 diligit
894 3940 1019 3979 eum
1043 3928 1223 3993 Pater,
1248 3929 1345 3983 sed
1368 3931 1609 4000 nunquid
1629 3940 1683 3985 et
1711 3933 1797 3986 hic
1820 3949 1948 4001 gra-

367 4015 442 4069 tia
462 4010 813 4081 intelligenda
834 4021 937 4080 est,
953 4029 1060 4084 qua
1082 4015 1243 4071 Pater
1254 4017 1426 4088 diligit
1441 4018 1657 4083 Filium,
1671 4022 1950 4093 sicutgra-

367 4107 441 4162 tia
456 4114 545 4161 est
559 4120 664 4175 qua
682 4121 781 4160 nos
792 4105 968 4175 diligit
986 4106 1172 4172 Filius,
1187 4123 1311 4163 eum
1327 4110 1498 4164 simus
1513 4125 1611 4165 nos
1635 4110 1725 4166 lilii
1740 4114 1947 4184 gratiae,

366 4213 474 4253 non
515 4207 724 4252 naturae
757 4215 769 4250 :
800 4196 1108 4268 unigenitus
1148 4207 1327 4254 autem
1379 4210 1570 4255 natura
1598 4217 1706 4257 non
1753 4203 1948 4275 gratia,

365 4296 548 4345 manet
573 4303 701 4359 ergo
728 4287 897 4343 Filius
922 4288 1209 4345 dilectione
1249 4304 1354 4360 qua
1386 4305 1508 4346 eum
1539 4292 1728 4348 dilexit
1767 4292 1946 4359 Pater,

2050 3373 2194 3441 quod
2231 3371 2491 3426 Dominus
2516 3379 2703 3425 noster
2728 3368 2888 3425 lesus
2931 3368 3202 3435 Chrisns,
3253 3369 3417 3424 toties
3448 3369 3639 3424 chari-

2054 3464 2181 3518 tatis
2213 3470 2483 3532 praecepta
2513 3462 2748 3527 iteravit,
2805 3462 2911 3517 nisi
2937 3464 3082 3532 quod
3119 3478 3280 3517 omne
3303 3471 3645 3534 praeceptum

2049 3566 2107 3610 et
2126 3571 2286 3611 omne
2310 3571 2445 3625 opus
2461 3556 2656 3610 bonum
2682 3555 2738 3609 in
2765 3555 2878 3610 sola
2904 3556 3170 3611 cbaritate
3188 3556 3471 3612 solidatur.
3493 3555 3651 3612 Pras-

2049 3658 2205 3719 cepta
2235 3662 2364 3719 ergo
2402 3646 2681 3702 Dominica
2704 3655 2760 3702 et
2781 3647 2946 3702 multa
2971 3657 3099 3703 sunt
3134 3664 3231 3718 per
3268 3648 3645 3703 diversitatem

2049 3740 2250 3811 operis,
2305 3750 2361 3795 et
2386 3755 2553 3795 unum
2582 3739 2637 3793 in
2665 3741 2847 3794 radice
2887 3740 3210 3796 dilectionis.
3261 3740 3415 3795 lianc
3457 3741 3647 3809 itaque

2048 3832 2371 3887 cltaritatem
2415 3830 2686 3886 veraciter
2735 3833 2918 3896 habet,
2974 3834 3067 3901 qui
3098 3842 3155 3886 et
3189 3832 3422 3886 anticum
3462 3831 3650 3901 diligit

2050 3926 2103 3979 in
2145 3923 2277 3988 Deo,
2301 3931 2359 3977 et
2380 3922 2657 3977 inimicum
2693 3922 2867 3993 diligit
2891 3932 3114 3993 propter
3140 3924 3327 3977 Deum.
3352 3921 3478 3977 ideo
3504 3921 3643 3976 sub-

2043 4016 2224 4087 junxit
2271 4015 2403 4069 sicut
2428 4031 2521 4084 cgo
2544 4013 2707 4069 dilexi
2729 4031 2838 4080 vos,
2888 4016 2942 4070 id
2980 4025 3085 4080 est,
3136 4016 3206 4070 ad
3235 4016 3336 4070 hoc
3364 4022 3544 4069 amate
3575 4014 3648 4068 ad

2048 4108 2192 4177 quod
2226 4108 2405 4161 amavi
2435 4123 2553 4173 vos,
2581 4108 2724 4163 unde
2754 4117 2810 4162 et
2838 4108 2891 4162 in
2919 4122 3083 4163 cruce
3103 4108 3310 4177 positus
3333 4106 3511 4161 oravit
3534 4122 3648 4178 pro

2050 4200 2284 4255 inimicis
2309 4201 2444 4264 suis,
2475 4198 2661 4255 dicens
2693 4217 2707 4253 :
2737 4199 2920 4264 Pater,
2972 4200 3179 4270 ignosce
3206 4198 3336 4266 illis,
3383 4197 3646 4268 majorem

2050 4291 2150 4345 hac
2177 4289 2510 4345 dilectionem
2549 4306 2698 4344 nemo
2725 4290 2898 4355 habet,
2932 4306 3090 4361 quam
3126 4300 3183 4343 ut
3220 4292 3452 4343 animam
3480 4305 3645 4344 suam

361 4391 417 4437 et
447 4380 568 4436 ideo
587 4382 825 4435 servavit
848 4389 1136 4452 praecepta.
1166 4380 1303 4449 Quid
1332 4390 1438 4449 est,
1465 4382 1552 4437 ille
1579 4382 1733 4437 homo
1755 4399 1819 4438 ex
1847 4385 1950 4438 vir—
1976 4417 2026 4477 Β
2051 4392 2209 4453 ponat
2254 4382 2371 4453 quis
2414 4398 2510 4451 pro
2535 4383 2719 4436 amicis
2753 4383 2884 4436 suis.
2940 4381 2998 4436 ln
3036 4384 3136 4437 hoc
3175 4381 3375 4438 Christi
3418 4381 3650 4437 dilectio

362 4473 480 4543 giue
507 4482 684 4538 natus,
713 4473 818 4529 nisi
859 4474 1001 4544 quod
1031 4473 1173 4529 Deus
1199 4485 1481 4546 susceptor
1504 4484 1587 4531 est
1612 4476 1762 4548 ejus?
1806 4477 1949 4532 Deus

363 4567 507 4622 enim
530 4577 649 4621 erat
669 4567 978 4637 unigenitus
1003 4568 1098 4623 Dci
1121 4568 1300 4624 Patris
1324 4568 1513 4635 Filius,
1540 4570 1635 4625 sed
1661 4579 1720 4624 ut
1746 4570 1948 4626 media-

365 4664 450 4709 tor
493 4655 716 4712 daretur
746 4656 901 4711 nobis
933 4671 1030 4727 per
1074 4657 1396 4715 iueﬂ'abilem
1427 4660 1672 4729 gratiam,
1727 4657 1947 4716 Verbum

363 4765 488 4804 caro
510 4748 711 4819 factum
739 4760 835 4816 est,
875 4760 925 4804 et
961 4750 1212 4805 habitavit
1237 4753 1292 4807 in
1318 4754 1486 4808 nobis.

438 4839 570 4896 llwc
605 4840 807 4896 locutus
834 4858 948 4895 sum
971 4842 1108 4897 vobis
1155 4853 1208 4897 ut
1235 4846 1485 4915 gaudium
1507 4862 1678 4901 meum
1723 4848 1778 4901 in
1801 4846 1943 4901 vobis

362 4933 449 4997 sit,
485 4941 534 4986 et
559 4931 812 5005 gaudium
839 4942 1061 4987 vestrum
1109 4935 1403 5005 impleatur.
1470 4937 1538 4992 In
1559 4938 1699 4992 vobis
1724 4942 1790 4992 sit
1834 4955 1948 4993 ver—

363 5026 482 5081 bum
514 5038 685 5078 meum
722 5034 770 5078 et
801 5024 1099 5094 iinpleatur.
1155 5026 1292 5094 Quid
1332 5039 1415 5085 est
1448 5032 1701 5101 gaudium
1747 5031 1948 5087 Christi

362 5117 417 5173 in
442 5115 617 5180 nobis,
664 5115 769 5170 nisi
800 5115 948 5171 salus
977 5125 1160 5172 nostra
1198 5128 1418 5191 propter
1444 5135 1607 5193 quam
1658 5121 1833 5178 factus
1863 5133 1949 5179 cst

2052 4474 2419 4545 supereminet
2451 4474 2505 4528 in
2534 4490 2653 4541 nos,
2690 4474 2815 4545 quia
2840 4474 2989 4529 venit
3008 4483 3067 4529 ut
3089 4475 3331 4529 animam
3361 4489 3511 4529 suam
3543 4490 3651 4546 po—

2054 4574 2211 4622 neret
2230 4580 2330 4637 pro
2358 4565 2550 4621 amicis
2574 4566 2707 4632 suis,
2758 4566 2825 4621 ad
2851 4566 2956 4622 hoc
2984 4574 3163 4622 tamen
3214 4574 3276 4621 ut
3299 4581 3369 4622 ex
3398 4566 3650 4623 inimicis

2051 4658 2257 4715 faceret
2283 4656 2511 4722 amicos,
2530 4657 2630 4713 sed
2658 4674 2766 4714 non
2795 4658 3035 4714 omnium
3057 4667 3144 4713 est
3169 4658 3510 4729 martyrium,
3555 4666 3652 4714 ta-

2051 4765 2175 4806 men
2197 4751 2436 4806 omnium
2467 4750 2788 4807 beneﬁcium
2816 4760 2901 4807 est
2927 4750 3184 4809 fratribus
3209 4753 3654 4811 misericordiam

2052 4843 2383 4912 impendere.
2437 4842 2539 4910 Qui
2580 4859 2715 4899 vero
2768 4844 3129 4900 substantiam
3179 4860 3335 4901 suam
3380 4844 3539 4901 fratri
3589 4848 3659 4905 in

2056 4935 2379 4991 necessitate
2419 4936 2595 5005 posito
2645 4952 2751 4992 non
2795 4937 3000 5001 tribuit,
3059 4938 3331 5008 quomodo
3395 4938 3661 4996 ultimam

2054 5041 2211 5081 suam
2261 5026 2316 5080 in
2359 5028 2734 5097 persecutione
2759 5028 2986 5083 daturus
3029 5036 3117 5084 est
3158 5044 3259 5100 pro
3280 5028 3453 5085 fratre
3479 5044 3596 5086 suo
3630 5035 3666 5088 Ἰ

2060 5119 2243 5175 Virtus
2271 5133 2401 5174 vero
2440 5118 2599 5189 hujus
2624 5120 2910 5176 charitatis
2945 5130 3031 5177 est
3080 5122 3136 5176 in
3168 5136 3302 5193 pace
3322 5138 3421 5178 sua
3445 5121 3668 5181 distri-

363 5206 561 5264 hotno?
586 5205 655 5262 Et
682 5206 812 5279 quid
841 5217 927 5263 est
967 5209 1216 5280 gaudium
1239 5220 1480 5268 vestrum
1523 5213 1664 5286 quod
1687 5216 1816 5271 dicit
1842 5216 1944 5270 im-

363 5295 639 5367 plendum,
678 5296 780 5352 nisi
806 5296 923 5366 ejus
964 5298 1163 5354 habere
1209 5303 1559 5366 consortium,
1610 5305 1751 5360 sicut
1786 5305 1839 5359 in
1863 5322 1947 5360 se-

361 5388 656 5461 quentibus
697 5389 845 5458 dicit.
880 5385 1006 5443 Volo
1044 5387 1207 5444 Pater
1254 5402 1311 5446 ut
1337 5392 1425 5446 ubi
1458 5411 1574 5449 sunt
1623 5412 1716 5467 ego
1765 5406 1814 5450 et
1861 5397 1951 5452 isti

364 5479 471 5537 sint
499 5492 723 5536 mecum.
775 5478 1043 5536 Gaudium
1083 5480 1247 5551 igitur
1286 5482 1405 5552 ejus
1432 5482 1500 5539 de
1526 5486 1699 5542 salute
1735 5496 1944 5552 nostra,
2047 5484 2185 5555 cipio
2228 5484 2389 5539 vobis.
2459 5484 2648 5556 Magna
2675 5495 2763 5542 est
2801 5487 3037 5558 dignitas
3090 5491 3323 5545 amicum
3360 5505 3482 5546 esse
3514 5491 3674 5561 Dei,

364 5573 510 5636 quod
530 5567 609 5625 illi
637 5583 850 5643 seraper
876 5567 978 5624 fuit
997 5572 1139 5643 quod
1168 5573 1438 5642 praescivit
1463 5583 1519 5628 et
1545 5576 1947 5646 praedestinavit
2046 5576 2139 5630 sed
2168 5575 2452 5632 videndum
2486 5586 2572 5632 est
2610 5578 2808 5648 quibus
2831 5579 3087 5651 gradibus
3135 5581 3204 5637 ad
3226 5581 3367 5637 hanc
3404 5581 3671 5642 celsitu-

364 5670 486 5724 nos,
514 5662 678 5733 etepit
706 5676 824 5719 esse
855 5663 911 5718 in
942 5664 1097 5719 nobis
1125 5664 1337 5734 quando
1367 5668 1575 5720 vocavit
1601 5683 1715 5721 no...
1753 5668 1817 5722 Et
1840 5668 1941 5724 hoc
2046 5667 2226 5723 dinem
2269 5670 2637 5741 perveniatur,
2678 5670 2972 5745 subiungit,
3013 5673 3058 5726 si
3111 5674 3335 5743 feceritis
3382 5690 3502 5743 quis
3538 5691 3672 5747 ego

2054 5211 2221 5265 buere
2244 5224 2340 5282 pro
2366 5208 2570 5267 Christi
2599 5227 2804 5277 amore,
2851 5222 2912 5267 ut
2944 5215 3119 5284 possit
3148 5215 3204 5271 in
3226 5215 3671 5286 perturbatione

2055 5303 2290 5372 seipsum
2318 5303 2531 5358 tradere
2558 5318 2657 5373 pro
2682 5304 2902 5359 nomine
2931 5303 3069 5374 ejus.

2132 5388 2428 5449 Vos'antici
2473 5395 2574 5449 mei
2628 5395 2769 5460 estis,
2820 5395 2868 5451 si
2915 5396 3144 5467 feceritis
3182 5412 3300 5469 quae
3357 5415 3451 5469 ego
3498 5415 3675 5470 pras-
