3962 6180
331 217 454 284 ω

1457 220 1761 279 IIOMILIE
1794 223 1857 276 ΙΝ
1894 221 2146 278 EVANC.
2186 221 2272 277 ΕΤ
2309 222 2519 279 EPIST.

3517 237 3627 297 136

339 337 594 412 ρνωοὶρεο
653 333 816 390 vobis.
881 333 959 389 Ac
1011 333 1057 388 si
1097 340 1282 402 aperte
1341 331 1504 399 dicat,
1583 332 1825 406 gaudetis
1870 333 1936 388 de
1964 339 2014 396 Λ
2041 335 2093 389 in
2121 335 2411 408 Evangelia
2437 336 2659 393 Joannis
2688 339 2922 410 plenius,
2951 352 3007 400 et
3036 343 3122 400 hic
3149 361 3362 419 quoque
3390 351 3630 411 breviter

339 429 604 494 culmine,
678 433 905 497 pensale
953 426 1146 495 quibus
1185 423 1458 479 laboribus
1512 423 1824 495 pervenitur
1867 423 1936 480 ad

342 520 582 576 culmen.
637 517 825 590 Magna
864 525 948 572 est
997 516 1367 571 misericordia
1411 515 1687 585 largitoris
1740 514 1934 580 nostri,

337 610 487 668 servi
540 623 651 664 non
694 607 892 663 fuimus
945 606 1110 678 digni,
1178 613 1234 660 et
1270 606 1429 660 amici
1485 620 1756 661 vocamur.
1813 604 1938 660 ideo

337 699 622 772 subjungit
651 715 666 752 :

407 790 540 845 Iam
586 804 690 842 non
717 787 832 841 dico
863 801 953 840 vos
985 801 1180 848 servos,
1220 784 1346 856 quia
1393 801 1569 840 servus
1601 788 1762 841 nescit
1805 786 1934 857 quid

336 883 502 951 faciat
546 878 804 934 Dominus
838 877 973 948 ejus.
1036 876 1197 931 Aliud
1238 885 1322 931 est
1371 877 1653 932 servitium
1699 877 1928 944 timoris,

334 973 484 1027 aliud
508 970 742 1036 amoris,
790 983 910 1038 quae
931 971 1036 1022 duo
1063 967 1177 1038 ipsa
1217 967 1435 1024 Veritas
1485 968 1540 1022 in
1589 969 1692 1025 hoc
1730 971 1925 1025 eodem

333 1062 633 1134 Evangelia
697 1060 951 1130 exprimit
990 1061 1222 1116 dicens:
1270 1059 1460 1115 Servus
1507 1076 1608 1114 non
1643 1071 1817 1114 manet
1875 1062 1930 1114 in

328 1156 490 1208 deuio
530 1154 590 1207 in
620 1161 896 1218 internum,
939 1149 1083 1221 ﬁlius
1110 1159 1285 1204 autem
1338 1159 1532 1215 manet,
1597 1149 1739 1205 illius
1765 1151 1930 1205 servit

327 1245 481 1300 Patri
535 1251 762 1316 propter
811 1256 1072 1306 amorem,
1116 1255 1306 1296 servus
1359 1249 1540 1296 autem
1578 1250 1802 1311 propter
1851 1242 1926 1296 ti-

329 1349 568 1389 morem.
618 1332 696 1388 De
723 1347 831 1401 quo
857 1331 1079 1387 servitio
1105 1329 1264 1385 modo
1292 1328 1552 1384 Dominus
1590 1330 1727 1384 dixit
1751 1345 1767 1384 :
1802 1329 1926 1386 lam

326 1446 433 1481 non
464 1428 587 1480 dico
613 1442 697 1482 vos
741 1440 916 1479 servos
965 1426 1054 1477 sed
1077 1423 1296 1484 amicos,
1347 1421 1475 1492 quia
1503 1421 1595 1476 lilii
1624 1437 1730 1477 non
1759 1423 1923 1488 servi,

326 1518 454 1572 ideo
476 1525 533 1572 et
559 1515 742 1580 amici,
788 1513 914 1586 quia
953 1529 1128 1567 servus
1168 1513 1331 1566 nescit
1374 1511 1501 1582 quid
1556 1511 1718 1582 faciat
1751 1512 1924 1567 domi-

327 1626 429 1663 nus
463 1609 602 1678 ejus.
657 1605 840 1662 Nescit
871 1605 1018 1662 enim
1047 1603 1377 1660 voluntatem
1418 1603 1633 1659 Domini
1683 1603 1789 1669 sui,
1827 1603 1922 1674 qui

2038 424 2322 480 intimatur
2347 441 2472 481 cum
2497 429 2746 499 sequitur
2773 444 2803 484 τ-

2115 516 2220 572 Vos
2255 527 2433 573 autem
2483 520 2658 575 sedete
2691 521 2748 575 in
2781 523 3007 591 ciuitate,
3061 530 3399 601 quoadusque
3435 531 3626 590 induo-

2035 607 2164 661 mini
2205 609 2390 664 virtute
2412 626 2477 664 ea:
2501 609 2630 665 alto.
2675 611 2754 667 De
2788 630 2894 684 qua
2921 617 3135 683 virtute,
3173 620 3227 674 id
3253 631 3361 688 est,
3417 623 3623 694 Spiritu

2033 708 2244 764 sancto,
2279 709 2337 755 et
2361 700 2543 756 Mariae
2565 702 2696 758 dicit
2721 701 2958 776 Angelus
2989 723 3002 760 :
3062 707 3130 762 Et
3159 711 3325 766 virtus
3364 713 3625 772 ditissimi

2033 790 2361 845 obumbrabit
2390 792 2504 847 tibi.
2554 794 2622 848 Et
2643 794 2756 863 ipse
2783 795 3040 854 Dominus
3067 799 3196 856 alibi
3223 819 3236 854 :
3271 803 3417 858 Nam
3451 814 3502 860 et
3529 823 3624 878 ego

2033 882 2152 936 novi
2171 882 2407 936 virtutem
2432 882 2497 937 de
2532 899 2614 938 me
2653 885 2840 940 exisse.
2884 885 2991 943 Sed
3012 891 3068 944 et
3113 889 3226 960 ipse
3249 890 3424 948 Lucas
3465 909 3625 964 aper-

2033 972 2140 1028 tius
2165 973 2219 1028 in
2249 973 2473 1029 Actibus
2503 975 2872 1046 apostolorum
2901 978 3061 1048 hujus
3100 983 3381 1050 promissa:
3404 985 3621 1041 virtutis

2030 1077 2096 1118 ex
2129 1064 2261 1130 alto,
2310 1072 2368 1120 et
2408 1075 2692 1138 pmoeptte
2738 1067 2793 1122 in
2818 1069 3042 1127 civitate
3066 1073 3325 1130 sessionis
3350 1076 3617 1136 meminit.

2031 1155 2309 1229 Praecepit,
2325 1158 2586 1230 inquiens,
2601 1161 2695 1228 eis,
2710 1160 2776 1215 ab
2790 1160 3169 1234 Hierosolymis
3191 1181 3256 1220 ne
3275 1167 3616 1233 discederent,

2027 1245 2119 1301 sed
2139 1257 2494 1318 exspectarent
2520 1250 2915 1321 promissionem
2960 1250 3140 1308 Patris
3189 1272 3348 1326 quam
3373 1257 3616 1323 audistis,

2029 1336 2224 1407 inquit,
2262 1354 2356 1408 per
2382 1355 2441 1394 os
2472 1357 2664 1396 meum.
2711 1341 2848 1410 Quia
2872 1343 3110 1402 Joannes
3129 1347 3348 1417 quidem
3370 1348 3615 1419 baptiza-

2027 1428 2110 1484 vit
2155 1445 2317 1501 aqua,
2371 1449 2460 1488 vos
2496 1441 2670 1489 autem
2714 1435 3110 1507 baptizabimini
3171 1438 3376 1511 Spiritu
3429 1419 3613 1497 sancto

2028 1534 2133 1574 non
2151 1530 2269 1590 post
2290 1522 2482 1578 multos
2520 1523 2614 1579 hos
2643 1525 2776 1581 dies.
2813 1527 2882 1582 Et
2909 1529 3070 1597 paulo
3091 1539 3235 1601 post,
3278 1533 3370 1587 sed
3397 1534 3618 1604 accipie—

2026 1609 2094 1664 tis
2139 1611 2382 1667 virtutem
2410 1617 2822 1685 supervenientis
2849 1616 3081 1688 Spiritus
3109 1623 3280 1678 sancti
3333 1625 3388 1680 in
3411 1641 3520 1692 vos,
3566 1636 3617 1682 et

327 1715 426 1769 per
451 1699 665 1754 timoris
695 1697 1108 1753 amaritudinem
1137 1695 1308 1752 servit
1333 1695 1579 1761 Domino,
1618 1703 1674 1751 et
1697 1709 1803 1751 non
1824 1710 1924 1766 per
1952 1689 2000 1749 B
2025 1701 2172 1758 erm;
2203 1705 2335 1759 mihi
2381 1714 2558 1762 ιεεεεε,

326 1790 617 1845 charitatis
651 1787 988 1845 dulcedinem
1014 1786 1168 1857 quasi
1218 1786 1366 1841 Patri
1404 1785 1631 1842 serviat.

409 1877 513 1933 Vos
575 1887 750 1932 autem
794 1877 908 1931 dixi
949 1877 1164 1942 amicos,
1213 1876 1340 1948 quia
1376 1875 1554 1930 omnia
1591 1891 1709 1946 quia
1741 1874 1924 1930 audiri

322 1990 354 2025 a
388 1969 556 2025 Patre
587 1987 722 2035 meo,
773 1978 897 2023 nota
923 1969 1024 2040 feci
1047 1968 1208 2023 vobis.
1239 1968 1369 2035 Qua:
1415 1976 1543 2024 sunt
1573 1968 1756 2022 omnia
1801 1982 1923 2038 quas

320 2063 537 2117 audivit
583 2077 614 2116 a
653 2061 816 2116 Patre
854 2077 972 2127 suo,
1020 2076 1143 2131 quae
1197 2069 1326 2114 nota
1373 2059 1490 2114 tieri
1532 2059 1700 2114 voluit
1746 2061 1922 2117 servis

320 2157 460 2218 suis,
502 2164 567 2210 ut
593 2170 688 2210 eos
721 2153 1005 2225 perliceret
1048 2153 1253 2208 amicos
1279 2167 1424 2218 suos,
1455 2151 1560 2210 nisi
1605 2153 1800 2223 gaudia
1831 2158 1918 2210 in-

320 2259 496 2302 terna:
533 2246 836 2311 cinaritatis,
864 2245 969 2300 nisi
1001 2243 1088 2298 illa
1117 2242 1252 2298 festa
1283 2257 1531 2311 superna:
1551 2244 1759 2312 patriae,
1799 2260 1920 2316 quas

318 2337 529 2392 nostris
554 2335 795 2406 quotidie
825 2334 1095 2390 mentibus
1123 2349 1221 2404 per
1240 2333 1627 2403 aspirationem
1647 2335 1729 2388 sui
1767 2349 1918 2390 amo-

318 2430 400 2485 ris
432 2429 724 2499 imprimit?
770 2427 876 2482 Sed
908 2427 1022 2481 haec
1049 2426 1282 2497 cognitio
1316 2441 1438 2497 qua:
1468 2441 1611 2481 nunc
1654 2443 1720 2482 ex
1758 2426 1918 2484 Patre

314 2522 543 2594 proiicit
593 2522 648 2575 in
677 2519 766 2574 illa
804 2517 1135 2589 plenitudine
1171 2516 1418 2572 scientia:
1454 2516 1788 2587 perﬁcietur,
1852 2518 1914 2573 :le

312 2632 434 2686 qua
474 2611 763 2684 Apostolus
800 2611 895 2676 ait,
943 2625 1062 2665 cum
1093 2617 1273 2665 autem
1302 2609 1514 2664 venerit
1559 2611 1702 2680 quod
1732 2608 1913 2678 perte-

312 2715 473 2760 ctum
494 2711 602 2768 est,
631 2702 984 2758 evacuabitur
1030 2701 1172 2770 quod
1204 2715 1272 2754 ex
1299 2709 1455 2770 parte
1481 2707 1584 2755 est.
1629 2699 1743 2756 Hoc
1763 2703 1914 2758 eni

314 2796 590 2851 Dominus
637 2793 915 2863 discipulis
956 2807 1016 2848 se
1044 2790 1238 2847 fecisse
1259 2790 1414 2857 dixit,
1459 2791 1602 2861 quod
1645 2805 1706 2847 se
1739 2791 1920 2848 factu-

311 2905 447 2945 rum
480 2904 603 2945 esse
628 2889 854 2945 sciebat.

396 2982 525 3037 Non
564 2999 650 3037 vos
690 2999 771 3036 me
796 2980 1020 3052 elegistis
1064 2979 1154 3036 sed
1193 2995 1284 3051 ego
1321 2978 1454 3050 elegi
1486 2993 1600 3045 vos,
1653 2979 1770 3035 haec
1813 2986 1899 3034 est

2094 1793 2297 1850 Eduxit
2329 1805 2503 1852 autem
2529 1815 2615 1854 eos
2639 1799 2784 1870 foras
2824 1801 2882 1856 in
2907 1801 3240 1866 Bethaniam,
3299 1813 3350 1860 et
3404 1804 3616 1862 elevatis

2023 1886 2266 1942 manibus
2286 1889 2396 1943 suis
2422 1888 2682 1944 benedixit
2722 1890 2815 1946 eis.
2842 1891 2912 1946 Et
2959 1892 3158 1962 factum
3191 1903 3267 1949 est
3314 1896 3440 1950 dum
3461 1896 3613 1952 bene-

2022 1976 2216 2032 diceret
2252 1978 2383 2044 illis,
2439 1981 2651 2035 recessit
2673 1982 2737 2036 ab
2766 1983 2866 2050 eis,
2913 1992 2962 2039 et
2995 1985 3260 2054 ferebatur
3301 1987 3358 2041 in
3394 1988 3604 2044 celum.

2021 2067 2408 2128 Praetermissis
2431 2073 2683 2130 omnibus
2728 2089 2848 2145 quae
2874 2092 2975 2147 per
2998 2077 3352 2150 quadraginta
3378 2080 3494 2136 dies
3521 2081 3606 2152 agi

2019 2162 2089 2218 ab
2115 2163 2206 2220 illo
2227 2179 2350 2220 cum
2381 2163 2658 2235 discipulis
2678 2175 2991 2236 potuerunt,
3035 2168 3212 2239 primo
3239 2170 3326 2226 die
3362 2186 3608 2226 resurre-

2018 2255 2213 2310 ctionis
2259 2255 2400 2326 ejus,
2440 2253 2716 2327 coniungit
2741 2257 2903 2313 tacite
2932 2259 3286 2314 novissimum
3313 2259 3454 2316 diem
3498 2275 3608 2332 quo

2018 2337 2259 2402 ascendit
2302 2347 2356 2402 in
2400 2345 2620 2401 coelum.
2675 2347 2902 2404 Pulchre
2951 2358 3132 2404 autem
3181 2365 3507 2408 ascensurus
3552 2353 3608 2408 in

2018 2435 2236 2501 omium,
2299 2434 2594 2506 discipulos
2632 2436 2827 2506 quibus
2873 2438 3158 2494 benedicat
3212 2438 3360 2496 foras
3403 2441 3458 2495 in
3506 2441 3608 2501 Be-

2015 2526 2257 2581 thaniam
2303 2525 2499 2581 educit.
2553 2524 2736 2580 Primo
2779 2525 2994 2595 quidem
3049 2535 3266 2598 propter
3303 2543 3497 2584 nomen
3528 2530 3606 2586 ci-

2013 2617 2219 2683 vitatis,
2281 2631 2402 2687 qua:
2450 2617 2642 2674 domus
2687 2618 3007 2674 obedientite
3057 2619 3273 2687 dicitur,
3325 2621 3451 2691 quia
3509 2621 3603 2693 qui

2013 2717 2235 2780 propter
2271 2708 2692 2764 inobedientiam
2721 2723 3099 2778 perversurum
3126 2710 3425 2778 descendit,
3477 2729 3603 2784 pro-

2013 2810 2134 2872 pter
2173 2801 2535 2858 obedientiam
2587 2801 2846 2856 nimirum
2883 2817 3268 2858 conversorum
3336 2804 3598 2861 ascendit.

2015 2892 2254 2949 Mortuus
2285 2901 2372 2949 est
2403 2894 2548 2949 enim
2577 2893 2719 2950 sicut
2741 2892 3030 2964 Apostolus
3054 2895 3134 2950 ait
3157 2904 3378 2967 propter
3399 2895 3594 2953 delicta

2011 2991 2215 3052 nostra,
2277 2991 2333 3040 et
2381 2984 2678 3039 resurrexit
2751 2992 2975 3056 propter
3007 2984 3452 3054 justiticationem
3495 3002 3597 3043 no-

307 3076 610 3137 inefiabilis
648 3076 818 3148 gratia
842 3041 961 3146 quae
990 3041 1248 3146 prscvenii
1281 3041 1423 3140 nos:
1447 3081 1508 3128 ut
1539 3073 1706 3129 simus
1744 3073 1906 3128 amici
1933 3041 1978 3106 ο
2009 3041 2214 3133 stram:
2261 3076 2464 3132 Deinde
2496 3075 2659 3132 etiam
2695 3041 2916 3147 propter
2962 3041 3125 3132 silum
3172 3077 3414 3149 ejusdem
3459 3077 3600 3135 villa

304 3185 378 3225 ex
413 3170 608 3235 servis,
663 3168 782 3224 ideo
833 3168 990 3222 nobis
1017 3181 1122 3222 non
1160 3167 1418 3238 subrepat
1443 3165 1715 3237 superbia,
1751 3164 1905 3234 quasi

309 3277 420 3331 per
442 3276 544 3316 nos
575 3259 842 3330 possimus
877 3257 1070 3324 facere,
1098 3267 1157 3312 ut
1181 3257 1340 3327 paulo
1365 3265 1492 3313 ante
1537 3256 1654 3328 ipsa
1686 3255 1904 3313 Veritas

305 3356 394 3408 ait
427 3370 440 3407 :
472 3349 599 3407 Sine
635 3366 713 3404 me
760 3349 891 3403 nihil
921 3349 1131 3421 potestis
1174 3349 1366 3419 facere.

392 3443 462 3497 Et
488 3445 640 3514 posui
663 3459 751 3497 ros
805 3453 860 3496 ut
905 3442 1030 3497 eatis
1065 3453 1111 3496 et
1141 3442 1368 3512 fructum
1406 3441 1664 3512 offeratis.
1715 3439 1899 3505 Posui,

306 3536 379 3590 ad
427 3535 657 3606 gratiam
699 3535 960 3605 plantavi,
994 3541 1055 3588 ut
1073 3534 1211 3588 eatis
1243 3533 1492 3599 volendo,
1535 3531 1744 3587 fructus
1773 3531 1901 3586 affe-

305 3629 473 3692 ralis,
512 3629 799 3698 operando.
838 3629 986 3683 Eatis
1009 3629 1150 3683 enim
1181 3627 1409 3683 volendo
1437 3628 1565 3692 dixi,
1606 3626 1728 3696 quia
1763 3625 1899 3680 velle

301 3718 523 3787 aliquid
572 3717 746 3774 facere
783 3719 897 3790 jam
937 3717 1162 3773 multum
1209 3718 1287 3773 ire
1325 3725 1427 3774 est.
1496 3717 1716 3786 Qualem
1770 3731 1899 3772 vero

304 3809 556 3864 fructum
605 3809 798 3866 aﬂ'erre
837 3811 1086 3876 debeant,
1147 3809 1467 3880 subjungit:

389 3900 456 3954 Et
494 3901 696 3969 [ructus
739 3914 900 3958 uester
922 3911 1153 3968 maneat,
1201 3913 1255 3956 ut
1283 3903 1625 3974 quodcunque
1649 3903 1898 3974 petieritis

305 3990 612 4045 Patremin
642 3994 847 4046 nomine
867 4009 996 4059 meo,
1043 3994 1128 4046 det
1166 3993 1325 4047 vobis.
1371 3991 1575 4046 Nomen
1604 3990 1697 4046 ﬁlii
1741 3990 1897 4046 Jesus

302 4091 417 4147 est,
457 4081 617 4138 Jesus
655 4092 831 4138 autem
868 4083 1114 4139 Salvator
1137 4083 1222 4139 vel
1257 4083 1418 4139 etiam
1467 4082 1722 4138 salutaris
1758 4083 1895 4137 dici-

305 4182 417 4227 tur.
473 4171 569 4227 llle
612 4187 741 4243 ergo
783 4173 832 4227 in
871 4175 1087 4229 nomine
1115 4173 1414 4229 Salvatoris
1459 4173 1598 4242 petit
1640 4173 1730 4242 qui
1765 4171 1894 4226 illud

304 4264 464 4333 petit,
509 4263 647 4333 quod
698 4263 766 4318 ad
795 4277 981 4318 veram
1018 4263 1240 4318 salutem
1290 4263 1542 4332 pertinet,
1583 4278 1710 4317 nam
1752 4263 1798 4318 si
1841 4263 1895 4317 id

2006 3168 2120 3224 sive
2157 3166 2469 3234 civitatulae,
2533 3180 2654 3235 quae
2676 3166 2730 3221 in
2755 3165 2924 3222 latere
2951 3167 3152 3222 montis
3179 3167 3444 3223 olivarum
3491 3181 3593 3238 po—

2004 3261 2108 3316 sita
2155 3272 2278 3316 esse
2335 3267 2608 3324 narratur,
2656 3258 2782 3327 quia
2823 3257 3074 3314 videlicet
3117 3257 3419 3314 obedientis
3485 3259 3588 3315 Ec-

2004 3357 2182 3414 clesiae
2207 3355 2398 3409 donms
2434 3350 2747 3422 Apostolico
2795 3349 2957 3424 digna
3004 3350 3259 3420 hospitio,
3316 3366 3423 3407 non
3461 3350 3592 3408 alibi

2002 3464 2166 3520 quam
2186 3446 2238 3502 in
2264 3443 2434 3516 ipsius
2458 3441 2659 3498 montis
2706 3441 2926 3508 summi,
2962 3441 3014 3496 id
3047 3449 3150 3507 est,
3191 3440 3392 3498 Christi
3420 3441 3591 3498 latere

2003 3541 2146 3608 ﬁdei,
2193 3538 2328 3610 spei,
2373 3534 2780 3603 dilectionisque
2808 3547 2920 3588 suae
2957 3531 3309 3587 fundamenta
3366 3531 3586 3588 locavit.

1999 3632 2078 3689 De
2105 3647 2212 3702 quo
2247 3628 2502 3684 nimirum
2524 3625 2692 3681 latere
2729 3623 2913 3678 lancea
2952 3621 3227 3693 patefacto
3253 3631 3592 3678 sacramenta

2001 3724 2104 3781 sibi
2153 3720 2451 3792 sanguinis,
2488 3725 2543 3772 et
2580 3729 2734 3785 aqua:
2775 3714 2970 3784 quibus
3012 3719 3273 3767 nascatur
3313 3712 3494 3777 simul,
3532 3722 3589 3770 et

1999 3813 2272 3870 nutriatur
2311 3809 2508 3882 gaudet
2555 3817 2856 3868 emanasse,
2901 3802 2969 3858 de
2993 3801 3146 3873 cujus
3183 3803 3388 3859 vertice
3423 3803 3588 3858 uber-

1999 3907 2161 3972 rimo,
2220 3904 2273 3960 id
2307 3909 2409 3966 est,
2463 3899 2617 3972 apice
2661 3896 2960 3954 divinitatis
2995 3896 3272 3952 unctionis
3329 3894 3590 3968 Spiritalis

1999 4013 2223 4054 munera
2267 3994 2558 4058 desiderat,
2612 3991 2856 4062 lucisque
2881 4005 2945 4045 ac
2973 3990 3119 4061 pacis
3145 3997 3420 4060 perpetuae
3455 4002 3588 4059 pro-

1999 4089 2159 4144 missa
2187 4085 2455 4142 inhianter
2480 4089 2775 4152 exspectat.

2069 4178 2140 4232 Et
2194 4178 2292 4246 ipsi
2347 4174 2626 4228 adorantes
2691 4172 2910 4242 regressi
2949 4180 3068 4226 sunt
3149 4171 3205 4225 in
3251 4169 3586 4225 Hierusalem

1998 4285 2116 4324 eum
2146 4265 2339 4339 gaudio
2369 4279 2562 4334 magno
2579 4278 2599 4328 ;
2627 4271 2675 4316 et
2704 4271 2853 4316 erant
2884 4277 3083 4331 semper
3122 4261 3176 4315 in
3220 4261 3412 4331 templo
3462 4261 3582 4315 lau-

301 4356 451 4427 quod
477 4369 586 4410 non
617 4356 863 4426 expediat
888 4358 1108 4426 petitur,
1158 4371 1264 4411 non
1295 4357 1348 4411 in
1383 4355 1599 4412 nomine
1625 4355 1771 4423 Jesu,
1800 4370 1895 4425 pe-
1922 4387 1972 4446 D
1997 4361 2180 4414 dantes
2225 4366 2270 4411 et
2293 4355 2644 4410 benedicentes
2681 4351 2868 4406 Deum.
2917 4350 3258 4404 Ascendente
3305 4350 3359 4403 in
3385 4349 3584 4407 caelum

305 4448 500 4512 timus,
544 4455 872 4516 quapropter
915 4461 1050 4516 Opus
1094 4453 1175 4502 est
1229 4454 1288 4501 ut
1337 4461 1436 4518 pro
1468 4454 1675 4523 caterua
1717 4445 1890 4502 salute
1922 4439 1963 4446 ⁷
1991 4451 2220 4513 Domino
2263 4444 2507 4515 discipuli
2551 4444 2837 4498 adorantes
2909 4441 2962 4493 in
3011 4439 3129 4494 loco
3182 4439 3272 4494 ubi
3318 4448 3585 4496 steterunt

299 4538 658 4609 adipiscenda
710 4553 878 4607 “Silne
906 4536 960 4590 ίη
994 4537 1153 4592 “nem
1182 4539 1473 4604 οετιειῖιὺεν
1515 4538 1701 4607 Sicque
1727 4539 1892 4594 habe-
1992 4546 2286 4604 novissime
2331 4539 2494 4610 pedes
2519 4537 2635 4607 ejus
2679 4533 2964 4590 confestim
3015 4531 3446 4603 Hierosolymam
3490 4547 3584 4587 re-

301 4630 490 4684 bimus
535 4629 628 4682 hic
670 4627 1094 4683 consolationem
1139 4628 1192 4682 in
1236 4629 1487 4699 prmsenti
1523 4628 1886 4696 tribulatione,
1991 4641 2178 4703 deum,
2231 4632 2355 4704 quia
2386 4630 2458 4686 ibi
2485 4626 2901 4698 promissionem
2927 4623 3104 4679 Patris
3151 4638 3316 4694 quam
3361 4624 3582 4681 audiere

295 4732 354 4778 et
404 4722 462 4776 in
513 4719 696 4775 futura
749 4721 857 4774 vita
900 4720 1140 4789 requiem
1185 4721 1546 4791 percipiemus
1605 4728 1886 4787 aeternam,
1989 4745 2087 4801 per
2129 4743 2191 4784 os
2245 4721 2457 4779 Domini
2506 4725 2632 4775 sunt
2681 4723 2995 4785 exspectare
3047 4716 3324 4785 praecepti,
3379 4716 3579 4787 gaudia

295 4822 602 4885 Ριτεετθηιθ
644 4812 874 4868 Domino
919 4819 1103 4867 ηοεινο
1146 4808 1272 4867 ³6511
1323 4813 1562 4878 (ἒὶιτῖειον
1619 4811 1711 4881 (illi
1763 4827 1890 4868 cum
1989 4834 2182 4892 magna
2243 4814 2510 4878 referunt,
2574 4807 2701 4879 quia
2747 4807 2918 4862 Deum
2965 4822 3030 4862 ac
3078 4805 3368 4894 Dominum
3415 4822 3576 4863 suum

297 4906 465 4963 Patre
506 4915 562 4962 et
600 4904 804 4977 Spiritu
843 4913 1052 4971 sancto,
1091 4904 1227 4959 vivit
1254 4913 1308 4960 et
1333 4912 1522 4974 regnat
1569 4904 1733 4971 Deus,
1795 4919 1894 4975 per
1992 4919 2114 4980 post
2152 4906 2483 4976 triumphum
2519 4899 2954 4965 resurrectionis,
3001 4900 3163 4954 etiam
3198 4899 3367 4956 cenios
3407 4912 3578 4970 pene-

293 5002 485 5058 omnia
526 5000 726 5057 sartula
768 4999 1104 5055 saeculorum.
1160 4998 1330 5055 Amen
1992 5010 2165 5056 trasse
2189 4999 2457 5054 iactantur.
2510 4992 2726 5048 Manent
2755 5006 2971 5060 semper
2991 4990 3046 5045 in
3075 4989 3273 5062 templo
3296 4989 3578 5046 laudantes

901 5133 1180 5191 liOMlLlA
1217 5135 1328 5190 ιιι..
1989 5103 2046 5191 et
2089 5091 2467 5191 benedicentes
2495 5087 2690 5151 Deum.
2728 5093 2790 5190 ut
2813 5085 2866 5138 in
2896 5084 3016 5139 loco
3043 5083 3412 5191 oratiqpist‘et
3437 5083 3579 5191 inter

1991 5185 2207 5239 laudum
2255 5180 2566 5238 devotiones
2607 5175 2933 5248 promissum
2983 5174 3154 5230 sancti
3204 5174 3437 5244 Spiritus
3481 5172 3577 5228 ad-

1989 5281 2210 5328 ventum
2266 5269 2531 5342 promptis
2577 5283 2673 5338 per
2720 5267 2901 5322 omnia
2953 5265 3268 5336 paratisque
3315 5263 3572 5319 cordibus

442 5343 628 5398 Lectio
663 5339 840 5396 sancti
873 5337 1145 5410 Evangelii
1181 5336 1474 5393 secundum
1515 5335 1744 5392 Lucam.

1297 5352 1474 5441 imum
1515 5352 1744 5392 “ucam‘
1989 5371 2324 5433 exspectent.
2392 5361 2460 5416 Et
2512 5373 2612 5415 nos
2659 5367 2838 5414 autem
2899 5356 3287 5428 discipulorum
3323 5352 3574 5424 exemplo

381 5455 448 5513 in
483 5457 577 5513 illo
615 5467 852 5527 tempore
885 5453 1018 5508 dixit
1063 5452 1218 5507 Iesus
1250 5451 1518 5523 discipulis
1565 5453 1674 5506 suis
1711 5467 1729 5505 :
1769 5450 1882 5523 Ego
1989 5465 2110 5527 post
2163 5455 2435 5510 celebrata
2489 5450 2898 5521 Hierosolymis,
2953 5448 3059 5504 hoc
3114 5455 3219 5513 est,
3272 5445 3329 5501 in
3363 5444 3576 5502 visione

287 5554 444 5606 mitto
465 5550 785 5621 promissum
809 5545 991 5600 Patris
1028 5546 1128 5599 mei
1158 5547 1213 5599 in
1239 5562 1346 5600 vos.

1991 5546 2138 5617 pacis
2164 5545 2454 5600 Dominicze
2481 5541 2751 5615 passionis
2777 5549 2834 5596 et
2868 5535 3282 5594 resurrectionis
3308 5533 3573 5592 solemnia

367 5640 697 5700 Promissum
727 5639 911 5697 Patris
958 5637 1191 5709 Spiritus
1221 5637 1390 5693 sancti
1424 5636 1650 5708 gratiam
1687 5635 1791 5693 dici
1827 5645 1882 5691 et
1989 5637 2262 5694 Bethania?
2305 5653 2430 5691 mox
2458 5650 2586 5690 arva
2617 5633 2836 5690 Christo
2873 5630 3008 5686 duce
3033 5636 3301 5698 petamus,
3359 5634 3418 5680 ut
3437 5640 3564 5682 cum
