3962 6180
432 302 543 373 at:

1082 302 1144 359 Β.
1184 300 1440 359 RABANI
1479 300 1700 373 MAUng
1735 301 2053 360 ARCBIEP.
2095 304 2406 368 MOCUNT.
2450 306 2735 367 OPERUM
2777 310 2959 367 PARS
2998 309 3055 366 tl.

3599 312 3705 373 248

432 427 617 476 mente
645 420 826 491 quieta
850 425 906 473 et
931 417 1001 472 ab
1036 415 1183 473 omni
1209 415 1602 472 discordiarum
1632 415 1865 483 turbine,
1906 415 2023 486 jam
2046 422 2099 483 Α
2126 429 2346 476 sensata
2368 421 2599 478 stultitia
2628 422 2959 492 Judaieorum,
3016 427 3122 483 ista
3148 430 3422 491 insensata
3466 432 3701 489 stultitia

433 517 628 581 pacata
669 508 853 567 carnis
886 517 947 564 et
980 506 1258 578 sanguinis
1293 506 1645 577 perceptione
1685 507 2014 574 imbuamur,

432 599 542 673 ipsi
567 600 763 659 domus
788 599 1107 657 obedientize
1133 612 1389 654 curemus
1417 598 1704 665 exsistere,
1727 614 1826 669 per
1850 616 2017 669 quam

434 691 704 762 possimus
771 690 885 749 Deo
937 691 1234 747 miserante
1274 690 1502 763 gloriam
1548 692 1811 762 consequi
1873 708 2018 748 sem-

432 783 725 855 piternam.

899 934 903 939 .
990 871 1274 931 HOMILIA
1309 872 1443 933 LIII.

730 981 788 1023 ιι(
810 981 1049 1024 SANNIO
1072 980 1289 1024 YIGILIB
1317 981 1710 1025 PENTECOSTBS.

430 1058 660 1133 nequire
702 1062 760 1117 in
797 1062 1019 1117 sabbato
1061 1066 1244 1116 sancto
1285 1057 1534 1116 Pasclue.
1581 1060 1624 1116 1.
1672 1060 1751 1116 De
1799 1060 2013 1125 Genesi,

500 1153 755 1209 Tentavit
799 1152 943 1209 Deus
989 1151 1285 1208 Abraham.
1351 1152 1414 1207 ll.
1459 1151 1538 1208 De
1572 1152 2012 1220 Deuteronomio,

499 1243 732 1315 Scripsit
772 1243 984 1316 onses
1009 1242 1304 1299 canticum.
1339 1242 1428 1299 Ill.
1453 1242 1532 1298 De
1567 1241 1737 1308 Isaia,
1797 1244 2012 1315 Appre-

498 1336 739 1394 hendent
761 1344 969 1408 septem
999 1336 1275 1392 mulieres.
1302 1334 1409 1403 νιν.
1449 1334 1529 1392 De
1563 1329 1820 1403 Jeremia,
1847 1337 2010 1403 Audi,

497 1426 688 1485 Israel.
762 1425 845 1484 De
893 1423 1112 1481 Psalmo
1159 1442 1274 1483 xu.
1334 1424 1634 1483 Canticum.
1686 1425 1841 1489 Sicut
1886 1442 2011 1487 eer-

495 1537 618 1577 ws.
888 1590 1075 1648 Lectio
1099 1590 1223 1649 libri
1244 1588 1541 1647 Ceneseos.

496 1682 566 1738 In
590 1683 772 1737 diebus
805 1681 912 1737 illis
946 1682 1158 1737 tentavit
1192 1680 1336 1736 Deus
1365 1681 1655 1749 Abraham,
1702 1691 1750 1737 et
1778 1681 1912 1737 dixit
1941 1681 2011 1736 ad

423 1790 544 1829 eum
584 1789 604 1828 :
641 1773 934 1838 Abraham,
967 1773 1275 1835 ,Abraltam.
1306 1771 1408 1829 Ille
1456 1774 1716 1848 respondit
1742 1788 1759 1827 :
1785 1774 2006 1830 Adsum.
2037 1786 2086 1846 Β

427 1866 512 1920 Ait
556 1865 677 1921 illi:
719 1864 864 1919 Tolle
887 1864 1063 1934 ﬁlium
1082 1875 1231 1921 tuum
1269 1865 1612 1938 unigenitum,
1636 1882 1786 1938 quem
1811 1866 2010 1937 diligis,

430 1955 605 2021 Isaac,
648 1966 697 2010 et
726 1954 853 2011 uade
876 1956 932 2010 in
964 1964 1159 2009 terram
1197 1956 1435 2022 visionis,
1465 1968 1620 2029 atque
1653 1957 1786 2026 olfer
1814 1957 1885 2012 ibi
1920 1957 2013 2011 lto-

424 2045 718 2102 locaustum
755 2061 912 2118 super
954 2062 1116 2101 unum
1158 2047 1412 2102 montium
1455 2063 1609 2119 quem
1656 2058 2012 2105 monstravere

422 2138 538 2193 tibi.

495 2227 615 2300 Age
670 2244 815 2285 nunc
867 2228 1149 2299 videamus
1185 2230 1315 2302 quid
1363 2231 1464 2287 sub
1491 2230 1651 2303 hujus
1686 2232 2011 2289 sacramenti

424 2319 888 2391 lateat-mysterio.
936 2319 1216 2376 lsteenim
1265 2319 1543 2376 Abraham
1573 2320 1797 2391 quando
1842 2320 2010 2376 ﬁlium

372 2438 382 2451 ο
422 2423 582 2467 suum
624 2408 842 2464 unicum
896 2408 1147 2480 perduxit
1193 2408 1262 2464 ad
1308 2409 1700 2467 immolandum
1772 2410 2013 2467 habebat

422 2512 710 2569 personam
749 2497 844 2554 Dei
870 2497 1069 2567 Patris.
1112 2497 1219 2556 Sed
1241 2500 1370 2570 quid
1394 2509 1481 2557 est
1506 2500 1648 2571 quod
1672 2516 1799 2556 eum
1843 2506 2011 2559 senex

421 2589 692 2659 suscepit?
713 2587 830 2645 Non
857 2589 1005 2645 enim
1019 2589 1256 2647 senescit
1285 2590 1452 2658 Deus,
1496 2591 1592 2648 sed
1616 2592 1733 2662 ipsa
1765 2606 2009 2663 pronun-

425 2680 578 2735 tiatio
635 2680 703 2735 de
752 2678 971 2736 Christo
1033 2679 1149 2750 jam
1202 2681 1437 2752 quodam
1505 2682 1665 2738 modo
1729 2693 2004 2749 scnuerat,

422 2773 641 2842 quando
677 2779 835 2847 natus
865 2782 950 2830 est
981 2773 1251 2830 Christus.
1305 2775 1564 2831 inchoata
1592 2782 1677 2831 est
1728 2776 1798 2831 ab
1834 2774 2009 2832 Adam

424 2867 512 2921 ubi
536 2866 740 2921 dictum
769 2874 891 2921 est:
943 2863 1012 2919 Et
1037 2875 1188 2920 erunt
1214 2865 1321 2921 duo
1346 2867 1403 2920 in
1440 2882 1597 2921 carne
1623 2882 1750 2933 una,
1791 2877 1839 2923 et
1866 2884 2009 2924 eom-

419 2955 558 3027 pleta
596 2964 670 3010 est
700 2964 849 3010 sexta
878 2964 1031 3010 (etate
1073 2955 1255 3012 saeculi
1291 2973 1410 3027 qua:
1448 2969 1654 3013 senecta
1675 2958 2009 3029 signiﬁcatur

419 3048 667 3103 Abralur.
713 3046 852 3115 Quia
891 3048 1066 3118 ipsum
1097 3055 1495 3103 sacramentum
1525 3048 1620 3103 Dei
1663 3046 1777 3117 jam
1817 3048 2010 3122 longa:-

420 3157 544 3195 vum
572 3148 710 3207 erat,
755 3149 810 3196 et
839 3147 1089 3196 senectus
1115 3155 1271 3197 sacra
1309 3140 1365 3195 in
1404 3141 1560 3212 plebe
1588 3140 1706 3209 Dei,
1752 3141 1857 3197 hoc
1896 3152 2003 3212 est,
2033 3134 2080 3197 C

423 3233 474 3285 in
511 3230 855 3287 multitudine
909 3231 1303 3303 Pmpbetarum
1368 3232 1473 3288 hoc
1512 3231 1657 3288 idem
1714 3232 2003 3304 signiﬁcat,

419 3322 544 3391 quia
584 3319 639 3377 in
666 3320 775 3377 ﬁne
798 3330 1099 3393 temporum
1134 3336 1203 3379 ex
1230 3324 1344 3395 ipsa
1367 3322 1522 3394 plebe
1552 3334 1861 3381 sanctarum
1890 3327 2006 3381 ani-

424 3427 635 3467 marum
672 3421 833 3467 natus
884 3421 969 3468 est
1011 3412 1279 3481 Christus,
1344 3415 1605 3470 sterilitas
1645 3424 1829 3471 autem
1887 3415 2007 3484 ejus

421 3502 655 3567 intimat,
695 3502 840 3572 quod
871 3503 925 3558 in
953 3504 1056 3560 hoc
1081 3505 1278 3561 saeculo
1311 3520 1404 3575 spe
1437 3505 1570 3561 salvi
1614 3506 1736 3561 laeti
1796 3523 2002 3574 sumus,

417 3602 473 3649 et
502 3594 555 3648 in
586 3592 802 3650 Christo
843 3602 1098 3666 tanquam
1129 3596 1185 3651 in
1209 3595 1376 3662 Isaae,
1420 3612 1611 3654 omnes
1644 3597 1757 3652 nati
1795 3614 2001 3667 sumus,

417 3705 581 3758 quem
620 3697 835 3761 partum
871 3690 1114 3747 Ecclesia
1161 3689 1217 3745 in
1265 3690 1373 3746 ﬁne
1424 3699 1723 3760 temporum
1769 3691 2003 3746 mirabili

422 3779 519 3836 Dei
569 3781 767 3851 gratia,
825 3796 931 3837 non
976 3781 1210 3837 naturali
1277 3781 1611 3838 fecunditate
1670 3784 1998 3854 procreavit.

415 3867 538 3924 Jam
585 3870 781 3926 deinde
825 3871 1098 3943 sequentis
1141 3871 1381 3928 historiae
1415 3882 1832 3939 sacramentum,
1874 3876 2002 3946 quid

420 3959 742 4031 imaginarie
760 3959 1118 4029 portendebat
1142 3960 1531 4031 inspiciendum
1563 3974 1665 4019 est.
1710 3964 1842 4032 Quis
1870 3979 2002 4035 ergo

420 4051 475 4106 in
519 4052 793 4107 Abraham
838 4058 898 4106 ut
937 4052 1252 4123 prardictum
1288 4063 1393 4121 est,
1441 4056 1714 4129 perillam
1756 4058 2001 4113 immola-

420 4143 622 4200 tionem
675 4141 1012 4213 ﬁgurahatur
1075 4144 1179 4199 nisi
1216 4142 1379 4199 Pater
1442 4147 1730 4203 excelsus?
1770 4147 1903 4216 Quis
1946 4150 1999 4204 in

417 4234 568 4292 Isaac
629 4235 733 4291 nisi
777 4233 1025 4291 Christus
1043 4236 1067 4289 ’ρ
1104 4234 1240 4291 Nam
1288 4237 1430 4293 sicut
1473 4237 1745 4296 Abraham
1782 4242 1999 4299 unicum

415 4338 472 4384 et
496 4328 750 4386 dilectum
772 4327 942 4384 ﬁlium
965 4327 1074 4385 Deo
1099 4329 1372 4386 victimam
1399 4330 1618 4398 obtulit,
1646 4332 1719 4387 ita
1741 4334 1999 4391 Dominus

417 4421 561 4476 Deus
607 4420 943 4493 unigenitum
987 4419 1158 4478 ﬁlium
1195 4436 1353 4479 suum
1410 4438 1511 4495 pro
1544 4426 1701 4483 nobis
1746 4427 1998 4485 omnibus

418 4510 658 4566 tradidit.
704 4510 774 4565 Et
805 4511 947 4567 sicut
970 4511 1121 4568 Isaae
1150 4512 1264 4584 ipse
1294 4513 1397 4569 sibi
1422 4512 1567 4587 ligna
1598 4516 1836 4587 portavit
1878 4518 1999 4587 qui-
2026 4502 2079 4562 Ῐ)

415 4599 519 4655 bus
538 4607 658 4656 erat
686 4599 1061 4669 imponendos,
1097 4602 1172 4659 ita
1197 4612 1251 4660 et
1274 4602 1521 4664 Christus
1559 4608 1789 4678 gestavit
1814 4608 1869 4665 in
1896 4611 2000 4666 hu-

417 4689 589 4747 meris
618 4690 822 4762 lignum
841 4692 1026 4748 crucis
1045 4709 1175 4760 suae,
1228 4695 1282 4750 in
1306 4711 1414 4767 quo
1440 4706 1561 4753 erat
1582 4698 1996 4773 cruciﬁgendus,

414 4780 523 4836 duo
550 4787 732 4837 autem
773 4780 973 4837 servuli
996 4782 1205 4838 dimissi
1229 4792 1286 4840 et
1309 4802 1418 4845 non
1448 4788 1694 4859 perducti
1729 4791 1796 4845 ad
1820 4789 1998 4847 locum

414 4871 670 4928 sacriﬁcii
702 4869 919 4929 Iudaeos
969 4872 1363 4944 signiﬁcabant.
1415 4878 1518 4947 Qui
1568 4897 1693 4937 eum
1730 4882 1998 4942 serviliter

414 4964 666 5020 viverent
713 4970 770 5020 et
816 4962 1108 5021 carnaliter
1144 4976 1417 5037 saperent,
1483 4986 1592 5027 non
1632 4972 2002 5044 intelligehant

308 5109 311 5112 .
413 5055 777 5115 humilitatem
827 5053 1051 5122 Christi,
1132 5053 1247 5114 Ideo
1295 5060 1420 5133 quia
1479 5076 1585 5117 non
1637 5063 2006 5134 intelligehant

414 5149 725 5223 passionem
762 5147 963 5205 Christi
991 5164 1097 5205 non
1129 5161 1491 5221 pervenerunt
1532 5153 1599 5209 ad
1630 5155 1805 5211 locum
1830 5157 2000 5212 sacri-

409 5242 547 5301 ﬁcii.
584 5242 696 5299 Cur
730 5251 911 5299 autem
951 5243 1057 5299 duo
1099 5245 1278 5301 servi?
1303 5244 1414 5303 Nisi
1450 5250 1572 5319 quia
1618 5251 1845 5321 populus
1882 5252 1998 5323 ipse

414 5334 471 5392 In
501 5335 639 5393 duas
672 5342 857 5406 partes
912 5333 1234 5392 dividendus
1278 5346 1419 5405 erat,
1481 5342 1625 5412 quod
1662 5342 1866 5399 laetum
1913 5356 1998 5403 est

414 5423 704 5482 Salomone
740 5431 1021 5493 peccante,
1077 5426 1293 5495 quando
1328 5427 1531 5486 divisus
1569 5440 1655 5488 est
1701 5433 1843 5489 idem
1896 5449 1996 5504 po-

414 5515 575 5586 pulus
618 5515 737 5570 loco
784 5514 961 5586 regni,
1029 5532 1137 5571 non
1185 5532 1374 5575 errore
1416 5519 1729 5592 impietatis,
1805 5528 2000 5597 quibus

427 5604 580 5661 uiam
648 5619 792 5675 saepe
839 5620 936 5675 per
981 5604 1283 5678 Prophetas
1338 5610 1581 5668 dicitur:
1637 5615 1996 5675 Adversatrix

422 5696 585 5753 suae!
624 5709 676 5756 et
706 5700 1111 5768 praevarieatrix
1135 5701 1288 5760 Juda.
1341 5704 1540 5764 Asinus
1570 5721 1757 5768 autem
1784 5713 1874 5771 ille
1919 5715 1999 5771 in—

2116 514 2370 582 portabat
2412 514 2594 571 omnia
2622 527 2984 585 sacramenta,
3016 526 3072 574 et
3094 521 3236 590 quod
3260 518 3468 577 ferebat
3501 526 3708 581 nescia.

2116 602 2229 659 bat.
2286 604 2406 660 Jam
2462 608 2606 678 quod
2656 608 2860 665 dictum
2886 619 2971 665 est
3019 611 3144 667 eis:

2189 698 2499 769 Exspectate
2543 701 2627 755 hic
2657 719 2775 755 cum
2804 705 2956 757 asino
2980 716 3000 756 .'
3022 715 3293 776 postquam
3317 716 3489 763 autem
3513 708 3707 785 adora:

2120 791 2364 856 serimus,
2396 801 2710 847 revertemur
2728 800 2797 848 ad
2827 810 2934 848 vos.
2949 795 3267 864 Apostolum
3290 798 3440 864 audi,
3464 801 3702 867 mucius,

2117 879 2310 950 inquit,
2341 897 2409 937 ex
2437 891 2593 952 parte
2636 885 2690 938 in
2731 884 2895 941 Israel
2924 885 3066 940 facta
3088 896 3197 952 est,
3231 888 3403 945 donec
3428 889 3705 962 plenitudo

2115 970 2369 1028 Gentium
2398 974 2751 1041 subintraret,
2776 985 2832 1032 et
2861 978 2939 1032 sie
2965 978 3143 1033 omnis
3190 977 3353 1034 Israel
3377 980 3561 1036 salvus
3609 982 3704 1038 ﬁe-

2114 1071 2218 1118 ret.
2250 1063 2334 1120 Ad
2365 1073 2576 1135 tempus
2605 1082 2734 1137 ergo
2762 1069 3021 1124 eaacimtis
3046 1071 3261 1127 obtusio
3306 1072 3431 1128 data
3475 1083 3560 1129 est
3609 1073 3705 1129 Ju-

2115 1153 2246 1211 dteis
2272 1155 2373 1218 his,
2423 1158 2513 1226 qui
2552 1158 2680 1213 dum
2728 1159 2905 1214 tantuli
2933 1160 3067 1232 legis
3119 1170 3263 1227 sunt,
3303 1178 3411 1219 non
3448 1164 3704 1220 viderunt

2114 1246 2316 1301 donum
2344 1249 2556 1305 venisse
2581 1251 2906 1319 promissum
2936 1268 2964 1305 a
2994 1253 3106 1309 Deo
3132 1255 3276 1324 quod
3304 1257 3705 1326 praedicabatur

2115 1353 2146 1393 a
2180 1337 2418 1396 Christo.
2451 1341 2579 1396 Zelo
2605 1342 2749 1397 enim
2797 1345 3052 1399 cxcmeati
3087 1355 3214 1400 sunt
3242 1354 3495 1417 putantes
3526 1348 3700 1421 legem

2116 1429 2382 1487 factorum
2420 1448 2696 1503 nunquam
2737 1433 2936 1490 debere
2963 1450 3200 1492 cessare.
3234 1436 3493 1493 Triduum
3519 1451 3701 1496 autem

2112 1523 2244 1579 illud
2280 1525 2336 1578 in
2369 1540 2478 1594 quo
2519 1535 2784 1582 venerunt
2813 1528 2883 1582 ad
2917 1527 3095 1584 locum
3133 1529 3537 1597 immolationis,
3594 1542 3703 1589 tres

2113 1615 2298 1673 mundi
2320 1625 2509 1673 aetates
2533 1617 2823 1689 signiﬁcat,
2850 1634 3012 1675 unam
3044 1629 3169 1676 ante
3196 1620 3390 1694 legem,
3419 1623 3578 1678 aliam
3600 1625 3703 1681 sub
3804 1676 3811 1684 .

2114 1707 2257 1778 lege,
2288 1708 2503 1764 tertiam
2534 1710 2636 1765 sub
2683 1710 2877 1780 gratia.
2909 1710 3050 1766 Ante
3097 1711 3273 1783 legem
3297 1713 3367 1769 ab
3389 1714 3562 1770 Adam
3610 1731 3703 1770 us-

2113 1817 2219 1872 que
2249 1802 2313 1856 ad
2340 1801 2582 1873 Moysen,
2606 1804 2706 1859 sub
2730 1802 2849 1875 lege
2878 1820 2910 1859 a
2931 1804 3111 1874 Moyse
3130 1820 3301 1876 usque
3324 1807 3392 1863 ad
3411 1807 3699 1873 Joannem,

2114 1892 2239 1949 inde
2260 1892 2374 1963 jam
2404 1907 2437 1947 ι
2471 1893 2697 1949 Domino
2718 1901 2774 1948 et
2801 1893 3062 1964 quidquid
3109 1904 3301 1962 restat,
3345 1896 3537 1952 tertius
3583 1898 3703 1953 dies

2113 1992 2199 2041 est
2233 1985 2438 2056 gratiae,
2484 1984 2673 2055 inqua
2721 1986 2881 2041 tertia
2927 1994 3089 2041 mtate
3131 1988 3284 2056 quasi
3308 1995 3431 2061 post
3462 1989 3701 2044 triduum

2112 2083 2508 2131 sacramentum
2536 2075 2789 2132 sacriﬁcii
2816 2074 3012 2132 Christi
3029 2077 3354 2148 completum
3378 2087 3479 2141 est,
3506 2078 3703 2137 deinde

2111 2165 2265 2222 Isaac
2296 2166 2475 2238 l'gatis
2493 2167 2720 2238 pedibus
2745 2168 2906 2223 altari
2924 2170 3328 2240 superponitur,
3360 2179 3416 2226 et
3437 2171 3705 2228 Dominus

2112 2255 2169 2311 in
2212 2255 2359 2328 ligno
2404 2273 2701 2329 suspensus
2744 2260 2897 2315 cruci
2944 2259 3198 2331 aﬁigitur.
3243 2261 3351 2319 Sed
3380 2262 3508 2317 illud
3554 2260 3700 2334 quod

2112 2334 2400 2416 ﬁguratum
2432 2356 2518 2402 est
2549 2348 2604 2402 in
2639 2348 2792 2404 lsaac
2836 2356 3202 2422 transgestum
3225 2360 3307 2408 est
3340 2354 3410 2410 ad
3446 2353 3699 2409 arietem.

2110 2437 2256 2495 Cur?
2281 2440 2408 2510 quia
2434 2439 2685 2499 Christus
2713 2442 2852 2507 ovis,
2874 2443 2997 2514 ipse
3017 2444 3161 2499 enim
3193 2444 3357 2512 ﬁlius,
3388 2446 3503 2518 ipse
3527 2461 3704 2518 agnus

2110 2530 2254 2588 ﬁlius
2277 2532 2406 2603 quia
2437 2543 2599 2588 natus
2618 2542 2725 2599 est,
2760 2535 2905 2591 aries
2921 2535 3048 2607 quia
3075 2536 3403 2593 immolatus.
3434 2536 3539 2593 Sed
3566 2538 3702 2610 quid

2109 2631 2193 2678 est
2213 2623 2356 2693 quod
2380 2623 2437 2678 in
2468 2623 2722 2694 vepribus
2753 2623 2996 2681 haerebat
3020 2627 3166 2682 aries
3181 2618 3302 2692 ille,
3330 2643 3465 2682 crux
3493 2642 3702 2683 cornua

2109 2715 2293 2772 habet.
2320 2714 2413 2771 Sic
2437 2717 2585 2772 enim
2612 2717 2719 2772 duo
2767 2717 2909 2789 ligna
2950 2720 3367 2791 compinguntur
3417 2735 3604 2775 secum
3645 2729 3705 2777 et

2109 2809 2344 2878 speciem
2377 2809 2555 2866 crucis
2581 2810 2833 2876 reddunt,
2880 2812 3023 2867 unde
3066 2813 3327 2883 scriptum
3372 2822 3459 2868 est
3499 2814 3566 2869 de
3609 2830 3698 2869 eo.

2108 2895 2322 2953 Cornua
2352 2899 2409 2953 in
2429 2899 2668 2955 manibus
2696 2900 2811 2971 ejus
2840 2910 2985 2968 sunt,
3015 2903 3273 2959 cornibus
3311 2919 3440 2975 ergo
3484 2904 3703 2960 haerens

2107 2988 2251 3045 aries
2280 2989 2602 3045 cruciﬁxum
2635 2990 2912 3049 Christum
2956 2993 3246 3065 signiﬁcat.
3279 2995 3479 3066 Vepres
3517 3005 3701 3050 autem

2108 3078 2278 3149 Spinaa
2298 3086 2445 3147 sunt,
2489 3081 2659 3151 spinae
2699 3081 2917 3152 iniquos
2949 3092 3003 3139 et
3028 3093 3341 3154 peccatores
3368 3086 3700 3158 signiﬁcant,

2115 3168 2207 3240 qui
2238 3171 2636 3240 suspenderunt
2688 3172 2974 3229 Dominum
3010 3173 3063 3230 in
3107 3191 3285 3238 cruce.
3339 3176 3482 3233 inter
3515 3179 3706 3250 Spiuas

2112 3260 2298 3330 itaque
2325 3270 2672 3328 peccatorum
2698 3263 3047 3320 Judaieorum
3073 3281 3367 3337 suspensus
3400 3279 3484 3324 est
3512 3270 3703 3324 Domi-

2112 3366 2232 3416 nus,
2272 3352 2414 3407 sicut
2457 3367 2555 3424 per
2582 3352 2909 3412 Hieremiam
2939 3356 3080 3412 idem
3112 3358 3263 3423 dicit,
3294 3358 3461 3429 spinis
3507 3376 3698 3430 pecea-

2114 3452 2291 3498 torum
2320 3458 2542 3498 suorum
2570 3443 2928 3501 circumdedit
2957 3446 3399 3518 mepopulushic.
3426 3448 3527 3502 Alii
3553 3450 3705 3505 hunc

2110 3535 2337 3591 arietem
2396 3535 2653 3592 cornibus
2710 3537 2766 3592 in
2815 3539 3069 3610 vepribus
3096 3539 3391 3612 obligatum
3446 3542 3703 3597 eumdem

2109 3626 2383 3682 Christum
2423 3636 2741 3695 senserunt,
2767 3636 2896 3685 ante
2932 3646 3092 3700 quam
3131 3631 3498 3688 immolaretur
3525 3636 3703 3704 Spinis

2109 3733 2139 3772 a
2167 3716 2369 3773 Iudicis
2390 3728 2728 3774 coronatum.
2752 3719 2983 3775 Peracto
3006 3720 3171 3793 igitur
3197 3721 3470 3777 sacriﬁcio
3495 3724 3706 3779 dicitur

2108 3807 2359 3872 Abrahzc,
2384 3810 2439 3863 in
2469 3809 2662 3863 semine
2705 3811 2810 3864 duo
2858 3809 3223 3866 benedicentur
3267 3830 3445 3869 omnes
3494 3826 3698 3886 gentes.

2110 3897 2335 3968 Quando
2357 3901 2503 3956 enim
2539 3902 2640 3956 hoc
2669 3900 2871 3957 factum
2914 3913 3020 3970 est,
3051 3905 3155 3960 nisi
3193 3908 3407 3976 quando
3434 3908 3565 3963 dicit
3606 3910 3705 3965 ille

2108 3991 2271 4054 aries,
2304 3990 2547 4061 foderunt
2569 4009 2756 4047 manus
2801 4010 2944 4049 meas
2970 4005 3018 4049 et
3042 3995 3195 4065 pedes
3245 4014 3405 4063 meos,
3434 4010 3481 4051 et
3530 4000 3702 4053 dinu-

2107 4090 2435 4135 meraveruut
2472 4082 2650 4136 omnia
2673 4100 2791 4137 ossa
2825 4082 3105 4142 mea?Hoe
3132 4086 3276 4141 enim
3319 4089 3534 4158 quando
3562 4105 3699 4159 per—

2108 4180 2290 4228 actum
2322 4182 2409 4228 est
2440 4174 2570 4229 illud
2601 4176 2653 4230 in
2682 4175 2912 4233 Psalmis
2955 4179 3303 4247 sacriﬁcium,
3335 4190 3460 4237 tunc
3491 4184 3541 4238 in
3574 4184 3701 4255 ipso

2106 4261 2324 4319 Psalmo
2346 4264 2549 4320 dictum
2578 4274 2680 4331 est,
2714 4272 3255 4324 commemorabuntur
3297 4282 3346 4327 et
3387 4285 3699 4329 contertenv

2107 4366 2195 4410 tur
2218 4355 2287 4409 ad
2313 4354 2596 4411 Dominum
2620 4358 2843 4414 universi
2862 4358 2994 4428 fines
3032 4372 3205 4427 terra;
3233 4373 3281 4417 et
3311 4364 3606 4419 adorabunt
3637 4367 3701 4422 iu

2107 4462 2381 4523 conspectu
2423 4453 2538 4523 ejus
2565 4469 2740 4509 omnes
2768 4458 2954 4524 patria:
2982 4458 3234 4528 gentium,
3282 4463 3528 4530 quoniam
3580 4461 3697 4516 Do-

2104 4544 2233 4602 mini
2278 4553 2355 4600 est
2387 4542 2622 4616 regnum,
2657 4555 2705 4600 et
2752 4547 2860 4618 ipse
2896 4548 3254 4605 dominabitur
3295 4554 3547 4623 gentium.
3580 4553 3698 4609 lm-

2103 4635 2306 4694 molato
2355 4638 2521 4708 igitur
2552 4638 2827 4695 Abraham
2873 4656 2973 4711 pro
3018 4641 3165 4698 Isaae
3207 4643 3319 4699 ﬁlio
3348 4661 3445 4700 suo
3474 4647 3649 4703 ariete
3685 4690 3700 4714 ,

2101 4728 2316 4783 vocavit
2362 4744 2560 4786 nomen
2606 4730 2708 4786 loci
2762 4730 2927 4798 illius,
2976 4732 3236 4790 Dominus
3264 4735 3429 4801 videt,
3476 4754 3577 4808 pro
3620 4756 3697 4796 eo

2098 4821 2244 4891 quod
2291 4820 2551 4878 Dominus
2590 4820 2759 4879 videri
2801 4822 3018 4881 se.fecit
3058 4827 3243 4896 utique
3285 4843 3385 4898 per
3427 4830 3694 4887 incarna-

2099 4913 2325 4979 tionem,
2353 4928 2513 4983 quam
2545 4929 2643 4985 pro
2669 4915 3040 4985 redemptione
3073 4918 3288 4988 generis
3317 4920 3539 4974 humani
3567 4938 3703 4978 sus-

2104 5004 2266 5075 cepit,
2303 5013 2358 5059 et
2403 5020 2499 5075 per
2539 5021 2703 5074 quam
2745 5023 2935 5063 omnes
2980 5008 3181 5065 electos
3240 5025 3366 5067 suos
3407 5012 3475 5066 ad
3523 5013 3703 5068 vitam

2100 5093 2362 5165 perducet
2429 5097 2817 5166 sempiternam
2888 5096 3047 5155 Jesus
3112 5100 3365 5158 Christus
3428 5104 3705 5163 Dominus

2101 5192 2304 5249 noster,
2348 5186 2441 5255 qui
2480 5185 2615 5241 vivit
2657 5196 2713 5243 et
2750 5197 2940 5259 regnat
2981 5206 3104 5245 cum
3134 5193 3432 5252 DeoPatre
3478 5196 3533 5252 in
3567 5213 3665 5254 um
3690 5230 3706 5241 -

2101 5283 2213 5329 tate
2236 5273 2471 5344 Spiritus
2516 5278 2712 5340 sancti,
2744 5294 2842 5349 per
2869 5282 3051 5335 omnia
3081 5283 3278 5338 szecula
3323 5286 3652 5344 saeculorum
3683 5329 3705 5361 ,

2097 5362 2293 5420 Amen.

2496 5458 2682 5517 Lectio
2717 5461 2840 5518 libri
2864 5463 3288 5523 Deuteronomii.

2181 5544 2244 5601 In
2265 5547 2444 5603 diebus
2490 5550 2596 5604 illis
2639 5555 2843 5623 scripsit
2873 5554 3081 5627 Moyses
3124 5560 3409 5627 canticum,
3434 5568 3549 5620 etc.
3587 5560 3702 5618 Re—

2105 5638 2253 5708 quire
2278 5639 2331 5694 in
2351 5639 2526 5711 vigilia
2557 5640 2791 5700 Pascha‘.
