3962 6180
238 304 337 363 9J9

683 418 881 478 Lectio
905 421 1055 477 lsaia:
1074 423 1370 495 prophetze.

306 508 374 564 In
414 509 598 567 diebus
622 506 735 567 illis
758 514 1142 584 apprehendent
1167 524 1356 587 septem
1406 516 1676 583 mulieres,
1718 528 1826 575 etc.

236 603 457 676 nequire
484 602 542 657 in
565 603 747 675 vigilia
780 602 1030 660 Pascha.

809 694 1088 749 HOMILIA
1131 694 1262 750 LIV.

786 801 840 838 IN
880 800 1055 840 EODEI
1095 800 1264 840 πετο

469 873 668 931 Lectio
705 874 954 930 Ieremia.-
993 874 1250 948 |_Baruch]
1289 876 1585 946 prophetici

298 964 461 1030 Audi,
506 962 706 1028 Israel,
752 976 1010 1034 praecepta
1058 965 1219 1018 uiue:
1266 967 1484 1021 auribus
1527 951 1733 1038 percipe
1773 979 1831 1023 ut

232 1059 361 1111 scias
418 1056 795 1127 prudentiam,
850 1063 953 1109 etc.
1003 1053 1129 1109 Haec
1171 1055 1332 1111 lectio
1396 1065 1504 1111 tam
1556 1058 1831 1115 lsraeiitas

229 1150 375 1215 juxta
424 1147 721 1202 historiam
766 1160 929 1217 quam
982 1147 1144 1202 etiam
1175 1146 1431 1217 populum
1461 1148 1831 1205 Christianum

231 1239 529 1295 secundum
556 1238 874 1309 allegoriam
905 1239 1063 1292 docet
1104 1246 1267 1307 atque
1301 1239 1624 1294 exhortatur
1648 1250 1706 1294 ut
1732 1256 1831 1295 au-

229 1330 393 1384 ditum
422 1330 611 1385 cordis
643 1330 903 1384 adhibeat
940 1329 1006 1383 ad
1048 1329 1305 1384 discenda
1341 1329 1597 1386 mandata
1642 1331 1737 1387 Dei
1774 1340 1831 1388 et

230 1421 615 1493 Erangelicam
664 1420 969 1475 doctrinam
1020 1420 1426 1491 percipiendam
1498 1421 1829 1493 impleatque

228 1528 386 1582 apere
409 1513 559 1582 quod
590 1512 842 1582 intelligit
869 1512 1051 1567 corde.
1348 1528 1351 1531 '

296 1604 442 1671 Quid
463 1613 560 1668 est,
592 1603 785 1670 Israel,
806 1606 948 1675 quod
969 1606 1023 1659 in
1043 1615 1184 1660 terra
1211 1607 1540 1662 inimicorum
1567 1625 1620 1663 es
1640 1611 1832 1665 inuete-

228 1706 370 1749 ratus
386 1696 413 1749 .’
438 1696 812 1767 coinquinatus
835 1713 888 1750 es
912 1713 1031 1750 cum
1060 1697 1303 1763 mortuis,
1332 1697 1612 1769 deputatus
1636 1717 1689 1755 es
1710 1716 1827 1755 cum

1334 282 1646 371 acinum
1681 312 1751 373 lN
1791 288 2049 373 suae.
2079 317 2168 373 er
2196 292 2475 379 Episr.”
2570 296 2577 303 ’

3406 324 3522 394 εσυ

1854 410 1907 495 ,λ
1930 410 2296 487 intellexerunt
2320 435 2534 489 semitas
2558 435 2697 507 ejus,
2728 448 2893 510 nenae
2918 453 3256 514 susceperunt
3278 462 3395 502 eam
3420 444 3522 519 ﬁlii

1930 538 2130 589 eorum,
2162 542 2194 577 a
2219 525 2356 594 facis
2391 526 2605 581 illorum
2641 529 2793 601 longe
2834 531 2980 601 facta
3021 543 3117 588 est.
3159 533 3352 608 Arguit
3388 553 3522 610 pro-

1928 615 2091 685 pheta
2121 616 2405 670 stultitiam
2428 619 2689 687 gentium,
2710 628 2837 692 quae
2857 621 2910 676 in
2942 624 3280 696 principibus
3301 628 3415 685 suis
3440 630 3523 685 vi-

1931 703 2200 759 debantur
2243 706 2509 762 dominari
2572 724 2736 779 super
2778 712 2981 767 bestias
3046 722 3205 770 terim
3260 728 3315 772 et
3366 718 3522 776 ludos

1929 808 2188 852 exercere
2214 799 2464 853 manibus
2504 801 2654 866 caeli,
2681 811 2736 855 et
2776 804 2828 857 in
2873 804 2974 860 hoc
2999 805 3324 877 voluptatem
3366 825 3519 867 suam

1931 887 2149 956 explere
2178 904 2236 944 se
2260 905 2419 959 posse
2452 892 2817 959 :estimabant,
2863 906 2917 950 et
2954 912 3053 967 per
3097 902 3379 957 avaritiam
3426 894 3518 960 ar-

1931 990 2149 1052 gentum
2178 993 2233 1038 et
2261 999 2449 1039 aurum
2475 987 2701 1042 multum
2724 990 3113 1059 exquisierant,
3147 1001 3201 1048 et
3221 997 3521 1065 possessio-

1930 1085 2028 1125 nes
2059 1072 2199 1127 ultra
2230 1074 2447 1129 modum
2477 1075 2681 1131 habere
2711 1079 3015 1147 certabant,
3044 1079 3394 1154 feceruntque
3414 1087 3519 1143 sibi

1930 1161 2198 1234 sculptilia
2263 1172 2427 1234 atque
2470 1165 2762 1222 simulacra
2800 1182 2866 1222 ex
2914 1183 3047 1225 auro
3092 1178 3254 1240 atque
3296 1182 3519 1244 argento

1922 1252 2077 1323 juxta
2104 1253 2470 1311 inventionem
2499 1273 2661 1327 quam
2691 1258 2791 1329 ipsi
2819 1260 2922 1316 sibi
2952 1264 3416 1333 excogitavemnt.
3451 1267 3521 1323 Et

1927 1341 2056 1399 licet
2081 1343 2135 1399 in
2160 1342 2408 1416 plurimis
2434 1347 2637 1403 divitiis
2683 1358 2740 1404 et
2778 1350 2969 1420 opibus
3012 1354 3244 1408 terrenis
3270 1356 3371 1411 sibi
3416 1368 3514 1427 ap—

1926 1432 2267 1502 plauderent,
2296 1436 2387 1506 qui
2413 1450 2562 1506 spem
2587 1452 2742 1492 suam
2774 1445 2943 1493 totam
2971 1440 3026 1494 in
3052 1439 3156 1496 illis
3186 1453 3510 1511 posuerunt,

1929 1530 2109 1579 tamen
2143 1534 2467 1595 praesentem
2497 1526 2665 1581 vitam
2710 1527 2764 1582 in
2808 1542 2974 1584 carne
2998 1530 3213 1584 mortali
3240 1532 3517 1589 ﬁnierunt.

1926 1613 2252 1687 illorumque
2280 1617 2475 1673 animae
2499 1632 2601 1687 pro
2639 1631 2827 1673 errore
2874 1629 2930 1673 et
2972 1619 3277 1676 malefactis
3328 1638 3518 1677 eorum

1930 1708 2143 1764 inferno
2168 1710 2427 1766 demersae
2450 1721 2594 1776 sunt,
2626 1719 2682 1767 et
2699 1710 2790 1765 alii
2821 1711 2879 1766 in
2905 1711 3083 1767 locum
3112 1713 3350 1783 ipsorum
3382 1730 3507 1770 sur-

227 1786 299 1837 liis
338 1787 435 1856 qui
496 1785 551 1839 in
603 1784 809 1854 inferno
869 1795 1025 1850 sunt,
1071 1801 1294 1841 causam
1353 1787 1607 1845 vindictae
1661 1805 1823 1861 quam
1852 1782 1902 1843 B
1929 1807 2186 1853 rexerunt
2220 1798 2467 1868 juvenes,
2499 1799 2755 1855 viderunt
2807 1799 2988 1855 lumen
3036 1808 3093 1856 et
3134 1782 3518 1858 habitaverunt

227 1877 370 1942 prior
423 1875 662 1945 populus
718 1890 1011 1946 perpessus
1056 1882 1141 1933 est
1207 1879 1260 1932 in
1308 1880 1623 1949 captivitate
1669 1889 1828 1936 terrae

226 1967 409 2021 aliena:
438 1967 543 2021 sub
575 1967 998 2038 interrogatione
1018 1969 1279 2038 exquirit,
1310 1971 1404 2025 sed
1429 1985 1554 2026 mox
1582 1972 1823 2041 exponit,

228 2058 359 2111 unde
384 2058 462 2112 eis
502 2067 654 2112 tanta
690 2058 832 2111 mala
873 2068 1146 2124 venerunt,
1190 2060 1399 2117 scilicet
1446 2063 1590 2131 quod
1633 2061 1829 2118 dereli-

226 2158 461 2217 querunt
492 2148 693 2204 fontem
716 2149 995 2220 sapientia:
1021 2150 1191 2206 Deum
1219 2166 1428 2219 verum,
1457 2159 1512 2208 et
1537 2148 1825 2208 Dominum

227 2249 472 2295 nostrum
502 2239 686 2294 Jesum
711 2238 1006 2307 Christum,
1039 2242 1295 2311 quoniam
1323 2242 1367 2297 si
1410 2242 1508 2298 Dei
1555 2244 1825 2300 mandatis

224 2332 535 2405 obedirent,
556 2346 681 2386 cum
723 2346 858 2400 pace
886 2332 941 2386 in
971 2342 1118 2387 terra
1150 2348 1246 2387 sua
1278 2333 1827 2404 habitarent;simili-

224 2431 301 2477 ter
324 2423 501 2477 etiam
533 2422 940 2478 ecclesiasticus
965 2422 1214 2493 populus,
1245 2425 1292 2479 si
1329 2424 1655 2496 Evangeliea
1684 2438 1820 2494 prae-

221 2522 380 2581 cepta
430 2522 582 2568 recte
619 2513 891 2569 credendo
938 2522 995 2568 et
1020 2515 1160 2569 bene
1188 2514 1422 2570 vivendo
1448 2514 1750 2570 custodiret
1770 2522 1827 2572 et

218 2615 449 2676 peccata
474 2605 528 2658 in
553 2610 817 2674 quantum
846 2612 1028 2674 posset
1053 2604 1319 2661 devitaret
1346 2622 1360 2658 :
1392 2606 1445 2659 in
1466 2619 1601 2675 pace
1628 2607 1829 2677 sempi-

219 2706 376 2750 terna
408 2695 702 2760 habitaret,
721 2696 864 2751 unde
885 2695 1165 2766 Scriptura
1188 2697 1320 2751 dicit
1340 2715 1354 2751 :
1374 2711 1480 2767 pax
1507 2698 1676 2753 multa
1697 2700 1823 2755 dili-

217 2788 479 2858 gentibus
517 2802 714 2842 nomen
758 2797 929 2855 tuum,
958 2788 1206 2855 Domine,
1250 2798 1307 2846 et
1349 2805 1457 2846 non
1505 2798 1590 2847 est
1633 2792 1688 2846 in
1717 2792 1826 2848 illis

221 2876 573 2941 scandalum,
620 2886 727 2931 etc.

285 2969 454 3022 Disce
478 2969 566 3022 ubi
592 2972 658 3022 sit
691 2972 967 3041 sapientia,
993 2973 1084 3027 ubi
1110 2977 1181 3049 sit
1205 2974 1489 3042 virtus,ubi
1512 2976 1581 3030 sit
1597 2976 1824 3046 pruden-

216 3063 312 3125 tia,
348 3070 407 3113 ut
436 3061 575 3115 scias
611 3062 768 3115 simul
794 3061 883 3115 ubi
911 3064 978 3115 sit
1014 3064 1387 3134 longiturnitas
1409 3065 1527 3120 vitm
1550 3074 1599 3120 et
1625 3067 1816 3132 uictus,

1927 1905 2092 1960 super
2132 1900 2358 1946 terram.
2405 1890 2639 1947 Juvenes
2690 1892 2781 1947 hic
2833 1907 3122 1962 possumus
3171 1893 3518 1964 philosophos

1927 1983 2168 2052 gentium
2193 1982 2513 2053 intelligere,
2545 1984 2635 2053 qui
2658 1982 2896 2052 aliquam
2927 1984 3220 2039 scintillam
3253 1986 3512 2053 scientiae,

1926 2072 1979 2127 in
2004 2073 2233 2129 diversis
2260 2075 2470 2130 artibus
2511 2084 2567 2130 et
2595 2074 3053 2144 disputationibus
3080 2076 3296 2131 diserta:
3322 2077 3518 2148 lingum

1924 2169 2274 2231 acceperunt,
2303 2162 2396 2217 sed
2421 2170 2600 2219 tamen
2625 2164 2766 2219 hanc
2792 2164 3061 2220 veraciter
3078 2179 3176 2235 per
3199 2165 3381 2220 omnia
3407 2181 3513 2220 non

1926 2254 2267 2320 invenerunt,
2320 2256 2447 2325 quia
2490 2255 2557 2310 ad
2606 2263 2875 2311 terrenam
2913 2258 3236 2328 sapientiam
3283 2266 3335 2314 et
3362 2258 3517 2314 istius

1924 2344 2111 2399 mundi
2155 2343 2442 2399 stultitiam
2472 2346 2732 2415 quidquid
2778 2347 2832 2401 in
2873 2346 3215 2419 dogmatibus
3249 2347 3363 2404 suis
3389 2363 3515 2419 pro-

1926 2433 2173 2489 ferebant
2219 2441 2393 2489 totum
2434 2435 2774 2505 redigebant,
2816 2437 2959 2491 viam
3002 2446 3180 2492 autem
3219 2437 3518 2509 disciplina:

1926 2527 2257 2592 nescierunt,
2300 2527 2428 2597 quia
2453 2528 2595 2581 viam
2627 2527 2923 2599 disciplima
2950 2544 3070 2599 qua:
3114 2527 3363 2584 Christus
3403 2534 3509 2594 est,

1925 2619 2194 2690 quomodo
2218 2619 2331 2689 ipse
2352 2626 2437 2674 est
2461 2627 2652 2673 auctor
2677 2619 2844 2674 totius
2885 2618 3012 2674 boni
3043 2619 3379 2685 nescierunt,
3415 2635 3514 2677 ne-

1926 2724 2030 2780 que
2052 2709 2436 2765 intellexerunt
2450 2709 2697 2763 semitam
2717 2709 3091 2765 mandatorum
3106 2708 3244 2779 ejus,
3271 2724 3369 2766 nec
3385 2710 3516 2781 ipsi,

1925 2816 2028 2856 nec
2049 2799 2142 2855 lilii
2171 2815 2382 2865 eorum,
2411 2799 2515 2855 hoc
2536 2809 2641 2865 est,
2666 2800 2968 2855 imitatores
2988 2799 3227 2871 perfidia:
3267 2801 3504 2865 illorum,

1923 2889 2080 2961 longe
2101 2890 2244 2945 enim
2275 2904 2306 2943 a
2334 2888 2473 2944 facie
2501 2904 2690 2944 eorum
2720 2890 2861 2946 facta
2890 2900 2997 2955 est,
3036 2891 3163 2960 quia
3208 2907 3392 2948 veram
3432 2892 3495 2947 ii-

1925 2968 2047 3035 dem
2074 2980 2275 3035 Christi
2303 2980 2584 3051 percipere
2610 2990 2924 3036 renuerunt.
2954 2980 3107 3038 Unde
3132 2982 3200 3037 de
3222 2983 3326 3038 illis
3352 2983 3508 3040 Psal-

1925 3074 2085 3128 misla
2115 3073 2190 3127 ait
2218 3090 2231 3124 :
2260 3071 2438 3143 Longe
2459 3080 2534 3127 est
2560 3089 2593 3126 a
2630 3073 2990 3143 peccatoribus
3012 3072 3181 3139 salus,
3206 3076 3329 3146 quia
3344 3075 3510 3147 justi-

216 3154 301 3205 ubi
346 3153 418 3205 sit
442 3150 619 3205 lumen
647 3151 917 3206 oculorum
944 3162 991 3207 et
1020 3170 1145 3224 pax.
1178 3153 1443 3210 Provocat
1476 3170 1608 3228 ergo
1633 3158 1818 3212 admo-
1845 3135 1890 3196 C
1920 3166 2192 3235 ﬁcationes
2225 3163 2317 3217 Dei
2360 3135 2462 3219 non
2506 3135 2886 3235 exquisierunt.
2931 3135 3224 3234 Sequituri

217 3243 355 3295 uitio
376 3242 694 3311 prophetica
739 3243 1016 3298 auditores
1041 3259 1170 3299 suos
1195 3244 1264 3298 ad
1288 3246 1681 3315 exquirendum
1722 3262 1815 3302 sa-

217 3335 485 3402 pientiam
523 3334 782 3412 divinam,
826 3342 884 3391 et
925 3335 1181 3391 virtutem
1230 3346 1391 3407 atque
1449 3339 1811 3408 prudentiam.

217 3424 279 3478 Et
315 3440 444 3493 quae
472 3434 559 3479 est
586 3425 675 3480 illa
723 3427 824 3481 nisi
871 3427 1181 3497 redemptor
1223 3438 1431 3493 noster,
1478 3430 1569 3497 qui
1612 3440 1695 3484 est
1723 3445 1815 3485 sa-

215 3518 425 3586 pientia
449 3516 545 3571 Dei
574 3525 628 3571 et
650 3518 842 3581 virtus,
871 3526 928 3572 et
967 3518 1205 3572 salvator
1229 3520 1469 3574 omnium
1513 3520 1811 3585 hominum,

218 3611 460 3664 maxime
502 3608 759 3663 ﬁdelium.
805 3611 880 3665 De
916 3625 1025 3679 quo
1068 3610 1360 3681 Apostolus
1392 3614 1469 3666 ait
1498 3629 1509 3664 :
1543 3610 1814 3666 Christum

214 3701 333 3754 dico
362 3703 605 3754 virtutem
629 3712 677 3754 et
714 3701 811 3754 Dei
838 3702 1173 3771 sapientiam,
1205 3719 1298 3757 nec
1333 3713 1410 3757 est
1438 3703 1586 3757 aliud
1628 3720 1813 3761 nomen

214 3794 402 3846 datum
451 3792 749 3845 hominibus
795 3793 890 3846 sub
932 3791 1062 3846 cosio
1104 3794 1158 3846 in
1187 3808 1290 3862 quo
1317 3803 1552 3865 oporteat
1595 3795 1809 3851 saluari.

212 3887 318 3952 Qui
344 3899 481 3954 ergo
503 3884 673 3938 credit
708 3885 763 3937 in
796 3883 944 3938 illum
972 3893 1038 3939 et
1081 3885 1332 3939 mandata
1374 3884 1492 3955 ejus
1536 3896 1681 3942 recte
1720 3903 1814 3942 cu-

210 3979 382 4032 Stodit
415 3992 525 4031 non
578 3976 940 4033 confundetur
983 3978 1036 4032 in
1086 3980 1527 4049 teternum,quia
1560 3979 1675 4050 ipse
1720 3979 1825 4033 lux.

212 4079 296 4123 est
321 4085 452 4124 vera
484 4082 603 4138 quae
627 4067 894 4122 illuminat
925 4083 1141 4124 omnem
1186 4070 1458 4124 hominem
1503 4069 1809 4123 venientem

211 4164 265 4216 in
298 4163 444 4217 binae
497 4161 784 4224 mundum,
814 4169 870 4214 et
918 4174 1025 4231 pax
1071 4160 1226 4215 iirma
1257 4176 1378 4230 quae
1409 4161 1540 4217 fecit
1583 4170 1811 4232 utraque

209 4269 398 4315 unum,
419 4261 476 4308 et
500 4253 737 4306 medium
763 4252 1025 4322 parietem
1052 4252 1355 4308 dissolvens
1394 4252 1669 4309 interfecit
1709 4256 1810 4310 ini-

211 4343 450 4397 micitias
477 4342 531 4396 in
556 4357 724 4395 carne
769 4357 886 4396 sua.
932 4342 1107 4411 Ipsius
1140 4357 1269 4413 ergo
1303 4342 1454 4397 locus
1481 4351 1567 4398 est
1591 4360 1806 4401 sacrum

212 4431 585 4503 Brangelium,
609 4439 666 4485 et
687 4446 843 4485 sacra
883 4433 1085 4502 scripta
1115 4434 1205 4488 ubi
1250 4442 1380 4488 sunt
1424 4434 1667 4491 thesauri
1712 4451 1803 4491 sa-

209 4522 426 4590 pientia:
445 4530 505 4576 et
526 4521 771 4575 scicntia:
791 4521 1111 4583 aiisconditi,
1157 4523 1414 4593 mysteria
1438 4523 1690 4580 videlicet
1723 4526 1805 4580 di-
1831 4503 1881 4562 Ῐ)

210 4614 335 4666 vina
359 4630 389 4666 a
429 4611 652 4668 saeculis
691 4620 746 4666 ct
785 4613 1243 4683 generationibus,
1273 4614 1584 4670 revelantur
1622 4626 1802 4672 autem

205 4705 459 4760 ﬁdelibus
478 4713 539 4760 et
566 4704 704 4758 bene
743 4703 953 4758 devotis
996 4705 1310 4761 hominibus
1342 4722 1443 4778 per
1486 4708 1660 4777 ipsum
1686 4723 1803 4763 me-

202 4794 477 4848 diatorem
502 4792 679 4847 Dciet
697 4792 1002 4857 hominum,
1023 4793 1117 4862 qui
1138 4794 1328 4849 dilexit
1351 4811 1450 4851 nos
1476 4805 1531 4851 et
1552 4796 1688 4851 lavit
1706 4812 1805 4853 nos

203 4900 232 4936 ο
262 4885 510 4956 peccatis
534 4884 737 4937 nostris
757 4884 809 4936 in
837 4885 1101 4955 sanguine
1124 4901 1242 4941 suo.
1271 4885 1564 4958 Sequitur:

275 4974 381 5029 Ubi
400 4986 528 5031 sunt
548 4976 808 5044 principes
826 4978 1056 5046 gentium
1078 4987 1125 5031 et
1157 4980 1249 5049 qui
1286 4979 1626 5034 dominantur
1651 4999 1808 5052 super

201 5070 396 5123 bestias
420 5086 544 5139 quae
581 5078 703 5122 sunt
731 5070 786 5122 in
805 5071 989 5123 terra?
1013 5068 1117 5136 Qui
1156 5072 1211 5125 in
1238 5072 1419 5127 avibus
1452 5072 1564 5126 caeli
1591 5073 1802 5139 ludum,

196 5162 295 5229 qui
338 5168 619 5230 argentum
660 5159 1019 5215 thesaurisant
1058 5172 1106 5214 et
1132 5178 1344 5221 aurum.
1389 5163 1444 5217 in
1483 5179 1588 5233 quo
1633 5165 1803 5233 con/i-

197 5250 335 5303 duut
361 5251 626 5316 homines,
675 5260 725 5306 et
772 5270 876 5308 non
913 5261 988 5309 est
1027 5252 1149 5322 ﬁnis
1181 5254 1522 5323 possessionis
1570 5270 1755 5307 eorum
1777 5254 1804 5308 ?

194 5341 311 5406 Qui
335 5350 615 5411 argentum
653 5342 917 5409 fabricant
940 5353 987 5398 et
1014 5340 1383 5407 sollicitisunt,
1412 5360 1505 5398 nec
1526 5352 1601 5397 est
1626 5341 1801 5396 inven-

168 5432 273 5487 tio
297 5447 518 5500 oper-Im
537 5431 774 5487 illorum.
804 5432 875 5487 Et
901 5443 1075 5487 tamen
1114 5434 1446 5488 exterminati
1486 5444 1628 5498 sunt,
1651 5443 1701 5487 et
1729 5433 1799 5487 ad

186 5521 400 5589 ἰδίοντα
444 5524 850 5588 descenderunt,
895 5534 945 5579 et
978 5524 1072 5579 alii
1110 5525 1167 5578 in
1206 5523 1379 5577 locum
1424 5523 1635 5577 illorum
1674 5539 1797 5577 sur-

188 5625 467 5670 ταηηι.
491 5617 724 5672 quenes
756 5616 999 5670 viderunt
1023 5616 1198 5670 lumen
1237 5625 1287 5669 et
1311 5614 1673 5670 habitaverunt
1702 5630 1798 5669 stt-

183 5713 291 5765 Ιη
326 5713 549 5770 tarum.
583 5708 727 5763 uiam
751 5714 929 5761 autem
963 5705 1257 5762 disciplima
1292 5704 1609 5771 nescierunt,
1636 5721 1799 5772 neque

1992 3253 2114 3307 Non
2144 3263 2217 3307 est
2241 3254 2426 3308 auditu
2455 3256 2508 3309 in
2533 3252 2809 3317 Chanaan,
2857 3271 3021 3326 neque
3054 3256 3165 3310 visa
3194 3256 3344 3311 estin
3377 3255 3512 3312 Tlte-

1916 3363 2062 3400 man.
2097 3343 2225 3398 Filii
2273 3361 2477 3416 quoque
2510 3346 2674 3415 Agar,
2716 3344 2807 3417 qui
2847 3346 3128 3416 exquirunt
3175 3346 3510 3416 prudentiam

1914 3453 2034 3507 qum
2060 3436 2124 3490 de
2150 3448 2291 3491 terra
2317 3446 2413 3501 est,
2440 3438 2761 3507 negotiantes
2799 3446 2954 3493 terra:
2984 3435 3257 3511 [Men/ue]
3287 3447 3335 3493 et
3377 3436 3510 3492 Tlte-

1916 3546 2060 3593 man,
2084 3536 2131 3581 et
2174 3526 2516 3597 fabulatores,
2555 3537 2604 3581 et
2638 3530 2981 3599 exquisitores
3017 3529 3311 3599 prudentia
3335 3538 3385 3583 et
3423 3528 3507 3582 in-

1916 3618 2215 3688 telligentia:
2240 3632 2260 3669 .'
2295 3618 2430 3672 riam
2475 3628 2649 3672 autent
2688 3619 2959 3688 sapientia:
3004 3617 3316 3683 nescierunt,
3342 3634 3507 3689 neque

1915 3711 2260 3763 meminerunt
2285 3709 2591 3762 semilan
2625 3709 2758 3778 ejus.
2785 3710 2891 3764 Per
2918 3711 3135 3765 nomina
3177 3710 3418 3766 locorum
3448 3712 3505 3767 in

1913 3799 2111 3868 quibus
2154 3806 2343 3867 gentes
2389 3796 2515 3849 olim
2562 3797 2885 3852 habitabant
2929 3798 3253 3867 exprimitur
3296 3799 3505 3855 erroris

1912 3903 2098 3942 eorum
2122 3886 2362 3955 nequitia
2401 3893 2457 3941 et
2481 3886 2724 3941 doctrina
2767 3886 3029 3943 stultitiae.
3056 3886 3192 3943 Nam
3241 3887 3501 3945 Chanaan

1913 3976 2299 4045 interpretatur
2324 3975 2652 4047 negotiator,
2691 3976 2934 4031 Theman
2963 3978 3355 4047 interpretatur
3381 3976 3493 4032 Au-

1911 4075 2041 4122 ster.
2072 4065 2218 4137 Agar
2252 4066 2642 4137 interpretatur
2679 4065 2888 4122 advena
2929 4068 3014 4122 vel
3051 4082 3333 4123 conversa.
3365 4068 3497 4136 Qui-

1911 4172 2123 4226 cunque
2140 4157 2288 4212 euim
2327 4157 2555 4228 negotiis
2582 4158 2814 4213 terrenis
2853 4158 3143 4214 indiscrete
3169 4159 3410 4215 abutitur
3448 4169 3504 4216 et

1910 4247 2105 4301 ardore
2135 4246 2448 4317 cupiditatis
2476 4248 2749 4303 inhianter
2787 4248 3070 4315 incumbit,
3099 4249 3442 4320 alienumque
3467 4267 3500 4305 a

1910 4338 2189 4408 disciplina
2221 4338 2433 4393 Domini
2475 4347 2531 4393 et
2564 4347 2765 4393 sancta:
2797 4337 3051 4394 Ecclesiae
3093 4340 3351 4395 societate
3369 4339 3498 4395 clie-

1909 4432 2063 4492 cerit,
2093 4430 2394 4501 fabulisque
2417 4431 2607 4487 otiosis
2635 4438 2689 4485 et
2710 4431 2865 4484 vanis
2888 4430 3094 4484 lusibus
3112 4443 3172 4485 se
3193 4445 3497 4501 occupave-

1908 4522 1999 4585 rit,
2032 4522 2234 4578 licctse
2264 4521 2582 4591 prudentem
2632 4522 2883 4584 aestimet,
2929 4535 3029 4589 per
3049 4522 3229 4576 omnia
3265 4537 3324 4578 se
3358 4523 3495 4579 stul-

1907 4619 2019 4665 tum
2051 4627 2171 4666 csse
2207 4612 2434 4675 indicat,
2462 4610 2585 4679 quia
2622 4611 2760 4664 viam
2808 4611 3075 4674 veritatis,
3120 4621 3176 4665 et
3216 4613 3497 4683 sapientiae

1907 4718 2152 4757 normam
2179 4718 2283 4757 non
2307 4702 2460 4770 eligit
2485 4709 2540 4755 et
2574 4702 2778 4771 judicia
2807 4702 2900 4756 Dei
2946 4704 3158 4758 discere
3184 4710 3241 4758 et
3266 4719 3491 4762 servare

1905 4811 2004 4866 per
2026 4796 2205 4849 omnia
2243 4794 2470 4864 spernit.
2502 4792 2792 4863 Postquam
2833 4796 3093 4865 prepheta
3137 4796 3203 4851 de
3229 4797 3491 4867 reprobo-

1913 4901 2027 4939 rum
2056 4886 2400 4942 damnatione
2424 4901 2731 4943 sermonem
2755 4887 3012 4958 explevit,
3048 4889 3317 4944 convertit
3344 4903 3403 4943 se
3423 4887 3492 4942 ad

1907 4976 2301 5047 praedicandam
2343 4976 2555 5033 laudem
2599 4978 2790 5032 domus
2833 4977 2927 5033 Dei
2955 4989 3011 5034 et
3044 4979 3261 5035 virtutis
3297 4978 3492 5034 divina

1904 5070 2198 5136 potentiam
2234 5069 2707 5125 demonstrandam
2743 5070 2930 5124 dicens
2959 5088 2975 5124 :

1975 5159 2020 5214 0
2047 5158 2257 5214 Israel!
2282 5176 2441 5228 quam
2464 5175 2655 5231 magna
2699 5159 2885 5214 domus
2909 5159 3026 5225 Dei,
3066 5169 3116 5216 et
3140 5162 3319 5230 ingens
3342 5159 3488 5215 locus

1903 5251 2244 5322 possessionis
2268 5249 2381 5320 ejus
2389 5250 2408 5301 .'
2418 5250 2636 5321 Magnus
2648 5260 2780 5310 estet
2797 5266 2902 5305 non
2915 5252 3065 5306 habet
3085 5249 3488 5305 consummatio-

1905 5357 2057 5404 nem;
2086 5338 2321 5395 excelsas
2337 5349 2384 5393 et
2400 5339 2703 5395 immensus.
2721 5340 2747 5393 Ι
2755 5340 2805 5394 bi
2831 5339 3044 5410 [uerunt
3063 5342 3297 5411 gigantes
3319 5339 3483 5393 nomi-

1906 5434 2018 5488 nati
2043 5431 2123 5486 illi
2147 5432 2237 5503 qui
2262 5432 2326 5485 ab
2356 5432 2506 5486 initio
2527 5431 2764 5501 fuerunt,
2785 5440 2989 5486 statura
3027 5447 3240 5502 magna,
3267 5430 3485 5485 scientes

1906 5525 2117 5580 bellum.
2142 5522 2265 5580 Non
2292 5525 2389 5580 hos
2405 5523 2557 5595 elegit
2575 5525 2854 5589 Dominus,
2870 5540 3033 5595 neque
3047 5524 3182 5579 viam
3193 5520 3482 5590 disciplina:

1902 5616 2207 5671 invenerunt
2229 5629 2248 5668 :
2277 5624 2551 5685 propterea
2577 5615 2863 5685 perierunt.
2901 5612 2965 5667 Et
2990 5610 3236 5682 quoniam
3259 5625 3362 5664 non
3387 5609 3484 5664 lla-

1903 5705 2126 5762 buerunt
2152 5704 2807 5775 sapientiam,interierunt
2831 5712 3041 5774 propter
3058 5716 3210 5756 suam
3237 5700 3475 5766 insipien-
