3962 6180
1081 265 1143 324 Β.
1183 264 1439 323 ΒΑΒΑΝΙ
1462 256 1699 322 ΜΑυιιι
1735 262 2035 323 ARCHIEP

2143 263 2413 338 locum.
2451 263 2740 324 OPERUH
2779 263 2960 322 rans
2999 265 3064 322 ιι.

3619 264 3727 324 252

447 392 598 444 “aut.
631 386 834 442 Domus
861 398 988 456 ergo
1008 381 1106 438 Dei
1133 398 1240 438 non
1264 393 1376 438 tam
1402 381 1814 438 tabernaculum
1835 379 2033 437 Mosai-
2061 381 2113 442 Α
2136 386 2239 446 est,
2275 387 2332 436 et
2374 396 2499 436 cum
2545 379 2858 436 hominibus
2895 389 3252 437 conversatus
3303 388 3388 438 est
3430 379 3730 452 praedicans

449 495 572 536 cum
621 477 707 532 vel
755 475 1015 546 templum
1063 473 1498 530 Salomoniaeum
1548 472 1840 544 signiﬁcat,
1869 488 2035 544 quam

448 572 613 628 etiam
653 578 870 624 sanctos
916 566 1183 628 homines,
1232 565 1326 634 qui
1354 563 1574 620 fuerunt
1616 565 1718 619 sub
1757 562 1953 620 Vetere
1982 572 2038 620 et

449 662 599 717 Novo
624 660 986 721 Testamento,
1027 656 1082 710 in
1114 654 1310 726 quibus
1353 655 1494 710 Deus
1536 655 1650 725 ipse
1677 653 1946 709 inhabitat
1981 661 2035 708 et

449 759 729 822 permanet
757 749 808 801 in
832 747 1241 816 sempiternum.
1289 745 1414 800 [huc
1457 760 1588 816 ergo
1633 745 1826 799 domus
1851 752 1905 799 et
1948 743 2036 798 hic

455 841 600 898 locus
626 840 984 913 possessionis
1019 839 1112 893 Dei
1170 853 1396 905 magnus
1442 846 1525 892 est
1572 845 1627 891 et
1674 851 1778 890 non
1830 835 2035 890 habens

449 929 1260 1000 consummationem,excelsus
1283 938 1338 983 et
1367 929 1682 982 immensus.
1729 925 1865 992 Quia
1905 942 2035 980 san-

447 1033 535 1077 cta
565 1021 801 1076 Ecclesia
833 1037 927 1091 per
967 1029 1137 1074 totum
1186 1019 1444 1074 mundum
1493 1018 1685 1074 diffusa
1727 1027 1781 1071 et
1811 1017 2034 1070 dilatata

445 1121 650 1166 estnec
677 1111 836 1166 habet
865 1111 1176 1175 terminum,
1213 1109 1338 1179 quia
1373 1110 1424 1163 in
1460 1108 1600 1164 coelo
1624 1116 1678 1163 et
1719 1107 1773 1161 in
1805 1115 1948 1161 terra
1981 1105 2035 1159 in

447 1201 651 1256 sanctis
691 1201 897 1271 angelis
925 1208 981 1254 et
1011 1200 1164 1254 bonis
1207 1197 1517 1254 hominibus
1562 1197 1831 1252 consistit.
1879 1194 2034 1264 Quod

448 1300 630 1345 autem
676 1291 808 1345 dicit
852 1290 996 1360 quod
1037 1291 1284 1362 gigantes
1319 1289 1392 1344 ibi
1425 1297 1610 1344 essent
1654 1287 1916 1343 nominati
1959 1286 2035 1342 illi

447 1381 537 1451 qui
571 1381 639 1436 ab
665 1380 818 1434 initio
844 1379 1064 1435 fuerunt
1089 1388 1296 1434 statura
1319 1394 1514 1451 magna
1550 1377 1786 1434 scientes
1810 1377 2032 1442 bellum,

446 1472 717 1540 signiﬁcat
740 1474 1000 1542 superbos
1043 1473 1287 1527 homines
1330 1473 1421 1542 qui
1461 1480 1588 1526 ante
1616 1471 1904 1527 adventum
1936 1471 2038 1525 Do-

448 1563 581 1617 mini
613 1563 752 1617 fastu
794 1564 1128 1633 principatus
1156 1563 1237 1618 sui
1271 1572 1326 1617 et
1349 1563 1622 1618 mundana
1662 1561 1924 1632 sapientia
1946 1577 2036 1616 su-

446 1670 544 1724 per
568 1663 790 1710 crctcros
821 1654 1066 1710 homines
1095 1655 1150 1708 in
1179 1664 1323 1709 terra
1362 1670 1421 1710 se
1446 1653 1779 1718 exultabant,
1819 1663 1873 1708 et
1906 1667 2036 1722 pru-

2140 469 2488 541 Evangelium
2512 477 2569 526 et
2590 485 2790 527 sanans
2827 486 3045 526 omnem
3089 469 3405 543 languorem
3435 481 3492 528 et
3511 485 3729 529 clunem

2139 562 2516 619 infirmitatem
2563 563 2617 619 in
2667 562 2886 634 p0pulo.

2703 653 2986 710 HOMILIA
3045 655 3156 711 LV.

2562 765 2617 804 IN
2663 765 2864 806 VIGILIA
2911 764 3300 805 PENTECOSTES.

2481 839 2667 895 Lectio
2705 840 2938 895 Actuum
2980 840 3372 910 apostolorum.

2209 931 2276 986 In
2304 931 2483 986 diebus
2510 930 2640 995 illis,
2661 948 2778 985 cum
2810 930 2996 1000 Apollo
3021 941 3149 985 esset
3189 930 3454 1000 Corinthi,
3496 940 3546 988 et
3585 926 3738 987 Pau-

2135 1021 2242 1088 lus,
2267 1022 2560 1092 peragratis
2582 1021 2938 1091 superioribus
2959 1021 3222 1090 partibus,
3245 1021 3436 1076 veniret
3468 1020 3731 1090 Ephesum

2135 1122 2182 1169 ει
2204 1113 2451 1166 inveniret
2477 1111 2734 1182 quosdam
2761 1109 3068 1181 discipulos,
3099 1110 3231 1164 dixit
3263 1111 3331 1164 ad
3360 1127 3446 1165 eos
3467 1125 3485 1162 :
3517 1110 3574 1164 Si
3607 1111 3731 1182 8ρὶ-

2137 1201 2296 1255 ritum
2325 1210 2565 1256 sanctum
2591 1198 2861 1270 accepistis
2893 1200 3199 1254 credentes?
3227 1209 3335 1254 etc.

2205 1291 2524 1346 Plenissime
2552 1290 2770 1361 quidem
2797 1289 2971 1355 nobis,
3003 1289 3361 1355 dilectissimi,
3390 1304 3611 1345 causam
3642 1299 3728 1345 at-

2135 1395 2240 1454 que
2286 1382 2550 1436 rationem
2589 1381 2873 1451 pnesentis
2911 1379 3220 1436 festivitatis
3257 1381 3563 1435 divinorum
3611 1380 3731 1434 elo-

2135 1473 2386 1543 quiorum
2434 1479 2614 1527 textus
2659 1471 2937 1537 ostendit,
2989 1487 3094 1540 quo
3146 1469 3410 1541 Spiritum
3480 1479 3734 1526 sanctum

2135 1562 2586 1634 quinquagesimo
2633 1570 2757 1633 post
2825 1562 3282 1617 resurrectionem
3340 1561 3448 1628 die,
3515 1559 3609 1632 qui
3659 1560 3730 1618 ab

2134 1654 2451 1710 ascensione
2479 1653 2596 1724 ejus
2622 1661 2707 1708 est
2741 1651 2985 1709 decimus
3006 1652 3243 1709 infusum
3274 1651 3474 1709 Christi
3495 1652 3732 1723 discipu-

443 1743 720 1797 dcntiores
743 1751 905 1812 atque
928 1744 1260 1812 potentiores
1286 1758 1345 1798 se
1386 1758 1507 1797 esse
1540 1741 1888 1812 iactitabant.
1926 1741 2029 1809 Qui
2063 1732 2107 1794 Β
2134 1749 2202 1804 [is
2229 1748 2370 1804 sicut
2403 1748 2702 1819 promissus
2732 1748 3076 1818 sperabatur,
3125 1748 3466 1820 agnovimus,
3514 1749 3611 1805 sed
3658 1748 3730 1803 ad

445 1832 698 1900 quoniam
725 1832 1009 1887 veritatem
1040 1847 1178 1887 verm
1223 1831 1499 1900 sapientia:
1542 1831 1932 1901 ignoraverunt
1977 1839 2034 1885 et

445 1921 786 1990 disciplinam
823 1921 1049 1991 justitiaa
1081 1937 1186 1975 non
1231 1922 1680 1986 observaverunt,
1726 1921 1848 1975 ideo
1883 1918 2033 1989 justo

446 2011 759 2080 Deijndicio
779 2013 1056 2082 perierunt
1085 2031 1097 2065 :
1135 2013 1278 2067 unde
1305 2020 1487 2066 autem
1517 2027 1645 2066 vera
1675 2010 1938 2083 sapientia
1978 2011 2032 2066 in

445 2101 704 2155 mundum
728 2101 937 2155 venerit
965 2116 1197 2171 sequens
1221 2117 1399 2157 sermo
1425 2101 1678 2156 ostendit.

517 2189 648 2256 Quis
683 2191 938 2256 ascendit,
982 2191 1177 2261 inquit,
1210 2193 1266 2244 in
1302 2191 1454 2246 cattas
1480 2193 1504 2245 ?
1531 2191 1721 2246 Nullus
1750 2191 1889 2247 alius
1931 2191 2035 2246 nisi

447 2280 704 2336 Dominus
737 2281 892 2336 Jesus
941 2281 1188 2336 Christus
1229 2282 1320 2352 qui
1368 2283 1423 2337 in
1467 2281 1620 2337 ccelis
1669 2291 1860 2353 regnat
1912 2297 2035 2337 cum

445 2372 606 2429 Patre
631 2383 685 2428 et
708 2373 911 2444 Spiritu
937 2384 1146 2428 sancto.
1179 2374 1296 2444 lpse
1333 2375 1478 2429 enim
1510 2374 1652 2429 sicut
1695 2390 1726 2429 a
1767 2375 1930 2430 Patre
1953 2380 2037 2428 est

443 2467 676 2538 genitus,
714 2467 786 2523 ita
825 2469 978 2522 etab
1023 2468 1140 2538 ipso
1187 2469 1397 2538 accepit
1442 2467 1788 2539 sapientiam,
1837 2483 1942 2538 qua
1980 2467 2034 2520 in

444 2559 618 2613 servis
658 2559 795 2624 suis,
845 2559 948 2614 hoc
1000 2568 1085 2614 est
1134 2559 1188 2613 in
1235 2559 1514 2629 prophetis
1545 2568 1601 2615 et
1644 2558 1904 2629 apostolis
1944 2559 2038 2628 qui

442 2653 639 2706 merito
664 2653 836 2707 nubes
856 2659 1136 2716 vocantur,
1163 2666 1227 2704 eo
1249 2651 1391 2720 quod
1415 2649 1684 2705 occultum
1710 2649 1806 2704 Dei
1837 2649 2038 2706 donum

445 2743 500 2798 in
539 2758 598 2798 se
638 2743 944 2812 gestabant,
997 2758 1252 2799 sanorum
1288 2743 1576 2798 verborum
1616 2741 1853 2812 pluviam
1883 2740 2039 2810 juxta

444 2831 897 2900 dispensationem
926 2831 1164 2885 divinam
1197 2833 1248 2885 in
1293 2839 1502 2888 mentes
1549 2831 1810 2889 fundebat
1849 2832 2041 2887 huma-

448 2935 566 2974 nas.
609 2919 745 2974 llinc
797 2935 1012 2990 quoque
1051 2936 1149 2991 per
1192 2920 1531 2976 Psalmistam
1562 2921 1799 2977 dicitur:
1845 2921 2040 2978 Omnia

444 3026 767 3081 qua'cunque
800 3011 958 3066 voluit
989 3012 1111 3082 fecit
1155 3013 1210 3066 in
1236 3011 1361 3066 caelo
1389 3023 1436 3067 et
1463 3012 1518 3066 in
1554 3022 1716 3078 terra,
1747 3013 1802 3066 in
1829 3015 1964 3066 mari
1989 3022 2038 3068 et

2136 1843 2436 1897 monendos
2464 1855 2560 1895 vos
2587 1839 2868 1895 addendus
2889 1849 2973 1895 est
2999 1841 3164 1896 etiam
3201 1856 3382 1896 sermo
3407 1857 3472 1896 ex
3501 1841 3734 1896 lectione

2134 1931 2390 2002 praesenti
2440 1946 2605 2000 quam
2648 1930 2899 1995 audistis,
2957 1931 3157 2001 factum
3203 1941 3300 1997 est,
3361 1931 3561 2001 inquit,
3609 1948 3732 1984 cum

2136 2021 2322 2094 Apollo
2343 2032 2472 2078 esset
2497 2019 2734 2077 Corinthi
2762 2032 2810 2078 et
2863 2020 3068 2077 Paulus
3108 2023 3403 2095 peragratis
3443 2024 3735 2093 superiori~

2139 2118 2233 2174 bus
2273 2119 2510 2189 partibus
2560 2119 2752 2172 veniret
2798 2117 3063 2188 Ephesum
3093 2128 3141 2172 et
3190 2118 3439 2172 inveniret
3470 2117 3733 2188 quosdam

2137 2207 2444 2278 discipulos,
2469 2208 2602 2262 dixit
2636 2208 2705 2262 ad
2735 2225 2822 2263 eos
2852 2209 2898 2264 si
2948 2209 3205 2279 Spiritum
3242 2218 3482 2262 sanclunt
3523 2210 3734 2278 accepi-

2136 2301 2230 2354 stis
2257 2298 2540 2364 credentes,
2573 2299 2676 2353 hoc
2705 2307 2806 2362 est,
2833 2297 2878 2353 si
2905 2306 3026 2368 post
3053 2297 3319 2366 baptisma
3344 2312 3537 2351 manus
3560 2297 3736 2367 impo—.

2137 2397 2392 2453 sitionem
2441 2411 2605 2466 quam
2659 2393 2896 2465 Spiritus
2947 2404 3167 2450 sanctus
3209 2393 3340 2449 dare
3389 2392 3529 2447 solet
3575 2408 3738 2447 acce-

2138 2487 2314 2558 pistis.

2209 2580 2278 2634 At
2309 2579 2389 2633 illi
2433 2579 2681 2636 dixerunt
2723 2578 2794 2632 ad
2839 2595 2956 2633 eum
2983 2594 3001 2633 :
3028 2575 3131 2633 Sed
3189 2595 3352 2649 neque
3402 2578 3448 2632 si
3500 2575 3734 2648 Spiritus

2138 2680 2351 2726 sanctus
2377 2679 2471 2733 est,
2517 2669 2834 2724 audiuimus.
2867 2667 2968 2722 Ille
2997 2685 3119 2723 vero
3163 2669 3278 2722 ait:
3316 2666 3386 2723 In
3429 2684 3532 2737 quo
3563 2668 3736 2738 bapti-

2139 2765 2246 2819 zati
2286 2763 2457 2819 estis?
2507 2761 2612 2828 Qui
2656 2763 2945 2815 dixerunt:
3006 2759 3074 2814 In
3119 2761 3346 2816 Joannis
3400 2760 3734 2831 baptismate.

2141 2854 2289 2909 Dixit
2331 2863 2508 2908 autent
2564 2850 2806 2907 Paulus:
2855 2851 3090 2906 Joannes
3135 2852 3416 2924 baptizavit
3473 2853 3735 2922 baptismo

2138 2943 2454 3014 pwnitentire
2503 2941 2778 3012 populum,
2824 2940 3002 2995 dicens
3028 2956 3047 2993 :
3095 2939 3164 2995 In
3201 2958 3320 2996 eum
3367 2943 3455 3012 qui
3484 2953 3736 2996 venturus

2141 3045 2273 3091 esset
2298 3043 2413 3106 post
2439 3035 2612 3107 ipsum
2640 3044 2698 3089 ut
2726 3035 3015 3100 crederent,
3045 3035 3142 3089 hoc
3177 3045 3251 3090 est
3292 3035 3346 3089 in
3375 3033 3580 3090 Iesum.
3617 3035 3737 3090 Non

445 3105 502 3157 in
533 3105 734 3174 abyssis
756 3121 775 3160 :
804 3105 920 3178 Ipse
947 3106 1164 3177 perfecit
1215 3116 1409 3161 terram
1450 3107 1507 3162 in
1546 3108 1860 3178 sempiterno
1907 3118 2035 3164 tent-

2143 3127 2245 3184 hoc
2269 3127 2538 3198 baptisma
2582 3126 2959 3182 remissionem
2998 3136 3347 3197 peccatorum
3374 3127 3505 3182 dare
3537 3127 3735 3197 potuit,

445 3212 588 3266 pore.
619 3195 758 3260 Quia
777 3213 872 3268 per
911 3197 1082 3268 ipsum
1108 3197 1290 3253 caelum
1320 3207 1368 3252 et
1409 3206 1549 3252 terra
1580 3198 1793 3252 condita
1817 3208 1939 3253 sunt
1970 3199 2035 3254 ab

434 3288 618 3342 initio.
644 3287 700 3342 In
745 3289 1013 3361 principio
1041 3289 1186 3344 enim
1214 3290 1318 3346 hoc
1341 3300 1426 3345 est
1471 3289 1524 3344 in
1553 3289 1709 3355 Filio,
1737 3289 1866 3345 fecit
1895 3290 2037 3347 Deus

449 3379 643 3433 coelum
668 3388 724 3434 et
773 3389 1001 3447 terram,
1045 3378 1099 3435 id
1147 3389 1233 3436 est
1283 3379 1560 3437 emlestem
1610 3388 1666 3435 et
1723 3389 2036 3439 terrestrem

447 3481 571 3522 erea
580 3477 594 3520 Ι
604 3485 633 3522 υ
644 3485 757 3523 ram
767 3508 781 3522 ο

517 3557 825 3629 Adimplevit
871 3571 1062 3618 terram
1099 3565 1403 3635 pecudibus,
1445 3567 1569 3637 quia
1615 3575 1672 3622 et
1711 3583 1780 3623 ex
1821 3575 2035 3623 terrena

447 3652 673 3706 materia
722 3653 933 3709 diversa
1003 3659 1220 3712 condita
1293 3667 1420 3712 sunt
1469 3657 1746 3714 animalia.
1804 3659 2038 3714 Possunt

445 3743 610 3797 etiam
633 3744 685 3798 in
709 3747 1003 3815 pecudibus
1029 3750 1256 3804 diversa:
1278 3764 1522 3820 persona:
1557 3753 1835 3807 hominum
1881 3753 2038 3808 intel-

445 3833 559 3904 ligi,
605 3838 803 3904 quibus
831 3848 1022 3894 auctor
1049 3842 1288 3896 omnium
1320 3859 1500 3898 rerum
1543 3846 1840 3900 secundum
1879 3861 2035 3899 suum

445 3927 619 3982 utitur
663 3928 973 3994 arbitrium,
1023 3941 1186 4000 atque
1229 3933 1298 3987 ad
1343 3935 1519 4002 ipsum
1568 3936 1821 3991 universa
1867 3937 2038 4007 respi-

447 4017 619 4080 ciunt,
653 4025 714 4070 ut
746 4017 842 4072 fiat
866 4019 919 4072 in
948 4019 1028 4073 eis
1057 4020 1319 4089 quidquid
1364 4023 1455 4076 ille
1482 4024 1803 4090 decreverit,
1827 4026 1953 4095 quia
1980 4026 2036 4082 in

449 4109 617 4178 ipsius
644 4119 911 4178 potestate
950 4113 1258 4166 consistunt
1279 4113 1476 4169 caelum
1512 4123 1568 4170 et
1610 4123 1779 4180 terra,
1807 4132 1956 4172 mare
1983 4125 2039 4172 et

448 4201 629 4256 omnia
671 4218 790 4272 quae
832 4204 886 4258 in
925 4204 1007 4259 eis
1033 4213 1179 4270 sunt,
1209 4221 1308 4263 nec
1355 4207 1462 4261 ulla
1503 4216 1755 4264 creatura
1785 4211 2038 4265 resistere

451 4295 651 4364 poterit
679 4296 940 4350 voluntati
963 4297 1100 4365 ejus.

521 4385 702 4442 Stellte
729 4399 926 4453 autem,
966 4389 1071 4444 hoc
1099 4398 1184 4445 est
1225 4389 1606 4460 praedicatores
1636 4390 1835 4454 sancti,
1885 4389 2038 4444 dede-

449 4487 569 4530 runt
599 4477 775 4533 lumen
827 4495 974 4536 SﬂlltB
1017 4482 1354 4538 doctrinmin
1400 4483 1578 4552 ofﬁciis
1630 4482 1761 4547 suis,
1809 4491 1865 4538 et
1914 4499 2038 4537 eum

449 4570 644 4641 gaudio
686 4588 880 4644 magno
922 4576 1120 4630 laetitiae
1164 4575 1426 4646 spiritalis
1471 4575 1767 4646 implebant
1804 4576 2038 4630 ollicium

451 4661 873 4732 praedicationis,
913 4671 968 4718 et
1007 4665 1110 4719 hoc
1137 4666 1339 4720 donum
1382 4666 1527 4734 quod
1570 4675 1899 4736 acceperunt
1929 4682 2038 4721 non

447 4751 552 4807 sibi
585 4753 680 4807 sed
709 4753 905 4810 divina:
927 4754 1262 4823 deputabant
1282 4755 1545 4827 largitati.

524 4861 626 4915 Hic
653 4863 788 4916 enint
819 4863 956 4917 Deus
981 4874 1054 4917 est
1083 4875 1257 4920 noster
1281 4876 1330 4920 et
1356 4883 1460 4920 non
1504 4868 1854 4922 restimabitur
1893 4867 2033 4921 alius

449 4952 519 5012 ad
549 4951 717 5012 illum.
758 4953 1022 5021 Quoniam
1056 4957 1126 5010 dii
1164 4960 1402 5026 gentium
1430 4967 1558 5014 sunt
1597 4960 1883 5017 daemonia.
1935 4961 2035 5016 Do—

452 5045 632 5104 minus
659 5054 837 5100 autem
869 5047 1035 5102 cmlos
1059 5048 1204 5103 fecit.

525 5133 628 5188 IIic
658 5138 921 5190 adinvenit
973 5155 1177 5192 omnem
1226 5140 1361 5193 viam
1401 5139 1715 5211 disciplima.
1763 5141 1877 5196 Hoc
1925 5150 2031 5208 est,

452 5236 718 5306 praecepta
748 5229 880 5299 legis
905 5229 1118 5285 divinat.

527 5317 590 5371 Et
621 5317 762 5372 dedit
787 5318 936 5372 illam
987 5319 1150 5374 Jucob
1179 5338 1341 5391 puero
1383 5338 1502 5388 suo,
1553 5333 1601 5377 et
1653 5323 1824 5378 Israel
1869 5323 2030 5379 electo

451 5424 568 5461 suo.
629 5407 741 5462 lloc
784 5417 886 5472 est,
933 5409 1128 5478 populo
1183 5411 1373 5480 priori,
1408 5413 1735 5481 patriarchis
1781 5412 2034 5467 videlicet

452 5506 615 5565 atque
641 5497 934 5568 prophetis,
969 5515 1069 5553 nec
1094 5515 1202 5553 non
1223 5508 1280 5554 et
1317 5501 1568 5557 omnibus
1595 5502 1689 5572 qui
1734 5501 1898 5557 ﬁdem
1939 5517 2031 5558 re-

449 5598 593 5642 ctam
625 5590 894 5645 habebant
933 5599 988 5646 et
1025 5592 1073 5646 ei
1122 5593 1314 5649 devote
1359 5595 1690 5650 serviebant.
1752 5595 1883 5650 Post
1916 5597 2033 5652 htec

453 5693 586 5735 vero
613 5691 852 5758 tempore
890 5685 1278 5748 incarnationis
1308 5703 1418 5743 sua:
1455 5703 1616 5762 super
1661 5697 1860 5744 terram
1887 5689 2033 5747 visus

2139 3220 2233 3277 sed
2263 3220 2639 3292 paenitentiam
2671 3227 2880 3276 tantum
2918 3221 3133 3285 docere,
3168 3235 3293 3274 nam
3325 3219 3467 3274 sicut
3491 3220 3734 3275 circum-

2135 3310 2271 3366 cisio
2296 3311 2349 3365 in
2371 3311 2694 3380 patriarchis
2723 3310 3057 3382 signaculum
3082 3319 3201 3365 erat
3231 3310 3354 3365 fidei
3384 3326 3547 3380 quam
3572 3326 3735 3381 gere-

2135 3404 2288 3469 bant,
2318 3403 2392 3458 ita
2414 3412 2470 3458 et
2514 3404 2619 3460 hoc
2663 3403 2941 3458 lavacrum
2981 3403 3213 3472 populus
3263 3403 3532 3473 pmuitens
3576 3405 3737 3472 quasi

2135 3493 2410 3564 singulare
2440 3493 2776 3565 signaculum
2819 3508 2930 3548 sua:
2956 3491 3262 3548 devotionis
3296 3494 3526 3564 accepit.
3577 3493 3734 3562 Quod

2137 3591 2317 3638 tanien
2350 3584 2523 3653 ipsum
2552 3584 2718 3638 etiam
2753 3582 3048 3654 ﬁguraliter
3082 3584 3284 3642 Christi
3325 3586 3598 3656 baptisma
3623 3601 3737 3656 quo

2137 3675 2388 3732 remissio
2413 3676 2636 3731 daretur
2663 3678 2997 3732 ostenderat.

2209 3766 2308 3822 IIis
2353 3768 2550 3823 auditis
2599 3769 2850 3840 baptizati
2873 3781 2994 3825 sunt
3019 3772 3076 3825 in
3102 3772 3310 3826 nomine
3341 3771 3556 3826 Domini
3578 3773 3732 3828 Jesu.

2139 3856 2196 3912 Si
2221 3856 2364 3911 enim
2391 3856 2589 3912 talibus
2629 3857 2742 3912 sola
2787 3861 3208 3916 communicatio
3237 3861 3483 3931 corporis
3529 3873 3584 3916 et
3616 3881 3737 3918 san-

2136 3951 2313 4022 guinis
2336 3951 2552 4014 Christi,
2589 3960 2649 4007 ut
2685 3953 2904 4023 quidam
2951 3956 3318 4026 dogmatizant
3361 3959 3611 4014 sullieene
3641 3975 3737 4029 po.

2139 4045 2351 4108 tuisset,
2383 4060 2490 4100 non
2515 4060 2651 4115 opus
2681 4057 2827 4102 esset
2852 4063 2882 4101 a
2915 4048 3191 4120 discipulis
3216 4049 3419 4106 Christi
3462 4052 3732 4122 baptizari

2137 4148 2273 4202 quos
2298 4131 2534 4189 Joannes
2557 4151 2692 4205 aqua
2725 4137 3112 4206 baptizaverat,
3158 4141 3252 4194 sed
3299 4148 3508 4196 tantum
3541 4157 3736 4212 corpo-

2138 4225 2214 4278 ris
2259 4233 2314 4278 et
2364 4226 2644 4294 sanguinis
2683 4226 2886 4282 Christi
2929 4229 3341 4300 participatione
3394 4231 3730 4286 confirmari.

2137 4314 2444 4386 Daptismus
2478 4319 2624 4372 enim
2671 4334 2702 4372 a
2752 4335 2912 4389 pmna
2963 4328 3160 4375 aeterna
3214 4337 3321 4377 non
3370 4337 3401 4376 a
3447 4325 3734 4392 prtesentis

2068 4438 2118 4498 Β
2141 4411 2267 4466 vita:
2300 4411 2561 4481 supplicio
2593 4411 2808 4466 liberat.
2836 4412 2989 4479 Quod
3019 4413 3062 4467 si
3093 4428 3122 4466 a
3150 4429 3307 4484 paena
3351 4415 3609 4486 praesenti
3635 4417 3731 4470 bo-

2142 4505 2320 4561 mines
2350 4505 2709 4562 liberarentur
2749 4523 2848 4577 per
2877 4507 3228 4577 baptismum,
3260 4509 3433 4577 ipsum
3474 4518 3731 4578 putarent

2140 4595 2392 4666 baptismi
2439 4597 2740 4666 praemium,
2793 4612 2900 4650 non
2956 4596 3084 4650 illud
3147 4606 3430 4653 aeternum.
3474 4597 3729 4654 Attamen

2140 4685 2316 4739 soluto
2353 4693 2507 4740 reatu
2551 4686 2760 4756 peccati
2787 4695 2972 4740 manet
3001 4687 3246 4756 quaedam
3276 4688 3590 4758 temporalis
3618 4703 3733 4758 pm-

2141 4793 2210 4831 na
2231 4785 2290 4831 ut
2327 4777 2414 4832 illa
2445 4776 2552 4832 vita
2589 4777 2886 4834 ferventius
2931 4779 3243 4849 requiratur
3269 4796 3391 4850 qua:
3415 4781 3522 4836 erit
3548 4797 3582 4836 a
3616 4794 3734 4851 pm-

2142 4867 2228 4921 nis
2273 4867 2524 4922 omnibus
2574 4868 2769 4923 aliena.
2835 4867 3023 4925 Nullus
3061 4879 3220 4943 negat
3277 4871 3519 4926 fidelium
3563 4873 3732 4928 etiam

2140 4966 2262 5027 post
2320 4957 2646 5027 baptismum
2714 4974 2821 5027 quo
2883 4967 3103 5029 peccata
3181 4960 3431 5016 delentur
3489 4963 3734 5032 quotidie

2139 5049 2378 5119 quandiu
2428 5049 2482 5104 in
2527 5050 2631 5105 isto
2679 5051 2877 5105 saeculo
2923 5066 3150 5117 sumus,
3202 5052 3267 5106 ad
3314 5053 3604 5108 Dominum
3633 5069 3734 5110 nos

2139 5139 2338 5196 debere
2364 5141 2630 5207 converti,
2674 5141 2817 5211 quod
2865 5143 3113 5211 quamvis
3161 5143 3277 5198 sine
3325 5145 3735 5203 intermissione

2139 5232 2212 5287 sit
2238 5233 2480 5304 quotidie
2507 5234 2796 5303 agendum,
2827 5250 3106 5305 nunquam
3138 5244 3319 5292 tamen
3350 5236 3543 5293 fecisse
3581 5239 3731 5294 suﬂi-

2133 5325 2260 5381 ciet.
2293 5324 2395 5392 Qui
2438 5336 2620 5381 autem
2656 5325 2710 5381 in
2747 5326 3006 5382 maternis
3046 5327 3218 5382 uteris
3259 5337 3408 5394 sunt,
3449 5329 3574 5384 ideo
3601 5346 3732 5386 eum

2136 5424 2311 5471 matre
2355 5416 2621 5486 baptizari
2660 5433 2766 5473 non
2797 5423 3043 5488 possunt,
3079 5419 3205 5488 quia
3235 5419 3326 5488 qui
3361 5428 3524 5475 natus
3552 5423 3734 5489 adhuc

2135 5506 2433 5562 secundum
2471 5507 2645 5562 Adam
2677 5524 2784 5563 non
2827 5516 2934 5573 est,
2978 5509 3190 5564 renasci
3239 5509 3542 5566 secundum
3571 5510 3733 5568 Chri-

2137 5606 2280 5651 stum
2309 5612 2419 5652 non
2469 5605 2666 5666 potest.
2709 5596 2894 5668 Neque
2943 5598 3088 5654 enim
3123 5599 3228 5654 dici
3283 5600 3630 5670 regeneratio
3677 5601 3734 5657 in

2136 5705 2258 5746 eum
2303 5689 2502 5762 poterit
2531 5705 2690 5762 quem
2719 5691 2995 5763 generatio
3021 5707 3127 5747 non
3151 5693 3446 5763 prtecessit.
3476 5693 3582 5762 Qui
3609 5708 3731 5752 sce-
