3962 6180
1340 258 1646 317 nouum
1686 258 1753 315 IN
1791 256 2042 316 EVANG.
2083 260 2173 318 nr
2208 241 2427 320 EPIST.

229 373 414 431 les-ate
435 371 632 428 vivunt
657 371 717 427 in
745 371 992 427 Ecclesia
1011 379 1068 426 et
1095 372 1503 428 communicare
1545 389 1653 428 non
1682 373 1826 430 desi-
1851 375 1901 436 Α
1929 389 2060 433 num
2084 389 2320 446 namque
2346 376 2669 436 salvatorem
2693 386 2750 436 et
2769 377 3018 436 inﬁdeles
3043 387 3171 436 ante
3201 381 3510 451 passionem

229 471 394 528 nunt,
421 471 681 533 putantes
703 477 764 517 se
803 461 898 516 tali
933 462 1419 518 communicatione
1446 463 1715 526 nmndari,
1743 463 1826 518 div

227 565 364 611 cant
393 554 528 610 nihil
557 554 629 609 ad
673 555 1111 610 emundationem
1156 554 1420 623 proﬁcere
1465 555 1566 610 sibi
1615 556 1829 610 dicente

229 646 532 716 Propheta,
569 644 699 716 quid
728 651 803 699 est
833 645 971 714 quod
1001 644 1222 698 dilectus
1245 661 1392 699 meus
1437 647 1493 699 in
1531 645 1686 699 domo
1712 661 1828 699 mea

232 741 358 810 fecit
377 738 576 795 scelera
599 737 808 792 multa?
836 735 1092 807 Nunquid
1136 755 1320 792 carnes
1361 750 1560 794 sancta:
1587 739 1826 808 auferent

230 847 264 882 α
294 838 349 883 te
375 827 612 882 malitias
657 837 776 881 tuas
800 827 826 880 ?
849 836 906 881 et
927 825 1257 898 Apostolus:
1304 829 1504 898 probet,
1543 829 1737 897 inquit.
1774 846 1828 884 se

230 922 392 976 homo
413 931 465 973 et
498 921 574 973 sic
605 919 670 972 de
696 935 830 990 parte
865 917 956 971 illo
985 917 1105 971 edat
1133 928 1180 971 et
1211 918 1276 972 de
1311 918 1472 974 calice
1516 920 1677 972 bibat.
1720 917 1829 974 Nos

232 1027 389 1075 vero,
411 1009 772 1072 dilectissimi,
794 1009 905 1064 Deo
927 1008 1221 1062 auxiliante
1244 1007 1597 1077 dedignemur
1621 1007 1829 1063 servire

231 1108 481 1170 peccato,
505 1099 706 1170 quibus
731 1107 880 1153 tanta
905 1097 1184 1154 beatitudo
1211 1106 1548 1166 praeparatur
1581 1113 1635 1152 in
1663 1098 1823 1152 caelo.

234 1193 378 1246 Dum
425 1205 561 1260 ergo
605 1189 734 1244 licet
779 1189 935 1244 nobis
976 1197 1031 1243 et
1077 1189 1131 1242 in
1173 1198 1358 1244 nostra
1407 1199 1676 1258 potestate
1721 1197 1826 1254 est,

234 1283 372 1338 falsa
403 1293 461 1337 et
491 1282 800 1338 transitoria
832 1297 1150 1352 mquamus
1180 1291 1238 1335 ut
1268 1296 1331 1336 ea
1367 1297 1488 1351 qua:
1521 1295 1648 1335 vera
1688 1281 1827 1335 bona

233 1383 364 1430 sum
392 1373 723 1444 recipiamus
745 1386 776 1426 a
807 1372 1052 1435 Domino,
1081 1385 1408 1427 evacucmur
1431 1372 1597 1436 vitiis,
1628 1380 1684 1426 et
1707 1372 1823 1426 vir-

235 1464 446 1521 tatibus
500 1463 826 1533 repleamur,
877 1461 1138 1531 largiente
1187 1461 1417 1516 Domino
1463 1471 1656 1516 nostro
1696 1459 1824 1516 Jesu

233 1555 460 1612 Christo
484 1554 578 1624 qui
602 1554 738 1608 vivit
763 1568 888 1610 cum
913 1552 1072 1608 Patre
1099 1561 1156 1606 et
1179 1551 1382 1621 Spiritu
1412 1559 1620 1616 saneto,
1662 1559 1718 1605 et
1736 1565 1826 1605 re-

234 1657 369 1722 gnat
423 1663 570 1704 unus
618 1647 762 1702 Deus
814 1660 914 1716 per
964 1644 1145 1700 omnia
1216 1643 1411 1699 saecula
1482 1643 1824 1700 smeulorum.

235 1743 434 1798 Amen.

811 1832 1094 1890 HOMILIA
1127 1832 1263 1888 LVI.

782 1941 840 1982 IN
885 1940 1060 1982 EODEI
1111 1941 1300 1983 FESTO.

329 2019 520 2076 Lectio
556 2017 732 2075 sancti
785 2017 1064 2088 Evangelii
1115 2017 1408 2072 secundum
1447 2014 1732 2078 Joannem.

310 2130 369 2188 Si
397 2132 622 2204 diligitis
667 2149 767 2197 me,
812 2131 1064 2186 mandata
1095 2147 1211 2184 mea
1254 2141 1475 2184 servate.
1513 2131 1581 2184 Et
1624 2148 1716 2201 ego
1748 2147 1832 2186 ro-

240 2223 372 2295 gabo
403 2222 623 2278 Patrem
647 2233 695 2277 et
728 2222 893 2277 alium
915 2222 1236 2292 paracletum
1266 2221 1408 2276 dabit
1436 2223 1598 2288 vobis,
1625 2233 1730 2278 etc.

310 2313 450 2382 Quid
494 2321 598 2379 est,
644 2313 786 2383 quod
834 2313 963 2367 dicit
1007 2313 1148 2382 quod
1188 2313 1535 2384 diligentibus
1580 2317 1747 2369 Deum
1778 2324 1833 2370 et

240 2405 590 2461 servantibus
633 2404 886 2458 mandata
914 2403 1030 2472 ejus
1071 2403 1308 2474 Spiritus
1347 2406 1650 2477 paracletus
1676 2406 1834 2460 dare-

244 2497 372 2552 tur?
411 2497 545 2552 dum
572 2497 716 2552 Deus
751 2495 896 2567 diligi
939 2505 994 2551 et
1035 2499 1291 2552 mandata
1339 2497 1456 2566 ejus
1485 2499 1691 2553 servari
1724 2515 1830 2553 non

240 2590 454 2660 possint
492 2587 598 2644 nisi
626 2603 725 2658 per
761 2587 1022 2658 Spiritum
1059 2599 1326 2643 sanctum.
1378 2589 1516 2656 Quid
1565 2598 1650 2644 est
1685 2589 1832 2644 aliud

241 2680 344 2734 nisi
366 2677 513 2748 quod
559 2677 648 2746 qui
687 2692 785 2746 per
837 2676 1099 2748 Spiritum
1151 2686 1395 2733 sanctum
1446 2679 1620 2750 diligit
1663 2679 1831 2734 Deum

242 2773 488 2820 meretur
517 2761 788 2834 diligendo
811 2771 872 2817 ut
913 2763 1033 2834 plus
1073 2762 1288 2830 habeat,
1331 2773 1388 2819 et
1429 2763 1546 2835 plus
1588 2766 1836 2821 habendo

241 2857 365 2928 plus
404 2856 616 2927 diligat.
653 2853 966 2911 l’araclctus
999 2856 1196 2926 quippe
1223 2855 1530 2911 consolator
1563 2857 1834 2927 interpre-

245 2957 415 3016 tatur,
444 2957 500 3004 et
525 2947 763 3018 Spiritus
787 2955 1007 3002 sanctus
1039 2955 1187 3002 recte
1226 2947 1534 3017 paracletus
1563 2956 1791 3003 vocatur
1815 2967 1828 3004 :

242 3042 370 3114 quia
397 3041 567 3096 corda
589 3039 828 3094 ﬁdelium
872 3053 942 3094 ne
987 3039 1128 3093 inter
1171 3036 1332 3107 hujus
1375 3039 1556 3095 szeculi
1603 3039 1831 3095 adversa
1862 3072 1908 3135 Ο

245 3134 502 3191 deficiant
528 3131 765 3188 celestis
791 3132 915 3186 vitae
943 3130 1229 3187 desideriis
1259 3131 1506 3187 sublevat
1531 3147 1596 3187 ac
1637 3131 1831 3186 reﬁcit.

245 3223 532 3280 Habebunt
581 3223 763 3293 itaque
809 3221 1056 3291 discipuli
1101 3220 1362 3292 Spiritum
1410 3231 1691 3288 sanctum,
1741 3223 1836 3277 sed

245 3315 456 3371 occulta
477 3314 716 3386 quadam
741 3311 1096 3383 inspiratione
1119 3328 1219 3384 per
1247 3328 1406 3382 quem
1427 3312 1714 3368 Dominum
1755 3309 1838 3368 di-

247 3405 506 3478 ligebant,
537 3403 632 3459 sed
663 3402 898 3458 nondum
939 3403 1212 3458 habebant
1249 3403 1390 3458 sicut
1428 3404 1685 3459 Dominus
1717 3417 1838 3474 pro-

251 3499 496 3555 mittebat
522 3514 535 3552 :
579 3495 850 3551 habebant
881 3495 927 3550 si
957 3495 1172 3566 quidem
1201 3495 1431 3560 occulte,
1467 3510 1625 3566 quem
1648 3501 1833 3564 postea

250 3591 478 3660 quadam
510 3586 952 3643 maniiestatione
979 3586 1218 3643 habituri
1259 3593 1453 3642 erant:
1485 3587 1541 3642 id
1577 3596 1676 3651 est,
1707 3588 1836 3642 dum

249 3681 419 3753 igneis
444 3679 646 3751 linguis
665 3679 811 3736 venit
846 3688 900 3733 ct
935 3679 1072 3734 sedit
1103 3693 1266 3749 super
1303 3694 1418 3744 eos,
1460 3687 1515 3736 et
1538 3679 1736 3750 linguis
1757 3680 1836 3734 lo-

249 3773 560 3842 quebantur
608 3770 1019 3840 tuagniﬁeantes
1076 3768 1267 3824 Deum.
1324 3768 1578 3841 Rogabo,
1623 3771 1832 3842 inquit,

250 3860 465 3917 Patrem
486 3854 660 3915 meum
684 3871 731 3915 et
754 3860 916 3915 alium
941 3857 1264 3931 paracletum
1289 3860 1434 3926 dabit
1475 3860 1632 3927 vobis,
1655 3869 1838 3917 osten-

253 3955 386 4010 dens
418 3955 661 4024 seipsum
699 3968 820 4008 esse
867 3954 1219 4024 paraeletum.
1272 3951 1554 4009 Habebunt
1578 3961 1757 4009 autem
1781 3965 1836 4010 et

249 4049 398 4118 prius
425 4046 758 4118 paracletum
789 4047 964 4117 ipsum
995 4032 1244 4102 videlicet
1264 4047 1546 4102 Dominum
1571 4063 1754 4103 secum
1782 4048 1834 4103 in

250 4155 415 4196 carne
444 4148 873 4194 commorantem
909 4151 924 4192 :
970 4153 1092 4194 cum
1144 4147 1197 4193 et
1244 4138 1623 4194 miraculorum
1654 4138 1837 4194 dulce-

252 4231 398 4295 dine,
442 4239 501 4284 ct
528 4243 690 4299 opere
728 4227 1150 4300 prmdicationis,
1188 4245 1254 4284 ne
1279 4238 1501 4299 propter
1541 4228 1834 4283 inﬁdelium

254 4320 684 4391 persecutionem
709 4319 1063 4375 scandalizari
1091 4327 1328 4390 possent,
1375 4319 1508 4389 erigi
1533 4328 1587 4375 et
1628 4319 1839 4374 confor-

1925 463 1982 519 in
2040 478 2207 521 carne
2252 465 2542 522 viderunt:
2573 467 2671 523 sed
2695 469 2822 537 quia
2847 469 3017 525 Filius
3040 470 3135 526 Dei
3179 481 3346 539 esset,
3381 473 3510 544 quia

1925 554 2218 624 paraclitus
2241 571 2273 610 a
2301 557 2411 611 Deo
2437 558 2634 614 missus
2657 560 2710 614 in
2731 561 3012 626 mundum,
3047 577 3154 616 non
3181 564 3284 618 nisi
3324 564 3511 622 ﬁdeles

1925 645 2068 700 scire
2093 655 2404 716 potuerunt.
2463 646 2729 716 Spiritum
2779 659 2960 706 autem
3021 662 3272 707 sanctum
3333 670 3511 724 neque

1926 740 2098 796 oculis
2140 742 2324 796 videre
2370 741 2635 810 inﬁdeles,
2686 760 2862 815 neque
2909 748 3094 803 animo
3124 748 3375 805 valebant
3419 767 3511 806 co-

1927 845 2216 900 gnoscere;
2262 833 2387 901 quia
2440 849 2546 888 non
2581 835 2799 890 indutus
2854 837 3188 894 humanitate
3232 840 3512 910 discipulis

1926 921 2196 989 apparuit,
2241 923 2336 975 sed
2367 923 2440 976 ita
2466 923 2534 976 ad
2575 940 2669 979 eos
2697 925 2903 991 venire,
2925 926 3001 980 ita
3035 929 3173 996 apud
3199 944 3292 984 eos
3320 931 3510 986 maluit

1925 1027 2166 1076 manere,
2197 1021 2256 1067 ut
2281 1013 2334 1067 in
2365 1014 2496 1084 ipsis
2520 1030 2708 1069 eorum
2735 1017 2988 1072 cordibus
3007 1020 3373 1088 gratissimam
3403 1023 3508 1077 sibi

1927 1103 2109 1158 sedem
2137 1116 2504 1159 consecraret.
2545 1106 2658 1160 Hoc
2685 1117 2789 1172 est,
2821 1109 2961 1178 quod
2987 1110 3082 1175 ait,
3106 1127 3196 1165 vos
3217 1122 3390 1166 autem
3419 1131 3509 1168 eo-

1926 1197 2178 1262 gnoscetis
2203 1212 2343 1259 eum,
2369 1197 2459 1266 qui
2489 1198 2742 1266 apudvos
2783 1200 3012 1253 manebit
3037 1211 3086 1254 et
3129 1202 3188 1255 in
3223 1203 3363 1256 vobis
3387 1205 3508 1257 erit.

1926 1287 2028 1352 Qui
2059 1295 2238 1341 autem
2270 1287 2616 1342 invisibiliter
2657 1289 2710 1343 in
2752 1290 2855 1344 hac
2886 1290 2995 1345 vita
3025 1300 3210 1348 manet
3246 1309 3369 1348 cum
3405 1295 3515 1350 ele-

1927 1381 2050 1443 ctis,
2093 1379 2376 1435 visibiliter
2406 1381 2591 1450 utique
2639 1381 2720 1437 eis
2748 1383 2981 1453 gratiam
3027 1399 3138 1440 suae
3186 1385 3513 1458 cognitionis

1925 1472 2166 1527 exhibet.

1999 1563 2125 1617 Non
2171 1561 2462 1634 relinquam
2494 1581 2584 1619 vos
2610 1566 2870 1635 orphanos
2895 1582 2916 1619 :
2944 1566 3149 1620 veniam
3189 1567 3260 1620 ad
3285 1583 3392 1622 vos.
3421 1567 3513 1623 Vi-

1929 1654 2160 1710 debatur
2184 1654 2507 1720 inﬁdelibus,
2536 1657 2680 1726 quod
2707 1656 2946 1711 moriens
2973 1656 3029 1710 in
3057 1672 3219 1713 cruce
3253 1658 3514 1715 Dominus

1855 1718 1904 1778 B
1931 1747 2222 1818 discipulos
2263 1718 2596 1818 relinqueret
2637 1750 2944 1819 orphanos,
2993 1750 3088 1804 sed
3130 1765 3239 1804 non
3297 1751 3517 1821 reliquit

1927 1841 2202 1910 orphanos
2245 1841 2442 1910 quibus
2485 1849 2541 1895 et
2590 1841 2819 1910 praebuit
2853 1856 2913 1896 se
2957 1841 3132 1909 ipsum
3162 1841 3344 1896 vivum
3391 1850 3515 1911 post

1931 1932 2238 2001 passionem
2268 1945 2420 1985 suam
2444 1931 2497 1985 in
2529 1931 2714 1984 multis
2737 1931 3072 2000 argumentis
3098 1945 3196 2000 per
3233 1931 3349 1988 dies
3375 1947 3514 2000 qua-

1931 2021 2175 2091 draginta
2205 2029 2260 2076 et
2281 2029 2402 2091 post
2423 2021 2538 2076 dics
2560 2021 2746 2076 decem
2771 2021 3154 2091 assumptionis
3180 2036 3310 2076 suae.
3341 2021 3516 2091 Spiri-

1929 2121 2020 2168 tus
2041 2114 2214 2169 sancti
2243 2114 2348 2169 illis
2372 2115 2440 2170 de
2467 2113 2608 2170 caelo
2643 2114 2974 2169 charismata
3011 2113 3250 2178 donavit,
3295 2113 3383 2168 ubi
3433 2114 3514 2184 ip-

1933 2219 2054 2260 sum
2099 2204 2381 2260 Christum
2428 2205 2496 2259 ad
2528 2218 2624 2260 eos
2663 2204 2880 2259 venisse
2923 2205 3103 2260 nullus
3131 2205 3378 2274 ambigit,
3423 2203 3516 2272 qui

1932 2297 2346 2366 inseparabilem
2370 2305 2572 2352 sanctae
2615 2296 2897 2351 Trinitatis
2938 2305 3211 2362 naturam,
3237 2297 3434 2350 virtute
3461 2305 3519 2351 et

1929 2389 2244 2460 operatione
2285 2402 2405 2444 esse
2431 2388 2700 2459 cognovit.

2001 2481 2188 2534 Adhuc
2209 2480 2495 2544 modicum,
2518 2488 2566 2532 et
2591 2495 2672 2532 me
2691 2478 2806 2548 jam
2831 2477 3055 2532 mundus
3087 2493 3191 2532 non
3232 2478 3386 2539 videt,
3430 2493 3516 2532 vos

1933 2582 2107 2626 autem
2151 2569 2332 2625 videtis
2380 2587 2480 2623 me.
2529 2568 2794 2624 Modicum
2823 2577 2966 2634 erat,
2994 2583 3166 2639 usque
3195 2569 3260 2623 ad
3307 2579 3518 2638 tempus

1935 2661 2159 2731 expletas
2186 2660 2472 2730 passionis,
2503 2675 2572 2716 ex
2613 2673 2721 2730 quo
2763 2658 2914 2714 illum
2944 2660 3157 2729 reprobi
3194 2659 3379 2715 videre
3404 2673 3514 2714 non

1935 2751 2215 2818 valebant;
2273 2750 2371 2805 soli
2413 2750 2615 2805 etenim
2656 2748 2790 2818 justi
2834 2751 2927 2820 qui
2957 2759 3132 2805 morte
3174 2750 3318 2806 illius
3359 2759 3520 2807 erant

1937 2843 2266 2909 contristati,
2298 2842 2554 2914 gaudium
2597 2842 3014 2898 resurrectionis
3050 2842 3168 2915 ejus
3192 2843 3376 2899 videre
3405 2857 3520 2900 me-

1937 2942 2185 2988 ruerunt.

2010 3023 2148 3090 Quia
2169 3041 2262 3095 ego
2289 3025 2402 3080 vivo
2425 3033 2474 3079 et
2499 3041 2586 3079 vos
2608 3025 2779 3080 vivatis
2803 3038 2820 3076 :
2841 3023 2980 3091 Quid
3006 3033 3092 3081 est
3119 3067 3134 3093 ,
3155 3027 3278 3098 quia
3299 3044 3390 3099 ego
3408 3029 3523 3085 vivo

1936 3125 1987 3170 et
2007 3132 2094 3170 vos
2120 3115 2347 3170 vivatis?
2385 3113 2496 3170 Cur
2523 3115 2590 3171 de
2633 3117 2884 3184 praesenti
2923 3131 2982 3172 se
3011 3117 3148 3171 dixit
3173 3118 3371 3184 vivere,
3402 3117 3522 3174 illos

1937 3215 2119 3261 autem
2149 3206 2216 3261 de
2245 3203 2430 3260 futuro
2453 3219 2575 3261 esse
2601 3206 2840 3260 victuros
2873 3207 2975 3261 nisi
3001 3208 3114 3262 vita
3143 3207 3308 3262 etiam
3336 3207 3520 3263 carnis

1936 3299 2121 3369 utique
2144 3299 2478 3369 resurgentis
2510 3298 2687 3368 qualis
2717 3299 2770 3353 in
2810 3299 2928 3368 ipso
2948 3299 3302 3368 praecedebat,
3332 3308 3386 3354 et
3418 3299 3523 3355 illis

1935 3399 2020 3446 est
2067 3390 2337 3460 pollicitus
2385 3389 2682 3444 secutura?
2724 3398 2780 3444 et
2817 3389 2909 3458 qui
2956 3389 3126 3459 ipsius
3171 3403 3295 3444 mox
3339 3389 3521 3443 futura

1937 3490 2054 3537 erat
2085 3481 2443 3547 resurrectio;
2481 3480 2766 3550 praesentis
2792 3480 2972 3549 posuit
3000 3481 3260 3550 temporis
3294 3482 3520 3534 verbum

1935 3583 2159 3644 propter
2201 3571 2610 3644 signiﬁcandam
2675 3571 3033 3636 celeritatem,
3079 3571 3293 3626 illorum
3338 3579 3521 3626 autem

1935 3666 2191 3736 quoniam
2217 3665 2270 3719 in
2312 3662 2493 3719 saeculi
2536 3661 2782 3717 diﬂ'ertur
2828 3661 3012 3726 ﬁnem,
3051 3675 3156 3715 non
3211 3660 3288 3714 ait
3307 3659 3518 3738 vivitis,

1937 3757 2034 3812 sed
2063 3755 2272 3809 vivetis.
2307 3754 2447 3808 Duas
2489 3767 2618 3823 ergo
2647 3751 3096 3818 resurrectiones,
3124 3765 3278 3806 suam
3310 3750 3520 3806 scilicet

1937 3862 2059 3902 mox
2095 3844 2351 3908 futuram,
2377 3851 2432 3898 et
2455 3849 2695 3897 nostram
2719 3842 2780 3895 in
2805 3837 2912 3895 ﬁne
2955 3839 3138 3896 saeculi
3183 3847 3514 3908 secuturam,

1937 3941 2144 3997 duobus
2169 3939 2343 3994 verbis
2370 3936 2651 4008 praesentis
2675 3935 2933 4006 temporis
2955 3943 3010 3992 et
3048 3934 3219 3992 futuri
3243 3935 3519 4007 eleganter

1927 4034 2276 4103 breviterque
2307 4031 2573 4102 promisit.

1926 4145 1928 4150 τ
2007 4127 2073 4181 In
2102 4125 2196 4181 illa
2225 4127 2342 4192 die,
2384 4125 2588 4195 inquit,
2630 4142 2720 4180 vos
2763 4127 3081 4196 cognoscetis
3115 4126 3239 4198 quia
3273 4141 3366 4196 ego
3400 4143 3517 4180 sum

1936 4219 1992 4273 in
2029 4217 2192 4272 Patre
2227 4234 2376 4283 meo,
2417 4228 2465 4270 et
2504 4233 2589 4271 vos
2626 4217 2680 4270 in
2714 4235 2824 4284 me,
2861 4227 2909 4272 et
2934 4233 3026 4287 ego
3051 4218 3103 4272 in
3134 4217 3293 4272 vobis.
3323 4218 3378 4271 ln
3408 4233 3515 4288 quo

1937 4311 2054 4376 die,
2081 4310 2184 4365 nisi
2206 4352 2220 4376 ,
2252 4310 2318 4366 de
2348 4325 2455 4380 quo
2481 4309 2558 4364 ait
2584 4327 2597 4364 :
2627 4319 2676 4364 et
2702 4326 2788 4364 vos
2829 4309 3004 4364 vivetis
3027 4311 3054 4363 Ρ
3087 4309 3357 4364 Noverunt
3385 4325 3514 4380 apo-

256 4413 353 4465 tari
393 4409 684 4466 solebant:
718 4407 950 4479 Rogabo,
995 4409 1149 4475 dixit,
1178 4417 1398 4480 propter
1423 4410 1915 4481 humanitatem,])
1943 4402 2064 4458 stoli
2113 4411 2242 4458 tunc
2298 4417 2421 4459 csse
2461 4403 2734 4458 Christum
2781 4401 2834 4456 in
2881 4401 3039 4454 Patre
3103 4417 3202 4471 per
3249 4402 3513 4459 unitatem

254 4501 340 4571 qui
370 4501 467 4554 dat
492 4515 617 4555 cum
653 4499 814 4554 Patre
845 4513 941 4568 per
982 4497 1341 4564 divinitatem,
1389 4509 1447 4552 ut
1489 4511 1696 4572 maneat
1744 4519 1836 4556 vo—

253 4582 451 4645 biscum
479 4591 537 4643 in
573 4597 844 4643 retentum.
875 4587 930 4644 In
956 4598 1216 4643 aeternum
1245 4603 1478 4659 namque
1504 4599 1684 4646 manet
1711 4609 1835 4648 cum

253 4679 478 4746 sanctis,
512 4693 647 4750 quos
676 4687 732 4734 et
762 4678 815 4733 in
853 4679 958 4733 hac
982 4679 1092 4733 vita
1139 4693 1352 4750 semper
1381 4680 1729 4737 invisibiliter
1755 4683 1836 4736 in-

255 4783 337 4829 tus
365 4771 684 4836 illustrabit,
727 4777 784 4825 et
811 4769 866 4824 in
907 4768 1090 4825 futuro
1118 4771 1184 4824 ad
1213 4772 1684 4841 eontemplandam
1714 4787 1834 4843 per-

256 4873 414 4934 petuo
436 4876 591 4934 spem
619 4876 730 4917 sua:
756 4861 1059 4932 majestatis
1081 4861 1411 4917 introducct.

319 4952 581 5024 Spiritum
601 4951 856 5016 veritatis,
869 4965 1020 5022 quem
1040 4950 1268 5004 mundus
1289 4967 1392 5004 non
1405 4958 1568 5021 potest
1584 4951 1835 5020 accipere,

262 5046 373 5113 quia
411 5059 516 5097 non
554 5039 680 5096 vidit
707 5057 826 5096 eam
851 5056 942 5094 nec
964 5041 1058 5095 scit
1083 5056 1220 5095 eum.
1255 5040 1508 5095 Mundum
1534 5047 1714 5094 autem
1744 5056 1838 5110 ap-

257 5137 417 5206 pellat
458 5135 709 5191 homines
743 5130 930 5188 mundi
977 5129 1136 5201 hujus
1186 5131 1359 5188 amori
1391 5133 1563 5187 datos.
1612 5130 1839 5187 Mundus

257 5242 381 5298 ergo
407 5241 531 5282 eum
557 5224 805 5295 accipere
823 5238 932 5278 non
960 5231 1157 5294 potest,
1199 5223 1254 5278 id
1282 5229 1388 5288 est,
1423 5221 1722 5278 mundiales
1744 5223 1840 5278 ho-

258 5317 450 5382 mines,
472 5316 565 5387 qui
610 5331 718 5371 non
749 5314 952 5370 habent
976 5314 1272 5370 invisibiles
1319 5313 1606 5370 eharitatis
1628 5314 1834 5380 oculos,

258 5406 449 5473 quibus
475 5405 818 5462 solummodo
845 5403 1080 5474 Spiritus
1105 5413 1326 5461 sanctus
1363 5404 1538 5460 videri
1581 5412 1760 5474 potest
1783 5413 1840 5460 et

257 5495 381 5551 sciri
408 5495 741 5567 sciendoque
769 5494 1017 5568 intelligi.

337 5586 433 5642 Vos
455 5597 635 5642 autem
663 5587 976 5657 cognoscens
996 5605 1132 5651 eum,
1175 5587 1301 5659 quia
1326 5588 1467 5659 apud
1498 5603 1584 5640 vos
1615 5585 1846 5639 manebit

263 5690 310 5731 et
331 5684 384 5736 in
420 5681 559 5735 vobis
588 5680 708 5734 erit.
741 5677 856 5732 Erit
902 5689 957 5733 ut
999 5689 1216 5736 maneat
1259 5679 1314 5735 in
1353 5689 1633 5735 aeternum.
1671 5678 1825 5735 Domi

1943 4492 2230 4548 individum
2255 4493 2574 4559 divinitatis,
2600 4499 2858 4548 noverant
2883 4507 2940 4547 se
2965 4505 3084 4547 esse
3105 4493 3157 4546 in
3178 4494 3393 4550 Christo
3423 4513 3518 4566 per

1940 4585 2336 4657 susceptionem
2382 4585 2506 4640 ﬁdei
2537 4594 2592 4640 et
2618 4594 3084 4641 sacramentorum
3112 4585 3525 4658 ejus,ttovrrau|

1938 4679 2208 4734 veraciter
2244 4677 2426 4731 vivere
2455 4685 2584 4731 tunc
2612 4690 2732 4732 esse
2758 4676 3035 4733 Christum
3067 4677 3119 4731 in
3149 4676 3310 4732 Patre
3328 4718 3342 4743 ,
3379 4677 3430 4730 iu
3458 4691 3519 4731 se

1939 4784 2061 4825 esse
2084 4768 2358 4824 Christum
2384 4782 2482 4838 per
2507 4767 2845 4822 dilectionem
2869 4775 2925 4823 et
2948 4768 3344 4824 observantiam
3370 4782 3519 4820 man-

1945 4857 2189 4912 datorum
2215 4857 2352 4926 ejus.
2398 4855 2556 4912 Novit
2581 4866 2637 4912 et
2663 4857 2764 4913 hoc
2790 4865 2975 4912 sancta
3000 4857 3093 4912 Dei
3121 4857 3360 4913 Ecclesia
3378 4899 3392 4922 ,
3420 4859 3516 4921 sed

1939 4948 2096 5018 longe
2134 4949 2328 5004 melius
2366 4957 2422 5004 et
2456 4948 2696 5019 plenius,
2733 4948 2783 5001 in
2827 4949 2916 5002 illa
2947 4948 3067 5014 die,
3099 4950 3164 5004 de
3193 4964 3298 5019 qua
3339 4949 3516 5009 dixit:

1942 5049 1988 5093 et
2021 5056 2106 5094 vos
2138 5041 2336 5106 vivetis,
2366 5041 2419 5096 in
2449 5055 2552 5110 qua
2584 5039 2854 5094 veraciter
2879 5039 3061 5094 vivere
3091 5039 3383 5110 incipiunt,
3409 5039 3513 5095 hoc

1942 5137 2055 5195 est,
2102 5131 2156 5185 in
2203 5129 2290 5188 die
2335 5131 2786 5196 resurrectionis,
2839 5133 3056 5201 quando
3110 5146 3175 5187 eo
3225 5131 3516 5202 perfectius

1942 5230 2139 5276 cuncta
2165 5237 2286 5296 qua:
2315 5222 2533 5278 scienda
2565 5231 2722 5286 sunt,
2754 5237 2860 5295 quo
2899 5223 3071 5292 ipsum
3113 5223 3354 5279 scientiae
3395 5221 3516 5276 fon-

1941 5321 2049 5368 tem
2081 5313 2309 5369 vicinius
2338 5314 2456 5369 sine
2486 5315 2591 5369 line
2619 5315 2975 5385 conspiciunt.
3015 5313 3082 5370 Ut
3109 5329 3236 5385 ergo
3264 5313 3516 5370 omnibus

1943 5402 2103 5472 hujus
2147 5405 2562 5474 promissionem
2613 5405 2966 5460 beatitudinis
3011 5406 3506 5476 promitteret,non

1945 5496 2116 5550 solum
2147 5497 2305 5552 modo
2332 5497 2620 5567 apostolis,
2653 5513 2777 5553 mox
2807 5497 3080 5566 subjunxit
3107 5515 3120 5551 :

2021 5585 2126 5650 Qui
2155 5588 2304 5642 habet
2341 5589 2591 5643 mandata
2628 5607 2770 5653 utea,
2802 5600 2849 5644 et
2879 5599 3043 5643 servat
3075 5604 3162 5650 ea,
3201 5593 3288 5641 itte
3319 5596 3392 5641 est
3424 5590 3516 5658 qui

1952 5678 2118 5747 diligit
2155 5695 2250 5733 me.
2292 5679 2395 5745 Qui
2435 5692 2607 5735 autem
2645 5680 2815 5750 diligit
2855 5697 2967 5740 me.
3008 5678 3251 5748 diligetur
3281 5697 3313 5732 a
3345 5675 3515 5740 Patre
