3962 6180
455 246 562 304 255

1073 253 1134 309 Β.
1173 249 1425 307 RABANI
1464 246 1679 304 MAURl
1717 244 2036 302 ARClllEP.
2083 241 2389 299 MOGUNT.
2426 236 2714 296 OPERUM
2753 233 2933 292 PARS
2965 234 3030 290 11.

3601 232 3708 290 256

450 373 601 424 meo,
631 367 680 413 et
711 377 802 430 ego
839 360 1055 431 diligam
1085 377 1202 414 um
1230 371 1277 414 et
1307 358 1649 428 manifestabo
1674 359 1722 413 ei
1750 359 2024 428 meipsum.
2057 360 2108 419 Α
2161 351 2164 354 ’
2203 353 2273 408 Et
2303 352 2483 424 repleti
2513 360 2632 405 sunt
2665 365 2842 404 omnes
2874 348 3078 418 Spiritu
3113 355 3327 415 saneto,
3361 357 3415 406 et
3449 359 3710 420 ceperunt

457 444 565 503 Ubi
601 449 747 504 omni
788 450 1082 504 intentione
1118 449 1566 504 considerandum
1604 457 1688 502 est
1715 449 1841 516 quia
1871 447 2027 503 Chri-

455 545 601 592 stum
631 554 757 593 vere
787 541 1010 608 diligere
1039 549 1154 607 est,
1185 557 1290 596 non
1328 541 1498 611 ipsam
1541 541 1879 596 dilectionem
1915 555 2028 594 am-

452 634 537 690 bit
573 632 662 700 qui
698 633 866 685 ambit
889 632 1167 698 conﬁteri,
1200 634 1293 688 sed
1333 633 1587 687 mandata
1625 633 1861 699 Christi,
1908 647 2028 702 qua:

456 719 708 774 discendo
737 721 898 775 habet
925 723 1083 777 debet
1106 723 1378 792 operando
1419 738 1657 778 servare.
1701 722 1804 788 Qui
1841 723 2026 788 habet,

456 809 662 878 inquit,
693 810 946 865 mandata
974 829 1089 865 mea
1115 822 1163 864 et
1190 822 1361 866 servat
1386 829 1447 865 ea
1466 853 1480 876 ,
1513 811 1602 866 ille
1627 820 1701 867 est
1737 812 1828 882 qui
1857 810 2026 880 diligit

453 913 555 963 me,
585 899 678 968 qui
705 899 868 953 habet
894 901 950 953 in
977 902 1236 956 memoria
1263 909 1318 954 et
1346 909 1528 956 servat
1556 901 1607 954 in
1637 901 1769 954 vita.
1804 899 1902 965 Qui
1932 900 2030 952 ha-

453 987 547 1041 bet
576 989 629 1042 in
659 990 1025 1056 sermonibus,
1057 999 1111 1045 et
1138 1001 1320 1046 servat
1349 992 1403 1046 in
1435 992 1693 1046 moribus.
1727 991 1831 1058 Qui
1863 991 2029 1045 habet

453 1078 722 1135 audiendo
747 1090 804 1136 et
827 1089 1008 1136 servat
1033 1080 1299 1137 faciendo.
1327 1082 1434 1136 Aut
1459 1082 1551 1150 qui
1575 1082 1738 1136 habet
1763 1079 2025 1142 faciendo,

455 1180 512 1226 et
539 1181 722 1227 servat
754 1174 1178 1243 perseverando,
1212 1174 1325 1244 ipse
1352 1182 1468 1240 est,
1501 1173 1704 1243 inquit,
1734 1172 1827 1241 qui
1857 1171 2030 1242 diligit

456 1278 565 1318 tne.
604 1261 911 1324 Notandum
944 1264 1068 1333 quia
1102 1279 1223 1318 cum
1253 1264 1535 1334 praesentis
1568 1262 1829 1332 temporis
1865 1266 2031 1316 verbo

455 1353 660 1408 diceret
683 1393 698 1420 ,
724 1355 812 1423 qui
838 1363 1012 1408 autem
1037 1354 1205 1424 diligit
1237 1371 1346 1419 me,
1379 1352 1577 1422 adiecit
1605 1353 1673 1408 de
1701 1351 1884 1406 futuro
1915 1350 2034 1404 dili-

457 1452 607 1514 getur
630 1460 663 1497 a
690 1443 849 1498 Patre
875 1461 1017 1512 meo,
1046 1454 1092 1498 et
1119 1462 1210 1514 ego
1235 1444 1451 1516 diligam
1474 1461 1591 1499 eum
1615 1453 1663 1498 et
1686 1441 2031 1513 manifestabo

457 1536 506 1590 ei
541 1536 814 1606 meipsum.
858 1536 1037 1606 Diligit
1077 1551 1310 1607 namque
1354 1537 1519 1591 etiam
1564 1549 1708 1590 nunc
1746 1534 2032 1590 dilectores

456 1641 586 1681 suos
623 1641 744 1681 cum
780 1627 939 1682 Patre
961 1628 1156 1693 Filius,
1199 1629 1293 1684 sed
1330 1645 1473 1684 nunc
1517 1628 1688 1699 diligit
1726 1627 1794 1682 ad
1828 1628 1931 1681 hoc
1975 1633 2034 1680 ut

2129 445 2272 516 loqui
2299 445 2460 498 variis
2487 441 2682 512 linguis
2699 479 2715 506 ,
2742 447 2895 510 prout
2923 438 3155 510 Spiritus
3180 447 3396 494 sanctus
3419 437 3580 492 dabat
3603 437 3710 492 elo-

2128 537 2216 607 qui
2244 531 2647 589 illis.‘Varietas
2687 531 2830 586 enim
2878 529 3220 599 linguarum,
3256 529 3395 583 dona
3435 529 3709 583 variarum

2129 625 2398 695 signiﬁcat
2425 623 2747 694 gratiarum.
2776 620 2974 675 Verum
3003 634 3110 674 non
3139 618 3433 689 incongrue
3457 619 3711 690 intelligi-

2130 727 2218 772 tur
2261 715 2496 786 Spiritus
2533 721 2784 777 sanctus,
2829 711 2951 765 ideo
2989 709 3223 780 primum
3266 709 3570 781 linguarum
3614 711 3712 764 do-

2127 826 2256 866 num
2299 809 2508 865 dedisse
2551 807 2889 870 hominibus,
2936 805 3132 875 quibus
3170 806 3406 860 humana
3447 806 3710 875 sapientia

2131 900 2431 955 forinsecus
2482 908 2536 953 et
2581 897 2872 952 discutitur
2913 904 2969 951 et
3009 896 3251 961 docetur,
3296 905 3356 950 ut
3400 896 3714 952 ostenderet

2129 1005 2289 1062 quam
2337 988 2492 1044 facile
2537 987 2710 1058 possit
2757 987 3031 1058 sapientes
3074 987 3256 1042 facere
3301 987 3565 1058 sapientia
3614 987 3712 1043 Dei

2129 1098 2250 1154 qua:
2276 1084 2330 1137 in
2357 1090 2497 1138 terra
2521 1089 2626 1136 est.
2651 1081 2819 1135 Erant
2841 1091 3013 1136 autem
3035 1081 3091 1136 in
3112 1079 3445 1135 Hierusalem
3469 1081 3711 1136 habitané

2130 1182 2205 1228 tes
2245 1171 2424 1227 Judaei
2467 1169 2565 1225 viri
2603 1169 2832 1241 religiosi
2871 1185 2938 1225 ea:
2976 1172 3116 1225 omni
3143 1181 3292 1241 gente
3319 1187 3438 1242 qua:
3463 1171 3558 1226 sub
3583 1171 3711 1226 αιιο

2130 1271 2225 1315 est.
2273 1259 2442 1314 Facta
2481 1270 2657 1315 autem
2698 1261 2798 1314 Itac
2841 1277 2995 1326 voce,
3035 1263 3268 1315 convenit
3310 1260 3622 1327 multitudo,
3660 1273 3712 1318 et

2130 1361 2298 1406 mente
2341 1351 2562 1422 confusa
2609 1360 2716 1416 est,
2763 1353 3014 1422 quoniam
3059 1345 3306 1406 audiebat
3351 1355 3712 1425 unusquisque

2131 1446 2312 1517 lingua
2343 1462 2442 1500 sua
2477 1443 2599 1500 illos
2653 1455 2914 1514 oquentes.
2951 1443 3070 1514 Ipse
3104 1444 3250 1499 enim
3295 1459 3484 1500 eorum
3531 1461 3714 1501 sermo

2130 1537 2279 1594 hanc
2315 1537 2370 1591 in
2411 1550 2469 1592 se
2504 1538 2616 1592 vim
2655 1535 2912 1599 habebat,
2967 1541 3026 1588 ut
3053 1549 3178 1590 cum
3209 1534 3546 1590 diversarum
3575 1549 3711 1605 gen-

2133 1628 2266 1682 tium
2317 1627 2594 1682 auditores
2641 1626 2715 1681 ibi
2765 1633 2947 1682 essent
2997 1633 3294 1695 praesentes
3343 1626 3715 1695 unusquisque

457 1727 603 1773 recte
631 1718 813 1774 vivant
843 1735 908 1773 ex
951 1719 1053 1774 ﬁde
1081 1737 1200 1790 quae
1235 1735 1340 1791 per
1367 1721 1710 1776 dilectionem
1749 1726 2030 1790 operatur,
2064 1701 2108 1762 Β
2136 1719 2434 1775 secundum
2468 1718 2703 1788 linguam
2735 1732 2888 1770 suam
2923 1716 3093 1786 ipsius
3119 1716 3280 1772 unius
3312 1716 3581 1771 sermonis
3611 1715 3708 1785 qui

457 1818 584 1863 tunc
622 1810 822 1866 adhoc
854 1811 1041 1880 diliget
1074 1820 1132 1864 ut
1158 1811 1475 1881 perveniant
1505 1813 1572 1866 ad
1599 1811 1861 1866 visionem
1894 1811 2034 1865 veri-

459 1901 586 1954 tatis
620 1915 783 1969 quam
821 1915 918 1970 per
953 1900 1112 1955 ﬁdem
1143 1909 1509 1971 gustaverant.
1544 1901 1662 1957 Non
1699 1909 1882 1956 autem
1921 1900 2033 1956 fru-

460 1997 574 2045 stra
607 1989 843 2053 addidit,
896 1998 944 2044 et
991 1990 1335 2059 manifestabo
1379 1992 1426 2045 ei
1473 1991 1746 2062 meipsum.
1789 1990 1851 2046 Si
1904 2006 2034 2047 vero

456 2080 753 2134 secundum
795 2079 1187 2134 humanitatem
1225 2081 1436 2136 cunctis
1477 2081 1529 2134 in
1561 2081 1766 2151 judicio
1800 2081 2034 2138 manife-

457 2169 642 2234 stabit,
664 2169 791 2224 solis
821 2183 952 2224 vero
974 2169 1137 2240 justis
1156 2177 1211 2225 et
1236 2170 1439 2225 sanctis
1461 2170 1758 2226 divinitatis
1783 2171 2032 2242 gloriam,

457 2259 510 2313 in
567 2273 674 2327 qua
725 2258 947 2328 aequalis
994 2267 1080 2313 est
1121 2259 1269 2314 Patri
1321 2267 1378 2315 et
1428 2259 1653 2329 Spiritui
1704 2267 1914 2325 sancto,
1967 2260 2035 2316 ad

458 2347 846 2402 beatitudinem
865 2356 1118 2404 aeternam
1145 2349 1582 2406 manifestaturus
1605 2351 1738 2413 erit,
1765 2359 1824 2405 ut
1850 2352 2036 2407 vivant

464 2454 680 2508 semper
724 2448 778 2494 et
821 2439 1093 2511 gaudeant
1139 2455 1320 2496 secum
1357 2441 1410 2496 in
1446 2456 1613 2513 regno
1639 2440 1849 2497 caelesti
1877 2481 1892 2508 ,
1938 2457 2036 2512 per

463 2528 645 2583 omnia
674 2527 869 2584 sacula
897 2529 1236 2585 steculorutn.
1275 2530 1469 2585 Amen.

1008 2637 1288 2694 HOMILIA
1322 2637 1476 2693 LVII.

867 2723 1121 2764 DOHINICA
1159 2724 1212 2762 1N
1253 2723 1612 2764 PENTECOSTE.

804 2795 990 2853 Lectio
1024 2795 1253 2852 Actuum
1291 2797 1680 2868 apostolorum.

537 2886 598 2941 1η
630 2887 812 2942 diebus
842 2887 969 2955 illis,
998 2888 1123 2942 dum
1147 2889 1524 2960 complerentur
1549 2890 1658 2944 dies
1683 2887 2034 2958 Pentecostes,

458 2989 608 3034 erant
635 2982 832 3050 pariter
858 2997 1032 3036 omnes
1066 2982 1123 3036 in
1155 2982 1332 3036 eodem
1369 2982 1502 3037 loco.
1540 2982 1609 3037 Et
1645 2988 1816 3053 [actus
1849 2994 1924 3039 est
1955 3001 2037 3039 re-

2134 1810 2202 1865 ab
2229 1807 2486 1879 apostolis
2521 1807 2699 1862 fuerat
2721 1806 3101 1877 pronuntiatus
3125 1815 3441 1876 susceperat
3469 1805 3714 1860 auditum

2133 1907 2189 1953 et
2216 1897 2460 1967 capiebat
2488 1896 2838 1961 intellectum,
2855 1896 2960 1962 his,
2991 1895 3350 1962 dilectissimi,
3370 1895 3597 1966 aliisque
3621 1896 3717 1951 doc

2133 1989 2428 2055 cumentis,
2482 1987 2677 2058 quibus
2724 1986 3191 2042 innumerabiliter
3240 1986 3546 2042 divinorum
3593 1986 3716 2041 elo-

2134 2080 2385 2150 quiorum
2419 2084 2669 2133 coruscat
2702 2076 3002 2132 auctoritas
3039 2076 3109 2131 ad
3141 2076 3548 2133 venerationem
3583 2093 3722 2147 pen-

2134 2180 2366 2229 tecostes
2389 2171 2717 2226 unanimiter
2741 2171 3048 2236 incitemur,
3070 2170 3404 2227 exsultantes
3431 2171 3484 2226 in
3507 2171 3720 2226 honore

2136 2261 2372 2332 Spiritus
2400 2261 2602 2326 sancti,
2635 2275 2732 2330 per
2756 2275 2916 2330 quem
2945 2260 3122 2316 omnis
3170 2261 3436 2317 catholica
3471 2261 3719 2316 Ecclesia

2134 2351 2524 2418 sanctiﬁcatur,
2576 2351 2753 2406 omnis
2801 2349 2982 2405 anima
3035 2349 3374 2406 rationabilis
3428 2350 3718 2415 imbuitur,

2135 2445 2226 2511 qui
2269 2444 2567 2514 inspirator
2594 2442 2752 2508 ﬁdei,
2783 2441 2969 2497 doctor
2999 2440 3271 2506 scientiae,
3306 2440 3428 2496 fons
3457 2440 3718 2496 dilectio-

2136 2535 2258 2601 nis,
2290 2531 2624 2605 signaculum
2664 2531 2960 2597 castitatis,
2996 2539 3050 2587 et
3083 2532 3251 2587 totius
3285 2540 3370 2588 est
3401 2546 3566 2587 causa
3601 2533 3718 2585 vir-

2136 2626 2289 2680 tutis.
2317 2624 2598 2680 Gaudeant
2621 2623 2858 2679 ﬁdelium
2884 2631 3095 2679 mentes
3119 2623 3338 2693 quodin
3370 2632 3484 2679 toto
3513 2624 3719 2678 mundo

2135 2731 2276 2772 unus
2303 2717 2446 2771 Deus
2473 2714 2658 2778 Pater,
2687 2721 2742 2769 et
2783 2713 2952 2769 Filius
2985 2721 3041 2768 et
3071 2711 3309 2784 Spiritus
3345 2721 3568 2769 sanctus
3602 2728 3719 2767 om-

2136 2806 2283 2860 nium
2321 2805 2623 2876 linguarum
2658 2801 2998 2858 confessione
3032 2802 3302 2857 laudatur.
3359 2801 3454 2858 Illa
3505 2802 3721 2874 signiﬁ-

2137 2895 2279 2950 catio
2312 2909 2434 2963 quae
2467 2894 2522 2948 in
2561 2893 2740 2964 specie
2783 2892 2921 2964 ignis
2968 2893 3257 2963 apparuit,
3298 2901 3354 2949 et
3397 2907 3564 2964 opere
3598 2907 3725 2962 per-

2139 2975 2350 3042 severat
2398 2993 2453 3041 et
2498 2999 2759 3050 munere;
2803 2985 2919 3054 ipse
2977 2983 3122 3038 enim
3192 2982 3427 3054 Spiritus
3467 2983 3726 3039 veritatis

461 3081 610 3141 pente
657 3073 720 3126 de
769 3073 894 3127 coelo
943 3090 1131 3138 sonus,
1175 3083 1422 3146 tanquam
1463 3052 1780 3129 advenientis
1818 3076 2034 3146 spiritus
2061 3052 2106 3115 δ
2141 3080 2272 3134 facit
2312 3079 2510 3134 donum
2541 3078 2724 3150 gloriae
2771 3052 2880 3133 sua:
2909 3077 3130 3133 luminis
3154 3052 3248 3133 sui
3268 3052 3444 3133 nitore
3473 3075 3682 3148 fulgere
3706 3117 3722 3139 ,

462 3162 802 3230 vehementis,
847 3174 896 3218 et
944 3163 1149 3235 replevit
1189 3174 1350 3219 totam
1387 3164 1600 3219 domum
1639 3164 1728 3218 ubi
1767 3175 1914 3220 erant
1956 3181 2038 3220 se-

465 3254 642 3308 dentes
660 3295 674 3319 ,
705 3263 809 3311 etc.

535 3344 879 3412 Hodiernam,
899 3346 1250 3414 dilectissimi,
1267 3347 1610 3404 festivitatem
1633 3356 1744 3404 toto
1767 3355 2036 3404 terrarum

463 3435 594 3490 orbe
623 3437 984 3492 venerabilem
1013 3438 1104 3493 ille
1135 3438 1308 3494 sancti
1337 3437 1569 3508 Spiritus
1590 3439 1926 3494 consecravit
1943 3439 2039 3494 ad-

463 3535 690 3593 ventus,
721 3528 812 3596 qui
854 3536 979 3598 post
1016 3529 1464 3584 resurrectionem
1503 3529 1713 3583 Domini
1751 3528 1819 3583 50
1855 3529 1944 3583 die
1978 3527 2033 3582 in

463 3615 734 3684 apostolos
763 3617 1126 3688 populumque
1174 3617 1506 3673 credentium
1543 3618 1684 3674 sicut
1716 3619 2038 3688 sperabatur

465 3707 708 3774 inﬂuxit,
739 3718 800 3764 ut
829 3711 884 3764 in
913 3711 1163 3781 prmsenti
1193 3711 1422 3766 lectione
1440 3751 1456 3778 ,
1487 3727 1608 3766 cum
1639 3711 1907 3783 legeretur
1937 3725 2034 3764 au-

469 3797 644 3852 distis.
693 3797 825 3852 Cum
871 3801 1249 3870 complerentur
1283 3804 1428 3868 dies,
1478 3804 1674 3873 inquit,
1720 3813 2036 3874 pentecostes

463 3897 612 3940 erant
641 3903 816 3942 omnes
837 3892 1037 3958 pariter
1061 3893 1116 3944 in
1145 3893 1322 3947 eodem
1353 3893 1467 3947 loco
1485 3933 1500 3957 ,
1535 3895 1637 3948 hoc
1663 3904 1748 3950 est
1775 3896 1827 3950 in
1857 3911 2038 3951 cama—

469 3975 590 4029 culo
638 3978 727 4031 ubi
773 3978 1102 4046 collegerunt
1147 3996 1205 4036 se
1241 3990 1362 4051 post
1395 3997 1676 4037 ascensum
1715 3985 1896 4038 statim
1929 3986 2035 4039 Do-

471 4067 635 4133 mini,
672 4069 760 4124 ubi
795 4072 1182 4140 exspectabant
1212 4073 1533 4142 promissum
1573 4073 1806 4144 Spiritus
1841 4075 2033 4130 sancti.

469 4158 786 4230 Quicunque
835 4161 978 4216 enim
1018 4162 1220 4232 Spiritu
1267 4171 1453 4218 sancto
1500 4164 1780 4236 adimpleri
1828 4167 2038 4223 deside-

473 4258 614 4316 rant,
649 4251 830 4306 carnis
861 4251 1188 4306 domicilium
1219 4266 1439 4308 necesse
1467 4261 1550 4308 est
1588 4263 1649 4308 ut
1681 4255 1878 4310 mentis
1904 4272 2035 4312 con-

470 4342 814 4412 templatione
859 4345 1239 4399 transcendant
1267 4363 1280 4398 :
1325 4343 1395 4397 Et
1429 4343 1600 4414 factus
1629 4355 1702 4399 est
1732 4356 1938 4418 repente
1971 4346 2035 4401 de

466 4430 591 4484 caelo
625 4448 781 4488 sonus
822 4443 1067 4503 tanquam
1107 4434 1424 4490 advenientis
1461 4436 1674 4506 spiritus
1705 4438 2028 4502 vehementis,

466 4529 514 4573 et
543 4521 747 4590 replevit
775 4532 933 4576 totam
962 4524 1172 4578 domum
1198 4525 1286 4580 ubi
1309 4536 1455 4580 erant
1486 4527 1736 4582 sedentes.
1764 4525 1870 4583 Per
1896 4529 2034 4599 ignis

469 4611 685 4679 quidem
717 4613 1122 4669 similitudinem
1152 4617 1411 4673 Dominus
1447 4618 1724 4688 discipulis
1759 4620 2030 4689 apparuit,

468 4703 562 4757 sed
609 4718 706 4772 per
751 4705 1098 4776 semetipsum
1141 4707 1465 4764 locutionem
1511 4711 1739 4768 interius
1779 4711 1938 4776 fecit,
1979 4719 2034 4765 et

467 4808 643 4863 neque
686 4795 824 4865 ignis
868 4812 1041 4866 neque
1085 4797 1172 4852 ille
1216 4802 1422 4857 sonitus
1470 4801 1612 4869 fuit,
1655 4802 1750 4859 sed
1792 4818 1888 4872 per
1931 4804 2035 4858 hoc

467 4884 609 4952 quod
638 4886 877 4940 exterius
900 4887 1140 4942 exhibuit
1181 4891 1448 4960 expressit
1483 4892 1586 4947 hoc
1625 4893 1770 4964 quod
1809 4893 2036 4948 interius

468 4982 653 5051 gessit.

539 5069 605 5123 Et
621 5083 971 5142 apparuerunt
991 5073 1096 5128 illis
1110 5075 1398 5146 dispertita:
1411 5077 1602 5151 lingua:
1617 5088 1864 5151 tanquam
1880 5080 2044 5152 ignis.

467 5161 706 5234 Spiritus
743 5165 886 5220 enim
928 5175 1149 5221 sanctus
1197 5167 1250 5220 in
1297 5169 1494 5240 linguis
1535 5170 1709 5239 igneis
1747 5172 2037 5240 apparuit;

466 5262 591 5332 quia
631 5276 818 5316 omnes
855 5277 990 5331 quos
1030 5261 1330 5334 impleverit
1369 5264 1622 5320 ardentes
1648 5264 1852 5334 pariter
1879 5272 1934 5318 et
1963 5262 2042 5317 lo-

466 5363 692 5422 quentes
717 5353 872 5419 facit,
897 5356 1021 5424 quia
1050 5363 1236 5410 sancta
1263 5355 1503 5412 Ecclesia
1530 5373 1626 5428 per
1648 5357 1832 5412 mundi
1860 5354 2042 5410 termi-

467 5459 567 5501 nos
595 5446 814 5500 dilatata
842 5446 1080 5500 omnimn
1116 5447 1356 5518 gentium
1385 5456 1504 5503 erat
1533 5464 1665 5503 voce
1695 5448 1958 5504 locutura.

542 5535 791 5609 Seditque
837 5554 989 5607 super
1036 5538 1269 5608 singulos
1314 5554 1534 5596 eorum:
1583 5540 1775 5606 Certe,
1825 5539 2041 5612 requies

467 5627 588 5697 eius
613 5629 881 5702 indicatur
911 5629 964 5686 in
996 5631 1218 5686 sanctis.

2060 4397 2114 4457 Β
2179 4416 2184 4420 ,

2139 3180 2195 3226 et
2223 3171 2275 3226 in
2309 3169 2506 3240 templo
2549 3185 2646 3224 suo
2672 3183 2772 3225 nec
2812 3168 3156 3224 tenebrosum
3193 3167 3400 3237 aliquid
3439 3165 3554 3222 vult
3596 3181 3725 3222 esse

2143 3275 2241 3316 nec
2272 3261 2532 3332 tepidum.
2562 3260 2638 3314 De
2667 3274 2772 3329 qua
2798 3273 2901 3329 ope
2923 3265 3086 3327 atque
3115 3257 3359 3313 doctrina
3387 3257 3555 3314 etiam
3575 3258 3719 3328 jeju-

2136 3354 2350 3409 niorum
2394 3359 2557 3422 atque
2599 3351 3027 3422 clemosynarum
3070 3350 3228 3405 nobis
3253 3357 3337 3405 est
3364 3346 3562 3404 collata
3591 3364 3730 3418 pur-

2137 3444 2302 3514 gatio.
2353 3442 2488 3496 Nam
2534 3442 2674 3496 hanc
2711 3438 3074 3495 venerabilem
3117 3439 3258 3495 diem
3293 3438 3537 3508 sequitur
3577 3437 3729 3492 salu-

2137 3532 2388 3588 berrima:
2426 3529 2784 3585 observantia:
2812 3527 3142 3585 consuetudo
3175 3543 3337 3598 quam
3373 3527 3724 3583 utilissimam

2137 3622 2240 3677 sibi
2271 3637 2462 3676 omnes
2499 3620 2672 3676 sancti
2702 3635 2917 3691 semper
2947 3618 3156 3688 experti
3186 3626 3342 3684 sunt,
3376 3627 3432 3673 et
3457 3619 3525 3672 ad
3555 3634 3723 3687 quam

2137 3713 2323 3771 sedulo
2365 3713 2742 3768 celebrandam
2783 3710 3043 3782 pastorali
3086 3726 3181 3766 vos
3226 3710 3588 3766 sollicitudine
3631 3727 3724 3764 eoo

2137 3809 2438 3869 hortamur,
2473 3812 2532 3859 ut
2579 3804 2628 3859 si
2675 3803 2807 3874 quid
2851 3801 3187 3858 macularum
3213 3801 3478 3871 proximis
3529 3802 3725 3856 diebus

2137 3895 2462 3969 negligentia
2505 3890 2721 3949 incauta
2763 3892 3056 3957 contraxit,
3079 3892 3131 3946 id
3168 3900 3225 3947 et
3257 3890 3450 3962 jejunii
3481 3906 3719 3946 censura

2139 3989 2401 4060 castiget,
2427 3995 2482 4043 et
2509 3984 2724 4041 devotio
2755 3984 2973 4056 pietatis
2999 3984 3250 4039 emendet
3287 4000 3386 4055 per
3425 3983 3720 4040 Dominum

2138 4091 2382 4136 nostrum
2410 4078 2592 4134 Jesum
2623 4078 2896 4132 Christum
2917 4118 2933 4143 ,
2974 4077 3066 4146 qui
3098 4075 3231 4131 vivit
3265 4084 3320 4130 et
3361 4084 3553 4146 regnat
3593 4089 3721 4128 cum

2138 4171 2300 4226 Patre
2337 4180 2393 4226 et
2431 4169 2635 4240 Spiritu
2665 4176 2851 4224 sancto
2881 4167 3024 4223 Deus
3055 4167 3108 4222 in
3140 4165 3339 4222 szecula
3370 4164 3720 4222 saeculorum.

2138 4264 2330 4319 Amen.

2617 4351 2963 4410 HOMILIA
3010 4348 3274 4409 LVIII.

2682 4462 2735 4502 IN
2773 4460 2949 4500 EODEM
2985 4457 3171 4499 πετο.

2263 4537 2450 4595 Lectio
2481 4536 2652 4594 sancti
2679 4535 2954 4606 Evangelii
2983 4532 3274 4590 secundum
3302 4529 3588 4588 Joannem.

2212 4628 2279 4684 In
2310 4629 2400 4684 illo
2430 4639 2655 4700 tempore
2685 4628 2819 4682 dixit
2849 4625 3004 4681 Jesus
3031 4623 3302 4695 discipulis
3329 4623 3436 4679 suis
3460 4637 3480 4676 :
3507 4624 3572 4680 Si
3600 4623 3720 4694 quis

2139 4719 2310 4789 diligit
2335 4735 2450 4785 me,
2477 4733 2765 4772 sermonem
2799 4732 2972 4770 meum
3007 4712 3256 4776 servabit,
3297 4722 3345 4766 et
3375 4707 3541 4766 Pater
3569 4728 3721 4766 meus

2140 4793 2317 4880 diliget
2342 4825 2460 4864 eum
2477 4847 2494 4874 ,
2522 4817 2569 4862 et
2597 4807 2665 4860 ad
2691 4823 2806 4861 eum
2831 4805 3119 4871 veniemus,
3146 4811 3196 4858 et
3218 4802 3546 4856 mansionem
3575 4800 3720 4872 apud

2139 4915 2257 4956 eum
2281 4899 2532 4969 faciemus
2549 4937 2566 4962 ,
2596 4906 2704 4952 etc.

2205 4988 2460 5044 Probatio
2497 4986 2801 5043 dilectionis
2824 4984 3085 5041 adhibitio
3121 4994 3208 5042 cst
3243 4983 3443 5056 operis.
3489 4981 3634 5040 Hinc
3663 4981 3718 5036 in

2141 5077 2378 5149 Epistula
2421 5093 2519 5134 sua
2564 5077 2706 5132 idem
2750 5074 2988 5132 Joannes
3031 5075 3206 5132 dicit:
3234 5076 3322 5147 qui
3361 5074 3517 5138 dicit,
3551 5073 3722 5143 diligo

2141 5169 2310 5224 Deum
2345 5177 2393 5224 et
2427 5169 2678 5223 mandata
2717 5167 2833 5238 ejus
2873 5184 2978 5221 non
3022 5167 3287 5233 custodit,
3324 5164 3556 5220 mendas:
3616 5173 3719 5218 est.

2145 5260 2283 5316 Vere
2307 5259 2455 5315 enim
2481 5258 2752 5330 diligimus
2780 5259 2948 5314 Deum
2991 5257 3038 5312 si
3079 5259 3332 5312 mandata
3369 5253 3487 5323 eius
3525 5253 3726 5308 obser—

2141 5369 2333 5410 vamus
2373 5361 2430 5408 et
2470 5368 2502 5406 a
2545 5353 2744 5408 nostris
2787 5367 2888 5408 nos
2937 5350 3301 5422 voluptatibus
3355 5348 3422 5402 ad
3463 5347 3728 5401 mandata

2144 5446 2283 5501 illius
2327 5451 2684 5500 coarctamus.
2717 5442 2784 5496 Et
2812 5441 2975 5497 Pater
3017 5459 3163 5497 meus
3203 5440 3382 5510 diliget
3416 5454 3556 5492 eum.
3582 5437 3730 5504 Quia

2141 5551 2304 5606 opera
2343 5550 2463 5605 qua:
2501 5533 2662 5590 Pater
2689 5532 2820 5589 facit
2845 5533 2964 5589 haec
2999 5542 3055 5589 et
3078 5532 3327 5589 similiter
3355 5529 3526 5585 Filius
3555 5527 3728 5597 facit,

2145 5639 2198 5686 et
2223 5628 2312 5699 qui
2341 5625 2514 5699 diligit
2535 5624 2732 5682 Filium
2771 5624 2947 5696 diligit
2984 5633 3040 5680 et
3071 5624 3312 5689 Patrem,
3336 5628 3390 5678 et
3418 5619 3514 5691 qui
3541 5619 3732 5692 diligi-
