  <div class='ocr_page' id='page_1' title='image "/cluster/home/n/w/nwhite01/storage/ocr_20150623/110/hvd.32044054759758/134.png"; bbox 0 0 3962 6180; ppageno 0'>
   <div class='ocr_carea' id='block_1_1' title="bbox 233 324 347 382">
    <p class='ocr_par' dir='ltr' id='par_1_1' title="bbox 233 324 347 382">
     <span class='ocr_line' id='line_1_1' title="bbox 233 324 347 382; baseline -0.026 0"><span class='ocrx_word' id='word_1_1' title='bbox 233 324 347 382; x_wconf 67' lang='lat'><strong>$31</strong></span> 
     </span>
    </p>
   </div>
   <div class='ocr_carea' id='block_1_2' title="bbox 242 494 1826 571">
    <p class='ocr_par' dir='ltr' id='par_1_2' title="bbox 242 494 1826 571">
     <span class='ocr_line' id='line_1_2' title="bbox 242 494 1826 571; baseline -0.008 -11"><span class='ocrx_word' id='word_1_2' title='bbox 242 504 565 560; x_wconf 75' lang='lat' dir='ltr'><strong>mansionem</strong></span> <span class='ocrx_word' id='word_1_3' title='bbox 592 500 737 571; x_wconf 73' lang='lat' dir='ltr'><strong>apud</strong></span> <span class='ocrx_word' id='word_1_4' title='bbox 765 516 887 553; x_wconf 85' lang='lat' dir='ltr'><strong>eum</strong></span> <span class='ocrx_word' id='word_1_5' title='bbox 915 498 1186 569; x_wconf 79' lang='lat' dir='ltr'><strong>faciemus.</strong></span> <span class='ocrx_word' id='word_1_6' title='bbox 1211 495 1312 564; x_wconf 95' lang='lat' dir='ltr'><strong>Qui</strong></span> <span class='ocrx_word' id='word_1_7' title='bbox 1339 495 1482 550; x_wconf 91' lang='lat' dir='ltr'><strong>enim</strong></span> <span class='ocrx_word' id='word_1_8' title='bbox 1510 509 1635 549; x_wconf 84' lang='lat' dir='ltr'><strong>vere</strong></span> <span class='ocrx_word' id='word_1_9' title='bbox 1658 494 1826 548; x_wconf 90' lang='lat' dir='ltr'><strong>Deum</strong></span> 
     </span>
    </p>
   </div>
   <div class='ocr_carea' id='block_1_3' title="bbox 242 584 1827 664">
    <p class='ocr_par' dir='ltr' id='par_1_3' title="bbox 242 584 1827 664">
     <span class='ocr_line' id='line_1_3' title="bbox 242 584 1827 664; baseline -0.006 -17"><span class='ocrx_word' id='word_1_10' title='bbox 242 592 418 664; x_wconf 88' lang='lat' dir='ltr'><strong>diligit</strong></span> <span class='ocrx_word' id='word_1_11' title='bbox 436 605 540 646; x_wconf 89' lang='lat' dir='ltr'><strong>nec</strong></span> <span class='ocrx_word' id='word_1_12' title='bbox 564 588 884 645; x_wconf 83' lang='lat' dir='ltr'><strong>tentationis</strong></span> <span class='ocrx_word' id='word_1_13' title='bbox 907 596 1148 657; x_wconf 91' lang='lat' dir='ltr'><strong>tempore</strong></span> <span class='ocrx_word' id='word_1_14' title='bbox 1172 585 1378 641; x_wconf 91' lang='lat' dir='ltr'><strong>recedit</strong></span> <span class='ocrx_word' id='word_1_15' title='bbox 1400 586 1468 641; x_wconf 89' lang='lat' dir='ltr'><strong>ab</strong></span> <span class='ocrx_word' id='word_1_16' title='bbox 1491 588 1677 639; x_wconf 83' lang='lat' dir='ltr'><strong>amore</strong></span> <span class='ocrx_word' id='word_1_17' title='bbox 1698 584 1827 648; x_wconf 90' lang='lat' dir='ltr'><strong>Dei,</strong></span> 
     </span>
    </p>
   </div>
   <div class='ocr_carea' id='block_1_4' title="bbox 238 674 1834 745">
    <p class='ocr_par' dir='ltr' id='par_1_4' title="bbox 238 674 1834 745">
     <span class='ocr_line' id='line_1_4' title="bbox 238 674 1834 745; baseline -0.008 -6"><span class='ocrx_word' id='word_1_18' title='bbox 238 684 308 739; x_wconf 83' lang='lat' dir='ltr'><strong>ad</strong></span> <span class='ocrx_word' id='word_1_19' title='bbox 331 684 480 738; x_wconf 91' lang='lat' dir='ltr'><strong>hunc</strong></span> <span class='ocrx_word' id='word_1_20' title='bbox 501 677 904 735; x_wconf 79' lang='lat' dir='ltr'><strong>veniuntPater</strong></span> <span class='ocrx_word' id='word_1_21' title='bbox 927 688 981 732; x_wconf 89' lang='lat' dir='ltr'><strong>et</strong></span> <span class='ocrx_word' id='word_1_22' title='bbox 1002 676 1043 732; x_wconf 89' lang='lat' dir='ltr'><strong>F</strong></span> <span class='ocrx_word' id='word_1_23' title='bbox 1050 676 1174 731; x_wconf 89' lang='lat' dir='ltr'><strong>ilius</strong></span> <span class='ocrx_word' id='word_1_24' title='bbox 1195 674 1420 745; x_wconf 73' lang='lat' dir='ltr'><strong>spiritali</strong></span> <span class='ocrx_word' id='word_1_25' title='bbox 1446 674 1758 730; x_wconf 85' lang='lat' dir='ltr'><strong>accessione</strong></span> <span class='ocrx_word' id='word_1_26' title='bbox 1776 681 1834 728; x_wconf 90' lang='lat' dir='ltr'><strong>et</strong></span> 
     </span>
    </p>
   </div>
   <div class='ocr_carea' id='block_1_5' title="bbox 241 765 1830 841">
    <p class='ocr_par' dir='ltr' id='par_1_5' title="bbox 241 765 1830 841">
     <span class='ocr_line' id='line_1_5' title="bbox 241 765 1830 841; baseline -0.009 -10"><span class='ocrx_word' id='word_1_27' title='bbox 241 776 582 830; x_wconf 78' lang='lat' dir='ltr'><strong>mansionem</strong></span> <span class='ocrx_word' id='word_1_28' title='bbox 615 770 758 841; x_wconf 86' lang='lat' dir='ltr'><strong>apud</strong></span> <span class='ocrx_word' id='word_1_29' title='bbox 786 785 909 824; x_wconf 88' lang='lat' dir='ltr'><strong>eum</strong></span> <span class='ocrx_word' id='word_1_30' title='bbox 937 769 1154 824; x_wconf 91' lang='lat' dir='ltr'><strong>habent.</strong></span> <span class='ocrx_word' id='word_1_31' title='bbox 1200 766 1293 821; x_wconf 85' lang='lat' dir='ltr'><strong>llle</strong></span> <span class='ocrx_word' id='word_1_32' title='bbox 1320 765 1463 821; x_wconf 90' lang='lat' dir='ltr'><strong>enim</strong></span> <span class='ocrx_word' id='word_1_33' title='bbox 1496 780 1621 819; x_wconf 82' lang='lat' dir='ltr'><strong>vere</strong></span> <span class='ocrx_word' id='word_1_34' title='bbox 1649 772 1830 829; x_wconf 91' lang='lat' dir='ltr'><strong>amat,</strong></span> 
     </span>
    </p>
   </div>
   <div class='ocr_carea' id='block_1_6' title="bbox 239 858 1831 939">
    <p class='ocr_par' dir='ltr' id='par_1_6' title="bbox 239 858 1831 939">
     <span class='ocr_line' id='line_1_6' title="bbox 239 858 1831 939; baseline -0.011 -18"><span class='ocrx_word' id='word_1_35' title='bbox 239 868 400 939; x_wconf 69' lang='lat' dir='ltr'><strong>cuius</strong></span> <span class='ocrx_word' id='word_1_36' title='bbox 424 870 668 918; x_wconf 85' lang='lat' dir='ltr'><strong>mentem</strong></span> <span class='ocrx_word' id='word_1_37' title='bbox 700 858 992 916; x_wconf 82' lang='lat' dir='ltr'><strong>delectatio</strong></span> <span class='ocrx_word' id='word_1_38' title='bbox 1026 872 1189 928; x_wconf 87' lang='lat' dir='ltr'><strong>prava</strong></span> <span class='ocrx_word' id='word_1_39' title='bbox 1219 871 1284 911; x_wconf 79' lang='lat' dir='ltr'><strong>ex</strong></span> <span class='ocrx_word' id='word_1_40' title='bbox 1310 868 1578 910; x_wconf 90' lang='lat' dir='ltr'><strong>consensu</strong></span> <span class='ocrx_word' id='word_1_41' title='bbox 1609 868 1714 906; x_wconf 91' lang='lat' dir='ltr'><strong>non</strong></span> <span class='ocrx_word' id='word_1_42' title='bbox 1742 868 1831 907; x_wconf 83' lang='lat' dir='ltr'><strong>su-</strong></span> 
     </span>
    </p>
   </div>
   <div class='ocr_carea' id='block_1_7' title="bbox 238 940 1832 1026">
    <p class='ocr_par' dir='ltr' id='par_1_7' title="bbox 238 940 1832 1026">
     <span class='ocr_line' id='line_1_7' title="bbox 238 940 1832 1026; baseline -0.009 -17"><span class='ocrx_word' id='word_1_43' title='bbox 238 962 417 1026; x_wconf 89' lang='lat' dir='ltr'><strong>perat.</strong></span> <span class='ocrx_word' id='word_1_44' title='bbox 450 951 593 1006; x_wconf 76' lang='lat' dir='ltr'><strong>Nam</strong></span> <span class='ocrx_word' id='word_1_45' title='bbox 620 958 774 1005; x_wconf 89' lang='lat' dir='ltr'><strong>tanto</strong></span> <span class='ocrx_word' id='word_1_46' title='bbox 803 950 1030 1019; x_wconf 82' lang='lat' dir='ltr'><strong>quisque</strong></span> <span class='ocrx_word' id='word_1_47' title='bbox 1071 962 1102 1001; x_wconf 90' lang='lat' dir='ltr'><strong>a</strong></span> <span class='ocrx_word' id='word_1_48' title='bbox 1143 960 1378 1015; x_wconf 90' lang='lat' dir='ltr'><strong>superno</strong></span> <span class='ocrx_word' id='word_1_49' title='bbox 1415 956 1601 997; x_wconf 90' lang='lat' dir='ltr'><strong>amore</strong></span> <span class='ocrx_word' id='word_1_50' title='bbox 1628 940 1832 1010; x_wconf 88' lang='lat' dir='ltr'><strong>disjun-</strong></span> 
     </span>
    </p>
   </div>
   <div class='ocr_carea' id='block_1_8' title="bbox 237 1034 1832 1116">
    <p class='ocr_par' dir='ltr' id='par_1_8' title="bbox 237 1034 1832 1116">
     <span class='ocr_line' id='line_1_8' title="bbox 237 1034 1832 1116; baseline -0.007 -17"><span class='ocrx_word' id='word_1_51' title='bbox 237 1046 409 1116; x_wconf 83' lang='lat' dir='ltr'><strong>gitur,</strong></span> <span class='ocrx_word' id='word_1_52' title='bbox 454 1049 667 1113; x_wconf 81' lang='lat' dir='ltr'><strong>quanto</strong></span> <span class='ocrx_word' id='word_1_53' title='bbox 714 1037 946 1094; x_wconf 88' lang='lat' dir='ltr'><strong>inferius</strong></span> <span class='ocrx_word' id='word_1_54' title='bbox 982 1035 1299 1115; x_wconf 78' lang='lat' dir='ltr'><strong>delectatur.</strong></span> <span class='ocrx_word' id='word_1_55' title='bbox 1346 1034 1575 1090; x_wconf 91' lang='lat' dir='ltr'><strong>Dilectio</strong></span> <span class='ocrx_word' id='word_1_56' title='bbox 1613 1045 1832 1088; x_wconf 87' lang='lat' dir='ltr'><strong>sanctos</strong></span> 
     </span>
    </p>
   </div>
   <div class='ocr_carea' id='block_1_9' title="bbox 247 1124 1831 1200">
    <p class='ocr_par' dir='ltr' id='par_1_9' title="bbox 247 1124 1831 1200">
     <span class='ocr_line' id='line_1_9' title="bbox 247 1124 1831 1200; baseline -0.007 -10"><span class='ocrx_word' id='word_1_57' title='bbox 247 1134 516 1190; x_wconf 80' lang='lat' dir='ltr'><strong>discernit</strong></span> <span class='ocrx_word' id='word_1_58' title='bbox 542 1147 575 1186; x_wconf 92' lang='lat' dir='ltr'><strong>a</strong></span> <span class='ocrx_word' id='word_1_59' title='bbox 604 1130 839 1195; x_wconf 90' lang='lat' dir='ltr'><strong>mundo,</strong></span> <span class='ocrx_word' id='word_1_60' title='bbox 869 1145 989 1200; x_wconf 74' lang='lat' dir='ltr'><strong>qute</strong></span> <span class='ocrx_word' id='word_1_61' title='bbox 1016 1127 1153 1184; x_wconf 81' lang='lat' dir='ltr'><strong>fecit</strong></span> <span class='ocrx_word' id='word_1_62' title='bbox 1189 1127 1472 1182; x_wconf 86' lang='lat' dir='ltr'><strong>unanimes</strong></span> <span class='ocrx_word' id='word_1_63' title='bbox 1498 1126 1746 1182; x_wconf 83' lang='lat' dir='ltr'><strong>habitare</strong></span> <span class='ocrx_word' id='word_1_64' title='bbox 1774 1124 1831 1180; x_wconf 89' lang='lat' dir='ltr'><strong>in</strong></span> 
     </span>
    </p>
   </div>
   <div class='ocr_carea' id='block_1_10' title="bbox 240 1213 1829 1290">
    <p class='ocr_par' dir='ltr' id='par_1_10' title="bbox 240 1213 1829 1290">
     <span class='ocr_line' id='line_1_10' title="bbox 240 1213 1829 1290; baseline -0.008 -11"><span class='ocrx_word' id='word_1_65' title='bbox 240 1223 437 1287; x_wconf 88' lang='lat' dir='ltr'><strong>domo,</strong></span> <span class='ocrx_word' id='word_1_66' title='bbox 475 1220 535 1275; x_wconf 90' lang='lat' dir='ltr'><strong>in</strong></span> <span class='ocrx_word' id='word_1_67' title='bbox 562 1233 673 1290; x_wconf 85' lang='lat' dir='ltr'><strong>qua</strong></span> <span class='ocrx_word' id='word_1_68' title='bbox 697 1218 857 1272; x_wconf 92' lang='lat' dir='ltr'><strong>domo</strong></span> <span class='ocrx_word' id='word_1_69' title='bbox 884 1216 1185 1271; x_wconf 84' lang='lat' dir='ltr'><strong>facitPater</strong></span> <span class='ocrx_word' id='word_1_70' title='bbox 1210 1223 1265 1269; x_wconf 92' lang='lat' dir='ltr'><strong>et</strong></span> <span class='ocrx_word' id='word_1_71' title='bbox 1279 1214 1446 1270; x_wconf 82' lang='lat' dir='ltr'><strong>Filius</strong></span> <span class='ocrx_word' id='word_1_72' title='bbox 1471 1213 1829 1279; x_wconf 85' lang='lat' dir='ltr'><strong>mansionem,</strong></span> 
     </span>
    </p>
   </div>
   <div class='ocr_carea' id='block_1_11' title="bbox 238 1305 1834 1384">
    <p class='ocr_par' dir='ltr' id='par_1_11' title="bbox 238 1305 1834 1384">
     <span class='ocr_line' id='line_1_11' title="bbox 238 1305 1834 1384; baseline -0.004 -18"><span class='ocrx_word' id='word_1_73' title='bbox 238 1314 331 1384; x_wconf 86' lang='lat' dir='ltr'><strong>qui</strong></span> <span class='ocrx_word' id='word_1_74' title='bbox 352 1313 567 1368; x_wconf 85' lang='lat' dir='ltr'><strong>donant</strong></span> <span class='ocrx_word' id='word_1_75' title='bbox 588 1318 644 1364; x_wconf 91' lang='lat' dir='ltr'><strong>et</strong></span> <span class='ocrx_word' id='word_1_76' title='bbox 665 1308 836 1379; x_wconf 86' lang='lat' dir='ltr'><strong>ipsam</strong></span> <span class='ocrx_word' id='word_1_77' title='bbox 854 1307 1194 1364; x_wconf 83' lang='lat' dir='ltr'><strong>dilectionem</strong></span> <span class='ocrx_word' id='word_1_78' title='bbox 1211 1306 1407 1377; x_wconf 88' lang='lat' dir='ltr'><strong>quibus</strong></span> <span class='ocrx_word' id='word_1_79' title='bbox 1421 1305 1628 1360; x_wconf 85' lang='lat' dir='ltr'><strong>donant</strong></span> <span class='ocrx_word' id='word_1_80' title='bbox 1648 1305 1701 1359; x_wconf 92' lang='lat' dir='ltr'><strong>in</strong></span> <span class='ocrx_word' id='word_1_81' title='bbox 1727 1305 1834 1360; x_wconf 85' lang='lat' dir='ltr'><strong>line</strong></span> 
     </span>
    </p>
   </div>
   <div class='ocr_carea' id='block_1_12' title="bbox 236 1395 1834 1465">
    <p class='ocr_par' dir='ltr' id='par_1_12' title="bbox 236 1395 1834 1465">
     <span class='ocr_line' id='line_1_12' title="bbox 236 1395 1834 1465; baseline -0.006 -8"><span class='ocrx_word' id='word_1_82' title='bbox 236 1404 402 1458; x_wconf 86' lang='lat' dir='ltr'><strong>etiam</strong></span> <span class='ocrx_word' id='word_1_83' title='bbox 435 1414 596 1456; x_wconf 89' lang='lat' dir='ltr'><strong>suam</strong></span> <span class='ocrx_word' id='word_1_84' title='bbox 622 1395 1133 1453; x_wconf 81' lang='lat' dir='ltr'><strong>manifestationem.</strong></span> <span class='ocrx_word' id='word_1_85' title='bbox 1165 1396 1241 1451; x_wconf 90' lang='lat' dir='ltr'><strong>Dc</strong></span> <span class='ocrx_word' id='word_1_86' title='bbox 1268 1411 1373 1465; x_wconf 92' lang='lat' dir='ltr'><strong>qua</strong></span> <span class='ocrx_word' id='word_1_87' title='bbox 1402 1395 1834 1451; x_wconf 87' lang='lat' dir='ltr'><strong>manifestatione</strong></span> 
     </span>
    </p>
   </div>
   <div class='ocr_carea' id='block_1_13' title="bbox 237 1485 1831 1564">
    <p class='ocr_par' dir='ltr' id='par_1_13' title="bbox 237 1485 1831 1564">
     <span class='ocr_line' id='line_1_13' title="bbox 237 1485 1831 1564; baseline -0.004 -16"><span class='ocrx_word' id='word_1_88' title='bbox 237 1493 545 1564; x_wconf 81' lang='lat' dir='ltr'><strong>discipulus</strong></span> <span class='ocrx_word' id='word_1_89' title='bbox 571 1490 927 1563; x_wconf 74' lang='lat' dir='ltr'><strong>interrogavit</strong></span> <span class='ocrx_word' id='word_1_90' title='bbox 965 1497 1021 1545; x_wconf 92' lang='lat' dir='ltr'><strong>et</strong></span> <span class='ocrx_word' id='word_1_91' title='bbox 1043 1488 1281 1553; x_wconf 76' lang='lat' dir='ltr'><strong>audivit,</strong></span> <span class='ocrx_word' id='word_1_92' title='bbox 1314 1488 1382 1542; x_wconf 88' lang='lat' dir='ltr'><strong>ad</strong></span> <span class='ocrx_word' id='word_1_93' title='bbox 1418 1489 1558 1542; x_wconf 87' lang='lat' dir='ltr'><strong>hanc</strong></span> <span class='ocrx_word' id='word_1_94' title='bbox 1598 1485 1831 1542; x_wconf 80' lang='lat' dir='ltr'><strong>manife-</strong></span> 
     </span>
    </p>
   </div>
   <div class='ocr_carea' id='block_1_14' title="bbox 238 1579 1548 1654">
    <p class='ocr_par' dir='ltr' id='par_1_14' title="bbox 238 1579 1548 1654">
     <span class='ocr_line' id='line_1_14' title="bbox 238 1579 1548 1654; baseline -0.005 -14"><span class='ocrx_word' id='word_1_95' title='bbox 238 1584 537 1641; x_wconf 85' lang='lat' dir='ltr'><strong>stationem</strong></span> <span class='ocrx_word' id='word_1_96' title='bbox 562 1597 664 1654; x_wconf 90' lang='lat' dir='ltr'><strong>per</strong></span> <span class='ocrx_word' id='word_1_97' title='bbox 690 1580 1032 1636; x_wconf 87' lang='lat' dir='ltr'><strong>dilectionem</strong></span> <span class='ocrx_word' id='word_1_98' title='bbox 1057 1579 1380 1635; x_wconf 86' lang='lat' dir='ltr'><strong>veniendum</strong></span> <span class='ocrx_word' id='word_1_99' title='bbox 1406 1595 1548 1635; x_wconf 90' lang='lat' dir='ltr'><strong>esse.</strong></span> 
     </span>
    </p>
   </div>
   <div class='ocr_carea' id='block_1_15' title="bbox 308 1668 1832 1743">
    <p class='ocr_par' dir='ltr' id='par_1_15' title="bbox 308 1668 1832 1743">
     <span class='ocr_line' id='line_1_15' title="bbox 308 1668 1832 1743; baseline -0.005 -13"><span class='ocrx_word' id='word_1_100' title='bbox 308 1675 420 1743; x_wconf 65' lang='lat' dir='ltr'><strong>Qui</strong></span> <span class='ocrx_word' id='word_1_101' title='bbox 461 1690 573 1728; x_wconf 80' lang='lat' dir='ltr'><strong>non</strong></span> <span class='ocrx_word' id='word_1_102' title='bbox 617 1672 787 1743; x_wconf 79' lang='lat' dir='ltr'><strong>diligit</strong></span> <span class='ocrx_word' id='word_1_103' title='bbox 815 1689 928 1737; x_wconf 85' lang='lat' dir='ltr'><strong>me,</strong></span> <span class='ocrx_word' id='word_1_104' title='bbox 951 1688 1211 1726; x_wconf 74' lang='lat' dir='ltr'><strong>sermones</strong></span> <span class='ocrx_word' id='word_1_105' title='bbox 1238 1688 1377 1725; x_wconf 88' lang='lat' dir='ltr'><strong>meos</strong></span> <span class='ocrx_word' id='word_1_106' title='bbox 1409 1688 1514 1725; x_wconf 87' lang='lat' dir='ltr'><strong>non</strong></span> <span class='ocrx_word' id='word_1_107' title='bbox 1541 1680 1732 1726; x_wconf 83' lang='lat' dir='ltr'><strong>servat.</strong></span> <span class='ocrx_word' id='word_1_108' title='bbox 1765 1668 1832 1724; x_wconf 82' lang='lat' dir='ltr'><strong>Hi</strong></span> 
     </span>
    </p>
   </div>
   <div class='ocr_carea' id='block_1_16' title="bbox 1226 301 2797 370">
    <p class='ocr_par' dir='ltr' id='par_1_16' title="bbox 1226 301 2797 370">
     <span class='ocr_line' id='line_1_16' title="bbox 1226 301 2797 370; baseline -0.002 0"><span class='ocrx_word' id='word_1_109' title='bbox 1226 326 1227 329; x_wconf 44' lang='grc' dir='ltr'><strong><em>κ</em></strong></span> <span class='ocrx_word' id='word_1_110' title='bbox 1316 301 1624 370; x_wconf 65' lang='grc' dir='ltr'><strong>ΠΟΜΙΙᾹΑΞ</strong></span> <span class='ocrx_word' id='word_1_111' title='bbox 1665 309 1731 366; x_wconf 81' lang='lat' dir='ltr'><strong>IN</strong></span> <span class='ocrx_word' id='word_1_112' title='bbox 1766 309 2022 368; x_wconf 77' lang='lat' dir='ltr'><strong>EVANC.</strong></span> <span class='ocrx_word' id='word_1_113' title='bbox 2062 310 2152 366; x_wconf 84' lang='lat' dir='ltr'><strong>ET</strong></span> <span class='ocrx_word' id='word_1_114' title='bbox 2188 308 2407 367; x_wconf 78' lang='lat' dir='ltr'><strong>Epts&#39;r.</strong></span> <span class='ocrx_word' id='word_1_115' title='bbox 2520 314 2523 315; x_wconf 45' lang='grc' dir='ltr'><em>ν</em></span> <span class='ocrx_word' id='word_1_116' title='bbox 2791 360 2797 367; x_wconf 85' lang='lat'><strong>.</strong></span> 
     </span>
    </p>
   </div>
   <div class='ocr_carea' id='block_1_17' title="bbox 244 401 3512 480">
    <p class='ocr_par' dir='ltr' id='par_1_17' title="bbox 244 401 3512 480">
     <span class='ocr_line' id='line_1_17' title="bbox 244 401 3512 480; baseline -0.004 -7"><span class='ocrx_word' id='word_1_117' title='bbox 244 429 332 473; x_wconf 87' lang='lat' dir='ltr'><strong>tur</strong></span> <span class='ocrx_word' id='word_1_118' title='bbox 358 430 390 469; x_wconf 73' lang='lat' dir='ltr'><strong>s</strong></span> <span class='ocrx_word' id='word_1_119' title='bbox 428 410 584 474; x_wconf 78' lang='lat' dir='ltr'><strong>Filio,</strong></span> <span class='ocrx_word' id='word_1_120' title='bbox 615 408 867 480; x_wconf 74' lang='lat' dir='ltr'><strong>diligitur</strong></span> <span class='ocrx_word' id='word_1_121' title='bbox 893 422 921 462; x_wconf 88' lang='lat' dir='ltr'><strong>a</strong></span> <span class='ocrx_word' id='word_1_122' title='bbox 954 407 1147 470; x_wconf 83' lang='lat' dir='ltr'><strong>Patre,</strong></span> <span class='ocrx_word' id='word_1_123' title='bbox 1174 414 1221 460; x_wconf 82' lang='lat' dir='ltr'><strong>et</strong></span> <span class='ocrx_word' id='word_1_124' title='bbox 1256 405 1324 458; x_wconf 83' lang='lat' dir='ltr'><strong>ad</strong></span> <span class='ocrx_word' id='word_1_125' title='bbox 1349 421 1466 459; x_wconf 88' lang='lat' dir='ltr'><strong>eum</strong></span> <span class='ocrx_word' id='word_1_126' title='bbox 1490 404 1752 458; x_wconf 69' lang='lat' dir='ltr'><strong>veniemus</strong></span> <span class='ocrx_word' id='word_1_127' title='bbox 1779 412 1828 457; x_wconf 87' lang='lat' dir='ltr'><strong>et</strong></span> <span class='ocrx_word' id='word_1_128' title='bbox 1857 408 1906 467; x_wconf 81' lang='grc' dir='ltr'><strong>Α</strong></span> <span class='ocrx_word' id='word_1_129' title='bbox 1932 419 2072 474; x_wconf 86' lang='lat' dir='ltr'><strong>quo,</strong></span> <span class='ocrx_word' id='word_1_130' title='bbox 2111 403 2220 459; x_wconf 88' lang='lat' dir='ltr'><strong>illic</strong></span> <span class='ocrx_word' id='word_1_131' title='bbox 2253 403 2352 467; x_wconf 85' lang='lat' dir='ltr'><strong>do,</strong></span> <span class='ocrx_word' id='word_1_132' title='bbox 2381 402 2732 474; x_wconf 82' lang='lat' dir='ltr'><strong>sequentibus</strong></span> <span class='ocrx_word' id='word_1_133' title='bbox 2766 401 3041 473; x_wconf 82' lang='lat' dir='ltr'><strong>relinquo,</strong></span> <span class='ocrx_word' id='word_1_134' title='bbox 3072 401 3512 473; x_wconf 76' lang='lat' dir='ltr'><strong>pervenientibus</strong></span> 
     </span>
    </p>
   </div>
   <div class='ocr_carea' id='block_1_18' title="bbox 3403 310 3510 366">
    <p class='ocr_par' dir='ltr' id='par_1_18' title="bbox 3403 310 3510 366">
     <span class='ocr_line' id='line_1_18' title="bbox 3403 310 3510 366; baseline 0.009 -1"><span class='ocrx_word' id='word_1_135' title='bbox 3403 310 3510 366; x_wconf 70' lang='lat'><strong>$58</strong></span> 
     </span>
    </p>
   </div>
   <div class='ocr_carea' id='block_1_19' title="bbox 1932 493 3512 564">
    <p class='ocr_par' dir='ltr' id='par_1_19' title="bbox 1932 493 3512 564">
     <span class='ocr_line' id='line_1_19' title="bbox 1932 493 3512 564; baseline -0.001 -14"><span class='ocrx_word' id='word_1_136' title='bbox 1932 495 2021 550; x_wconf 90' lang='lat' dir='ltr'><strong>do.</strong></span> <span class='ocrx_word' id='word_1_137' title='bbox 2068 493 2265 549; x_wconf 81' lang='lat' dir='ltr'><strong>Pacem</strong></span> <span class='ocrx_word' id='word_1_138' title='bbox 2292 509 2443 551; x_wconf 90' lang='lat' dir='ltr'><strong>suam</strong></span> <span class='ocrx_word' id='word_1_139' title='bbox 2472 493 2692 564; x_wconf 85' lang='lat' dir='ltr'><strong>reliquit</strong></span> <span class='ocrx_word' id='word_1_140' title='bbox 2719 493 2906 558; x_wconf 81' lang='lat' dir='ltr'><strong>nobis,</strong></span> <span class='ocrx_word' id='word_1_141' title='bbox 2937 502 2994 547; x_wconf 92' lang='lat' dir='ltr'><strong>ut</strong></span> <span class='ocrx_word' id='word_1_142' title='bbox 3022 509 3121 548; x_wconf 91' lang='lat' dir='ltr'><strong>nos</strong></span> <span class='ocrx_word' id='word_1_143' title='bbox 3158 493 3388 551; x_wconf 78' lang='lat' dir='ltr'><strong>invicem</strong></span> <span class='ocrx_word' id='word_1_144' title='bbox 3427 494 3512 549; x_wconf 84' lang='lat' dir='ltr'><strong>di-</strong></span> 
     </span>
    </p>
   </div>
   <div class='ocr_carea' id='block_1_20' title="bbox 1910 583 3511 659">
    <p class='ocr_par' dir='ltr' id='par_1_20' title="bbox 1910 583 3511 659">
     <span class='ocr_line' id='line_1_20' title="bbox 1910 583 3511 659; baseline 0.001 -22"><span class='ocrx_word' id='word_1_145' title='bbox 1910 583 2160 659; x_wconf 78' lang='lat' dir='ltr'><strong>ligamus</strong></span> <span class='ocrx_word' id='word_1_146' title='bbox 2185 601 2199 650; x_wconf 91' lang='lat'><strong>;</strong></span> <span class='ocrx_word' id='word_1_147' title='bbox 2228 599 2415 653; x_wconf 81' lang='lat' dir='ltr'><strong>pacem</strong></span> <span class='ocrx_word' id='word_1_148' title='bbox 2441 599 2593 638; x_wconf 90' lang='lat' dir='ltr'><strong>suam</strong></span> <span class='ocrx_word' id='word_1_149' title='bbox 2621 585 2771 639; x_wconf 89' lang='lat' dir='ltr'><strong>dabit</strong></span> <span class='ocrx_word' id='word_1_150' title='bbox 2793 585 2948 639; x_wconf 88' lang='lat' dir='ltr'><strong>nobis</strong></span> <span class='ocrx_word' id='word_1_151' title='bbox 2968 624 2981 648; x_wconf 91' lang='lat'><strong>,</strong></span> <span class='ocrx_word' id='word_1_152' title='bbox 3012 584 3100 639; x_wconf 93' lang='lat' dir='ltr'><strong>ubi</strong></span> <span class='ocrx_word' id='word_1_153' title='bbox 3130 598 3404 654; x_wconf 87' lang='lat' dir='ltr'><strong>nunquam</strong></span> <span class='ocrx_word' id='word_1_154' title='bbox 3427 585 3511 639; x_wconf 87' lang='lat' dir='ltr'><strong>in-</strong></span> 
     </span>
    </p>
   </div>
   <div class='ocr_carea' id='block_1_21' title="bbox 1930 674 3509 746">
    <p class='ocr_par' dir='ltr' id='par_1_21' title="bbox 1930 674 3509 746">
     <span class='ocr_line' id='line_1_21' title="bbox 1930 674 3509 746; baseline 0.003 -18"><span class='ocrx_word' id='word_1_155' title='bbox 1930 674 2104 729; x_wconf 86' lang='lat' dir='ltr'><strong>vicem</strong></span> <span class='ocrx_word' id='word_1_156' title='bbox 2127 674 2414 729; x_wconf 77' lang='lat' dir='ltr'><strong>dissentire</strong></span> <span class='ocrx_word' id='word_1_157' title='bbox 2430 689 2734 743; x_wconf 88' lang='lat' dir='ltr'><strong>possumus.</strong></span> <span class='ocrx_word' id='word_1_158' title='bbox 2758 674 2893 740; x_wconf 84' lang='lat' dir='ltr'><strong>Quid</strong></span> <span class='ocrx_word' id='word_1_159' title='bbox 2909 684 2993 729; x_wconf 89' lang='lat' dir='ltr'><strong>est</strong></span> <span class='ocrx_word' id='word_1_160' title='bbox 3006 675 3147 744; x_wconf 87' lang='lat' dir='ltr'><strong>quod</strong></span> <span class='ocrx_word' id='word_1_161' title='bbox 3160 676 3313 741; x_wconf 83' lang='lat' dir='ltr'><strong>dicit,</strong></span> <span class='ocrx_word' id='word_1_162' title='bbox 3328 692 3509 746; x_wconf 74' lang='lat' dir='ltr'><strong>pacein</strong></span> 
     </span>
    </p>
   </div>
   <div class='ocr_carea' id='block_1_22' title="bbox 1930 746 3512 839">
    <p class='ocr_par' dir='ltr' id='par_1_22' title="bbox 1930 746 3512 839">
     <span class='ocr_line' id='line_1_22' title="bbox 1930 746 3512 839; baseline 0.004 -20"><span class='ocrx_word' id='word_1_163' title='bbox 1930 782 2099 819; x_wconf 86' lang='lat' dir='ltr'><strong>meam</strong></span> <span class='ocrx_word' id='word_1_164' title='bbox 2121 765 2188 819; x_wconf 88' lang='lat' dir='ltr'><strong>do</strong></span> <span class='ocrx_word' id='word_1_165' title='bbox 2214 765 2372 831; x_wconf 79' lang='lat' dir='ltr'><strong>vobis,</strong></span> <span class='ocrx_word' id='word_1_166' title='bbox 2389 774 2444 820; x_wconf 91' lang='lat' dir='ltr'><strong>et</strong></span> <span class='ocrx_word' id='word_1_167' title='bbox 2465 782 2569 820; x_wconf 94' lang='lat' dir='ltr'><strong>non</strong></span> <span class='ocrx_word' id='word_1_168' title='bbox 2595 766 2724 820; x_wconf 89' lang='lat' dir='ltr'><strong>dicit</strong></span> <span class='ocrx_word' id='word_1_169' title='bbox 2743 782 2931 837; x_wconf 89' lang='lat' dir='ltr'><strong>pacem</strong></span> <span class='ocrx_word' id='word_1_170' title='bbox 2954 783 3126 822; x_wconf 89' lang='lat' dir='ltr'><strong>meam</strong></span> <span class='ocrx_word' id='word_1_171' title='bbox 3150 746 3394 839; x_wconf 83' lang='lat' dir='ltr'><strong>relinquo</strong></span> <span class='ocrx_word' id='word_1_172' title='bbox 3414 785 3512 826; x_wconf 89' lang='lat' dir='ltr'><strong>vo-</strong></span> 
     </span>
    </p>
   </div>
   <div class='ocr_carea' id='block_1_23' title="bbox 1929 856 3503 929">
    <p class='ocr_par' dir='ltr' id='par_1_23' title="bbox 1929 856 3503 929">
     <span class='ocr_line' id='line_1_23' title="bbox 1929 856 3503 929; baseline 0.003 -19"><span class='ocrx_word' id='word_1_173' title='bbox 1929 856 2054 911; x_wconf 87' lang='lat' dir='ltr'><strong>bis?</strong></span> <span class='ocrx_word' id='word_1_174' title='bbox 2093 857 2338 911; x_wconf 80' lang='lat' dir='ltr'><strong>fortassis</strong></span> <span class='ocrx_word' id='word_1_175' title='bbox 2383 857 2508 925; x_wconf 86' lang='lat' dir='ltr'><strong>quia</strong></span> <span class='ocrx_word' id='word_1_176' title='bbox 2541 857 2698 912; x_wconf 88' lang='lat' dir='ltr'><strong>aliter</strong></span> <span class='ocrx_word' id='word_1_177' title='bbox 2727 873 2869 912; x_wconf 89' lang='lat' dir='ltr'><strong>nunc</strong></span> <span class='ocrx_word' id='word_1_178' title='bbox 2901 857 3055 911; x_wconf 84' lang='lat' dir='ltr'><strong>aliter</strong></span> <span class='ocrx_word' id='word_1_179' title='bbox 3074 860 3215 915; x_wconf 68' lang='lat' dir='ltr'><strong>&quot;tunc</strong></span> <span class='ocrx_word' id='word_1_180' title='bbox 3243 875 3346 929; x_wconf 77' lang='lat' dir='ltr'><strong>pax</strong></span> <span class='ocrx_word' id='word_1_181' title='bbox 3377 861 3503 916; x_wconf 87' lang='lat' dir='ltr'><strong>erit.</strong></span> 
     </span>
    </p>
   </div>
   <div class='ocr_carea' id='block_1_24' title="bbox 1932 945 3502 1018">
    <p class='ocr_par' dir='ltr' id='par_1_24' title="bbox 1932 945 3502 1018">
     <span class='ocr_line' id='line_1_24' title="bbox 1932 945 3502 1018; baseline 0.004 -17"><span class='ocrx_word' id='word_1_182' title='bbox 1932 945 2029 1001; x_wconf 85' lang='lat' dir='ltr'><strong>Hic</strong></span> <span class='ocrx_word' id='word_1_183' title='bbox 2053 947 2190 1001; x_wconf 85' lang='lat' dir='ltr'><strong>bella</strong></span> <span class='ocrx_word' id='word_1_184' title='bbox 2212 963 2334 1001; x_wconf 84' lang='lat' dir='ltr'><strong>cum</strong></span> <span class='ocrx_word' id='word_1_185' title='bbox 2363 947 2509 1003; x_wconf 77' lang='lat' dir='ltr'><strong>vitiis</strong></span> <span class='ocrx_word' id='word_1_186' title='bbox 2523 948 2808 1013; x_wconf 86' lang='lat' dir='ltr'><strong>habemus,</strong></span> <span class='ocrx_word' id='word_1_187' title='bbox 2826 949 2946 1005; x_wconf 86' lang='lat' dir='ltr'><strong>ideo</strong></span> <span class='ocrx_word' id='word_1_188' title='bbox 2963 965 3068 1005; x_wconf 91' lang='lat' dir='ltr'><strong>non</strong></span> <span class='ocrx_word' id='word_1_189' title='bbox 3083 952 3288 1006; x_wconf 83' lang='lat' dir='ltr'><strong>addidit</strong></span> <span class='ocrx_word' id='word_1_190' title='bbox 3302 967 3502 1018; x_wconf 87' lang='lat' dir='ltr'><strong>meam,</strong></span> 
     </span>
    </p>
   </div>
   <div class='ocr_carea' id='block_1_25' title="bbox 1932 1036 3507 1111">
    <p class='ocr_par' dir='ltr' id='par_1_25' title="bbox 1932 1036 3507 1111">
     <span class='ocr_line' id='line_1_25' title="bbox 1932 1036 3507 1111; baseline 0.005 -21"><span class='ocrx_word' id='word_1_191' title='bbox 1932 1036 2039 1091; x_wconf 89' lang='lat' dir='ltr'><strong>illic</strong></span> <span class='ocrx_word' id='word_1_192' title='bbox 2064 1052 2192 1091; x_wconf 90' lang='lat' dir='ltr'><strong>vero</strong></span> <span class='ocrx_word' id='word_1_193' title='bbox 2224 1037 2277 1090; x_wconf 91' lang='lat' dir='ltr'><strong>in</strong></span> <span class='ocrx_word' id='word_1_194' title='bbox 2309 1046 2510 1090; x_wconf 81' lang='lat' dir='ltr'><strong>aeterna</strong></span> <span class='ocrx_word' id='word_1_195' title='bbox 2550 1052 2686 1106; x_wconf 88' lang='lat' dir='ltr'><strong>pace</strong></span> <span class='ocrx_word' id='word_1_196' title='bbox 2707 1047 2908 1094; x_wconf 67' lang='lat' dir='ltr'><strong>azterna</strong></span> <span class='ocrx_word' id='word_1_197' title='bbox 2933 1039 3037 1094; x_wconf 90' lang='lat' dir='ltr'><strong>erit</strong></span> <span class='ocrx_word' id='word_1_198' title='bbox 3067 1042 3424 1111; x_wconf 84' lang='lat' dir='ltr'><strong>tranquillitas</strong></span> <span class='ocrx_word' id='word_1_199' title='bbox 3449 1051 3507 1098; x_wconf 88' lang='lat' dir='ltr'><strong>et</strong></span> 
     </span>
    </p>
   </div>
   <div class='ocr_carea' id='block_1_26' title="bbox 1930 1127 3509 1205">
    <p class='ocr_par' dir='ltr' id='par_1_26' title="bbox 1930 1127 3509 1205">
     <span class='ocr_line' id='line_1_26' title="bbox 1930 1127 3509 1205; baseline 0.004 -23"><span class='ocrx_word' id='word_1_200' title='bbox 1930 1127 2238 1193; x_wconf 88' lang='lat' dir='ltr'><strong>concordia,</strong></span> <span class='ocrx_word' id='word_1_201' title='bbox 2261 1137 2317 1182; x_wconf 88' lang='lat' dir='ltr'><strong>et</strong></span> <span class='ocrx_word' id='word_1_202' title='bbox 2336 1128 2458 1184; x_wconf 87' lang='lat' dir='ltr'><strong>talis</strong></span> <span class='ocrx_word' id='word_1_203' title='bbox 2479 1144 2583 1199; x_wconf 82' lang='lat' dir='ltr'><strong>pax</strong></span> <span class='ocrx_word' id='word_1_204' title='bbox 2604 1130 2817 1199; x_wconf 90' lang='lat' dir='ltr'><strong>qualem</strong></span> <span class='ocrx_word' id='word_1_205' title='bbox 2844 1131 2932 1185; x_wconf 90' lang='lat' dir='ltr'><strong>ille</strong></span> <span class='ocrx_word' id='word_1_206' title='bbox 2953 1131 3139 1187; x_wconf 90' lang='lat' dir='ltr'><strong>habuit</strong></span> <span class='ocrx_word' id='word_1_207' title='bbox 3161 1148 3283 1187; x_wconf 90' lang='lat' dir='ltr'><strong>cum</strong></span> <span class='ocrx_word' id='word_1_208' title='bbox 3305 1133 3509 1205; x_wconf 79' lang='lat' dir='ltr'><strong>seipse,</strong></span> 
     </span>
    </p>
   </div>
   <div class='ocr_carea' id='block_1_27' title="bbox 1933 1218 2980 1297">
    <p class='ocr_par' dir='ltr' id='par_1_27' title="bbox 1933 1218 2980 1297">
     <span class='ocr_line' id='line_1_27' title="bbox 1933 1218 2980 1297; baseline 0.005 -25"><span class='ocrx_word' id='word_1_209' title='bbox 1933 1218 2023 1297; x_wconf 86' lang='lat' dir='ltr'><strong>qui</strong></span> <span class='ocrx_word' id='word_1_210' title='bbox 2052 1218 2257 1273; x_wconf 89' lang='lat' dir='ltr'><strong>nullum</strong></span> <span class='ocrx_word' id='word_1_211' title='bbox 2290 1219 2479 1275; x_wconf 88' lang='lat' dir='ltr'><strong>habuit</strong></span> <span class='ocrx_word' id='word_1_212' title='bbox 2506 1221 2556 1274; x_wconf 89' lang='lat' dir='ltr'><strong>in</strong></span> <span class='ocrx_word' id='word_1_213' title='bbox 2588 1236 2645 1275; x_wconf 87' lang='lat' dir='ltr'><strong>se</strong></span> <span class='ocrx_word' id='word_1_214' title='bbox 2674 1232 2980 1291; x_wconf 90' lang='lat' dir='ltr'><strong>peccatum.</strong></span> 
     </span>
    </p>
   </div>
   <div class='ocr_carea' id='block_1_28' title="bbox 2004 1312 3510 1385">
    <p class='ocr_par' dir='ltr' id='par_1_28' title="bbox 2004 1312 3510 1385">
     <span class='ocr_line' id='line_1_28' title="bbox 2004 1312 3510 1385; baseline 0.005 -19"><span class='ocrx_word' id='word_1_215' title='bbox 2004 1312 2130 1368; x_wconf 85' lang='lat' dir='ltr'><strong>Non</strong></span> <span class='ocrx_word' id='word_1_216' title='bbox 2172 1313 2430 1384; x_wconf 87' lang='lat' dir='ltr'><strong>quomodo</strong></span> <span class='ocrx_word' id='word_1_217' title='bbox 2472 1314 2701 1368; x_wconf 86' lang='lat' dir='ltr'><strong>mundus</strong></span> <span class='ocrx_word' id='word_1_218' title='bbox 2741 1314 2865 1376; x_wconf 83' lang='lat' dir='ltr'><strong>dat,</strong></span> <span class='ocrx_word' id='word_1_219' title='bbox 2897 1332 2989 1385; x_wconf 87' lang='lat' dir='ltr'><strong>ego</strong></span> <span class='ocrx_word' id='word_1_220' title='bbox 3015 1314 3083 1369; x_wconf 86' lang='lat' dir='ltr'><strong>do</strong></span> <span class='ocrx_word' id='word_1_221' title='bbox 3122 1315 3284 1372; x_wconf 79' lang='lat' dir='ltr'><strong>vobis.</strong></span> <span class='ocrx_word' id='word_1_222' title='bbox 3324 1316 3382 1372; x_wconf 89' lang='lat' dir='ltr'><strong>Id</strong></span> <span class='ocrx_word' id='word_1_223' title='bbox 3422 1325 3510 1374; x_wconf 85' lang='lat' dir='ltr'><strong>est</strong></span> 
     </span>
    </p>
   </div>
   <div class='ocr_carea' id='block_1_29' title="bbox 1932 1408 3507 1479">
    <p class='ocr_par' dir='ltr' id='par_1_29' title="bbox 1932 1408 3507 1479">
     <span class='ocr_line' id='line_1_29' title="bbox 1932 1408 3507 1479; baseline 0.001 -16"><span class='ocrx_word' id='word_1_224' title='bbox 1932 1424 2039 1463; x_wconf 92' lang='lat' dir='ltr'><strong>non</strong></span> <span class='ocrx_word' id='word_1_225' title='bbox 2077 1409 2346 1479; x_wconf 89' lang='lat' dir='ltr'><strong>quomodo</strong></span> <span class='ocrx_word' id='word_1_226' title='bbox 2385 1408 2438 1463; x_wconf 92' lang='lat' dir='ltr'><strong>in</strong></span> <span class='ocrx_word' id='word_1_227' title='bbox 2482 1409 2681 1463; x_wconf 91' lang='lat' dir='ltr'><strong>mundo</strong></span> <span class='ocrx_word' id='word_1_228' title='bbox 2724 1409 2968 1464; x_wconf 89' lang='lat' dir='ltr'><strong>homines</strong></span> <span class='ocrx_word' id='word_1_229' title='bbox 3005 1424 3149 1479; x_wconf 76' lang='lat' dir='ltr'><strong>saepe</strong></span> <span class='ocrx_word' id='word_1_230' title='bbox 3185 1409 3285 1465; x_wconf 87' lang='lat' dir='ltr'><strong>sibi</strong></span> <span class='ocrx_word' id='word_1_231' title='bbox 3327 1410 3381 1464; x_wconf 87' lang='lat' dir='ltr'><strong>in</strong></span> <span class='ocrx_word' id='word_1_232' title='bbox 3410 1424 3507 1465; x_wconf 89' lang='lat' dir='ltr'><strong>sua</strong></span> 
     </span>
    </p>
   </div>
   <div class='ocr_carea' id='block_1_30' title="bbox 1933 1498 3509 1570">
    <p class='ocr_par' dir='ltr' id='par_1_30' title="bbox 1933 1498 3509 1570">
     <span class='ocr_line' id='line_1_30' title="bbox 1933 1498 3509 1570; baseline 0.002 -17"><span class='ocrx_word' id='word_1_233' title='bbox 1933 1498 2136 1553; x_wconf 89' lang='lat' dir='ltr'><strong>malitia</strong></span> <span class='ocrx_word' id='word_1_234' title='bbox 2178 1499 2550 1555; x_wconf 84' lang='lat' dir='ltr'><strong>concordant:</strong></span> <span class='ocrx_word' id='word_1_235' title='bbox 2583 1500 2676 1554; x_wconf 91' lang='lat' dir='ltr'><strong>sed</strong></span> <span class='ocrx_word' id='word_1_236' title='bbox 2706 1500 2978 1569; x_wconf 87' lang='lat' dir='ltr'><strong>quomodo</strong></span> <span class='ocrx_word' id='word_1_237' title='bbox 3025 1500 3117 1570; x_wconf 85' lang='lat' dir='ltr'><strong>qui</strong></span> <span class='ocrx_word' id='word_1_238' title='bbox 3154 1500 3255 1555; x_wconf 85' lang='lat' dir='ltr'><strong>sibi</strong></span> <span class='ocrx_word' id='word_1_239' title='bbox 3286 1501 3341 1555; x_wconf 87' lang='lat' dir='ltr'><strong>in</strong></span> <span class='ocrx_word' id='word_1_240' title='bbox 3381 1516 3509 1556; x_wconf 83' lang='lat' dir='ltr'><strong>san-</strong></span> 
     </span>
    </p>
   </div>
   <div class='ocr_carea' id='block_1_31' title="bbox 1847 1588 3514 1648">
    <p class='ocr_par' dir='ltr' id='par_1_31' title="bbox 1847 1588 3514 1648">
     <span class='ocr_line' id='line_1_31' title="bbox 1847 1588 3514 1648; baseline 0 -3"><span class='ocrx_word' id='word_1_241' title='bbox 1847 1592 1849 1594; x_wconf 74' lang='grc'><strong><em>’</em></strong></span> <span class='ocrx_word' id='word_1_242' title='bbox 1932 1589 2123 1645; x_wconf 87' lang='lat' dir='ltr'><strong>ctitate</strong></span> <span class='ocrx_word' id='word_1_243' title='bbox 2171 1591 2504 1645; x_wconf 86' lang='lat' dir='ltr'><strong>concordant</strong></span> <span class='ocrx_word' id='word_1_244' title='bbox 2552 1597 2608 1645; x_wconf 93' lang='lat' dir='ltr'><strong>et</strong></span> <span class='ocrx_word' id='word_1_245' title='bbox 2654 1589 2710 1643; x_wconf 80' lang='lat' dir='ltr'><strong>in</strong></span> <span class='ocrx_word' id='word_1_246' title='bbox 2754 1588 2956 1644; x_wconf 88' lang='lat' dir='ltr'><strong>Christi</strong></span> <span class='ocrx_word' id='word_1_247' title='bbox 2988 1605 3048 1644; x_wconf 88' lang='lat' dir='ltr'><strong>se</strong></span> <span class='ocrx_word' id='word_1_248' title='bbox 3075 1591 3339 1647; x_wconf 88' lang='lat' dir='ltr'><strong>charitate</strong></span> <span class='ocrx_word' id='word_1_249' title='bbox 3382 1606 3514 1648; x_wconf 88' lang='lat' dir='ltr'><strong>con-</strong></span> 
     </span>
    </p>
   </div>
   <div class='ocr_carea' id='block_1_32' title="bbox 1929 1678 2184 1752">
    <p class='ocr_par' dir='ltr' id='par_1_32' title="bbox 1929 1678 2184 1752">
     <span class='ocr_line' id='line_1_32' title="bbox 1929 1678 2184 1752; baseline 0 -18"><span class='ocrx_word' id='word_1_250' title='bbox 1929 1678 2184 1752; x_wconf 76' lang='lat' dir='ltr'><strong>jungunt.</strong></span> 
     </span>
    </p>
   </div>
   <div class='ocr_carea' id='block_1_33' title="bbox 239 1754 1861 1840">
    <p class='ocr_par' dir='ltr' id='par_1_33' title="bbox 239 1760 1833 1836">
     <span class='ocr_line' id='line_1_33' title="bbox 239 1760 1833 1836; baseline -0.006 -13"><span class='ocrx_word' id='word_1_251' title='bbox 239 1776 370 1823; x_wconf 80' lang='lat' dir='ltr'><strong>snnt</strong></span> <span class='ocrx_word' id='word_1_252' title='bbox 393 1765 493 1836; x_wconf 85' lang='lat' dir='ltr'><strong>qui</strong></span> <span class='ocrx_word' id='word_1_253' title='bbox 534 1763 754 1818; x_wconf 85' lang='lat' dir='ltr'><strong>Patrem</strong></span> <span class='ocrx_word' id='word_1_254' title='bbox 793 1770 849 1817; x_wconf 93' lang='lat' dir='ltr'><strong>et</strong></span> <span class='ocrx_word' id='word_1_255' title='bbox 886 1760 1145 1832; x_wconf 89' lang='lat' dir='ltr'><strong>Spiritum</strong></span> <span class='ocrx_word' id='word_1_256' title='bbox 1177 1769 1421 1816; x_wconf 90' lang='lat' dir='ltr'><strong>sanctum</strong></span> <span class='ocrx_word' id='word_1_257' title='bbox 1453 1775 1728 1829; x_wconf 84' lang='lat' dir='ltr'><strong>nunquam</strong></span> <span class='ocrx_word' id='word_1_258' title='bbox 1754 1760 1833 1814; x_wconf 87' lang='lat' dir='ltr'><strong>vi-</strong></span> 
     </span>
    </p>
   </div>
   <div class='ocr_carea' id='block_1_34' title="bbox 1946 1754 3510 1840">
    <p class='ocr_par' dir='ltr' id='par_1_34' title="bbox 2009 1754 3510 1840">
     <span class='ocr_line' id='line_1_34' title="bbox 2009 1754 3510 1840; baseline 0.001 -17"><span class='ocrx_word' id='word_1_259' title='bbox 2009 1768 2132 1824; x_wconf 86' lang='lat' dir='ltr'><strong>Non</strong></span> <span class='ocrx_word' id='word_1_260' title='bbox 2156 1770 2394 1824; x_wconf 77' lang='lat' dir='ltr'><strong>turbetur</strong></span> <span class='ocrx_word' id='word_1_261' title='bbox 2416 1784 2509 1823; x_wconf 81' lang='lat' dir='ltr'><strong>cor</strong></span> <span class='ocrx_word' id='word_1_262' title='bbox 2538 1776 2763 1823; x_wconf 71' lang='lat' dir='ltr'><strong>uestrum</strong></span> <span class='ocrx_word' id='word_1_263' title='bbox 2790 1786 2952 1840; x_wconf 85' lang='lat' dir='ltr'><strong>neque</strong></span> <span class='ocrx_word' id='word_1_264' title='bbox 2978 1754 3241 1838; x_wconf 81' lang='lat' dir='ltr'><strong>formidet.</strong></span> <span class='ocrx_word' id='word_1_265' title='bbox 3272 1768 3510 1825; x_wconf 80' lang='lat' dir='ltr'><strong>Audistis</strong></span> 
     </span>
    </p>
   </div>
   <div class='ocr_carea' id='block_1_35' title="bbox 241 1850 1833 1921">
    <p class='ocr_par' dir='ltr' id='par_1_35' title="bbox 241 1850 1833 1921">
     <span class='ocr_line' id='line_1_35' title="bbox 241 1850 1833 1921; baseline -0.006 -9"><span class='ocrx_word' id='word_1_266' title='bbox 241 1858 393 1921; x_wconf 83' lang='lat' dir='ltr'><strong>dent,</strong></span> <span class='ocrx_word' id='word_1_267' title='bbox 428 1854 634 1909; x_wconf 88' lang='lat' dir='ltr'><strong>Filium</strong></span> <span class='ocrx_word' id='word_1_268' title='bbox 663 1861 869 1919; x_wconf 89' lang='lat' dir='ltr'><strong>autem,</strong></span> <span class='ocrx_word' id='word_1_269' title='bbox 902 1867 1007 1906; x_wconf 91' lang='lat' dir='ltr'><strong>non</strong></span> <span class='ocrx_word' id='word_1_270' title='bbox 1037 1860 1097 1906; x_wconf 92' lang='lat' dir='ltr'><strong>ut</strong></span> <span class='ocrx_word' id='word_1_271' title='bbox 1120 1850 1514 1915; x_wconf 83' lang='lat' dir='ltr'><strong>beatiﬁcentur,</strong></span> <span class='ocrx_word' id='word_1_272' title='bbox 1546 1850 1638 1905; x_wconf 89' lang='lat' dir='ltr'><strong>sed</strong></span> <span class='ocrx_word' id='word_1_273' title='bbox 1664 1858 1724 1904; x_wconf 86' lang='lat' dir='ltr'><strong>ut</strong></span> <span class='ocrx_word' id='word_1_274' title='bbox 1745 1850 1833 1920; x_wconf 81' lang='lat' dir='ltr'><strong>ju-</strong></span> 
     </span>
    </p>
   </div>
   <div class='ocr_carea' id='block_1_36' title="bbox 238 1939 1831 2011">
    <p class='ocr_par' dir='ltr' id='par_1_36' title="bbox 238 1939 1831 2011">
     <span class='ocr_line' id='line_1_36' title="bbox 238 1939 1831 2011; baseline -0.006 -8"><span class='ocrx_word' id='word_1_275' title='bbox 238 1950 503 2003; x_wconf 83' lang='lat' dir='ltr'><strong>dicentur</strong></span> <span class='ocrx_word' id='word_1_276' title='bbox 522 1944 595 2000; x_wconf 88' lang='lat' dir='ltr'><strong>ad</strong></span> <span class='ocrx_word' id='word_1_277' title='bbox 618 1943 886 1999; x_wconf 90' lang='lat' dir='ltr'><strong>modicum</strong></span> <span class='ocrx_word' id='word_1_278' title='bbox 912 1942 1105 2011; x_wconf 73' lang='lat' dir='ltr'><strong>vident~</strong></span> <span class='ocrx_word' id='word_1_279' title='bbox 1119 1957 1218 1997; x_wconf 90' lang='lat' dir='ltr'><strong>nec</strong></span> <span class='ocrx_word' id='word_1_280' title='bbox 1246 1941 1422 2011; x_wconf 91' lang='lat' dir='ltr'><strong>ipsum</strong></span> <span class='ocrx_word' id='word_1_281' title='bbox 1449 1941 1503 1994; x_wconf 91' lang='lat' dir='ltr'><strong>in</strong></span> <span class='ocrx_word' id='word_1_282' title='bbox 1535 1941 1704 1994; x_wconf 85' lang='lat' dir='ltr'><strong>forma</strong></span> <span class='ocrx_word' id='word_1_283' title='bbox 1737 1939 1831 1993; x_wconf 89' lang='lat' dir='ltr'><strong>Dei</strong></span> 
     </span>
    </p>
   </div>
   <div class='ocr_carea' id='block_1_37' title="bbox 237 2027 1834 2102">
    <p class='ocr_par' dir='ltr' id='par_1_37' title="bbox 237 2027 1834 2102">
     <span class='ocr_line' id='line_1_37' title="bbox 237 2027 1834 2102; baseline -0.006 -12"><span class='ocrx_word' id='word_1_284' title='bbox 237 2038 328 2093; x_wconf 85' lang='lat' dir='ltr'><strong>ubi</strong></span> <span class='ocrx_word' id='word_1_285' title='bbox 362 2044 455 2092; x_wconf 86' lang='lat' dir='ltr'><strong>est</strong></span> <span class='ocrx_word' id='word_1_286' title='bbox 484 2050 611 2090; x_wconf 90' lang='lat' dir='ltr'><strong>cum</strong></span> <span class='ocrx_word' id='word_1_287' title='bbox 639 2033 798 2089; x_wconf 88' lang='lat' dir='ltr'><strong>Patre</strong></span> <span class='ocrx_word' id='word_1_288' title='bbox 839 2039 895 2087; x_wconf 91' lang='lat' dir='ltr'><strong>et</strong></span> <span class='ocrx_word' id='word_1_289' title='bbox 930 2030 1137 2102; x_wconf 89' lang='lat' dir='ltr'><strong>Spiritu</strong></span> <span class='ocrx_word' id='word_1_290' title='bbox 1177 2038 1366 2086; x_wconf 90' lang='lat' dir='ltr'><strong>sancto</strong></span> <span class='ocrx_word' id='word_1_291' title='bbox 1401 2029 1606 2099; x_wconf 88' lang='lat' dir='ltr'><strong>pariter</strong></span> <span class='ocrx_word' id='word_1_292' title='bbox 1646 2027 1834 2082; x_wconf 86' lang='lat' dir='ltr'><strong>invisi-</strong></span> 
     </span>
    </p>
   </div>
   <div class='ocr_carea' id='block_1_38' title="bbox 235 2121 1835 2195">
    <p class='ocr_par' dir='ltr' id='par_1_38' title="bbox 235 2121 1835 2195">
     <span class='ocr_line' id='line_1_38' title="bbox 235 2121 1835 2195; baseline -0.005 -11"><span class='ocrx_word' id='word_1_293' title='bbox 235 2131 365 2185; x_wconf 83' lang='lat' dir='ltr'><strong>bilis</strong></span> <span class='ocrx_word' id='word_1_294' title='bbox 386 2170 402 2195; x_wconf 94' lang='lat'><strong>,</strong></span> <span class='ocrx_word' id='word_1_295' title='bbox 448 2128 547 2185; x_wconf 86' lang='lat' dir='ltr'><strong>sed</strong></span> <span class='ocrx_word' id='word_1_296' title='bbox 587 2128 642 2183; x_wconf 92' lang='lat' dir='ltr'><strong>in</strong></span> <span class='ocrx_word' id='word_1_297' title='bbox 681 2126 856 2183; x_wconf 81' lang='lat' dir='ltr'><strong>forma</strong></span> <span class='ocrx_word' id='word_1_298' title='bbox 890 2125 1124 2181; x_wconf 87' lang='lat' dir='ltr'><strong>hominis</strong></span> <span class='ocrx_word' id='word_1_299' title='bbox 1157 2121 1249 2178; x_wconf 91' lang='lat' dir='ltr'><strong>ubi</strong></span> <span class='ocrx_word' id='word_1_300' title='bbox 1284 2138 1405 2178; x_wconf 89' lang='lat' dir='ltr'><strong>esse</strong></span> <span class='ocrx_word' id='word_1_301' title='bbox 1435 2122 1636 2177; x_wconf 88' lang='lat' dir='ltr'><strong>mundo</strong></span> <span class='ocrx_word' id='word_1_302' title='bbox 1666 2121 1835 2176; x_wconf 87' lang='lat' dir='ltr'><strong>voluit</strong></span> 
     </span>
    </p>
   </div>
   <div class='ocr_carea' id='block_1_39' title="bbox 238 2213 1615 2291">
    <p class='ocr_par' dir='ltr' id='par_1_39' title="bbox 238 2213 1615 2291">
     <span class='ocr_line' id='line_1_39' title="bbox 238 2213 1615 2291; baseline -0.006 -16"><span class='ocrx_word' id='word_1_303' title='bbox 238 2220 509 2291; x_wconf 79' lang='lat' dir='ltr'><strong>patiendo</strong></span> <span class='ocrx_word' id='word_1_304' title='bbox 538 2216 959 2288; x_wconf 90' lang='lat' dir='ltr'><strong>contemptibilis</strong></span> <span class='ocrx_word' id='word_1_305' title='bbox 979 2256 994 2282; x_wconf 90' lang='lat'><strong>,</strong></span> <span class='ocrx_word' id='word_1_306' title='bbox 1020 2215 1314 2287; x_wconf 89' lang='lat' dir='ltr'><strong>judicando</strong></span> <span class='ocrx_word' id='word_1_307' title='bbox 1343 2213 1615 2270; x_wconf 89' lang='lat' dir='ltr'><strong>terribilis.</strong></span> 
     </span>
    </p>
   </div>
   <div class='ocr_carea' id='block_1_40' title="bbox 312 2299 1833 2376">
    <p class='ocr_par' dir='ltr' id='par_1_40' title="bbox 312 2299 1833 2376">
     <span class='ocr_line' id='line_1_40' title="bbox 312 2299 1833 2376; baseline -0.006 -14"><span class='ocrx_word' id='word_1_308' title='bbox 312 2308 389 2362; x_wconf 78' lang='lat' dir='ltr'><strong>Et</strong></span> <span class='ocrx_word' id='word_1_309' title='bbox 412 2322 710 2361; x_wconf 82' lang='lat' dir='ltr'><strong>sermonem</strong></span> <span class='ocrx_word' id='word_1_310' title='bbox 738 2320 890 2376; x_wconf 85' lang='lat' dir='ltr'><strong>quem</strong></span> <span class='ocrx_word' id='word_1_311' title='bbox 921 2304 1142 2357; x_wconf 81' lang='lat' dir='ltr'><strong>audistis</strong></span> <span class='ocrx_word' id='word_1_312' title='bbox 1170 2319 1271 2357; x_wconf 85' lang='lat' dir='ltr'><strong>non</strong></span> <span class='ocrx_word' id='word_1_313' title='bbox 1303 2311 1377 2355; x_wconf 86' lang='lat' dir='ltr'><strong>est</strong></span> <span class='ocrx_word' id='word_1_314' title='bbox 1409 2318 1577 2366; x_wconf 87' lang='lat' dir='ltr'><strong>meus,</strong></span> <span class='ocrx_word' id='word_1_315' title='bbox 1605 2300 1694 2354; x_wconf 82' lang='lat' dir='ltr'><strong>sed</strong></span> <span class='ocrx_word' id='word_1_316' title='bbox 1720 2299 1833 2369; x_wconf 82' lang='lat' dir='ltr'><strong>ejus</strong></span> 
     </span>
    </p>
   </div>
   <div class='ocr_carea' id='block_1_41' title="bbox 237 2390 1834 2467">
    <p class='ocr_par' dir='ltr' id='par_1_41' title="bbox 237 2390 1834 2467">
     <span class='ocr_line' id='line_1_41' title="bbox 237 2390 1834 2467; baseline -0.004 -16"><span class='ocrx_word' id='word_1_317' title='bbox 237 2399 330 2467; x_wconf 76' lang='lat' dir='ltr'><strong>qui</strong></span> <span class='ocrx_word' id='word_1_318' title='bbox 381 2396 529 2450; x_wconf 83' lang='lat' dir='ltr'><strong>misit</strong></span> <span class='ocrx_word' id='word_1_319' title='bbox 576 2411 690 2459; x_wconf 86' lang='lat' dir='ltr'><strong>me,</strong></span> <span class='ocrx_word' id='word_1_320' title='bbox 732 2393 934 2448; x_wconf 83' lang='lat' dir='ltr'><strong>Putris.</strong></span> <span class='ocrx_word' id='word_1_321' title='bbox 976 2392 1113 2460; x_wconf 88' lang='lat' dir='ltr'><strong>Quid</strong></span> <span class='ocrx_word' id='word_1_322' title='bbox 1152 2402 1237 2451; x_wconf 88' lang='lat' dir='ltr'><strong>est</strong></span> <span class='ocrx_word' id='word_1_323' title='bbox 1277 2392 1420 2463; x_wconf 88' lang='lat' dir='ltr'><strong>quod</strong></span> <span class='ocrx_word' id='word_1_324' title='bbox 1462 2392 1611 2463; x_wconf 91' lang='lat' dir='ltr'><strong>prius</strong></span> <span class='ocrx_word' id='word_1_325' title='bbox 1641 2390 1834 2461; x_wconf 87' lang='lat' dir='ltr'><strong>plurali</strong></span> 
     </span>
    </p>
   </div>
   <div class='ocr_carea' id='block_1_42' title="bbox 242 2479 1836 2551">
    <p class='ocr_par' dir='ltr' id='par_1_42' title="bbox 242 2479 1836 2551">
     <span class='ocr_line' id='line_1_42' title="bbox 242 2479 1836 2551; baseline -0.004 -11"><span class='ocrx_word' id='word_1_326' title='bbox 242 2500 482 2540; x_wconf 87' lang='lat' dir='ltr'><strong>numero</strong></span> <span class='ocrx_word' id='word_1_327' title='bbox 526 2497 804 2539; x_wconf 88' lang='lat' dir='ltr'><strong>sermones</strong></span> <span class='ocrx_word' id='word_1_328' title='bbox 841 2482 1011 2547; x_wconf 77' lang='lat' dir='ltr'><strong>dixit,</strong></span> <span class='ocrx_word' id='word_1_329' title='bbox 1041 2498 1187 2536; x_wconf 91' lang='lat' dir='ltr'><strong>nunc</strong></span> <span class='ocrx_word' id='word_1_330' title='bbox 1217 2491 1399 2536; x_wconf 86' lang='lat' dir='ltr'><strong>autem</strong></span> <span class='ocrx_word' id='word_1_331' title='bbox 1431 2479 1690 2551; x_wconf 80' lang='lat' dir='ltr'><strong>singulari</strong></span> <span class='ocrx_word' id='word_1_332' title='bbox 1722 2495 1836 2533; x_wconf 88' lang='lat' dir='ltr'><strong>ser-</strong></span> 
     </span>
    </p>
   </div>
   <div class='ocr_carea' id='block_1_43' title="bbox 243 2571 1838 2644">
    <p class='ocr_par' dir='ltr' id='par_1_43' title="bbox 243 2571 1838 2644">
     <span class='ocr_line' id='line_1_43' title="bbox 243 2571 1838 2644; baseline -0.005 -13"><span class='ocrx_word' id='word_1_333' title='bbox 243 2577 471 2631; x_wconf 69' lang='lat' dir='ltr'><strong>nmnem</strong></span> <span class='ocrx_word' id='word_1_334' title='bbox 491 2574 517 2628; x_wconf 80' lang='lat'><strong>?</strong></span> <span class='ocrx_word' id='word_1_335' title='bbox 556 2573 804 2628; x_wconf 82' lang='lat' dir='ltr'><strong>fortassis</strong></span> <span class='ocrx_word' id='word_1_336' title='bbox 833 2571 1241 2644; x_wconf 75' lang='lat' dir='ltr'><strong>przedicationis</strong></span> <span class='ocrx_word' id='word_1_337' title='bbox 1271 2572 1343 2627; x_wconf 87' lang='lat' dir='ltr'><strong>ibi</strong></span> <span class='ocrx_word' id='word_1_338' title='bbox 1374 2587 1653 2628; x_wconf 89' lang='lat' dir='ltr'><strong>sermones</strong></span> <span class='ocrx_word' id='word_1_339' title='bbox 1682 2586 1838 2625; x_wconf 91' lang='lat' dir='ltr'><strong>mon-</strong></span> 
     </span>
    </p>
   </div>
   <div class='ocr_carea' id='block_1_44' title="bbox 240 2663 1834 2736">
    <p class='ocr_par' dir='ltr' id='par_1_44' title="bbox 240 2663 1834 2736">
     <span class='ocr_line' id='line_1_44' title="bbox 240 2663 1834 2736; baseline -0.005 -12"><span class='ocrx_word' id='word_1_340' title='bbox 240 2669 495 2733; x_wconf 73' lang='lat' dir='ltr'><strong>stravit,</strong></span> <span class='ocrx_word' id='word_1_341' title='bbox 536 2668 625 2722; x_wconf 87' lang='lat' dir='ltr'><strong>hic</strong></span> <span class='ocrx_word' id='word_1_342' title='bbox 663 2681 791 2722; x_wconf 79' lang='lat' dir='ltr'><strong>vero</strong></span> <span class='ocrx_word' id='word_1_343' title='bbox 830 2680 889 2721; x_wconf 92' lang='lat' dir='ltr'><strong>se</strong></span> <span class='ocrx_word' id='word_1_344' title='bbox 930 2666 1107 2736; x_wconf 88' lang='lat' dir='ltr'><strong>ipsum</strong></span> <span class='ocrx_word' id='word_1_345' title='bbox 1145 2665 1235 2735; x_wconf 91' lang='lat' dir='ltr'><strong>qui</strong></span> <span class='ocrx_word' id='word_1_346' title='bbox 1261 2675 1345 2720; x_wconf 88' lang='lat' dir='ltr'><strong>est</strong></span> <span class='ocrx_word' id='word_1_347' title='bbox 1371 2665 1605 2720; x_wconf 74' lang='lat' dir='ltr'><strong>Verbum</strong></span> <span class='ocrx_word' id='word_1_348' title='bbox 1637 2663 1834 2727; x_wconf 89' lang='lat' dir='ltr'><strong>Patris,</strong></span> 
     </span>
    </p>
   </div>
   <div class='ocr_carea' id='block_1_45' title="bbox 239 2753 1837 2826">
    <p class='ocr_par' dir='ltr' id='par_1_45' title="bbox 239 2753 1837 2826">
     <span class='ocr_line' id='line_1_45' title="bbox 239 2753 1837 2826; baseline -0.005 -9"><span class='ocrx_word' id='word_1_349' title='bbox 239 2770 300 2817; x_wconf 87' lang='lat' dir='ltr'><strong>et</strong></span> <span class='ocrx_word' id='word_1_350' title='bbox 342 2760 476 2814; x_wconf 86' lang='lat' dir='ltr'><strong>ideo</strong></span> <span class='ocrx_word' id='word_1_351' title='bbox 505 2758 638 2813; x_wconf 80' lang='lat' dir='ltr'><strong>dixit</strong></span> <span class='ocrx_word' id='word_1_352' title='bbox 676 2773 780 2812; x_wconf 91' lang='lat' dir='ltr'><strong>non</strong></span> <span class='ocrx_word' id='word_1_353' title='bbox 819 2772 975 2812; x_wconf 91' lang='lat' dir='ltr'><strong>suum</strong></span> <span class='ocrx_word' id='word_1_354' title='bbox 1015 2756 1139 2826; x_wconf 89' lang='lat' dir='ltr'><strong>quia</strong></span> <span class='ocrx_word' id='word_1_355' title='bbox 1170 2772 1199 2809; x_wconf 87' lang='lat' dir='ltr'><strong>a</strong></span> <span class='ocrx_word' id='word_1_356' title='bbox 1231 2755 1409 2826; x_wconf 84' lang='lat' dir='ltr'><strong>seipso</strong></span> <span class='ocrx_word' id='word_1_357' title='bbox 1452 2771 1557 2811; x_wconf 91' lang='lat' dir='ltr'><strong>non</strong></span> <span class='ocrx_word' id='word_1_358' title='bbox 1597 2763 1708 2819; x_wconf 90' lang='lat' dir='ltr'><strong>est,</strong></span> <span class='ocrx_word' id='word_1_359' title='bbox 1742 2753 1837 2810; x_wconf 91' lang='lat' dir='ltr'><strong>sed</strong></span> 
     </span>
    </p>
   </div>
   <div class='ocr_carea' id='block_1_46' title="bbox 242 2846 1838 2926">
    <p class='ocr_par' dir='ltr' id='par_1_46' title="bbox 242 2846 1838 2926">
     <span class='ocr_line' id='line_1_46' title="bbox 242 2846 1838 2926; baseline -0.006 -18"><span class='ocrx_word' id='word_1_360' title='bbox 242 2869 275 2908; x_wconf 83' lang='lat' dir='ltr'><strong>a</strong></span> <span class='ocrx_word' id='word_1_361' title='bbox 316 2851 529 2916; x_wconf 85' lang='lat' dir='ltr'><strong>Patre,</strong></span> <span class='ocrx_word' id='word_1_362' title='bbox 571 2850 713 2906; x_wconf 89' lang='lat' dir='ltr'><strong>sicut</strong></span> <span class='ocrx_word' id='word_1_363' title='bbox 750 2863 849 2904; x_wconf 90' lang='lat' dir='ltr'><strong>nec</strong></span> <span class='ocrx_word' id='word_1_364' title='bbox 888 2864 984 2904; x_wconf 90' lang='lat' dir='ltr'><strong>sua</strong></span> <span class='ocrx_word' id='word_1_365' title='bbox 1030 2856 1128 2926; x_wconf 41' lang='lat' dir='ltr'><strong>est.</strong></span> <span class='ocrx_word' id='word_1_366' title='bbox 1154 2848 1331 2917; x_wconf 82' lang='lat' dir='ltr'><strong>imago</strong></span> <span class='ocrx_word' id='word_1_367' title='bbox 1372 2846 1465 2902; x_wconf 87' lang='lat' dir='ltr'><strong>sed</strong></span> <span class='ocrx_word' id='word_1_368' title='bbox 1492 2846 1706 2910; x_wconf 88' lang='lat' dir='ltr'><strong>Patris,</strong></span> <span class='ocrx_word' id='word_1_369' title='bbox 1737 2859 1838 2899; x_wconf 91' lang='lat' dir='ltr'><strong>nec</strong></span> 
     </span>
    </p>
   </div>
   <div class='ocr_carea' id='block_1_47' title="bbox 245 2933 1838 3009">
    <p class='ocr_par' dir='ltr' id='par_1_47' title="bbox 245 2933 1838 3009">
     <span class='ocr_line' id='line_1_47' title="bbox 245 2933 1838 3009; baseline -0.008 -10"><span class='ocrx_word' id='word_1_370' title='bbox 245 2957 399 2999; x_wconf 82' lang='lat' dir='ltr'><strong>suus</strong></span> <span class='ocrx_word' id='word_1_371' title='bbox 438 2941 583 2997; x_wconf 87' lang='lat' dir='ltr'><strong>ﬁlius</strong></span> <span class='ocrx_word' id='word_1_372' title='bbox 621 2941 714 2996; x_wconf 87' lang='lat' dir='ltr'><strong>sed</strong></span> <span class='ocrx_word' id='word_1_373' title='bbox 752 2939 954 2995; x_wconf 86' lang='lat' dir='ltr'><strong>Patris.</strong></span> <span class='ocrx_word' id='word_1_374' title='bbox 1018 2937 1185 2993; x_wconf 83' lang='lat' dir='ltr'><strong>Recte</strong></span> <span class='ocrx_word' id='word_1_375' title='bbox 1225 2936 1388 3009; x_wconf 81' lang='lat' dir='ltr'><strong>igitur</strong></span> <span class='ocrx_word' id='word_1_376' title='bbox 1423 2943 1611 2990; x_wconf 88' lang='lat' dir='ltr'><strong>auctor</strong></span> <span class='ocrx_word' id='word_1_377' title='bbox 1649 2933 1838 2989; x_wconf 89' lang='lat' dir='ltr'><strong>tribuit</strong></span> 
     </span>
    </p>
   </div>
   <div class='ocr_carea' id='block_1_48' title="bbox 242 3023 1840 3105">
    <p class='ocr_par' dir='ltr' id='par_1_48' title="bbox 242 3023 1840 3105">
     <span class='ocr_line' id='line_1_48' title="bbox 242 3023 1840 3105; baseline -0.008 -16"><span class='ocrx_word' id='word_1_378' title='bbox 242 3031 524 3105; x_wconf 80' lang='lat' dir='ltr'><strong>quidquid</strong></span> <span class='ocrx_word' id='word_1_379' title='bbox 551 3030 681 3087; x_wconf 87' lang='lat' dir='ltr'><strong>facit</strong></span> <span class='ocrx_word' id='word_1_380' title='bbox 704 3029 927 3101; x_wconf 80' lang='lat' dir='ltr'><strong>:cqualis</strong></span> <span class='ocrx_word' id='word_1_381' title='bbox 951 3045 982 3085; x_wconf 91' lang='lat' dir='ltr'><strong>a</strong></span> <span class='ocrx_word' id='word_1_382' title='bbox 1005 3044 1111 3099; x_wconf 90' lang='lat' dir='ltr'><strong>quo</strong></span> <span class='ocrx_word' id='word_1_383' title='bbox 1142 3028 1303 3083; x_wconf 89' lang='lat' dir='ltr'><strong>habet</strong></span> <span class='ocrx_word' id='word_1_384' title='bbox 1331 3027 1434 3082; x_wconf 91' lang='lat' dir='ltr'><strong>hoc</strong></span> <span class='ocrx_word' id='word_1_385' title='bbox 1459 3024 1634 3096; x_wconf 89' lang='lat' dir='ltr'><strong>ipsum</strong></span> <span class='ocrx_word' id='word_1_386' title='bbox 1652 3063 1668 3090; x_wconf 93' lang='lat'><strong>,</strong></span> <span class='ocrx_word' id='word_1_387' title='bbox 1695 3023 1840 3093; x_wconf 88' lang='lat' dir='ltr'><strong>quod</strong></span> 
     </span>
    </p>
   </div>
   <div class='ocr_carea' id='block_1_49' title="bbox 242 3119 1118 3190">
    <p class='ocr_par' dir='ltr' id='par_1_49' title="bbox 242 3119 1118 3190">
     <span class='ocr_line' id='line_1_49' title="bbox 242 3119 1118 3190; baseline -0.006 -13"><span class='ocrx_word' id='word_1_388' title='bbox 242 3124 333 3177; x_wconf 76' lang='lat' dir='ltr'><strong>illi</strong></span> <span class='ocrx_word' id='word_1_389' title='bbox 367 3130 456 3180; x_wconf 78' lang='lat' dir='ltr'><strong>est</strong></span> <span class='ocrx_word' id='word_1_390' title='bbox 481 3120 849 3178; x_wconf 82' lang='lat' dir='ltr'><strong>indilferenter</strong></span> <span class='ocrx_word' id='word_1_391' title='bbox 875 3119 1118 3190; x_wconf 66' lang='lat' dir='ltr'><strong>aequalis.</strong></span> 
     </span>
    </p>
   </div>
   <div class='ocr_carea' id='block_1_50' title="bbox 331 3199 1843 3282">
    <p class='ocr_par' dir='ltr' id='par_1_50' title="bbox 331 3199 1843 3282">
     <span class='ocr_line' id='line_1_50' title="bbox 331 3199 1843 3282; baseline -0.008 -10"><span class='ocrx_word' id='word_1_392' title='bbox 331 3212 471 3272; x_wconf 62' lang='lat' dir='ltr'><strong>Herc</strong></span> <span class='ocrx_word' id='word_1_393' title='bbox 496 3211 699 3267; x_wconf 80' lang='lat' dir='ltr'><strong>locutus</strong></span> <span class='ocrx_word' id='word_1_394' title='bbox 720 3229 836 3267; x_wconf 87' lang='lat' dir='ltr'><strong>sum</strong></span> <span class='ocrx_word' id='word_1_395' title='bbox 862 3212 1005 3267; x_wconf 72' lang='lat' dir='ltr'><strong>vobis</strong></span> <span class='ocrx_word' id='word_1_396' title='bbox 1031 3209 1170 3282; x_wconf 81' lang='lat' dir='ltr'><strong>apud</strong></span> <span class='ocrx_word' id='word_1_397' title='bbox 1196 3226 1282 3265; x_wconf 78' lang='lat' dir='ltr'><strong>vos</strong></span> <span class='ocrx_word' id='word_1_398' title='bbox 1308 3199 1543 3263; x_wconf 85' lang='lat' dir='ltr'><strong>manens.</strong></span> <span class='ocrx_word' id='word_1_399' title='bbox 1573 3206 1664 3262; x_wconf 91' lang='lat' dir='ltr'><strong>llla</strong></span> <span class='ocrx_word' id='word_1_400' title='bbox 1690 3222 1843 3261; x_wconf 90' lang='lat' dir='ltr'><strong>man-</strong></span> 
     </span>
    </p>
   </div>
   <div class='ocr_carea' id='block_1_51' title="bbox 247 3296 1843 3375">
    <p class='ocr_par' dir='ltr' id='par_1_51' title="bbox 247 3296 1843 3375">
     <span class='ocr_line' id='line_1_51' title="bbox 247 3296 1843 3375; baseline -0.008 -11"><span class='ocrx_word' id='word_1_401' title='bbox 247 3308 341 3364; x_wconf 84' lang='lat' dir='ltr'><strong>sio</strong></span> <span class='ocrx_word' id='word_1_402' title='bbox 396 3304 465 3360; x_wconf 87' lang='lat' dir='ltr'><strong>de</strong></span> <span class='ocrx_word' id='word_1_403' title='bbox 510 3318 617 3375; x_wconf 87' lang='lat' dir='ltr'><strong>qua</strong></span> <span class='ocrx_word' id='word_1_404' title='bbox 663 3303 912 3374; x_wconf 89' lang='lat' dir='ltr'><strong>superius</strong></span> <span class='ocrx_word' id='word_1_405' title='bbox 951 3302 1090 3356; x_wconf 77' lang='lat' dir='ltr'><strong>dixit</strong></span> <span class='ocrx_word' id='word_1_406' title='bbox 1128 3299 1386 3371; x_wconf 88' lang='lat' dir='ltr'><strong>spiritalis</strong></span> <span class='ocrx_word' id='word_1_407' title='bbox 1425 3306 1510 3354; x_wconf 88' lang='lat' dir='ltr'><strong>est</strong></span> <span class='ocrx_word' id='word_1_408' title='bbox 1546 3313 1668 3368; x_wconf 73' lang='lat' dir='ltr'><strong>quae</strong></span> <span class='ocrx_word' id='word_1_409' title='bbox 1712 3296 1843 3353; x_wconf 88' lang='lat' dir='ltr'><strong>solis</strong></span> 
     </span>
    </p>
   </div>
   <div class='ocr_carea' id='block_1_52' title="bbox 248 3389 1843 3461">
    <p class='ocr_par' dir='ltr' id='par_1_52' title="bbox 248 3389 1843 3461">
     <span class='ocr_line' id='line_1_52' title="bbox 248 3389 1843 3461; baseline -0.005 -10"><span class='ocrx_word' id='word_1_410' title='bbox 248 3395 468 3452; x_wconf 58' lang='lat' dir='ltr'><strong>unctis</strong></span> <span class='ocrx_word' id='word_1_411' title='bbox 512 3393 709 3450; x_wconf 86' lang='lat' dir='ltr'><strong>datur:</strong></span> <span class='ocrx_word' id='word_1_412' title='bbox 753 3393 870 3448; x_wconf 67' lang='lat' dir='ltr'><strong>hinc</strong></span> <span class='ocrx_word' id='word_1_413' title='bbox 901 3407 1033 3447; x_wconf 90' lang='lat' dir='ltr'><strong>vero</strong></span> <span class='ocrx_word' id='word_1_414' title='bbox 1068 3391 1133 3445; x_wconf 90' lang='lat' dir='ltr'><strong>de</strong></span> <span class='ocrx_word' id='word_1_415' title='bbox 1169 3406 1275 3461; x_wconf 87' lang='lat' dir='ltr'><strong>qua</strong></span> <span class='ocrx_word' id='word_1_416' title='bbox 1317 3405 1460 3445; x_wconf 91' lang='lat' dir='ltr'><strong>nunc</strong></span> <span class='ocrx_word' id='word_1_417' title='bbox 1487 3389 1618 3444; x_wconf 90' lang='lat' dir='ltr'><strong>dicit</strong></span> <span class='ocrx_word' id='word_1_418' title='bbox 1645 3403 1843 3459; x_wconf 92' lang='lat' dir='ltr'><strong>corpo-</strong></span> 
     </span>
    </p>
   </div>
   <div class='ocr_carea' id='block_1_53' title="bbox 251 3481 1845 3557">
    <p class='ocr_par' dir='ltr' id='par_1_53' title="bbox 251 3481 1845 3557">
     <span class='ocr_line' id='line_1_53' title="bbox 251 3481 1845 3557; baseline -0.004 -14"><span class='ocrx_word' id='word_1_419' title='bbox 251 3488 400 3543; x_wconf 84' lang='lat' dir='ltr'><strong>ralis</strong></span> <span class='ocrx_word' id='word_1_420' title='bbox 436 3493 553 3551; x_wconf 88' lang='lat' dir='ltr'><strong>est,</strong></span> <span class='ocrx_word' id='word_1_421' title='bbox 597 3487 662 3540; x_wconf 89' lang='lat' dir='ltr'><strong>de</strong></span> <span class='ocrx_word' id='word_1_422' title='bbox 710 3500 806 3540; x_wconf 87' lang='lat' dir='ltr'><strong>sua</strong></span> <span class='ocrx_word' id='word_1_423' title='bbox 848 3485 1136 3554; x_wconf 60' lang='lat' dir='ltr'><strong>praesentia</strong></span> <span class='ocrx_word' id='word_1_424' title='bbox 1174 3481 1443 3553; x_wconf 91' lang='lat' dir='ltr'><strong>corporali</strong></span> <span class='ocrx_word' id='word_1_425' title='bbox 1473 3481 1845 3557; x_wconf 83' lang='lat' dir='ltr'><strong>tantummodo</strong></span> 
     </span>
    </p>
   </div>
   <div class='ocr_carea' id='block_1_54' title="bbox 253 3572 1845 3648">
    <p class='ocr_par' dir='ltr' id='par_1_54' title="bbox 253 3572 1845 3648">
     <span class='ocr_line' id='line_1_54' title="bbox 253 3572 1845 3648; baseline -0.004 -14"><span class='ocrx_word' id='word_1_426' title='bbox 253 3580 432 3644; x_wconf 79' lang='lat' dir='ltr'><strong>dixit,</strong></span> <span class='ocrx_word' id='word_1_427' title='bbox 466 3591 629 3648; x_wconf 78' lang='lat' dir='ltr'><strong>quam</strong></span> <span class='ocrx_word' id='word_1_428' title='bbox 658 3576 874 3646; x_wconf 89' lang='lat' dir='ltr'><strong>utrique</strong></span> <span class='ocrx_word' id='word_1_429' title='bbox 901 3583 957 3630; x_wconf 89' lang='lat' dir='ltr'><strong>et</strong></span> <span class='ocrx_word' id='word_1_430' title='bbox 981 3574 1109 3646; x_wconf 82' lang='lat' dir='ltr'><strong>justi</strong></span> <span class='ocrx_word' id='word_1_431' title='bbox 1150 3581 1205 3629; x_wconf 87' lang='lat' dir='ltr'><strong>et</strong></span> <span class='ocrx_word' id='word_1_432' title='bbox 1245 3573 1394 3644; x_wconf 90' lang='lat' dir='ltr'><strong>impii</strong></span> <span class='ocrx_word' id='word_1_433' title='bbox 1433 3572 1618 3627; x_wconf 89' lang='lat' dir='ltr'><strong>videre</strong></span> <span class='ocrx_word' id='word_1_434' title='bbox 1658 3579 1845 3642; x_wconf 87' lang='lat' dir='ltr'><strong>potue-</strong></span> 
     </span>
    </p>
   </div>
   <div class='ocr_carea' id='block_1_55' title="bbox 252 3662 1845 3727">
    <p class='ocr_par' dir='ltr' id='par_1_55' title="bbox 252 3662 1845 3727">
     <span class='ocr_line' id='line_1_55' title="bbox 252 3662 1845 3727; baseline -0.006 -1"><span class='ocrx_word' id='word_1_435' title='bbox 252 3677 412 3726; x_wconf 87' lang='lat' dir='ltr'><strong>runt.</strong></span> <span class='ocrx_word' id='word_1_436' title='bbox 452 3667 549 3724; x_wconf 82' lang='lat' dir='ltr'><strong>llla</strong></span> <span class='ocrx_word' id='word_1_437' title='bbox 588 3668 643 3722; x_wconf 91' lang='lat' dir='ltr'><strong>in</strong></span> <span class='ocrx_word' id='word_1_438' title='bbox 682 3664 1261 3722; x_wconf 66' lang='lat' dir='ltr'><strong>aeternum&#39;beatificat</strong></span> <span class='ocrx_word' id='word_1_439' title='bbox 1304 3664 1593 3727; x_wconf 89' lang='lat' dir='ltr'><strong>liberatos,</strong></span> <span class='ocrx_word' id='word_1_440' title='bbox 1635 3662 1751 3718; x_wconf 70' lang='lat' dir='ltr'><strong>haec</strong></span> <span class='ocrx_word' id='word_1_441' title='bbox 1793 3662 1845 3717; x_wconf 94' lang='lat' dir='ltr'><strong>in</strong></span> 
     </span>
    </p>
   </div>
   <div class='ocr_carea' id='block_1_56' title="bbox 252 3753 1849 3829">
    <p class='ocr_par' dir='ltr' id='par_1_56' title="bbox 252 3753 1849 3829">
     <span class='ocr_line' id='line_1_56' title="bbox 252 3753 1849 3829; baseline -0.007 -12"><span class='ocrx_word' id='word_1_442' title='bbox 252 3770 515 3829; x_wconf 83' lang='lat' dir='ltr'><strong>tempore</strong></span> <span class='ocrx_word' id='word_1_443' title='bbox 535 3757 721 3813; x_wconf 81' lang='lat' dir='ltr'><strong>visitat</strong></span> <span class='ocrx_word' id='word_1_444' title='bbox 742 3756 1063 3829; x_wconf 80' lang='lat' dir='ltr'><strong>liberandos.</strong></span> <span class='ocrx_word' id='word_1_445' title='bbox 1093 3754 1241 3820; x_wconf 71' lang='lat'><strong>&quot;(126,</strong></span> <span class='ocrx_word' id='word_1_446' title='bbox 1268 3754 1477 3824; x_wconf 90' lang='lat' dir='ltr'><strong>inquit,</strong></span> <span class='ocrx_word' id='word_1_447' title='bbox 1502 3753 1707 3807; x_wconf 86' lang='lat' dir='ltr'><strong>locutus</strong></span> <span class='ocrx_word' id='word_1_448' title='bbox 1731 3770 1849 3807; x_wconf 87' lang='lat' dir='ltr'><strong>sum</strong></span> 
     </span>
    </p>
   </div>
   <div class='ocr_carea' id='block_1_57' title="bbox 256 3845 1849 3922">
    <p class='ocr_par' dir='ltr' id='par_1_57' title="bbox 256 3845 1849 3922">
     <span class='ocr_line' id='line_1_57' title="bbox 256 3845 1849 3922; baseline -0.003 -15"><span class='ocrx_word' id='word_1_449' title='bbox 256 3854 412 3908; x_wconf 68' lang='lat' dir='ltr'><strong>tabis</strong></span> <span class='ocrx_word' id='word_1_450' title='bbox 452 3851 594 3922; x_wconf 81' lang='lat' dir='ltr'><strong>apud</strong></span> <span class='ocrx_word' id='word_1_451' title='bbox 633 3868 723 3905; x_wconf 75' lang='lat' dir='ltr'><strong>vos</strong></span> <span class='ocrx_word' id='word_1_452' title='bbox 762 3866 1000 3916; x_wconf 86' lang='lat' dir='ltr'><strong>manens,</strong></span> <span class='ocrx_word' id='word_1_453' title='bbox 1033 3849 1219 3919; x_wconf 89' lang='lat' dir='ltr'><strong>utique</strong></span> <span class='ocrx_word' id='word_1_454' title='bbox 1257 3848 1544 3919; x_wconf 71' lang='lat' dir='ltr'><strong>prmsentia</strong></span> <span class='ocrx_word' id='word_1_455' title='bbox 1580 3845 1849 3919; x_wconf 87' lang='lat' dir='ltr'><strong>corporali</strong></span> 
     </span>
    </p>
   </div>
   <div class='ocr_carea' id='block_1_58' title="bbox 256 3939 1356 4010">
    <p class='ocr_par' dir='ltr' id='par_1_58' title="bbox 256 3939 1356 4010">
     <span class='ocr_line' id='line_1_58' title="bbox 256 3939 1356 4010; baseline -0.005 -12"><span class='ocrx_word' id='word_1_456' title='bbox 256 3958 377 3998; x_wconf 86' lang='lat' dir='ltr'><strong>una</strong></span> <span class='ocrx_word' id='word_1_457' title='bbox 410 3958 535 3998; x_wconf 87' lang='lat' dir='ltr'><strong>cum</strong></span> <span class='ocrx_word' id='word_1_458' title='bbox 568 3941 676 3997; x_wconf 90' lang='lat' dir='ltr'><strong>illis</strong></span> <span class='ocrx_word' id='word_1_459' title='bbox 703 3940 989 3996; x_wconf 88' lang='lat' dir='ltr'><strong>visibiliter</strong></span> <span class='ocrx_word' id='word_1_460' title='bbox 1018 3939 1356 4010; x_wconf 75' lang='lat' dir='ltr'><strong>loquebatur.</strong></span> 
     </span>
    </p>
   </div>
   <div class='ocr_carea' id='block_1_59' title="bbox 363 4027 1850 4101">
    <p class='ocr_par' dir='ltr' id='par_1_59' title="bbox 363 4027 1850 4101">
     <span class='ocr_line' id='line_1_59' title="bbox 363 4027 1850 4101; baseline -0.003 -15"><span class='ocrx_word' id='word_1_461' title='bbox 363 4030 675 4087; x_wconf 75' lang='lat' dir='ltr'><strong>Paracletus</strong></span> <span class='ocrx_word' id='word_1_462' title='bbox 723 4039 898 4085; x_wconf 86' lang='lat' dir='ltr'><strong>autem</strong></span> <span class='ocrx_word' id='word_1_463' title='bbox 936 4028 1164 4101; x_wconf 83' lang='lat' dir='ltr'><strong>Spiritus</strong></span> <span class='ocrx_word' id='word_1_464' title='bbox 1202 4038 1442 4091; x_wconf 87' lang='lat' dir='ltr'><strong>sanctus,</strong></span> <span class='ocrx_word' id='word_1_465' title='bbox 1488 4044 1641 4098; x_wconf 89' lang='lat' dir='ltr'><strong>quem</strong></span> <span class='ocrx_word' id='word_1_466' title='bbox 1685 4027 1850 4082; x_wconf 89' lang='lat' dir='ltr'><strong>mittet</strong></span> 
     </span>
    </p>
   </div>
   <div class='ocr_carea' id='block_1_60' title="bbox 256 4120 1852 4192">
    <p class='ocr_par' dir='ltr' id='par_1_60' title="bbox 256 4120 1852 4192">
     <span class='ocr_line' id='line_1_60' title="bbox 256 4120 1852 4192; baseline -0.003 -12"><span class='ocrx_word' id='word_1_467' title='bbox 256 4126 435 4181; x_wconf 78' lang='lat' dir='ltr'><strong>Pater</strong></span> <span class='ocrx_word' id='word_1_468' title='bbox 473 4124 528 4178; x_wconf 88' lang='lat' dir='ltr'><strong>in</strong></span> <span class='ocrx_word' id='word_1_469' title='bbox 571 4123 781 4178; x_wconf 86' lang='lat' dir='ltr'><strong>nomine</strong></span> <span class='ocrx_word' id='word_1_470' title='bbox 821 4138 970 4187; x_wconf 88' lang='lat' dir='ltr'><strong>meo,</strong></span> <span class='ocrx_word' id='word_1_471' title='bbox 1010 4121 1100 4177; x_wconf 82' lang='lat' dir='ltr'><strong>ille</strong></span> <span class='ocrx_word' id='word_1_472' title='bbox 1137 4139 1227 4177; x_wconf 81' lang='lat' dir='ltr'><strong>vos</strong></span> <span class='ocrx_word' id='word_1_473' title='bbox 1265 4120 1500 4188; x_wconf 83' lang='lat' dir='ltr'><strong>docebit,</strong></span> <span class='ocrx_word' id='word_1_474' title='bbox 1529 4130 1577 4176; x_wconf 92' lang='lat' dir='ltr'><strong>et</strong></span> <span class='ocrx_word' id='word_1_475' title='bbox 1615 4130 1852 4192; x_wconf 84' lang='lat' dir='ltr'><strong>suggeret</strong></span> 
     </span>
    </p>
   </div>
   <div class='ocr_carea' id='block_1_61' title="bbox 263 4209 1855 4283">
    <p class='ocr_par' dir='ltr' id='par_1_61' title="bbox 263 4209 1855 4283">
     <span class='ocr_line' id='line_1_61' title="bbox 263 4209 1855 4283; baseline -0.003 -13"><span class='ocrx_word' id='word_1_476' title='bbox 263 4215 419 4270; x_wconf 67' lang='lat' dir='ltr'><strong>vobis</strong></span> <span class='ocrx_word' id='word_1_477' title='bbox 467 4213 647 4268; x_wconf 84' lang='lat' dir='ltr'><strong>omnia</strong></span> <span class='ocrx_word' id='word_1_478' title='bbox 689 4226 1009 4283; x_wconf 65' lang='lat' dir='ltr'><strong>quiscunque</strong></span> <span class='ocrx_word' id='word_1_479' title='bbox 1055 4212 1238 4268; x_wconf 72' lang='lat' dir='ltr'><strong>dixero</strong></span> <span class='ocrx_word' id='word_1_480' title='bbox 1286 4212 1448 4267; x_wconf 82' lang='lat' dir='ltr'><strong>vobis.</strong></span> <span class='ocrx_word' id='word_1_481' title='bbox 1501 4209 1667 4266; x_wconf 80' lang='lat' dir='ltr'><strong>Multa</strong></span> <span class='ocrx_word' id='word_1_482' title='bbox 1716 4211 1855 4266; x_wconf 78' lang='lat' dir='ltr'><strong>dixit</strong></span> 
     </span>
    </p>
   </div>
   <div class='ocr_carea' id='block_1_62' title="bbox 256 4300 1857 4372">
    <p class='ocr_par' dir='ltr' id='par_1_62' title="bbox 256 4300 1857 4372">
     <span class='ocr_line' id='line_1_62' title="bbox 256 4300 1857 4372; baseline -0.003 -12"><span class='ocrx_word' id='word_1_483' title='bbox 256 4303 618 4360; x_wconf 87' lang='lat' dir='ltr'><strong>audientibus</strong></span> <span class='ocrx_word' id='word_1_484' title='bbox 656 4300 963 4358; x_wconf 80' lang='lat' dir='ltr'><strong>inﬁdelibus</strong></span> <span class='ocrx_word' id='word_1_485' title='bbox 1004 4314 1125 4372; x_wconf 62' lang='lat' dir='ltr'><strong>quae</strong></span> <span class='ocrx_word' id='word_1_486' title='bbox 1163 4303 1215 4357; x_wconf 91' lang='lat' dir='ltr'><strong>in</strong></span> <span class='ocrx_word' id='word_1_487' title='bbox 1256 4317 1444 4359; x_wconf 89' lang='lat' dir='ltr'><strong>eorum</strong></span> <span class='ocrx_word' id='word_1_488' title='bbox 1484 4302 1739 4358; x_wconf 89' lang='lat' dir='ltr'><strong>cordibus</strong></span> <span class='ocrx_word' id='word_1_489' title='bbox 1777 4301 1857 4356; x_wconf 83' lang='lat' dir='ltr'><strong>lo-</strong></span> 
     </span>
    </p>
   </div>
   <div class='ocr_carea' id='block_1_63' title="bbox 258 4392 1854 4465">
    <p class='ocr_par' dir='ltr' id='par_1_63' title="bbox 258 4392 1854 4465">
     <span class='ocr_line' id='line_1_63' title="bbox 258 4392 1854 4465; baseline -0.002 -14"><span class='ocrx_word' id='word_1_490' title='bbox 258 4409 395 4451; x_wconf 81' lang='lat' dir='ltr'><strong>cum</strong></span> <span class='ocrx_word' id='word_1_491' title='bbox 438 4408 549 4449; x_wconf 90' lang='lat' dir='ltr'><strong>non</strong></span> <span class='ocrx_word' id='word_1_492' title='bbox 596 4392 950 4460; x_wconf 82' lang='lat' dir='ltr'><strong>invenerunt,</strong></span> <span class='ocrx_word' id='word_1_493' title='bbox 993 4393 1121 4463; x_wconf 88' lang='lat' dir='ltr'><strong>quia</strong></span> <span class='ocrx_word' id='word_1_494' title='bbox 1168 4392 1404 4465; x_wconf 89' lang='lat' dir='ltr'><strong>Spiritus</strong></span> <span class='ocrx_word' id='word_1_495' title='bbox 1446 4401 1666 4451; x_wconf 88' lang='lat' dir='ltr'><strong>sanctus</strong></span> <span class='ocrx_word' id='word_1_496' title='bbox 1708 4393 1854 4448; x_wconf 91' lang='lat' dir='ltr'><strong>intus</strong></span> 
     </span>
    </p>
   </div>
   <div class='ocr_carea' id='block_1_64' title="bbox 258 4480 1853 4559">
    <p class='ocr_par' dir='ltr' id='par_1_64' title="bbox 258 4480 1853 4559">
     <span class='ocr_line' id='line_1_64' title="bbox 258 4480 1853 4559; baseline 0 -20"><span class='ocrx_word' id='word_1_497' title='bbox 258 4498 367 4539; x_wconf 83' lang='lat' dir='ltr'><strong>eos</strong></span> <span class='ocrx_word' id='word_1_498' title='bbox 403 4498 516 4538; x_wconf 89' lang='lat' dir='ltr'><strong>non</strong></span> <span class='ocrx_word' id='word_1_499' title='bbox 558 4480 794 4537; x_wconf 79' lang='lat' dir='ltr'><strong>docebat</strong></span> <span class='ocrx_word' id='word_1_500' title='bbox 825 4500 838 4535; x_wconf 93' lang='lat'><strong>:</strong></span> <span class='ocrx_word' id='word_1_501' title='bbox 872 4483 1041 4538; x_wconf 90' lang='lat' dir='ltr'><strong>multa</strong></span> <span class='ocrx_word' id='word_1_502' title='bbox 1072 4483 1201 4539; x_wconf 86' lang='lat' dir='ltr'><strong>dicit</strong></span> <span class='ocrx_word' id='word_1_503' title='bbox 1227 4484 1467 4555; x_wconf 87' lang='lat' dir='ltr'><strong>quotidie</strong></span> <span class='ocrx_word' id='word_1_504' title='bbox 1497 4500 1596 4557; x_wconf 89' lang='lat' dir='ltr'><strong>per</strong></span> <span class='ocrx_word' id='word_1_505' title='bbox 1634 4493 1853 4559; x_wconf 80' lang='lat' dir='ltr'><strong>sanctos</strong></span> 
     </span>
    </p>
   </div>
   <div class='ocr_carea' id='block_1_65' title="bbox 255 4572 1853 4644">
    <p class='ocr_par' dir='ltr' id='par_1_65' title="bbox 255 4572 1853 4644">
     <span class='ocr_line' id='line_1_65' title="bbox 255 4572 1853 4644; baseline -0.001 -15"><span class='ocrx_word' id='word_1_506' title='bbox 255 4572 662 4644; x_wconf 66' lang='lat' dir='ltr'><strong>praedicatores</strong></span> <span class='ocrx_word' id='word_1_507' title='bbox 688 4585 808 4641; x_wconf 67' lang='lat' dir='ltr'><strong>quae</strong></span> <span class='ocrx_word' id='word_1_508' title='bbox 837 4572 1119 4628; x_wconf 86' lang='lat' dir='ltr'><strong>audientes</strong></span> <span class='ocrx_word' id='word_1_509' title='bbox 1147 4573 1373 4629; x_wconf 89' lang='lat' dir='ltr'><strong>interius</strong></span> <span class='ocrx_word' id='word_1_510' title='bbox 1403 4588 1509 4629; x_wconf 91' lang='lat' dir='ltr'><strong>non</strong></span> <span class='ocrx_word' id='word_1_511' title='bbox 1550 4574 1853 4644; x_wconf 84' lang='lat' dir='ltr'><strong>recipiunt,</strong></span> 
     </span>
    </p>
   </div>
   <div class='ocr_carea' id='block_1_66' title="bbox 252 4663 1857 4738">
    <p class='ocr_par' dir='ltr' id='par_1_66' title="bbox 252 4663 1857 4738">
     <span class='ocr_line' id='line_1_66' title="bbox 252 4663 1857 4738; baseline 0.001 -17"><span class='ocrx_word' id='word_1_512' title='bbox 252 4665 396 4738; x_wconf 72' lang='lat' dir='ltr'><strong>quia</strong></span> <span class='ocrx_word' id='word_1_513' title='bbox 435 4663 683 4735; x_wconf 83' lang='lat' dir='ltr'><strong>Spiritus</strong></span> <span class='ocrx_word' id='word_1_514' title='bbox 711 4672 932 4719; x_wconf 84' lang='lat' dir='ltr'><strong>sanctus</strong></span> <span class='ocrx_word' id='word_1_515' title='bbox 961 4677 1070 4719; x_wconf 92' lang='lat' dir='ltr'><strong>non</strong></span> <span class='ocrx_word' id='word_1_516' title='bbox 1098 4665 1341 4738; x_wconf 76' lang='lat' dir='ltr'><strong>suggerit</strong></span> <span class='ocrx_word' id='word_1_517' title='bbox 1367 4664 1450 4721; x_wconf 90' lang='lat' dir='ltr'><strong>eis</strong></span> <span class='ocrx_word' id='word_1_518' title='bbox 1478 4666 1709 4722; x_wconf 88' lang='lat' dir='ltr'><strong>interius</strong></span> <span class='ocrx_word' id='word_1_519' title='bbox 1736 4681 1857 4735; x_wconf 72' lang='lat' dir='ltr'><strong>qua:</strong></span> 
     </span>
    </p>
   </div>
   <div class='ocr_carea' id='block_1_67' title="bbox 254 4758 1859 4830">
    <p class='ocr_par' dir='ltr' id='par_1_67' title="bbox 254 4758 1859 4830">
     <span class='ocr_line' id='line_1_67' title="bbox 254 4758 1859 4830; baseline -0.002 -12"><span class='ocrx_word' id='word_1_520' title='bbox 254 4763 564 4818; x_wconf 80' lang='lat' dir='ltr'><strong>audierunt</strong></span> <span class='ocrx_word' id='word_1_521' title='bbox 600 4759 857 4817; x_wconf 78' lang='lat' dir='ltr'><strong>exterius.</strong></span> <span class='ocrx_word' id='word_1_522' title='bbox 899 4758 977 4816; x_wconf 89' lang='lat' dir='ltr'><strong>De</strong></span> <span class='ocrx_word' id='word_1_523' title='bbox 1016 4773 1125 4830; x_wconf 88' lang='lat' dir='ltr'><strong>quo</strong></span> <span class='ocrx_word' id='word_1_524' title='bbox 1167 4768 1314 4815; x_wconf 85' lang='lat' dir='ltr'><strong>recte</strong></span> <span class='ocrx_word' id='word_1_525' title='bbox 1353 4758 1712 4829; x_wconf 87' lang='lat' dir='ltr'><strong>promittitur,</strong></span> <span class='ocrx_word' id='word_1_526' title='bbox 1744 4759 1859 4829; x_wconf 85' lang='lat' dir='ltr'><strong>ipse</strong></span> 
     </span>
    </p>
   </div>
   <div class='ocr_carea' id='block_1_68' title="bbox 254 4849 1858 4931">
    <p class='ocr_par' dir='ltr' id='par_1_68' title="bbox 254 4849 1858 4931">
     <span class='ocr_line' id='line_1_68' title="bbox 254 4849 1858 4931; baseline 0 -25"><span class='ocrx_word' id='word_1_527' title='bbox 254 4869 369 4909; x_wconf 72' lang='lat' dir='ltr'><strong>vos</strong></span> <span class='ocrx_word' id='word_1_528' title='bbox 412 4850 642 4931; x_wconf 72' lang='lat' dir='ltr'><strong>docebit</strong></span> <span class='ocrx_word' id='word_1_529' title='bbox 683 4852 900 4917; x_wconf 89' lang='lat' dir='ltr'><strong>omnia,</strong></span> <span class='ocrx_word' id='word_1_530' title='bbox 945 4851 1040 4922; x_wconf 91' lang='lat' dir='ltr'><strong>qui</strong></span> <span class='ocrx_word' id='word_1_531' title='bbox 1084 4851 1191 4906; x_wconf 89' lang='lat' dir='ltr'><strong>nisi</strong></span> <span class='ocrx_word' id='word_1_532' title='bbox 1236 4850 1375 4906; x_wconf 89' lang='lat' dir='ltr'><strong>idem</strong></span> <span class='ocrx_word' id='word_1_533' title='bbox 1423 4849 1661 4922; x_wconf 87' lang='lat' dir='ltr'><strong>Spiritus</strong></span> <span class='ocrx_word' id='word_1_534' title='bbox 1708 4851 1858 4907; x_wconf 87' lang='lat' dir='ltr'><strong>cordi</strong></span> 
     </span>
    </p>
   </div>
   <div class='ocr_carea' id='block_1_69' title="bbox 255 4941 1860 5009">
    <p class='ocr_par' dir='ltr' id='par_1_69' title="bbox 255 4941 1860 5009">
     <span class='ocr_line' id='line_1_69' title="bbox 255 4941 1860 5009; baseline -0.002 -7"><span class='ocrx_word' id='word_1_535' title='bbox 255 4948 502 5003; x_wconf 76' lang='lat' dir='ltr'><strong>assistat</strong></span> <span class='ocrx_word' id='word_1_536' title='bbox 531 4943 823 5009; x_wconf 83' lang='lat' dir='ltr'><strong>audientis,</strong></span> <span class='ocrx_word' id='word_1_537' title='bbox 850 4944 1057 5000; x_wconf 89' lang='lat' dir='ltr'><strong>otiosus</strong></span> <span class='ocrx_word' id='word_1_538' title='bbox 1077 4951 1162 4999; x_wconf 90' lang='lat' dir='ltr'><strong>est</strong></span> <span class='ocrx_word' id='word_1_539' title='bbox 1185 4957 1364 5000; x_wconf 88' lang='lat' dir='ltr'><strong>sermo</strong></span> <span class='ocrx_word' id='word_1_540' title='bbox 1391 4941 1646 4999; x_wconf 88' lang='lat' dir='ltr'><strong>doctoris.</strong></span> <span class='ocrx_word' id='word_1_541' title='bbox 1687 4941 1860 4998; x_wconf 90' lang='lat' dir='ltr'><strong>Nemo</strong></span> 
     </span>
    </p>
   </div>
   <div class='ocr_carea' id='block_1_70' title="bbox 257 5032 1863 5103">
    <p class='ocr_par' dir='ltr' id='par_1_70' title="bbox 257 5032 1863 5103">
     <span class='ocr_line' id='line_1_70' title="bbox 257 5032 1863 5103; baseline -0.004 -8"><span class='ocrx_word' id='word_1_542' title='bbox 257 5040 418 5096; x_wconf 78' lang='lat' dir='ltr'><strong>enim</strong></span> <span class='ocrx_word' id='word_1_543' title='bbox 460 5035 685 5093; x_wconf 88' lang='lat' dir='ltr'><strong>docenti</strong></span> <span class='ocrx_word' id='word_1_544' title='bbox 723 5034 929 5091; x_wconf 89' lang='lat' dir='ltr'><strong>homini</strong></span> <span class='ocrx_word' id='word_1_545' title='bbox 968 5034 1171 5090; x_wconf 83' lang='lat' dir='ltr'><strong>tribuat</strong></span> <span class='ocrx_word' id='word_1_546' title='bbox 1206 5032 1350 5103; x_wconf 86' lang='lat' dir='ltr'><strong>quod</strong></span> <span class='ocrx_word' id='word_1_547' title='bbox 1389 5048 1455 5088; x_wconf 80' lang='lat' dir='ltr'><strong>ex</strong></span> <span class='ocrx_word' id='word_1_548' title='bbox 1499 5047 1592 5089; x_wconf 89' lang='lat' dir='ltr'><strong>ore</strong></span> <span class='ocrx_word' id='word_1_549' title='bbox 1618 5032 1863 5088; x_wconf 90' lang='lat' dir='ltr'><strong>docentis</strong></span> 
     </span>
    </p>
   </div>
   <div class='ocr_carea' id='block_1_71' title="bbox 258 5125 1863 5203">
    <p class='ocr_par' dir='ltr' id='par_1_71' title="bbox 258 5125 1863 5203">
     <span class='ocr_line' id='line_1_71' title="bbox 258 5125 1863 5203; baseline -0.003 -15"><span class='ocrx_word' id='word_1_550' title='bbox 258 5130 533 5203; x_wconf 72' lang='lat' dir='ltr'><strong>intelligit</strong></span> <span class='ocrx_word' id='word_1_551' title='bbox 550 5171 566 5195; x_wconf 92' lang='lat'><strong>,</strong></span> <span class='ocrx_word' id='word_1_552' title='bbox 595 5129 723 5199; x_wconf 85' lang='lat' dir='ltr'><strong>quia</strong></span> <span class='ocrx_word' id='word_1_553' title='bbox 751 5127 860 5183; x_wconf 89' lang='lat' dir='ltr'><strong>nisi</strong></span> <span class='ocrx_word' id='word_1_554' title='bbox 887 5128 1034 5183; x_wconf 86' lang='lat' dir='ltr'><strong>intus</strong></span> <span class='ocrx_word' id='word_1_555' title='bbox 1060 5127 1130 5183; x_wconf 89' lang='lat' dir='ltr'><strong>sit</strong></span> <span class='ocrx_word' id='word_1_556' title='bbox 1158 5126 1251 5198; x_wconf 90' lang='lat' dir='ltr'><strong>qui</strong></span> <span class='ocrx_word' id='word_1_557' title='bbox 1278 5127 1469 5182; x_wconf 90' lang='lat' dir='ltr'><strong>doceat</strong></span> <span class='ocrx_word' id='word_1_558' title='bbox 1492 5125 1729 5185; x_wconf 85' lang='lat' dir='ltr'><strong>doctoris</strong></span> <span class='ocrx_word' id='word_1_559' title='bbox 1759 5126 1863 5183; x_wconf 90' lang='lat' dir='ltr'><strong>lin-</strong></span> 
     </span>
    </p>
   </div>
   <div class='ocr_carea' id='block_1_72' title="bbox 255 5216 1861 5295">
    <p class='ocr_par' dir='ltr' id='par_1_72' title="bbox 255 5216 1861 5295">
     <span class='ocr_line' id='line_1_72' title="bbox 255 5216 1861 5295; baseline -0.001 -19"><span class='ocrx_word' id='word_1_560' title='bbox 255 5237 374 5295; x_wconf 76' lang='lat' dir='ltr'><strong>gua</strong></span> <span class='ocrx_word' id='word_1_561' title='bbox 404 5217 654 5277; x_wconf 82' lang='lat' dir='ltr'><strong>exterius</strong></span> <span class='ocrx_word' id='word_1_562' title='bbox 682 5217 740 5274; x_wconf 89' lang='lat' dir='ltr'><strong>in</strong></span> <span class='ocrx_word' id='word_1_563' title='bbox 768 5232 1002 5274; x_wconf 82' lang='lat' dir='ltr'><strong>vacuum</strong></span> <span class='ocrx_word' id='word_1_564' title='bbox 1025 5217 1255 5273; x_wconf 83' lang='lat' dir='ltr'><strong>laborat.</strong></span> <span class='ocrx_word' id='word_1_565' title='bbox 1307 5216 1482 5272; x_wconf 82' lang='lat' dir='ltr'><strong>Aliter</strong></span> <span class='ocrx_word' id='word_1_566' title='bbox 1506 5218 1687 5289; x_wconf 87' lang='lat' dir='ltr'><strong>itaque</strong></span> <span class='ocrx_word' id='word_1_567' title='bbox 1722 5232 1861 5288; x_wconf 74' lang='lat' dir='ltr'><strong>pm-</strong></span> 
     </span>
    </p>
   </div>
   <div class='ocr_carea' id='block_1_73' title="bbox 252 5305 1857 5380">
    <p class='ocr_par' dir='ltr' id='par_1_73' title="bbox 252 5305 1857 5380">
     <span class='ocr_line' id='line_1_73' title="bbox 252 5305 1857 5380; baseline -0.004 -11"><span class='ocrx_word' id='word_1_568' title='bbox 252 5312 552 5369; x_wconf 73' lang='lat' dir='ltr'><strong>dicantem</strong></span> <span class='ocrx_word' id='word_1_569' title='bbox 573 5308 851 5366; x_wconf 83' lang='lat' dir='ltr'><strong>Christum</strong></span> <span class='ocrx_word' id='word_1_570' title='bbox 873 5308 1163 5364; x_wconf 88' lang='lat' dir='ltr'><strong>audierunt</strong></span> <span class='ocrx_word' id='word_1_571' title='bbox 1180 5305 1373 5374; x_wconf 71' lang='lat' dir='ltr'><strong>Judaei,</strong></span> <span class='ocrx_word' id='word_1_572' title='bbox 1396 5308 1554 5365; x_wconf 87' lang='lat' dir='ltr'><strong>aliter</strong></span> <span class='ocrx_word' id='word_1_573' title='bbox 1589 5309 1814 5380; x_wconf 74' lang='lat' dir='ltr'><strong>apostoli</strong></span> <span class='ocrx_word' id='word_1_574' title='bbox 1842 5326 1857 5363; x_wconf 87' lang='lat'>:</span> 
     </span>
    </p>
   </div>
   <div class='ocr_carea' id='block_1_74' title="bbox 254 5397 1859 5473">
    <p class='ocr_par' dir='ltr' id='par_1_74' title="bbox 254 5397 1859 5473">
     <span class='ocr_line' id='line_1_74' title="bbox 254 5397 1859 5473; baseline -0.003 -13"><span class='ocrx_word' id='word_1_575' title='bbox 254 5403 349 5460; x_wconf 71' lang='lat' dir='ltr'><strong>im</strong></span> <span class='ocrx_word' id='word_1_576' title='bbox 367 5403 438 5459; x_wconf 83' lang='lat' dir='ltr'><strong>ad</strong></span> <span class='ocrx_word' id='word_1_577' title='bbox 459 5400 751 5473; x_wconf 79' lang='lat' dir='ltr'><strong>indicium,</strong></span> <span class='ocrx_word' id='word_1_578' title='bbox 769 5399 862 5455; x_wconf 88' lang='lat' dir='ltr'><strong>isti</strong></span> <span class='ocrx_word' id='word_1_579' title='bbox 891 5397 961 5453; x_wconf 85' lang='lat' dir='ltr'><strong>ad</strong></span> <span class='ocrx_word' id='word_1_580' title='bbox 981 5398 1229 5453; x_wconf 85' lang='lat' dir='ltr'><strong>salutem.</strong></span> <span class='ocrx_word' id='word_1_581' title='bbox 1252 5397 1392 5466; x_wconf 90' lang='lat' dir='ltr'><strong>Quia</strong></span> <span class='ocrx_word' id='word_1_582' title='bbox 1419 5398 1518 5454; x_wconf 88' lang='lat' dir='ltr'><strong>bos</strong></span> <span class='ocrx_word' id='word_1_583' title='bbox 1542 5398 1778 5470; x_wconf 87' lang='lat' dir='ltr'><strong>Spiritus</strong></span> <span class='ocrx_word' id='word_1_584' title='bbox 1803 5398 1859 5455; x_wconf 87' lang='lat' dir='ltr'><strong>in</strong></span> 
     </span>
    </p>
   </div>
   <div class='ocr_carea' id='block_1_75' title="bbox 258 5485 1623 5558">
    <p class='ocr_par' dir='ltr' id='par_1_75' title="bbox 258 5485 1623 5558">
     <span class='ocr_line' id='line_1_75' title="bbox 258 5485 1623 5558; baseline -0.006 -10"><span class='ocrx_word' id='word_1_585' title='bbox 258 5492 461 5549; x_wconf 73' lang='lat' dir='ltr'><strong>animo</strong></span> <span class='ocrx_word' id='word_1_586' title='bbox 489 5489 709 5553; x_wconf 87' lang='lat' dir='ltr'><strong>docuit,</strong></span> <span class='ocrx_word' id='word_1_587' title='bbox 740 5487 885 5558; x_wconf 91' lang='lat' dir='ltr'><strong>quod</strong></span> <span class='ocrx_word' id='word_1_588' title='bbox 914 5485 1049 5542; x_wconf 88' lang='lat' dir='ltr'><strong>foris</strong></span> <span class='ocrx_word' id='word_1_589' title='bbox 1076 5485 1364 5542; x_wconf 87' lang='lat' dir='ltr'><strong>audierunt</strong></span> <span class='ocrx_word' id='word_1_590' title='bbox 1391 5486 1446 5540; x_wconf 91' lang='lat' dir='ltr'><strong>in</strong></span> <span class='ocrx_word' id='word_1_591' title='bbox 1475 5501 1623 5541; x_wconf 89' lang='lat' dir='ltr'><strong>aure.</strong></span> 
     </span>
    </p>
   </div>
   <div class='ocr_carea' id='block_1_76' title="bbox 346 5575 1864 5648">
    <p class='ocr_par' dir='ltr' id='par_1_76' title="bbox 346 5575 1864 5648">
     <span class='ocr_line' id='line_1_76' title="bbox 346 5575 1864 5648; baseline -0.001 -16"><span class='ocrx_word' id='word_1_592' title='bbox 346 5578 544 5634; x_wconf 78' lang='lat' dir='ltr'><strong>Pacem</strong></span> <span class='ocrx_word' id='word_1_593' title='bbox 590 5578 828 5648; x_wconf 71' lang='lat' dir='ltr'><strong>relinquo</strong></span> <span class='ocrx_word' id='word_1_594' title='bbox 872 5575 1032 5642; x_wconf 82' lang='lat' dir='ltr'><strong>vobis,</strong></span> <span class='ocrx_word' id='word_1_595' title='bbox 1069 5591 1247 5647; x_wconf 82' lang='lat' dir='ltr'><strong>pacem</strong></span> <span class='ocrx_word' id='word_1_596' title='bbox 1288 5592 1458 5631; x_wconf 87' lang='lat' dir='ltr'><strong>meam</strong></span> <span class='ocrx_word' id='word_1_597' title='bbox 1496 5576 1565 5629; x_wconf 84' lang='lat' dir='ltr'><strong>do</strong></span> <span class='ocrx_word' id='word_1_598' title='bbox 1603 5578 1763 5632; x_wconf 79' lang='lat' dir='ltr'><strong>vobis.</strong></span> <span class='ocrx_word' id='word_1_599' title='bbox 1804 5575 1864 5637; x_wconf 83' lang='lat' dir='ltr'><strong>lu</strong></span> 
     </span>
    </p>
   </div>
   <div class='ocr_carea' id='block_1_77' title="bbox 254 5665 1866 5742">
    <p class='ocr_par' dir='ltr' id='par_1_77' title="bbox 254 5665 1866 5742">
     <span class='ocr_line' id='line_1_77' title="bbox 254 5665 1866 5742; baseline 0 -17"><span class='ocrx_word' id='word_1_600' title='bbox 254 5683 407 5742; x_wconf 77' lang='lat' dir='ltr'><strong>pace</strong></span> <span class='ocrx_word' id='word_1_601' title='bbox 434 5668 692 5741; x_wconf 82' lang='lat' dir='ltr'><strong>relinquo</strong></span> <span class='ocrx_word' id='word_1_602' title='bbox 719 5681 851 5730; x_wconf 83' lang='lat' dir='ltr'><strong>vos,</strong></span> <span class='ocrx_word' id='word_1_603' title='bbox 886 5665 939 5721; x_wconf 82' lang='lat' dir='ltr'><strong>in</strong></span> <span class='ocrx_word' id='word_1_604' title='bbox 968 5680 1101 5737; x_wconf 88' lang='lat' dir='ltr'><strong>pace</strong></span> <span class='ocrx_word' id='word_1_605' title='bbox 1128 5667 1399 5723; x_wconf 88' lang='lat' dir='ltr'><strong>inveniam</strong></span> <span class='ocrx_word' id='word_1_606' title='bbox 1429 5682 1540 5722; x_wconf 87' lang='lat' dir='ltr'><strong>vos.</strong></span> <span class='ocrx_word' id='word_1_607' title='bbox 1576 5667 1673 5723; x_wconf 87' lang='lat' dir='ltr'><strong>llic</strong></span> <span class='ocrx_word' id='word_1_608' title='bbox 1704 5669 1866 5725; x_wconf 86' lang='lat' dir='ltr'><strong>relin-</strong></span> 
     </span>
    </p>
   </div>
   <div class='ocr_carea' id='block_1_78' title="bbox 1930 1856 3508 1930">
    <p class='ocr_par' dir='ltr' id='par_1_78' title="bbox 1930 1856 3508 1930">
     <span class='ocr_line' id='line_1_78' title="bbox 1930 1856 3508 1930; baseline 0.003 -18"><span class='ocrx_word' id='word_1_609' title='bbox 1930 1859 2056 1930; x_wconf 90' lang='lat' dir='ltr'><strong>quia</strong></span> <span class='ocrx_word' id='word_1_610' title='bbox 2086 1859 2198 1913; x_wconf 75' lang='lat' dir='ltr'><strong>dixi</strong></span> <span class='ocrx_word' id='word_1_611' title='bbox 2240 1859 2382 1913; x_wconf 78' lang='lat' dir='ltr'><strong>vobis</strong></span> <span class='ocrx_word' id='word_1_612' title='bbox 2406 1872 2425 1911; x_wconf 88' lang='lat'><strong><em>:</em></strong></span> <span class='ocrx_word' id='word_1_613' title='bbox 2463 1856 2611 1913; x_wconf 87' lang='lat' dir='ltr'><strong>Vada</strong></span> <span class='ocrx_word' id='word_1_614' title='bbox 2638 1868 2687 1912; x_wconf 89' lang='lat' dir='ltr'><strong>et</strong></span> <span class='ocrx_word' id='word_1_615' title='bbox 2718 1860 2865 1913; x_wconf 77' lang='lat' dir='ltr'><strong>venio</strong></span> <span class='ocrx_word' id='word_1_616' title='bbox 2891 1860 2961 1913; x_wconf 85' lang='lat' dir='ltr'><strong>ad</strong></span> <span class='ocrx_word' id='word_1_617' title='bbox 2988 1876 3100 1915; x_wconf 82' lang='lat' dir='ltr'><strong>vos.</strong></span> <span class='ocrx_word' id='word_1_618' title='bbox 3134 1860 3272 1916; x_wconf 82' lang='lat' dir='ltr'><strong>Hinc</strong></span> <span class='ocrx_word' id='word_1_619' title='bbox 3300 1861 3508 1917; x_wconf 86' lang='lat' dir='ltr'><strong>turbari</strong></span> 
     </span>
    </p>
   </div>
   <div class='ocr_carea' id='block_1_79' title="bbox 1933 1950 3510 2021">
    <p class='ocr_par' dir='ltr' id='par_1_79' title="bbox 1933 1950 3510 2021">
     <span class='ocr_line' id='line_1_79' title="bbox 1933 1950 3510 2021; baseline -0.001 -14"><span class='ocrx_word' id='word_1_620' title='bbox 1933 1959 1986 2007; x_wconf 91' lang='lat' dir='ltr'><strong>et</strong></span> <span class='ocrx_word' id='word_1_621' title='bbox 2028 1950 2321 2009; x_wconf 79' lang='lat' dir='ltr'><strong>formidare</strong></span> <span class='ocrx_word' id='word_1_622' title='bbox 2363 1960 2578 2021; x_wconf 89' lang='lat' dir='ltr'><strong>poterat</strong></span> <span class='ocrx_word' id='word_1_623' title='bbox 2617 1966 2713 2006; x_wconf 93' lang='lat' dir='ltr'><strong>cor</strong></span> <span class='ocrx_word' id='word_1_624' title='bbox 2753 1950 2969 2006; x_wconf 91' lang='lat' dir='ltr'><strong>illorum</strong></span> <span class='ocrx_word' id='word_1_625' title='bbox 2996 1951 3139 2020; x_wconf 90' lang='lat' dir='ltr'><strong>quod</strong></span> <span class='ocrx_word' id='word_1_626' title='bbox 3172 1951 3284 2007; x_wconf 84' lang='lat' dir='ltr'><strong>ibat</strong></span> <span class='ocrx_word' id='word_1_627' title='bbox 3311 1953 3380 2007; x_wconf 83' lang='lat' dir='ltr'><strong>ab</strong></span> <span class='ocrx_word' id='word_1_628' title='bbox 3410 1951 3510 2015; x_wconf 89' lang='lat' dir='ltr'><strong>iis,</strong></span> 
     </span>
    </p>
   </div>
   <div class='ocr_carea' id='block_1_80' title="bbox 1933 2040 3506 2112">
    <p class='ocr_par' dir='ltr' id='par_1_80' title="bbox 1933 2040 3506 2112">
     <span class='ocr_line' id='line_1_80' title="bbox 1933 2040 3506 2112; baseline 0 -17"><span class='ocrx_word' id='word_1_629' title='bbox 1933 2041 2182 2110; x_wconf 88' lang='lat' dir='ltr'><strong>quamvis</strong></span> <span class='ocrx_word' id='word_1_630' title='bbox 2208 2048 2467 2096; x_wconf 80' lang='lat' dir='ltr'><strong>venturus</strong></span> <span class='ocrx_word' id='word_1_631' title='bbox 2495 2049 2641 2096; x_wconf 89' lang='lat' dir='ltr'><strong>esset</strong></span> <span class='ocrx_word' id='word_1_632' title='bbox 2671 2040 2739 2095; x_wconf 91' lang='lat' dir='ltr'><strong>ad</strong></span> <span class='ocrx_word' id='word_1_633' title='bbox 2767 2056 2861 2096; x_wconf 89' lang='lat' dir='ltr'><strong>eos</strong></span> <span class='ocrx_word' id='word_1_634' title='bbox 2879 2081 2894 2105; x_wconf 93' lang='lat'><strong>,</strong></span> <span class='ocrx_word' id='word_1_635' title='bbox 2936 2055 3005 2096; x_wconf 91' lang='lat' dir='ltr'><strong>ne</strong></span> <span class='ocrx_word' id='word_1_636' title='bbox 3032 2040 3258 2096; x_wconf 87' lang='lat' dir='ltr'><strong>forsitan</strong></span> <span class='ocrx_word' id='word_1_637' title='bbox 3288 2055 3506 2112; x_wconf 82' lang='lat' dir='ltr'><strong>gregem</strong></span> 
     </span>
    </p>
   </div>
   <div class='ocr_carea' id='block_1_81' title="bbox 1932 2132 3510 2204">
    <p class='ocr_par' dir='ltr' id='par_1_81' title="bbox 1932 2132 3510 2204">
     <span class='ocr_line' id='line_1_81' title="bbox 1932 2132 3510 2204; baseline -0.001 -16"><span class='ocrx_word' id='word_1_638' title='bbox 1932 2134 2092 2204; x_wconf 90' lang='lat' dir='ltr'><strong>lupus</strong></span> <span class='ocrx_word' id='word_1_639' title='bbox 2121 2135 2225 2189; x_wconf 90' lang='lat' dir='ltr'><strong>hoc</strong></span> <span class='ocrx_word' id='word_1_640' title='bbox 2255 2133 2544 2189; x_wconf 85' lang='lat' dir='ltr'><strong>intervallo</strong></span> <span class='ocrx_word' id='word_1_641' title='bbox 2573 2133 2853 2188; x_wconf 85' lang='lat' dir='ltr'><strong>invaderet</strong></span> <span class='ocrx_word' id='word_1_642' title='bbox 2881 2140 3097 2202; x_wconf 89' lang='lat' dir='ltr'><strong>pastore</strong></span> <span class='ocrx_word' id='word_1_643' title='bbox 3122 2132 3366 2187; x_wconf 86' lang='lat' dir='ltr'><strong>absente.</strong></span> <span class='ocrx_word' id='word_1_644' title='bbox 3401 2132 3510 2187; x_wconf 85' lang='lat' dir='ltr'><strong>Sed</strong></span> 
     </span>
    </p>
   </div>
   <div class='ocr_carea' id='block_1_82' title="bbox 1933 2222 3511 2294">
    <p class='ocr_par' dir='ltr' id='par_1_82' title="bbox 1933 2222 3511 2294">
     <span class='ocr_line' id='line_1_82' title="bbox 1933 2222 3511 2294; baseline -0.003 -14"><span class='ocrx_word' id='word_1_645' title='bbox 1933 2239 1966 2280; x_wconf 91' lang='lat' dir='ltr'><strong>a</strong></span> <span class='ocrx_word' id='word_1_646' title='bbox 1997 2224 2192 2294; x_wconf 87' lang='lat' dir='ltr'><strong>quibus</strong></span> <span class='ocrx_word' id='word_1_647' title='bbox 2233 2225 2395 2279; x_wconf 92' lang='lat' dir='ltr'><strong>homo</strong></span> <span class='ocrx_word' id='word_1_648' title='bbox 2420 2223 2766 2289; x_wconf 86' lang='lat' dir='ltr'><strong>abscedebat,</strong></span> <span class='ocrx_word' id='word_1_649' title='bbox 2800 2223 2943 2278; x_wconf 87' lang='lat' dir='ltr'><strong>Deus</strong></span> <span class='ocrx_word' id='word_1_650' title='bbox 2984 2239 3090 2277; x_wconf 91' lang='lat' dir='ltr'><strong>non</strong></span> <span class='ocrx_word' id='word_1_651' title='bbox 3134 2222 3511 2291; x_wconf 65' lang='lat' dir='ltr'><strong>relinquebat:</strong></span> 
     </span>
    </p>
   </div>
   <div class='ocr_carea' id='block_1_83' title="bbox 1934 2310 3517 2384">
    <p class='ocr_par' dir='ltr' id='par_1_83' title="bbox 1934 2310 3517 2384">
     <span class='ocr_line' id='line_1_83' title="bbox 1934 2310 3517 2384; baseline -0.005 -13"><span class='ocrx_word' id='word_1_652' title='bbox 1934 2322 1991 2371; x_wconf 93' lang='lat' dir='ltr'><strong>et</strong></span> <span class='ocrx_word' id='word_1_653' title='bbox 2030 2314 2170 2369; x_wconf 89' lang='lat' dir='ltr'><strong>idem</strong></span> <span class='ocrx_word' id='word_1_654' title='bbox 2208 2317 2323 2384; x_wconf 87' lang='lat' dir='ltr'><strong>ipse</strong></span> <span class='ocrx_word' id='word_1_655' title='bbox 2363 2313 2612 2368; x_wconf 89' lang='lat' dir='ltr'><strong>Christus</strong></span> <span class='ocrx_word' id='word_1_656' title='bbox 2648 2321 2706 2368; x_wconf 89' lang='lat' dir='ltr'><strong>et</strong></span> <span class='ocrx_word' id='word_1_657' title='bbox 2742 2312 2904 2367; x_wconf 89' lang='lat' dir='ltr'><strong>homo</strong></span> <span class='ocrx_word' id='word_1_658' title='bbox 2929 2321 2985 2368; x_wconf 88' lang='lat' dir='ltr'><strong>et</strong></span> <span class='ocrx_word' id='word_1_659' title='bbox 3010 2311 3174 2366; x_wconf 88' lang='lat' dir='ltr'><strong>Deus.</strong></span> <span class='ocrx_word' id='word_1_660' title='bbox 3207 2310 3350 2381; x_wconf 80' lang='lat' dir='ltr'><strong>Ergo</strong></span> <span class='ocrx_word' id='word_1_661' title='bbox 3403 2310 3517 2364; x_wconf 88' lang='lat' dir='ltr'><strong>ibat</strong></span> 
     </span>
    </p>
   </div>
   <div class='ocr_carea' id='block_1_84' title="bbox 1934 2398 3516 2476">
    <p class='ocr_par' dir='ltr' id='par_1_84' title="bbox 1934 2398 3516 2476">
     <span class='ocr_line' id='line_1_84' title="bbox 1934 2398 3516 2476; baseline -0.003 -18"><span class='ocrx_word' id='word_1_662' title='bbox 1934 2418 2033 2476; x_wconf 87' lang='lat' dir='ltr'><strong>per</strong></span> <span class='ocrx_word' id='word_1_663' title='bbox 2075 2402 2127 2458; x_wconf 88' lang='lat' dir='ltr'><strong>id</strong></span> <span class='ocrx_word' id='word_1_664' title='bbox 2176 2402 2316 2471; x_wconf 79' lang='lat' dir='ltr'><strong>quod</strong></span> <span class='ocrx_word' id='word_1_665' title='bbox 2355 2402 2521 2457; x_wconf 87' lang='lat' dir='ltr'><strong>homo</strong></span> <span class='ocrx_word' id='word_1_666' title='bbox 2559 2410 2706 2469; x_wconf 86' lang='lat' dir='ltr'><strong>erat,</strong></span> <span class='ocrx_word' id='word_1_667' title='bbox 2754 2408 2813 2457; x_wconf 88' lang='lat' dir='ltr'><strong>ct</strong></span> <span class='ocrx_word' id='word_1_668' title='bbox 2854 2399 3107 2455; x_wconf 87' lang='lat' dir='ltr'><strong>manebat</strong></span> <span class='ocrx_word' id='word_1_669' title='bbox 3146 2414 3243 2468; x_wconf 88' lang='lat' dir='ltr'><strong>per</strong></span> <span class='ocrx_word' id='word_1_670' title='bbox 3282 2400 3335 2453; x_wconf 90' lang='lat' dir='ltr'><strong>id</strong></span> <span class='ocrx_word' id='word_1_671' title='bbox 3371 2398 3516 2467; x_wconf 89' lang='lat' dir='ltr'><strong>quod</strong></span> 
     </span>
    </p>
   </div>
   <div class='ocr_carea' id='block_1_85' title="bbox 1935 2487 3509 2561">
    <p class='ocr_par' dir='ltr' id='par_1_85' title="bbox 1935 2487 3509 2561">
     <span class='ocr_line' id='line_1_85' title="bbox 1935 2487 3509 2561; baseline -0.003 -15"><span class='ocrx_word' id='word_1_672' title='bbox 1935 2492 2077 2546; x_wconf 89' lang='lat' dir='ltr'><strong>Deus</strong></span> <span class='ocrx_word' id='word_1_673' title='bbox 2114 2500 2253 2546; x_wconf 85' lang='lat' dir='ltr'><strong>erat.</strong></span> <span class='ocrx_word' id='word_1_674' title='bbox 2296 2490 2460 2560; x_wconf 80' lang='lat' dir='ltr'><strong>Igitur</strong></span> <span class='ocrx_word' id='word_1_675' title='bbox 2504 2491 2642 2545; x_wconf 86' lang='lat' dir='ltr'><strong>Deus</strong></span> <span class='ocrx_word' id='word_1_676' title='bbox 2680 2490 2772 2561; x_wconf 80' lang='lat' dir='ltr'><strong>qui</strong></span> <span class='ocrx_word' id='word_1_677' title='bbox 2814 2489 2959 2544; x_wconf 85' lang='lat' dir='ltr'><strong>nullo</strong></span> <span class='ocrx_word' id='word_1_678' title='bbox 2995 2488 3305 2553; x_wconf 86' lang='lat' dir='ltr'><strong>continetur</strong></span> <span class='ocrx_word' id='word_1_679' title='bbox 3356 2487 3509 2550; x_wconf 87' lang='lat' dir='ltr'><strong>loco,</strong></span> 
     </span>
    </p>
   </div>
   <div class='ocr_carea' id='block_1_86' title="bbox 1938 2577 3518 2649">
    <p class='ocr_par' dir='ltr' id='par_1_86' title="bbox 1938 2577 3518 2649">
     <span class='ocr_line' id='line_1_86' title="bbox 1938 2577 3518 2649; baseline -0.004 -11"><span class='ocrx_word' id='word_1_680' title='bbox 1938 2582 2165 2641; x_wconf 88' lang='lat' dir='ltr'><strong>discedit</strong></span> <span class='ocrx_word' id='word_1_681' title='bbox 2210 2582 2279 2636; x_wconf 89' lang='lat' dir='ltr'><strong>ab</strong></span> <span class='ocrx_word' id='word_1_682' title='bbox 2325 2595 2515 2636; x_wconf 89' lang='lat' dir='ltr'><strong>eorum</strong></span> <span class='ocrx_word' id='word_1_683' title='bbox 2558 2580 2847 2644; x_wconf 85' lang='lat' dir='ltr'><strong>cordibus,</strong></span> <span class='ocrx_word' id='word_1_684' title='bbox 2892 2579 2986 2649; x_wconf 91' lang='lat' dir='ltr'><strong>qui</strong></span> <span class='ocrx_word' id='word_1_685' title='bbox 3032 2593 3158 2635; x_wconf 83' lang='lat' dir='ltr'><strong>eum</strong></span> <span class='ocrx_word' id='word_1_686' title='bbox 3206 2577 3518 2645; x_wconf 84' lang='lat' dir='ltr'><strong>relinquunt</strong></span> 
     </span>
    </p>
   </div>
   <div class='ocr_carea' id='block_1_87' title="bbox 1922 2666 3518 2742">
    <p class='ocr_par' dir='ltr' id='par_1_87' title="bbox 1922 2666 3518 2742">
     <span class='ocr_line' id='line_1_87' title="bbox 1922 2666 3518 2742; baseline -0.006 -13"><span class='ocrx_word' id='word_1_687' title='bbox 1922 2672 2182 2729; x_wconf 89' lang='lat' dir='ltr'><strong>.moribus</strong></span> <span class='ocrx_word' id='word_1_688' title='bbox 2212 2686 2318 2727; x_wconf 88' lang='lat' dir='ltr'><strong>non</strong></span> <span class='ocrx_word' id='word_1_689' title='bbox 2345 2669 2603 2742; x_wconf 89' lang='lat' dir='ltr'><strong>pedibus,</strong></span> <span class='ocrx_word' id='word_1_690' title='bbox 2632 2678 2690 2724; x_wconf 92' lang='lat' dir='ltr'><strong>et</strong></span> <span class='ocrx_word' id='word_1_691' title='bbox 2717 2669 2897 2724; x_wconf 86' lang='lat' dir='ltr'><strong>veniet</strong></span> <span class='ocrx_word' id='word_1_692' title='bbox 2924 2668 2992 2722; x_wconf 89' lang='lat' dir='ltr'><strong>ad</strong></span> <span class='ocrx_word' id='word_1_693' title='bbox 3019 2667 3139 2723; x_wconf 86' lang='lat' dir='ltr'><strong>illos</strong></span> <span class='ocrx_word' id='word_1_694' title='bbox 3164 2666 3259 2736; x_wconf 90' lang='lat' dir='ltr'><strong>qui</strong></span> <span class='ocrx_word' id='word_1_695' title='bbox 3285 2681 3518 2735; x_wconf 81' lang='lat' dir='ltr'><strong>conver-</strong></span> 
     </span>
    </p>
   </div>
   <div class='ocr_carea' id='block_1_88' title="bbox 1939 2754 3521 2823">
    <p class='ocr_par' dir='ltr' id='par_1_88' title="bbox 1939 2754 3521 2823">
     <span class='ocr_line' id='line_1_88' title="bbox 1939 2754 3521 2823; baseline -0.006 -5"><span class='ocrx_word' id='word_1_696' title='bbox 1939 2771 2129 2818; x_wconf 86' lang='lat' dir='ltr'><strong>tuntur</strong></span> <span class='ocrx_word' id='word_1_697' title='bbox 2156 2761 2225 2816; x_wconf 89' lang='lat' dir='ltr'><strong>ad</strong></span> <span class='ocrx_word' id='word_1_698' title='bbox 2255 2775 2378 2816; x_wconf 91' lang='lat' dir='ltr'><strong>eum</strong></span> <span class='ocrx_word' id='word_1_699' title='bbox 2420 2775 2526 2815; x_wconf 90' lang='lat' dir='ltr'><strong>non</strong></span> <span class='ocrx_word' id='word_1_700' title='bbox 2569 2758 2708 2815; x_wconf 83' lang='lat' dir='ltr'><strong>facie</strong></span> <span class='ocrx_word' id='word_1_701' title='bbox 2746 2758 2842 2813; x_wconf 86' lang='lat' dir='ltr'><strong>sed</strong></span> <span class='ocrx_word' id='word_1_702' title='bbox 2881 2756 3018 2823; x_wconf 84' lang='lat' dir='ltr'><strong>ﬁde,</strong></span> <span class='ocrx_word' id='word_1_703' title='bbox 3060 2763 3118 2811; x_wconf 90' lang='lat' dir='ltr'><strong>et</strong></span> <span class='ocrx_word' id='word_1_704' title='bbox 3148 2754 3415 2812; x_wconf 85' lang='lat' dir='ltr'><strong>accedunt</strong></span> <span class='ocrx_word' id='word_1_705' title='bbox 3449 2755 3521 2810; x_wconf 83' lang='lat' dir='ltr'><strong>ad</strong></span> 
     </span>
    </p>
   </div>
   <div class='ocr_carea' id='block_1_89' title="bbox 1940 2849 2830 2912">
    <p class='ocr_par' dir='ltr' id='par_1_89' title="bbox 1940 2849 2830 2912">
     <span class='ocr_line' id='line_1_89' title="bbox 1940 2849 2830 2912; baseline -0.009 -1"><span class='ocrx_word' id='word_1_706' title='bbox 1940 2871 2063 2912; x_wconf 91' lang='lat' dir='ltr'><strong>eum</strong></span> <span class='ocrx_word' id='word_1_707' title='bbox 2094 2868 2200 2909; x_wconf 90' lang='lat' dir='ltr'><strong>non</strong></span> <span class='ocrx_word' id='word_1_708' title='bbox 2226 2866 2392 2908; x_wconf 88' lang='lat' dir='ltr'><strong>carne</strong></span> <span class='ocrx_word' id='word_1_709' title='bbox 2423 2850 2518 2906; x_wconf 90' lang='lat' dir='ltr'><strong>sed</strong></span> <span class='ocrx_word' id='word_1_710' title='bbox 2543 2849 2830 2906; x_wconf 88' lang='lat' dir='ltr'><strong>charitate.</strong></span> 
     </span>
    </p>
   </div>
   <div class='ocr_carea' id='block_1_90' title="bbox 2014 2931 3522 3012">
    <p class='ocr_par' dir='ltr' id='par_1_90' title="bbox 2014 2931 3522 3012">
     <span class='ocr_line' id='line_1_90' title="bbox 2014 2931 3522 3012; baseline -0.009 -13"><span class='ocrx_word' id='word_1_711' title='bbox 2014 2941 2072 2999; x_wconf 89' lang='lat' dir='ltr'><strong>Si</strong></span> <span class='ocrx_word' id='word_1_712' title='bbox 2107 2941 2392 3012; x_wconf 81' lang='lat' dir='ltr'><strong>diligeretis</strong></span> <span class='ocrx_word' id='word_1_713' title='bbox 2427 2956 2545 3007; x_wconf 88' lang='lat' dir='ltr'><strong>me,</strong></span> <span class='ocrx_word' id='word_1_714' title='bbox 2586 2937 2882 3010; x_wconf 75' lang='lat' dir='ltr'><strong>gaudentis</strong></span> <span class='ocrx_word' id='word_1_715' title='bbox 2929 2935 3138 3007; x_wconf 87' lang='lat' dir='ltr'><strong>utique,</strong></span> <span class='ocrx_word' id='word_1_716' title='bbox 3166 2934 3289 3006; x_wconf 89' lang='lat' dir='ltr'><strong>quia</strong></span> <span class='ocrx_word' id='word_1_717' title='bbox 3319 2949 3411 3005; x_wconf 74' lang='lat' dir='ltr'><strong>ego</strong></span> <span class='ocrx_word' id='word_1_718' title='bbox 3451 2931 3522 2986; x_wconf 83' lang='lat' dir='ltr'><strong>ad</strong></span> 
     </span>
    </p>
   </div>
   <div class='ocr_carea' id='block_1_91' title="bbox 1942 3027 3523 3103">
    <p class='ocr_par' dir='ltr' id='par_1_91' title="bbox 1942 3027 3523 3103">
     <span class='ocr_line' id='line_1_91' title="bbox 1942 3027 3523 3103; baseline -0.006 -14"><span class='ocrx_word' id='word_1_719' title='bbox 1942 3033 2159 3089; x_wconf 87' lang='lat' dir='ltr'><strong>Patrem</strong></span> <span class='ocrx_word' id='word_1_720' title='bbox 2202 3033 2365 3099; x_wconf 81' lang='lat' dir='ltr'><strong>uado,</strong></span> <span class='ocrx_word' id='word_1_721' title='bbox 2407 3033 2533 3103; x_wconf 87' lang='lat' dir='ltr'><strong>quia</strong></span> <span class='ocrx_word' id='word_1_722' title='bbox 2577 3030 2743 3086; x_wconf 88' lang='lat' dir='ltr'><strong>Pater</strong></span> <span class='ocrx_word' id='word_1_723' title='bbox 2786 3029 2960 3101; x_wconf 83' lang='lat' dir='ltr'><strong>major</strong></span> <span class='ocrx_word' id='word_1_724' title='bbox 2998 3045 3080 3084; x_wconf 86' lang='lat' dir='ltr'><strong>me</strong></span> <span class='ocrx_word' id='word_1_725' title='bbox 3118 3037 3213 3083; x_wconf 84' lang='lat' dir='ltr'><strong>est.</strong></span> <span class='ocrx_word' id='word_1_726' title='bbox 3245 3027 3350 3082; x_wconf 92' lang='lat' dir='ltr'><strong>Per</strong></span> <span class='ocrx_word' id='word_1_727' title='bbox 3376 3027 3523 3097; x_wconf 88' lang='lat' dir='ltr'><strong>quod</strong></span> 
     </span>
    </p>
   </div>
   <div class='ocr_carea' id='block_1_92' title="bbox 1865 3112 3523 3200">
    <p class='ocr_par' dir='ltr' id='par_1_92' title="bbox 1865 3112 3523 3200">
     <span class='ocr_line' id='line_1_92' title="bbox 1865 3112 3523 3200; baseline -0.007 -16"><span class='ocrx_word' id='word_1_728' title='bbox 1865 3112 1909 3176; x_wconf 70' lang='grc' dir='ltr'>Ο</span> <span class='ocrx_word' id='word_1_729' title='bbox 1942 3128 2106 3200; x_wconf 86' lang='lat' dir='ltr'><strong>igitur</strong></span> <span class='ocrx_word' id='word_1_730' title='bbox 2132 3126 2303 3182; x_wconf 84' lang='lat' dir='ltr'><strong>Filius</strong></span> <span class='ocrx_word' id='word_1_731' title='bbox 2344 3140 2452 3180; x_wconf 91' lang='lat' dir='ltr'><strong>non</strong></span> <span class='ocrx_word' id='word_1_732' title='bbox 2496 3132 2580 3179; x_wconf 91' lang='lat' dir='ltr'><strong>est</strong></span> <span class='ocrx_word' id='word_1_733' title='bbox 2623 3122 2844 3193; x_wconf 68' lang='lat' dir='ltr'><strong>aequalis</strong></span> <span class='ocrx_word' id='word_1_734' title='bbox 2887 3121 3069 3186; x_wconf 89' lang='lat' dir='ltr'><strong>Patri,</strong></span> <span class='ocrx_word' id='word_1_735' title='bbox 3114 3135 3213 3191; x_wconf 89' lang='lat' dir='ltr'><strong>per</strong></span> <span class='ocrx_word' id='word_1_736' title='bbox 3254 3120 3361 3175; x_wconf 88' lang='lat' dir='ltr'><strong>hoc</strong></span> <span class='ocrx_word' id='word_1_737' title='bbox 3402 3125 3523 3178; x_wconf 82' lang='lat' dir='ltr'><strong>erat</strong></span> 
     </span>
    </p>
   </div>
   <div class='ocr_carea' id='block_1_93' title="bbox 1944 3211 3521 3286">
    <p class='ocr_par' dir='ltr' id='par_1_93' title="bbox 1944 3211 3521 3286">
     <span class='ocr_line' id='line_1_93' title="bbox 1944 3211 3521 3286; baseline -0.007 -10"><span class='ocrx_word' id='word_1_738' title='bbox 1944 3221 2120 3276; x_wconf 91' lang='lat' dir='ltr'><strong>iturus</strong></span> <span class='ocrx_word' id='word_1_739' title='bbox 2148 3219 2214 3274; x_wconf 85' lang='lat' dir='ltr'><strong>ad</strong></span> <span class='ocrx_word' id='word_1_740' title='bbox 2242 3218 2458 3274; x_wconf 87' lang='lat' dir='ltr'><strong>Patrem</strong></span> <span class='ocrx_word' id='word_1_741' title='bbox 2475 3258 2490 3280; x_wconf 88' lang='lat'><strong>,</strong></span> <span class='ocrx_word' id='word_1_742' title='bbox 2522 3217 2575 3273; x_wconf 90' lang='lat' dir='ltr'><strong>in</strong></span> <span class='ocrx_word' id='word_1_743' title='bbox 2606 3231 2713 3286; x_wconf 90' lang='lat' dir='ltr'><strong>quo</strong></span> <span class='ocrx_word' id='word_1_744' title='bbox 2737 3222 2998 3271; x_wconf 81' lang='lat' dir='ltr'><strong>venturus</strong></span> <span class='ocrx_word' id='word_1_745' title='bbox 3022 3221 3109 3269; x_wconf 87' lang='lat' dir='ltr'><strong>est</strong></span> <span class='ocrx_word' id='word_1_746' title='bbox 3134 3215 3284 3268; x_wconf 82' lang='lat' dir='ltr'><strong>vivos</strong></span> <span class='ocrx_word' id='word_1_747' title='bbox 3306 3211 3521 3284; x_wconf 81' lang='lat' dir='ltr'><strong>judica-</strong></span> 
     </span>
    </p>
   </div>
   <div class='ocr_carea' id='block_1_94' title="bbox 1946 3303 3526 3377">
    <p class='ocr_par' dir='ltr' id='par_1_94' title="bbox 1946 3303 3526 3377">
     <span class='ocr_line' id='line_1_94' title="bbox 1946 3303 3526 3377; baseline -0.008 -6"><span class='ocrx_word' id='word_1_748' title='bbox 1946 3324 2101 3371; x_wconf 90' lang='lat' dir='ltr'><strong>turus</strong></span> <span class='ocrx_word' id='word_1_749' title='bbox 2128 3322 2183 3369; x_wconf 89' lang='lat' dir='ltr'><strong>et</strong></span> <span class='ocrx_word' id='word_1_750' title='bbox 2211 3322 2473 3369; x_wconf 91' lang='lat' dir='ltr'><strong>mortuos.</strong></span> <span class='ocrx_word' id='word_1_751' title='bbox 2500 3311 2607 3367; x_wconf 90' lang='lat' dir='ltr'><strong>Per</strong></span> <span class='ocrx_word' id='word_1_752' title='bbox 2637 3309 2767 3365; x_wconf 91' lang='lat' dir='ltr'><strong>illud</strong></span> <span class='ocrx_word' id='word_1_753' title='bbox 2797 3323 2962 3373; x_wconf 83' lang='lat' dir='ltr'><strong>vero,</strong></span> <span class='ocrx_word' id='word_1_754' title='bbox 2994 3307 3138 3377; x_wconf 92' lang='lat' dir='ltr'><strong>quod</strong></span> <span class='ocrx_word' id='word_1_755' title='bbox 3178 3314 3263 3361; x_wconf 88' lang='lat' dir='ltr'><strong>est</strong></span> <span class='ocrx_word' id='word_1_756' title='bbox 3302 3303 3526 3377; x_wconf 65' lang='lat' dir='ltr'><strong>aequalis</strong></span> 
     </span>
    </p>
   </div>
   <div class='ocr_carea' id='block_1_95' title="bbox 1943 3393 3524 3472">
    <p class='ocr_par' dir='ltr' id='par_1_95' title="bbox 1943 3393 3524 3472">
     <span class='ocr_line' id='line_1_95' title="bbox 1943 3393 3524 3472; baseline -0.008 -12"><span class='ocrx_word' id='word_1_757' title='bbox 1943 3404 2124 3468; x_wconf 87' lang='lat' dir='ltr'><strong>Patri,</strong></span> <span class='ocrx_word' id='word_1_758' title='bbox 2172 3416 2444 3472; x_wconf 88' lang='lat' dir='ltr'><strong>nunquam</strong></span> <span class='ocrx_word' id='word_1_759' title='bbox 2488 3400 2717 3456; x_wconf 89' lang='lat' dir='ltr'><strong>recessit</strong></span> <span class='ocrx_word' id='word_1_760' title='bbox 2742 3414 2772 3454; x_wconf 91' lang='lat' dir='ltr'><strong>a</strong></span> <span class='ocrx_word' id='word_1_761' title='bbox 2802 3398 2997 3462; x_wconf 88' lang='lat' dir='ltr'><strong>Patre,</strong></span> <span class='ocrx_word' id='word_1_762' title='bbox 3032 3396 3126 3452; x_wconf 90' lang='lat' dir='ltr'><strong>sed</strong></span> <span class='ocrx_word' id='word_1_763' title='bbox 3152 3410 3276 3452; x_wconf 89' lang='lat' dir='ltr'><strong>cum</strong></span> <span class='ocrx_word' id='word_1_764' title='bbox 3305 3393 3397 3450; x_wconf 89' lang='lat' dir='ltr'><strong>illo</strong></span> <span class='ocrx_word' id='word_1_765' title='bbox 3439 3401 3524 3448; x_wconf 89' lang='lat' dir='ltr'><strong>est</strong></span> 
     </span>
    </p>
   </div>
   <div class='ocr_carea' id='block_1_96' title="bbox 1946 3484 3527 3564">
    <p class='ocr_par' dir='ltr' id='par_1_96' title="bbox 1946 3484 3527 3564">
     <span class='ocr_line' id='line_1_96' title="bbox 1946 3484 3527 3564; baseline -0.009 -13"><span class='ocrx_word' id='word_1_766' title='bbox 1946 3495 2147 3564; x_wconf 89' lang='lat' dir='ltr'><strong>ubique</strong></span> <span class='ocrx_word' id='word_1_767' title='bbox 2188 3500 2334 3549; x_wconf 86' lang='lat' dir='ltr'><strong>totus</strong></span> <span class='ocrx_word' id='word_1_768' title='bbox 2370 3507 2468 3563; x_wconf 90' lang='lat' dir='ltr'><strong>per</strong></span> <span class='ocrx_word' id='word_1_769' title='bbox 2506 3491 2842 3546; x_wconf 88' lang='lat' dir='ltr'><strong>divinitatem</strong></span> <span class='ocrx_word' id='word_1_770' title='bbox 2884 3503 3047 3559; x_wconf 90' lang='lat' dir='ltr'><strong>quam</strong></span> <span class='ocrx_word' id='word_1_771' title='bbox 3076 3485 3257 3542; x_wconf 91' lang='lat' dir='ltr'><strong>nullus</strong></span> <span class='ocrx_word' id='word_1_772' title='bbox 3285 3484 3527 3543; x_wconf 88' lang='lat' dir='ltr'><strong>continet</strong></span> 
     </span>
    </p>
   </div>
   <div class='ocr_carea' id='block_1_97' title="bbox 1932 3572 3524 3654">
    <p class='ocr_par' dir='ltr' id='par_1_97' title="bbox 1932 3572 3524 3654">
     <span class='ocr_line' id='line_1_97' title="bbox 1932 3572 3524 3654; baseline -0.012 -9"><span class='ocrx_word' id='word_1_773' title='bbox 1932 3587 2118 3645; x_wconf 86' lang='lat' dir='ltr'><strong>locus.</strong></span> <span class='ocrx_word' id='word_1_774' title='bbox 2164 3583 2539 3654; x_wconf 81' lang='lat' dir='ltr'><strong>Agnoscamus</strong></span> <span class='ocrx_word' id='word_1_775' title='bbox 2580 3581 2850 3652; x_wconf 88' lang='lat' dir='ltr'><strong>geminam</strong></span> <span class='ocrx_word' id='word_1_776' title='bbox 2892 3576 3249 3643; x_wconf 82' lang='lat' dir='ltr'><strong>substantiam</strong></span> <span class='ocrx_word' id='word_1_777' title='bbox 3291 3572 3524 3638; x_wconf 89' lang='lat' dir='ltr'><strong>Christi,</strong></span> 
     </span>
    </p>
   </div>
   <div class='ocr_carea' id='block_1_98' title="bbox 1950 3666 3528 3741">
    <p class='ocr_par' dir='ltr' id='par_1_98' title="bbox 1950 3666 3528 3741">
     <span class='ocr_line' id='line_1_98' title="bbox 1950 3666 3528 3741; baseline -0.009 -10"><span class='ocrx_word' id='word_1_778' title='bbox 1950 3676 2187 3731; x_wconf 87' lang='lat' dir='ltr'><strong>divinam</strong></span> <span class='ocrx_word' id='word_1_779' title='bbox 2234 3673 2436 3727; x_wconf 90' lang='lat' dir='ltr'><strong>scilich</strong></span> <span class='ocrx_word' id='word_1_780' title='bbox 2461 3712 2475 3736; x_wconf 92' lang='lat'><strong>,</strong></span> <span class='ocrx_word' id='word_1_781' title='bbox 2518 3686 2621 3741; x_wconf 89' lang='lat' dir='ltr'><strong>qua</strong></span> <span class='ocrx_word' id='word_1_782' title='bbox 2662 3670 2886 3739; x_wconf 79' lang='lat' dir='ltr'><strong>aequalis</strong></span> <span class='ocrx_word' id='word_1_783' title='bbox 2914 3676 2997 3724; x_wconf 91' lang='lat' dir='ltr'><strong>est</strong></span> <span class='ocrx_word' id='word_1_784' title='bbox 3026 3666 3208 3732; x_wconf 91' lang='lat' dir='ltr'><strong>Patri,</strong></span> <span class='ocrx_word' id='word_1_785' title='bbox 3238 3666 3528 3721; x_wconf 88' lang='lat' dir='ltr'><strong>humanam</strong></span> 
     </span>
    </p>
   </div>
   <div class='ocr_carea' id='block_1_99' title="bbox 1949 3754 3527 3838">
    <p class='ocr_par' dir='ltr' id='par_1_99' title="bbox 1949 3754 3527 3838">
     <span class='ocr_line' id='line_1_99' title="bbox 1949 3754 3527 3838; baseline -0.009 -16"><span class='ocrx_word' id='word_1_786' title='bbox 1949 3784 2054 3838; x_wconf 89' lang='lat' dir='ltr'><strong>qua</strong></span> <span class='ocrx_word' id='word_1_787' title='bbox 2106 3766 2281 3836; x_wconf 82' lang='lat' dir='ltr'><strong>major</strong></span> <span class='ocrx_word' id='word_1_788' title='bbox 2308 3772 2390 3818; x_wconf 84' lang='lat' dir='ltr'><strong>est</strong></span> <span class='ocrx_word' id='word_1_789' title='bbox 2422 3762 2601 3817; x_wconf 84' lang='lat' dir='ltr'><strong>Pater.</strong></span> <span class='ocrx_word' id='word_1_790' title='bbox 2652 3760 2953 3830; x_wconf 86' lang='lat' dir='ltr'><strong>Utrumque</strong></span> <span class='ocrx_word' id='word_1_791' title='bbox 2996 3768 3175 3816; x_wconf 88' lang='lat' dir='ltr'><strong>autem</strong></span> <span class='ocrx_word' id='word_1_792' title='bbox 3220 3754 3378 3814; x_wconf 85' lang='lat' dir='ltr'><strong>simul</strong></span> <span class='ocrx_word' id='word_1_793' title='bbox 3420 3770 3527 3810; x_wconf 91' lang='lat' dir='ltr'><strong>non</strong></span> 
     </span>
    </p>
   </div>
   <div class='ocr_carea' id='block_1_100' title="bbox 1952 3844 3527 3924">
    <p class='ocr_par' dir='ltr' id='par_1_100' title="bbox 1952 3844 3527 3924">
     <span class='ocr_line' id='line_1_100' title="bbox 1952 3844 3527 3924; baseline -0.009 -10"><span class='ocrx_word' id='word_1_794' title='bbox 1952 3860 2057 3915; x_wconf 88' lang='lat' dir='ltr'><strong>duo</strong></span> <span class='ocrx_word' id='word_1_795' title='bbox 2085 3898 2098 3924; x_wconf 88' lang='lat'><strong>,</strong></span> <span class='ocrx_word' id='word_1_796' title='bbox 2129 3856 2222 3913; x_wconf 66' lang='lat' dir='ltr'><strong>sed</strong></span> <span class='ocrx_word' id='word_1_797' title='bbox 2249 3850 2398 3909; x_wconf 68' lang='lat' dir='ltr'><strong>unus‘</strong></span> <span class='ocrx_word' id='word_1_798' title='bbox 2426 3861 2513 3909; x_wconf 80' lang='lat' dir='ltr'><strong>est</strong></span> <span class='ocrx_word' id='word_1_799' title='bbox 2539 3851 2819 3917; x_wconf 86' lang='lat' dir='ltr'><strong>Christus,</strong></span> <span class='ocrx_word' id='word_1_800' title='bbox 2853 3865 2921 3905; x_wconf 88' lang='lat' dir='ltr'><strong>ne</strong></span> <span class='ocrx_word' id='word_1_801' title='bbox 2959 3850 3029 3906; x_wconf 89' lang='lat' dir='ltr'><strong>sit</strong></span> <span class='ocrx_word' id='word_1_802' title='bbox 3066 3846 3405 3919; x_wconf 82' lang='lat' dir='ltr'><strong>quaternitas</strong></span> <span class='ocrx_word' id='word_1_803' title='bbox 3430 3844 3527 3903; x_wconf 81' lang='lat' dir='ltr'><strong>scd</strong></span> 
     </span>
    </p>
   </div>
   <div class='ocr_carea' id='block_1_101' title="bbox 1953 3939 3532 4006">
    <p class='ocr_par' dir='ltr' id='par_1_101' title="bbox 1953 3939 3532 4006">
     <span class='ocr_line' id='line_1_101' title="bbox 1953 3939 3532 4006; baseline -0.007 0"><span class='ocrx_word' id='word_1_804' title='bbox 1953 3951 2167 4006; x_wconf 88' lang='lat' dir='ltr'><strong>trinitas</strong></span> <span class='ocrx_word' id='word_1_805' title='bbox 2195 3947 2357 4002; x_wconf 87' lang='lat' dir='ltr'><strong>Deus.</strong></span> <span class='ocrx_word' id='word_1_806' title='bbox 2412 3944 2566 4002; x_wconf 89' lang='lat' dir='ltr'><strong>Sicut</strong></span> <span class='ocrx_word' id='word_1_807' title='bbox 2588 3944 2736 3999; x_wconf 90' lang='lat' dir='ltr'><strong>enim</strong></span> <span class='ocrx_word' id='word_1_808' title='bbox 2767 3958 2906 3999; x_wconf 90' lang='lat' dir='ltr'><strong>unus</strong></span> <span class='ocrx_word' id='word_1_809' title='bbox 2933 3950 3016 3998; x_wconf 89' lang='lat' dir='ltr'><strong>est</strong></span> <span class='ocrx_word' id='word_1_810' title='bbox 3041 3941 3205 3998; x_wconf 85' lang='lat' dir='ltr'><strong>homo</strong></span> <span class='ocrx_word' id='word_1_811' title='bbox 3234 3939 3411 3998; x_wconf 83' lang='lat' dir='ltr'><strong>anima</strong></span> <span class='ocrx_word' id='word_1_812' title='bbox 3442 3952 3532 3996; x_wconf 77' lang='lat' dir='ltr'><strong>ra-</strong></span> 
     </span>
    </p>
   </div>
   <div class='ocr_carea' id='block_1_102' title="bbox 1954 4029 3528 4102">
    <p class='ocr_par' dir='ltr' id='par_1_102' title="bbox 1954 4029 3528 4102">
     <span class='ocr_line' id='line_1_102' title="bbox 1954 4029 3528 4102; baseline -0.008 -7"><span class='ocrx_word' id='word_1_813' title='bbox 1954 4037 2169 4095; x_wconf 86' lang='lat' dir='ltr'><strong>tionalis</strong></span> <span class='ocrx_word' id='word_1_814' title='bbox 2196 4046 2252 4094; x_wconf 90' lang='lat' dir='ltr'><strong>et</strong></span> <span class='ocrx_word' id='word_1_815' title='bbox 2279 4051 2446 4102; x_wconf 88' lang='lat' dir='ltr'><strong>caro;</strong></span> <span class='ocrx_word' id='word_1_816' title='bbox 2495 4034 2575 4090; x_wconf 90' lang='lat' dir='ltr'><strong>sic</strong></span> <span class='ocrx_word' id='word_1_817' title='bbox 2612 4048 2753 4091; x_wconf 88' lang='lat' dir='ltr'><strong>unus</strong></span> <span class='ocrx_word' id='word_1_818' title='bbox 2791 4041 2875 4091; x_wconf 87' lang='lat' dir='ltr'><strong>est</strong></span> <span class='ocrx_word' id='word_1_819' title='bbox 2900 4031 3147 4089; x_wconf 81' lang='lat' dir='ltr'><strong>Christus</strong></span> <span class='ocrx_word' id='word_1_820' title='bbox 3174 4032 3321 4086; x_wconf 86' lang='lat' dir='ltr'><strong>Deus</strong></span> <span class='ocrx_word' id='word_1_821' title='bbox 3346 4037 3400 4093; x_wconf 81' lang='lat' dir='ltr'><strong>et</strong></span> <span class='ocrx_word' id='word_1_822' title='bbox 3430 4029 3528 4093; x_wconf 82' lang='lat' dir='ltr'><strong>ho-</strong></span> 
     </span>
    </p>
   </div>
   <div class='ocr_carea' id='block_1_103' title="bbox 1956 4119 3535 4199">
    <p class='ocr_par' dir='ltr' id='par_1_103' title="bbox 1956 4119 3535 4199">
     <span class='ocr_line' id='line_1_103' title="bbox 1956 4119 3535 4199; baseline -0.007 -15"><span class='ocrx_word' id='word_1_823' title='bbox 1956 4145 2043 4184; x_wconf 88' lang='lat' dir='ltr'><strong>mo</strong></span> <span class='ocrx_word' id='word_1_824' title='bbox 2066 4124 2092 4196; x_wconf 81' lang='grc'><strong>;’</strong></span> <span class='ocrx_word' id='word_1_825' title='bbox 2113 4145 2176 4184; x_wconf 91' lang='lat' dir='ltr'><strong>ac</strong></span> <span class='ocrx_word' id='word_1_826' title='bbox 2204 4143 2300 4199; x_wconf 90' lang='lat' dir='ltr'><strong>per</strong></span> <span class='ocrx_word' id='word_1_827' title='bbox 2328 4128 2431 4183; x_wconf 90' lang='lat' dir='ltr'><strong>hoc</strong></span> <span class='ocrx_word' id='word_1_828' title='bbox 2459 4126 2711 4183; x_wconf 87' lang='lat' dir='ltr'><strong>Christus</strong></span> <span class='ocrx_word' id='word_1_829' title='bbox 2734 4133 2821 4179; x_wconf 88' lang='lat' dir='ltr'><strong>est</strong></span> <span class='ocrx_word' id='word_1_830' title='bbox 2848 4121 2989 4179; x_wconf 85' lang='lat' dir='ltr'><strong>Deus</strong></span> <span class='ocrx_word' id='word_1_831' title='bbox 3006 4163 3023 4188; x_wconf 93' lang='lat'><strong>,</strong></span> <span class='ocrx_word' id='word_1_832' title='bbox 3044 4122 3225 4178; x_wconf 88' lang='lat' dir='ltr'><strong>anima</strong></span> <span class='ocrx_word' id='word_1_833' title='bbox 3254 4119 3535 4177; x_wconf 82' lang='lat' dir='ltr'><strong>rationalis</strong></span> 
     </span>
    </p>
   </div>
   <div class='ocr_carea' id='block_1_104' title="bbox 1955 4209 3530 4285">
    <p class='ocr_par' dir='ltr' id='par_1_104' title="bbox 1955 4209 3530 4285">
     <span class='ocr_line' id='line_1_104' title="bbox 1955 4209 3530 4285; baseline -0.01 -8"><span class='ocrx_word' id='word_1_834' title='bbox 1955 4230 2010 4277; x_wconf 92' lang='lat' dir='ltr'><strong>et</strong></span> <span class='ocrx_word' id='word_1_835' title='bbox 2052 4234 2219 4285; x_wconf 87' lang='lat' dir='ltr'><strong>caro;</strong></span> <span class='ocrx_word' id='word_1_836' title='bbox 2263 4218 2539 4275; x_wconf 90' lang='lat' dir='ltr'><strong>Christum</strong></span> <span class='ocrx_word' id='word_1_837' title='bbox 2584 4217 2637 4273; x_wconf 91' lang='lat' dir='ltr'><strong>in</strong></span> <span class='ocrx_word' id='word_1_838' title='bbox 2685 4212 3095 4276; x_wconf 45' lang='lat' dir='ltr'><strong>his‘omnibus,</strong></span> <span class='ocrx_word' id='word_1_839' title='bbox 3141 4210 3415 4277; x_wconf 76' lang='lat' dir='ltr'><strong>Christum</strong></span> <span class='ocrx_word' id='word_1_840' title='bbox 3476 4209 3530 4263; x_wconf 86' lang='lat' dir='ltr'><strong>in</strong></span> 
     </span>
    </p>
   </div>
   <div class='ocr_carea' id='block_1_105' title="bbox 1956 4300 3535 4385">
    <p class='ocr_par' dir='ltr' id='par_1_105' title="bbox 1956 4300 3535 4385">
     <span class='ocr_line' id='line_1_105' title="bbox 1956 4300 3535 4385; baseline -0.01 -15"><span class='ocrx_word' id='word_1_841' title='bbox 1956 4313 2181 4385; x_wconf 85' lang='lat' dir='ltr'><strong>singulis</strong></span> <span class='ocrx_word' id='word_1_842' title='bbox 2220 4310 2560 4368; x_wconf 84' lang='lat' dir='ltr'><strong>conﬁtemur.</strong></span> <span class='ocrx_word' id='word_1_843' title='bbox 2603 4309 2736 4377; x_wconf 85' lang='lat' dir='ltr'><strong>Quis</strong></span> <span class='ocrx_word' id='word_1_844' title='bbox 2771 4321 2902 4377; x_wconf 87' lang='lat' dir='ltr'><strong>ergo</strong></span> <span class='ocrx_word' id='word_1_845' title='bbox 2931 4314 3016 4362; x_wconf 89' lang='lat' dir='ltr'><strong>est</strong></span> <span class='ocrx_word' id='word_1_846' title='bbox 3041 4320 3139 4374; x_wconf 80' lang='lat' dir='ltr'><strong>per</strong></span> <span class='ocrx_word' id='word_1_847' title='bbox 3166 4316 3329 4373; x_wconf 72' lang='lat' dir='ltr'><strong>Quem</strong></span> <span class='ocrx_word' id='word_1_848' title='bbox 3357 4300 3535 4357; x_wconf 84' lang='lat' dir='ltr'><strong>factus</strong></span> 
     </span>
    </p>
   </div>
   <div class='ocr_carea' id='block_1_106' title="bbox 1956 4389 3531 4463">
    <p class='ocr_par' dir='ltr' id='par_1_106' title="bbox 1956 4389 3531 4463">
     <span class='ocr_line' id='line_1_106' title="bbox 1956 4389 3531 4463; baseline -0.011 -3"><span class='ocrx_word' id='word_1_849' title='bbox 1956 4412 2042 4460; x_wconf 89' lang='lat' dir='ltr'><strong>est</strong></span> <span class='ocrx_word' id='word_1_850' title='bbox 2086 4401 2364 4458; x_wconf 84' lang='lat' dir='ltr'><strong>mundus?</strong></span> <span class='ocrx_word' id='word_1_851' title='bbox 2412 4400 2663 4457; x_wconf 88' lang='lat' dir='ltr'><strong>Christus</strong></span> <span class='ocrx_word' id='word_1_852' title='bbox 2707 4396 2900 4462; x_wconf 72' lang='lat' dir='ltr'><strong>Iesus,</strong></span> <span class='ocrx_word' id='word_1_853' title='bbox 2944 4394 3038 4451; x_wconf 87' lang='lat' dir='ltr'><strong>sed</strong></span> <span class='ocrx_word' id='word_1_854' title='bbox 3089 4393 3143 4457; x_wconf 84' lang='lat' dir='ltr'><strong>in</strong></span> <span class='ocrx_word' id='word_1_855' title='bbox 3190 4391 3367 4463; x_wconf 70' lang='lat' dir='ltr'><strong>fama</strong></span> <span class='ocrx_word' id='word_1_856' title='bbox 3412 4389 3531 4446; x_wconf 81' lang='lat' dir='ltr'><strong>Dei.</strong></span> 
     </span>
    </p>
   </div>
   <div class='ocr_carea' id='block_1_107' title="bbox 1955 4481 3536 4562">
    <p class='ocr_par' dir='ltr' id='par_1_107' title="bbox 1955 4481 3536 4562">
     <span class='ocr_line' id='line_1_107' title="bbox 1955 4481 3536 4562; baseline -0.005 -15"><span class='ocrx_word' id='word_1_857' title='bbox 1955 4493 2089 4562; x_wconf 88' lang='lat' dir='ltr'><strong>Quis</strong></span> <span class='ocrx_word' id='word_1_858' title='bbox 2117 4500 2203 4549; x_wconf 90' lang='lat' dir='ltr'><strong>est</strong></span> <span class='ocrx_word' id='word_1_859' title='bbox 2231 4492 2330 4549; x_wconf 90' lang='lat' dir='ltr'><strong>sub</strong></span> <span class='ocrx_word' id='word_1_860' title='bbox 2354 4491 2552 4547; x_wconf 90' lang='lat' dir='ltr'><strong>Pontio</strong></span> <span class='ocrx_word' id='word_1_861' title='bbox 2579 4487 2915 4545; x_wconf 74' lang='lat' dir='ltr'><strong>cruciﬁxus?</strong></span> <span class='ocrx_word' id='word_1_862' title='bbox 2942 4484 3190 4542; x_wconf 84' lang='lat' dir='ltr'><strong>Christus</strong></span> <span class='ocrx_word' id='word_1_863' title='bbox 3216 4481 3373 4545; x_wconf 75' lang='lat' dir='ltr'><strong>Jesus</strong></span> <span class='ocrx_word' id='word_1_864' title='bbox 3392 4523 3411 4551; x_wconf 84' lang='lat'><strong>,</strong></span> <span class='ocrx_word' id='word_1_865' title='bbox 3438 4483 3536 4539; x_wconf 88' lang='lat' dir='ltr'><strong>sed</strong></span> 
     </span>
    </p>
   </div>
   <div class='ocr_carea' id='block_1_108' title="bbox 1952 4572 3534 4648">
    <p class='ocr_par' dir='ltr' id='par_1_108' title="bbox 1952 4572 3534 4648">
     <span class='ocr_line' id='line_1_108' title="bbox 1952 4572 3534 4648; baseline -0.007 -7"><span class='ocrx_word' id='word_1_866' title='bbox 1952 4586 2009 4642; x_wconf 90' lang='lat' dir='ltr'><strong>in</strong></span> <span class='ocrx_word' id='word_1_867' title='bbox 2046 4583 2220 4640; x_wconf 80' lang='lat' dir='ltr'><strong>forma</strong></span> <span class='ocrx_word' id='word_1_868' title='bbox 2267 4582 2429 4639; x_wconf 87' lang='lat' dir='ltr'><strong>servi.</strong></span> <span class='ocrx_word' id='word_1_869' title='bbox 2470 4580 2603 4636; x_wconf 79' lang='lat' dir='ltr'><strong>Item</strong></span> <span class='ocrx_word' id='word_1_870' title='bbox 2633 4580 2699 4635; x_wconf 93' lang='lat' dir='ltr'><strong>de</strong></span> <span class='ocrx_word' id='word_1_871' title='bbox 2725 4572 2950 4648; x_wconf 87' lang='lat' dir='ltr'><strong>singulis</strong></span> <span class='ocrx_word' id='word_1_872' title='bbox 2975 4575 3172 4647; x_wconf 84' lang='lat' dir='ltr'><strong>quibus</strong></span> <span class='ocrx_word' id='word_1_873' title='bbox 3211 4575 3374 4639; x_wconf 64' lang='lat' dir='ltr'><strong>bona)</strong></span> <span class='ocrx_word' id='word_1_874' title='bbox 3403 4589 3534 4631; x_wconf 82' lang='lat' dir='ltr'><strong>con-</strong></span> 
     </span>
    </p>
   </div>
   <div class='ocr_carea' id='block_1_109' title="bbox 1955 4652 3537 4741">
    <p class='ocr_par' dir='ltr' id='par_1_109' title="bbox 1955 4652 3537 4741">
     <span class='ocr_line' id='line_1_109' title="bbox 1955 4652 3537 4741; baseline -0.007 -10"><span class='ocrx_word' id='word_1_875' title='bbox 1955 4682 2084 4731; x_wconf 89' lang='lat' dir='ltr'><strong>stat.</strong></span> <span class='ocrx_word' id='word_1_876' title='bbox 2130 4672 2262 4741; x_wconf 86' lang='lat' dir='ltr'><strong>Quis</strong></span> <span class='ocrx_word' id='word_1_877' title='bbox 2300 4688 2407 4729; x_wconf 89' lang='lat' dir='ltr'><strong>non</strong></span> <span class='ocrx_word' id='word_1_878' title='bbox 2445 4681 2531 4729; x_wconf 87' lang='lat' dir='ltr'><strong>est</strong></span> <span class='ocrx_word' id='word_1_879' title='bbox 2566 4668 2860 4726; x_wconf 80' lang='lat' dir='ltr'><strong>derelictus</strong></span> <span class='ocrx_word' id='word_1_880' title='bbox 2894 4669 2950 4724; x_wconf 92' lang='lat' dir='ltr'><strong>in</strong></span> <span class='ocrx_word' id='word_1_881' title='bbox 2995 4666 3247 4724; x_wconf 78' lang='lat' dir='ltr'><strong>inferno?</strong></span> <span class='ocrx_word' id='word_1_882' title='bbox 3287 4652 3537 4721; x_wconf 80' lang='lat' dir='ltr'><strong>Christus</strong></span> 
     </span>
    </p>
   </div>
   <div class='ocr_carea' id='block_1_110' title="bbox 1952 4750 3538 4829">
    <p class='ocr_par' dir='ltr' id='par_1_110' title="bbox 1952 4750 3538 4829">
     <span class='ocr_line' id='line_1_110' title="bbox 1952 4750 3538 4829; baseline -0.008 -9"><span class='ocrx_word' id='word_1_883' title='bbox 1952 4750 2115 4820; x_wconf 80' lang='lat' dir='ltr'><strong>Jesus</strong></span> <span class='ocrx_word' id='word_1_884' title='bbox 2136 4803 2152 4829; x_wconf 92' lang='lat'><strong>,</strong></span> <span class='ocrx_word' id='word_1_885' title='bbox 2185 4762 2279 4818; x_wconf 90' lang='lat' dir='ltr'><strong>sed</strong></span> <span class='ocrx_word' id='word_1_886' title='bbox 2307 4762 2362 4817; x_wconf 92' lang='lat' dir='ltr'><strong>in</strong></span> <span class='ocrx_word' id='word_1_887' title='bbox 2391 4762 2573 4816; x_wconf 86' lang='lat' dir='ltr'><strong>anima</strong></span> <span class='ocrx_word' id='word_1_888' title='bbox 2603 4759 2738 4815; x_wconf 89' lang='lat' dir='ltr'><strong>sola.</strong></span> <span class='ocrx_word' id='word_1_889' title='bbox 2772 4757 2905 4826; x_wconf 90' lang='lat' dir='ltr'><strong>Quis</strong></span> <span class='ocrx_word' id='word_1_890' title='bbox 2923 4763 3330 4813; x_wconf 86' lang='lat' dir='ltr'><strong>resurrecturus</strong></span> <span class='ocrx_word' id='word_1_891' title='bbox 3360 4754 3538 4810; x_wconf 73' lang='lat' dir='ltr'><strong>triduo</strong></span> 
     </span>
    </p>
   </div>
   <div class='ocr_carea' id='block_1_111' title="bbox 1951 4845 3534 4925">
    <p class='ocr_par' dir='ltr' id='par_1_111' title="bbox 1951 4845 3534 4925">
     <span class='ocr_line' id='line_1_111' title="bbox 1951 4845 3534 4925; baseline -0.008 -15"><span class='ocrx_word' id='word_1_892' title='bbox 1951 4855 2124 4925; x_wconf 77' lang='lat' dir='ltr'><strong>iacuit</strong></span> <span class='ocrx_word' id='word_1_893' title='bbox 2172 4853 2227 4908; x_wconf 92' lang='lat' dir='ltr'><strong>in</strong></span> <span class='ocrx_word' id='word_1_894' title='bbox 2274 4851 2562 4922; x_wconf 85' lang='lat' dir='ltr'><strong>sepulcro?</strong></span> <span class='ocrx_word' id='word_1_895' title='bbox 2607 4848 2856 4905; x_wconf 90' lang='lat' dir='ltr'><strong>Christus</strong></span> <span class='ocrx_word' id='word_1_896' title='bbox 2898 4846 3083 4911; x_wconf 71' lang='lat' dir='ltr'><strong>Iesus,</strong></span> <span class='ocrx_word' id='word_1_897' title='bbox 3132 4846 3227 4907; x_wconf 85' lang='lat' dir='ltr'><strong>sed</strong></span> <span class='ocrx_word' id='word_1_898' title='bbox 3274 4845 3329 4901; x_wconf 92' lang='lat' dir='ltr'><strong>in</strong></span> <span class='ocrx_word' id='word_1_899' title='bbox 3368 4857 3534 4900; x_wconf 80' lang='lat' dir='ltr'><strong>carne</strong></span> 
     </span>
    </p>
   </div>
   <div class='ocr_carea' id='block_1_112' title="bbox 1960 4918 3558 5008">
    <p class='ocr_par' dir='ltr' id='par_1_112' title="bbox 1960 4918 3558 5008">
     <span class='ocr_line' id='line_1_112' title="bbox 1960 4918 3558 5008; baseline -0.007 -10"><span class='ocrx_word' id='word_1_900' title='bbox 1960 4918 2093 4998; x_wconf 76' lang='lat' dir='ltr'><strong>sola.</strong></span> <span class='ocrx_word' id='word_1_901' title='bbox 2121 4918 2352 4995; x_wconf 28' lang='lat' dir='ltr'><strong>Dicitur-</strong></span> <span class='ocrx_word' id='word_1_902' title='bbox 2367 4952 2496 5008; x_wconf 79' lang='lat' dir='ltr'><strong>ergo</strong></span> <span class='ocrx_word' id='word_1_903' title='bbox 2536 4940 2590 4993; x_wconf 92' lang='lat' dir='ltr'><strong>in</strong></span> <span class='ocrx_word' id='word_1_904' title='bbox 2629 4938 2716 4993; x_wconf 86' lang='lat' dir='ltr'><strong>his</strong></span> <span class='ocrx_word' id='word_1_905' title='bbox 2755 4936 2979 5008; x_wconf 88' lang='lat' dir='ltr'><strong>singulis</strong></span> <span class='ocrx_word' id='word_1_906' title='bbox 3019 4935 3267 4992; x_wconf 83' lang='lat' dir='ltr'><strong>Christus</strong></span> <span class='ocrx_word' id='word_1_907' title='bbox 3296 4950 3311 4998; x_wconf 88' lang='lat'><strong>;</strong></span> <span class='ocrx_word' id='word_1_908' title='bbox 3342 4918 3558 4989; x_wconf 19' lang='lat' dir='ltr'><strong>verum.</strong></span> 
     </span>
    </p>
   </div>
   <div class='ocr_carea' id='block_1_113' title="bbox 1963 5024 3538 5095">
    <p class='ocr_par' dir='ltr' id='par_1_113' title="bbox 1963 5024 3538 5095">
     <span class='ocr_line' id='line_1_113' title="bbox 1963 5024 3538 5095; baseline -0.006 -8"><span class='ocrx_word' id='word_1_909' title='bbox 1963 5032 2078 5087; x_wconf 64' lang='lat' dir='ltr'><strong>hate</strong></span> <span class='ocrx_word' id='word_1_910' title='bbox 2105 5029 2286 5087; x_wconf 91' lang='lat' dir='ltr'><strong>omnia</strong></span> <span class='ocrx_word' id='word_1_911' title='bbox 2319 5044 2424 5086; x_wconf 90' lang='lat' dir='ltr'><strong>non</strong></span> <span class='ocrx_word' id='word_1_912' title='bbox 2453 5030 2559 5084; x_wconf 89' lang='lat' dir='ltr'><strong>duo</strong></span> <span class='ocrx_word' id='word_1_913' title='bbox 2587 5029 2670 5083; x_wconf 85' lang='lat' dir='ltr'><strong>vel</strong></span> <span class='ocrx_word' id='word_1_914' title='bbox 2704 5038 2843 5095; x_wconf 88' lang='lat' dir='ltr'><strong>tres,</strong></span> <span class='ocrx_word' id='word_1_915' title='bbox 2874 5028 2969 5083; x_wconf 82' lang='lat' dir='ltr'><strong>sed</strong></span> <span class='ocrx_word' id='word_1_916' title='bbox 2998 5043 3138 5083; x_wconf 89' lang='lat' dir='ltr'><strong>unus</strong></span> <span class='ocrx_word' id='word_1_917' title='bbox 3164 5034 3248 5083; x_wconf 87' lang='lat' dir='ltr'><strong>est</strong></span> <span class='ocrx_word' id='word_1_918' title='bbox 3270 5024 3538 5083; x_wconf 82' lang='lat' dir='ltr'><strong>Christus.</strong></span> 
     </span>
    </p>
   </div>
   <div class='ocr_carea' id='block_1_114' title="bbox 1959 5117 3536 5192">
    <p class='ocr_par' dir='ltr' id='par_1_114' title="bbox 1959 5117 3536 5192">
     <span class='ocr_line' id='line_1_114' title="bbox 1959 5117 3536 5192; baseline -0.004 -16"><span class='ocrx_word' id='word_1_919' title='bbox 1959 5121 2082 5178; x_wconf 81' lang='lat' dir='ltr'><strong>Ideo</strong></span> <span class='ocrx_word' id='word_1_920' title='bbox 2120 5135 2251 5192; x_wconf 89' lang='lat' dir='ltr'><strong>ergo</strong></span> <span class='ocrx_word' id='word_1_921' title='bbox 2279 5119 2413 5185; x_wconf 81' lang='lat' dir='ltr'><strong>dixit</strong></span> <span class='ocrx_word' id='word_1_922' title='bbox 2438 5137 2450 5172; x_wconf 91' lang='lat'><strong>:</strong></span> <span class='ocrx_word' id='word_1_923' title='bbox 2484 5117 2543 5173; x_wconf 88' lang='lat' dir='ltr'><strong>Si</strong></span> <span class='ocrx_word' id='word_1_924' title='bbox 2569 5117 2850 5189; x_wconf 68' lang='lat' dir='ltr'><strong>diliget-etis</strong></span> <span class='ocrx_word' id='word_1_925' title='bbox 2875 5134 2974 5183; x_wconf 79' lang='lat' dir='ltr'><strong>me,</strong></span> <span class='ocrx_word' id='word_1_926' title='bbox 3002 5117 3299 5188; x_wconf 71' lang='lat' dir='ltr'><strong>gauderem</strong></span> <span class='ocrx_word' id='word_1_927' title='bbox 3326 5117 3536 5185; x_wconf 82' lang='lat' dir='ltr'><strong>utique,</strong></span> 
     </span>
    </p>
   </div>
   <div class='ocr_carea' id='block_1_115' title="bbox 1961 5206 3542 5285">
    <p class='ocr_par' dir='ltr' id='par_1_115' title="bbox 1961 5206 3542 5285">
     <span class='ocr_line' id='line_1_115' title="bbox 1961 5206 3542 5285; baseline -0.006 -18"><span class='ocrx_word' id='word_1_928' title='bbox 1961 5214 2084 5285; x_wconf 86' lang='lat' dir='ltr'><strong>quia</strong></span> <span class='ocrx_word' id='word_1_929' title='bbox 2133 5212 2265 5268; x_wconf 84' lang='lat' dir='ltr'><strong>vado</strong></span> <span class='ocrx_word' id='word_1_930' title='bbox 2312 5210 2380 5265; x_wconf 84' lang='lat' dir='ltr'><strong>ad</strong></span> <span class='ocrx_word' id='word_1_931' title='bbox 2426 5207 2677 5276; x_wconf 84' lang='lat' dir='ltr'><strong>Patrem,</strong></span> <span class='ocrx_word' id='word_1_932' title='bbox 2726 5209 2995 5279; x_wconf 79' lang='lat' dir='ltr'><strong>qimmodo</strong></span> <span class='ocrx_word' id='word_1_933' title='bbox 3042 5216 3248 5265; x_wconf 64' lang='lat' dir='ltr'><strong>naturae</strong></span> <span class='ocrx_word' id='word_1_934' title='bbox 3290 5206 3542 5263; x_wconf 71' lang='lat' dir='ltr'><strong>humanae</strong></span> 
     </span>
    </p>
   </div>
   <div class='ocr_carea' id='block_1_116' title="bbox 1963 5293 3544 5373">
    <p class='ocr_par' dir='ltr' id='par_1_116' title="bbox 1963 5293 3544 5373">
     <span class='ocr_line' id='line_1_116' title="bbox 1963 5293 3544 5373; baseline -0.005 -17"><span class='ocrx_word' id='word_1_935' title='bbox 1963 5301 2338 5373; x_wconf 86' lang='lat' dir='ltr'><strong>gratulandum</strong></span> <span class='ocrx_word' id='word_1_936' title='bbox 2380 5309 2494 5365; x_wconf 90' lang='lat' dir='ltr'><strong>est,</strong></span> <span class='ocrx_word' id='word_1_937' title='bbox 2543 5316 2641 5367; x_wconf 86' lang='lat' dir='ltr'><strong>eo,</strong></span> <span class='ocrx_word' id='word_1_938' title='bbox 2677 5300 2821 5370; x_wconf 88' lang='lat' dir='ltr'><strong>quod</strong></span> <span class='ocrx_word' id='word_1_939' title='bbox 2847 5307 3125 5370; x_wconf 80' lang='lat' dir='ltr'><strong>assumpta</strong></span> <span class='ocrx_word' id='word_1_940' title='bbox 3168 5305 3257 5371; x_wconf 84' lang='lat' dir='ltr'><strong>est</strong></span> <span class='ocrx_word' id='word_1_941' title='bbox 3299 5311 3331 5351; x_wconf 90' lang='lat' dir='ltr'><strong>a</strong></span> <span class='ocrx_word' id='word_1_942' title='bbox 3377 5293 3544 5350; x_wconf 82' lang='lat' dir='ltr'><strong>verbo</strong></span> 
     </span>
    </p>
   </div>
   <div class='ocr_carea' id='block_1_117' title="bbox 1958 5380 3523 5463">
    <p class='ocr_par' dir='ltr' id='par_1_117' title="bbox 1958 5380 3523 5463">
     <span class='ocr_line' id='line_1_117' title="bbox 1958 5380 3523 5463; baseline -0.009 -15"><span class='ocrx_word' id='word_1_943' title='bbox 1958 5392 2266 5463; x_wconf 91' lang='lat' dir='ltr'><strong>unigenito,</strong></span> <span class='ocrx_word' id='word_1_944' title='bbox 2315 5400 2376 5445; x_wconf 88' lang='lat' dir='ltr'><strong>ut</strong></span> <span class='ocrx_word' id='word_1_945' title='bbox 2421 5389 2746 5447; x_wconf 87' lang='lat' dir='ltr'><strong>immortalis</strong></span> <span class='ocrx_word' id='word_1_946' title='bbox 2794 5389 3217 5445; x_wconf 84' lang='lat' dir='ltr'><strong>constitueretur</strong></span> <span class='ocrx_word' id='word_1_947' title='bbox 3264 5384 3320 5440; x_wconf 87' lang='lat' dir='ltr'><strong>in</strong></span> <span class='ocrx_word' id='word_1_948' title='bbox 3367 5380 3523 5438; x_wconf 62' lang='lat' dir='ltr'><strong>calo.</strong></span> 
     </span>
    </p>
   </div>
   <div class='ocr_carea' id='block_1_118' title="bbox 1963 5470 3542 5561">
    <p class='ocr_par' dir='ltr' id='par_1_118' title="bbox 1963 5470 3542 5561">
     <span class='ocr_line' id='line_1_118' title="bbox 1963 5470 3542 5561; baseline -0.008 -21"><span class='ocrx_word' id='word_1_949' title='bbox 1963 5482 2074 5540; x_wconf 83' lang='lat' dir='ltr'><strong>lloc</strong></span> <span class='ocrx_word' id='word_1_950' title='bbox 2098 5470 2245 5561; x_wconf 77' lang='lat' dir='ltr'><strong>enim</strong></span> <span class='ocrx_word' id='word_1_951' title='bbox 2270 5483 2429 5538; x_wconf 84' lang='lat' dir='ltr'><strong>modo</strong></span> <span class='ocrx_word' id='word_1_952' title='bbox 2457 5498 2514 5538; x_wconf 85' lang='lat' dir='ltr'><strong>se</strong></span> <span class='ocrx_word' id='word_1_953' title='bbox 2544 5483 2757 5538; x_wconf 80' lang='lat' dir='ltr'><strong>iturum</strong></span> <span class='ocrx_word' id='word_1_954' title='bbox 2769 5481 2907 5536; x_wconf 78' lang='lat' dir='ltr'><strong>dixit</strong></span> <span class='ocrx_word' id='word_1_955' title='bbox 2925 5480 2993 5535; x_wconf 87' lang='lat' dir='ltr'><strong>ad</strong></span> <span class='ocrx_word' id='word_1_956' title='bbox 3008 5478 3243 5535; x_wconf 83' lang='lat' dir='ltr'><strong>Patrem.</strong></span> <span class='ocrx_word' id='word_1_957' title='bbox 3270 5472 3387 5547; x_wconf 77' lang='lat' dir='ltr'><strong>Non</strong></span> <span class='ocrx_word' id='word_1_958' title='bbox 3412 5486 3542 5545; x_wconf 79' lang='lat' dir='ltr'><strong>pro-</strong></span> 
     </span>
    </p>
   </div>
   <div class='ocr_carea' id='block_1_119' title="bbox 1961 5565 3544 5643">
    <p class='ocr_par' dir='ltr' id='par_1_119' title="bbox 1961 5565 3544 5643">
     <span class='ocr_line' id='line_1_119' title="bbox 1961 5565 3544 5643; baseline -0.009 -13"><span class='ocrx_word' id='word_1_959' title='bbox 1961 5573 2104 5630; x_wconf 74' lang='lat' dir='ltr'><strong>lecto</strong></span> <span class='ocrx_word' id='word_1_960' title='bbox 2136 5573 2202 5630; x_wconf 91' lang='lat' dir='ltr'><strong>ad</strong></span> <span class='ocrx_word' id='word_1_961' title='bbox 2234 5573 2385 5628; x_wconf 91' lang='lat' dir='ltr'><strong>illum</strong></span> <span class='ocrx_word' id='word_1_962' title='bbox 2416 5572 2530 5627; x_wconf 88' lang='lat' dir='ltr'><strong>ibat</strong></span> <span class='ocrx_word' id='word_1_963' title='bbox 2558 5572 2652 5643; x_wconf 89' lang='lat' dir='ltr'><strong>qui</strong></span> <span class='ocrx_word' id='word_1_964' title='bbox 2683 5586 2808 5627; x_wconf 90' lang='lat' dir='ltr'><strong>cum</strong></span> <span class='ocrx_word' id='word_1_965' title='bbox 2837 5570 2929 5625; x_wconf 90' lang='lat' dir='ltr'><strong>illo</strong></span> <span class='ocrx_word' id='word_1_966' title='bbox 2956 5576 3072 5624; x_wconf 88' lang='lat' dir='ltr'><strong>erat</strong></span> <span class='ocrx_word' id='word_1_967' title='bbox 3092 5607 3109 5633; x_wconf 93' lang='lat'><strong>,</strong></span> <span class='ocrx_word' id='word_1_968' title='bbox 3139 5565 3238 5622; x_wconf 84' lang='lat' dir='ltr'><strong>sed</strong></span> <span class='ocrx_word' id='word_1_969' title='bbox 3274 5565 3381 5621; x_wconf 86' lang='lat' dir='ltr'><strong>hoc</strong></span> <span class='ocrx_word' id='word_1_970' title='bbox 3421 5570 3544 5621; x_wconf 71' lang='lat' dir='ltr'><strong>erat</strong></span> 
     </span>
    </p>
   </div>
   <div class='ocr_carea' id='block_1_120' title="bbox 1964 5654 3543 5735">
    <p class='ocr_par' dir='ltr' id='par_1_120' title="bbox 1964 5654 3543 5735">
     <span class='ocr_line' id='line_1_120' title="bbox 1964 5654 3543 5735; baseline -0.006 -14"><span class='ocrx_word' id='word_1_971' title='bbox 1964 5666 2043 5723; x_wconf 88' lang='lat' dir='ltr'><strong>ire</strong></span> <span class='ocrx_word' id='word_1_972' title='bbox 2071 5665 2138 5722; x_wconf 87' lang='lat' dir='ltr'><strong>ad</strong></span> <span class='ocrx_word' id='word_1_973' title='bbox 2163 5680 2285 5725; x_wconf 88' lang='lat' dir='ltr'><strong>eum</strong></span> <span class='ocrx_word' id='word_1_974' title='bbox 2309 5706 2325 5733; x_wconf 91' lang='lat'><strong>,</strong></span> <span class='ocrx_word' id='word_1_975' title='bbox 2362 5674 2418 5721; x_wconf 91' lang='lat' dir='ltr'><strong>et</strong></span> <span class='ocrx_word' id='word_1_976' title='bbox 2444 5663 2686 5735; x_wconf 83' lang='lat' dir='ltr'><strong>recipere</strong></span> <span class='ocrx_word' id='word_1_977' title='bbox 2712 5677 2742 5717; x_wconf 87' lang='lat' dir='ltr'><strong>a</strong></span> <span class='ocrx_word' id='word_1_978' title='bbox 2773 5661 2929 5718; x_wconf 86' lang='lat' dir='ltr'><strong>nobis</strong></span> <span class='ocrx_word' id='word_1_979' title='bbox 2957 5657 3218 5725; x_wconf 85' lang='lat' dir='ltr'><strong>mortale,</strong></span> <span class='ocrx_word' id='word_1_980' title='bbox 3246 5664 3411 5731; x_wconf 76' lang='lat' dir='ltr'><strong>atque</strong></span> <span class='ocrx_word' id='word_1_981' title='bbox 3435 5654 3543 5725; x_wconf 55' lang='lat' dir='ltr'><strong>itus</strong></span> 
     </span>
    </p>
   </div>
  </div>
