3962 6180
411 399 416 402 ’
427 390 538 445 259

435 500 664 558 mortale
702 501 880 555 facere
915 495 1056 568 quod
1097 495 1326 550 mortale
1363 495 1602 564 suscepit
1638 507 1702 548 ex
1738 493 1930 557 nobis,
1964 502 2018 548 et
2050 500 2097 556 Α

435 593 502 647 ad
553 591 797 645 dextram
843 587 1174 642 constituere
1216 585 1432 650 Patris,
1475 600 1574 655 per
1620 583 1765 653 quod
1811 582 1914 637 fuit
1960 583 2013 638 in

439 697 582 740 terra
623 698 722 754 pro
767 681 940 737 nobis.
984 680 1188 736 Deinde
1229 680 1342 752 ipse
1382 679 1644 736 Dominus
1682 677 1841 734 Iesus
1883 677 2012 734 sub-

439 776 622 848 junxit
649 793 664 829 :

513 866 579 918 Et
607 855 746 918 nunc
776 863 888 919 dixi
917 865 1060 919 vobis
1091 867 1395 935 priusquam
1423 864 1517 933 fiat
1537 903 1552 928 ,
1585 873 1643 916 ut
1672 880 1790 917 cum
1821 863 2019 932 factum

439 955 624 1025 fuerit,
651 955 898 1010 credatis.
928 954 1062 1009 [llud
1091 955 1278 1024 utique
1306 953 1467 1019 dicit,
1502 955 1647 1024 quod
1679 953 1876 1007 factum
1906 951 2021 1006 fue-

440 1047 512 1104 rit
535 1089 550 1112 ,
577 1047 721 1117 quod
747 1047 890 1102 enim
916 1055 1040 1116 post
1066 1054 1295 1100 mortem
1325 1045 1492 1100 visuri
1520 1053 1679 1098 erant
1706 1045 1980 1098 viventem
2002 1082 2018 1106 ,

438 1147 496 1192 et
537 1140 603 1193 ad
647 1139 859 1192 Patrem
885 1137 1286 1202 ascendentem,
1326 1151 1432 1205 quo
1475 1137 1592 1190 viso
1633 1135 1762 1190 illud
1808 1134 2022 1189 fuerant

439 1229 729 1289 credituri,
771 1227 912 1296 quod
943 1227 1054 1296 ipse
1081 1227 1328 1280 Christus
1380 1225 1522 1279 ﬁlius
1550 1225 1646 1279 Dei
1688 1225 1801 1294 jam
1851 1223 2024 1294 potuit

440 1315 544 1368 hoe
577 1313 754 1367 facere
782 1328 903 1366 cum
932 1314 1186 1378 dixisset,
1219 1322 1274 1367 et
1303 1313 1597 1384 praedicare
1624 1322 1910 1381 antequam
1946 1310 2024 1365 fa-

443 1413 610 1458 ceret.
667 1403 925 1459 Poterant
968 1403 1112 1458 enim
1145 1403 1392 1458 dubitare
1436 1403 1480 1457 si
1524 1402 1694 1457 Filius
1725 1401 1816 1455 Dei
1847 1409 2021 1465 esset,

449 1509 572 1548 cum
621 1509 744 1548 eum
787 1494 1034 1548 viderunt
1070 1493 1426 1559 moriturum,
1467 1493 1561 1547 sed
1608 1508 1730 1546 eum
1772 1492 2025 1546 viderunt

445 1601 569 1639 eum
615 1587 1009 1650 resurrexisse,
1042 1585 1335 1640 credebant
1364 1585 1417 1639 in
1466 1600 1572 1654 quo
1613 1592 1771 1638 antea
1816 1583 2026 1638 dubita-

446 1677 606 1741 bant,
657 1684 714 1730 et
759 1675 1080 1730 conﬁrmata
1131 1684 1216 1730 est
1262 1675 1395 1730 ﬁdes
1443 1677 1498 1729 in
1540 1674 1795 1730 cordibus
1835 1689 2025 1729 eorum

451 1779 611 1834 quam
659 1765 765 1819 illis
806 1763 1163 1834 prtedixerat,
1210 1763 1303 1833 qui
1350 1771 1405 1818 et
1449 1779 1545 1818 ore
1589 1763 1839 1832 promisit
1883 1763 2027 1834 quod

1072 380 1132 435 Β.
1175 375 1430 434 RABANI
1470 372 1687 430 MAURI
1724 372 2041 428 ARClliEP.
2088 367 2394 428 MOGUNT.
2439 365 2723 425 OPERUM
2760 366 2938 422 PARS
2979 366 3042 420 ll.

2679 483 2958 542 llOMlLlA
3003 483 3136 538 LIX.

2403 595 2598 637 FERIA
2629 594 2682 633 ιι
2714 593 2871 634 Ροετ
2906 588 3397 631 ΡΕΝΤΕΟΟἙΤΕΝ

2478 670 2666 725 Lectio
2692 667 2923 723 Aetuum
2956 665 3343 737 apostolorum.

2186 763 2256 818 In
2293 763 2472 818 diebus
2500 761 2608 816 illis
2636 761 2871 833 aperiens
2898 756 3087 812 Petrus
3117 774 3173 811 os
3202 773 3355 810 suum
3384 756 3517 810 dixit
3541 773 3559 810 :
3598 755 3716 810 l'iri

2118 855 2311 928 fratres
2344 863 2392 909 et
2428 865 2621 926 patres,
2665 853 2810 906 nobis
2850 850 3091 922 praecepit
3127 848 3382 902 Dominus
3419 865 3514 917 pra
3529 851 3714 902 dicare

2117 947 2344 1019 populo,
2379 955 2426 1000 et
2467 944 2739 1015 testiﬁcari
2776 942 2899 1014 quia
2939 942 3048 1012 ipse
3074 949 3147 994 est
3173 939 3262 1010 qui
3289 940 3602 993 constitutus
3633 948 3715 992 cst

2119 1053 2153 1090 a
2179 1036 2290 1090 Deo
2313 1034 2481 1106 judea:
2509 1035 2742 1090 vivorum
2769 1041 2817 1085 et
2847 1039 3172 1084 mortuorum
3191 1068 3205 1092 ,
3239 1036 3342 1082 etc.

2194 1128 2428 1184 Sanctus
2456 1127 2649 1183 Petrus
2692 1122 2966 1196 apostolus
3005 1119 3190 1174 volens
3215 1117 3497 1174 ostendere
3529 1117 3714 1171 Domi-

2122 1233 2252 1273 num
2299 1228 2544 1272 nostrum
2587 1214 2774 1270 Jesum
2807 1213 3083 1267 Christum
3111 1225 3296 1264 verum
3319 1208 3557 1276 judicem
3588 1223 3714 1262 esse

2124 1307 2374 1360 vivorum
2421 1315 2476 1360 et
2522 1313 2892 1365 mortuorum,
2943 1300 3042 1354 sibi
3088 1299 3190 1352 hoc
3230 1306 3284 1352 et
3324 1298 3532 1351 caeteris
3582 1312 3718 1365 apo-

2123 1397 2276 1453 stolis
2315 1394 2746 1451 commendatum
2783 1406 2903 1446 esse
2941 1389 3070 1444 dicit
3113 1389 3180 1444 ab
3225 1389 3340 1458 ipso
3383 1387 3609 1441 Domino
3652 1395 3718 1440 ut

2124 1487 2484 1558 praedicarent
2521 1483 2731 1555 populis
2771 1481 2934 1536 verbo
2974 1490 3028 1535 et
3067 1479 3489 1534 testiﬁcarentur
3517 1478 3716 1544 dictis,

2126 1588 2287 1648 atque
2329 1577 2590 1648 exemplis
2633 1582 2946 1630 sanctorum
2998 1572 3412 1642 prophetarum,
3471 1572 3572 1625 hoc
3617 1573 3717 1624 du-

2127 1669 2252 1724 dum
2283 1667 2688 1738 pronuntiatum
2720 1678 2858 1719 esse.
2891 1662 3286 1717 Remissionem
3316 1660 3569 1714 videlicet
3594 1676 3720 1730 pec-

2129 1767 2375 1815 catorum
2401 1757 2647 1828 accipere
2680 1772 2777 1827 per
2804 1770 2999 1809 nomen
3045 1753 3193 1823 ejus,
3224 1767 3414 1805 onmcs
3457 1752 3546 1822 qui
3594 1767 3718 1806 crc-

446 1855 686 1910 l'aeturus
727 1863 873 1920 erat,
905 1862 961 1910 et
985 1869 1150 1923 opere
1179 1853 1466 1924 complevit
1493 1853 1634 1924 quod
1674 1861 1799 1908 ante
1831 1853 2028 1923 praedi-
2057 1842 2104 1901 Β
2134 1849 2266 1903 dunt
2291 1848 2343 1902 in
2374 1863 2496 1902 eum
2527 1865 2539 1900 :
2570 1846 2694 1917 quia
2727 1860 2831 1899 non
2867 1852 2950 1899 est
2980 1843 3032 1897 in
3061 1843 3166 1896 alio
3195 1842 3374 1911 aliquo
3396 1841 3576 1906 salus,
3609 1843 3718 1896 nisi

448 1947 545 2000 xit.
579 1947 783 2001 Deinde
808 1945 949 2015 quod
981 1945 1116 2000 dicit
1143 1961 1157 1998 :

524 2035 650 2090 Jam
681 2052 784 2089 non
811 2035 979 2088 multa
1010 2033 1197 2104 loquar
1226 2033 1484 2087 vobiscum
1505 2073 1518 2098 ,
1548 2032 1684 2087 venit
1712 2031 1850 2086 enim
1879 2033 2032 2100 prin-

449 2143 567 2193 ceps
597 2126 756 2196 hujus
785 2124 986 2178 mundi.
1017 2122 1149 2190 Quis
1176 2123 1280 2176 nisi
1314 2121 1598 2178 diabolus?

525 2217 594 2272 Et
644 2217 699 2270 in
748 2231 830 2269 me
868 2231 974 2269 non
1015 2213 1167 2268 habet
1212 2213 1516 2284 quidquam.
1564 2210 1779 2265 Nullum
1827 2209 2036 2266 scilicet

450 2310 674 2365 omnino
698 2314 999 2379 peccatum.
1024 2304 1124 2360 Hic
1147 2305 1291 2361 enim
1316 2305 1552 2359 ostendit
1588 2303 1860 2358 diabolum
1887 2303 2037 2374 prin-

448 2399 623 2467 cipem
665 2411 786 2452 esse
826 2404 1172 2466 peccatorum
1217 2393 1497 2448 hominum
1523 2409 1627 2448 non
1658 2403 2033 2448 creaturarum

451 2487 569 2552 Dei,
596 2494 649 2540 et
675 2485 1099 2556 quotiescunque
1125 2481 1309 2537 mundi
1334 2481 1504 2554 ﬁgura
1534 2483 1586 2536 in
1615 2483 1753 2537 mala
1769 2483 2036 2553 signiﬁca-

455 2577 602 2631 tione
636 2575 876 2646 ponitur,
908 2573 1039 2628 nihil
1066 2576 1303 2631 ostendit
1329 2574 1435 2630 nisi
1464 2574 1648 2629 mundi
1693 2574 1850 2629 istius
1882 2589 2035 2628 ama-

455 2676 600 2722 tores
631 2674 688 2722 et
724 2681 832 2721 non
871 2665 988 2720 Dei.
1028 2664 1187 2722 Absit
1239 2666 1384 2722 enim
1416 2674 1478 2721 ut
1518 2666 1803 2721 credamus
1834 2665 2038 2736 princi-

450 2773 576 2830 pem
615 2772 737 2814 esse
775 2757 899 2815 eteli
944 2765 999 2813 et
1043 2766 1236 2825 terrae,
1282 2765 1336 2813 et
1379 2768 1753 2814 creaturarum
1795 2758 2035 2813 omnium

454 2869 576 2923 quae
623 2851 950 2924 generaliter
998 2851 1184 2906 mundi
1229 2850 1586 2922 appellantur.
1643 2849 1810 2906 Totus
1856 2851 2038 2921 itaque

455 2944 690 3000 mundus
720 2943 889 2998 servit
919 2957 1017 2998 suo
1045 2942 1311 3008 creatori,
1345 2957 1452 2996 non
1483 2940 1757 3012 deceptori
1776 2983 1790 3006 ,
1824 2943 2038 2997 redem-

455 3036 598 3106 ptori
654 3048 762 3090 non
813 3033 1223 3104 interemptori,
1277 3041 1332 3088 et
1383 3033 1588 3104 regitur
1635 3034 2037 3105 dispensatione

456 3127 671 3193 divina,
727 3141 834 3181 non
889 3125 1092 3180 inimici
1145 3125 1379 3180 versutia
1423 3127 1800 3182 subvertitur:
1837 3137 2038 3198 praeter

458 3219 702 3274 homines
737 3218 907 3288 partis
939 3216 1079 3272 illius
1109 3218 1202 3288 qui
1238 3219 1452 3288 propria
1488 3219 1762 3275 voluntate
1805 3237 1910 3274 non
1943 3236 2036 3275 ne-

457 3311 711 3365 cessitate
739 3309 915 3380 aliqua
949 3323 1008 3364 se
1039 3307 1328 3375 subjiciunt
1359 3309 1590 3364 diabolo.
1635 3309 1785 3364 Unde
1815 3321 1869 3363 et
1896 3311 2037 3380 Apo-

458 3401 630 3456 stolus
661 3401 772 3455 ait:
796 3401 917 3455 Non
950 3411 1024 3455 est
1058 3401 1202 3455 nobis
1225 3401 1523 3455 colluctatio
1554 3402 1801 3456 adversus
1828 3419 2036 3457 carnem

461 3500 509 3544 et
551 3491 879 3560 sanguinem,
939 3490 991 3546 id
1021 3503 1104 3546 est
1128 3533 1144 3559 ,
1186 3492 1446 3547 adversus
1481 3492 1728 3547 homines
1760 3510 1773 3546 :
1813 3492 1904 3547 sed
1936 3493 2034 3546 ad-

457 3596 637 3635 versus
687 3589 964 3650 potestates
1008 3591 1056 3635 et
1098 3591 1320 3636 rectores
1362 3581 1691 3636 tenebrarum
1735 3584 1943 3647 harant,
1983 3584 2038 3639 id

455 3679 564 3734 est,
593 3679 959 3742 peccatorum,
985 3672 1074 3742 qui
1105 3672 1156 3726 in
1180 3671 1417 3727 tenebris
1446 3683 1667 3728 manent
1695 3673 1996 3742 iniquitatis
2020 3690 2034 3729 :

459 3776 599 3836 quos
653 3770 925 3828 rectores,
974 3762 1193 3834 angelos
1232 3777 1353 3820 esse
1396 3762 1701 3819 desertores
1746 3765 2034 3836 designat;

459 3854 557 3908 sed
601 3861 728 3908 sunt
771 3853 862 3922 qui
893 3867 988 3923 per
1018 3855 1246 3924 gratiam
1277 3854 1370 3910 Dei
1415 3869 1521 3910 non
1561 3854 1797 3926 pr0priis
1828 3857 2039 3912 meritis

461 3945 586 4000 inde
617 3950 903 4006 eruuntur,
935 3942 1001 3995 de
1027 3942 1220 4011 quibus
1247 3943 1320 3997 ait
1353 3943 1670 4013 Apostolus:
1707 3943 1910 3999 Fuistis
1937 3945 2039 3999 ali-

457 4033 670 4103 quando
693 4030 937 4095 tenebraa,
972 4048 1108 4085 nunc
1145 4043 1322 4086 autem
1363 4033 1456 4088 lux
1483 4036 1539 4088 in
1570 4036 1919 4092 Domino:Ut
1939 4037 2040 4106 lilii

460 4121 593 4175 lucis
640 4119 905 4176 ambulate
926 4133 947 4173 .°
978 4121 1068 4176 sed
1097 4123 1295 4192 gratias
1327 4121 1434 4177 Deo
1463 4125 1552 4195 qui
1579 4126 1713 4179 eruit
1743 4143 1836 4181 nos
1858 4169 1873 4192 ,
1900 4129 2042 4183 sicut

461 4213 604 4268 idem
633 4212 765 4268 dicit
785 4212 1077 4284 apostolus,
1094 4214 1158 4267 de
1181 4224 1431 4284 potestate
1452 4217 1781 4272 tenebrarum
1806 4229 1852 4274 et
1870 4220 2042 4275 abstu-

459 4301 518 4355 lit
539 4303 593 4356 in
617 4318 830 4374 regnum
853 4301 954 4372 filii
973 4303 1248 4358 charitatis
1271 4320 1380 4357 sua:
1397 4317 1415 4355 :
1433 4304 1485 4358 in
1508 4322 1608 4376 quo
1631 4308 1868 4380 princeps
1891 4327 2042 4364 mun-

457 4393 545 4460 di,
575 4393 678 4448 hoc
704 4400 788 4448 est
827 4394 1171 4448 tenebrarum
1214 4393 1432 4460 harum,
1479 4412 1582 4449 non
1624 4396 1845 4452 habebat
1889 4401 2041 4471 quid-

458 4498 652 4553 quam,
690 4481 817 4554 quia
859 4497 1034 4553 neque
1066 4498 1187 4538 cum
1219 4491 1442 4554 peccato
1471 4483 1614 4540 Deus
1655 4499 1908 4554 venerat,
1941 4506 2041 4546 nec

460 4574 578 4644 ejus
617 4587 838 4629 carnem
880 4575 945 4630 de
982 4576 1186 4645 peccati
1227 4576 1520 4648 propagine
1563 4578 1715 4650 virgo
1758 4592 2042 4650 pepererat

461 4671 516 4719 et
547 4671 800 4733 tanquam
839 4664 890 4719 ei
931 4665 1238 4721 diceretur:
1271 4682 1369 4721 cur
1409 4681 1538 4737 ergo
1577 4669 1828 4724 morieris
1859 4670 1900 4724 si
1934 4686 2038 4725 non

464 4754 632 4810 habes
668 4762 949 4824 peccatum
987 4757 1074 4812 cui
1117 4757 1412 4813 debebatur
1451 4761 1641 4814 mortis
1688 4761 2038 4832 supplicium,

463 4845 721 4900 continuo
751 4843 980 4914 subjecit
1005 4863 1018 4899 :

537 4937 644 4992 Sed
681 4947 739 4990 ut
779 4947 1053 5008 cognoscat
1099 4941 1324 4995 mundus
1359 4943 1483 5012 quia
1527 4943 1686 5014 diligo
1718 4941 1963 5011 Patrem,
1993 4955 2041 4999 et

461 5029 597 5082 sicut
625 5029 932 5082 mandatum
957 5029 1096 5083 dedit
1121 5031 1248 5085 mihi
1277 5030 1458 5100 Pater,
1483 5037 1558 5089 sic
1584 5034 1741 5105 facio.
1775 5037 1829 5091 In
1863 5039 2040 5109 exple-

465 5117 611 5171 tione
637 5132 766 5188 ergo
797 5119 1174 5173 mandatorum
1204 5119 1297 5174 Dei
1342 5123 1684 5179 manifestata
1713 5135 1796 5180 est
1825 5127 2040 5182 dilectio

453 5208 700 5274 Christi,
732 5224 892 5279 quam
938 5209 1127 5264 habuit
1163 5226 1288 5282 erga
1319 5211 1531 5270 Patrem
1561 5231 1748 5282 suum,
1785 5221 2039 5288 quoniam

463 5300 604 5354 sicut
643 5299 760 5370 ipse
798 5315 920 5356 eum
965 5302 1301 5356 incarnatum
1345 5305 1666 5360 salvatorem
1710 5307 1892 5363 mundi
1920 5327 2042 5366 esse

465 5395 778 5460 constituit,
828 5395 905 5450 sic
951 5395 1065 5466 ipse
1107 5395 1494 5453 benefaciendo
1535 5407 1590 5454 et
1632 5401 1881 5454 mandata
1924 5403 2042 5472 ejus

465 5484 850 5550 custodiendo,
895 5484 1093 5554 eripuit
1141 5499 1170 5538 a
1219 5495 1390 5541 morte
1421 5503 1709 5558 oppressos
1745 5505 1775 5542 a
1807 5489 2038 5553 diabolo,

467 5577 558 5642 qui
598 5575 730 5630 vivit
763 5583 820 5630 et
854 5584 1045 5646 regnat
1074 5589 1194 5629 cum
1226 5577 1333 5630 Deo
1361 5576 1524 5634 Patre
1552 5578 1605 5632 in
1636 5579 1842 5634 unitate
1872 5582 2044 5637 sancti

468 5663 700 5734 Spiritus
725 5665 885 5733 Deus,
914 5682 1012 5738 per
1040 5673 1220 5724 omnia
1253 5669 1444 5725 sarcula
1477 5670 1814 5728 seculorum.
1849 5674 2039 5729 Amen.

2134 1940 2280 1994 ineo
2310 1954 2470 2008 quem
2512 1938 2653 1992 Deus
2695 1936 2857 1990 Pater
2896 1936 3242 2004 omnipotens
3274 1934 3423 1988 misit
3464 1934 3515 1986 in
3559 1951 3721 1986 mun-

2133 2031 2260 2086 dum
2290 2039 2344 2084 ut
2378 2029 2685 2085 salvaretur
2713 2045 2811 2099 per
2839 2029 3014 2097 ipsum
3046 2029 3222 2082 omnis
3251 2027 3341 2096 qui
3371 2026 3620 2080 crederet
3663 2026 3721 2079 in

2134 2136 2292 2184 eum,
2345 2128 2566 2190 accepta
2613 2119 2933 2174 remissione
2978 2125 3325 2188 peccatorum
3373 2132 3470 2186 per
3519 2132 3724 2171 nomen

2134 2212 2251 2282 ejus
2281 2212 2600 2268 intinctione
2630 2212 2769 2266 sacri
2802 2210 3141 2280 baptismatis
3173 2218 3227 2263 et
3267 2209 3438 2263 sancti
3483 2207 3727 2278 Spiritus

2135 2304 2548 2359 conﬁrmatione
2568 2343 2582 2369 ,
2611 2311 2667 2356 et
2705 2302 3024 2373 probatione
3055 2302 3317 2356 bonorum
3346 2316 3570 2371 operum
3601 2316 3729 2370 qua:

2139 2399 2190 2453 in
2241 2397 2345 2452 ﬁde
2393 2405 2542 2452 recta
2591 2397 2802 2452 ostendi
2852 2395 3068 2450 debent.
3117 2393 3270 2449 Unde
3321 2405 3729 2465 consequenter

2136 2487 2353 2558 legitur,
2395 2485 2539 2556 quod
2578 2501 2702 2541 cum
2730 2485 2922 2540 Petrus
2950 2485 3199 2555 gentibus
3225 2484 3573 2554 praedicasset
3603 2500 3732 2538 ver-

2137 2579 2264 2633 bum
2294 2577 2425 2643 Dei,
2455 2576 2712 2632 continuo
2741 2575 3026 2631 cecidisset
3066 2573 3296 2644 Spiritus
3325 2584 3538 2629 sanctus
3567 2591 3732 2641 super

2139 2687 2314 2726 omnes
2344 2669 2432 2739 qui
2457 2667 2738 2722 audiebant
2768 2667 2997 2722 rerbum.
3032 2666 3101 2721 Et
3127 2667 3503 2736 obstupuerunt
3533 2683 3598 2721 ex
3629 2667 3734 2720 cir-

2138 2761 2452 2815 cumcisione
2475 2759 2654 2829 ﬁdeles
2683 2759 2772 2831 qui
2801 2769 3044 2814 venerant
3075 2776 3192 2813 cum
3223 2756 3380 2812 Petro
3400 2800 3415 2824 ,
3442 2759 3567 2830 quia
3593 2769 3642 2813 et
3669 2760 3730 2813 in

2139 2853 2373 2904 nationes
2407 2849 2638 2920 Spiritus
2667 2849 2836 2903 sancti
2863 2848 3034 2919 gratia
3079 2849 3250 2918 eﬂ'usa
3287 2858 3383 2904 est.
3427 2848 3731 2902 Audiebant

2137 2943 2274 2995 cnim
2301 2940 2417 2995 illos
2459 2941 2722 3011 loquentes
2763 2940 2955 3010 linguis
2995 2949 3043 2993 et
3083 2940 3482 3010 magniﬁcanres
3531 2940 3729 2995 Deum.

2139 3032 2216 3087 Ne
2243 3031 2508 3102 baptisma
2541 3031 2790 3103 gentibus
2820 3030 3035 3084 tradere
3061 3030 3302 3096 dubitet,
3336 3030 3572 3101 Spiritus
3603 3047 3734 3087 san-

2140 3123 2211 3177 cti
2245 3123 2552 3177 testimonio
2579 3122 2952 3188 conﬁrmatur,
2985 3122 3128 3192 ipsas
3157 3123 3358 3178 lavacri
3387 3139 3557 3194 aquas
3587 3142 3732 3195 quas

2140 3215 2478 3271 sanctiﬁcare
2507 3215 2672 3280 solet,
2707 3230 2845 3268 novo
2886 3215 3074 3269 ordine
3122 3218 3545 3287 praecurrentis;
3578 3217 3730 3287 quod

2139 3305 2304 3359 semel
2349 3306 2400 3359 in
2433 3305 2801 3360 testimonium
2835 3305 2955 3360 ﬁdei
2987 3309 3254 3377 gentium,
3291 3325 3567 3376 nunquam
3598 3325 3734 3366 vero

2140 3395 2191 3448 iu
2223 3393 2422 3449 Judteis
2451 3395 2698 3449 evenisse
2733 3395 3020 3464 reperitur.

2214 3486 2282 3540 Et
2306 3486 2471 3556 jussit
2503 3504 2590 3541 eos
2644 3488 2696 3540 in
2751 3489 2956 3544 nomine
3019 3489 3147 3544 Jesu
3202 3489 3399 3546 Christi
3443 3493 3730 3563 baptizari.

2139 3578 2274 3632 Cum
2321 3577 2574 3632 Ecclesia:
2607 3578 2788 3648 regula
2817 3580 2886 3634 sit
2943 3580 3124 3638 ﬁdeles
3170 3583 3222 3636 in
3277 3585 3494 3640 nomine
3525 3595 3736 3642 sanctas

2138 3668 2420 3722 Trinitatis
2450 3669 2744 3738 baptizari,
2798 3671 3059 3746 qtuuritmr
3111 3674 3381 3742 quomodo
3408 3673 3586 3730 Lucas
3630 3689 3735 3746 per

2140 3768 2308 3813 totum
2334 3757 2494 3830 hujus
2525 3759 2686 3814 libelli
2728 3769 2932 3815 textum
2965 3778 3070 3816 non
3097 3763 3255 3820 aliter
3298 3780 3462 3834 qualn
3513 3767 3568 3820 in
3626 3782 3702 3824 no

2142 3852 2286 3905 mine
2324 3849 2448 3905 Jesu
2499 3851 2698 3906 Christi
2737 3852 3064 3922 baptismum
3116 3855 3230 3909 dari
3281 3862 3527 3911 testetur.
3574 3857 3732 3924 Quod

2143 3945 2214 3997 ita
2255 3943 2442 3998 beatus
2471 3943 2788 3999 Ambrosius
2818 3945 2978 4000 solvit
3009 3961 3024 3999 :
3051 3947 3175 4016 quia
3215 3963 3313 4018 per
3343 3949 3607 4004 unitatem
3642 3966 3734 4005 no-

2147 4035 2308 4089 minis
2341 4033 2620 4104 impletum
2659 4035 2973 4105 mystcrium
2999 4037 3108 4102 sit;
3148 4038 3274 4107 quia
3301 4038 3416 4093 sive
3449 4037 3731 4096 Christum

2143 4127 2315 4188 dicas,
2338 4135 2392 4180 et
2424 4125 2588 4180 Deum
2629 4124 2867 4191 Patrem,
2907 4143 2937 4181 a
2973 4143 3080 4200 quo
3107 4138 3304 4184 unctus
3347 4140 3429 4186 est
3456 4131 3647 4198 Filius,
3679 4143 3735 4187 et

2145 4216 2316 4286 ipsum
2367 4217 2456 4287 qui
2497 4225 2691 4271 unctus
2719 4227 2805 4273 est
2831 4217 3048 4286 Filium,
3080 4229 3135 4274 et
3183 4219 3440 4290 Spiritum
3481 4232 3732 4278 sanctum

2145 4323 2250 4378 quo
2281 4317 2472 4362 unctus
2509 4317 2595 4363 est
2639 4308 2959 4378 designasti.
3002 4308 3275 4381 Scriptum
3306 4321 3391 4366 est
3439 4314 3586 4368 enim
3640 4312 3731 4369 Je-

2146 4417 2264 4454 sum
2291 4417 2321 4455 a
2352 4399 2638 4465 Nazareth,
2668 4402 2936 4470 quomodo
2957 4403 3114 4458 unxit
3171 4420 3296 4459 eum
3337 4404 3480 4461 Deus
3519 4405 3728 4477 Spiritu

2148 4499 2338 4552 sancto
2367 4509 2378 4542 :
2405 4489 2516 4543 sive
2542 4489 2757 4544 Patrem
2804 4491 2953 4545 dicas
2987 4510 2999 4546 :
3027 4502 3079 4546 et
3106 4491 3300 4547 Filium
3323 4494 3440 4564 ejus
3465 4504 3520 4550 et
3562 4496 3736 4567 Spiri-

2151 4586 2264 4631 tum
2303 4580 2414 4634 oris
2444 4579 2649 4650 pariter
2687 4580 2957 4635 indicasti.
2989 4581 3044 4637 Si
3077 4591 3256 4638 tamen
3285 4584 3337 4638 id
3375 4585 3542 4640 etiam
3566 4589 3733 4642 corde

2149 4669 2592 4738 comprehcndas.
2643 4669 2768 4724 Sive
2807 4670 3069 4742 Spiritum
3117 4673 3266 4730 dicas
3303 4684 3358 4731 et
3403 4676 3574 4732 Deum
3631 4677 3734 4733 Pa-

2151 4765 2286 4812 trem
2314 4774 2344 4812 a
2371 4774 2479 4830 quo
2528 4761 2772 4830 procedit
2819 4761 3075 4834 Spiritus,
3115 4773 3169 4819 et
3196 4765 3391 4824 Filium
3437 4771 3564 4840 quia
3610 4772 3734 4826 Filii

2155 4860 2362 4918 quoque
2406 4851 2491 4905 est
2545 4850 2779 4920 Spiritus
2834 4857 3171 4927 nuncupasti.
3239 4856 3392 4914 Unde
3429 4869 3484 4917 et
3530 4864 3734 4918 rationi

2149 4940 2432 5010 copuletur
2481 4943 2778 4998 auctoritas
2812 4961 2826 4997 :
2856 4945 2907 4998 in
2937 4945 3138 5014 Spiritu
3169 4963 3384 5019 quoque
3412 4961 3560 5007 recte
3606 4954 3735 5024 bap-

2151 5029 2306 5084 tizari
2354 5047 2512 5102 posse
2555 5030 2834 5104 Scriptura
2857 5033 3059 5090 indicat
3092 5035 3305 5092 dicente
3344 5038 3594 5106 Domino,
3631 5038 3736 5096 Vos

2149 5132 2323 5176 autem
2346 5121 2739 5192 baptizabimini
2766 5125 2821 5176 in
2861 5123 3066 5195 Spiritu
3100 5139 3306 5192 sancto,
3337 5138 3403 5186 ,ει
3441 5128 3738 5200 Apostolus

2149 5212 2226 5266 ait
2259 5229 2272 5266 :
2305 5211 2496 5267 Omnes
2519 5213 2654 5266 enim
2698 5213 2749 5266 in
2780 5215 2889 5283 ipso
2925 5231 3138 5285 corpore
3168 5217 3222 5269 in
3265 5233 3426 5271 unum
3473 5217 3738 5288 Spiritum

2151 5302 2402 5372 ὀαριὶιωὶ
2423 5319 2624 5357 sumus.
2655 5302 2827 5360 Aliter
2850 5305 3119 5375 praecipue
3147 5309 3398 5378 congruit
3424 5323 3523 5363 nos
3550 5308 3604 5362 in
3633 5323 3738 5362 no-

2151 5393 2298 5447 mine
2330 5383 2543 5447 Domini
2563 5393 2733 5448 nostri
2761 5393 2888 5448 Iesu
2912 5394 3116 5452 Christi
3153 5397 3438 5467 baptizari,
3462 5399 3590 5468 quia
3626 5399 3741 5455 sie-

2155 5491 2213 5537 ut
2265 5483 2551 5552 Apostolus
2603 5483 2679 5538 ait
2731 5503 2744 5537 :
2792 5482 3097 5557 Quicunque
3153 5488 3400 5558 baptizati
3449 5505 3632 5544 sumus
3680 5489 3741 5542 iu

2153 5573 2358 5628 Christo
2388 5574 2539 5640 Jesu,
2573 5575 2630 5629 in
2663 5590 2829 5630 morte
2867 5577 3034 5647 ipsius
3079 5579 3327 5648 baplimti
3359 5597 3567 5648 sumus,
3609 5564 3742 5636 wn-

2152 5663 2338 5733 sepulti
2362 5665 2496 5717 enim
2517 5681 2695 5743 sumus
2725 5682 2843 5719 cum
2878 5667 2970 5721 illo
2994 5685 3086 5738 per
3109 5669 3424 5740 baptismum
3452 5671 3508 5726 in
3531 5680 3739 5726 morte:

2154 5764 2209 5806 ut
2247 5755 2506 5814 quomodo
2563 5755 2844 5810 resurrexit
2892 5755 3129 5813 Christus
3165 5778 3194 5812 a
3233 5762 3450 5813 mortuis
3491 5776 3584 5829 per
3617 5759 3740 5828 gla-
