3962 6180
276 279 380 335 ﬂii
1362 274 1669 335 HOMILIIE
1711 275 1781 333 lN
1816 273 2076 334 EVANG.
2110 274 2207 332 ET
2240 274 2459 333 EPIST.
3451 286 3562 349 "eoa

275 396 418 451 riam
476 394 680 462 Patris,
708 396 788 450 ita
820 405 869 449 et
897 410 990 450 nos
1020 396 1075 449 in
1106 396 1335 449 nouitate
1359 397 1479 448 vitta
1516 375 1868 448 ambulemus.
1900 392 1949 457 Α
1974 392 2204 458 ilicium;
2231 394 2481 460 quoniam
2505 393 2600 448 lux
2627 395 2759 451 venit
2802 397 2858 452 in
2902 400 3159 456 mundum
3184 412 3234 459 et
3265 403 3563 462 Λαοίτα-τινι

274 483 341 541 Si
381 486 521 539 enim
561 483 909 555 complantuti
953 483 1081 554 facti
1108 494 1289 538 sumus
1321 482 1657 537 similitudini
1688 483 1870 537 mortis
1972 481 2205 537 homines
2227 484 2395 553 magis
2423 483 2662 539 tenebras
2684 503 2841 557 quam
2863 488 3050 555 lucem,
3074 502 3224 547 erant
3248 497 3387 550 enim
3414 495 3556 551 mala

273 574 411 647 ejus,
449 574 612 630 simul
648 585 696 630 et
740 576 1136 631 resurrectionis
1171 578 1387 639 erimus,
1413 582 1707 644 praestante
1753 574 1871 644 ipso
1970 590 2128 645 opera
2184 589 2414 630 eorum:
2451 576 2582 646 quid
2619 587 2703 632 est
2744 580 2911 646 enim,
2967 583 3087 648 hoc,
3134 598 3362 656 quorum
3409 588 3557 643 enim

273 664 979 736 Redemptorenostrolesu
1004 665 1242 729 Christo,
1257 666 1349 736 qui
1367 665 1871 737 euml’atreetSpi-
1969 676 2127 721 erant
2170 667 2313 722 bona
2335 667 2538 736 opera?
2573 684 2751 725 nonne
2789 673 3010 739 venisti,
3051 682 3109 729 ut
3151 674 3421 744 justiﬁees
3454 678 3554 734 im-

273 759 592 815 ritusancto
608 759 741 814 vivit
761 769 815 815 et
842 767 1031 830 regnat
1050 759 1210 823 Deus,
1233 774 1332 830 per
1352 759 1534 815 omnia
1555 760 1868 816 saeculaste-
1966 754 2120 826 pios?
2164 751 2274 811 'Sed
2300 755 2614 823 dilexerunt,
2668 758 2863 828 inquit,
2905 762 3144 817 tenebras
3177 766 3347 834 magis
3397 782 3554 837 quam

272 846 556 905 colorum.
581 847 776 905 Amen.

852 937 1134 994 HOMIIJA
1173 938 1288 993 LX.

876 1045 1009 1083 ITEI
1049 1046 1209 1085 PERIA
1239 1046 1301 1084 ll.

408 1118 602 1177 Lectio
628 1120 803 1176 sancti
836 1119 1108 1190 Evangelii
1130 1121 1426 1176 secundum
1456 1119 1742 1176 Joannem.

342 1213 412 1269 In
443 1212 541 1269 illo
567 1224 793 1284 teutpore
822 1213 957 1267 dixit
999 1212 1157 1267 Jesas
1194 1212 1465 1284 discipulis
1496 1227 1515 1265 :
1542 1212 1632 1268 Sic
1680 1213 1866 1268 dilexit

269 1303 535 1359 Dominus
555 1302 831 1366 mundum,
857 1311 914 1355 ut
943 1300 1142 1356 Filium
1162 1318 1317 1356 suum
1329 1302 1653 1372 unigenilum
1677 1303 1863 1367 daret;

269 1406 327 1449 at
344 1395 520 1449 omnis
531 1392 624 1465 qui
642 1392 805 1446 credit
828 1393 881 1446 in
898 1407 1016 1447 eum
1039 1409 1142 1447 non
1164 1400 1367 1463 pereat,
1391 1392 1481 1446 sed
1500 1392 1688 1453 habeat
1702 1394 1862 1448 vitam
1965 1406 2056 1445 mo
2080 1390 2210 1447 fecit
2235 1409 2249 1447 :
2292 1394 2412 1449 dele
2440 1396 2582 1464 quod
2613 1395 2812 1463 fecisti,
2846 1408 2905 1453 ut
2939 1399 3083 1455 Deus
3108 1400 3279 1456 salvet
3303 1402 3449 1471 quod
3470 1402 3553 1460 fe-

266 1497 553 1549 teternarn,
605 1493 710 1539 etc.
1965 1483 2060 1548 cit,
2084 1490 2296 1554 Oportet
2332 1494 2392 1540 ut
2428 1487 2608 1542 oderis
2637 1488 2691 1542 in
2722 1497 2774 1543 te
2801 1505 2938 1561 opus
2967 1498 3118 1547 tuum
3162 1502 3217 1549 et
3243 1510 3392 1550 ames
3421 1496 3474 1550 in
3502 1506 3554 1552 te

342 1576 650 1633 Notandum
688 1574 830 1645 quod
871 1574 1059 1629 eadem
1095 1572 1161 1628 de
1187 1572 1325 1628 Filio
1355 1573 1446 1629 Dei
1475 1575 1750 1646 unigenito
1777 1590 1863 1630 re-
1962 1586 2100 1641 opus
2121 1574 2239 1638 Dei,
2289 1589 2412 1629 cum
2436 1584 2618 1631 autem
2651 1581 2880 1648 eruperit
2929 1581 3021 1636 tibi
3071 1583 3360 1655 displicere
3406 1589 3549 1656 quod

264 1665 458 1737 plicat,
495 1682 619 1738 qua;
662 1667 729 1722 de
755 1666 865 1722 ﬁlio
888 1667 1125 1722 hominis
1171 1666 1224 1721 in
1253 1681 1416 1722 cruce
1444 1666 1682 1721 entiam
1730 1680 1862 1734 pro.
1969 1657 2166 1727 fecisti,
2207 1662 2332 1718 inde
2356 1664 2623 1735 incipiunt
2649 1664 2786 1721 bona
2823 1684 2984 1740 opera
3012 1679 3125 1737 tua,
3155 1674 3280 1742 quia
3324 1690 3553 1732 accusas

266 1756 495 1810 miserat
515 1756 705 1811 dicens
742 1772 756 1810 :
791 1765 847 1809 ut
873 1756 1043 1810 omnis
1064 1754 1153 1827 qui
1181 1756 1344 1810 credit
1377 1756 1434 1810 in
1459 1768 1578 1810 eum
1609 1771 1711 1809 non
1734 1770 1859 1823 per-
1887 1743 1934 1804 Β
1961 1751 2101 1806 mala
2132 1766 2297 1822 opera
2323 1762 2436 1821 tua,
2473 1756 2689 1812 initium
2711 1758 2976 1817 honorum
3007 1777 3254 1834 cperam,
3278 1765 3553 1825 confessio

263 1857 375 1911 eat,
402 1848 497 1901 sed
539 1846 731 1901 habeat
758 1848 917 1901 vitam
959 1854 1232 1901 aeternam.
1264 1845 1403 1913 Quia
1431 1844 1673 1916 profecto
1714 1845 1857 1901 idem
1957 1849 2045 1895 est
2087 1855 2314 1913 Operam
2358 1845 2647 1903 malorum.
2697 1847 2856 1906 Facis
2878 1852 3187 1920 veritatem,
3215 1864 3273 1911 et
3295 1859 3451 1914 venis
3479 1860 3547 1914 ad

263 1938 584 2008 redemptor
610 1947 668 1993 et
694 1939 949 1994 conditor
971 1947 1161 1994 noster
1192 1937 1363 1994 Filius
1386 1939 1481 1993 Dei
1511 1946 1637 1993 ante
1656 1939 1857 1995 sarcula
1959 1929 2166 1988 lucem.
2207 1932 2348 2000 Quid
2397 1943 2484 1990 est
2542 1935 2679 1993 facis
2736 1940 3046 2009 veritatem,
3092 1952 3207 2000 non
3242 1955 3295 2003 te
3338 1949 3550 2020 palpas,

262 2027 533 2095 existens,
570 2028 713 2084 ﬁlius
734 2030 969 2085 hominis
990 2028 1167 2085 factus
1193 2037 1278 2085 est
1306 2030 1359 2084 in
1387 2029 1494 2084 ﬁne
1514 2029 1867 2097 memorum,
1958 2036 2067 2077 non
2093 2022 2193 2078 tibi
2256 2023 2544 2094 blandiris,
2581 2041 2689 2084 non
2720 2029 2817 2086 tibi
2840 2031 3101 2101 adularis,
3131 2050 3241 2091 non
3289 2037 3426 2095 dicis
3456 2040 3551 2111 ju-

1968 845 2158 911 lucem,
2189 846 2262 901 ibi
2303 848 2484 917 posuit
2507 848 2617 902 vim
2648 866 2665 902 :
2697 846 2850 904 multi
2876 850 3019 905 enim
3046 852 3350 908 dilexerunt
3378 856 3553 927 magis

1965 950 2189 1008 peccata
2221 955 2342 1005 sua,
2372 940 2500 1011 quia
2528 940 2620 1010 qui
2651 941 2941 997 confitetur
2962 953 3181 1013 peccata
3207 960 3303 1000 sua
3322 954 3375 1001 et
3395 961 3557 1002 accu-

1968 1037 2051 1083 sat
2080 1038 2302 1099 peccata
2328 1045 2446 1096 sua,
2489 1028 2604 1098 jam
2638 1046 2762 1086 cum
2798 1032 2909 1087 Deo
2959 1032 3108 1090 facit.
3164 1035 3399 1092 Accusat
3448 1038 3555 1093 Do-

1966 1119 2146 1173 minus
2174 1127 2399 1189 peccata
2447 1127 2560 1186 tua,
2619 1121 2666 1175 si
2700 1129 2757 1176 et
2805 1131 2894 1176 tua
2934 1138 3161 1180 accuses
3213 1125 3555 1198 conjungeris

1967 1210 2100 1276 Deo,
2139 1212 2294 1285 quasi
2323 1211 2429 1267 duo
2457 1221 2660 1278 essent,
2694 1215 2856 1268 homo
2881 1224 2936 1270 et
2963 1225 3237 1286 peccator.
3270 1218 3421 1286 Quod
3456 1234 3553 1274 au-

1965 1299 2050 1355 dis
2102 1301 2263 1356 homo
2294 1300 2435 1357 Deus
2464 1302 2609 1358 fecit.
2642 1303 2796 1371 Quod
2831 1307 2984 1361 audis
3010 1300 3281 1376 peccator,
3309 1310 3423 1380 ipse
3446 1311 3556 1366 ho-

262 2126 327 2171 ut
354 2118 446 2188 qui
482 2133 580 2190 per
630 2120 931 2176 divinitatis
957 2136 1070 2175 sua:
1096 2122 1394 2190 potentiam
1445 2135 1547 2176 nos
1574 2130 1859 2180 creaverat

261 2211 337 2265 aut
365 2210 753 2287 perimendum
808 2213 935 2273 vita:
989 2211 1379 2271 beatitudinem
1427 2216 1702 2285 perennis,
1743 2217 1858 2285 ipse

265 2323 370 2378 per
426 2309 776 2381 fragilitatem
829 2308 1179 2364 humanitatis
1234 2315 1436 2363 nostrae
1488 2316 1857 2374 restauraret,

262 2399 339 2453 ad
373 2401 737 2472 recipiendam
788 2415 950 2473 quam
989 2399 1322 2472 perdidimus
1364 2399 1551 2455 vitam.
1604 2398 1862 2471 Sequitur

260 2504 455 2552 autem
488 2514 502 2550 :

342 2583 470 2641 Non
484 2586 621 2641 enim
648 2588 785 2641 misit
821 2585 963 2641 Deus
986 2583 1190 2640 Filium
1229 2601 1386 2641 suum
1409 2586 1467 2641 in
1494 2584 1769 2653 mundum,
1799 2594 1857 2639 ut

255 2680 469 2752 iudicet
499 2681 773 2746 mundum,
796 2680 889 2735 sed
911 2691 967 2735 ut
988 2680 1221 2736 salvetur
1245 2679 1477 2734 mundus
1521 2694 1616 2750 per
1662 2680 1856 2750 ipsum.

1958 2120 2077 2171 atus
2108 2122 2249 2184 sum,
2277 2131 2400 2173 cum
2440 2118 2517 2175 sis
2567 2119 2783 2192 iniquus
2816 2131 2871 2178 et
2899 2123 3093 2197 incipis
3145 2127 3324 2186 facere
3355 2133 3553 2187 verita-

1956 2211 2093 2271 tem,
2118 2204 2275 2262 venis
2302 2215 2483 2262 autem
2511 2207 2580 2264 ad
2615 2209 2790 2266 lucem
2834 2219 2898 2266 ut
2941 2213 3358 2273 manifestentur
3383 2233 3549 2291 opera

1958 2300 2051 2347 tua
2089 2294 2219 2364 quia
2246 2295 2301 2349 in
2327 2295 2440 2351 Deo
2463 2295 2608 2353 facta
2636 2307 2779 2365 sunt,
2812 2302 2939 2371 quia
2959 2313 3019 2359 et
3040 2304 3145 2360 hoc
3174 2306 3373 2378 ipsum,
3405 2310 3549 2379 quod

1958 2386 2056 2441 tibi
2093 2387 2366 2457 displicuit
2402 2396 2682 2459 peccatum
2716 2397 2891 2458 tuum,
2944 2409 3053 2450 non
3092 2395 3191 2453 tibi
3229 2398 3545 2470 displiceret

1958 2478 2065 2534 nisi
2095 2478 2239 2536 Deus
2263 2481 2358 2537 tibi
2388 2481 2593 2538 luceret
2621 2493 2677 2539 et
2704 2483 2821 2554 ejus
2839 2489 3047 2545 veritas
3072 2489 3168 2546 tibi
3213 2495 3547 2564 ostenderet,

1958 2570 2068 2629 Sed
2096 2573 2189 2646 qui
2228 2575 2391 2630 etiam
2427 2576 2736 2634 admonitus
2773 2578 2949 2651 diligit
2996 2591 3221 2654 peccata
3259 2600 3377 2652 sua,
3433 2588 3552 2644 odit

1960 2663 2342 2722 admonentem
2385 2667 2560 2723 lucem
2595 2674 2653 2723 et
2682 2666 2817 2741 fugit
2844 2685 2985 2737 eam,
3017 2681 3078 2729 ut
3105 2689 3212 2729 non
3248 2686 3549 2747 arguantur

261 2750 414 2845 Ergo
468 2783 730 2844 quantum
771 2774 827 2828 in
881 2772 1090 2829 medico
1119 2781 1224 2839 est,
1279 2787 1474 2827 sanare
1506 2772 1656 2827 venit
1683 2786 1858 2843 πει-ο-
1932 2750 2124 2824 Vile”
2156 2754 2273 2827 ej'ls
2297 2758 2436 2813 mala
2465 2774 2586 2830 σιυω
2639 2762 2833 2835 diligit.
2884 2761 2986 2831 Qui
3016 2772 3197 2820 autem
3238 2766 3370 2824 facit
3404 2769 3548 2825 veri-

262 2877 411 2932 tum,
470 2880 529 2921 se
563 2865 828 2921 interimit
879 2864 968 2936 qui
1015 2874 1285 2936 praecepta
1338 2863 1534 2920 medici
1568 2864 1854 2920 observare

1962 2855 2123 2903 tatem
2149 2859 2370 2905 accusat
2410 2850 2462 2907 in
2491 2868 2551 2908 se
2579 2853 2720 2909 mala
2751 2870 2872 2922 sua,
2909 2871 3016 2911 non
3041 2857 3146 2913 sibi
3178 2860 3379 2930 parcit,
3433 2875 3541 2916 non

261 2975 377 3013 non
404 2957 521 3010 vult
554 2957 744 3011 :venit
780 2955 1015 3011 salvator
1040 2955 1107 3009 ad
1141 2953 1398 3009 mundum
1427 2972 1441 3008 :
1466 2953 1646 3019 Quare
1672 2951 1860 3007 Salva-
1959 2940 2062 2995 Sibi
2090 2939 2343 3014 ῖεηοεθῖῑ,
2396 2951 2456 2999 ut
2511 2945 2656 3003 Deus
2694 2947 2960 3018 Ignoscat.
2992 2949 3083 3019 (Ιυί
3135 2951 3279 3021 (Ιιιοιί
3324 2952 3441 3007 Vult
3474 2965 3537 3008 ut

262 3058 356 3103 tor
378 3048 562 3104 dictus
581 3054 665 3102 est
688 3046 870 3102 mundi
901 3060 915 3099 :
940 3046 1042 3101 nisi
1069 3052 1129 3100 ut
1162 3043 1335 3100 salvet
1361 3044 1639 3109 mundum,
1669 3059 1775 3098 non
1799 3052 1858 3098 nt
1887 3093 1926 3109 Α
1959 3031 2106 3088 Deus
2138 3041 2397 3104 agnoscat
2423 3035 2538 3107 ipse
2578 3037 2827 3109 ignoscit,
2867 3046 2923 3094 et
2948 3039 3097 3094 venit
3135 3039 3201 3094 ad
3230 3039 3429 3105 lucem,
3457 3040 3547 3097 cui

256 3139 475 3210 iudicet
528 3136 805 3193 mundum.
865 3134 1090 3191 Salvare
1143 3149 1249 3189 non
1295 3133 1380 3190 vis
1415 3133 1484 3189 ab
1532 3133 1635 3190 isto
1686 3134 1852 3204 ipso:

262 3246 332 3284 ex
372 3238 429 3283 te
453 3226 809 3297 judicaberis,
855 3234 911 3282 et
942 3224 1071 3297 quid
1121 3225 1296 3281 dicam
1318 3223 1668 3296 judicaberis.
1722 3222 1857 3278 Vide

265 3322 400 3393 quit!
433 3322 511 3376 ait
534 3339 550 3375 :
1822 3326 1825 3333 ’

339 3411 447 3477 Qui
465 3409 628 3464 credit
657 3408 712 3463 in
737 3424 855 3462 eum
886 3423 990 3462 non
1016 3406 1372 3477 judicabittt'r,
1416 3405 1512 3476 qui
1535 3414 1709 3460 autem
1748 3409 1863 3459 non‘

263 3502 454 3567 credit,
492 3503 635 3572 quod
663 3500 931 3554 dicturum
980 3497 1263 3568 sperabas,
1291 3495 1417 3561 nisi,
1464 3492 1743 3564 judicatus
1771 3500 1857 3549 est

266 3592 430 3664 ﬁam,
456 3590 651 3661 inquit,
683 3587 950 3658 iudicatus
983 3583 1105 3658 est].
1150 3582 1398 3640 Nondum
1430 3572 1680 3655 apparuit
1712 3582 1859 3655 judi-

264 3685 435 3749 cium,
468 3680 564 3737 sed
593 3679 708 3749 jam
751 3677 952 3733 factum
980 3684 1063 3731 est
1086 3673 1371 3745 judicium.
1393 3672 1555 3728 Novit
1577 3671 1723 3728 enim
1754 3673 1858 3729 Do-

266 3775 453 3828 minus
479 3770 572 3840 qui
595 3778 724 3826 sunt
745 3766 884 3838 ejus.
912 3763 1076 3821 Novit
1103 3764 1196 3834 qui
1217 3771 1571 3835 permaneant
1598 3763 1667 3818 ad
1708 3760 1858 3818 flam-

265 3876 438 3925 mam,
471 3869 624 3915 novnt
658 3858 713 3913 in
732 3872 855 3912 arca
885 3870 982 3911 sua
1009 3855 1246 3910 triticum
1284 3868 1468 3921 suum,
1501 3854 1652 3909 novit
1679 3862 1736 3909 et
1760 3868 1857 3925 pa-

264 3954 431 4017 leam,
463 3951 615 4006 novit
653 3957 709 4005 et
733 3955 993 4020 segetem,
1033 3945 1186 4002 novit
1210 3955 1267 4001 et
1293 3944 1523 4000 zizania.
1577 3942 1857 4000 iudicatus

266 4050 352 4099 est
404 4040 499 4111 qui
522 4054 631 4095 non
655 4036 848 4095 credit.
876 4036 1057 4105 Quare
1097 4035 1373 4106 judicatus
1396 4036 1422 4090 ‘l
1464 4036 1592 4107 quia
1614 4050 1721 4090 non
1745 4050 1858 4090 cre-

265 4134 406 4188 didit
452 4133 509 4187 in
546 4130 754 4186 nomine
805 4126 1055 4199 unigeniti
1094 4123 1227 4181 Filii
1258 4125 1373 4182 Dei.
1428 4126 1546 4181 Hoc
1579 4134 1654 4183 est
1680 4135 1857 4181 autem

259 4221 552 4293 judicium,
616 4219 740 4291 quia
778 4217 873 4272 lux
895 4217 1031 4272 venit
1058 4215 1116 4270 in
1154 4215 1430 4281 mundum,
1478 4226 1531 4271 et
1562 4216 1858 4271 dilexerunt

266 4313 509 4367 homines
522 4312 686 4382 magis
708 4310 944 4365 tenebras
966 4323 1124 4380 quam
1146 4306 1314 4362 lucem
1339 4325 1360 4374 ;
1391 4318 1538 4364 erant
1563 4308 1702 4364 enim
1712 4307 1856 4362 mala

1882 3093 1929 3157 (ἶ
1960 3123 2162 3195 gratias
2185 3126 2315 3197 agit,
2343 3142 2409 3183 eo
2433 3093 2575 3198 quod
2597 3093 2692 3185 ille
2710 3131 2802 3201 qui
2831 3131 2956 3187 dum
2984 3146 3042 3187 se
3067 3131 3332 3188 occidisse
3356 3140 3545 3189 osten-

1959 3213 2111 3270 deret
2160 3214 2292 3271 dicit
2326 3216 2578 3284 Domino,
2633 3229 2805 3275 averte
2846 3220 3034 3291 faciem
3085 3230 3285 3276 tuama
3319 3223 3547 3294 peccatis
3634 3237 3643 3245 '

1958 3303 2114 3359 meis.
2168 3304 2239 3360 Et
2280 3320 2384 3376 qua
2437 3306 2618 3364 fronte
2659 3311 2812 3377 dicit,
2845 3312 2946 3367 nisi
3005 3314 3200 3368 iterum
3223 3313 3389 3383 dicat,
3419 3333 3549 3390 quo-

1957 3392 2100 3448 niam
2143 3393 2350 3465 facinus
2373 3412 2545 3451 meum
2569 3415 2663 3469 ego
2709 3417 2933 3469 agnosco
2973 3411 3021 3456 et
3061 3413 3333 3473 peccatum
3366 3423 3541 3466 meum

1957 3493 2139 3539 contra
2166 3503 2245 3541 me
2284 3497 2360 3542 est
2402 3504 2625 3560 semper.
2668 3488 2752 3545 Sit
2779 3500 2905 3546 ante
2937 3500 2986 3547 te
3008 3494 3150 3564 quod
3179 3510 3285 3549 non
3319 3495 3401 3552 vis
3420 3512 3543 3556 esse

1957 3585 2083 3631 ante
2099 3575 2288 3645 Deum,
2322 3579 2366 3634 si
2387 3588 2568 3635 autem
2602 3589 2724 3651 post
2746 3589 2800 3636 te
2831 3580 3027 3637 feceris
3049 3593 3333 3652 peccatum
3366 3597 3537 3655 tuum,

1955 3675 2235 3737 retorquet
2273 3668 2367 3724 tibi
2394 3668 2523 3725 illud
2574 3670 2717 3727 Deus
2745 3680 2869 3727 ante
2893 3671 3081 3729 oculos
3128 3683 3269 3741 tuos,
3326 3687 3383 3733 et
3415 3684 3542 3737 tunc

1958 3766 2256 3830 retorquet,
2311 3760 2527 3831 quando
2562 3759 2676 3831 jam
2727 3762 3061 3833 poenitentiae
3101 3764 3309 3825 fructus
3365 3770 3547 3829 nullus

1956 3850 2064 3904 erit
2120 3867 2133 3902 :
2182 3851 2386 3905 currite
2438 3864 2509 3905 ne
2576 3853 2814 3909 tenebrat
2885 3866 2985 3911 vos
3056 3848 3544 3929 comprehendant,

1958 3943 2269 4014 quicunque
2323 3944 2469 3999 enim
2519 3946 2572 3999 in
2617 3946 2875 4014 praesenti
2929 3947 3038 4003 vita
3079 3949 3133 4006 in
3186 3951 3408 4025 servitio
3445 3953 3544 4010 Dei

1956 4033 2095 4089 bene
2152 4033 2364 4089 laborat
2422 4033 2476 4088 in
2513 4033 2696 4090 futuro
2750 4036 2994 4106 requiem
3048 4045 3104 4094 et
3145 4039 3374 4110 gloriam
3419 4058 3542 4114 per-

1956 4123 2120 4193 cipiet
2199 4122 2607 4195 sempiternam.
2682 4123 2985 4183 Praestante
3062 4127 3293 4185 Domino
3356 4141 3545 4189 nostro

1955 4214 2084 4271 Jesu
2137 4214 2353 4272 Christo
2381 4257 2398 4283 ,
2446 4218 2540 4288 qni
2586 4233 2711 4273 eum
2756 4218 2923 4276 Patre
2972 4228 3029 4275 et
3078 4219 3286 4292 Spiritu
3329 4236 3540 4293 sancto,

1955 4306 2090 4361 vivit
2136 4315 2193 4363 et
2225 4315 2418 4378 regnat
2444 4307 2606 4375 Deus,
2632 4322 2732 4379 per
2751 4309 2937 4365 omnia
2967 4309 3164 4365 saecula
3192 4311 3538 4371 seculorum.

268 4416 430 4476 Opera
479 4420 681 4458 eorum.
726 4401 947 4458 Fratres
977 4402 1081 4457 mei
1113 4412 1343 4473 quorum
1374 4401 1511 4459 bona
1559 4414 1724 4472 opera
1775 4401 1855 4456 in-
1879 4437 1932 4498 Β
1958 4398 2149 4454 Amen.

268 4495 424 4549 venit
487 4493 750 4549 Dominus
787 4496 814 4548 ?
872 4494 1160 4552 nullorum.
1221 4492 1414 4550 Omnia
1484 4493 1628 4549 enim
1709 4491 1849 4547 mala

266 4600 436 4657 opera
513 4586 737 4640 invenit.
795 4585 1075 4654 Quomodo
1138 4601 1268 4657 ergo
1328 4585 1545 4655 quidam
1606 4583 1848 4640 fecerunt

267 4678 582 4739 veritatem,
635 4682 689 4729 et
736 4684 1002 4730 venerunt
1044 4676 1110 4732 ad
1153 4675 1365 4733 lucem?
1415 4674 1529 4730 Hoc
1575 4674 1721 4731 enim
1768 4687 1844 4729 se-

265 4771 458 4842 quitur
486 4784 501 4822 :

339 4859 449 4928 Qui
477 4836 654 4912 auiem
678 4855 807 4927 facit
826 4857 1113 4925 veritatem,
1146 4860 1282 4914 venit
1331 4858 1402 4913 ad
1431 4854 1622 4926 lucem,
1653 4868 1711 4913 ut
1737 4874 1854 4914 ma-

264 4953 585 5024 nifestentur
608 4966 763 5022 Opera
792 4950 926 5020 ejus,
963 4951 1086 5020 quia
1125 4950 1181 5005 in
1202 4949 1312 5005 Deo
1341 4960 1465 5005 sunt
1492 4951 1657 5020 facta.
1687 4951 1837 5018 Quo-

266 5047 433 5102 modo
454 5057 587 5115 ergo
612 5042 829 5112 quidam
856 5042 1055 5097 bonum
1083 5056 1218 5113 opus
1246 5041 1492 5098 fecerunt
1517 5051 1578 5097 ut
1602 5043 1853 5099 venirent

270 5138 340 5195 ad
359 5138 563 5202 lucem,
590 5131 645 5188 id
666 5142 769 5198 est,
812 5132 879 5189 ad
907 5132 1217 5190 Christum:
1240 5143 1295 5190 et
1326 5134 1597 5205 quomodo
1631 5135 1853 5206 quidam

262 5225 576 5283 dilexerunt
606 5220 873 5288 tenebras,
898 5222 945 5279 si
969 5238 1157 5280 omnes
1184 5232 1503 5295 peccatores
1538 5222 1765 5291 invenit,
1797 5233 1855 5282 et

258 5331 463 5373 omnes
495 5330 528 5369 a
552 5322 775 5387 peccato
812 5320 987 5380 sanat,
1011 5323 1066 5368 et
1096 5329 1320 5386 serpens
1356 5314 1466 5382 ille,
1493 5315 1549 5370 in
1587 5329 1694 5385 quo
1720 5316 1854 5388 ligu-

267 5417 386 5463 rata
416 5411 504 5461 est
530 5417 678 5461 mors
701 5402 939 5469 Domini,
963 5417 1058 5458 eos
1086 5412 1260 5469 sanat,
1288 5400 1381 5474 qui
1414 5403 1581 5459 morsi
1613 5401 1852 5470 fuerunt,

265 5507 325 5553 et
356 5501 582 5569 propter
604 5508 818 5550 morsus
843 5493 1111 5564 serpentis
1141 5501 1360 5549 erectus
1412 5500 1499 5548 est
1524 5505 1771 5563 serpens,
1797 5492 1855 5548 id

265 5596 377 5652 est,
422 5599 574 5641 mors
602 5581 816 5640 Domini
860 5590 1083 5653 propter
1103 5582 1358 5639 mortales
1398 5583 1665 5650 homines,
1719 5596 1857 5652 quos

264 5675 478 5731 invenit
502 5671 753 5745 injustos.
804 5669 1081 5738 Quomodo
1117 5671 1434 5744 intelligitur
1463 5691 1478 5731 ,-
1507 5673 1604 5727 hoc
1652 5683 1727 5735 est
1761 5673 1857 5743 ja-

2559 4486 2840 4547 HOMILIA
2878 4489 3014 4546 LXI.

2196 4594 2354 4637 rem
2393 4594 2477 4645 nt,
2515 4596 2584 4635 sn
2618 4592 2861 4635 BANCTAI
2897 4596 3247 4640 assensum.

2280 4668 2466 4725 Lectio
2500 4668 2733 4725 Actuum
2756 4671 3148 4740 apostolorum.

2030 4762 2099 4816 In
2145 4762 2326 4845 diebus
2370 4760 2501 4829 illis,
2555 4779 2675 4818 cum
2710 4765 2983 4821 audissent
3024 4766 3249 4837 apostoli
3273 4770 3366 4841 qui
3387 4785 3545 4830 erant

1961 4850 2342 4921 Hierosolymis
2363 4853 2490 4924 quia
2519 4854 2704 4924 recepit
2722 4853 2972 4910 Samaria
2996 4856 3207 4912 verbum
3234 4858 3353 4927 Dei,
3380 4863 3536 4918 mise-

1956 4952 2078 4997 runt
2100 4943 2169 4997 ad
2193 4958 2280 4996 eos
2309 4939 2528 4998 Petrum
2548 4952 2599 4998 et
2618 4943 2903 5011 Joannem,
2927 4954 3034 5002 etc.

2025 5030 2156 5089 Post
2186 5034 2508 5106 martyrium
2546 5032 2826 5106 Stephani,
2856 5045 2918 5091 ut
2952 5035 3091 5091 liber
3136 5038 3369 5097 Aetnam
3409 5057 3538 5114 apo-

1957 5124 2218 5183 stolorum
2249 5135 2453 5194 narrat,
2492 5126 2635 5183 facta
2664 5136 2750 5185 est
2800 5130 3106 5201 persecutio
3133 5144 3328 5203 magna
3363 5134 3417 5191 in
3438 5135 3540 5194 Eo-

1959 5216 2121 5272 clesia
2147 5254 2164 5283 ,
2208 5231 2330 5288 qua!
2368 5226 2492 5273 erat
2534 5216 2944 5290 Hierosolymis,
2980 5227 3038 5275 et
3075 5235 3269 5280 omnes
3306 5222 3535 5296 dispersi

1958 5316 2083 5364 sunt
2114 5324 2213 5379 per
2264 5309 2514 5381 regiones
2541 5307 2741 5365 ludam:
2786 5317 2844 5364 et
2886 5308 3151 5366 Samaria:
3185 5318 3385 5383 prator
3406 5325 3535 5383 apo-

1950 5398 2142 5456 stolos.
2179 5396 2457 5470 Philippus
2479 5414 2616 5462 sero,
2640 5396 2955 5455 descendens
2974 5400 3032 5455 in
3064 5401 3325 5455 sistimus
3345 5399 3535 5458 Samu-

1946 5489 2071 5555 rios,
2120 5486 2441 5559 prouisam
2482 5486 2590 5543 illis
2634 5486 2924 5543 Christum.
2970 5485 3320 5543 “tondebant
3358 5498 3533 5547 autaut

1956 5578 2124 5634 turba
2146 5579 2373 5647 Nequa;
2404 5596 2438 5632 a
2478 5577 2721 5648 Philippo
2741 5576 3048 5631 dicebautur
3066 5576 3405 5644 unanimiter,
3429 5593 3532 5633 ou-

1957 5671 2155 5724 dirntes
2195 5679 2247 5723 et
2301 5669 2530 5725 ridentes
2581 5668 2731 5736 signa
2760 5678 2885 5736 qui:
2922 5664 3165 5724 om.
3215 5664 3373 5721 Iulii
3392 5670 3528 5723 enim
