3962 6180
501 328 606 386 265

1136 327 1196 381 Β.
1241 325 1490 381 BABANI
1530 326 1749 381 MAURI
1787 327 2104 384 ABCHIEP.
2143 327 2450 386 MOGUNT.
2491 327 2773 384 OPERUM
2814 325 2990 381 PARS
3024 325 3086 381 ll.

3656 321 3759 384 Ξσι

499 455 682 496 eorum
717 441 808 510 qui
848 439 1105 492 habebunt
1154 439 1368 507 spiritus
1412 437 1734 502 immundos,
1785 437 2070 493 clamantes
2102 443 2150 502 Α
2179 440 2436 496 dicuntur
2459 439 2587 495 boni
2614 439 2881 505 homines,
2927 439 3266 504 innocentes,
3290 446 3346 493 et
3391 438 3548 509 quasi
3573 438 3760 496 obser-

499 545 624 587 uoce
656 546 846 600 magna
869 529 1098 583 exibant.
1129 527 1286 581 Multi
1323 538 1498 583 autem
1520 527 1799 598 paralytici
1831 539 1878 582 et
1903 529 2079 583 claudi

505 619 674 674 curati
710 628 851 672 sunt.
897 616 1119 671 Factum
1149 629 1223 672 est
1265 634 1387 687 ergo
1433 634 1678 688 magnum
1712 619 1964 686 gaudium
2026 620 2081 672 in

501 707 597 762 illa
624 709 845 763 civitate.
885 705 1015 760 Cum
1057 718 1234 762 autem
1263 709 1528 762 audissent
1556 709 1779 778 apostoli
1819 709 1909 779 qui
1932 719 2083 764 erant

505 795 906 865 Hierosolymis,
933 797 1056 864 quia
1105 796 1294 864 recepit
1335 793 1582 850 Samaria
1610 796 1819 849 verbum
1841 797 1960 860 Dei,
1986 797 2085 850 mi-

500 896 680 940 serunt
735 883 806 937 ad
843 901 928 938 eos
970 884 1184 938 Petrum
1207 895 1256 938 et
1286 885 1568 939 Joannem.
1608 885 1712 952 Qui
1763 903 1880 940 cum
1921 887 2084 940 venis-

503 985 638 1037 sent,
674 984 950 1028 oraveruut
968 991 1061 1044 pro
1089 975 1214 1044 ipsis
1238 986 1294 1028 ut
1340 977 1632 1051 acciperent
1682 974 1941 1045 Spiritum
1963 991 2086 1028 san-

505 1075 642 1118 ctum
669 1080 688 1119 .'
716 1064 944 1117 nondum
977 1065 1114 1117 enim
1140 1066 1194 1117 in
1237 1081 1548 1135 quemquam
1594 1064 1803 1118 illorum
1848 1081 2088 1134 superve—

505 1165 673 1220 nerat,
701 1155 792 1210 sed
820 1155 1073 1224 baptizati
1101 1164 1305 1209 tantum
1347 1165 1497 1210 erant
1542 1157 1598 1209 in
1647 1156 1853 1210 nomine
1872 1155 2085 1209 Domini

503 1245 654 1300 Iesu.
712 1245 855 1300 Tunc
896 1247 1224 1316 imponebant
1265 1263 1453 1302 manus
1511 1265 1669 1317 super
1692 1247 1812 1301 illos
1852 1258 1901 1302 et
1951 1249 2090 1301 acci—

503 1338 715 1405 piebant
770 1335 1023 1407 Spiritum
1055 1347 1313 1390 sanctum.
1357 1335 1603 1392 Societas
1624 1336 1770 1392 Petri
1793 1346 1848 1391 et
1867 1334 2088 1392 Joannis

507 1430 560 1482 in
591 1427 969 1496 praedicatione
1005 1426 1269 1496 evangelii
1303 1427 1571 1496 signiﬁcat
1597 1427 1900 1482 castitatem
1928 1435 2091 1480 recta:

507 1520 650 1584 ﬁdei,
708 1534 866 1589 quam
897 1519 1280 1588 praedicatores
1321 1519 1493 1574 sancti
1529 1519 1586 1573 in
1615 1519 1782 1574 verbo
1833 1519 2092 1574 doctrina:

504 1619 562 1663 et
590 1610 730 1664 dono
766 1609 997 1678 Spiritus
1043 1607 1214 1664 sancti
1238 1609 1434 1663 docent
1469 1623 1684 1677 semper
1716 1609 1832 1664 ﬁeri
1873 1609 2087 1664 debere.

507 1699 659 1766 Quod
684 1700 907 1770 pulchre
933 1709 1116 1754 arator
1150 1700 1394 1754 versibus
1435 1701 1861 1770 exponitdicens
1889 1719 1902 1754 :
1939 1701 2091 1771 Sa'pe

2184 541 2376 587 vantes
2413 547 2477 586 ea
2511 547 2630 602 quae
2682 531 2734 585 in
2787 529 2904 600 lege
2952 537 3218 599 prmcepta
3263 537 3411 593 sunt,
3463 526 3767 586 defert-utea

2184 622 2448 677 honorem
2483 622 2799 692 parentibus
2822 621 2957 686 suis,
2983 636 3090 675 non
3137 621 3494 686 mmchantes,
3529 637 3637 676 non
3671 621 3768 676 ho-

2185 713 2458 768 micidium
2487 719 2882 783 perpetranles,
2935 727 3042 767 non
3089 710 3290 766 furtum
3331 711 3612 779 facientes,
3657 729 3764 768 non

2186 804 2378 859 falsum
2419 806 2677 859 adversus
2700 819 3023 873 quemquam
3063 802 3430 857 testimonium
3476 804 3766 873 perhiben-

2189 902 2288 956 tes,
2337 901 2392 946 et
2433 901 2627 946 caetera
2660 906 2779 960 qua:
2817 892 2873 945 in
2917 891 3033 961 lege
3061 890 3315 943 mandata
3367 889 3533 944 veluti
3580 891 3769 945 obser-

2186 988 2318 1035 vant
2357 999 2370 1035 :
2403 991 2458 1036 et
2506 981 2798 1035 Christiani
2851 996 2958 1035 non
2982 988 3142 1035 sunt:
3180 989 3235 1035 et
3266 980 3581 1050 plerumque
3609 980 3768 1048 seja-

2188 1081 2359 1135 ctant,
2407 1072 2679 1142 quomodo
2753 1071 2841 1126 isti
2887 1071 3168 1136 Pharismi,
3199 1071 3484 1126 dicentes:
3515 1071 3770 1142 Nunquid

2187 1175 2235 1218 et
2279 1181 2370 1218 nos
2419 1165 2544 1218 ca'ci
2604 1179 2783 1217 sumus
2815 1163 2952 1217 :sed
3007 1163 3122 1218 hzec
3174 1163 3356 1217 omnia
3405 1163 3639 1217 inaniter
3692 1162 3772 1216 fa-

2189 1256 2378 1310 ciunt:
2413 1256 2537 1324 quia
2584 1270 2689 1308 non
2740 1255 2944 1308 intrant
2993 1270 3089 1324 per
3146 1254 3344 1308 ostium
3387 1256 3480 1308 sed
3556 1253 3770 1307 aliunde

2193 1346 2395 1402 tumido
2425 1345 2562 1400 fastu
2594 1345 2747 1415 quasi
2786 1361 2883 1415 per
2924 1346 3131 1415 seipsos
3159 1345 3452 1400 ascendere
3500 1352 3766 1414 quaerunt.

2191 1435 2533 1506 Quapropter
2559 1435 2819 1489 Dominus
2835 1435 3243 1490 similitudinem
3270 1435 3548 1505 proposuit
3573 1436 3637 1490 de.
3651 1450 3771 1505 gre-

2192 1550 2255 1603 ge
2287 1548 2385 1586 suo
2417 1541 2472 1586 et
2517 1532 2581 1585 de
2609 1531 2749 1585 ostio
2772 1546 2876 1599 qua
2909 1531 3143 1584 intratur
3172 1531 3238 1584 ad
3278 1530 3439 1596 ovile,
3469 1530 3596 1600 quid
3625 1530 3767 1584 enim

2190 1623 2412 1691 prodest
2467 1638 2606 1676 vana
2634 1619 2958 1688 jactantium
3011 1622 3076 1676 de
3103 1624 3240 1676 bene
3268 1622 3497 1676 vivendo
3527 1619 3770 1675 inﬁatio?

2193 1712 2319 1766 dum
2365 1713 2432 1767 ad
2475 1713 2634 1766 ﬁnem
2660 1713 3048 1783 perpetualiter
3091 1713 3227 1768 bene
3275 1713 3486 1766 vivendi
3537 1713 3646 1765 vita
3672 1727 3768 1766 eo-

505 1791 603 1844 sibi
631 1791 826 1844 socium
867 1787 1057 1844 Petrus
1083 1789 1211 1859 facit
1236 1805 1345 1843 esse
1372 1788 1652 1852 Joannem,
1697 1789 1945 1844 Ecclesia
1966 1791 2086 1859 quia

2196 1820 2315 1859 rum
2365 1821 2472 1859 non
2503 1804 2829 1874 perveniat?
2875 1803 2946 1858 At
2976 1804 3076 1858 hoc
3107 1804 3252 1858 enim
3287 1802 3446 1858 debet
3483 1803 3770 1872 unicuique

507 1880 649 1948 virgo
693 1877 882 1946 placet.
939 1878 1241 1932 Notandum
1280 1887 1462 1933 autem
1502 1878 1646 1948 quod
1674 1878 1970 1948 Philippus,
1997 1880 2088 1948 qui

507 1969 768 2024 Samaria:
818 1970 1246 2038 Evangelizabat,
1281 1987 1420 2026 unus
1445 1971 1512 2027 de
1547 1982 1752 2042 septem
1797 1973 1978 2028 fuerit.
2031 1974 2088 2028 Si

507 2061 651 2115 enim
685 2061 962 2130 apostolus
991 2069 1154 2125 esset,
1199 2062 1311 2131 ipse
1339 2061 1525 2130 utique
1551 2077 1768 2116 manum
1815 2062 2091 2132 imponere

506 2149 788 2220 potuisset,
839 2157 898 2204 ut
961 2151 1271 2219 acciperent
1331 2149 1595 2220 Spiritum
1641 2161 1906 2207 sanctum.
1977 2152 2090 2209 Hoc

506 2241 652 2296 enim
701 2240 830 2296 solis
885 2241 1228 2310 pontiﬁcibus
1284 2241 1528 2307 debetur,
1595 2259 1718 2297 nam
1763 2245 2091 2316 presbyteris

506 2335 622 2388 sive
649 2341 805 2388 extra
827 2334 1158 2404 episcopum,
1186 2347 1280 2388 seu
1325 2343 1590 2403 praesente
1637 2336 1909 2405 episcopo,
1966 2353 2088 2392 cum

507 2425 806 2494 baptizant,
861 2424 1156 2480 chrismate
1196 2423 1503 2493 baptizatos
1553 2441 1756 2496 ungere
1795 2425 1949 2492 licet,
1993 2425 2091 2483 sed

505 2515 645 2584 quod
685 2515 752 2569 ab
797 2514 1050 2586 episcopo
1099 2513 1262 2570 fuerit
1308 2524 1707 2580 consecratum,
1756 2531 1864 2569 non
1912 2524 2089 2570 tamen

506 2605 738 2657 frontem
765 2618 833 2658 ex
857 2603 1043 2657 eodem
1075 2603 1194 2658 oleo
1219 2604 1456 2675 signare,
1499 2603 1642 2674 quod
1669 2604 1796 2659 solis
1819 2603 2091 2675 episcopis

506 2693 754 2760 debetur,
805 2707 925 2747 cum
955 2693 1177 2748 tradunt
1231 2693 1494 2763 Spiritum
1548 2693 1880 2763 paraeletum
1909 2693 2088 2764 bapti-

507 2789 644 2844 zatis
676 2807 690 2843 :
718 2802 1158 2858 unamquamque
1181 2788 1328 2842 enim
1361 2802 1609 2858 persons:
1658 2787 1813 2842 decet
1838 2797 1899 2841 ut
1925 2788 2090 2842 ritum

505 2877 712 2933 or'dinis
735 2878 817 2933 sui
843 2888 897 2932 et
924 2891 1233 2932 mensuram
1259 2877 1459 2946 gradus
1486 2887 1681 2942 servet,
1721 2877 1846 2946 quia
1874 2892 1982 2932 non
2008 2888 2092 2932 est

509 2967 656 3022 Deus
684 2967 1036 3022 dissensionis
1063 2967 1157 3020 sed
1176 2966 1344 3036 pacis,
1375 2975 1430 3021 et
1461 2965 1693 3036 Spiritus
1732 2975 1954 3022 sanctus
1988 2967 2093 3022 dis-

502 3058 716 3127 ciplina:
761 3056 980 3130 eﬁugiet
1035 3057 1240 3120 ﬁctum,
1305 3064 1467 3127 atque
1517 3058 1570 3112 in
1606 3056 1922 3112 malevolam
1975 3059 2089 3112 ani-

505 3163 651 3203 mam
688 3162 794 3202 non
819 3146 1062 3202 introibit
1087 3147 1369 3217 sapientia.
1401 3145 1553 3202 Unde
1577 3146 1826 3203 Salvator
1852 3149 2088 3219 discipu-

503 3239 569 3293 lis
615 3239 727 3294 suis
776 3238 1054 3308 prmcepit,
1085 3237 1270 3292 dicens
1303 3253 1318 3290 :
1347 3239 1436 3308 qui
1489 3238 1600 3291 vult
1641 3241 1777 3292 inter
1803 3255 1888 3293 vos
1917 3240 2090 3308 major

502 3329 641 3398 ﬁeri,
677 3327 926 3396 ﬁatsicut
969 3330 1160 3394 minor,
1186 3328 1310 3398 quia
1339 3331 1507 3382 omnis
1551 3330 1640 3400 qui
1680 3346 1734 3383 se
1783 3330 2088 3384 exultaret-it

503 3417 892 3484 humiliabitur,
937 3428 984 3473 et
1014 3419 1104 3488 qui
1146 3435 1202 3473 se
1223 3419 1571 3474 humiliaverit
1592 3420 1926 3475 exaltabitur.
1956 3420 2086 3475 Stu-

504 3510 632 3565 deat
651 3510 1020 3580 unusquisque
1043 3510 1476 3564 uthumilitatem
1505 3511 1701 3565 habeat
1731 3511 1782 3565 in
1819 3512 1999 3566 animo
2034 3523 2089 3567 et

506 3602 647 3657 bona
673 3615 837 3673 opera
858 3601 1111 3657 ostendat
1137 3601 1191 3655 in
1214 3601 1490 3671 exemplo:
1525 3603 1707 3671 sicque
1734 3603 1844 3672 ipse
1868 3619 1970 3657 non
1995 3620 2085 3657 so-

503 3689 616 3746 lmn
642 3707 825 3748 coram
852 3693 984 3758 Deo,
1010 3693 1104 3749 sed
1132 3693 1297 3748 etiam
1319 3709 1503 3749 coram
1532 3695 1840 3750 hominibus
1867 3697 2088 3752 habebit

501 3779 713 3838 laudem
771 3793 826 3839 et
868 3784 1100 3853 gratiam
1160 3785 1396 3840 inveniet
1448 3785 1502 3839 in
1541 3797 1829 3856 conspectu
1877 3788 2083 3842 Domini

490 3871 674 3932 nostri
732 3873 859 3930 Jesu
905 3877 1146 3942 Christi,
1205 3878 1296 3946 qui
1351 3894 1473 3932 cum
1511 3867 1703 3934 'Patre
1777 3889 1831 3933 et
1883 3879 2085 3950 Spiritu

503 3972 715 4030 sancto,
765 3964 898 4017 vivit
920 3974 974 4019 et
1003 3975 1194 4036 regnat
1222 3967 1384 4031 Deus,
1414 3984 1509 4037 per
1555 3971 1733 4024 omnia
1757 3971 1951 4026 sa‘cula
1989 3989 2088 4028 su:-

505 4051 778 4116 culorum.
793 4055 988 4114 Amen.

1108 4168 1390 4226 HOMILIA
1428 4171 1583 4227 LXII.

1069 4275 1198 4316 ITEI
1229 4276 1385 4316 FERIA
1410 4279 1488 4317 Ill.

638 4350 826 4408 Lectio
855 4352 1028 4409 sancti
1052 4352 1326 4424 Evangelii
1352 4352 1643 4408 secundum
1669 4351 1951 4410 Joannem.

2191 1895 2447 1964 prodesse
2491 1898 2628 1952 bene
2678 1896 2878 1959 vivere,
2931 1904 2990 1949 ut
3037 1895 3192 1949 detur
3235 1894 3308 1948 illi
3370 1909 3584 1964 semper
3636 1893 3771 1948 bene

2190 1986 2391 2042 vivere.
2424 1985 2554 2039 Nam
2589 1986 2632 2040 si
2669 1986 2753 2041 cui
2801 2001 2906 2040 non
2953 1985 3112 2040 datur
3134 1986 3346 2054 semper
3385 1986 3521 2039 bene
3565 1984 3771 2048 vivere,

2190 2078 2320 2147 quid
2368 2078 2590 2147 prodest
2613 2079 2663 2132 ei
2693 2079 2830 2132 bene
2857 2077 3042 2131 vivere
3085 2076 3154 2130 ad
3196 2076 3451 2146 tempus?
3486 2075 3650 2145 Igitur
3672 2089 3772 2129 nec

2189 2170 2329 2225 bene
2364 2168 2546 2223 vivere
2595 2168 2806 2223 dicendi
2856 2175 3004 2231 sunt,
3051 2169 3144 2237 qui
3183 2167 3344 2222 ﬁnem
3387 2167 3526 2222 bene
3555 2165 3772 2221 vivendi

2190 2259 2276 2316 vel
2323 2259 2567 2315 caecitate
2615 2259 2884 2324 nesciunt,
2941 2258 3024 2312 vel
3065 2257 3343 2312 inﬂatione
3397 2264 3770 2312 contemnunt.

2191 2351 2309 2406 Non
2331 2359 2414 2405 est
2446 2358 2626 2404 autem
2648 2348 2896 2418 cuiquam
2940 2363 3064 2418 spes
3089 2363 3214 2402 vera
3261 2357 3318 2402 et
3370 2356 3517 2402 certa
3559 2359 3776 2416 semper

2191 2442 2426 2506 vivendi,
2489 2441 2593 2495 nisi
2641 2447 2900 2510 agnoscat
2968 2440 3153 2502 vitam,
3201 2455 3319 2508 qua:
3371 2446 3454 2492 est
3502 2436 3770 2502 Christus,

2191 2541 2245 2587 et
2290 2548 2386 2602 per
2425 2532 2646 2602 januam
2675 2533 2838 2585 intret
2897 2531 2948 2584 in
2982 2530 3138 2584 ovile.
3191 2529 3329 2584 Sunt
3358 2531 3502 2583 enim
3550 2528 3770 2598 quidam

2191 2627 2436 2683 homines
2477 2627 2660 2698 quiin
2712 2627 2825 2682 suis
2857 2625 3161 2697 gloriantur
3215 2625 3475 2686 moribus,
3527 2632 3584 2677 et
3635 2621 3772 2676 alios

2189 2726 2311 2787 post
2349 2733 2408 2774 se
2453 2719 2668 2772 trahere
2709 2726 2975 2786 quaerunt,
3025 2730 3130 2770 non
3180 2715 3248 2770 de
3301 2714 3503 2770 Christi
3565 2728 3770 2784 prasce-

2189 2809 2297 2876 ptis
2347 2807 2678 2862 instruentes
2711 2822 2838 2861 suos
2867 2813 3186 2870 sectatores,
3228 2805 3320 2858 sed
3367 2804 3480 2857 suis
3511 2801 3773 2872 exemplis

2190 2899 2370 2954 vivere
2407 2913 2505 2952 eos
2540 2897 2849 2953 suadentes.
2891 2897 2965 2949 De
2992 2897 3187 2965 quibus
3221 2894 3327 2948 alio
3361 2893 3479 2948 loco
3515 2894 3630 2961 ipsa
3666 2891 3761 2945 Ve-

2193 2991 2326 3045 ritas
2352 2991 2430 3044 ait
2467 3008 2480 3044 :
2515 2991 2771 3044 docentes
2810 2988 3084 3042 doctrinas
3107 2987 3410 3051 hominum,
3441 2994 3496 3040 et
3518 2986 3771 3039 mandata

2193 3081 2287 3135 Dei
2325 3089 2754 3143 contemnentes,
2782 3079 2871 3147 qui
2914 3093 3010 3149 per
3033 3078 3192 3131 aliam
3223 3086 3434 3147 portam
3477 3075 3774 3130 ascendere

2190 3181 2440 3242 quaerunt
2471 3186 2662 3241 rapere
2697 3179 2754 3224 et
2801 3169 3050 3224 occidere
3083 3184 3189 3223 non
3223 3176 3282 3221 ut
3330 3175 3516 3238 pastor
3559 3164 3774 3221 salvare

2187 3273 2351 3334 atque
2401 3278 2746 3319 conservare.
2783 3263 2859 3317 De
2897 3263 3093 3317 talibus
3140 3262 3229 3316 hic
3279 3262 3481 3316 dictum
3532 3269 3636 3324 est,
3682 3260 3774 3328 qui

2187 3355 2419 3409 ascendit
2477 3355 2714 3422 aliunde,
2757 3355 2846 3410 ille
2878 3357 2966 3426 fur
2995 3364 3070 3408 est
3115 3364 3165 3408 et
3202 3355 3358 3408 latro.
3418 3353 3538 3410 Non
3595 3353 3771 3408 solum

2175 3462 2316 3501 vero
2355 3447 2490 3501 tales
2517 3447 2867 3501 inveniuntur
2896 3447 3145 3506 doctores
3171 3447 3309 3501 inter
3351 3463 3467 3511 eos,
3517 3447 3610 3516 qui
3639 3446 3768 3499 sine

2188 3537 2408 3591 nomine
2451 3537 2652 3590 Christi
2702 3546 2866 3602 sunt;
2922 3538 3061 3591 sicut
3103 3538 3257 3592 multi
3303 3537 3775 3607 philosophorum,

2190 3629 2281 3698 qui
2327 3643 2480 3682 suam
2542 3629 2864 3697 sapientiam
2905 3627 3091 3683 buccis
3144 3629 3486 3698 crepantibus
3541 3629 3778 3682 ventila-

2187 3720 2313 3774 bant
2335 3727 2391 3774 et
2416 3719 2582 3772 vitam
2607 3717 2819 3772 beatam
2847 3718 2961 3772 suis
2991 3720 3354 3773 sectatoribus
3380 3719 3773 3787 promiserunt.

2189 3811 2388 3864 Verum
2430 3811 2595 3864 etiam
2639 3809 2854 3880 plurimi
2897 3810 2988 3879 qui
3025 3809 3336 3864 Christiano
3370 3809 3591 3863 nomine
3644 3825 3778 3862 cen-

2189 3910 2376 3955 sentur
2421 3910 2477 3955 et
2519 3901 2849 3955 illuminatos
2905 3915 2934 3953 a
2971 3899 3192 3955 Christo
3219 3915 3276 3954 se
3310 3915 3430 3954 esse
3472 3899 3732 3967 jaetitant

2189 3994 2452 4062 ﬁngentes
2497 3992 2598 4046 sibi
2625 4007 2760 4046 nova
2801 4007 3017 4062 quoque
3053 3993 3272 4048 nomina
3321 3992 3386 4046 de
3438 3992 3677 4052 Christo,
3723 3999 3780 4044 et

2190 4084 2311 4137 ﬁdei
2355 4083 2646 4138 Catholica:
2673 4085 2945 4138 contraria
2989 4103 3000 4136 :
3032 4085 3173 4138 sicut
3214 4083 3637 4138 innumerabiles
3662 4083 3778 4136 hm-

2191 4175 2342 4228 retici
2375 4173 2662 4236 faciebant,
2716 4176 3052 4230 mstimantes
3107 4190 3166 4229 se
3207 4174 3344 4229 falso
3401 4174 3619 4227 nomine
3677 4188 3786 4243 per

2181 4265 2428 4332 januam,
2475 4280 2594 4333 qua:
2637 4263 2886 4319 Christus
2924 4273 3028 4329 est,
3058 4265 3281 4318 intrare.
3307 4263 3574 4317 Sabellius
3596 4262 3735 4316 dicit
3762 4277 3778 4315 :

2191 4351 2354 4418 QuiF
2359 4353 2479 4407 ilius
2501 4364 2599 4418 est,
2614 4354 2720 4424 ipse
2739 4364 2814 4407 est
2840 4351 3022 4417 Pater,
3039 4355 3129 4407 sed
3147 4352 3319 4407 Filius
3344 4371 3443 4407 non
3470 4363 3544 4408 est
3570 4352 3781 4418 Pater;

571 4441 639 4496 In
675 4443 767 4497 illo
799 4453 1030 4515 tempore
1063 4444 1196 4498 dixit
1222 4442 1378 4498 Iesus
1419 4442 1688 4513 discipulis
1709 4445 1858 4498 suis:
1895 4446 2079 4509 Amen,
2111 4476 2160 4536 ι)
2189 4459 2293 4498 non
2345 4443 2511 4498 intrat
2557 4459 2655 4513 per
2707 4444 2904 4497 ostium
2943 4445 3033 4512 qui
3084 4443 3280 4498 Filium
3335 4444 3464 4498 dicit
3526 4443 3777 4498 Patrem.

502 4548 655 4585 amen
721 4533 838 4586 dico
884 4533 1175 4605 vobis:qui
1217 4549 1320 4588 non
1384 4533 1548 4586 intrat
1615 4551 1707 4603 per
1765 4536 1956 4589 ostium
2027 4537 2082 4590 in

509 4620 640 4674 ovile
661 4623 858 4689 ovium,
885 4623 978 4678 sed
1021 4625 1254 4679 ascendit
1284 4622 1518 4688 aliunde,
1552 4621 1641 4678 ille
1683 4623 1774 4695 [ur
1815 4635 1890 4679 est
1916 4635 1963 4678 et
2005 4625 2084 4678 la-

503 4721 610 4773 tro,
647 4719 752 4764 etc.

573 4801 684 4858 lloc
713 4802 1058 4874 proverbium
1091 4803 1223 4858 dicit
1246 4805 1326 4860 eis
1352 4803 1528 4869 Iesus,
1553 4803 1627 4860 illi
1652 4815 1828 4862 autem
1855 4822 1960 4862 non
1986 4822 2080 4861 co-

500 4900 804 4962 gnoverunt
855 4893 983 4962 quid
1035 4893 1346 4963 loqueretur
1375 4895 1494 4950 eis:
1532 4904 1753 4965 propter
1782 4894 2082 4952 Pharisteo—

505 4998 624 5036 rum
655 4983 748 5052 qui
777 4998 836 5038 se
878 4984 1062 5039 videre
1080 4985 1361 5055 jactabant
1387 5000 1512 5040 cum
1547 4985 1674 5040 casei
1711 4994 1892 5040 essent
1927 5000 2086 5040 vene-

501 5081 685 5130 natam
715 5084 772 5130 et
798 5076 1087 5145 superbam
1124 5083 1181 5130 et
1209 5075 1564 5130 insanabilem
1595 5077 1962 5146 arrogantiam
1985 5079 2086 5131 Do—

501 5168 682 5224 minus
729 5165 886 5224 Jesus
933 5168 1038 5224 ista
1087 5169 1385 5233 contexuit,
1429 5183 1549 5238 qum
1584 5169 1640 5223 in
1691 5169 1793 5223 hac
1831 5169 2088 5238 parabola

497 5260 773 5332 leguntur,
827 5275 990 5329 quam
1039 5260 1154 5330 ipse
1195 5259 1302 5315 illis
1328 5275 1434 5316 non
1455 5259 1887 5330 intelligentibus
1923 5274 2088 5328 expo—

501 5367 636 5412 nere
684 5351 936 5422 dignatus
959 5359 1064 5418 est,
1096 5351 1150 5406 in
1180 5367 1287 5420 qua
1315 5367 1414 5406 nos
1436 5350 1726 5406 salubriter
1753 5350 1799 5406 si
1825 5350 2079 5404 adverta-

499 5462 624 5503 mus
665 5443 946 5506 admonuit
1000 5461 1108 5502 non
1145 5445 1364 5516 gloriari
1418 5446 1472 5500 in
1519 5447 1784 5516 sapientia
1822 5446 2080 5508 humana,

499 5551 614 5596 non
659 5535 716 5590 in
746 5549 960 5592 morum
985 5533 1268 5604 dignitate,
1306 5535 1349 5590 si
1383 5535 1662 5591 humilitas
1692 5535 1816 5590 ﬁdei
1841 5535 2082 5591 Catholi-

503 5641 585 5682 cae
631 5626 686 5680 in
715 5624 989 5681 Christum
1014 5625 1156 5680 desit
1184 5643 1197 5679 :
1243 5625 1397 5679 multi
1427 5625 1571 5678 enim
1601 5635 1727 5681 sunt
1748 5625 1965 5696 pagani,
1989 5625 2082 5695 qui

505 5718 802 5778 secundum
874 5717 1164 5789 quamdam
1245 5718 1364 5770 vita:
1413 5713 1571 5784 lutjus
1635 5717 2081 5772 consuetudinem

2188 4533 2351 4588 Arius
2380 4533 2510 4588 dicit
2542 4553 2554 4587 :
2584 4533 2743 4586 Aliud
2769 4545 2843 4587 est
2874 4530 3036 4587 Pater
3060 4533 3208 4587 aliud
3238 4545 3312 4588 est
3349 4531 3543 4587 Filius.
3601 4533 3782 4588 [lecte

2194 4624 2401 4677 diceret
2450 4623 2496 4678 si
2521 4623 2724 4678 diceret
2759 4641 2771 4676 :
2801 4622 2975 4676 alius?
3013 4638 3114 4676 non
3150 4623 3313 4676 aliud.
3365 4623 3592 4690 Quando
3623 4624 3781 4678 enim

2190 4711 2320 4766 dicit
2345 4711 2508 4777 aliud,
2546 4712 2596 4767 ei
2626 4711 2948 4789 contradicit
2973 4727 3012 4790 la
3054 4729 3160 4783 quo
3183 4713 3332 4765 audit
3363 4731 3376 4766 :
3415 4712 3526 4782 Ego
3572 4723 3621 4766 et
3658 4710 3782 4766 Pa-

2189 4815 2264 4856 ter
2308 4820 2469 4856 unum
2500 4821 2681 4857 sumus
2709 4820 2729 4860 :
2757 4819 2858 4858 nec
2893 4803 3007 4874 ipse
3051 4820 3180 4873 ergo
3220 4805 3386 4858 intrat
3415 4819 3511 4872 per
3545 4805 3783 4858 ostium.

2183 4891 2453 4956 Prmdicat
2497 4894 2640 4949 enim
2675 4893 2970 4955 Christum,
3023 4893 3238 4962 qualem
3270 4893 3370 4946 sibi
3423 4893 3614 4964 lingit,
3668 4908 3786 4946 non

2183 4984 2398 5054 qualem
2447 4985 2650 5039 veritas
2674 4985 2853 5038 habet.
2881 4982 3106 5037 Fotinus
3137 4983 3269 5038 dicit
3293 4997 3306 5036 :
3329 4982 3578 5037 Christus
3608 4983 3787 5038 homo

2184 5084 2270 5131 est
2301 5086 2527 5141 tantum,
2568 5091 2677 5130 non
2719 5075 2862 5130 Deus
2895 5089 2908 5128 :
2944 5090 3042 5129 nec
3069 5075 3182 5143 ipse
3227 5074 3393 5128 intrat
3427 5089 3524 5142 per
3545 5074 3786 5136 ostium,

2185 5169 2310 5235 quia
2342 5167 2590 5222 Christus
2620 5177 2674 5221 et
2715 5167 2876 5222 homo
2909 5175 2960 5220 et
3002 5167 3142 5220 Deus
3173 5173 3275 5218 est.
3302 5163 3438 5220 [line
3464 5164 3610 5219 enim
3633 5180 3787 5218 nova

2188 5259 2432 5322 hatresis,
2474 5275 2594 5328 qua:
2629 5260 2682 5312 in
2729 5259 2932 5313 nostris
2979 5266 3098 5314 orta
3139 5268 3246 5321 est,
3281 5258 3592 5311 consentire
3625 5257 3791 5309 vide-

2191 5360 2298 5411 tur,
2349 5348 2668 5403 afﬁrmando
2694 5359 2749 5403 et
2789 5349 3149 5419 prtedieando,
3202 5349 3453 5403 Christus
3476 5349 3616 5401 sicut
3657 5347 3797 5416 qui-

2192 5440 2318 5496 libet
2350 5451 2660 5497 sanctorum
2699 5442 3099 5511 nuncupativus
3130 5441 3270 5496 Deus
3311 5450 3398 5496 est
3430 5448 3488 5494 et
3533 5454 3645 5494 non
3687 5453 3795 5491 ve-

2191 5549 2302 5588 rus.
2339 5533 2475 5600 Quid
2501 5550 2634 5604 opus
2659 5542 2745 5588 est
2769 5533 2933 5587 multa
2964 5545 3286 5602 percurrere
3338 5543 3394 5586 et
3439 5529 3608 5585 multa
3636 5544 3794 5582 vana

2192 5625 2478 5681 hatresium
2500 5627 2873 5681 denumerare.
2905 5625 3018 5680 Hoc
3062 5632 3260 5686 tenete,
3310 5624 3366 5678 in
3404 5622 3549 5676 ovile
3571 5620 3801 5676 Christi

2194 5715 2490 5770 Ecclesiam
2535 5716 2858 5771 catholicam
2887 5730 3007 5771 esse
3045 5715 3271 5771 credite.
3309 5713 3633 5784 Quicunque
3668 5717 3806 5767 vult
