3962 6180
278 234 378 297 εδδ

1375 240 1678 300 ΙΙΟΜΙΙΛᾸΞ
1718 245 1784 300 IN
1826 242 2075 302 EVANC.
2118 245 2204 303 ET
2241 245 2453 304 EPIST.

3426 251 3535 307 266

281 356 490 408 intrare
541 368 595 405 in
657 351 834 417 ovile,
890 364 986 420 per
1031 354 1228 407 ostium
1276 354 1464 418 intret,
1515 357 1567 409 id
1615 364 1718 420 est,
1760 371 1854 425 per
1885 365 1928 419 Α
1958 358 2059 410 tiat
2104 365 2410 411 venturum.
2452 357 2555 413 Alii
2607 366 2734 413 sunt
2781 374 2911 430 ergo
2930 373 3067 429 quos
3097 373 3202 415 non
3251 359 3536 415 audierunt

276 444 579 507 Christum,
601 444 942 499 etChristum
961 460 1147 499 verum
1170 446 1358 509 Deum,
1379 455 1432 501 et
1451 463 1638 502 verum
1664 447 1856 501 Filium

282 534 374 587 Dei
403 533 689 603 praedicet.
737 543 792 587 et
828 550 933 587 non
962 534 1134 590 solum
1164 535 1437 591 Christum
1462 538 1741 606 praedicet,
1769 538 1861 591 sed

277 635 332 679 et
355 624 560 678 Christi
615 624 840 692 gloriam
878 634 1107 693 quaerat,
1161 641 1267 680 non
1310 641 1459 680 suam
1490 644 1504 680 :
1536 642 1659 681 nam
1708 628 1860 681 multi

277 710 571 781 «maerendo
594 710 824 780 gloriam
852 726 1023 777 suam,
1043 727 1173 767 oves
1194 711 1399 767 Christi
1424 723 1741 782 sparserunt
1768 730 1863 783 po-

279 804 384 855 tius
412 816 580 870 quam
603 809 1086 871 eongregaverunt.
1125 801 1352 857 Humilis
1395 811 1477 857 est
1503 804 1647 857 enim
1695 802 1860 872 janua

276 892 529 946 Christus
556 893 816 946 Dominus
846 892 986 946 Deus
1016 903 1201 948 noster
1225 934 1240 959 ,
1272 895 1361 964 qui
1396 895 1559 949 intrat
1599 910 1695 964 per
1723 897 1861 951 hanc

270 985 519 1054 januam,
554 992 770 1052 oportet
799 992 859 1037 ut
887 984 1132 1037 humilict
1160 1000 1238 1047 se,
1293 994 1350 1038 ut
1380 999 1512 1040 sano
1532 986 1709 1055 capite
1732 1002 1862 1056 pos-

276 1075 344 1127 sit
376 1076 609 1128 intrare.
646 1073 708 1126 lli
750 1083 876 1128 sunt
895 1073 986 1142 qui
1011 1089 1195 1129 vocem
1222 1076 1336 1128 veri
1356 1077 1595 1144 pastoris
1613 1076 1858 1141 audiunt,

274 1164 326 1215 hi
371 1171 506 1216 sunt
547 1178 684 1231 quos
705 1164 949 1232 proprias
975 1177 1105 1218 oves
1145 1164 1465 1218 nominatim
1492 1179 1653 1220 verus
1677 1174 1862 1236 pastor

274 1264 455 1319 vocat,
484 1255 555 1308 de
602 1254 685 1307 his
709 1254 908 1307 dictum
962 1262 1063 1317 est,
1104 1253 1324 1323 gaudete
1349 1264 1396 1307 et
1428 1254 1708 1319 exsultate,
1737 1272 1862 1324 quo-

274 1346 414 1397 niam
448 1345 663 1399 nomina
686 1352 852 1398 vestra
888 1354 1009 1396 sunt
1034 1344 1226 1412 scripta
1255 1346 1309 1398 in
1343 1343 1502 1399 cretis.
1539 1344 1673 1398 llinc
1716 1346 1858 1400 enim

270 1452 365 1491 eas
394 1436 724 1490 nominatim
767 1443 945 1498 vocat,
969 1444 1023 1487 et
1043 1436 1164 1503 quis
1192 1435 1329 1489 alius
1357 1450 1453 1490 eas
1486 1438 1716 1493 emittit?
1757 1436 1860 1490 nisi

268 1526 362 1593 qui
389 1539 588 1578 eorum
642 1532 867 1592 peccata
904 1523 1141 1585 dimittit,
1179 1530 1239 1576 ut
1267 1540 1389 1578 eum
1425 1525 1575 1593 sequi
1624 1527 1774 1580 duris
1798 1526 1861 1580 li-

268 1616 479 1667 berata:
509 1612 741 1666 vinculis
793 1612 1017 1680 possint.
1070 1612 1136 1665 Et
1160 1613 1283 1680 quis
1307 1627 1399 1667 eas
1423 1615 1718 1683 praecessit,
1753 1631 1860 1685 quo

1964 461 2090 499 oves
2114 448 2165 499 in
2211 447 2408 516 quibus
2433 461 2540 502 non
2572 458 2695 502 erat
2714 462 2812 502 vox
2838 447 3040 503 Christi
3067 464 3082 514 ;
3110 456 3377 514 errantes,
3402 448 3534 504 falsa

1964 537 2222 601 dicentes,
2256 538 2433 592 inania
2461 538 2783 607 garrientes,
2811 553 2947 593 vana
2982 538 3268 606 ﬁngentes,
3307 539 3538 595 miseros

1963 625 2280 679 seducentes
2305 666 2319 691 ,
2390 627 2531 681 sicut
2584 626 3083 696 pseudoprophetaz,
3147 627 3289 681 sicut
3344 626 3537 681 scriba:

1961 720 2017 766 et
2068 714 2319 782 pharisaai
2389 715 2718 782 temporibus
2779 716 2946 784 ipsius
2992 715 3225 769 Domini.
3277 714 3344 770 Hi
3407 724 3535 769 sunt

1960 802 2052 869 qui
2096 810 2359 856 venerunt
2409 818 2507 872 per
2552 818 2642 867 se,
2685 811 2739 857 et
2791 819 2894 857 non
2927 812 3053 858 sunt
3078 819 3108 856 a
3152 803 3333 873 judice
3361 803 3530 858 missi.

1963 888 2057 943 llis
2088 905 2216 944 vero
2244 906 2365 945 cum
2412 892 2674 946 doctrinis
2721 894 2831 947 suis
2868 893 3055 962 procul
3087 893 3326 963 expulsis
3354 894 3535 948 videa-

1962 995 2082 1035 mus
2108 996 2214 1050 quo
2243 997 2342 1037 nos
2366 992 2553 1051 pastor
2586 985 2760 1038 honus
2786 993 2960 1038 vocat.
2993 985 3132 1038 Dicit
3158 984 3303 1039 enim
3328 1001 3343 1036 :

2032 1070 2146 1141 Ego
2166 1089 2282 1127 sum
2304 1074 2514 1126 ostium.
2548 1071 2654 1127 Per
2678 1090 2758 1127 me
2778 1075 2825 1126 si
2847 1074 2963 1144 quis
2989 1075 3265 1141 introieri‘,
3300 1075 3530 1129 saltabi-

1961 1170 2087 1215 tur:
2110 1172 2158 1217 et
2190 1163 2527 1232 ingredietur,
2549 1174 2598 1218 et
2641 1166 2956 1234 egredietur,
2994 1175 3043 1219 et
3064 1182 3260 1235 pascua
3292 1167 3528 1221 inveniet.

1964 1252 2040 1307 Ex
2068 1255 2173 1309 hoc
2216 1254 2493 1310 evidenter
2541 1257 2776 1311 ostendit
2815 1271 2919 1311 non
2945 1257 3116 1311 solum
3137 1264 3401 1325 pastores,
3437 1257 3531 1313 sed

1962 1343 2124 1397 etiam
2175 1358 2305 1400 oves
2358 1345 2563 1400 intrare
2604 1361 2702 1415 per
2727 1347 2956 1412 ostium;
3003 1348 3096 1403 sed
3137 1347 3267 1416 quid
3311 1357 3418 1413 est,
3443 1349 3529 1402 iu-

1960 1433 2229 1501 gredietur
2273 1444 2323 1487 et
2356 1435 2669 1504 egredietur,
2704 1446 2752 1489 et
2802 1453 2998 1506 pascua
3028 1439 3271 1492 inveniet.
3323 1437 3535 1507 lngredi

1962 1522 2159 1590 quippe
2214 1523 2267 1577 in
2305 1523 2599 1579 Ecclesium
2647 1541 2746 1594 per
2793 1527 2990 1581 ostium
3056 1526 3331 1582 Christum
3383 1527 3536 1582 valde

1964 1610 2161 1664 bonum
2191 1621 2295 1676 est,
2334 1614 2485 1669 exire
2528 1622 2705 1668 autem
2752 1616 2816 1669 de
2842 1616 3104 1683 Ecclesia,
3148 1618 3290 1673 sicut
3312 1619 3391 1673 ait
3420 1620 3535 1688 ipse

268 1718 393 1756 eum
423 1702 770 1771 sequantur?
815 1700 918 1754 nisi
948 1702 1037 1768 qui
1091 1716 1377 1770 resurgens
1418 1717 1449 1754 a
1485 1704 1711 1758 mortuis
1744 1704 1856 1773 jam
1892 1706 1933 1763 Β
1962 1698 2201 1755 Joannes
2240 1702 2577 1773 Evangelista
2609 1705 2662 1757 in
2693 1704 2928 1772 Epistola
2974 1722 3090 1772 sua,
3121 1723 3187 1761 ea:
3223 1708 3369 1762 nobis
3394 1710 3537 1764 exie-

268 1810 374 1848 non
405 1793 644 1848 moritur
665 1801 721 1847 et
747 1806 894 1846 mors
921 1791 992 1845 illi
1022 1791 1162 1847 ultra
1191 1808 1297 1846 non
1327 1792 1710 1847 dominabitur.
1742 1795 1850 1847 Has

266 1901 403 1941 vero
433 1886 641 1951 educit,
669 1900 699 1938 a
724 1884 827 1938 ﬁde
855 1885 922 1936 ad
963 1884 1223 1952 speciem,
1265 1892 1321 1938 et
1346 1892 1470 1938 ante
1498 1884 1633 1938 istas
1681 1886 1853 1948 vadit,

268 1980 397 2048 quia
428 1977 583 2047 prior
611 1975 850 2030 omnium
877 1973 1120 2028 ascendit
1155 1973 1206 2026 in
1240 1972 1458 2036 coelum,
1504 1981 1560 2028 et
1587 1988 1703 2040 quae
1734 1983 1858 2027 sunt

268 2083 400 2123 oves
426 2082 544 2122 suae
569 2066 719 2121 illum
773 2073 1092 2133 sequuntur,
1123 2064 1252 2131 quia
1293 2064 1475 2119 sciunt
1518 2079 1705 2118 vocem
1763 2065 1857 2118 do-

266 2159 463 2213 ctrinae
492 2154 633 2225 ejus.
664 2156 882 2210 Alienos
921 2170 1047 2208 vero
1087 2154 1339 2208 ductores
1382 2168 1487 2207 non
1543 2162 1855 2229 sequentur,

268 2252 360 2305 sed
392 2250 610 2320 fugient
638 2248 705 2303 ab
734 2248 836 2312 eis,
859 2246 985 2315 quia
1012 2260 1117 2299 non
1148 2251 1413 2298 noverunt
1434 2259 1643 2308 vocem,
1672 2244 1723 2298 id
1752 2254 1854 2311 est,

269 2340 579 2395 doctrinam
631 2338 963 2401 alienorum;
1019 2336 1115 2391 sed
1161 2334 1413 2404 loquente
1459 2332 1687 2389 Domino
1730 2335 1857 2391 Iesu

268 2445 373 2483 non
403 2427 815 2492 intellexerunt,
851 2426 940 2493 qui
988 2424 1296 2488 audierunt,
1326 2422 1684 2477 incrassatum
1713 2426 1855 2478 enim

271 2516 587 2570 habuerunt
614 2530 734 2577 cor,
759 2522 814 2568 et
846 2514 1085 2585 graviter
1114 2513 1422 2567 audierunt.
1472 2512 1725 2568 Nominat
1766 2531 1856 2568 os-

269 2609 427 2670 tium,
462 2606 713 2660 nominat
732 2605 889 2669 ovile,
913 2605 1154 2658 nominat
1201 2619 1350 2669 oves,
1378 2604 1719 2658 commendat
1747 2605 1859 2659 haec

265 2699 474 2761 ormaia,
524 2697 622 2752 sed
650 2694 884 2750 nondum
906 2694 1145 2765 exponit.
1175 2693 1471 2748 Audiamus
1502 2702 1857 2762 exponentem

267 2789 361 2858 qui
388 2787 704 2842 audivimus
720 2792 1108 2856 proponentem
1143 2802 1156 2837 :

341 2878 551 2932 Iterum
591 2876 748 2932 Iesus
795 2876 920 2930 dicit
970 2873 1294 2939 eis:Amen,
1350 2887 1504 2927 amen
1549 2870 1667 2926 dice
1692 2872 1858 2935 vobis,

266 2969 395 3034 quia
420 2983 517 3037 ego
542 2983 661 3020 sum
684 2966 877 3020 ostium
905 2966 1094 3019 ovium.
1133 2965 1271 3018 Ecce
1292 2964 1467 3034 ipsum
1490 2962 1689 3018 ostium
1718 2963 1859 3032 quod

1954 1800 2095 1856 runt,
2128 1793 2217 1845 sed
2247 1809 2351 1846 non
2375 1803 2525 1847 erant
2550 1810 2615 1847 ea:
2654 1796 2818 1849 nobis.
2874 1795 2990 1865 Ego
3019 1797 3131 1851 veni
3152 1807 3208 1851 ut
3246 1798 3404 1853 vitam
3431 1798 3530 1853 Ιιι-

1957 1880 2131 1947 beam,
2160 1891 2207 1936 et
2234 1882 2587 1938 abundantius
2611 1884 2854 1940 habeant.
2887 1884 3111 1940 Videtur
3135 1887 3278 1941 enim
3310 1887 3532 1952 dixisse,

1957 1979 2018 2025 ut
2043 1973 2208 2026 vitam
2235 1981 2493 2028 aeternam
2520 1974 2757 2029 habeant
2796 1973 3173 2043 ingredientes.
3205 1973 3321 2031 Non
3350 1986 3532 2032 autem

1957 2052 2133 2131 potest
2160 2065 2389 2134 quisque
2436 2082 2532 2135 per
2583 2067 2805 2130 ostium,
2859 2066 2915 2121 id
2951 2076 3056 2131 est,
3108 2081 3206 2136 per
3255 2066 3530 2127 Christum

1958 2157 2141 2227 egredi
2164 2158 2230 2213 ad
2262 2167 2523 2213 aeternam
2562 2158 2747 2222 vitam,
2789 2173 2910 2226 quae
2929 2159 3036 2214 erit
3063 2159 3117 2213 in
3142 2159 3404 2228 sapiente,
3432 2160 3532 2215 nisi

1958 2261 2055 2313 per
2089 2248 2260 2316 ipsum
2288 2248 2510 2313 ostium,
2552 2248 2654 2303 hoc
2698 2255 2803 2312 est,
2846 2262 2945 2318 per
2968 2249 3216 2307 outndem
3260 2247 3535 2305 Christum

1960 2336 2260 2392 Ecclesium
2288 2336 2405 2405 ejus
2428 2329 2570 2407 quod
2593 2346 2675 2393 est
2707 2338 2848 2394 ovile
2872 2339 3011 2408 ejus,
3039 2338 3324 2394 intraverit
3352 2338 3422 2394 ad
3463 2338 3539 2393 vi-

1960 2437 2070 2482 tam
2098 2428 2471 2498 temporalem,
2498 2444 2619 2497 quae
2643 2437 2728 2484 est
2761 2428 2813 2482 in
2843 2428 2963 2482 ﬁde.
2995 2428 3117 2482 ideo
3161 2428 3238 2481 ait
3265 2444 3279 2480 :
3304 2443 3396 2497 ego
3421 2428 3535 2479 veni

1960 2528 2014 2571 ut
2043 2519 2197 2572 vitam
2246 2519 2465 2572 habeant
2495 2534 2511 2570 :
2540 2520 2642 2573 hoc
2668 2528 2771 2582 est,
2806 2519 2989 2583 tidem,
3032 2533 3155 2588 quae
3179 2532 3275 2588 per
3296 2517 3535 2572 dilectio-

1958 2626 2083 2666 nem
2111 2623 2369 2680 operatur
2397 2629 2411 2665 :
2448 2626 2544 2680 per
2571 2626 2733 2680 quam
2766 2610 2924 2665 ﬁdem
2950 2611 3004 2665 in
3049 2609 3188 2665 ovile
3223 2608 3533 2677 ingrediun-

1963 2712 2052 2756 tur
2095 2711 2152 2755 ut
2202 2700 2419 2755 vivant?
2451 2702 2578 2771 quia
2617 2702 2797 2771 justus
2820 2715 2887 2755 ex
2921 2700 3025 2755 ﬁde
3074 2700 3235 2765 vivit;
3270 2709 3319 2752 et
3358 2698 3531 2752 abun-

1960 2791 2174 2844 dantius
2223 2791 2466 2857 habeant,
2497 2791 2589 2859 qui
2618 2788 3013 2858 perseverando
3070 2803 3238 2857 usque
3292 2788 3345 2842 in
3372 2786 3530 2842 tinctu

1963 2881 2145 2936 salvus
2194 2884 2319 2936 erit.
2371 2881 2474 2935 Per
2528 2879 2661 2934 illud
2718 2879 2939 2945 ostium,
2988 2878 3041 2934 id
3072 2886 3178 2945 est,
3229 2894 3330 2949 per
3376 2877 3534 2933 ﬁdem

1968 2970 2169 3027 Christi
2229 2972 2582 3043 egrediuntur
2626 2971 2844 3041 quando
2901 2972 3015 3028 veri
3057 2971 3243 3026 fideles
3292 2972 3538 3026 moriun-

268 3058 518 3119 clausum
542 3054 1170 3127 posuerataperuit,ipsc
1190 3063 1274 3109 est
1292 3052 1862 3125 ostium,agnovimus,
1892 3077 1937 3139 ρ
1972 3070 2075 3125 tur,
2130 3071 2187 3117 et
2238 3062 2600 3117 abundantius
2662 3062 2938 3117 habebunt
3004 3061 3169 3117 vitam
3234 3062 3536 3127 veniendo,

272 3151 563 3211 intremus,
596 3157 656 3201 ut
680 3162 779 3202 nos
806 3149 1035 3202 intrasse
1065 3147 1413 3217 gaudeamus.

341 3243 547 3296 Omnes
602 3250 850 3310 quotquot
888 3250 1157 3305 venerunt,
1204 3239 1349 3310 [ures
1381 3248 1501 3295 sunt
1526 3249 1574 3296 ct
1601 3238 1854 3298 latrones.

268 3332 413 3397 Quid
450 3338 539 3385 est
587 3331 712 3395 hoc,
761 3329 1022 3384 Domine?
1067 3346 1244 3384 omnes
1288 3339 1538 3401 quotquot
1586 3342 1854 3398 venerunt,

271 3422 404 3490 quid
433 3421 582 3475 enim
618 3428 673 3473 tu
708 3435 814 3475 non
840 3420 1076 3475 venisti?
1101 3420 1194 3475 sed
1244 3420 1483 3492 intellige
1507 3437 1687 3476 omnes
1705 3433 1860 3492 quot-

269 3524 395 3583 quot
423 3525 693 3577 verterunt,
723 3513 857 3567 dixit
884 3513 1068 3582 utique
1111 3528 1299 3569 omnes
1325 3523 1524 3583 praeter
1551 3528 1656 3568 me.
1688 3512 1857 3569 Reco-

274 3604 452 3657 lamus
475 3617 605 3674 ergo
626 3612 752 3656 ante
776 3602 1066 3656 adventum
1090 3602 1282 3671 ipsius,
1308 3610 1574 3658 venerunt
1626 3604 1859 3674 prophe-

275 3704 367 3758 tae,
404 3693 647 3762 nunquid
682 3693 828 3748 fures
876 3694 1091 3747 fuerunt
1116 3703 1173 3747 et
1212 3693 1490 3749 latrones?
1514 3694 1708 3761 Absit;
1753 3710 1859 3751 non
1948 3759 1956 3765 _

274 3793 478 3853 praeter
513 3784 662 3837 illum
690 3794 973 3850 venerunt,
1003 3793 1262 3839 venturus
1290 3801 1566 3854 praecones
1592 3788 1859 3853 mittebat,

274 3877 368 3930 sed
401 3891 591 3930 eorum
637 3877 798 3932 corda
828 3892 963 3946 quos
997 3877 1217 3933 miserat
1246 3878 1575 3948 possidebat,
1604 3893 1726 3934 cum
1774 3880 1863 3935 illo

272 3982 410 4036 ergo
433 3976 701 4020 venerunt
716 3967 808 4035 qui
830 3983 952 4021 cum
974 3969 1138 4023 verbo
1154 3968 1249 4022 Dei
1270 3976 1532 4023 venerunt
1557 3986 1570 4023 :
1598 3968 1711 4039 Ego
1725 3986 1860 4033 sum,

279 4058 483 4127 mqnit,
502 4060 606 4120 eia,
631 4059 838 4121 veritas,
863 4059 986 4111 vita.
1016 4058 1134 4127 Ipse
1159 4069 1243 4113 est
1272 4059 1632 4122 veritas,cum
1660 4058 1751 4113 illo
1772 4074 1862 4113 ve-

277 4158 505 4213 nerunt,
532 4149 626 4217 qui
656 4164 875 4203 veraces
902 4149 1118 4204 fuerunt
1144 4158 1199 4205 et
1225 4150 1504 4205 veritatem
1534 4150 1861 4221 praedicave-

216 4280 223 4285 .
279 4250 433 4305 runt,
471 4248 738 4311 quotquot
764 4251 955 4296 autem.
985 4251 1182 4311 prmter
1210 4241 1361 4296 illum
1406 4252 1674 4297 venerunt
1719 4244 1865 4298 fures

274 4340 408 4386 sunt
455 4340 512 4386 et
551 4331 958 4401 latrones;per
1004 4348 1063 4388 se
1106 4341 1388 4397 venerunt,
1433 4334 1557 4404 quia
1599 4347 1697 4402 per
1739 4350 1860 4389 eum

1960 3167 2066 3222 quo
2090 3160 2271 3223 pastor
2284 3153 2374 3208 ille
2391 3152 2691 3224 praecessit,
2707 3154 2797 3209 ubi
2812 3169 3083 3223 nunquam
3103 3152 3295 3209 deinde
3309 3154 3537 3209 morian-

1962 3253 2066 3308 tur,
2098 3244 2190 3300 sed
2213 3259 2336 3301 cum
2367 3245 2483 3314 ipso
2510 3251 2730 3315 pastore
2776 3246 2959 3298 vivant
2980 3245 3034 3299 in
3068 3252 3272 3301 aeterna
3297 3245 3533 3300 beatitu-

1961 3332 2087 3386 dine
2110 3340 2165 3386 ct
2194 3341 2422 3403 regnent
2441 3348 2538 3403 per
2559 3335 2742 3388 omnia
2768 3334 2966 3389 saecula
3012 3333 3353 3390 saeculorum.

2511 3491 2792 3549 llOMlLlA
2818 3492 2995 3547 LXIII.

2618 3599 2773 3637 FERIA
2796 3599 2869 3637 IV.

2324 3674 2507 3729 Lectio
2533 3672 2761 3726 Actuum
2790 3669 3171 3740 apostolorum.

2035 3785 2101 3839 In
2139 3783 2320 3840 diebus
2351 3783 2488 3848 illis,
2519 3792 2664 3836 stans
2689 3781 2878 3835 Petrus
2906 3796 3025 3834 cum
3068 3780 3331 3846 undecim,
3353 3780 3536 3837 levarit

1964 3893 2135 3931 vocem
2168 3891 2321 3930 suam
2369 3884 2419 3928 et
2464 3875 2668 3929 locutus
2696 3883 2771 3927 est
2800 3873 2873 3928 eis
2902 3889 2921 3927 .'
2974 3871 3083 3927 Viri
3115 3871 3326 3938 Judaei,
3364 3883 3413 3927 et
3447 3874 3540 3945 qui

1962 3970 2210 4023 habitatis
2235 3967 2567 4023 Hierusalem
2597 3968 2840 4035 uniyersi,
2871 3969 2968 4024 hoc
2988 3967 3130 4024 ruﬁs
3157 3978 3336 4024 uotum
3359 3969 3449 4035 sit,
3487 3979 3537 4023 et

1964 4058 2179 4112 auribus
2207 4059 2449 4130 percipite
2474 4059 2624 4112 uerba
2643 4075 2781 4125 mea,
2806 4067 2912 4114 etc.

2036 4147 2326 4217 Postquam
2350 4164 2445 4218 per
2481 4147 2716 4219 Spiritus
2741 4151 2914 4211 sancti
2945 4151 3196 4221 gratiam,
3226 4165 3343 4221 quae
3370 4152 3423 4206 iu
3453 4153 3541 4207 die

1964 4235 2072 4291 Pen
2082 4246 2311 4294 teeostes
2341 4237 2509 4292 effusa
2530 4247 2614 4294 est
2634 4255 2795 4308 super
2812 4250 3026 4294 centum
3049 4241 3235 4309 viginti
3258 4241 3542 4296 credentes

1965 4327 2055 4396 qui
2082 4325 2300 4381 luerunt
2337 4328 2393 4382 in
2428 4328 2710 4384 caenaculo
2738 4328 2868 4383 Sion
2894 4329 3077 4398 positi,
3102 4338 3159 4382 et
3181 4329 3540 4396 loquebantur

279 4422 434 4475 anisi
479 4436 588 4475 non
622 4421 859 4487 fuerunt,
890 4438 995 4476 non
1053 4438 1197 4477 sanae
1225 4422 1482 4477 doctrinae
1516 4423 1864 4487 inhaerentes,
1890 4422 1943 4480 D
1968 4417 2132 4471 "aliis
2160 4417 2379 4487 linguis,
2422 4417 2601 4471 mira“
2628 4425 2754 4472 51ml
2782 4417 2869 4471 ἱδιί
2895 4417 2984 4486 qui
3007 4415 3293 4480 εσυθτυηι.
3318 4427 3538 4489 Stupen-

280 4520 347 4573 de
372 4519 570 4586 quibus
598 4519 819 4583 dictum,
871 4519 1012 4588 fures
1057 4527 1178 4571 sunt
1201 4530 1247 4571 et
1299 4516 1545 4581 latrones,
1576 4518 1627 4572 id
1659 4524 1763 4581 est,
1794 4519 1863 4571 ad

280 4608 570 4663 furandum
593 4616 648 4662 et
685 4608 1037 4663 occidendum
1070 4615 1350 4661 venerunt.
1404 4605 1506 4660 Sed
1537 4621 1642 4660 non
1676 4605 1864 4660 audie-

278 4709 409 4754 runt
436 4712 715 4775 eos..-\ves,
750 4714 869 4767 quae
913 4713 1055 4751 verae
1096 4706 1220 4750 sunt
1245 4712 1392 4753 oves.
1445 4711 1550 4750 non
1595 4697 1696 4750 sub
1720 4695 1861 4766 pelle

277 4793 461 4855 ovina,
492 4791 733 4861 lupinum
749 4806 843 4845 cor
870 4791 1290 4854 abscondentes;
1326 4791 1487 4860 igitur
1500 4792 1591 4860 qui
1609 4799 1735 4846 ante
1760 4792 1859 4844 ad-

278 4894 499 4939 ventum
548 4883 751 4937 Christi
791 4883 1240 4953 praedicaverunt,
1271 4885 1458 4938 eodem
1488 4881 1691 4952 Spiritu
1718 4898 1859 4952 prae—

277 4977 604 5031 dicaveruut
650 4990 758 5044 quo
793 4974 1020 5043 apostoli
1047 4983 1102 5029 et
1138 4974 1309 5028 sancti
1343 4974 1590 5029 doctores
1610 4983 1734 5042 post
1762 4974 1860 5028 ad-

276 5076 501 5120 ventum
530 5065 734 5120 Christi
760 5065 1002 5119 veritatis
1048 5064 1188 5118 viam
1222 5065 1421 5119 mundo
1468 5066 1855 5131 ostenderunt;

277 5166 549 5228 quotquot
597 5166 776 5212 autem
811 5157 901 5211 illo
944 5167 1185 5225 tempore
1203 5155 1542 5211 crediderunt
1573 5158 1654 5211 vel
1683 5157 1860 5212 Abra-

276 5246 430 5311 ham,
467 5245 550 5301 vel
587 5244 760 5308 Isaac.
789 5247 869 5300 vel
907 5244 1093 5309 Jacol),
1149 5244 1231 5299 vel
1264 5244 1462 5315 Moyse,
1502 5246 1583 5299 vel
1618 5246 1740 5301 aliis
1765 5262 1859 5316 pa-

276 5335 555 5400 triarchis,
592 5334 821 5405 aliisque
866 5335 1142 5404 prophetis
1176 5333 1448 5389 Christum
1498 5338 1857 5404 pronuntian-

277 5424 423 5479 tihus
444 5465 460 5491 ,
494 5440 625 5479 oves
652 5434 813 5478 erant
852 5433 907 5478 et
941 5424 1216 5478 Christum
1248 5423 1552 5488 audierunt,
1582 5440 1687 5481 non
1722 5427 1854 5482 alie-

276 5532 398 5569 nam
426 5530 613 5569 vocem
644 5515 743 5569 sed
774 5514 942 5583 ipsius
992 5514 1194 5568 Christi
1243 5502 1550 5567 audierunt.
1592 5516 1725 5569 Nam
1771 5517 1859 5587 ju-

276 5606 375 5658 dex
423 5604 624 5658 clamat
657 5604 708 5657 in
737 5619 1008 5672 praecone,
1045 5605 1167 5657 dum
1199 5620 1373 5673 praeco
1390 5603 1624 5672 judicent
1652 5626 1857 5662 amniu-

690 5697 961 5755 Parnm.
997 5697 1130 5755 CX.

1971 4517 2052 4563 tes
2090 4509 2479 4564 admiraculum
2509 4520 2620 4563 tam
2645 4508 2928 4563 laudabile.
2966 4508 3072 4563 Alii
3099 4510 3317 4578 quidam
3357 4510 3409 4565 in
3438 4513 3543 4567 hoc

1968 4599 2259 4655 laudabant
2287 4601 2473 4665 Deum,
2511 4600 2602 4654 alii
2640 4614 2767 4654 vero
2808 4600 3054 4654 ebrietati
3085 4600 3415 4670 deputabant
3457 4604 3539 4657 di—

1971 4706 2177 4745 versam
2209 4692 2551 4755 locutionem,
2591 4704 2696 4743 non
2725 4690 2827 4744 rite
2856 4690 3240 4762 intelligentes,
3288 4694 3433 4763 quod
3466 4695 3542 4749 la-

1965 4790 2113 4836 etum
2153 4779 2356 4846 fuerat;
2388 4781 2530 4836 unde
2556 4779 2749 4835 Petrus
2775 4780 3067 4850 apostolus,
3105 4781 3246 4835 sicut
3276 4782 3434 4837 modo
3464 4782 3541 4837 le-

1968 4882 2112 4929 ctum
2133 4882 2239 4938 est,
2260 4872 2442 4927 levavit
2467 4888 2636 4926 vocem
2657 4889 2807 4927 suout
2837 4882 2885 4926 et
2906 4872 3110 4928 locutus
3129 4884 3203 4927 est
3230 4876 3305 4928 eis
3325 4888 3344 4926 .'
3371 4877 3542 4930 mani-

1966 4963 2173 5021 festans
2196 4964 2466 5019 laudabile
2509 4963 2603 5018 Dei
2650 4964 2871 5018 donum.
2899 4962 3017 5018 Non
3058 4964 3229 5020 solum
3266 4981 3417 5037 ergo,
3463 4968 3544 5022 in-

1966 5058 2180 5127 quiunt,
2210 5057 2303 5127 qui
2337 5065 2527 5110 natura
2561 5064 2687 5109 sunt
2710 5053 2880 5109 Judaei
2913 5070 2979 5110 ex
3008 5055 3222 5111 diverso
3253 5057 3385 5113 orbe
3416 5073 3545 5113 con-

1967 5159 2265 5213 venerunt;
2287 5166 2472 5205 verum
2494 5160 2550 5206 et
2568 5150 2658 5219 qui
2682 5150 2733 5204 in
2756 5151 3018 5220 praeputio
3033 5151 3143 5205 nati
3163 5166 3351 5205 eorum
3370 5152 3546 5207 adius.

1965 5260 2086 5297 sere
2119 5244 2265 5297 ritui.
2296 5243 2402 5296 Alii
2429 5253 2602 5296 autem
2630 5242 2906 5296 irridentes
2936 5242 3199 5307 dicebant,
3223 5242 3345 5313 quia
3373 5252 3544 5297 musta

1963 5334 2104 5402 pleni
2143 5345 2261 5387 sunt
2300 5335 2420 5398 isti;
2452 5334 2740 5388 irridentes
2767 5333 2891 5387 licet
2929 5333 3154 5404 mystice
3194 5341 3374 5388 tamen
3415 5348 3544 5387 vera

1966 5434 2266 5490 testantur;
2294 5427 2420 5496 quia
2450 5442 2555 5480 non
2586 5427 2712 5479 vino
2750 5425 2919 5479 veteri
2958 5424 3102 5493 quod
3128 5423 3181 5478 in
3218 5423 3419 5493 nuptiis
3449 5423 3547 5477 Ec.

1965 5516 2143 5571 etesiae
2163 5518 2365 5580 delicit,
2388 5517 2483 5572 sed
2505 5526 2681 5571 musto
2698 5515 3024 5585 suntgratiae
3044 5514 3304 5584 spiritalis
3322 5515 3546 5584 impleti,

1957 5609 2070 5675 jam
2098 5611 2241 5663 enim
2270 5612 2449 5663 vinum
2482 5625 2677 5663 novum
2713 5610 2765 5663 in
2794 5618 2943 5662 utres
2972 5623 3141 5662 nm'os
3160 5616 3398 5670 venerat,
3425 5625 3546 5662 cum

2997 5703 3035 5755 9
