3962 6180
485 285 591 342 167

1153 283 1211 337 Β.
1255 278 1508 343 RABANI
1542 276 1760 335 MAURI
1793 276 2119 332 ARCHIEP.
2163 271 2473 329 MOGUNT.
2514 270 2797 327 OPERUM
2829 269 3004 323 PARS
3042 268 3108 322 ll.

3642 268 3752 325 268

486 398 715 470 apostoli
743 412 848 452 non
890 403 946 455 in
974 402 1242 450 vetustate
1266 393 1479 456 litterte,
1500 390 1595 445 sed
1621 389 1674 443 in
1694 390 1935 443 novitate
1959 388 2069 457 spi-
2098 400 2141 456 Α
2174 386 2291 453 ipso
2320 390 2612 452 praestante
2643 380 2868 434 Domino
2894 386 3078 432 nostro
3106 376 3231 432 Jesu
3245 377 3486 470 Cludeto,
3508 379 3599 446 qui
3626 392 3751 432 cum

487 489 645 553 ritus,
671 488 764 543 Dei
794 484 1060 555 magnalia
1090 489 1420 538 resonarent.

561 579 686 634 Non
716 579 874 642 enim,
904 576 1036 630 sicut
1064 591 1153 629 vos
1193 572 1485 638 a’stimatis,
1517 572 1573 625 hi
1603 571 1732 625 ebrii
1768 580 1911 634 sunt,
1945 586 2064 623 cum

488 671 553 726 sit
583 670 713 723 liora
749 667 852 720 diei
882 666 1053 719 tertia.
1092 662 1328 733 Spiritus
1357 670 1577 716 sanctus
1615 660 1843 731 gloriam
1871 660 2062 714 indivi-

489 761 606 816 dua:
630 755 909 812 Trinitatis
956 753 1160 808 mundo
1197 751 1610 822 praedicaturus,
1654 750 1814 804 tertia
1868 763 2063 803 conve-

486 850 697 904 nienter
723 846 857 900 hora
888 842 1181 903 descendit,
1212 848 1265 896 et
1291 840 1420 910 quia
1449 853 1612 907 supra
1649 839 1863 893 dicitur.
1895 835 2064 890 Erant

486 940 540 993 in
591 936 827 991 oratione
867 941 1270 1003 perseverantes,
1325 937 1475 984 recte
1517 927 1768 998 spiritum
1816 935 2064 981 sanctum

485 1027 747 1083 orationis
781 1026 912 1079 hora
944 1020 1265 1091 percipiunt,
1303 1027 1362 1072 ut
1390 1017 1708 1073 ostendatur
1743 1016 2062 1086 legentibus,

485 1117 611 1189 quia
636 1114 857 1185 spiritus
886 1111 1056 1166 sancti
1084 1108 1257 1180 gratia
1294 1123 1401 1163 non
1434 1108 1588 1162 facile
1612 1106 1928 1177 percipitur,
1960 1105 2063 1159 nisi

484 1205 658 1276 gratia
690 1220 719 1257 a
762 1202 1074 1257 carnalibus
1099 1213 1454 1268 supernorum
1491 1196 1787 1251 intentione
1815 1196 2059 1249 levetur:

487 1297 591 1351 tria
626 1294 769 1350 enim
806 1301 1047 1361 tempora
1073 1290 1268 1359 quibus
1298 1286 1482 1342 Daniel
1514 1287 1567 1340 in
1611 1286 1696 1341 die
1724 1284 1942 1340 ﬂectere
1975 1298 2065 1353 ge-

485 1400 589 1438 nua
623 1397 719 1438 sua
747 1390 802 1437 et
829 1381 1056 1435 adorare
1078 1378 1295 1448 legitur,
1326 1378 1506 1441 tertia,
1537 1386 1709 1436 sexta.
1741 1389 1901 1439 nona,
1932 1375 2065 1428 hora

482 1474 551 1528 ab
578 1473 815 1528 Ecclesia
846 1469 1195 1540 intelligitur?
1215 1467 1352 1535 Quia
1378 1476 1434 1523 et
1460 1466 1718 1521 Dominus
1749 1466 1904 1520 tertia
1931 1466 2063 1519 hora

485 1563 732 1633 spiritum
758 1567 1009 1616 sanctum
1036 1559 1275 1622 mittens,
1317 1565 1468 1612 sexta
1496 1557 1608 1626 ipse
1632 1569 1848 1611 crucem
1875 1569 2066 1609 ascen-

483 1656 639 1719 dens,
672 1668 812 1708 nona
841 1652 1076 1707 animam
1104 1663 1328 1720 ponens,
1360 1649 1576 1705 easdem
1606 1648 1763 1702 nobis
1786 1647 1948 1702 horas
1969 1662 2066 1701 cas-

2164 474 2324 528 Patre
2350 482 2404 527 et
2438 472 2627 541 spiritu
2655 478 2845 525 sancto
2872 469 3007 523 vivit
3032 476 3088 522 et
3118 476 3310 538 regnat
3338 465 3482 521 Deus
3509 481 3609 537 per
3633 481 3755 523 om-

2164 565 2252 617 nia
2271 562 2465 617 saecula
2489 560 2828 616 saeculorum.
2849 557 3039 613 Amen.

2706 669 2986 725 HOMILIA
3021 668 3204 723 LXIV.-

2735 771 2866 811 Ιτεὶί
2902 770 3060 810 ηιυΑ
3098 771 3171 808 ιν.

2294 848 2479 903 Lectio
2506 847 2677 902 sancti
2704 845 2974 916 Evangelii
3004 846 3301 900 secundum
3325 844 3611 900 Joannem.

2235 938 2301 992 In
2327 937 2419 991 illo
2461 947 2688 1007 tempore
2717 935 2851 989 dixit
2890 933 3046 988 Iesus
3084 934 3356 1004 discipulis
3393 936 3503 989 suis
3542 949 3553 962 '
3580 935 3757 990 Nemo

2162 1040 2327 1091 potest
2346 1031 2514 1085 venire
2543 1030 2612 1083 ad
2642 1046 2722 1082 me
2743 1028 2844 1082 nisi
2875 1026 3060 1093 Pater,
3100 1029 3191 1098 qui
3232 1028 3373 1080 misit
3396 1044 3497 1092 me,
3529 1028 3755 1082 traxerit

2163 1136 2313 1183 eum;
2335 1129 2381 1172 et
2405 1135 2496 1188 ego
2533 1118 2848 1172 resuscitabo
2871 1134 2991 1170 eum
3018 1117 3072 1170 in
3100 1117 3379 1170 novissima
3406 1119 3512 1181 die,
3536 1125 3642 1171 etc.

2234 1209 2371 1262 Dum
2394 1209 2547 1273 dixit,
2578 1223 2726 1261 nemo
2754 1217 2921 1278 potest
2949 1207 3119 1261 venire
3143 1206 3213 1259 ad
3233 1207 3453 1273 me,nisi
3466 1204 3648 1272 Pater,
3661 1224 3757 1277 qut

2164 1300 2304 1353 misit
2347 1315 2449 1363 me,
2480 1298 2751 1351 attraxerit
2780 1314 2928 1361 eum,
2961 1298 3218 1351 continuo
3258 1295 3554 1364 subjunxit,
3581 1307 3630 1351 et
3658 1314 3755 1368 ego

2164 1389 2422 1445 suscitabo
2444 1405 2563 1442 eum
2588 1389 2641 1440 in
2663 1388 2940 1441 novissima
2964 1386 3048 1439 die
3071 1400 3087 1437 :
3110 1386 3298 1441 credat
3318 1388 3459 1456 quod
3494 1387 3752 1456 speravit.

2169 1479 2379 1533 Videbit
2490 1477 2635 1547 quod
2732 1475 2908 1530 adhuc
2927 1490 3034 1529 non
3057 1474 3288 1530 videndo
3314 1475 3577 1540 credidit;
3599 1491 3759 1530 man-

2166 1570 2383 1627 ducabit
2411 1568 2555 1639 quod
2585 1583 2691 1622 non
2731 1567 2954 1632 esuriit;
3012 1566 3296 1621 satiabitur
3323 1582 3389 1621 eo
3428 1567 3570 1637 quod
3615 1567 3753 1622 sitit.

2168 1661 2271 1717 Ubi
2284 1660 2375 1714 ?ln
2395 1658 2789 1714 resurrectione
2808 1666 3169 1722 mortuorum,
3187 1658 3310 1727 quia
3326 1673 3423 1728 ego
3434 1659 3755 1712 resuscitabo

478 1744 618 1799 teris
640 1741 990 1798 excellemius
1013 1748 1097 1795 est
1136 1740 1388 1794 intimare
1411 1747 1467 1794 et
1501 1738 1843 1793 sanctificare
1882 1737 2069 1807 digna-
2097 1748 2141 1808 Β
2169 1768 2288 1805 eum
2319 1751 2375 1804 in
2405 1751 2684 1805 novissima
2712 1749 2815 1802 die.

482 1843 587 1889 tus.
617 1831 906 1903 Eﬁ'undant
932 1830 996 1884 de
1040 1829 1226 1900 spiritu
1263 1845 1379 1883 meo
1402 1845 1559 1897 super
1598 1843 1801 1883 omnem
1831 1844 2057 1889 carnem,

481 1923 707 1977 verbum
738 1919 1016 1975 eﬂ‘usionis
1043 1918 1279 1973 ostendit
1308 1918 1549 1972 muneris
1577 1917 1903 1986 largitatem,
1937 1917 2061 1985 quia

482 2026 587 2067 non
613 2018 672 2063 ut
698 2008 824 2064 olim
866 2008 1141 2079 prophetis
1177 2016 1233 2061 et
1277 2008 1646 2063 sacerdotibus
1685 2016 1912 2069 tantum,
1967 2007 2063 2062 sed

482 2100 733 2156 omnibus
754 2099 952 2168 passim
978 2098 1030 2152 in
1053 2106 1282 2167 utroque
1302 2112 1434 2152 sexu
1460 2097 1783 2152 conditionis
1804 2106 1859 2152 et
1880 2112 2064 2166 perso-

485 2194 567 2249 nis
603 2190 839 2263 Spiritus
862 2190 1034 2245 sancti
1065 2199 1209 2245 esset
1245 2191 1420 2262 gratia
1445 2189 1822 2254 condonanda,
1850 2204 1970 2258 quae
1995 2189 2066 2242 sit

481 2285 626 2339 enim
670 2281 849 2337 omnis
880 2296 1011 2337 caro
1049 2281 1318 2352 Propheta
1361 2289 1755 2357 consequenter
1801 2280 2059 2351 exponit:

484 2374 549 2427 Et
575 2372 980 2443 prophetabunt,
1009 2373 1277 2441 inquiens,
1306 2371 1404 2441 ﬁlii
1441 2372 1599 2427 vestri
1625 2381 1673 2425 et
1706 2370 1834 2440 ﬁlia:
1862 2380 2060 2433 vestrm,

480 2476 535 2520 et
578 2474 792 2519 extera.
824 2462 893 2518 Et
922 2463 1057 2517 dabo
1085 2464 1324 2534 prodigia
1354 2465 1408 2517 in
1436 2462 1561 2517 cmlo
1593 2478 1800 2517 sursum
1838 2472 1885 2516 et
1913 2462 2063 2532 signa

480 2561 535 2611 in
562 2566 702 2611 terra
729 2556 973 2611 deorsum
1001 2572 1019 2610 :
1044 2555 1283 2625 prodigia
1312 2555 1364 2609 in
1392 2554 1532 2610 caelo
1555 2569 1677 2608 cum
1704 2553 1928 2608 Domino
1970 2567 2065 2606 na-

480 2656 668 2703 scente
686 2662 883 2702 novum
897 2647 1045 2701 sidus
1061 2646 1340 2716 apparuit.
1364 2645 1459 2700 lllo
1476 2661 1693 2702 crucem
1716 2647 2062 2709 ascendente,

481 2737 560 2790 sol
582 2737 899 2791 obscuratus
913 2743 967 2790 et
981 2735 1155 2807 ipsum
1179 2736 1375 2791 caelum
1389 2745 1474 2792 est
1496 2736 1732 2790 tenebris
1750 2736 2061 2790 obductum.

481 2829 648 2898 Signa
682 2827 733 2880 in
760 2835 927 2892 terra,
950 2827 1076 2896 quia
1101 2827 1328 2883 Domino
1353 2827 1603 2897 spiritum
1629 2826 1911 2881 emittente
1941 2841 2066 2880 con-

483 2919 735 2983 tremuit,
772 2926 1118 2973 monumenta
1157 2919 1387 2988 aperuit,
1432 2933 1561 2973 saxa
1604 2917 1759 2982 ﬁssit,
1802 2924 1857 2972 et
1898 2915 2064 2970 multa

480 3024 600 3078 qua:
625 3009 982 3075 dormierunt,
1010 3019 1320 3064 sanctorum
1347 3023 1574 3080 corpora
1616 3008 1797 3064 rediva
1820 3007 2061 3078 protulit.

2238 1841 2503 1911 Scriptum
2533 1849 2607 1894 est
2628 1840 2773 1895 enim
2794 1841 2847 1893 in
2864 1836 3137 1909 Prophetis
3155 1853 3173 1890 :
3191 1838 3258 1892 Et
3285 1848 3434 1893 erunt
3461 1856 3637 1893 omnes
3659 1839 3760 1893 do-

2164 1933 2338 1987 cibiles
2372 1932 2485 1986 Dei.
2513 1932 2693 1998 Quare
2716 1931 2819 1985 hoc
2843 1930 3018 1984 dixit?
3038 1929 3082 1985 Ο
3116 1929 3310 1994 Judaei,
3332 1928 3499 1983 Pater
3519 1944 3615 1984 vos
3645 1945 3758 1984 non

2165 2021 2347 2076 docuit
2371 2019 2641 2090 quomodo
2678 2016 2763 2073 me
2792 2019 3016 2088 potestis
3042 2032 3404 2089 cognoscere;
3436 2033 3627 2072 omnes
3664 2034 3758 2073 re-

2163 2111 2251 2180 gni
2294 2110 2437 2163 illius
2473 2110 2718 2163 homines
2745 2108 3004 2162 docibilcs
3026 2107 3121 2162 Dei
3145 2116 3324 2172 erunt,
3354 2123 3458 2160 non
3484 2106 3554 2160 ab
3582 2108 3765 2161 homi-

2164 2200 2322 2254 nibus
2375 2198 2639 2253 audient:
2671 2206 2725 2252 et
2752 2198 2798 2251 si
2836 2197 2903 2251 ab
2958 2197 3267 2251 hominibus
3304 2196 3531 2261 audivit,
3574 2206 3762 2250 tamen

2164 2291 2307 2359 quod
2334 2288 2636 2358 intelligunt
2661 2287 2805 2340 intus
2826 2286 3008 2351 datur,
3041 2286 3186 2340 intus
3207 2293 3477 2350 coruscat,
3507 2285 3652 2338 intus
3677 2300 3768 2339 τε»

2164 2380 2391 2433 velatur.
2440 2378 2693 2433 llomines
2733 2376 2881 2433 foras
2926 2378 3151 2432 verbum
3196 2378 3465 2431 seminare
3506 2385 3765 2445 possunt,

2165 2471 2257 2525 sed
2294 2471 2347 2524 in
2381 2485 2572 2522 vanum
2611 2468 2887 2532 laborant,
2916 2468 3020 2523 nisi
3048 2468 3193 2522 intus
3228 2468 3371 2522 Deus
3400 2467 3600 2521 docens
3623 2482 3762 2536 ape—

2166 2562 2270 2616 riat
2297 2575 2504 2615 sensus.
2536 2559 2628 2613 llle
2651 2567 2735 2613 est
2763 2558 2872 2613 Deo
2895 2558 3157 2621 docibilis,
3196 2573 3355 2627 quem
3388 2556 3649 2611 Dominus
3674 2555 3763 2609 in-

2166 2661 2253 2705 tus
2282 2650 2527 2704 veiitatis
2559 2648 2779 2703 instruit
2810 2647 3082 2717 agnitione
3113 2658 3168 2702 et
3204 2660 3407 2701 amore.

2238 2740 2418 2795 Omnis
2444 2740 2532 2810 qui
2563 2739 2762 2792 audivit
2793 2757 2825 2792 a
2852 2736 3035 2804 Putre,
3066 2748 3115 2791 et
3156 2738 3359 2802 didicit,
3388 2738 3524 2790 venit
3552 2736 3622 2789 ad
3653 2752 3759 2791 me.

2165 2832 2444 2900 Quomodo
2471 2831 2637 2886 trahit
2664 2830 2859 2886 Pater?
2879 2830 3122 2885 docendo
3147 2830 3408 2893 delectat;
3436 2845 3541 2883 non
3561 2844 3762 2883 net-es-

2168 2921 2326 2975 sitate
2353 2920 2581 2975 credidit
2619 2919 2715 2974 sed
2761 2919 3074 2973 voluntate:
3124 2918 3293 2972 Filius
3324 2918 3553 2982 dicebat,
3595 2916 3764 2973 Pater

2166 3010 2415 3075 docebat,
2442 3010 2602 3064 homo
2622 3009 2716 3078 qui
2739 3008 3020 3063 videbatur
3045 3008 3381 3078 loquebatur,
3412 3011 3507 3063 sed
3531 3018 3587 3061 ut
3618 3009 3769 3063 Dens

482 3099 798 3168 Sanguinem
821 3108 870 3152 et
898 3100 1065 3170 ignem
1089 3108 1136 3153 et
1163 3116 1401 3170 vaporem
1426 3100 1581 3169 fumi.
1611 3098 1936 3170 Sanguinem
1960 3097 2066 3153 Do-
2092 3101 2136 3161 C
2169 3102 2225 3156 in
2259 3102 2424 3157 corde
2472 3095 2742 3156 audientis
2788 3100 3015 3155 interius
3052 3100 3281 3156 docebat
3310 3118 3323 3153 :
3362 3099 3485 3155 ideo
3530 3099 3765 3168 subjun-

483 3192 667 3245 minici
696 3191 900 3246 lateris.
935 3191 1118 3263 Ignem
1147 3192 1383 3262 Spiritus
1410 3193 1602 3258 sancti,
1629 3207 1881 3262 vaporem
1910 3206 2061 3245 com-

480 3283 791 3352 punctionis
812 3292 868 3340 et
895 3282 1138 3339 ﬂetuum.
1175 3284 1312 3351 Quia
1338 3285 1481 3339 sicut
1510 3284 1578 3338 ab
1604 3283 1726 3355 igne
1752 3297 1957 3346 sumus,
1987 3281 2063 3334 ita

485 3376 554 3432 ab
573 3377 767 3432 ardore
787 3375 1024 3449 Spiritus
1044 3378 1216 3433 sancti
1240 3377 1381 3448 ignis
1404 3377 1605 3432 amoris
1637 3375 1895 3431 nascitur.
1927 3372 2062 3429 Nam

482 3477 536 3523 et
558 3469 876 3540 sanguinem
906 3468 973 3524 de
1005 3478 1218 3523 mortua
1240 3484 1406 3524 carne
1428 3468 1601 3524 vivaci
1631 3467 1748 3523 rivo
1770 3466 2059 3538 proﬂuere,

482 3558 608 3627 quia
638 3566 823 3613 contra
852 3567 1098 3614 naturam
1138 3568 1222 3614 est
1248 3549 1555 3614 nostrorum
1583 3573 1894 3629 corporum,
1922 3557 2063 3627 signi

483 3651 604 3705 loco
636 3648 845 3705 factum
864 3650 1085 3705 credere
1112 3658 1316 3706 restat:
1342 3649 1494 3720 cujus
1529 3649 1800 3716 videlicet,
1829 3650 1933 3705 nisi
1968 3665 2065 3706 no-

483 3747 610 3794 stra:
633 3738 824 3794 salutis
843 3755 909 3794 ac
932 3739 1055 3794 vita:
1080 3754 1199 3810 quae
1224 3740 1289 3795 de
1318 3739 1459 3795 illius
1478 3740 1661 3810 utique
1689 3751 1863 3796 morte
1891 3741 2066 3796 nasci-

484 3832 611 3885 tur?
637 3832 821 3886 Potest
845 3831 1010 3886 etiam
1035 3832 1089 3885 in
1115 3831 1240 3902 igne
1259 3829 1499 3887 ﬁdelium
1522 3831 1858 3896 illuminatio,
1888 3832 1941 3886 in
1966 3847 2051 3885 va~

486 3936 618 3991 pore
645 3935 775 3975 vero
802 3918 934 3973 l'umi
959 3918 1286 3984 Judaeorum,
1313 3922 1405 3990 qui
1425 3920 1613 3977 nolunt
1638 3922 1881 3987 credere,
1906 3922 2064 3977 caeci-

486 4023 572 4066 tas
599 4009 825 4081 intelligi
850 4027 863 4063 :
893 4009 1036 4064 unde
1060 4017 1114 4063 et
1135 4009 1308 4080 legem
1335 4011 1561 4066 daturus
1587 4012 1847 4067 Dominus
1868 4013 1921 4066 in
1946 4013 2069 4082 igne

490 4104 744 4171 fumoque
783 4100 1081 4166 descendit,
1132 4101 1258 4170 quia
1292 4110 1345 4155 et
1385 4101 1613 4157 humiles
1638 4118 1736 4173 per
1766 4104 2066 4159 claritatem

491 4210 602 4252 sum
626 4194 952 4251 ostensionis
983 4193 1268 4257 illuminat,
1297 4204 1351 4249 et
1381 4196 1731 4265 superborum
1762 4196 1945 4251 oculus
1972 4211 2070 4267 per

491 4289 774 4361 caliginem
799 4286 1001 4342 erroris
1027 4286 1302 4340 obscurat.
1336 4284 1428 4339 S‘ol
1468 4297 1790 4340 convertetur
1832 4288 1885 4341 in
1924 4298 2068 4342 tene-

488 4380 629 4444 bras,
658 4388 705 4432 et
734 4378 860 4431 luna
889 4377 943 4431 in
971 4378 1296 4447 sanguinem.
1336 4376 1447 4431 Hoc
1482 4376 1536 4430 in
1574 4378 1785 4433 Domini
1818 4379 2068 4448 passione

2167 3195 2246 3249 xit
2274 3211 2287 3248 :

2238 3287 2363 3344 Non
2392 3290 2515 3361 quia
2549 3286 2770 3343 Patrem
2806 3288 2931 3343 vidit
2952 3289 3250 3359 quisquam,
3292 3288 3392 3342 nisi
3415 3289 3459 3342 is
3501 3288 3594 3359 qui
3619 3298 3695 3342 est
3728 3304 3763 3340 a

2170 3380 2276 3436 Deo
2295 3422 2310 3447 ,
2337 3381 2419 3434 hic
2442 3380 2567 3435 vidit
2596 3379 2807 3434 Patrem
2841 3394 2857 3431 :
2889 3379 3052 3434 nolite
3080 3388 3273 3449 putare
3293 3377 3508 3433 Patrem
3536 3392 3659 3433 esse
3683 3379 3764 3431 vi-

2169 3472 2379 3528 sibilem
2407 3473 2588 3527 vobis:
2617 3471 2905 3527 nemovidit
2928 3468 3161 3536 Patrem,
3188 3472 3288 3526 nisi
3301 3472 3345 3525 is
3361 3471 3448 3542 qui
3468 3480 3543 3524 est
3567 3488 3599 3524 a
3624 3470 3760 3532 Deo,

2165 3565 2250 3618 hic
2279 3564 2407 3618 vidit
2432 3562 2668 3617 Patrem.
2694 3563 2804 3633 Ego
2827 3578 2946 3617 sum
2970 3579 3000 3616 a
3021 3563 3198 3628 Patre,
3222 3572 3275 3618 et
3292 3563 3411 3617 ideo
3431 3561 3651 3617 Patrem
3679 3564 3763 3615 vi-

2167 3655 2299 3722 deo;
2320 3655 2447 3725 quid
2465 3663 2548 3709 est
2560 3662 2740 3709 autem
2762 3671 2850 3708 vos
2868 3655 3007 3708 trahi
3025 3673 3057 3708 a
3072 3650 3359 3723 Patremisi
3380 3655 3592 3709 discere
3610 3668 3643 3707 a
3656 3652 3764 3708 Pa-

2168 3755 2285 3802 tre:
2308 3745 2436 3815 quid
2455 3754 2540 3800 est
2563 3745 2772 3800 discere
2792 3760 2821 3798 a
2837 3743 3024 3807 Patre,
3053 3745 3155 3798 nisi
3182 3745 3368 3798 audire
3388 3742 3631 3809 Patrem,
3652 3745 3761 3799 nisi

2169 3836 2355 3892 audire
2369 3836 2604 3891 Verbum
2627 3835 2840 3890 Patris?
2871 3834 2924 3888 id
2945 3846 3050 3899 est,
3071 3849 3177 3889 me.
3209 3833 3288 3890 Ne
3315 3833 3453 3889 forte
3480 3849 3614 3904 ergo
3634 3849 3759 3889 cum

2170 3927 2292 3983 dico
2320 3926 2474 3981 vobis
2511 3927 2679 3980 omnis
2703 3927 2793 3996 qui
2812 3925 2961 3979 audit
2980 3943 3011 3979 a
3040 3924 3201 3980 Patre
3230 3936 3276 3980 et
3305 3926 3508 3990 didicit,
3545 3926 3763 3981 dicatur

2171 4019 2311 4087 apud
2342 4033 2456 4081 vos,
2501 4017 2593 4072 sed
2624 4032 2896 4086 nunquam
2927 4017 3159 4071 vidimus
3188 4016 3448 4071 Patrem?
3486 4019 3762 4087 quomodo

2171 4119 2351 4162 autem
2372 4109 2576 4163 discere
2594 4108 2863 4178 potuimus
2884 4123 2911 4160 a
2931 4106 3127 4161 Patre?
3142 4126 3172 4160 a
3197 4108 3400 4176 meipso
3423 4107 3624 4170 audite,
3654 4124 3759 4162 non

2170 4201 2293 4270 quia
2322 4196 2532 4253 Patrem
2563 4199 2686 4253 vidit
2722 4200 3017 4269 quisquam,
3039 4197 3128 4252 sed
3151 4198 3239 4270 qui
3269 4208 3341 4252 est
3364 4217 3396 4251 a
3418 4196 3547 4262 Deo,
3570 4199 3657 4253 hic
3680 4202 3758 4251 vi-

2171 4288 2247 4341 dit
2269 4286 2506 4352 Putrem,
2533 4305 2625 4358 ego
2654 4289 2773 4342 novi
2802 4288 3031 4354 Patrem,
3055 4290 3118 4342 ab
3150 4288 3238 4342 illa
3268 4306 3474 4354 sumus,
3497 4291 3592 4345 sed
3619 4307 3758 4360 quo-

2172 4379 2333 4434 modo
2361 4381 2578 4433 verbum
2608 4381 2675 4434 ab
2700 4380 2789 4434 illo
2814 4378 2967 4448 cujus
2989 4389 3071 4433 est
3099 4380 3320 4433 verbum
3353 4395 3458 4434 non
3489 4380 3637 4449 quod
3666 4397 3755 4435 so-

488 4474 681 4540 partim
706 4469 1138 4540 l‘actum,partim
1165 4478 1290 4523 ante
1314 4471 1451 4524 diem
1478 4470 1689 4524 Domini
1716 4487 1984 4541 magnum,
2012 4472 2063 4526 id
2099 4449 2145 4505 ί)
2171 4481 2263 4524 nat
2290 4480 2344 4525 et
2376 4471 2592 4535 transit,
2615 4471 2707 4525 sed
2729 4472 2870 4540 quod
2899 4480 3081 4525 manet
3105 4486 3228 4526 cum
3259 4471 3470 4526 dicente
3504 4481 3558 4526 et
3591 4474 3760 4528 trahit

488 4571 592 4623 est,
628 4561 815 4631 jmlicii
860 4560 1100 4615 futurum
1129 4561 1387 4617 creditur.
1421 4561 1571 4616 Tunc
1607 4562 1748 4616 enim
1797 4563 1875 4616 sol
1918 4563 2067 4617 obte-

490 4651 746 4705 nebratns
778 4659 881 4705 est.
925 4650 1033 4706 Sed
1088 4651 1213 4705 luna
1250 4652 1302 4705 in
1348 4652 1661 4723 sanguinem
1700 4668 1856 4707 versa
1894 4653 2069 4722 palam

492 4741 798 4795 hominibus
822 4756 1087 4811 apparere
1112 4758 1216 4795 non
1244 4746 1416 4811 potuit
1438 4779 1456 4806 ,
1482 4759 1600 4812 quae
1635 4753 1762 4798 tunc
1786 4752 1989 4815 utpote
2017 4745 2069 4798 in

493 4830 699 4885 Pascha
728 4845 795 4884 xv
829 4832 1069 4885 existens
1103 4832 1369 4886 interdum
1402 4832 1577 4887 fuerat
1608 4833 1916 4888 mortalium
1943 4834 2069 4887 vi'si-

494 4926 593 4979 bus
615 4924 825 4993 objectu
852 4923 1055 4979 telluris
1076 4925 1308 4979 occulta.
1338 4925 1403 4979 Et
1425 4927 1548 4990 erit,
1571 4928 1750 4982 omnis
1770 4927 2077 4996 quicunque

493 5017 824 5071 invocaverit
847 5032 1039 5071 nomen
1070 5017 1301 5082 Domini,
1321 5017 1502 5072 salvus
1523 5019 1627 5073 erit
1649 5036 1661 5071 :
1687 5019 1790 5073 hoc
1809 5027 1911 5081 est,
1933 5018 2075 5086 quod

495 5107 621 5163 alibi
665 5108 858 5162 Petrus
888 5107 984 5171 ait,
1028 5108 1151 5177 quia
1193 5124 1295 5161 non
1334 5119 1407 5161 est
1451 5124 1793 5178 personarum
1839 5115 2078 5177 acceptor

494 5200 654 5262 Deus,
687 5199 778 5253 sed
807 5199 862 5253 in
896 5198 1035 5252 omni
1057 5209 1224 5270 gente,
1252 5200 1341 5270 qui
1370 5200 1512 5252 timet
1542 5200 1727 5262 Deum,
1759 5208 1804 5252 et
1831 5207 2076 5267 operatur

488 5290 769 5364 justitiam,
795 5298 1034 5359 acceptus
1062 5299 1137 5343 est
1177 5288 1277 5342 illi.
1323 5288 1518 5344 Beatus
1558 5289 1666 5354 ille,
1704 5289 1793 5357 qui
1842 5290 1893 5341 in
1925 5297 2070 5343 recta

494 5380 599 5436 ﬂde
627 5389 677 5435 et
723 5378 879 5434 bonis
906 5378 1160 5449 operibus
1203 5379 1383 5433 studet
1430 5379 1480 5432 in
1515 5378 1769 5447 pnesenti
1798 5378 1908 5431 vita
1957 5378 2072 5432 dies

494 5489 623 5529 suos
651 5473 827 5538 linire,
865 5472 988 5542 quia
1016 5486 1114 5543 pro
1138 5470 1283 5525 omni
1312 5470 1492 5525 labore
1524 5486 1622 5525 suo
1650 5470 1944 5525 merebitnr
1970 5468 2073 5525 Do—

495 5566 641 5619 mino
662 5564 992 5620 rctribueute
1036 5564 1088 5616 in
1118 5561 1298 5617 futura
1327 5562 1434 5616 vita
1466 5577 1588 5616 cum
1627 5561 1829 5616 sanctis
1870 5558 2076 5628 angelis

497 5658 705 5726 plenam
729 5656 1031 5714 uicrcedcm
1062 5666 1111 5711 et
1137 5656 1357 5726 gloriam
1384 5658 1659 5726 percipere
1688 5654 2072 5724 sempiternam

2172 4561 2497 4615 audientem.

2245 4653 2428 4717 Amen,
2460 4669 2609 4705 amen
2635 4652 2749 4704 dico
2789 4652 2930 4706 vobis
2960 4666 2977 4703 :
3004 4655 3093 4721 qui
3121 4653 3281 4707 credit
3317 4656 3368 4707 in
3394 4670 3476 4708 me
3502 4655 3654 4709 habet
3681 4659 3757 4710 vi-

2173 4752 2281 4796 tam
2302 4753 2568 4796 a‘tcrnam.
2597 4742 2854 4796 Revelare
2877 4759 2933 4797 se
2955 4744 3120 4797 noluit
3144 4744 3273 4813 quid
3284 4754 3445 4810 esset,
3463 4761 3589 4799 nam
3613 4761 3760 4801 com-

2177 4834 2370 4903 pendio
2395 4834 2573 4888 dicere
2605 4835 2794 4905 potuit,
2824 4838 2912 4905 qui
2943 4836 3102 4890 credit
3130 4839 3181 4890 in
3208 4854 3287 4891 me
3313 4839 3462 4892 habet
3490 4852 3575 4891 me
3599 4851 3618 4889 .'
3647 4841 3760 4909 ipse

2181 4924 2323 4979 enim
2347 4924 2595 4981 Christus
2622 4942 2780 4980 verus
2804 4926 2966 4992 Deus,
2993 4938 3048 4981 et
3070 4930 3176 4982 vita
3200 4938 3401 4984 mterna
3426 4948 3439 4983 :
3466 4932 3559 5001 qui
3588 4933 3763 4987 credit

2179 5027 2305 5083 ergo
2335 5015 2388 5067 in
2419 5031 2504 5068 me
2549 5015 2590 5069 it
2623 5016 2691 5069 ad
2730 5032 2843 5079 me,
2876 5027 2930 5071 et
2977 5020 3067 5087 qui
3099 5018 3140 5071 it
3177 5019 3245 5072 ad
3285 5034 3389 5085 me,
3437 5021 3605 5076 habet
3651 5039 3765 5077 me.

2179 5106 2316 5169 Quid
2339 5115 2420 5158 est
2447 5115 2624 5158 autem
2668 5106 2864 5160 habeze
2895 5124 2979 5160 me
3000 5110 3027 5160 ἲ
3050 5109 3250 5162 habere
3279 5110 3442 5164 vitam
3470 5123 3757 5166 mteruam.

2179 5193 2402 5249 Mortem
2433 5197 2725 5266 assumpsit
2753 5197 2859 5250 vita
2890 5208 3113 5261 :eterna,
3150 5200 3282 5252 mori
3314 5200 3481 5253 voluit
3511 5215 3526 5252 :
3566 5201 3666 5256 sed
3696 5202 3763 5256 de

2179 5296 2293 5351 tuo,
2321 5303 2353 5343 o
2381 5289 2561 5355 homo,
2588 5306 2691 5343 non
2718 5291 2785 5344 de
2812 5307 2938 5354 suo;
2967 5292 3174 5362 accepit
3198 5309 3227 5345 a
3259 5303 3310 5347 te
3338 5293 3427 5347 ubi
3458 5307 3767 5353 moreretur

2178 5396 2276 5450 pro
2319 5391 2388 5435 te.
2433 5383 2736 5455 Assumpsit
2765 5400 2894 5455 ergo
2919 5386 3027 5439 vita
3071 5395 3318 5451 mortem,
3354 5396 3413 5441 ut
3452 5387 3566 5442 vita
3613 5392 3763 5444 occi-

2180 5472 2332 5527 deret
2368 5486 2617 5530 mortem.
2654 5475 2784 5530 Nam
2826 5477 2916 5546 qui
2940 5479 3124 5541 credit,
3158 5478 3359 5547 inquit,
3403 5478 3557 5531 habet
3602 5495 3763 5533 vitam

2181 5573 2454 5631 (uernam,
2487 5582 2590 5619 non
2623 5567 2765 5635 quod
2795 5575 2943 5636 patet
2970 5567 3060 5622 sed
3091 5569 3233 5637 quod
3266 5568 3396 5622 latet
3427 5587 3438 5621 :
3474 5569 3583 5622 vita
3617 5571 3764 5623 enim

2182 5665 2380 5709 veterna
2396 5656 2628 5712 Verbum
2661 5659 2711 5712 iu
2737 5659 3001 5729 principio
3026 5669 3143 5714 crat
3165 5661 3302 5731 apud
3332 5662 3523 5725 Deum,
3545 5669 3605 5715 et
3626 5661 3773 5716 Deus
