3962 6180
264 234 368 291 ξΰῖ)

1344 243 1655 302 HOMILLE
1696 245 1763 301 IN
1794 244 2050 302 EVANG.
2092 247 2181 302 ET
2217 248 2428 307 EPIST.

3400 261 3531 318 ε’ἷῦ

249 370 373 418 erat
391 358 654 426 Verbum,
675 367 735 415 et
760 368 882 415 erat
905 360 997 414 lux
1026 359 1132 414 vita
1160 360 1436 417 hominum
1464 381 1478 418 ε
1511 364 1650 418 mori
1675 363 1841 429 venit,
1874 366 1920 424 Α
1948 362 2151 419 Christi
2192 380 2298 420 non
2328 367 2479 433 vivit,
2528 368 2631 424 nisi
2664 386 2863 442 corpus
2890 353 3139 441 Christit
3158 376 3408 446 quisquis
3450 382 3529 434 vi-

249 450 345 508 sed
372 451 534 507 tertia
560 450 651 505 die
678 451 996 507 resurrexit.

1951 469 2077 511 vere
2099 455 2226 519 vult,
2259 458 2447 512 credat
2472 458 2524 513 in
2554 459 2831 517 Christum
2857 482 2870 517 ;
2899 465 3192 521 manducet
3212 467 3533 538 spiritaliter

324 539 436 610 Ego
472 556 614 605 sum,
658 540 858 609 inquit,
899 540 1051 609 panis
1096 540 1233 606 vitw,
1281 551 1337 595 et
1378 542 1520 599 unde
1565 545 1844 613 snperbie—
1947 546 2246 616 spiritalem
2284 549 2489 615 cibum,
2530 552 2905 622 incorporetur
2943 570 3173 628 corpore
3219 557 3429 617 Christi
3472 570 3529 617 et

246 630 403 687 bant.

316 719 535 787 Patres,
555 722 752 792 inquit,
778 723 931 777 vestri
951 722 1398 778 manducaverunt
1420 741 1614 779 manna
1635 735 1684 780 et
1703 743 1844 782 mor-

1945 652 2053 691 non
2079 639 2149 693 sit
2173 640 2446 708 putridum
2470 644 2770 699 membrum
2796 646 2939 713 quod
2969 650 3205 705 resecari
3230 661 3521 708 mereatur.

1945 726 2029 784 Sit
2053 729 2360 799 pulchrum,
2386 733 2456 787 sit
2475 750 2689 799 sanum,
2706 736 2778 790 sit
2803 744 2985 806 aptum
3007 739 3170 809 capiti
3191 756 3291 796 suo
3310 741 3526 799 Christo

244 812 325 867 tui
350 822 502 866 sunt.
530 812 713 880 Quare
738 814 1199 868 manducaverunt
1221 822 1276 868 et
1304 816 1501 869 mortui
1533 826 1659 871 sunt
1683 820 1841 887 :quia
1942 818 2193 874 videlicet
2242 820 2469 876 Domino
2504 833 2716 889 nostro,
2761 828 2852 894 qui
2881 843 3007 882 cum
3033 828 3194 885 Patre
3221 840 3278 886 et
3320 831 3523 903 Spiritu

244 902 389 974 quod
421 904 684 959 videbant
703 906 1018 972 erebebant,
1045 907 1188 974 quod
1220 922 1327 961 non
1348 909 1604 964 videbant
1634 926 1739 965 non
1767 912 1841 965 in-

1940 917 2131 963 sancto
2158 909 2290 963 vivit
2320 920 2373 964 et
2400 919 2592 982 regnat
2621 913 2762 969 Deus
2801 930 2901 984 per
2928 919 3111 972 omnia
3131 920 3325 975 saecula
3355 937 3526 976 smon-

248 995 585 1067 telligebant.
644 996 771 1050 ideo
814 1006 997 1067 patres
1043 997 1243 1062 vestri,
1296 999 1422 1067 quia
1464 999 1669 1055 similes
1706 1003 1838 1059 estis
1937 998 2137 1053 lorum.
2164 998 2360 1056 Amen.

246 1088 485 1153 illomm,
522 1088 1007 1154 manducaverunt,
1040 1088 1250 1158 Moyses
1285 1098 1342 1143 et
1367 1089 1547 1146 Aaron
1574 1101 1629 1145 et
1655 1092 1837 1147 caueri
1864 1120 1871 1127 —

244 1179 419 1234 sancti
467 1179 564 1248 qui
606 1177 826 1233 fuerunt
856 1179 909 1233 in
950 1179 1164 1249 populo,
1215 1195 1434 1245 manna,
1483 1190 1538 1236 et
1573 1197 1681 1237 non
1711 1191 1838 1237 sunt

242 1270 443 1325 mortui
496 1271 633 1339 :qui
664 1271 981 1338 Spiritaliter
1019 1272 1282 1327 visibilem
1323 1273 1505 1328 cibum
1552 1273 1833 1329 intellexe-

241 1372 388 1426 runt,
431 1361 756 1432 spiritaliter
797 1361 1120 1416 esurierunt.
1150 1362 1254 1416 Alii
1295 1379 1426 1420 vero
1470 1365 1832 1421 manducave—

239 1460 363 1505 runt
412 1462 472 1507 et
516 1461 938 1521 permanserunt
981 1453 1034 1507 in
1089 1453 1428 1519 inﬁdelitate,
1482 1455 1620 1510 sicut
1663 1456 1832 1513 Judaei

236 1544 533 1598 audierunt
570 1543 881 1613 loquentem
921 1544 1216 1609 Christum,
1248 1547 1343 1602 sed
1372 1562 1477 1602 non
1517 1549 1832 1618 spiritaliter

237 1634 395 1688 verba
436 1633 563 1701 ejus
613 1634 1010 1690 intellexerunt.
1048 1634 1173 1690 Ideo
1204 1637 1341 1691 dixit
1363 1638 1442 1693 eis
1470 1654 1484 1693 τ
1514 1639 1702 1694 Patres
1748 1658 1830 1695 ve-

230 1726 323 1778 stri
348 1726 818 1780 manducaverunt
841 1743 1035 1780 manna
1061 1728 1115 1779 in
1140 1727 1343 1783 deserto
1380 1740 1428 1783 et
1457 1733 1649 1784 mortui
1672 1742 1792 1785 sunt
1808 1748 1828 1796 ;
1860 1710 1905 1768 Β

230 1831 332 1885 qua
363 1825 551 1870 morte
598 1835 611 1867 :
649 1815 752 1870 nisi
787 1815 1139 1871 inﬁdelitatis.
1173 1816 1307 1872 Nam
1342 1820 1612 1874 communi
1655 1832 1831 1876 morte

232 1909 431 1961 mortui
483 1915 615 1961 sunt
644 1915 699 1961 et
739 1906 911 1961 sancti
950 1907 1041 1975 qni
1086 1906 1302 1962 fuerunt
1340 1909 1481 1964 inter
1513 1925 1606 1964 eos
1650 1927 1663 1963 :
1708 1910 1831 1965 ideo

230 2000 465 2069 signavit
500 2000 766 2055 Dominus
799 2000 883 2056 bis
907 2000 1085 2055 verbis
1107 2010 1338 2056 mortem
1379 2002 1698 2071 spiritalem,
1721 2020 1829 2059 non

226 2091 509 2145 carnalem
538 2109 550 2142 :
582 2098 769 2159 patres
806 2106 936 2161 ergo
972 2091 1225 2156 istorum,
1254 2091 1308 2146 id
1342 2102 1426 2147 est
1481 2093 1607 2147 mali
1646 2102 1829 2161 patres

230 2182 523 2245 malorum,
556 2180 802 2237 inﬁdeles
829 2189 1014 2251 patres
1054 2181 1373 2247 inﬁdelium,
1397 2194 1828 2241 murmuratores

228 2283 411 2344 patres
443 2281 933 2328 murmuratorum.
952 2272 1090 2327 Nam
1112 2273 1179 2328 de
1203 2273 1349 2327 nulla
1378 2288 1438 2327 re
1458 2274 1630 2345 magis
1658 2274 1826 2330 Deum

226 2363 528 2421 offendisse
548 2365 641 2421 ille
664 2365 897 2437 populus
921 2366 1096 2422 dictus
1115 2378 1235 2432 est,
1262 2381 1424 2437 quam
1449 2376 1637 2422 contra
1659 2367 1827 2423 Deum

231 2457 632 2512 murmurando
658 2475 672 2511 :
695 2457 818 2511 ideo
842 2465 899 2511 et
930 2455 1189 2511 Dominus
1215 2457 1400 2512 volens
1428 2459 1715 2513 ostendere
1747 2468 1830 2514 ta-

210 2547 361 2611 .liutu
391 2548 542 2603 ﬁlios
584 2549 718 2603 hinc
760 2549 829 2603 ad
867 2563 961 2603 eos
985 2548 1170 2618 etrapit,
1199 2547 1340 2613 Quid
1386 2551 1733 2604 murnturatis
1772 2551 1827 2604 in

225 2642 474 2704 inricem,
522 2649 941 2694 murmuratores
979 2638 1079 2708 ﬁlii
1124 2649 1573 2692 murmuratorum
1599 2653 1618 2690 :
1651 2650 1827 2709 patres

224 2732 386 2784 πεζή
444 2746 642 2784 manna
696 2730 1171 2794 manducauerit)",
1207 2739 1254 2784 et
1288 2733 1482 2785 mortui
1526 2743 1670 2787 sunt.
1708 2733 1826 2788 Non

221 2824 360 2893 quia
387 2823 596 2878 malum
618 2834 738 2877 erat
767 2838 989 2889 manna,
1017 2822 1114 2878 sed
1141 2821 1263 2892 quia
1295 2822 1434 2879 male
1470 2824 1826 2880 manducave-

223 2925 381 2970 ωηι.

296 3007 405 3062 Hic
426 3018 507 3063 est
533 3009 687 3079 panis
716 3010 805 3079 qui
849 3009 915 3064 de
938 3009 1064 3065 creto
1107 3010 1390 3065 descendit.
1431 3009 1590 3065 Hune
1629 3025 1821 3081 panem

222 3102 556 3173 signiﬁcavit
585 3119 804 3168 manna,
827 3104 971 3158 hunc
994 3117 1189 3174 panem
1212 3103 1479 3173 signiﬁcat
1506 3103 1675 3159 altare
1700 3104 1814 3159 Dei.

224 3194 589 3249 Sacramenta
643 3193 735 3247 illa
784 3192 1002 3248 fuerunt
1054 3194 1109 3249 in
1151 3194 1320 3265 signis
1361 3194 1600 3259 diversa,
1659 3195 1712 3248 in
1762 3210 1819 3249 re

222 3299 352 3352 quae
376 3283 722 3354 signiﬁcatur
745 3285 896 3355 paria
924 3292 1051 3339 sunt
1079 3304 1094 3339 :
1120 3284 1437 3356 Apostolum
1464 3285 1589 3339 audi
1625 3304 1638 3338 :
1678 3283 1817 3338 Nolo

220 3376 362 3428 enim
389 3392 503 3440 eos,
531 3375 733 3445 inquit,
757 3376 1024 3446 ignorare,
1054 3376 1269 3446 fratres,
1295 3377 1420 3448 quia
1450 3387 1624 3448 patres
1655 3376 1818 3431 nostri

222 3484 403 3522 omnes
416 3467 514 3522 sub
532 3469 668 3523 nube
688 3469 921 3538 fuerunt,
943 3480 989 3524 et
1007 3487 1184 3525 omnes
1196 3488 1290 3542 per
1309 3487 1453 3524 mare
1473 3472 1816 3532 transierunt,

222 3568 273 3611 et
294 3574 478 3613 omnes
500 3560 561 3611 in
589 3556 770 3628 Moyse
805 3558 1055 3628 baptisati
1079 3571 1199 3614 sunt
1231 3561 1284 3614 in
1314 3564 1448 3615 nube
1471 3569 1519 3614 et
1560 3561 1614 3614 in
1661 3560 1814 3625 mari,

216 3661 272 3703 et
298 3666 481 3704 omnes
500 3666 678 3704 escam
695 3649 986 3721 spiritalem
1010 3652 1454 3706 manducaverunt
1484 3668 1501 3705 :
1524 3651 1818 3720 spiritalem

224 3742 414 3810 utique
441 3756 551 3795 non
576 3739 934 3809 corporalem.
953 3741 1192 3796 Alteram
1217 3742 1343 3811 quia
1371 3742 1447 3796 illi
1474 3758 1692 3807 manna,
1719 3757 1818 3797 nos

221 3832 388 3888 aliud.
425 3832 741 3901 Spiritalem
774 3848 926 3898 vero,
953 3848 1115 3902 quam
1147 3844 1286 3888 nes:
1321 3834 1414 3888 sed
1439 3842 1623 3904 patres
1650 3834 1817 3889 nostri

219 3940 332 3978 non
370 3933 557 3993 patres
600 3924 837 3990 illorum,
880 3925 1076 3994 quibus
1116 3940 1214 3979 nos
1248 3924 1452 3979 similes
1485 3940 1673 3979 sumus
1712 3940 1817 3978 non

216 4016 421 4085 quibus
446 4015 528 4069 illi
560 4014 766 4069 similes
791 4016 1023 4070 fuerunt.
1058 4013 1163 4069 llic
1187 4024 1261 4069 est
1285 4031 1417 4086 ergo
1436 4017 1588 4084 panis
1609 4016 1673 4069 de
1691 4015 1817 4069 caelo

214 4105 571 4169 descendens,
602 4115 657 4158 ut
685 4106 734 4158 si
761 4105 877 4175 quis
898 4122 967 4159 ex
984 4105 1099 4176 ipso
1132 4106 1532 4160 manducauerit
1563 4122 1668 4159 non
1708 4122 1818 4158 nta-

218 4199 414 4251 riatur.
458 4196 568 4251 Sed
592 4197 738 4267 quod
781 4198 1018 4266 pertinet
1045 4197 1112 4251 ad
1158 4198 1415 4252 virtutem
1455 4197 1813 4262 Saeramenti,

218 4290 468 4360 nunquid
486 4289 727 4359 pertinet
751 4290 820 4343 ad
848 4289 1055 4345 visibile
1084 4288 1493 4345 Sacramentum
1516 4310 1529 4344 :
1554 4292 1644 4361 qui
1671 4308 1817 4347 man-

2494 1093 2777 1151 ilOMlLIA
2809 1098 2969 1154 LXV.

2608 1203 2765 1244 ΡΕΗΙΑ
2793 1207 2844 1245 ν.

2195 1330 2208 1347 l
2292 1274 2475 1333 Lectio
2507 1277 2737 1334 Actuum
2776 1283 3162 1352 apostolorum.

2008 1383 2074 1437 In
2103 1384 2285 1440 diebus
2324 1386 2449 1452 illis,
2486 1388 2781 1461 Philippus,
2814 1397 3127 1451 descendens
3170 1398 3226 1452 in
3260 1400 3518 1455 civitatem

1935 1470 2215 1541 Samaria,
2245 1477 2562 1544 pra'dicabat
2591 1480 2698 1534 illis
2727 1479 3015 1549 Christum,
3038 1494 3144 1541 etc.
3297 1534 3307 1541 .

2004 1562 2134 1618 Post
2174 1566 2480 1634 passionem
2522 1568 2783 1641 Stephani
2811 1578 3243 1649 protomartyris,
3283 1590 3343 1635 ut
3381 1581 3518 1639 liber

1933 1656 2166 1713 Actuum
2213 1662 2579 1729 apostolorum
2627 1671 2876 1730 testatur,
2929 1668 3074 1736 facta
3119 1680 3195 1724 est
3228 1678 3516 1741 persecutio

1932 1763 2125 1817 magna
2156 1749 2211 1802 in
2243 1749 2477 1805 Ecclesia
2513 1769 2629 1823 qua:
2672 1766 2784 1809 erat
2831 1754 3213 1829 Hierosolymis
3248 1771 3300 1815 et
3340 1779 3516 1818 omnes

1930 1836 2157 1906 dispersi
2182 1850 2308 1895 sunt
2331 1858 2424 1911 per
2452 1845 2685 1913 regiones
2708 1846 2915 1903 Iudicia
2938 1859 2988 1903 et
3033 1848 3291 1907 Samariw
3329 1865 3519 1924 prater

1929 1928 2192 1994 apostolos
2225 1945 2243 1982 :
2290 1931 2430 1986 unde
2471 1942 2525 1986 ct
2555 1932 2836 2004 Philippus
2862 1952 3005 1992 unus
3036 1939 3104 1993 de
3141 1949 3347 2010 septem
3391 1944 3517 1998 Bia-

1928 2018 2156 2073 conibus
2194 2029 2254 2074 ut
2285 2036 2530 2093 praesens
2566 2023 2727 2079 lectio
2757 2036 3168 2093 commemorat,
3204 2033 3517 2089 descendens

1927 2108 1985 2162 in
2011 2110 2274 2164 civitatein
2300 2110 2560 2168 Samaria:
2590 2116 2913 2184 pradicabat
2940 2118 3048 2173 illis
3081 2117 3371 2178 Christum.

2000 2197 2348 2256 lntendebant
2378 2212 2552 2258 autem
2583 2207 2751 2260 turba:
2777 2207 2860 2262 Itis
2887 2225 3006 2280 qua:
3032 2226 3065 2263 a
3097 2209 3343 2284 Philippo
3370 2214 3515 2271 dicr-

1929 2288 2143 2343 banrur.
2175 2288 2510 2348 Unanimiter
2534 2296 2809 2353 audientes
2831 2300 3042 2354 uerbum
3070 2300 3189 2370 Dei,
3211 2316 3263 2358 et
3290 2305 3516 2362 videntes

1925 2379 2079 2448 signa
2106 2397 2225 2450 qua:
2251 2382 2495 2452 faciebat.
2533 2385 2817 2443 Beneﬁciis
2844 2391 3033 2460 gratiae
3059 2392 3298 2450 caelestis
3326 2408 3516 2464 provo-

1927 2471 2034 2524 cati
2070 2482 2197 2526 sunt
2222 2473 2291 2528 ad
2316 2474 2702 2542 perﬁciendam
2731 2478 2891 2534 ﬁdem
2920 2482 3153 2539 Domini.

2000 2560 2163 2616 Multi
2176 2564 2313 2617 enim
2332 2566 2423 2635 qui
2435 2566 2693 2622 habebant
2713 2571 2931 2639 spiritus
2944 2572 3267 2641 immundos,
3284 2575 3515 2633 claman~

1928 2662 2004 2708 tes
2049 2671 2170 2710 voce
2203 2673 2394 2727 magna
2439 2659 2689 2727 exibant;
2733 2662 2885 2716 multi
2925 2674 3099 2720 autem
3144 2667 3426 2739 paralytici
3463 2682 3512 2723 rt

1924 2742 2110 2799 claudi
2139 2747 2315 2800 curati
2343 2758 2488 2801 sunt.
2517 2747 2680 2804 Juxta
2711 2751 2840 2807 illud
2871 2754 3047 2809 sancti
3080 2755 3359 2826 Evangelii
3388 2773 3516 2814 nar-

1926 2844 2013 2890 rat
2039 2837 2286 2903 historia,
2312 2839 2451 2908 quod
2482 2844 2779 2897 convocatis
2804 2844 2964 2901 Iesus
2988 2846 3263 2902 duodecim
3288 2848 3517 2921 discipu-

1927 2925 1992 2980 lis
2029 2926 2230 2980 dederit
2267 2925 2376 2981 illis
2406 2928 2647 2984 uirtutem
2693 2942 2742 2985 et
2782 2943 3090 3003 potestatem
3136 2952 3294 3007 super
3339 2939 3516 2992 omnia

1922 3016 2211 3083 daemonia,
2236 3028 2293 3071 ut
2319 3027 2375 3072 ct
2400 3017 2679 3091 languores
2705 3034 2968 3090 curarent,
2997 3038 3045 3079 et
3074 3027 3219 3081 misit
3241 3026 3358 3081 illos
3380 3042 3516 3096 pric-

1923 3109 2102 3164 dicare
2157 3126 2373 3180 regnum
2415 3110 2513 3166 Dei
2562 3122 2611 3167 et
2655 3129 2848 3169 sanare
2893 3116 3155 3186 infirmos.
3205 3116 3299 3192 Illi
3334 3127 3515 3173 autem

1919 3203 2119 3272 egressi
2150 3203 2448 3258 circuibant
2474 3204 2690 3259 castella
2731 3208 3151 3279 evangelisantes
3188 3218 3237 3264 et
3269 3221 3514 3266 curantes

1923 3291 2131 3363 ubique.
2168 3292 2324 3360 Quod
2362 3295 2526 3349 etiam
2557 3294 2697 3351 liber
2732 3296 2965 3352 Actuum
3001 3301 3370 3369 apostolorum
3399 3317 3515 3355 ma-

1923 3383 2119 3441 nifeste
2150 3394 2336 3441 narrat
2374 3388 2724 3458 completum,
2771 3407 2891 3445 cum
2926 3392 3115 3446 uirtute
3144 3410 3337 3465 magna
3375 3396 3515 3466 Apo-

1921 3477 2043 3532 stoli
2065 3478 2416 3532 testimonium
2439 3479 2722 3534 reddebant
2748 3483 3143 3538 resurrectionis
3164 3483 3293 3539 Jesu
3315 3482 3513 3539 Christi

1921 3567 2135 3622 Domini
2164 3570 2349 3633 nostri,
2379 3578 2427 3621 et
2457 3570 2632 3639 gratia
2668 3586 2860 3641 magna
2888 3581 3004 3626 erat
3033 3573 3090 3626 in
3115 3573 3353 3628 omnibus
3380 3574 3509 3629 illis.

1922 3659 2075 3715 Unde
2100 3660 2264 3715 etiam
2295 3660 2494 3731 legitur
2522 3661 2612 3716 hic
2638 3662 2782 3730 quod
2806 3662 2872 3718 de
2902 3663 3198 3728 miraculis,
3231 3678 3356 3732 qua:
3381 3662 3511 3719 fecit

1920 3750 2199 3821 Philippus
2227 3751 2279 3804 in
2310 3750 2576 3811 Samaria,
2604 3766 2858 3821 magnum
2883 3760 3030 3805 esset
3057 3752 3310 3821 gaudium
3338 3752 3393 3806 in
3420 3753 3508 3807 illa

1919 3843 2159 3903 civitate,
2190 3841 2447 3909 quoniam
2478 3840 2536 3894 hi
2571 3841 2664 3908 qui
2695 3856 2821 3895 vere
2867 3842 3214 3897 crediderunt
3260 3843 3313 3897 in
3352 3842 3511 3899 Chri»

1920 3944 2062 3989 stum
2093 3934 2273 3986 anima
2298 3941 2352 3987 et
2384 3945 2612 4000 corpore
2643 3932 2816 3986 sanati
2844 3940 2971 3986 sunt
2995 3946 3014 3985 :
3034 3931 3114 3986 illi
3138 3947 3270 3988 vero
3295 3934 3387 4003 qui
3411 3949 3509 4004 per

1919 4024 2320 4082 simulationem
2351 4038 2411 4078 se
2439 4021 2712 4077 ﬁnxerunt
2737 4023 2985 4088 credere,
3028 4032 3083 4077 et
3112 4024 3318 4094 perﬁdo
3345 4026 3509 4080 corde

1919 4118 2092 4186 magis
2133 4115 2348 4170 diabolo
2381 4129 2542 4184 quam
2591 4113 2810 4169 Christo
2839 4114 3045 4168 servire
3071 4113 3367 4183 elegerant,
3409 4129 3507 4169 ne—

1918 4208 2103 4278 quitia:
2130 4223 2242 4262 suae
2264 4208 2467 4278 justam
2498 4207 2909 4261 retributionem
2946 4216 3319 4276 perceperunt.
3353 4206 3508 4263 Unde

1919 4300 2009 4354 hic
2033 4308 2430 4368 consequenter
2457 4298 2655 4369 legitur
2678 4296 2825 4366 quod
2854 4296 3042 4351 Simon
3073 4297 3164 4366 qui
3185 4306 3308 4351 ante
3331 4296 3504 4365 fuerat

216 4381 381 4435 ducat
407 4380 580 4445 intus,
616 4396 723 4435 non
761 4378 913 4447 foris,
956 4382 1051 4452 qui
1080 4382 1371 4437 manducat
1401 4381 1455 4436 in
1478 4382 1664 4446 corde,
1709 4398 1814 4437 non
1841 4407 1895 4467 Β
1918 4391 1976 4443 in
2012 4390 2217 4445 civitate
2251 4404 2457 4459 magus,
2480 4388 2730 4443 seducens
2769 4396 2971 4456 gentem
3011 4383 3292 4450 Samaria,
3324 4386 3505 4443 dicens

218 4470 316 4541 qui
344 4472 713 4539 prtemittente
744 4489 759 4524 :

292 4560 409 4631 Ego
439 4577 560 4613 sum
596 4560 751 4630 panis
784 4561 949 4626 vivus,
986 4562 1075 4632 qui
1110 4562 1174 4617 de
1199 4560 1326 4616 ctelo
1362 4560 1652 4617 descendi:
1694 4562 1817 4617 ideo

215 4651 397 4716 vivus,
426 4652 557 4721 quia
599 4652 667 4706 de
690 4651 829 4707 cu‘lo
864 4653 1143 4708 descendit
1162 4663 1219 4708 et
1246 4669 1468 4719 manna,
1493 4654 1587 4709 sed
1621 4669 1816 4709 manna

213 4745 409 4799 umbra
435 4753 579 4809 erat,
610 4746 713 4798 iste
737 4744 942 4799 veritas
971 4753 1075 4800 est.

288 4833 491 4905 Siquis
511 4834 908 4890 manducauerit
923 4854 989 4891 ex
1012 4837 1110 4891 hoc
1128 4854 1281 4908 pane,
1310 4838 1438 4892 vivet
1457 4839 1513 4893 in
1537 4848 1814 4903 (uernum;

210 4934 265 4979 et
283 4924 438 4994 panis
458 4942 617 4996 quem
648 4942 742 4996 ego
764 4927 901 4981 dabo
935 4944 1058 4983 caro
1086 4944 1201 4983 mea
1239 4938 1314 4983 est
1348 4946 1445 4999 pro
1471 4929 1656 4983 mundi
1686 4929 1811 4984 vita.

206 5016 331 5074 Hoc
354 5018 578 5087 quando
624 5029 843 5089 caperet
880 5036 1028 5087 caro,
1068 5021 1212 5091 quod
1237 5022 1393 5088 dixit,
1435 5036 1653 5092 panem,
1689 5037 1814 5077 car-

210 5128 361 5179 nem,
386 5123 621 5169 vocatur
650 5130 780 5169 caro
798 5116 941 5186 quod
967 5130 1072 5170 non
1096 5117 1244 5185 capit
1268 5131 1434 5171 caro:
1460 5124 1514 5170 et
1541 5116 1664 5170 ideo
1690 5131 1811 5169 ma-

206 5207 297 5273 gis
342 5222 448 5259 non
495 5206 649 5276 capit
681 5221 811 5260 caro
848 5206 972 5275 quia
1010 5216 1240 5262 vocatur
1285 5223 1414 5263 caro
1452 5222 1467 5260 :
1514 5208 1617 5262 hoc
1665 5206 1809 5261 enim

207 5299 642 5363 exhorruerunt,
679 5298 784 5353 hoc
819 5299 1190 5353 assimulatum
1225 5314 1346 5354 esse
1372 5299 1655 5361 dixerunt,
1704 5299 1808 5353 hoc

208 5404 507 5458 nonposse
554 5387 677 5441 ﬁeri
720 5396 1067 5456 putaverunt.
1117 5386 1255 5441 Caro
1299 5405 1436 5454 mea,
1484 5387 1679 5458 inquit,
1731 5397 1809 5441 est

204 5497 305 5549 pro
344 5480 538 5534 mundi
566 5480 697 5533 vita.
739 5478 1018 5534 Noverunt
1053 5478 1241 5535 ﬁdeles
1270 5495 1466 5549 corpus
1505 5478 1730 5543 Christi,
1762 5478 1807 5533 si

205 5587 405 5640 corpus
428 5571 640 5627 Christi
661 5584 786 5625 esse
809 5585 916 5625 non
945 5571 1240 5642 negligant,
1268 5572 1405 5626 ﬁunt
1430 5587 1625 5641 corpus
1657 5569 1814 5625 Chri-

200 5662 281 5717 sti
329 5665 375 5720 si
412 5662 614 5718 volunt
653 5676 839 5717 γινοιό
883 5663 950 5716 de
995 5663 1186 5733 spiritu
1230 5665 1458 5731 Christi;
1506 5664 1573 5719 dc
1617 5663 1806 5733 spiritu

1918 4497 1973 4535 se
2007 4496 2118 4534 esse
2151 4479 2378 4549 aliquem
2406 4494 2676 4548 magnum,
2709 4476 2836 4530 licet
2860 4476 3165 4544 baptizatus
3201 4491 3231 4528 a
3255 4474 3507 4550 Philippo

1920 4568 2128 4632 fuisset,
2156 4576 2335 4622 tamen
2381 4565 2740 4621 simulationis
2768 4579 2880 4618 sua:
2906 4573 2963 4619 et
2987 4565 3292 4634 hypocrisis
3332 4570 3508 4623 vindi-

1915 4668 2062 4714 ctam
2094 4674 2200 4713 non
2228 4657 2418 4712 evasit.
2444 4656 2700 4711 Devictus
2725 4669 2856 4724 ergo
2886 4654 3028 4708 beati
3058 4655 3295 4727 Philippi
3325 4660 3458 4715 vcrb
3480 4678 3508 4717 s

1916 4760 1972 4804 et
1995 4750 2194 4803 virtute
2226 4746 2497 4802 veraciter
2517 4760 2577 4800 se
2604 4745 2825 4800 credere
2851 4747 3209 4816 quoadusque
3237 4752 3505 4820 baptisma

1916 4841 2216 4910 susciperet
2250 4839 2543 4895 simulavit.
2591 4838 2661 4894 Ut
2696 4839 2967 4910 quomodo
3004 4839 3182 4897 laudis
3229 4853 3349 4898 erat
3392 4848 3509 4901 avi-

1916 4932 2192 4996 dissimus,
2222 4931 2298 4985 ita
2354 4941 2415 4986 ut
2449 4929 2726 4985 Christum
2754 4945 2816 4987 se
2842 4931 2992 4986 credi
3017 4930 3202 5001 vellet,
3240 4936 3383 4992 sicut
3424 4939 3508 4993 hi-

1915 5024 2098 5079 storiae
2116 5032 2359 5085 narrant,
2390 5030 2536 5078 artes
2560 5023 2631 5077 ab
2657 5036 2724 5077 eo
2759 5023 2957 5092 quibus
2995 5026 3261 5081 miracula
3303 5027 3508 5085 faceret

1910 5115 2198 5179 edisceret,
2221 5115 2363 5184 quod
2377 5112 2491 5183 jam
2512 5128 2854 5169 successores
2872 5112 2994 5182 ejus
3010 5114 3503 5189 fecisseidocentur,

1910 5207 2005 5275 qui
2038 5207 2276 5262 auctoris
2301 5207 2382 5261 sui
2403 5205 2653 5277 malignis
2672 5206 2879 5261 artibus
2908 5208 3169 5274 instituti,
3204 5210 3504 5267 Ecclesiam

1912 5298 2101 5354 fraude
2121 5299 2358 5368 qualibet
2377 5298 2602 5368 ingressi
2624 5298 2889 5367 baptisma
2903 5301 3072 5355 furari
3085 5310 3500 5357 consueverunt.

1904 5388 2046 5443 Cum
2073 5397 2254 5443 autem
2274 5404 2372 5459 per
2390 5389 2607 5444 Petrum
2629 5399 2684 5443 et
2702 5388 2970 5446 Joannem
2992 5393 3083 5461 qui
3113 5392 3263 5447 missi
3287 5392 3505 5448 fuerunt

1912 5480 1969 5534 in
1997 5479 2299 5534 Samariam
2325 5481 2603 5551 imponere
2621 5480 2971 5538 credentibus
2995 5498 3187 5537 manus
3211 5492 3271 5536 ut
3293 5483 3502 5552 accipe-

1910 5579 2033 5625 rent
2049 5570 2307 5639 Spiritum
2337 5579 2604 5635 sanctum,
2625 5570 2777 5625 multi
2804 5572 3147 5627 credentium
3168 5573 3365 5626 donum
3381 5571 3501 5642 Spi-

1911 5664 2049 5718 ritus
2088 5664 2258 5717 sancti
2293 5678 2350 5718 se
2380 5664 2689 5733 percepisse
2733 5663 3044 5719 manifestis
3073 5661 3291 5721 indiciis
3319 5674 3502 5719 osten-
