  <div class='ocr_page' id='page_1' title='image "/cluster/home/n/w/nwhite01/storage/ocr_20150623/110/hvd.32044054759758/142.png"; bbox 0 0 3962 6180; ppageno 0'>
   <div class='ocr_carea' id='block_1_1' title="bbox 223 373 317 427">
    <p class='ocr_par' dir='ltr' id='par_1_1' title="bbox 223 373 317 427">
     <span class='ocr_line' id='line_1_1' title="bbox 223 373 317 427; baseline -0.011 0"><span class='ocrx_word' id='word_1_1' title='bbox 223 373 317 427; x_wconf 71' lang='lat'><strong>273</strong></span> 
     </span>
    </p>
   </div>
   <div class='ocr_carea' id='block_1_2' title="bbox 1289 376 2383 435">
    <p class='ocr_par' dir='ltr' id='par_1_2' title="bbox 1289 376 2383 435">
     <span class='ocr_line' id='line_1_2' title="bbox 1289 376 2383 435; baseline 0 -3"><span class='ocrx_word' id='word_1_2' title='bbox 1289 378 1594 435; x_wconf 62' lang='lat' dir='ltr'><strong>lfOilllelﬂ</strong></span> <span class='ocrx_word' id='word_1_3' title='bbox 1638 381 1700 434; x_wconf 64' lang='lat' dir='ltr'><strong>IN</strong></span> <span class='ocrx_word' id='word_1_4' title='bbox 1744 377 1996 434; x_wconf 65' lang='lat' dir='ltr'><strong>EVANG.</strong></span> <span class='ocrx_word' id='word_1_5' title='bbox 2043 379 2130 433; x_wconf 80' lang='grc' dir='ltr'><strong>ΕΤ</strong></span> <span class='ocrx_word' id='word_1_6' title='bbox 2170 376 2383 433; x_wconf 76' lang='lat' dir='ltr'><strong>LPIST.</strong></span> 
     </span>
    </p>
   </div>
   <div class='ocr_carea' id='block_1_3' title="bbox 3384 383 3497 439">
    <p class='ocr_par' dir='ltr' id='par_1_3' title="bbox 3384 383 3497 439">
     <span class='ocr_line' id='line_1_3' title="bbox 3384 383 3497 439; baseline 0.044 -4"><span class='ocrx_word' id='word_1_7' title='bbox 3384 383 3497 439; x_wconf 58' lang='lat'><strong>275</strong></span> 
     </span>
    </p>
   </div>
   <div class='ocr_carea' id='block_1_4' title="bbox 224 482 3484 562">
    <p class='ocr_par' dir='ltr' id='par_1_4' title="bbox 224 482 3484 562">
     <span class='ocr_line' id='line_1_4' title="bbox 224 482 3484 562; baseline 0.002 -21"><span class='ocrx_word' id='word_1_8' title='bbox 224 496 274 541; x_wconf 88' lang='lat' dir='ltr'><strong>ut</strong></span> <span class='ocrx_word' id='word_1_9' title='bbox 293 486 572 558; x_wconf 83' lang='lat' dir='ltr'><strong>hospitalis</strong></span> <span class='ocrx_word' id='word_1_10' title='bbox 594 492 1014 548; x_wconf 76' lang='lat' dir='ltr'><strong>necessitudinis</strong></span> <span class='ocrx_word' id='word_1_11' title='bbox 1031 492 1154 561; x_wconf 92' lang='lat' dir='ltr'><strong>jura</strong></span> <span class='ocrx_word' id='word_1_12' title='bbox 1183 497 1521 562; x_wconf 91' lang='lat' dir='ltr'><strong>custodiant,</strong></span> <span class='ocrx_word' id='word_1_13' title='bbox 1562 482 1797 551; x_wconf 84' lang='lat' dir='ltr'><strong>alienum</strong></span> <span class='ocrx_word' id='word_1_14' title='bbox 1825 499 1876 555; x_wconf 76' lang='grc' dir='ltr'><strong>Α</strong></span> <span class='ocrx_word' id='word_1_15' title='bbox 1904 493 2110 558; x_wconf 85' lang='lat' dir='ltr'><strong>batum,</strong></span> <span class='ocrx_word' id='word_1_16' title='bbox 2145 492 2323 547; x_wconf 90' lang='lat' dir='ltr'><strong>virum</strong></span> <span class='ocrx_word' id='word_1_17' title='bbox 2341 492 2544 561; x_wconf 87' lang='lat' dir='ltr'><strong>justum</strong></span> <span class='ocrx_word' id='word_1_18' title='bbox 2565 534 2579 557; x_wconf 92' lang='lat'><strong>,</strong></span> <span class='ocrx_word' id='word_1_19' title='bbox 2608 494 2781 547; x_wconf 87' lang='lat' dir='ltr'><strong>virum</strong></span> <span class='ocrx_word' id='word_1_20' title='bbox 2812 510 2843 547; x_wconf 89' lang='lat' dir='ltr'><strong>a</strong></span> <span class='ocrx_word' id='word_1_21' title='bbox 2873 494 3102 551; x_wconf 79' lang='lat' dir='ltr'><strong>mortuis</strong></span> <span class='ocrx_word' id='word_1_22' title='bbox 3136 493 3484 561; x_wconf 65' lang='lat' dir='ltr'><strong>suscitaturus;</strong></span> 
     </span>
    </p>
   </div>
   <div class='ocr_carea' id='block_1_5' title="bbox 220 578 1800 660">
    <p class='ocr_par' dir='ltr' id='par_1_5' title="bbox 220 578 1800 660">
     <span class='ocr_line' id='line_1_5' title="bbox 220 578 1800 660; baseline 0.008 -28"><span class='ocrx_word' id='word_1_23' title='bbox 220 595 246 633; x_wconf 91' lang='lat' dir='ltr'><strong>a</strong></span> <span class='ocrx_word' id='word_1_24' title='bbox 268 578 620 649; x_wconf 66' lang='lat' dir='ltr'><strong>praedicatore</strong></span> <span class='ocrx_word' id='word_1_25' title='bbox 660 582 812 652; x_wconf 82' lang='lat' dir='ltr'><strong>regni</strong></span> <span class='ocrx_word' id='word_1_26' title='bbox 841 583 1078 640; x_wconf 66' lang='lat' dir='ltr'><strong>caalestis</strong></span> <span class='ocrx_word' id='word_1_27' title='bbox 1112 594 1361 643; x_wconf 80' lang='lat' dir='ltr'><strong>astruens</strong></span> <span class='ocrx_word' id='word_1_28' title='bbox 1399 590 1664 644; x_wconf 85' lang='lat' dir='ltr'><strong>cursitare</strong></span> <span class='ocrx_word' id='word_1_29' title='bbox 1700 605 1800 660; x_wconf 86' lang='lat' dir='ltr'><strong>per</strong></span> 
     </span>
    </p>
   </div>
   <div class='ocr_carea' id='block_1_6' title="bbox 220 670 1797 745">
    <p class='ocr_par' dir='ltr' id='par_1_6' title="bbox 220 670 1797 745">
     <span class='ocr_line' id='line_1_6' title="bbox 220 670 1797 745; baseline 0.008 -21"><span class='ocrx_word' id='word_1_30' title='bbox 220 670 395 725; x_wconf 84' lang='lat' dir='ltr'><strong>domos</strong></span> <span class='ocrx_word' id='word_1_31' title='bbox 438 679 495 725; x_wconf 91' lang='lat' dir='ltr'><strong>et</strong></span> <span class='ocrx_word' id='word_1_32' title='bbox 547 671 876 727; x_wconf 78' lang='lat' dir='ltr'><strong>inviolabilis</strong></span> <span class='ocrx_word' id='word_1_33' title='bbox 922 674 1135 745; x_wconf 74' lang='lat' dir='ltr'><strong>hospitii</strong></span> <span class='ocrx_word' id='word_1_34' title='bbox 1179 676 1303 745; x_wconf 84' lang='lat' dir='ltr'><strong>jura</strong></span> <span class='ocrx_word' id='word_1_35' title='bbox 1368 679 1620 734; x_wconf 85' lang='lat' dir='ltr'><strong>multare.</strong></span> <span class='ocrx_word' id='word_1_36' title='bbox 1687 680 1797 737; x_wconf 83' lang='lat' dir='ltr'><strong>Nec</strong></span> 
     </span>
    </p>
   </div>
   <div class='ocr_carea' id='block_1_7' title="bbox 217 761 1798 842">
    <p class='ocr_par' dir='ltr' id='par_1_7' title="bbox 217 761 1798 842">
     <span class='ocr_line' id='line_1_7' title="bbox 217 761 1798 842; baseline 0.006 -25"><span class='ocrx_word' id='word_1_37' title='bbox 217 761 375 817; x_wconf 86' lang='lat' dir='ltr'><strong>otiose</strong></span> <span class='ocrx_word' id='word_1_38' title='bbox 406 764 709 818; x_wconf 87' lang='lat' dir='ltr'><strong>secundum</strong></span> <span class='ocrx_word' id='word_1_39' title='bbox 742 763 1048 821; x_wconf 75' lang='lat' dir='ltr'><strong>Mattbzeum</strong></span> <span class='ocrx_word' id='word_1_40' title='bbox 1084 769 1277 824; x_wconf 90' lang='lat' dir='ltr'><strong>domus</strong></span> <span class='ocrx_word' id='word_1_41' title='bbox 1303 784 1466 839; x_wconf 88' lang='lat' dir='ltr'><strong>quam</strong></span> <span class='ocrx_word' id='word_1_42' title='bbox 1492 771 1798 842; x_wconf 87' lang='lat' dir='ltr'><strong>ingredian-</strong></span> 
     </span>
    </p>
   </div>
   <div class='ocr_carea' id='block_1_8' title="bbox 220 852 1796 931">
    <p class='ocr_par' dir='ltr' id='par_1_8' title="bbox 220 852 1796 931">
     <span class='ocr_line' id='line_1_8' title="bbox 220 852 1796 931; baseline 0.005 -24"><span class='ocrx_word' id='word_1_43' title='bbox 220 860 295 907; x_wconf 87' lang='lat' dir='ltr'><strong>tur</strong></span> <span class='ocrx_word' id='word_1_44' title='bbox 331 852 569 921; x_wconf 80' lang='lat' dir='ltr'><strong>apostoli</strong></span> <span class='ocrx_word' id='word_1_45' title='bbox 594 853 840 923; x_wconf 83' lang='lat' dir='ltr'><strong>eligenda</strong></span> <span class='ocrx_word' id='word_1_46' title='bbox 869 855 1198 921; x_wconf 85' lang='lat' dir='ltr'><strong>decernitur,</strong></span> <span class='ocrx_word' id='word_1_47' title='bbox 1223 866 1283 912; x_wconf 92' lang='lat' dir='ltr'><strong>ut</strong></span> <span class='ocrx_word' id='word_1_48' title='bbox 1312 861 1554 915; x_wconf 86' lang='lat' dir='ltr'><strong>mutandi</strong></span> <span class='ocrx_word' id='word_1_49' title='bbox 1576 861 1796 931; x_wconf 86' lang='lat' dir='ltr'><strong>hospitii</strong></span> 
     </span>
    </p>
   </div>
   <div class='ocr_carea' id='block_1_9' title="bbox 220 942 1795 1020">
    <p class='ocr_par' dir='ltr' id='par_1_9' title="bbox 220 942 1795 1020">
     <span class='ocr_line' id='line_1_9' title="bbox 220 942 1795 1020; baseline 0.006 -24"><span class='ocrx_word' id='word_1_50' title='bbox 220 942 737 1012; x_wconf 66' lang='lat' dir='ltr'><strong>msitudinisque</strong></span> <span class='ocrx_word' id='word_1_51' title='bbox 774 945 1035 1001; x_wconf 73' lang='lat' dir='ltr'><strong>violandae</strong></span> <span class='ocrx_word' id='word_1_52' title='bbox 1082 962 1247 1002; x_wconf 83' lang='lat' dir='ltr'><strong>causa</strong></span> <span class='ocrx_word' id='word_1_53' title='bbox 1286 964 1391 1004; x_wconf 84' lang='lat' dir='ltr'><strong>non</strong></span> <span class='ocrx_word' id='word_1_54' title='bbox 1420 960 1691 1020; x_wconf 85' lang='lat' dir='ltr'><strong>suppetat.</strong></span> <span class='ocrx_word' id='word_1_55' title='bbox 1727 952 1795 1007; x_wconf 85' lang='lat' dir='ltr'><strong>Et</strong></span> 
     </span>
    </p>
   </div>
   <div class='ocr_carea' id='block_1_10' title="bbox 215 1034 1793 1107">
    <p class='ocr_par' dir='ltr' id='par_1_10' title="bbox 215 1034 1793 1107">
     <span class='ocr_line' id='line_1_10' title="bbox 215 1034 1793 1107; baseline 0.006 -24"><span class='ocrx_word' id='word_1_56' title='bbox 215 1034 498 1103; x_wconf 72' lang='lat' dir='ltr'><strong>quicunque</strong></span> <span class='ocrx_word' id='word_1_57' title='bbox 527 1049 633 1086; x_wconf 86' lang='lat' dir='ltr'><strong>non</strong></span> <span class='ocrx_word' id='word_1_58' title='bbox 663 1036 947 1104; x_wconf 77' lang='lat' dir='ltr'><strong>receperint</strong></span> <span class='ocrx_word' id='word_1_59' title='bbox 983 1047 1339 1102; x_wconf 78' lang='lat' dir='ltr'><strong>cos,c.reuntes</strong></span> <span class='ocrx_word' id='word_1_60' title='bbox 1356 1038 1420 1093; x_wconf 88' lang='lat' dir='ltr'><strong>de</strong></span> <span class='ocrx_word' id='word_1_61' title='bbox 1448 1041 1652 1095; x_wconf 80' lang='lat' dir='ltr'><strong>civitate</strong></span> <span class='ocrx_word' id='word_1_62' title='bbox 1676 1039 1793 1107; x_wconf 84' lang='lat' dir='ltr'><strong>illa,</strong></span> 
     </span>
    </p>
   </div>
   <div class='ocr_carea' id='block_1_11' title="bbox 212 1122 1794 1194">
    <p class='ocr_par' dir='ltr' id='par_1_11' title="bbox 212 1122 1794 1194">
     <span class='ocr_line' id='line_1_11' title="bbox 212 1122 1794 1194; baseline 0.006 -18"><span class='ocrx_word' id='word_1_63' title='bbox 212 1124 348 1176; x_wconf 79' lang='lat' dir='ltr'><strong>etiam</strong></span> <span class='ocrx_word' id='word_1_64' title='bbox 377 1122 651 1193; x_wconf 79' lang='lat' dir='ltr'><strong>pulverem</strong></span> <span class='ocrx_word' id='word_1_65' title='bbox 671 1125 863 1194; x_wconf 87' lang='lat' dir='ltr'><strong>pedum</strong></span> <span class='ocrx_word' id='word_1_66' title='bbox 890 1136 1176 1181; x_wconf 78' lang='lat' dir='ltr'><strong>vestrorum</strong></span> <span class='ocrx_word' id='word_1_67' title='bbox 1211 1129 1437 1184; x_wconf 73' lang='lat' dir='ltr'><strong>excutite</strong></span> <span class='ocrx_word' id='word_1_68' title='bbox 1469 1131 1526 1185; x_wconf 84' lang='lat' dir='ltr'><strong>in</strong></span> <span class='ocrx_word' id='word_1_69' title='bbox 1561 1132 1794 1185; x_wconf 80' lang='lat' dir='ltr'><strong>testimo-</strong></span> 
     </span>
    </p>
   </div>
   <div class='ocr_carea' id='block_1_12' title="bbox 213 1215 1792 1291">
    <p class='ocr_par' dir='ltr' id='par_1_12' title="bbox 213 1215 1792 1291">
     <span class='ocr_line' id='line_1_12' title="bbox 213 1215 1792 1291; baseline 0.007 -24"><span class='ocrx_word' id='word_1_70' title='bbox 213 1216 341 1268; x_wconf 73' lang='lat' dir='ltr'><strong>nium</strong></span> <span class='ocrx_word' id='word_1_71' title='bbox 377 1232 547 1286; x_wconf 81' lang='lat' dir='ltr'><strong>supra</strong></span> <span class='ocrx_word' id='word_1_72' title='bbox 574 1215 719 1270; x_wconf 82' lang='lat' dir='ltr'><strong>illos.</strong></span> <span class='ocrx_word' id='word_1_73' title='bbox 748 1216 929 1272; x_wconf 86' lang='lat' dir='ltr'><strong>Pulvis</strong></span> <span class='ocrx_word' id='word_1_74' title='bbox 955 1219 1229 1275; x_wconf 85' lang='lat' dir='ltr'><strong>excutitur</strong></span> <span class='ocrx_word' id='word_1_75' title='bbox 1254 1221 1321 1276; x_wconf 92' lang='lat' dir='ltr'><strong>de</strong></span> <span class='ocrx_word' id='word_1_76' title='bbox 1345 1221 1572 1291; x_wconf 81' lang='lat' dir='ltr'><strong>pedibus</strong></span> <span class='ocrx_word' id='word_1_77' title='bbox 1600 1223 1713 1278; x_wconf 91' lang='lat' dir='ltr'><strong>suis</strong></span> <span class='ocrx_word' id='word_1_78' title='bbox 1738 1222 1792 1278; x_wconf 89' lang='lat' dir='ltr'><strong>in</strong></span> 
     </span>
    </p>
   </div>
   <div class='ocr_carea' id='block_1_13' title="bbox 212 1304 1794 1378">
    <p class='ocr_par' dir='ltr' id='par_1_13' title="bbox 212 1304 1794 1378">
     <span class='ocr_line' id='line_1_13' title="bbox 212 1304 1794 1378; baseline 0.006 -21"><span class='ocrx_word' id='word_1_79' title='bbox 212 1304 573 1359; x_wconf 87' lang='lat' dir='ltr'><strong>testimonium</strong></span> <span class='ocrx_word' id='word_1_80' title='bbox 602 1304 805 1360; x_wconf 89' lang='lat' dir='ltr'><strong>laboris</strong></span> <span class='ocrx_word' id='word_1_81' title='bbox 838 1306 919 1360; x_wconf 90' lang='lat' dir='ltr'><strong>sui</strong></span> <span class='ocrx_word' id='word_1_82' title='bbox 956 1324 970 1359; x_wconf 90' lang='lat'><strong>:</strong></span> <span class='ocrx_word' id='word_1_83' title='bbox 1000 1308 1143 1378; x_wconf 87' lang='lat' dir='ltr'><strong>quod</strong></span> <span class='ocrx_word' id='word_1_84' title='bbox 1180 1309 1405 1378; x_wconf 83' lang='lat' dir='ltr'><strong>ingressi</strong></span> <span class='ocrx_word' id='word_1_85' title='bbox 1443 1311 1554 1367; x_wconf 89' lang='lat' dir='ltr'><strong>sint</strong></span> <span class='ocrx_word' id='word_1_86' title='bbox 1579 1312 1633 1367; x_wconf 92' lang='lat' dir='ltr'><strong>in</strong></span> <span class='ocrx_word' id='word_1_87' title='bbox 1663 1313 1794 1368; x_wconf 84' lang='lat' dir='ltr'><strong>civi-</strong></span> 
     </span>
    </p>
   </div>
   <div class='ocr_carea' id='block_1_14' title="bbox 211 1396 1791 1473">
    <p class='ocr_par' dir='ltr' id='par_1_14' title="bbox 211 1396 1791 1473">
     <span class='ocr_line' id='line_1_14' title="bbox 211 1396 1791 1473; baseline 0.008 -26"><span class='ocrx_word' id='word_1_88' title='bbox 211 1402 360 1448; x_wconf 80' lang='lat' dir='ltr'><strong>tatem</strong></span> <span class='ocrx_word' id='word_1_89' title='bbox 388 1401 450 1448; x_wconf 87' lang='lat' dir='ltr'><strong>et</strong></span> <span class='ocrx_word' id='word_1_90' title='bbox 475 1396 794 1465; x_wconf 59' lang='lat' dir='ltr'><strong>praedicatio</strong></span> <span class='ocrx_word' id='word_1_91' title='bbox 831 1398 1121 1466; x_wconf 86' lang='lat' dir='ltr'><strong>apostolica</strong></span> <span class='ocrx_word' id='word_1_92' title='bbox 1157 1401 1224 1454; x_wconf 87' lang='lat' dir='ltr'><strong>ad</strong></span> <span class='ocrx_word' id='word_1_93' title='bbox 1255 1401 1372 1456; x_wconf 91' lang='lat' dir='ltr'><strong>illos</strong></span> <span class='ocrx_word' id='word_1_94' title='bbox 1396 1418 1567 1473; x_wconf 90' lang='lat' dir='ltr'><strong>usque</strong></span> <span class='ocrx_word' id='word_1_95' title='bbox 1597 1419 1791 1473; x_wconf 84' lang='lat' dir='ltr'><strong>perve-</strong></span> 
     </span>
    </p>
   </div>
   <div class='ocr_carea' id='block_1_15' title="bbox 210 1485 1787 1565">
    <p class='ocr_par' dir='ltr' id='par_1_15' title="bbox 210 1485 1787 1565">
     <span class='ocr_line' id='line_1_15' title="bbox 210 1485 1787 1565; baseline 0.008 -26"><span class='ocrx_word' id='word_1_96' title='bbox 210 1485 356 1539; x_wconf 84' lang='lat' dir='ltr'><strong>nerit.</strong></span> <span class='ocrx_word' id='word_1_97' title='bbox 389 1485 525 1540; x_wconf 88' lang='lat' dir='ltr'><strong>Sive</strong></span> <span class='ocrx_word' id='word_1_98' title='bbox 549 1488 821 1542; x_wconf 84' lang='lat' dir='ltr'><strong>excitetur</strong></span> <span class='ocrx_word' id='word_1_99' title='bbox 845 1490 1042 1559; x_wconf 77' lang='lat' dir='ltr'><strong>pulvis,</strong></span> <span class='ocrx_word' id='word_1_100' title='bbox 1066 1499 1126 1546; x_wconf 92' lang='lat' dir='ltr'><strong>ut</strong></span> <span class='ocrx_word' id='word_1_101' title='bbox 1150 1492 1284 1548; x_wconf 85' lang='lat' dir='ltr'><strong>nihil</strong></span> <span class='ocrx_word' id='word_1_102' title='bbox 1309 1493 1378 1547; x_wconf 85' lang='lat' dir='ltr'><strong>ab</strong></span> <span class='ocrx_word' id='word_1_103' title='bbox 1395 1495 1475 1549; x_wconf 89' lang='lat' dir='ltr'><strong>eis</strong></span> <span class='ocrx_word' id='word_1_104' title='bbox 1502 1496 1787 1565; x_wconf 83' lang='lat' dir='ltr'><strong>accipiant,</strong></span> 
     </span>
    </p>
   </div>
   <div class='ocr_carea' id='block_1_16' title="bbox 209 1576 1788 1658">
    <p class='ocr_par' dir='ltr' id='par_1_16' title="bbox 209 1576 1788 1658">
     <span class='ocr_line' id='line_1_16' title="bbox 209 1576 1788 1658; baseline 0.008 -29"><span class='ocrx_word' id='word_1_105' title='bbox 209 1590 265 1629; x_wconf 89' lang='lat' dir='ltr'><strong>ne</strong></span> <span class='ocrx_word' id='word_1_106' title='bbox 294 1576 362 1631; x_wconf 88' lang='lat' dir='ltr'><strong>ad</strong></span> <span class='ocrx_word' id='word_1_107' title='bbox 398 1577 612 1632; x_wconf 81' lang='lat' dir='ltr'><strong>victum</strong></span> <span class='ocrx_word' id='word_1_108' title='bbox 651 1580 867 1648; x_wconf 88' lang='lat' dir='ltr'><strong>quidem</strong></span> <span class='ocrx_word' id='word_1_109' title='bbox 910 1582 1271 1637; x_wconf 87' lang='lat' dir='ltr'><strong>necessarium</strong></span> <span class='ocrx_word' id='word_1_110' title='bbox 1312 1585 1405 1654; x_wconf 85' lang='lat' dir='ltr'><strong>qui</strong></span> <span class='ocrx_word' id='word_1_111' title='bbox 1443 1585 1788 1658; x_wconf 82' lang='lat' dir='ltr'><strong>Evangelium</strong></span> 
     </span>
    </p>
   </div>
   <div class='ocr_carea' id='block_1_17' title="bbox 208 1670 1791 1745">
    <p class='ocr_par' dir='ltr' id='par_1_17' title="bbox 208 1670 1791 1745">
     <span class='ocr_line' id='line_1_17' title="bbox 208 1670 1791 1745; baseline 0.006 -22"><span class='ocrx_word' id='word_1_112' title='bbox 208 1678 538 1737; x_wconf 83' lang='lat' dir='ltr'><strong>spreverunt.</strong></span> <span class='ocrx_word' id='word_1_113' title='bbox 583 1670 883 1743; x_wconf 84' lang='lat' dir='ltr'><strong>Allegorice</strong></span> <span class='ocrx_word' id='word_1_114' title='bbox 922 1681 1135 1739; x_wconf 87' lang='lat' dir='ltr'><strong>autem,</strong></span> <span class='ocrx_word' id='word_1_115' title='bbox 1174 1675 1267 1745; x_wconf 87' lang='lat' dir='ltr'><strong>qui</strong></span> <span class='ocrx_word' id='word_1_116' title='bbox 1308 1677 1472 1733; x_wconf 90' lang='lat' dir='ltr'><strong>verbo</strong></span> <span class='ocrx_word' id='word_1_117' title='bbox 1517 1678 1791 1733; x_wconf 87' lang='lat' dir='ltr'><strong>humiliter</strong></span> 
     </span>
    </p>
   </div>
   <div class='ocr_carea' id='block_1_18' title="bbox 207 1758 1788 1839">
    <p class='ocr_par' dir='ltr' id='par_1_18' title="bbox 207 1758 1788 1839">
     <span class='ocr_line' id='line_1_18' title="bbox 207 1758 1788 1839; baseline 0.008 -28"><span class='ocrx_word' id='word_1_118' title='bbox 207 1758 516 1825; x_wconf 84' lang='lat' dir='ltr'><strong>intendunt,</strong></span> <span class='ocrx_word' id='word_1_119' title='bbox 549 1761 595 1815; x_wconf 87' lang='lat' dir='ltr'><strong>si</strong></span> <span class='ocrx_word' id='word_1_120' title='bbox 626 1761 895 1832; x_wconf 84' lang='lat' dir='ltr'><strong>aliquibus</strong></span> <span class='ocrx_word' id='word_1_121' title='bbox 920 1764 1262 1839; x_wconf 32' lang='lat' dir='ltr'><strong>ut‘homines</strong></span> <span class='ocrx_word' id='word_1_122' title='bbox 1291 1774 1521 1823; x_wconf 65' lang='lat' dir='ltr'><strong>terrente</strong></span> <span class='ocrx_word' id='word_1_123' title='bbox 1555 1766 1788 1824; x_wconf 86' lang='lat' dir='ltr'><strong>levitatis</strong></span> 
     </span>
    </p>
   </div>
   <div class='ocr_carea' id='block_1_19' title="bbox 1900 581 3488 650">
    <p class='ocr_par' dir='ltr' id='par_1_19' title="bbox 1900 581 3488 650">
     <span class='ocr_line' id='line_1_19' title="bbox 1900 581 3488 650; baseline 0.003 -14"><span class='ocrx_word' id='word_1_124' title='bbox 1900 596 2008 636; x_wconf 92' lang='lat' dir='ltr'><strong>non</strong></span> <span class='ocrx_word' id='word_1_125' title='bbox 2038 597 2163 637; x_wconf 90' lang='lat' dir='ltr'><strong>cum</strong></span> <span class='ocrx_word' id='word_1_126' title='bbox 2193 581 2440 647; x_wconf 62' lang='lat' dir='ltr'><strong>caeteris,</strong></span> <span class='ocrx_word' id='word_1_127' title='bbox 2469 590 2631 650; x_wconf 87' lang='lat' dir='ltr'><strong>atque</strong></span> <span class='ocrx_word' id='word_1_128' title='bbox 2662 582 2933 638; x_wconf 86' lang='lat' dir='ltr'><strong>communi</strong></span> <span class='ocrx_word' id='word_1_129' title='bbox 2968 583 3394 650; x_wconf 78' lang='lat' dir='ltr'><strong>resurrectione,</strong></span> <span class='ocrx_word' id='word_1_130' title='bbox 3434 585 3488 643; x_wconf 81' lang='lat' dir='ltr'><strong>id</strong></span> 
     </span>
    </p>
   </div>
   <div class='ocr_carea' id='block_1_20' title="bbox 1897 669 3484 743">
    <p class='ocr_par' dir='ltr' id='par_1_20' title="bbox 1897 669 3484 743">
     <span class='ocr_line' id='line_1_20' title="bbox 1897 669 3484 743; baseline 0.004 -18"><span class='ocrx_word' id='word_1_131' title='bbox 1897 678 2011 735; x_wconf 87' lang='lat' dir='ltr'><strong>est,</strong></span> <span class='ocrx_word' id='word_1_132' title='bbox 2039 671 2095 725; x_wconf 92' lang='lat' dir='ltr'><strong>in</strong></span> <span class='ocrx_word' id='word_1_133' title='bbox 2123 669 2287 727; x_wconf 83' lang='lat' dir='ltr'><strong>finem</strong></span> <span class='ocrx_word' id='word_1_134' title='bbox 2322 671 2504 726; x_wconf 62' lang='lat' dir='ltr'><strong>seculi</strong></span> <span class='ocrx_word' id='word_1_135' title='bbox 2531 671 2695 727; x_wconf 89' lang='lat' dir='ltr'><strong>dilata</strong></span> <span class='ocrx_word' id='word_1_136' title='bbox 2713 712 2728 738; x_wconf 92' lang='lat'><strong>,</strong></span> <span class='ocrx_word' id='word_1_137' title='bbox 2756 674 2851 728; x_wconf 79' lang='lat' dir='ltr'><strong>sed</strong></span> <span class='ocrx_word' id='word_1_138' title='bbox 2881 675 3039 729; x_wconf 84' lang='lat' dir='ltr'><strong>tertia</strong></span> <span class='ocrx_word' id='word_1_139' title='bbox 3071 674 3158 729; x_wconf 84' lang='lat' dir='ltr'><strong>die</strong></span> <span class='ocrx_word' id='word_1_140' title='bbox 3186 674 3484 743; x_wconf 75' lang='lat' dir='ltr'><strong>celebrata,</strong></span> 
     </span>
    </p>
   </div>
   <div class='ocr_carea' id='block_1_21' title="bbox 1896 760 3488 832">
    <p class='ocr_par' dir='ltr' id='par_1_21' title="bbox 1896 760 3488 832">
     <span class='ocr_line' id='line_1_21' title="bbox 1896 760 3488 832; baseline 0.005 -17"><span class='ocrx_word' id='word_1_141' title='bbox 1896 767 1957 815; x_wconf 87' lang='lat' dir='ltr'><strong>ut</strong></span> <span class='ocrx_word' id='word_1_142' title='bbox 2005 760 2298 831; x_wconf 79' lang='lat' dir='ltr'><strong>singularis</strong></span> <span class='ocrx_word' id='word_1_143' title='bbox 2329 768 2388 816; x_wconf 89' lang='lat' dir='ltr'><strong>et</strong></span> <span class='ocrx_word' id='word_1_144' title='bbox 2420 761 2669 832; x_wconf 77' lang='lat' dir='ltr'><strong>gloriosze</strong></span> <span class='ocrx_word' id='word_1_145' title='bbox 2698 764 3111 820; x_wconf 82' lang='lat' dir='ltr'><strong>resurrectionis</strong></span> <span class='ocrx_word' id='word_1_146' title='bbox 3139 766 3371 821; x_wconf 83' lang='lat' dir='ltr'><strong>assertio</strong></span> <span class='ocrx_word' id='word_1_147' title='bbox 3409 776 3488 823; x_wconf 81' lang='lat' dir='ltr'><strong>tc-</strong></span> 
     </span>
    </p>
   </div>
   <div class='ocr_carea' id='block_1_22' title="bbox 1897 852 3485 924">
    <p class='ocr_par' dir='ltr' id='par_1_22' title="bbox 1897 852 3485 924">
     <span class='ocr_line' id='line_1_22' title="bbox 1897 852 3485 924; baseline 0.003 -17"><span class='ocrx_word' id='word_1_148' title='bbox 1897 852 2210 907; x_wconf 89' lang='lat' dir='ltr'><strong>stimonium</strong></span> <span class='ocrx_word' id='word_1_149' title='bbox 2236 860 2454 908; x_wconf 59' lang='grc' dir='ltr'><strong>κιαι-ηε</strong></span> <span class='ocrx_word' id='word_1_150' title='bbox 2480 852 2780 911; x_wconf 78' lang='lat' dir='ltr'><strong>divinitatis</strong></span> <span class='ocrx_word' id='word_1_151' title='bbox 2806 854 3135 924; x_wconf 79' lang='lat' dir='ltr'><strong>acquireret.</strong></span> <span class='ocrx_word' id='word_1_152' title='bbox 3176 854 3311 911; x_wconf 87' lang='lat' dir='ltr'><strong>Cum</strong></span> <span class='ocrx_word' id='word_1_153' title='bbox 3339 858 3485 912; x_wconf 81' lang='lat' dir='ltr'><strong>enim</strong></span> 
     </span>
    </p>
   </div>
   <div class='ocr_carea' id='block_1_23' title="bbox 1896 942 3486 1014">
    <p class='ocr_par' dir='ltr' id='par_1_23' title="bbox 1896 942 3486 1014">
     <span class='ocr_line' id='line_1_23' title="bbox 1896 942 3486 1014; baseline 0.001 -18"><span class='ocrx_word' id='word_1_154' title='bbox 1896 949 2214 997; x_wconf 84' lang='lat' dir='ltr'><strong>caeterorum</strong></span> <span class='ocrx_word' id='word_1_155' title='bbox 2233 957 2461 1012; x_wconf 86' lang='lat' dir='ltr'><strong>corpora</strong></span> <span class='ocrx_word' id='word_1_156' title='bbox 2481 942 2814 1012; x_wconf 88' lang='lat' dir='ltr'><strong>corruptioni</strong></span> <span class='ocrx_word' id='word_1_157' title='bbox 2843 943 3096 1013; x_wconf 77' lang='lat' dir='ltr'><strong>probaret</strong></span> <span class='ocrx_word' id='word_1_158' title='bbox 3118 944 3342 999; x_wconf 81' lang='lat' dir='ltr'><strong>subesse</strong></span> <span class='ocrx_word' id='word_1_159' title='bbox 3358 954 3486 1014; x_wconf 82' lang='lat' dir='ltr'><strong>post</strong></span> 
     </span>
    </p>
   </div>
   <div class='ocr_carea' id='block_1_24' title="bbox 1897 1033 3485 1104">
    <p class='ocr_par' dir='ltr' id='par_1_24' title="bbox 1897 1033 3485 1104">
     <span class='ocr_line' id='line_1_24' title="bbox 1897 1033 3485 1104; baseline 0.003 -19"><span class='ocrx_word' id='word_1_160' title='bbox 1897 1040 2129 1089; x_wconf 87' lang='lat' dir='ltr'><strong>mortem</strong></span> <span class='ocrx_word' id='word_1_161' title='bbox 2157 1074 2171 1099; x_wconf 91' lang='lat'><strong>,</strong></span> <span class='ocrx_word' id='word_1_162' title='bbox 2211 1033 2356 1088; x_wconf 87' lang='lat' dir='ltr'><strong>hunc</strong></span> <span class='ocrx_word' id='word_1_163' title='bbox 2394 1034 2602 1104; x_wconf 85' lang='lat' dir='ltr'><strong>utique,</strong></span> <span class='ocrx_word' id='word_1_164' title='bbox 2643 1034 2711 1089; x_wconf 89' lang='lat' dir='ltr'><strong>de</strong></span> <span class='ocrx_word' id='word_1_165' title='bbox 2752 1050 2860 1104; x_wconf 92' lang='lat' dir='ltr'><strong>quo</strong></span> <span class='ocrx_word' id='word_1_166' title='bbox 2898 1034 3138 1091; x_wconf 87' lang='lat' dir='ltr'><strong>dicitur:</strong></span> <span class='ocrx_word' id='word_1_167' title='bbox 3171 1033 3296 1089; x_wconf 84' lang='lat' dir='ltr'><strong>Non</strong></span> <span class='ocrx_word' id='word_1_168' title='bbox 3332 1034 3485 1090; x_wconf 78' lang='lat' dir='ltr'><strong>dabis</strong></span> 
     </span>
    </p>
   </div>
   <div class='ocr_carea' id='block_1_25' title="bbox 1894 1124 3484 1195">
    <p class='ocr_par' dir='ltr' id='par_1_25' title="bbox 1894 1124 3484 1195">
     <span class='ocr_line' id='line_1_25' title="bbox 1894 1124 3484 1195; baseline 0.002 -19"><span class='ocrx_word' id='word_1_169' title='bbox 1894 1132 2135 1177; x_wconf 88' lang='lat' dir='ltr'><strong>sanctum</strong></span> <span class='ocrx_word' id='word_1_170' title='bbox 2180 1132 2331 1177; x_wconf 88' lang='lat' dir='ltr'><strong>tuum</strong></span> <span class='ocrx_word' id='word_1_171' title='bbox 2370 1124 2541 1178; x_wconf 77' lang='lat' dir='ltr'><strong>cidere</strong></span> <span class='ocrx_word' id='word_1_172' title='bbox 2574 1127 2991 1195; x_wconf 75' lang='lat' dir='ltr'><strong>corruptionem,</strong></span> <span class='ocrx_word' id='word_1_173' title='bbox 3031 1127 3348 1195; x_wconf 80' lang='lat' dir='ltr'><strong>comprobat</strong></span> <span class='ocrx_word' id='word_1_174' title='bbox 3386 1126 3484 1180; x_wconf 86' lang='lat' dir='ltr'><strong>hu-</strong></span> 
     </span>
    </p>
   </div>
   <div class='ocr_carea' id='block_1_26' title="bbox 1895 1215 3489 1288">
    <p class='ocr_par' dir='ltr' id='par_1_26' title="bbox 1895 1215 3489 1288">
     <span class='ocr_line' id='line_1_26' title="bbox 1895 1215 3489 1288; baseline 0.003 -19"><span class='ocrx_word' id='word_1_175' title='bbox 1895 1230 2070 1269; x_wconf 77' lang='lat' dir='ltr'><strong>mana:</strong></span> <span class='ocrx_word' id='word_1_176' title='bbox 2104 1215 2411 1287; x_wconf 78' lang='lat' dir='ltr'><strong>fragilitatis</strong></span> <span class='ocrx_word' id='word_1_177' title='bbox 2455 1226 2764 1288; x_wconf 81' lang='lat' dir='ltr'><strong>expertem,</strong></span> <span class='ocrx_word' id='word_1_178' title='bbox 2802 1218 2993 1287; x_wconf 78' lang='lat' dir='ltr'><strong>probat</strong></span> <span class='ocrx_word' id='word_1_179' title='bbox 3032 1218 3196 1274; x_wconf 75' lang='lat' dir='ltr'><strong>etiam</strong></span> <span class='ocrx_word' id='word_1_180' title='bbox 3234 1220 3489 1275; x_wconf 66' lang='lat' dir='ltr'><strong>humana:</strong></span> 
     </span>
    </p>
   </div>
   <div class='ocr_carea' id='block_1_27' title="bbox 1892 1305 3483 1380">
    <p class='ocr_par' dir='ltr' id='par_1_27' title="bbox 1892 1305 3483 1380">
     <span class='ocr_line' id='line_1_27' title="bbox 1892 1305 3483 1380; baseline 0.003 -21"><span class='ocrx_word' id='word_1_181' title='bbox 1892 1305 2220 1362; x_wconf 86' lang='lat' dir='ltr'><strong>conditionis</strong></span> <span class='ocrx_word' id='word_1_182' title='bbox 2248 1308 2442 1363; x_wconf 88' lang='lat' dir='ltr'><strong>merita</strong></span> <span class='ocrx_word' id='word_1_183' title='bbox 2468 1322 2878 1378; x_wconf 81' lang='lat' dir='ltr'><strong>supergressum</strong></span> <span class='ocrx_word' id='word_1_184' title='bbox 2904 1325 2918 1361; x_wconf 89' lang='lat'><strong>:</strong></span> <span class='ocrx_word' id='word_1_185' title='bbox 2943 1316 2999 1363; x_wconf 89' lang='lat' dir='ltr'><strong>et</strong></span> <span class='ocrx_word' id='word_1_186' title='bbox 3024 1307 3146 1362; x_wconf 86' lang='lat' dir='ltr'><strong>ideo</strong></span> <span class='ocrx_word' id='word_1_187' title='bbox 3170 1307 3281 1364; x_wconf 85' lang='lat' dir='ltr'><strong>Deo</strong></span> <span class='ocrx_word' id='word_1_188' title='bbox 3308 1308 3483 1380; x_wconf 84' lang='lat' dir='ltr'><strong>magis</strong></span> 
     </span>
    </p>
   </div>
   <div class='ocr_carea' id='block_1_28' title="bbox 1891 1396 3480 1467">
    <p class='ocr_par' dir='ltr' id='par_1_28' title="bbox 1891 1396 3480 1467">
     <span class='ocr_line' id='line_1_28' title="bbox 1891 1396 3480 1467; baseline 0.003 -18"><span class='ocrx_word' id='word_1_189' title='bbox 1891 1411 2054 1465; x_wconf 86' lang='lat' dir='ltr'><strong>quam</strong></span> <span class='ocrx_word' id='word_1_190' title='bbox 2094 1396 2403 1452; x_wconf 87' lang='lat' dir='ltr'><strong>hominibus</strong></span> <span class='ocrx_word' id='word_1_191' title='bbox 2439 1396 2857 1462; x_wconf 86' lang='lat' dir='ltr'><strong>conferendum;</strong></span> <span class='ocrx_word' id='word_1_192' title='bbox 2897 1397 3147 1467; x_wconf 84' lang='lat' dir='ltr'><strong>qualibus</strong></span> <span class='ocrx_word' id='word_1_193' title='bbox 3180 1412 3309 1452; x_wconf 87' lang='lat' dir='ltr'><strong>vero</strong></span> <span class='ocrx_word' id='word_1_194' title='bbox 3338 1399 3480 1467; x_wconf 80' lang='lat' dir='ltr'><strong>apud</strong></span> 
     </span>
    </p>
   </div>
   <div class='ocr_carea' id='block_1_29' title="bbox 1890 1487 3479 1558">
    <p class='ocr_par' dir='ltr' id='par_1_29' title="bbox 1890 1487 3479 1558">
     <span class='ocr_line' id='line_1_29' title="bbox 1890 1487 3479 1558; baseline 0.001 -17"><span class='ocrx_word' id='word_1_195' title='bbox 1890 1487 2118 1557; x_wconf 81' lang='lat' dir='ltr'><strong>gentiles</strong></span> <span class='ocrx_word' id='word_1_196' title='bbox 2152 1488 2380 1556; x_wconf 87' lang='lat' dir='ltr'><strong>apostoli</strong></span> <span class='ocrx_word' id='word_1_197' title='bbox 2417 1488 2816 1558; x_wconf 71' lang='lat' dir='ltr'><strong>prtedicationis</strong></span> <span class='ocrx_word' id='word_1_198' title='bbox 2854 1497 2927 1543; x_wconf 75' lang='lat' dir='ltr'><strong>ut:</strong></span> <span class='ocrx_word' id='word_1_199' title='bbox 2949 1495 3075 1543; x_wconf 91' lang='lat' dir='ltr'><strong>ntur</strong></span> <span class='ocrx_word' id='word_1_200' title='bbox 3112 1488 3373 1553; x_wconf 74' lang='lat' dir='ltr'><strong>exordiis,</strong></span> <span class='ocrx_word' id='word_1_201' title='bbox 3426 1489 3479 1543; x_wconf 90' lang='lat' dir='ltr'><strong>in</strong></span> 
     </span>
    </p>
   </div>
   <div class='ocr_carea' id='block_1_30' title="bbox 1889 1576 3495 1647">
    <p class='ocr_par' dir='ltr' id='par_1_30' title="bbox 1889 1576 3495 1647">
     <span class='ocr_line' id='line_1_30' title="bbox 1889 1576 3495 1647; baseline 0.001 -15"><span class='ocrx_word' id='word_1_202' title='bbox 1889 1576 2123 1632; x_wconf 89' lang='lat' dir='ltr'><strong>Cornelii</strong></span> <span class='ocrx_word' id='word_1_203' title='bbox 2153 1577 2500 1633; x_wconf 88' lang='lat' dir='ltr'><strong>Centurionis</strong></span> <span class='ocrx_word' id='word_1_204' title='bbox 2527 1578 2776 1643; x_wconf 81' lang='lat' dir='ltr'><strong>historia,</strong></span> <span class='ocrx_word' id='word_1_205' title='bbox 2798 1585 2855 1634; x_wconf 90' lang='lat' dir='ltr'><strong>et</strong></span> <span class='ocrx_word' id='word_1_206' title='bbox 2876 1579 2935 1633; x_wconf 91' lang='lat' dir='ltr'><strong>in</strong></span> <span class='ocrx_word' id='word_1_207' title='bbox 2963 1593 3214 1637; x_wconf 81' lang='lat' dir='ltr'><strong>sermone</strong></span> <span class='ocrx_word' id='word_1_208' title='bbox 3252 1578 3495 1647; x_wconf 23' lang='lat' dir='ltr'><strong>apostoli.</strong></span> 
     </span>
    </p>
   </div>
   <div class='ocr_carea' id='block_1_31' title="bbox 1888 1667 3483 1735">
    <p class='ocr_par' dir='ltr' id='par_1_31' title="bbox 1888 1667 3483 1735">
     <span class='ocr_line' id='line_1_31' title="bbox 1888 1667 3483 1735; baseline 0.001 -14"><span class='ocrx_word' id='word_1_209' title='bbox 1888 1667 2309 1733; x_wconf 84' lang='lat' dir='ltr'><strong>Pauli,Athenis</strong></span> <span class='ocrx_word' id='word_1_210' title='bbox 2337 1668 2544 1735; x_wconf 85' lang='lat' dir='ltr'><strong>habito,</strong></span> <span class='ocrx_word' id='word_1_211' title='bbox 2571 1668 2856 1725; x_wconf 88' lang='lat' dir='ltr'><strong>doceberis</strong></span> <span class='ocrx_word' id='word_1_212' title='bbox 2881 1686 2896 1723; x_wconf 90' lang='lat'><strong>:</strong></span> <span class='ocrx_word' id='word_1_213' title='bbox 2923 1667 3269 1723; x_wconf 80' lang='lat' dir='ltr'><strong>I’rovidebam</strong></span> <span class='ocrx_word' id='word_1_214' title='bbox 3297 1668 3483 1723; x_wconf 82' lang='lat' dir='ltr'><strong>Domi-</strong></span> 
     </span>
    </p>
   </div>
   <div class='ocr_carea' id='block_1_32' title="bbox 1889 1760 3482 1830">
    <p class='ocr_par' dir='ltr' id='par_1_32' title="bbox 1889 1760 3482 1830">
     <span class='ocr_line' id='line_1_32' title="bbox 1889 1760 3482 1830; baseline 0.001 -17"><span class='ocrx_word' id='word_1_215' title='bbox 1889 1774 2013 1813; x_wconf 85' lang='lat' dir='ltr'><strong>num</strong></span> <span class='ocrx_word' id='word_1_216' title='bbox 2040 1776 2219 1814; x_wconf 86' lang='lat' dir='ltr'><strong>coram</strong></span> <span class='ocrx_word' id='word_1_217' title='bbox 2250 1776 2331 1814; x_wconf 89' lang='lat' dir='ltr'><strong>me</strong></span> <span class='ocrx_word' id='word_1_218' title='bbox 2353 1776 2574 1828; x_wconf 81' lang='lat' dir='ltr'><strong>semper,</strong></span> <span class='ocrx_word' id='word_1_219' title='bbox 2598 1761 2850 1830; x_wconf 83' lang='lat' dir='ltr'><strong>quoniam</strong></span> <span class='ocrx_word' id='word_1_220' title='bbox 2880 1777 2913 1814; x_wconf 90' lang='lat' dir='ltr'><strong>a</strong></span> <span class='ocrx_word' id='word_1_221' title='bbox 2941 1760 3142 1816; x_wconf 75' lang='lat' dir='ltr'><strong>dextris</strong></span> <span class='ocrx_word' id='word_1_222' title='bbox 3161 1770 3237 1816; x_wconf 84' lang='lat' dir='ltr'><strong>est</strong></span> <span class='ocrx_word' id='word_1_223' title='bbox 3261 1760 3390 1815; x_wconf 81' lang='lat' dir='ltr'><strong>mihi</strong></span> <span class='ocrx_word' id='word_1_224' title='bbox 3416 1777 3482 1815; x_wconf 83' lang='lat' dir='ltr'><strong>uc</strong></span> 
     </span>
    </p>
   </div>
   <div class='ocr_carea' id='block_1_33' title="bbox 204 1839 3482 1928">
    <p class='ocr_par' dir='ltr' id='par_1_33' title="bbox 204 1839 3482 1928">
     <span class='ocr_line' id='line_1_33' title="bbox 204 1839 3482 1928; baseline 0.006 -28"><span class='ocrx_word' id='word_1_225' title='bbox 204 1849 356 1902; x_wconf 68' lang='lat' dir='ltr'><strong>nutris</strong></span> <span class='ocrx_word' id='word_1_226' title='bbox 385 1848 757 1904; x_wconf 86' lang='lat' dir='ltr'><strong>obscurantur</strong></span> <span class='ocrx_word' id='word_1_227' title='bbox 780 1868 877 1923; x_wconf 90' lang='lat' dir='ltr'><strong>per</strong></span> <span class='ocrx_word' id='word_1_228' title='bbox 903 1868 967 1909; x_wconf 88' lang='lat' dir='ltr'><strong>ea</strong></span> <span class='ocrx_word' id='word_1_229' title='bbox 1008 1870 1130 1909; x_wconf 85' lang='lat' dir='ltr'><strong>mox</strong></span> <span class='ocrx_word' id='word_1_230' title='bbox 1161 1871 1282 1926; x_wconf 72' lang='lat' dir='ltr'><strong>quae</strong></span> <span class='ocrx_word' id='word_1_231' title='bbox 1317 1858 1584 1928; x_wconf 86' lang='lat' dir='ltr'><strong>recipiunt</strong></span> <span class='ocrx_word' id='word_1_232' title='bbox 1613 1858 1784 1913; x_wconf 87' lang='lat' dir='ltr'><strong>Evan-</strong></span> <span class='ocrx_word' id='word_1_233' title='bbox 1817 1839 1864 1897; x_wconf 80' lang='grc' dir='ltr'><strong>Β</strong></span> <span class='ocrx_word' id='word_1_234' title='bbox 1891 1866 2241 1916; x_wconf 58' lang='lat' dir='ltr'><strong>commove“,</strong></span> <span class='ocrx_word' id='word_1_235' title='bbox 2274 1859 2331 1907; x_wconf 68' lang='lat' dir='ltr'><strong>et</strong></span> <span class='ocrx_word' id='word_1_236' title='bbox 2353 1861 2551 1909; x_wconf 65' lang='grc' dir='ltr'><strong>ϐωιεΐθ</strong></span> <span class='ocrx_word' id='word_1_237' title='bbox 2591 1870 2607 1905; x_wconf 73' lang='grc' dir='ltr'>ε</span> <span class='ocrx_word' id='word_1_238' title='bbox 2653 1851 2877 1907; x_wconf 63' lang='lat' dir='ltr'><strong>Veniet”</strong></span> <span class='ocrx_word' id='word_1_239' title='bbox 2896 1893 2911 1917; x_wconf 64' lang='grc' dir='ltr'><strong>ν</strong></span> <span class='ocrx_word' id='word_1_240' title='bbox 2950 1853 3156 1923; x_wconf 71' lang='lat' dir='ltr'><strong>inquit.</strong></span> <span class='ocrx_word' id='word_1_241' title='bbox 3192 1853 3249 1906; x_wconf 73' lang='grc' dir='ltr'><strong>ίη</strong></span> <span class='ocrx_word' id='word_1_242' title='bbox 3275 1869 3339 1906; x_wconf 66' lang='lat' dir='ltr'><strong>ea</strong></span> <span class='ocrx_word' id='word_1_243' title='bbox 3360 1868 3482 1922; x_wconf 66' lang='lat' dir='ltr'>W</span> 
     </span>
    </p>
   </div>
   <div class='ocr_carea' id='block_1_34' title="bbox 201 1939 1787 2020">
    <p class='ocr_par' dir='ltr' id='par_1_34' title="bbox 201 1939 1787 2020">
     <span class='ocr_line' id='line_1_34' title="bbox 201 1939 1787 2020; baseline 0.009 -28"><span class='ocrx_word' id='word_1_244' title='bbox 201 1939 372 2007; x_wconf 73' lang='lat' dir='ltr'><strong>gelic-e</strong></span> <span class='ocrx_word' id='word_1_245' title='bbox 415 1941 823 2010; x_wconf 64' lang='lat' dir='ltr'><strong>praedicationis</strong></span> <span class='ocrx_word' id='word_1_246' title='bbox 869 1946 1093 2016; x_wconf 83' lang='lat' dir='ltr'><strong>vestigia</strong></span> <span class='ocrx_word' id='word_1_247' title='bbox 1138 1957 1455 2020; x_wconf 86' lang='lat' dir='ltr'><strong>purgantur.</strong></span> <span class='ocrx_word' id='word_1_248' title='bbox 1504 1949 1606 2017; x_wconf 89' lang='lat' dir='ltr'><strong>Qui</strong></span> <span class='ocrx_word' id='word_1_249' title='bbox 1658 1967 1787 2008; x_wconf 90' lang='lat' dir='ltr'><strong>vero</strong></span> 
     </span>
    </p>
   </div>
   <div class='ocr_carea' id='block_1_35' title="bbox 201 2030 1783 2104">
    <p class='ocr_par' dir='ltr' id='par_1_35' title="bbox 201 2030 1783 2104">
     <span class='ocr_line' id='line_1_35' title="bbox 201 2030 1783 2104; baseline 0.008 -21"><span class='ocrx_word' id='word_1_250' title='bbox 201 2030 417 2098; x_wconf 79' lang='lat' dir='ltr'><strong>perﬁdia</strong></span> <span class='ocrx_word' id='word_1_251' title='bbox 440 2032 525 2086; x_wconf 85' lang='lat' dir='ltr'><strong>vel</strong></span> <span class='ocrx_word' id='word_1_252' title='bbox 550 2034 875 2104; x_wconf 83' lang='lat' dir='ltr'><strong>negligentia</strong></span> <span class='ocrx_word' id='word_1_253' title='bbox 899 2036 979 2090; x_wconf 87' lang='lat' dir='ltr'><strong>vel</strong></span> <span class='ocrx_word' id='word_1_254' title='bbox 999 2037 1162 2091; x_wconf 86' lang='lat' dir='ltr'><strong>etiam</strong></span> <span class='ocrx_word' id='word_1_255' title='bbox 1188 2039 1369 2094; x_wconf 91' lang='lat' dir='ltr'><strong>studio</strong></span> <span class='ocrx_word' id='word_1_256' title='bbox 1393 2049 1744 2096; x_wconf 89' lang='lat' dir='ltr'><strong>contemnunt</strong></span> <span class='ocrx_word' id='word_1_257' title='bbox 1768 2058 1783 2097; x_wconf 87' lang='lat'><strong>:</strong></span> 
     </span>
    </p>
   </div>
   <div class='ocr_carea' id='block_1_36' title="bbox 200 2122 1783 2207">
    <p class='ocr_par' dir='ltr' id='par_1_36' title="bbox 200 2122 1783 2207">
     <span class='ocr_line' id='line_1_36' title="bbox 200 2122 1783 2207; baseline 0.009 -32"><span class='ocrx_word' id='word_1_258' title='bbox 200 2122 378 2177; x_wconf 87' lang='lat' dir='ltr'><strong>horum</strong></span> <span class='ocrx_word' id='word_1_259' title='bbox 416 2124 643 2178; x_wconf 83' lang='lat' dir='ltr'><strong>vitanda</strong></span> <span class='ocrx_word' id='word_1_260' title='bbox 679 2128 1015 2194; x_wconf 86' lang='lat' dir='ltr'><strong>communio,</strong></span> <span class='ocrx_word' id='word_1_261' title='bbox 1053 2130 1303 2201; x_wconf 78' lang='lat' dir='ltr'><strong>fugienda</strong></span> <span class='ocrx_word' id='word_1_262' title='bbox 1345 2148 1616 2207; x_wconf 82' lang='lat' dir='ltr'><strong>synagoga</strong></span> <span class='ocrx_word' id='word_1_263' title='bbox 1653 2150 1783 2190; x_wconf 82' lang='lat' dir='ltr'><strong>cen-</strong></span> 
     </span>
    </p>
   </div>
   <div class='ocr_carea' id='block_1_37' title="bbox 196 2216 1784 2293">
    <p class='ocr_par' dir='ltr' id='par_1_37' title="bbox 196 2216 1784 2293">
     <span class='ocr_line' id='line_1_37' title="bbox 196 2216 1784 2293; baseline 0.01 -26"><span class='ocrx_word' id='word_1_264' title='bbox 196 2222 363 2281; x_wconf 83' lang='lat' dir='ltr'><strong>setur;</strong></span> <span class='ocrx_word' id='word_1_265' title='bbox 395 2216 785 2272; x_wconf 76' lang='lat' dir='ltr'><strong>excutiendum</strong></span> <span class='ocrx_word' id='word_1_266' title='bbox 812 2221 1006 2289; x_wconf 90' lang='lat' dir='ltr'><strong>pedum</strong></span> <span class='ocrx_word' id='word_1_267' title='bbox 1033 2221 1216 2290; x_wconf 91' lang='lat' dir='ltr'><strong>pulmo</strong></span> <span class='ocrx_word' id='word_1_268' title='bbox 1242 2240 1310 2278; x_wconf 89' lang='lat' dir='ltr'><strong>ne</strong></span> <span class='ocrx_word' id='word_1_269' title='bbox 1335 2225 1499 2293; x_wconf 80' lang='lat' dir='ltr'><strong>gestis</strong></span> <span class='ocrx_word' id='word_1_270' title='bbox 1534 2226 1784 2284; x_wconf 89' lang='lat' dir='ltr'><strong>inanibus</strong></span> 
     </span>
    </p>
   </div>
   <div class='ocr_carea' id='block_1_38' title="bbox 195 2305 1784 2388">
    <p class='ocr_par' dir='ltr' id='par_1_38' title="bbox 195 2305 1784 2388">
     <span class='ocr_line' id='line_1_38' title="bbox 195 2305 1784 2388; baseline 0.01 -31"><span class='ocrx_word' id='word_1_271' title='bbox 195 2312 245 2357; x_wconf 88' lang='lat' dir='ltr'><strong>et</strong></span> <span class='ocrx_word' id='word_1_272' title='bbox 270 2305 485 2374; x_wconf 75' lang='lat' dir='ltr'><strong>pulveri</strong></span> <span class='ocrx_word' id='word_1_273' title='bbox 518 2310 899 2378; x_wconf 87' lang='lat' dir='ltr'><strong>comparandis</strong></span> <span class='ocrx_word' id='word_1_274' title='bbox 926 2313 1122 2369; x_wconf 89' lang='lat' dir='ltr'><strong>mentis</strong></span> <span class='ocrx_word' id='word_1_275' title='bbox 1159 2325 1323 2370; x_wconf 77' lang='lat' dir='ltr'><strong>casta:</strong></span> <span class='ocrx_word' id='word_1_276' title='bbox 1359 2316 1642 2388; x_wconf 84' lang='lat' dir='ltr'><strong>vestigium</strong></span> <span class='ocrx_word' id='word_1_277' title='bbox 1668 2320 1784 2388; x_wconf 90' lang='lat' dir='ltr'><strong>pol-</strong></span> 
     </span>
    </p>
   </div>
   <div class='ocr_carea' id='block_1_39' title="bbox 195 2396 384 2452">
    <p class='ocr_par' dir='ltr' id='par_1_39' title="bbox 195 2396 384 2452">
     <span class='ocr_line' id='line_1_39' title="bbox 195 2396 384 2452; baseline 0.026 -5"><span class='ocrx_word' id='word_1_278' title='bbox 195 2396 384 2452; x_wconf 84' lang='lat' dir='ltr'><strong>luatur.</strong></span> 
     </span>
    </p>
   </div>
   <div class='ocr_carea' id='block_1_40' title="bbox 254 2486 1782 2569">
    <p class='ocr_par' dir='ltr' id='par_1_40' title="bbox 254 2486 1782 2569">
     <span class='ocr_line' id='line_1_40' title="bbox 254 2486 1782 2569; baseline 0.01 -30"><span class='ocrx_word' id='word_1_279' title='bbox 254 2486 474 2559; x_wconf 77' lang='lat' dir='ltr'><strong>Egressi</strong></span> <span class='ocrx_word' id='word_1_280' title='bbox 496 2496 674 2543; x_wconf 83' lang='lat' dir='ltr'><strong>autem</strong></span> <span class='ocrx_word' id='word_1_281' title='bbox 708 2491 997 2546; x_wconf 85' lang='lat' dir='ltr'><strong>circuibant</strong></span> <span class='ocrx_word' id='word_1_282' title='bbox 1024 2510 1115 2564; x_wconf 88' lang='lat' dir='ltr'><strong>per</strong></span> <span class='ocrx_word' id='word_1_283' title='bbox 1142 2495 1357 2550; x_wconf 75' lang='lat' dir='ltr'><strong>castella</strong></span> <span class='ocrx_word' id='word_1_284' title='bbox 1379 2538 1393 2560; x_wconf 95' lang='lat'><strong>,</strong></span> <span class='ocrx_word' id='word_1_285' title='bbox 1420 2514 1782 2569; x_wconf 76' lang='lat' dir='ltr'><strong>evangenzan-</strong></span> 
     </span>
    </p>
   </div>
   <div class='ocr_carea' id='block_1_41' title="bbox 188 2580 1781 2662">
    <p class='ocr_par' dir='ltr' id='par_1_41' title="bbox 188 2580 1781 2662">
     <span class='ocr_line' id='line_1_41' title="bbox 188 2580 1781 2662; baseline 0.013 -35"><span class='ocrx_word' id='word_1_286' title='bbox 188 2586 257 2629; x_wconf 80' lang='lat' dir='ltr'><strong>tes</strong></span> <span class='ocrx_word' id='word_1_287' title='bbox 281 2587 330 2631; x_wconf 83' lang='lat' dir='ltr'><strong>et</strong></span> <span class='ocrx_word' id='word_1_288' title='bbox 359 2590 615 2634; x_wconf 78' lang='lat' dir='ltr'><strong>curantes</strong></span> <span class='ocrx_word' id='word_1_289' title='bbox 647 2580 851 2653; x_wconf 80' lang='lat' dir='ltr'><strong>ubique.</strong></span> <span class='ocrx_word' id='word_1_290' title='bbox 885 2583 1038 2651; x_wconf 84' lang='lat' dir='ltr'><strong>Quod</strong></span> <span class='ocrx_word' id='word_1_291' title='bbox 1063 2590 1522 2660; x_wconf 81' lang='lat' dir='ltr'><strong>evangelizarent,</strong></span> <span class='ocrx_word' id='word_1_292' title='bbox 1542 2592 1623 2646; x_wconf 81' lang='lat' dir='ltr'><strong>vel</strong></span> <span class='ocrx_word' id='word_1_293' title='bbox 1649 2608 1781 2662; x_wconf 90' lang='lat' dir='ltr'><strong>quo-</strong></span> 
     </span>
    </p>
   </div>
   <div class='ocr_carea' id='block_1_42' title="bbox 188 2669 1776 2753">
    <p class='ocr_par' dir='ltr' id='par_1_42' title="bbox 188 2669 1776 2753">
     <span class='ocr_line' id='line_1_42' title="bbox 188 2669 1776 2753; baseline 0.011 -31"><span class='ocrx_word' id='word_1_294' title='bbox 188 2669 339 2723; x_wconf 86' lang='lat' dir='ltr'><strong>modo</strong></span> <span class='ocrx_word' id='word_1_295' title='bbox 391 2680 655 2725; x_wconf 85' lang='lat' dir='ltr'><strong>curarent</strong></span> <span class='ocrx_word' id='word_1_296' title='bbox 698 2674 967 2742; x_wconf 89' lang='lat' dir='ltr'><strong>apostoli,</strong></span> <span class='ocrx_word' id='word_1_297' title='bbox 1016 2676 1231 2734; x_wconf 83' lang='lat' dir='ltr'><strong>Marcus</strong></span> <span class='ocrx_word' id='word_1_298' title='bbox 1280 2683 1500 2752; x_wconf 85' lang='lat' dir='ltr'><strong>exponit</strong></span> <span class='ocrx_word' id='word_1_299' title='bbox 1547 2683 1776 2753; x_wconf 91' lang='lat' dir='ltr'><strong>plenius,</strong></span> 
     </span>
    </p>
   </div>
   <div class='ocr_carea' id='block_1_43' title="bbox 183 2760 1776 2843">
    <p class='ocr_par' dir='ltr' id='par_1_43' title="bbox 183 2760 1776 2843">
     <span class='ocr_line' id='line_1_43' title="bbox 183 2760 1776 2843; baseline 0.011 -31"><span class='ocrx_word' id='word_1_300' title='bbox 183 2760 568 2828; x_wconf 75' lang='lat' dir='ltr'><strong>prtedicabant,</strong></span> <span class='ocrx_word' id='word_1_301' title='bbox 602 2762 808 2833; x_wconf 84' lang='lat' dir='ltr'><strong>inquit,</strong></span> <span class='ocrx_word' id='word_1_302' title='bbox 837 2775 894 2819; x_wconf 87' lang='lat' dir='ltr'><strong>ut</strong></span> <span class='ocrx_word' id='word_1_303' title='bbox 926 2768 1282 2837; x_wconf 64' lang='lat' dir='ltr'><strong>paenitentiam</strong></span> <span class='ocrx_word' id='word_1_304' title='bbox 1311 2784 1523 2843; x_wconf 84' lang='lat' dir='ltr'><strong>agerent</strong></span> <span class='ocrx_word' id='word_1_305' title='bbox 1553 2791 1570 2827; x_wconf 90' lang='lat'><strong><em>:</em></strong></span> <span class='ocrx_word' id='word_1_306' title='bbox 1597 2783 1644 2828; x_wconf 87' lang='lat' dir='ltr'><strong>et</strong></span> <span class='ocrx_word' id='word_1_307' title='bbox 1676 2791 1776 2828; x_wconf 89' lang='lat' dir='ltr'><strong>un-</strong></span> 
     </span>
    </p>
   </div>
   <div class='ocr_carea' id='block_1_44' title="bbox 184 2850 1779 2927">
    <p class='ocr_par' dir='ltr' id='par_1_44' title="bbox 184 2850 1779 2927">
     <span class='ocr_line' id='line_1_44' title="bbox 184 2850 1779 2927; baseline 0.01 -22"><span class='ocrx_word' id='word_1_308' title='bbox 184 2850 363 2920; x_wconf 72' lang='lat' dir='ltr'><strong>gebam</strong></span> <span class='ocrx_word' id='word_1_309' title='bbox 399 2852 518 2906; x_wconf 83' lang='lat' dir='ltr'><strong>oleo</strong></span> <span class='ocrx_word' id='word_1_310' title='bbox 558 2854 751 2909; x_wconf 85' lang='lat' dir='ltr'><strong>multos</strong></span> <span class='ocrx_word' id='word_1_311' title='bbox 787 2867 1010 2927; x_wconf 64' lang='lat' dir='ltr'><strong>a’grotos</strong></span> <span class='ocrx_word' id='word_1_312' title='bbox 1045 2868 1093 2913; x_wconf 91' lang='lat' dir='ltr'><strong>et</strong></span> <span class='ocrx_word' id='word_1_313' title='bbox 1120 2861 1399 2917; x_wconf 86' lang='lat' dir='ltr'><strong>sanabant.</strong></span> <span class='ocrx_word' id='word_1_314' title='bbox 1433 2864 1570 2918; x_wconf 90' lang='lat' dir='ltr'><strong>Dicit</strong></span> <span class='ocrx_word' id='word_1_315' title='bbox 1604 2873 1658 2920; x_wconf 90' lang='lat' dir='ltr'><strong>et</strong></span> <span class='ocrx_word' id='word_1_316' title='bbox 1688 2863 1779 2920; x_wconf 61' lang='grc' dir='ltr'><strong>ἔα·</strong></span> 
     </span>
    </p>
   </div>
   <div class='ocr_carea' id='block_1_45' title="bbox 181 2947 1776 3030">
    <p class='ocr_par' dir='ltr' id='par_1_45' title="bbox 181 2947 1776 3030">
     <span class='ocr_line' id='line_1_45' title="bbox 181 2947 1776 3030; baseline 0.008 -28"><span class='ocrx_word' id='word_1_317' title='bbox 181 2947 345 3003; x_wconf 81' lang='lat' dir='ltr'><strong>cubas</strong></span> <span class='ocrx_word' id='word_1_318' title='bbox 371 2966 387 3001; x_wconf 90' lang='lat'>:</span> <span class='ocrx_word' id='word_1_319' title='bbox 421 2947 743 3019; x_wconf 77' lang='lat' dir='ltr'><strong>lnﬁrmatur</strong></span> <span class='ocrx_word' id='word_1_320' title='bbox 774 2953 889 3024; x_wconf 87' lang='lat' dir='ltr'><strong>quis</strong></span> <span class='ocrx_word' id='word_1_321' title='bbox 916 2953 971 3007; x_wconf 89' lang='lat' dir='ltr'><strong>in</strong></span> <span class='ocrx_word' id='word_1_322' title='bbox 1000 2955 1169 3021; x_wconf 86' lang='lat' dir='ltr'><strong>nobis,</strong></span> <span class='ocrx_word' id='word_1_323' title='bbox 1206 2956 1423 3011; x_wconf 83' lang='lat' dir='ltr'><strong>inducat</strong></span> <span class='ocrx_word' id='word_1_324' title='bbox 1452 2959 1776 3030; x_wconf 81' lang='lat' dir='ltr'><strong>presbyteros</strong></span> 
     </span>
    </p>
   </div>
   <div class='ocr_carea' id='block_1_46' title="bbox 183 3034 1776 3117">
    <p class='ocr_par' dir='ltr' id='par_1_46' title="bbox 183 3034 1776 3117">
     <span class='ocr_line' id='line_1_46' title="bbox 183 3034 1776 3117; baseline 0.011 -29"><span class='ocrx_word' id='word_1_325' title='bbox 183 3034 435 3092; x_wconf 64' lang='lat' dir='ltr'><strong>Ecclesia:</strong></span> <span class='ocrx_word' id='word_1_326' title='bbox 452 3080 467 3102; x_wconf 94' lang='lat'><strong>,</strong></span> <span class='ocrx_word' id='word_1_327' title='bbox 500 3049 551 3093; x_wconf 89' lang='lat' dir='ltr'><strong>et</strong></span> <span class='ocrx_word' id='word_1_328' title='bbox 577 3051 727 3096; x_wconf 89' lang='lat' dir='ltr'><strong>orent</strong></span> <span class='ocrx_word' id='word_1_329' title='bbox 757 3059 915 3113; x_wconf 82' lang='lat' dir='ltr'><strong>super</strong></span> <span class='ocrx_word' id='word_1_330' title='bbox 934 3045 1102 3112; x_wconf 87' lang='lat' dir='ltr'><strong>ipsum</strong></span> <span class='ocrx_word' id='word_1_331' title='bbox 1123 3086 1137 3109; x_wconf 94' lang='lat'><strong>,</strong></span> <span class='ocrx_word' id='word_1_332' title='bbox 1162 3057 1410 3117; x_wconf 76' lang='lat' dir='ltr'><strong>augentes</strong></span> <span class='ocrx_word' id='word_1_333' title='bbox 1435 3066 1553 3104; x_wconf 81' lang='lat' dir='ltr'><strong>eum</strong></span> <span class='ocrx_word' id='word_1_334' title='bbox 1580 3049 1692 3105; x_wconf 81' lang='lat' dir='ltr'><strong>oleo</strong></span> <span class='ocrx_word' id='word_1_335' title='bbox 1721 3051 1776 3106; x_wconf 87' lang='lat' dir='ltr'><strong>in</strong></span> 
     </span>
    </p>
   </div>
   <div class='ocr_carea' id='block_1_47' title="bbox 180 3127 1769 3205">
    <p class='ocr_par' dir='ltr' id='par_1_47' title="bbox 180 3127 1769 3205">
     <span class='ocr_line' id='line_1_47' title="bbox 180 3127 1769 3205; baseline 0.01 -26"><span class='ocrx_word' id='word_1_336' title='bbox 180 3128 390 3181; x_wconf 78' lang='lat' dir='ltr'><strong>nomine</strong></span> <span class='ocrx_word' id='word_1_337' title='bbox 430 3127 667 3195; x_wconf 84' lang='lat' dir='ltr'><strong>Domini,</strong></span> <span class='ocrx_word' id='word_1_338' title='bbox 703 3145 751 3187; x_wconf 87' lang='lat' dir='ltr'><strong>et</strong></span> <span class='ocrx_word' id='word_1_339' title='bbox 781 3133 827 3187; x_wconf 89' lang='lat' dir='ltr'><strong>si</strong></span> <span class='ocrx_word' id='word_1_340' title='bbox 872 3134 926 3187; x_wconf 89' lang='lat' dir='ltr'><strong>in</strong></span> <span class='ocrx_word' id='word_1_341' title='bbox 968 3137 1197 3205; x_wconf 85' lang='lat' dir='ltr'><strong>peccatis</strong></span> <span class='ocrx_word' id='word_1_342' title='bbox 1218 3139 1307 3203; x_wconf 87' lang='lat' dir='ltr'><strong>sit,</strong></span> <span class='ocrx_word' id='word_1_343' title='bbox 1346 3139 1675 3194; x_wconf 76' lang='lat' dir='ltr'><strong>dimittantur</strong></span> <span class='ocrx_word' id='word_1_344' title='bbox 1701 3143 1769 3196; x_wconf 88' lang='lat' dir='ltr'><strong>ei.</strong></span> 
     </span>
    </p>
   </div>
   <div class='ocr_carea' id='block_1_48' title="bbox 181 3212 1771 3295">
    <p class='ocr_par' dir='ltr' id='par_1_48' title="bbox 181 3212 1771 3295">
     <span class='ocr_line' id='line_1_48' title="bbox 181 3212 1771 3295; baseline 0.012 -26"><span class='ocrx_word' id='word_1_345' title='bbox 181 3212 332 3271; x_wconf 77' lang='lat' dir='ltr'><strong>Unde</strong></span> <span class='ocrx_word' id='word_1_346' title='bbox 367 3226 524 3288; x_wconf 87' lang='lat' dir='ltr'><strong>patet</strong></span> <span class='ocrx_word' id='word_1_347' title='bbox 555 3221 626 3276; x_wconf 89' lang='lat' dir='ltr'><strong>ab</strong></span> <span class='ocrx_word' id='word_1_348' title='bbox 655 3222 785 3291; x_wconf 90' lang='lat' dir='ltr'><strong>ipsis</strong></span> <span class='ocrx_word' id='word_1_349' title='bbox 813 3223 1083 3295; x_wconf 85' lang='lat' dir='ltr'><strong>Apostolis</strong></span> <span class='ocrx_word' id='word_1_350' title='bbox 1111 3242 1255 3283; x_wconf 90' lang='lat' dir='ltr'><strong>nunc</strong></span> <span class='ocrx_word' id='word_1_351' title='bbox 1291 3237 1489 3284; x_wconf 79' lang='lat' dir='ltr'><strong>sanctae</strong></span> <span class='ocrx_word' id='word_1_352' title='bbox 1516 3231 1771 3288; x_wconf 62' lang='lat' dir='ltr'><strong>Ecclesiae</strong></span> 
     </span>
    </p>
   </div>
   <div class='ocr_carea' id='block_1_49' title="bbox 178 3316 1773 3381">
    <p class='ocr_par' dir='ltr' id='par_1_49' title="bbox 178 3316 1773 3381">
     <span class='ocr_line' id='line_1_49' title="bbox 178 3316 1773 3381; baseline 0.012 -21"><span class='ocrx_word' id='word_1_353' title='bbox 178 3321 387 3364; x_wconf 88' lang='lat' dir='ltr'><strong>morem</strong></span> <span class='ocrx_word' id='word_1_354' title='bbox 415 3324 540 3366; x_wconf 89' lang='lat' dir='ltr'><strong>esse</strong></span> <span class='ocrx_word' id='word_1_355' title='bbox 560 3316 945 3381; x_wconf 81' lang='lat' dir='ltr'><strong>contraditum,</strong></span> <span class='ocrx_word' id='word_1_356' title='bbox 968 3326 1029 3372; x_wconf 91' lang='lat' dir='ltr'><strong>ut</strong></span> <span class='ocrx_word' id='word_1_357' title='bbox 1056 3318 1376 3375; x_wconf 84' lang='lat' dir='ltr'><strong>Pontificiali</strong></span> <span class='ocrx_word' id='word_1_358' title='bbox 1399 3323 1773 3379; x_wconf 80' lang='lat' dir='ltr'><strong>benedictione</strong></span> 
     </span>
    </p>
   </div>
   <div class='ocr_carea' id='block_1_50' title="bbox 164 3402 1772 3482">
    <p class='ocr_par' dir='ltr' id='par_1_50' title="bbox 164 3402 1772 3482">
     <span class='ocr_line' id='line_1_50' title="bbox 164 3402 1772 3482; baseline 0.011 -32"><span class='ocrx_word' id='word_1_359' title='bbox 164 3410 503 3456; x_wconf 84' lang='lat' dir='ltr'><strong>consecrato</strong></span> <span class='ocrx_word' id='word_1_360' title='bbox 525 3402 647 3459; x_wconf 90' lang='lat' dir='ltr'><strong>oleo</strong></span> <span class='ocrx_word' id='word_1_361' title='bbox 673 3417 1043 3477; x_wconf 76' lang='lat' dir='ltr'><strong>peruagantur</strong></span> <span class='ocrx_word' id='word_1_362' title='bbox 1060 3412 1268 3482; x_wconf 75' lang='lat' dir='ltr'><strong>aegroti,</strong></span> <span class='ocrx_word' id='word_1_363' title='bbox 1296 3411 1654 3482; x_wconf 67' lang='lat' dir='ltr'><strong>pra&#39;dicabant</strong></span> <span class='ocrx_word' id='word_1_364' title='bbox 1677 3430 1772 3467; x_wconf 84' lang='lat' dir='ltr'><strong>au-</strong></span> 
     </span>
    </p>
   </div>
   <div class='ocr_carea' id='block_1_51' title="bbox 178 3491 1769 3572">
    <p class='ocr_par' dir='ltr' id='par_1_51' title="bbox 178 3491 1769 3572">
     <span class='ocr_line' id='line_1_51' title="bbox 178 3491 1769 3572; baseline 0.013 -34"><span class='ocrx_word' id='word_1_365' title='bbox 178 3495 278 3540; x_wconf 65' lang='lat' dir='ltr'><strong>tem</strong></span> <span class='ocrx_word' id='word_1_366' title='bbox 308 3500 368 3542; x_wconf 81' lang='lat' dir='ltr'><strong>ut</strong></span> <span class='ocrx_word' id='word_1_367' title='bbox 391 3491 752 3559; x_wconf 72' lang='lat' dir='ltr'><strong>paenitentiam</strong></span> <span class='ocrx_word' id='word_1_368' title='bbox 775 3507 1017 3567; x_wconf 85' lang='lat' dir='ltr'><strong>agerent;</strong></span> <span class='ocrx_word' id='word_1_369' title='bbox 1043 3509 1097 3554; x_wconf 91' lang='lat' dir='ltr'><strong>et</strong></span> <span class='ocrx_word' id='word_1_370' title='bbox 1120 3516 1281 3572; x_wconf 84' lang='lat' dir='ltr'><strong>supra</strong></span> <span class='ocrx_word' id='word_1_371' title='bbox 1302 3542 1318 3567; x_wconf 93' lang='lat'><strong>,</strong></span> <span class='ocrx_word' id='word_1_372' title='bbox 1343 3502 1480 3556; x_wconf 86' lang='lat' dir='ltr'><strong>misit</strong></span> <span class='ocrx_word' id='word_1_373' title='bbox 1503 3502 1620 3557; x_wconf 74' lang='lat' dir='ltr'><strong>iilos</strong></span> <span class='ocrx_word' id='word_1_374' title='bbox 1638 3544 1653 3568; x_wconf 90' lang='lat'><strong>,</strong></span> <span class='ocrx_word' id='word_1_375' title='bbox 1685 3504 1769 3558; x_wconf 85' lang='lat' dir='ltr'><strong>in-</strong></span> 
     </span>
    </p>
   </div>
   <div class='ocr_carea' id='block_1_52' title="bbox 180 3580 1774 3662">
    <p class='ocr_par' dir='ltr' id='par_1_52' title="bbox 180 3580 1774 3662">
     <span class='ocr_line' id='line_1_52' title="bbox 180 3580 1774 3662; baseline 0.012 -30"><span class='ocrx_word' id='word_1_376' title='bbox 180 3580 332 3647; x_wconf 82' lang='lat' dir='ltr'><strong>quit,</strong></span> <span class='ocrx_word' id='word_1_377' title='bbox 378 3584 744 3655; x_wconf 70' lang='lat' dir='ltr'><strong>euangelizare</strong></span> <span class='ocrx_word' id='word_1_378' title='bbox 789 3587 1018 3659; x_wconf 81' lang='lat' dir='ltr'><strong>Regnum</strong></span> <span class='ocrx_word' id='word_1_379' title='bbox 1069 3592 1297 3648; x_wconf 84' lang='lat' dir='ltr'><strong>Domini.</strong></span> <span class='ocrx_word' id='word_1_380' title='bbox 1341 3595 1479 3662; x_wconf 89' lang='lat' dir='ltr'><strong>Quia</strong></span> <span class='ocrx_word' id='word_1_381' title='bbox 1524 3596 1774 3653; x_wconf 85' lang='lat' dir='ltr'><strong>videlicet</strong></span> 
     </span>
    </p>
   </div>
   <div class='ocr_carea' id='block_1_53' title="bbox 180 3671 1768 3753">
    <p class='ocr_par' dir='ltr' id='par_1_53' title="bbox 180 3671 1768 3753">
     <span class='ocr_line' id='line_1_53' title="bbox 180 3671 1768 3753; baseline 0.013 -33"><span class='ocrx_word' id='word_1_382' title='bbox 180 3677 473 3740; x_wconf 88' lang='lat' dir='ltr'><strong>utrumque</strong></span> <span class='ocrx_word' id='word_1_383' title='bbox 490 3671 649 3740; x_wconf 83' lang='lat' dir='ltr'><strong>juxta</strong></span> <span class='ocrx_word' id='word_1_384' title='bbox 674 3673 897 3732; x_wconf 78' lang='lat' dir='ltr'><strong>Joannis</strong></span> <span class='ocrx_word' id='word_1_385' title='bbox 925 3679 1179 3750; x_wconf 73' lang='lat' dir='ltr'><strong>Baptista:</strong></span> <span class='ocrx_word' id='word_1_386' title='bbox 1207 3682 1291 3737; x_wconf 84' lang='lat' dir='ltr'><strong>vel</strong></span> <span class='ocrx_word' id='word_1_387' title='bbox 1319 3684 1488 3753; x_wconf 83' lang='lat' dir='ltr'><strong>ipsius</strong></span> <span class='ocrx_word' id='word_1_388' title='bbox 1522 3684 1768 3741; x_wconf 85' lang='lat' dir='ltr'><strong>Salvato-</strong></span> 
     </span>
    </p>
   </div>
   <div class='ocr_carea' id='block_1_54' title="bbox 178 3757 1769 3847">
    <p class='ocr_par' dir='ltr' id='par_1_54' title="bbox 178 3757 1769 3847">
     <span class='ocr_line' id='line_1_54' title="bbox 178 3757 1769 3847; baseline 0.013 -37"><span class='ocrx_word' id='word_1_389' title='bbox 178 3757 252 3811; x_wconf 86' lang='lat' dir='ltr'><strong>ris</strong></span> <span class='ocrx_word' id='word_1_390' title='bbox 276 3760 595 3831; x_wconf 86' lang='lat' dir='ltr'><strong>exemplum</strong></span> <span class='ocrx_word' id='word_1_391' title='bbox 638 3766 1004 3833; x_wconf 72' lang='lat' dir='ltr'><strong>przedicabant</strong></span> <span class='ocrx_word' id='word_1_392' title='bbox 1032 3788 1043 3823; x_wconf 91' lang='lat'>:</span> <span class='ocrx_word' id='word_1_393' title='bbox 1079 3768 1447 3827; x_wconf 66' lang='lat' dir='ltr'><strong>Paenitentiam</strong></span> <span class='ocrx_word' id='word_1_394' title='bbox 1483 3776 1640 3844; x_wconf 83' lang='lat' dir='ltr'><strong>agite,</strong></span> <span class='ocrx_word' id='word_1_395' title='bbox 1674 3794 1769 3847; x_wconf 83' lang='lat' dir='ltr'><strong>ap-</strong></span> 
     </span>
    </p>
   </div>
   <div class='ocr_carea' id='block_1_55' title="bbox 170 3849 1767 3936">
    <p class='ocr_par' dir='ltr' id='par_1_55' title="bbox 170 3849 1767 3936">
     <span class='ocr_line' id='line_1_55' title="bbox 170 3849 1767 3936; baseline 0.009 -32"><span class='ocrx_word' id='word_1_396' title='bbox 170 3849 554 3920; x_wconf 74' lang='lat' dir='ltr'><strong>propinquabit</strong></span> <span class='ocrx_word' id='word_1_397' title='bbox 597 3855 736 3909; x_wconf 87' lang='lat' dir='ltr'><strong>enim</strong></span> <span class='ocrx_word' id='word_1_398' title='bbox 781 3856 1016 3928; x_wconf 81' lang='lat' dir='ltr'><strong>Regnum</strong></span> <span class='ocrx_word' id='word_1_399' title='bbox 1069 3861 1316 3916; x_wconf 73' lang='lat' dir='ltr'><strong>caelorum</strong></span> <span class='ocrx_word' id='word_1_400' title='bbox 1359 3877 1378 3915; x_wconf 90' lang='lat'><strong><em>:</em></strong></span> <span class='ocrx_word' id='word_1_401' title='bbox 1417 3865 1570 3936; x_wconf 83' lang='lat' dir='ltr'><strong>regni</strong></span> <span class='ocrx_word' id='word_1_402' title='bbox 1624 3867 1767 3920; x_wconf 85' lang='lat' dir='ltr'><strong>enim</strong></span> 
     </span>
    </p>
   </div>
   <div class='ocr_carea' id='block_1_56' title="bbox 172 3940 1767 4025">
    <p class='ocr_par' dir='ltr' id='par_1_56' title="bbox 172 3940 1767 4025">
     <span class='ocr_line' id='line_1_56' title="bbox 172 3940 1767 4025; baseline 0.011 -32"><span class='ocrx_word' id='word_1_403' title='bbox 172 3940 444 3996; x_wconf 65' lang='lat' dir='ltr'><strong>celos-um</strong></span> <span class='ocrx_word' id='word_1_404' title='bbox 477 3943 663 4014; x_wconf 89' lang='lat' dir='ltr'><strong>januis</strong></span> <span class='ocrx_word' id='word_1_405' title='bbox 707 3949 1067 4019; x_wconf 88' lang='lat' dir='ltr'><strong>propinquare</strong></span> <span class='ocrx_word' id='word_1_406' title='bbox 1112 3961 1195 4008; x_wconf 87' lang='lat' dir='ltr'><strong>est</strong></span> <span class='ocrx_word' id='word_1_407' title='bbox 1237 3953 1304 4008; x_wconf 91' lang='lat' dir='ltr'><strong>de</strong></span> <span class='ocrx_word' id='word_1_408' title='bbox 1349 3954 1433 4009; x_wconf 88' lang='lat' dir='ltr'><strong>his</strong></span> <span class='ocrx_word' id='word_1_409' title='bbox 1477 3969 1767 4025; x_wconf 88' lang='lat' dir='ltr'><strong>quemque,</strong></span> 
     </span>
    </p>
   </div>
   <div class='ocr_carea' id='block_1_57' title="bbox 169 4030 1769 4116">
    <p class='ocr_par' dir='ltr' id='par_1_57' title="bbox 169 4030 1769 4116">
     <span class='ocr_line' id='line_1_57' title="bbox 169 4030 1769 4116; baseline 0.011 -32"><span class='ocrx_word' id='word_1_410' title='bbox 169 4030 376 4098; x_wconf 84' lang='lat' dir='ltr'><strong>quibus</strong></span> <span class='ocrx_word' id='word_1_411' title='bbox 399 4033 469 4087; x_wconf 82' lang='lat' dir='ltr'><strong>ab</strong></span> <span class='ocrx_word' id='word_1_412' title='bbox 491 4049 559 4089; x_wconf 89' lang='lat' dir='ltr'><strong>eo</strong></span> <span class='ocrx_word' id='word_1_413' title='bbox 581 4036 904 4094; x_wconf 84' lang='lat' dir='ltr'><strong>discesserat</strong></span> <span class='ocrx_word' id='word_1_414' title='bbox 927 4041 1211 4110; x_wconf 64' lang='lat' dir='ltr'><strong>paenitere,</strong></span> <span class='ocrx_word' id='word_1_415' title='bbox 1235 4052 1289 4097; x_wconf 90' lang='lat' dir='ltr'><strong>et</strong></span> <span class='ocrx_word' id='word_1_416' title='bbox 1306 4060 1406 4114; x_wconf 89' lang='lat' dir='ltr'><strong>per</strong></span> <span class='ocrx_word' id='word_1_417' title='bbox 1424 4059 1589 4115; x_wconf 90' lang='lat' dir='ltr'><strong>opera</strong></span> <span class='ocrx_word' id='word_1_418' title='bbox 1606 4045 1769 4116; x_wconf 83' lang='lat' dir='ltr'><strong>justi-</strong></span> 
     </span>
    </p>
   </div>
   <div class='ocr_carea' id='block_1_58' title="bbox 168 4123 1768 4206">
    <p class='ocr_par' dir='ltr' id='par_1_58' title="bbox 168 4123 1768 4206">
     <span class='ocr_line' id='line_1_58' title="bbox 168 4123 1768 4206; baseline 0.013 -31"><span class='ocrx_word' id='word_1_419' title='bbox 168 4123 258 4176; x_wconf 77' lang='lat' dir='ltr'><strong>tia:</strong></span> <span class='ocrx_word' id='word_1_420' title='bbox 284 4124 362 4179; x_wconf 86' lang='lat' dir='ltr'><strong>ad</strong></span> <span class='ocrx_word' id='word_1_421' title='bbox 390 4124 559 4180; x_wconf 83' lang='lat' dir='ltr'><strong>vitam</strong></span> <span class='ocrx_word' id='word_1_422' title='bbox 590 4126 849 4185; x_wconf 73' lang='lat' dir='ltr'><strong>festinam</strong></span> <span class='ocrx_word' id='word_1_423' title='bbox 874 4141 1189 4202; x_wconf 89' lang='lat' dir='ltr'><strong>perpetuam</strong></span> <span class='ocrx_word' id='word_1_424' title='bbox 1220 4145 1510 4206; x_wconf 83' lang='lat' dir='ltr'><strong>praestante</strong></span> <span class='ocrx_word' id='word_1_425' title='bbox 1538 4137 1768 4195; x_wconf 89' lang='lat' dir='ltr'><strong>Domino</strong></span> 
     </span>
    </p>
   </div>
   <div class='ocr_carea' id='block_1_59' title="bbox 167 4213 1768 4298">
    <p class='ocr_par' dir='ltr' id='par_1_59' title="bbox 167 4213 1768 4298">
     <span class='ocr_line' id='line_1_59' title="bbox 167 4213 1768 4298; baseline 0.012 -31"><span class='ocrx_word' id='word_1_426' title='bbox 167 4223 366 4269; x_wconf 87' lang='lat' dir='ltr'><strong>nostro</strong></span> <span class='ocrx_word' id='word_1_427' title='bbox 393 4213 523 4272; x_wconf 73' lang='lat' dir='ltr'><strong>Jesu</strong></span> <span class='ocrx_word' id='word_1_428' title='bbox 551 4216 895 4291; x_wconf 89' lang='lat' dir='ltr'><strong>Christo,qui</strong></span> <span class='ocrx_word' id='word_1_429' title='bbox 922 4238 1045 4278; x_wconf 89' lang='lat' dir='ltr'><strong>cum</strong></span> <span class='ocrx_word' id='word_1_430' title='bbox 1063 4224 1221 4282; x_wconf 87' lang='lat' dir='ltr'><strong>Patre</strong></span> <span class='ocrx_word' id='word_1_431' title='bbox 1246 4234 1301 4282; x_wconf 89' lang='lat' dir='ltr'><strong>et</strong></span> <span class='ocrx_word' id='word_1_432' title='bbox 1326 4224 1530 4298; x_wconf 88' lang='lat' dir='ltr'><strong>Spiritu</strong></span> <span class='ocrx_word' id='word_1_433' title='bbox 1553 4231 1689 4286; x_wconf 88' lang='lat' dir='ltr'><strong>vivit</strong></span> <span class='ocrx_word' id='word_1_434' title='bbox 1713 4240 1768 4287; x_wconf 90' lang='lat' dir='ltr'><strong>et</strong></span> 
     </span>
    </p>
   </div>
   <div class='ocr_carea' id='block_1_60' title="bbox 165 4305 1690 4380">
    <p class='ocr_par' dir='ltr' id='par_1_60' title="bbox 165 4305 1690 4380">
     <span class='ocr_line' id='line_1_60' title="bbox 165 4305 1690 4380; baseline 0.01 -21"><span class='ocrx_word' id='word_1_435' title='bbox 165 4312 369 4376; x_wconf 76' lang='lat' dir='ltr'><strong>regnat</strong></span> <span class='ocrx_word' id='word_1_436' title='bbox 405 4305 551 4363; x_wconf 83' lang='lat' dir='ltr'><strong>Deus</strong></span> <span class='ocrx_word' id='word_1_437' title='bbox 573 4325 671 4380; x_wconf 88' lang='lat' dir='ltr'><strong>per</strong></span> <span class='ocrx_word' id='word_1_438' title='bbox 691 4313 871 4367; x_wconf 88' lang='lat' dir='ltr'><strong>omnia</strong></span> <span class='ocrx_word' id='word_1_439' title='bbox 903 4315 1096 4370; x_wconf 66' lang='lat' dir='ltr'><strong>saecula</strong></span> <span class='ocrx_word' id='word_1_440' title='bbox 1124 4318 1465 4375; x_wconf 70' lang='lat' dir='ltr'><strong>szeculorum.</strong></span> <span class='ocrx_word' id='word_1_441' title='bbox 1496 4321 1690 4378; x_wconf 87' lang='lat' dir='ltr'><strong>Amen.</strong></span> 
     </span>
    </p>
   </div>
   <div class='ocr_carea' id='block_1_61' title="bbox 704 4423 1231 4485">
    <p class='ocr_par' dir='ltr' id='par_1_61' title="bbox 704 4423 1231 4485">
     <span class='ocr_line' id='line_1_61' title="bbox 704 4423 1231 4485; baseline 0.009 -5"><span class='ocrx_word' id='word_1_442' title='bbox 704 4423 984 4482; x_wconf 82' lang='lat' dir='ltr'><strong>HOMILIA</strong></span> <span class='ocrx_word' id='word_1_443' title='bbox 1028 4428 1114 4484; x_wconf 86' lang='lat' dir='ltr'><strong>LX</strong></span> <span class='ocrx_word' id='word_1_444' title='bbox 1126 4429 1231 4485; x_wconf 86' lang='lat' dir='ltr'><strong>VII.</strong></span> 
     </span>
    </p>
   </div>
   <div class='ocr_carea' id='block_1_62' title="bbox 836 4515 1102 4555">
    <p class='ocr_par' dir='ltr' id='par_1_62' title="bbox 836 4515 1102 4555">
     <span class='ocr_line' id='line_1_62' title="bbox 836 4515 1102 4555; baseline 0.008 -2"><span class='ocrx_word' id='word_1_445' title='bbox 836 4515 991 4554; x_wconf 70' lang='lat' dir='ltr'><strong>FEBIA</strong></span> <span class='ocrx_word' id='word_1_446' title='bbox 1029 4515 1102 4555; x_wconf 72' lang='lat' dir='ltr'><strong>VI.</strong></span> 
     </span>
    </p>
   </div>
   <div class='ocr_carea' id='block_1_63' title="bbox 540 4582 1399 4661">
    <p class='ocr_par' dir='ltr' id='par_1_63' title="bbox 540 4582 1399 4661">
     <span class='ocr_line' id='line_1_63' title="bbox 540 4582 1399 4661; baseline 0.01 -22"><span class='ocrx_word' id='word_1_447' title='bbox 540 4582 728 4641; x_wconf 90' lang='lat' dir='ltr'><strong>Lectio</strong></span> <span class='ocrx_word' id='word_1_448' title='bbox 752 4596 986 4644; x_wconf 79' lang='lat' dir='ltr'><strong>Actuum</strong></span> <span class='ocrx_word' id='word_1_449' title='bbox 1012 4593 1399 4661; x_wconf 85' lang='lat' dir='ltr'><strong>apostolorum.</strong></span> 
     </span>
    </p>
   </div>
   <div class='ocr_carea' id='block_1_64' title="bbox 231 4672 1763 4751">
    <p class='ocr_par' dir='ltr' id='par_1_64' title="bbox 231 4672 1763 4751">
     <span class='ocr_line' id='line_1_64' title="bbox 231 4672 1763 4751; baseline 0.011 -24"><span class='ocrx_word' id='word_1_450' title='bbox 231 4672 304 4728; x_wconf 80' lang='lat' dir='ltr'><strong>In</strong></span> <span class='ocrx_word' id='word_1_451' title='bbox 336 4673 528 4728; x_wconf 86' lang='lat' dir='ltr'><strong>diebus</strong></span> <span class='ocrx_word' id='word_1_452' title='bbox 552 4674 659 4730; x_wconf 85' lang='lat' dir='ltr'><strong>illis</strong></span> <span class='ocrx_word' id='word_1_453' title='bbox 691 4681 929 4748; x_wconf 86' lang='lat' dir='ltr'><strong>aperiens</strong></span> <span class='ocrx_word' id='word_1_454' title='bbox 958 4679 1147 4737; x_wconf 80' lang='lat' dir='ltr'><strong>Petrus</strong></span> <span class='ocrx_word' id='word_1_455' title='bbox 1173 4701 1228 4739; x_wconf 87' lang='lat' dir='ltr'><strong>os</strong></span> <span class='ocrx_word' id='word_1_456' title='bbox 1251 4703 1424 4751; x_wconf 85' lang='lat' dir='ltr'><strong>suum,</strong></span> <span class='ocrx_word' id='word_1_457' title='bbox 1443 4687 1576 4742; x_wconf 66' lang='lat' dir='ltr'><strong>dixit</strong></span> <span class='ocrx_word' id='word_1_458' title='bbox 1607 4706 1624 4743; x_wconf 88' lang='lat'><strong><em>:</em></strong></span> <span class='ocrx_word' id='word_1_459' title='bbox 1650 4687 1763 4743; x_wconf 84' lang='lat' dir='ltr'><strong>Viri</strong></span> 
     </span>
    </p>
   </div>
   <div class='ocr_carea' id='block_1_65' title="bbox 160 4762 1759 4844">
    <p class='ocr_par' dir='ltr' id='par_1_65' title="bbox 160 4762 1759 4844">
     <span class='ocr_line' id='line_1_65' title="bbox 160 4762 1759 4844; baseline 0.011 -28"><span class='ocrx_word' id='word_1_460' title='bbox 160 4762 458 4830; x_wconf 64' lang='lat' dir='ltr'><strong>Israelita,</strong></span> <span class='ocrx_word' id='word_1_461' title='bbox 489 4767 668 4821; x_wconf 81' lang='lat' dir='ltr'><strong>audite</strong></span> <span class='ocrx_word' id='word_1_462' title='bbox 693 4769 843 4823; x_wconf 82' lang='lat' dir='ltr'><strong>verba</strong></span> <span class='ocrx_word' id='word_1_463' title='bbox 871 4770 983 4825; x_wconf 73' lang='lat' dir='ltr'><strong>[uec</strong></span> <span class='ocrx_word' id='word_1_464' title='bbox 1013 4787 1031 4824; x_wconf 90' lang='lat'><strong><em>:</em></strong></span> <span class='ocrx_word' id='word_1_465' title='bbox 1060 4771 1244 4828; x_wconf 72' lang='lat' dir='ltr'><strong>Iesum</strong></span> <span class='ocrx_word' id='word_1_466' title='bbox 1278 4774 1647 4844; x_wconf 78' lang='lat' dir='ltr'><strong>Nazarenam,</strong></span> <span class='ocrx_word' id='word_1_467' title='bbox 1680 4781 1759 4833; x_wconf 76' lang='lat' dir='ltr'><strong>vi-</strong></span> 
     </span>
    </p>
   </div>
   <div class='ocr_carea' id='block_1_66' title="bbox 157 4855 1756 4942">
    <p class='ocr_par' dir='ltr' id='par_1_66' title="bbox 157 4855 1756 4942">
     <span class='ocr_line' id='line_1_66' title="bbox 157 4855 1756 4942; baseline 0.013 -36"><span class='ocrx_word' id='word_1_468' title='bbox 157 4870 279 4907; x_wconf 77' lang='lat' dir='ltr'><strong>rum</strong></span> <span class='ocrx_word' id='word_1_469' title='bbox 305 4855 666 4924; x_wconf 83' lang='lat' dir='ltr'><strong>approbatum</strong></span> <span class='ocrx_word' id='word_1_470' title='bbox 691 4875 723 4912; x_wconf 92' lang='lat' dir='ltr'><strong>a</strong></span> <span class='ocrx_word' id='word_1_471' title='bbox 753 4859 862 4914; x_wconf 82' lang='lat' dir='ltr'><strong>Deo</strong></span> <span class='ocrx_word' id='word_1_472' title='bbox 896 4862 949 4914; x_wconf 89' lang='lat' dir='ltr'><strong>in</strong></span> <span class='ocrx_word' id='word_1_473' title='bbox 977 4864 1139 4930; x_wconf 78' lang='lat' dir='ltr'><strong>vobis,</strong></span> <span class='ocrx_word' id='word_1_474' title='bbox 1174 4867 1469 4935; x_wconf 75' lang='lat' dir='ltr'><strong>virtutibus,</strong></span> <span class='ocrx_word' id='word_1_475' title='bbox 1503 4882 1551 4924; x_wconf 89' lang='lat' dir='ltr'><strong>et</strong></span> <span class='ocrx_word' id='word_1_476' title='bbox 1576 4872 1756 4942; x_wconf 86' lang='lat' dir='ltr'><strong>prodi-</strong></span> 
     </span>
    </p>
   </div>
   <div class='ocr_carea' id='block_1_67' title="bbox 154 4946 1755 5023">
    <p class='ocr_par' dir='ltr' id='par_1_67' title="bbox 154 4946 1755 5023">
     <span class='ocr_line' id='line_1_67' title="bbox 154 4946 1755 5023; baseline 0.009 -20"><span class='ocrx_word' id='word_1_477' title='bbox 154 4946 291 5014; x_wconf 68' lang='lat' dir='ltr'><strong>giis,</strong></span> <span class='ocrx_word' id='word_1_478' title='bbox 328 4955 384 5000; x_wconf 80' lang='lat' dir='ltr'><strong>et</strong></span> <span class='ocrx_word' id='word_1_479' title='bbox 410 4946 579 5017; x_wconf 84' lang='lat' dir='ltr'><strong>signis</strong></span> <span class='ocrx_word' id='word_1_480' title='bbox 597 4990 611 5014; x_wconf 94' lang='lat'><strong>,</strong></span> <span class='ocrx_word' id='word_1_481' title='bbox 635 4965 751 5019; x_wconf 75' lang='lat' dir='ltr'><strong>qua:</strong></span> <span class='ocrx_word' id='word_1_482' title='bbox 782 4951 901 5019; x_wconf 85' lang='lat' dir='ltr'><strong>fecit</strong></span> <span class='ocrx_word' id='word_1_483' title='bbox 928 4970 1019 5023; x_wconf 88' lang='lat' dir='ltr'><strong>per</strong></span> <span class='ocrx_word' id='word_1_484' title='bbox 1041 4954 1192 5009; x_wconf 85' lang='lat' dir='ltr'><strong>illum</strong></span> <span class='ocrx_word' id='word_1_485' title='bbox 1229 4957 1367 5013; x_wconf 87' lang='lat' dir='ltr'><strong>Deus</strong></span> <span class='ocrx_word' id='word_1_486' title='bbox 1395 4961 1446 5013; x_wconf 90' lang='lat' dir='ltr'><strong>in</strong></span> <span class='ocrx_word' id='word_1_487' title='bbox 1470 4963 1639 5015; x_wconf 80' lang='lat' dir='ltr'><strong>medio</strong></span> <span class='ocrx_word' id='word_1_488' title='bbox 1670 4980 1755 5017; x_wconf 81' lang='lat' dir='ltr'><strong>ve-</strong></span> 
     </span>
    </p>
   </div>
   <div class='ocr_carea' id='block_1_68' title="bbox 152 5037 1758 5122">
    <p class='ocr_par' dir='ltr' id='par_1_68' title="bbox 152 5037 1758 5122">
     <span class='ocr_line' id='line_1_68' title="bbox 152 5037 1758 5122; baseline 0.011 -32"><span class='ocrx_word' id='word_1_489' title='bbox 152 5038 278 5103; x_wconf 82' lang='lat' dir='ltr'><strong>stri,</strong></span> <span class='ocrx_word' id='word_1_490' title='bbox 295 5037 444 5092; x_wconf 71' lang='lat' dir='ltr'><strong>sicut</strong></span> <span class='ocrx_word' id='word_1_491' title='bbox 467 5054 557 5092; x_wconf 81' lang='lat' dir='ltr'><strong>vos</strong></span> <span class='ocrx_word' id='word_1_492' title='bbox 576 5040 719 5095; x_wconf 79' lang='lat' dir='ltr'><strong>scitis</strong></span> <span class='ocrx_word' id='word_1_493' title='bbox 734 5058 752 5095; x_wconf 89' lang='lat'><strong><em>:</em></strong></span> <span class='ocrx_word' id='word_1_494' title='bbox 774 5043 913 5098; x_wconf 79' lang='lat' dir='ltr'><strong>hunc</strong></span> <span class='ocrx_word' id='word_1_495' title='bbox 936 5044 1151 5116; x_wconf 77' lang='lat' dir='ltr'><strong>tie/inito</strong></span> <span class='ocrx_word' id='word_1_496' title='bbox 1171 5050 1388 5103; x_wconf 81' lang='lat' dir='ltr'><strong>consilio</strong></span> <span class='ocrx_word' id='word_1_497' title='bbox 1410 5061 1458 5104; x_wconf 89' lang='lat' dir='ltr'><strong>et</strong></span> <span class='ocrx_word' id='word_1_498' title='bbox 1478 5053 1758 5122; x_wconf 80' lang='lat' dir='ltr'><strong>pra‘sciert--</strong></span> 
     </span>
    </p>
   </div>
   <div class='ocr_carea' id='block_1_69' title="bbox 153 5126 1757 5215">
    <p class='ocr_par' dir='ltr' id='par_1_69' title="bbox 153 5126 1757 5215">
     <span class='ocr_line' id='line_1_69' title="bbox 153 5126 1757 5215; baseline 0.012 -37"><span class='ocrx_word' id='word_1_499' title='bbox 153 5126 233 5179; x_wconf 77' lang='lat' dir='ltr'><strong>tia</strong></span> <span class='ocrx_word' id='word_1_500' title='bbox 278 5126 391 5181; x_wconf 78' lang='lat' dir='ltr'><strong>Dei</strong></span> <span class='ocrx_word' id='word_1_501' title='bbox 434 5129 723 5198; x_wconf 86' lang='lat' dir='ltr'><strong>traditum,</strong></span> <span class='ocrx_word' id='word_1_502' title='bbox 765 5149 860 5202; x_wconf 86' lang='lat' dir='ltr'><strong>per</strong></span> <span class='ocrx_word' id='word_1_503' title='bbox 905 5150 1094 5191; x_wconf 86' lang='lat' dir='ltr'><strong>manus</strong></span> <span class='ocrx_word' id='word_1_504' title='bbox 1146 5139 1441 5208; x_wconf 85' lang='lat' dir='ltr'><strong>iniquorum</strong></span> <span class='ocrx_word' id='word_1_505' title='bbox 1501 5144 1757 5215; x_wconf 74' lang='lat' dir='ltr'><strong>affigenles</strong></span> 
     </span>
    </p>
   </div>
   <div class='ocr_carea' id='block_1_70' title="bbox 156 5222 669 5289">
    <p class='ocr_par' dir='ltr' id='par_1_70' title="bbox 156 5222 669 5289">
     <span class='ocr_line' id='line_1_70' title="bbox 156 5222 669 5289; baseline 0.008 -15"><span class='ocrx_word' id='word_1_506' title='bbox 156 5222 532 5289; x_wconf 72' lang='lat' dir='ltr'><strong>inter-eruistis,</strong></span> <span class='ocrx_word' id='word_1_507' title='bbox 561 5231 669 5280; x_wconf 88' lang='lat' dir='ltr'><strong>etc.</strong></span> 
     </span>
    </p>
   </div>
   <div class='ocr_carea' id='block_1_71' title="bbox 225 5312 1759 5392">
    <p class='ocr_par' dir='ltr' id='par_1_71' title="bbox 225 5312 1759 5392">
     <span class='ocr_line' id='line_1_71' title="bbox 225 5312 1759 5392; baseline 0.012 -27"><span class='ocrx_word' id='word_1_508' title='bbox 225 5312 409 5379; x_wconf 84' lang='lat' dir='ltr'><strong>Quasi</strong></span> <span class='ocrx_word' id='word_1_509' title='bbox 447 5314 640 5371; x_wconf 91' lang='lat' dir='ltr'><strong>doctus</strong></span> <span class='ocrx_word' id='word_1_510' title='bbox 678 5319 934 5390; x_wconf 89' lang='lat' dir='ltr'><strong>magister</strong></span> <span class='ocrx_word' id='word_1_511' title='bbox 968 5323 1117 5392; x_wconf 88' lang='lat' dir='ltr'><strong>prius</strong></span> <span class='ocrx_word' id='word_1_512' title='bbox 1147 5324 1452 5381; x_wconf 88' lang='lat' dir='ltr'><strong>incredulos</strong></span> <span class='ocrx_word' id='word_1_513' title='bbox 1487 5331 1759 5385; x_wconf 82' lang='lat' dir='ltr'><strong>commissi</strong></span> 
     </span>
    </p>
   </div>
   <div class='ocr_carea' id='block_1_72' title="bbox 156 5407 1757 5490">
    <p class='ocr_par' dir='ltr' id='par_1_72' title="bbox 156 5407 1757 5490">
     <span class='ocr_line' id='line_1_72' title="bbox 156 5407 1757 5490; baseline 0.011 -30"><span class='ocrx_word' id='word_1_514' title='bbox 156 5413 352 5461; x_wconf 72' lang='lat' dir='ltr'><strong>reatus</strong></span> <span class='ocrx_word' id='word_1_515' title='bbox 372 5407 647 5474; x_wconf 81' lang='lat' dir='ltr'><strong>admonet,</strong></span> <span class='ocrx_word' id='word_1_516' title='bbox 667 5411 887 5483; x_wconf 87' lang='lat' dir='ltr'><strong>utjusto</strong></span> <span class='ocrx_word' id='word_1_517' title='bbox 906 5414 1100 5474; x_wconf 90' lang='lat' dir='ltr'><strong>timore</strong></span> <span class='ocrx_word' id='word_1_518' title='bbox 1120 5421 1454 5490; x_wconf 84' lang='lat' dir='ltr'><strong>compunctis</strong></span> <span class='ocrx_word' id='word_1_519' title='bbox 1475 5422 1757 5477; x_wconf 87' lang='lat' dir='ltr'><strong>consilium</strong></span> 
     </span>
    </p>
   </div>
   <div class='ocr_carea' id='block_1_73' title="bbox 149 5495 1758 5584">
    <p class='ocr_par' dir='ltr' id='par_1_73' title="bbox 149 5495 1758 5584">
     <span class='ocr_line' id='line_1_73' title="bbox 149 5495 1758 5584; baseline 0.011 -33"><span class='ocrx_word' id='word_1_520' title='bbox 149 5495 357 5554; x_wconf 80' lang='lat' dir='ltr'><strong>salutis</strong></span> <span class='ocrx_word' id='word_1_521' title='bbox 397 5501 745 5568; x_wconf 87' lang='lat' dir='ltr'><strong>postmodum</strong></span> <span class='ocrx_word' id='word_1_522' title='bbox 787 5508 1140 5575; x_wconf 90' lang='lat' dir='ltr'><strong>opportunius</strong></span> <span class='ocrx_word' id='word_1_523' title='bbox 1183 5510 1488 5581; x_wconf 87' lang='lat' dir='ltr'><strong>impendat,</strong></span> <span class='ocrx_word' id='word_1_524' title='bbox 1530 5522 1589 5568; x_wconf 90' lang='lat' dir='ltr'><strong>ut</strong></span> <span class='ocrx_word' id='word_1_525' title='bbox 1632 5515 1758 5584; x_wconf 89' lang='lat' dir='ltr'><strong>quia</strong></span> 
     </span>
    </p>
   </div>
   <div class='ocr_carea' id='block_1_74' title="bbox 150 5586 1757 5674">
    <p class='ocr_par' dir='ltr' id='par_1_74' title="bbox 150 5586 1757 5674">
     <span class='ocr_line' id='line_1_74' title="bbox 150 5586 1757 5674; baseline 0.011 -34"><span class='ocrx_word' id='word_1_526' title='bbox 150 5586 471 5644; x_wconf 81' lang='lat' dir='ltr'><strong>scientibus</strong></span> <span class='ocrx_word' id='word_1_527' title='bbox 507 5589 681 5661; x_wconf 83' lang='lat' dir='ltr'><strong>legem</strong></span> <span class='ocrx_word' id='word_1_528' title='bbox 722 5592 981 5664; x_wconf 87' lang='lat' dir='ltr'><strong>loquitur,</strong></span> <span class='ocrx_word' id='word_1_529' title='bbox 1012 5598 1189 5668; x_wconf 90' lang='lat' dir='ltr'><strong>ipsum</strong></span> <span class='ocrx_word' id='word_1_530' title='bbox 1220 5600 1494 5657; x_wconf 87' lang='lat' dir='ltr'><strong>Christum</strong></span> <span class='ocrx_word' id='word_1_531' title='bbox 1523 5618 1643 5659; x_wconf 84' lang='lat' dir='ltr'><strong>esse</strong></span> <span class='ocrx_word' id='word_1_532' title='bbox 1668 5605 1757 5674; x_wconf 89' lang='lat' dir='ltr'><strong>qui</strong></span> 
     </span>
    </p>
   </div>
   <div class='ocr_carea' id='block_1_75' title="bbox 149 5674 1759 5755">
    <p class='ocr_par' dir='ltr' id='par_1_75' title="bbox 149 5674 1759 5755">
     <span class='ocr_line' id='line_1_75' title="bbox 149 5674 1759 5755; baseline 0.012 -27"><span class='ocrx_word' id='word_1_533' title='bbox 149 5692 181 5729; x_wconf 85' lang='lat' dir='ltr'><strong>a</strong></span> <span class='ocrx_word' id='word_1_534' title='bbox 212 5674 509 5747; x_wconf 59' lang='lat' dir='ltr'><strong>prophetis</strong></span> <span class='ocrx_word' id='word_1_535' title='bbox 529 5690 672 5735; x_wconf 80' lang='lat' dir='ltr'><strong>esset</strong></span> <span class='ocrx_word' id='word_1_536' title='bbox 692 5687 991 5753; x_wconf 85' lang='lat' dir='ltr'><strong>promissus</strong></span> <span class='ocrx_word' id='word_1_537' title='bbox 1010 5690 1266 5755; x_wconf 85' lang='lat' dir='ltr'><strong>ostendit,</strong></span> <span class='ocrx_word' id='word_1_538' title='bbox 1291 5708 1388 5747; x_wconf 90' lang='lat' dir='ltr'><strong>nec</strong></span> <span class='ocrx_word' id='word_1_539' title='bbox 1412 5701 1589 5747; x_wconf 91' lang='lat' dir='ltr'><strong>tamen</strong></span> <span class='ocrx_word' id='word_1_540' title='bbox 1617 5695 1759 5748; x_wconf 87' lang='lat' dir='ltr'><strong>hunc</strong></span> 
     </span>
    </p>
   </div>
   <div class='ocr_carea' id='block_1_76' title="bbox 152 5769 1759 5855">
    <p class='ocr_par' dir='ltr' id='par_1_76' title="bbox 152 5769 1759 5855">
     <span class='ocr_line' id='line_1_76' title="bbox 152 5769 1759 5855; baseline 0.012 -35"><span class='ocrx_word' id='word_1_541' title='bbox 152 5769 499 5825; x_wconf 84' lang='lat' dir='ltr'><strong>auctoritate</strong></span> <span class='ocrx_word' id='word_1_542' title='bbox 528 5787 626 5826; x_wconf 90' lang='lat' dir='ltr'><strong>sua</strong></span> <span class='ocrx_word' id='word_1_543' title='bbox 659 5773 751 5829; x_wconf 82' lang='lat' dir='ltr'><strong>Dei</strong></span> <span class='ocrx_word' id='word_1_544' title='bbox 782 5775 949 5832; x_wconf 85' lang='lat' dir='ltr'><strong>lilium</strong></span> <span class='ocrx_word' id='word_1_545' title='bbox 989 5781 1248 5846; x_wconf 86' lang='lat' dir='ltr'><strong>nominat,</strong></span> <span class='ocrx_word' id='word_1_546' title='bbox 1305 5784 1396 5839; x_wconf 86' lang='lat' dir='ltr'><strong>sed</strong></span> <span class='ocrx_word' id='word_1_547' title='bbox 1437 5784 1610 5837; x_wconf 84' lang='lat' dir='ltr'><strong>virum</strong></span> <span class='ocrx_word' id='word_1_548' title='bbox 1638 5798 1759 5855; x_wconf 87' lang='lat' dir='ltr'><strong>pro-</strong></span> 
     </span>
    </p>
   </div>
   <div class='ocr_carea' id='block_1_77' title="bbox 1887 1941 3479 2014">
    <p class='ocr_par' dir='ltr' id='par_1_77' title="bbox 1887 1941 3479 2014">
     <span class='ocr_line' id='line_1_77' title="bbox 1887 1941 3479 2014; baseline 0.001 -18"><span class='ocrx_word' id='word_1_549' title='bbox 1887 1951 2180 2009; x_wconf 81' lang='lat' dir='ltr'><strong>transeunt,</strong></span> <span class='ocrx_word' id='word_1_550' title='bbox 2216 1960 2321 1997; x_wconf 87' lang='lat' dir='ltr'><strong>non</strong></span> <span class='ocrx_word' id='word_1_551' title='bbox 2348 1942 2543 2005; x_wconf 83' lang='lat' dir='ltr'><strong>abstuli</strong></span> <span class='ocrx_word' id='word_1_552' title='bbox 2572 1941 2784 1999; x_wconf 79' lang='lat' dir='ltr'><strong>oculum</strong></span> <span class='ocrx_word' id='word_1_553' title='bbox 2812 1943 2879 1998; x_wconf 88' lang='lat' dir='ltr'><strong>ab</strong></span> <span class='ocrx_word' id='word_1_554' title='bbox 2912 1959 2971 1998; x_wconf 90' lang='lat' dir='ltr'><strong>eo</strong></span> <span class='ocrx_word' id='word_1_555' title='bbox 3018 1944 3108 2014; x_wconf 83' lang='lat' dir='ltr'><strong>qui</strong></span> <span class='ocrx_word' id='word_1_556' title='bbox 3136 1959 3338 2014; x_wconf 85' lang='lat' dir='ltr'><strong>semper</strong></span> <span class='ocrx_word' id='word_1_557' title='bbox 3362 1958 3479 1997; x_wconf 81' lang='lat' dir='ltr'><strong>uta-</strong></span> 
     </span>
    </p>
   </div>
   <div class='ocr_carea' id='block_1_78' title="bbox 1886 2032 3478 2105">
    <p class='ocr_par' dir='ltr' id='par_1_78' title="bbox 1886 2032 3478 2105">
     <span class='ocr_line' id='line_1_78' title="bbox 1886 2032 3478 2105; baseline 0.001 -18"><span class='ocrx_word' id='word_1_558' title='bbox 1886 2042 1991 2087; x_wconf 88' lang='lat' dir='ltr'><strong>net.</strong></span> <span class='ocrx_word' id='word_1_559' title='bbox 2020 2032 2133 2088; x_wconf 83' lang='lat' dir='ltr'><strong>lloc</strong></span> <span class='ocrx_word' id='word_1_560' title='bbox 2160 2035 2480 2105; x_wconf 86' lang='lat' dir='ltr'><strong>providens,</strong></span> <span class='ocrx_word' id='word_1_561' title='bbox 2508 2042 2569 2089; x_wconf 90' lang='lat' dir='ltr'><strong>ut</strong></span> <span class='ocrx_word' id='word_1_562' title='bbox 2602 2035 2656 2089; x_wconf 91' lang='lat' dir='ltr'><strong>in</strong></span> <span class='ocrx_word' id='word_1_563' title='bbox 2697 2049 2821 2093; x_wconf 90' lang='lat' dir='ltr'><strong>eum</strong></span> <span class='ocrx_word' id='word_1_564' title='bbox 2847 2042 2974 2104; x_wconf 88' lang='lat' dir='ltr'><strong>post</strong></span> <span class='ocrx_word' id='word_1_565' title='bbox 3007 2034 3318 2105; x_wconf 79' lang='lat' dir='ltr'><strong>temporalia</strong></span> <span class='ocrx_word' id='word_1_566' title='bbox 3355 2050 3478 2104; x_wconf 89' lang='lat' dir='ltr'><strong>per-</strong></span> 
     </span>
    </p>
   </div>
   <div class='ocr_carea' id='block_1_79' title="bbox 1884 2123 3477 2196">
    <p class='ocr_par' dir='ltr' id='par_1_79' title="bbox 1884 2123 3477 2196">
     <span class='ocr_line' id='line_1_79' title="bbox 1884 2123 3477 2196; baseline 0.003 -19"><span class='ocrx_word' id='word_1_567' title='bbox 1884 2130 2006 2178; x_wconf 88' lang='lat' dir='ltr'><strong>acta</strong></span> <span class='ocrx_word' id='word_1_568' title='bbox 2039 2139 2396 2190; x_wconf 87' lang='lat' dir='ltr'><strong>recurrerem,</strong></span> <span class='ocrx_word' id='word_1_569' title='bbox 2426 2125 2697 2196; x_wconf 89' lang='lat' dir='ltr'><strong>quomodo</strong></span> <span class='ocrx_word' id='word_1_570' title='bbox 2719 2125 2866 2183; x_wconf 85' lang='lat' dir='ltr'><strong>favet</strong></span> <span class='ocrx_word' id='word_1_571' title='bbox 2887 2125 3019 2181; x_wconf 88' lang='lat' dir='ltr'><strong>mihi</strong></span> <span class='ocrx_word' id='word_1_572' title='bbox 3043 2134 3105 2181; x_wconf 92' lang='lat' dir='ltr'><strong>ut</strong></span> <span class='ocrx_word' id='word_1_573' title='bbox 3127 2126 3399 2181; x_wconf 88' lang='lat' dir='ltr'><strong>stabiliter</strong></span> <span class='ocrx_word' id='word_1_574' title='bbox 3422 2123 3477 2181; x_wconf 89' lang='lat' dir='ltr'><strong>in</strong></span> 
     </span>
    </p>
   </div>
   <div class='ocr_carea' id='block_1_80' title="bbox 1882 2218 3479 2289">
    <p class='ocr_par' dir='ltr' id='par_1_80' title="bbox 1882 2218 3479 2289">
     <span class='ocr_line' id='line_1_80' title="bbox 1882 2218 3479 2289; baseline 0.003 -19"><span class='ocrx_word' id='word_1_575' title='bbox 1882 2230 1949 2270; x_wconf 91' lang='lat' dir='ltr'><strong>eo</strong></span> <span class='ocrx_word' id='word_1_576' title='bbox 1961 2230 2308 2286; x_wconf 88' lang='lat' dir='ltr'><strong>permaneam</strong></span> <span class='ocrx_word' id='word_1_577' title='bbox 2324 2234 2339 2285; x_wconf 91' lang='lat'><strong>;</strong></span> <span class='ocrx_word' id='word_1_578' title='bbox 2359 2226 2414 2273; x_wconf 87' lang='lat' dir='ltr'><strong>et</strong></span> <span class='ocrx_word' id='word_1_579' title='bbox 2428 2218 2532 2274; x_wconf 88' lang='lat' dir='ltr'><strong>hoc</strong></span> <span class='ocrx_word' id='word_1_580' title='bbox 2547 2218 2691 2289; x_wconf 91' lang='lat' dir='ltr'><strong>quod</strong></span> <span class='ocrx_word' id='word_1_581' title='bbox 2702 2227 2986 2287; x_wconf 86' lang='lat' dir='ltr'><strong>peccatum</strong></span> <span class='ocrx_word' id='word_1_582' title='bbox 3006 2233 3112 2274; x_wconf 88' lang='lat' dir='ltr'><strong>non</strong></span> <span class='ocrx_word' id='word_1_583' title='bbox 3125 2218 3252 2286; x_wconf 85' lang='lat' dir='ltr'><strong>feci,</strong></span> <span class='ocrx_word' id='word_1_584' title='bbox 3269 2234 3370 2277; x_wconf 81' lang='lat' dir='ltr'><strong>nec</strong></span> <span class='ocrx_word' id='word_1_585' title='bbox 3379 2220 3479 2275; x_wconf 84' lang='lat' dir='ltr'><strong>do-</strong></span> 
     </span>
    </p>
   </div>
   <div class='ocr_carea' id='block_1_81' title="bbox 1882 2302 3476 2375">
    <p class='ocr_par' dir='ltr' id='par_1_81' title="bbox 1882 2302 3476 2375">
     <span class='ocr_line' id='line_1_81' title="bbox 1882 2302 3476 2375; baseline 0.006 -18"><span class='ocrx_word' id='word_1_586' title='bbox 1882 2302 1967 2360; x_wconf 90' lang='lat' dir='ltr'><strong>lus</strong></span> <span class='ocrx_word' id='word_1_587' title='bbox 2001 2305 2253 2362; x_wconf 85' lang='lat' dir='ltr'><strong>inventus</strong></span> <span class='ocrx_word' id='word_1_588' title='bbox 2279 2314 2366 2363; x_wconf 87' lang='lat' dir='ltr'><strong>est</strong></span> <span class='ocrx_word' id='word_1_589' title='bbox 2393 2308 2448 2361; x_wconf 90' lang='lat' dir='ltr'><strong>in</strong></span> <span class='ocrx_word' id='word_1_590' title='bbox 2485 2322 2583 2363; x_wconf 89' lang='lat' dir='ltr'><strong>ore</strong></span> <span class='ocrx_word' id='word_1_591' title='bbox 2615 2322 2758 2375; x_wconf 90' lang='lat' dir='ltr'><strong>meo,</strong></span> <span class='ocrx_word' id='word_1_592' title='bbox 2772 2322 2882 2365; x_wconf 91' lang='lat' dir='ltr'><strong>non</strong></span> <span class='ocrx_word' id='word_1_593' title='bbox 2912 2309 3237 2364; x_wconf 84' lang='lat' dir='ltr'><strong>humanitati</strong></span> <span class='ocrx_word' id='word_1_594' title='bbox 3266 2310 3364 2366; x_wconf 85' lang='lat' dir='ltr'><strong>sed</strong></span> <span class='ocrx_word' id='word_1_595' title='bbox 3392 2310 3476 2366; x_wconf 87' lang='lat' dir='ltr'><strong>di-</strong></span> 
     </span>
    </p>
   </div>
   <div class='ocr_carea' id='block_1_82' title="bbox 1881 2395 3475 2470">
    <p class='ocr_par' dir='ltr' id='par_1_82' title="bbox 1881 2395 3475 2470">
     <span class='ocr_line' id='line_1_82' title="bbox 1881 2395 3475 2470; baseline 0.006 -22"><span class='ocrx_word' id='word_1_596' title='bbox 1881 2395 2091 2450; x_wconf 80' lang='lat' dir='ltr'><strong>vinitati</strong></span> <span class='ocrx_word' id='word_1_597' title='bbox 2133 2396 2444 2460; x_wconf 84' lang='lat' dir='ltr'><strong>ascribam;</strong></span> <span class='ocrx_word' id='word_1_598' title='bbox 2480 2406 2704 2468; x_wconf 86' lang='lat' dir='ltr'><strong>propter</strong></span> <span class='ocrx_word' id='word_1_599' title='bbox 2745 2399 2849 2454; x_wconf 90' lang='lat' dir='ltr'><strong>hoc</strong></span> <span class='ocrx_word' id='word_1_600' title='bbox 2882 2406 2939 2455; x_wconf 89' lang='lat' dir='ltr'><strong>et</strong></span> <span class='ocrx_word' id='word_1_601' title='bbox 2975 2399 3029 2454; x_wconf 90' lang='lat' dir='ltr'><strong>in</strong></span> <span class='ocrx_word' id='word_1_602' title='bbox 3059 2399 3475 2470; x_wconf 79' lang='lat' dir='ltr'><strong>cogitationibus</strong></span> 
     </span>
    </p>
   </div>
   <div class='ocr_carea' id='block_1_83' title="bbox 1882 2483 3474 2560">
    <p class='ocr_par' dir='ltr' id='par_1_83' title="bbox 1882 2483 3474 2560">
     <span class='ocr_line' id='line_1_83' title="bbox 1882 2483 3474 2560; baseline 0.003 -20"><span class='ocrx_word' id='word_1_603' title='bbox 1882 2484 2017 2540; x_wconf 80' lang='lat' dir='ltr'><strong>meis</strong></span> <span class='ocrx_word' id='word_1_604' title='bbox 2038 2483 2381 2552; x_wconf 78' lang='lat' dir='ltr'><strong>iucunditas,</strong></span> <span class='ocrx_word' id='word_1_605' title='bbox 2411 2495 2468 2542; x_wconf 88' lang='lat' dir='ltr'><strong>et</strong></span> <span class='ocrx_word' id='word_1_606' title='bbox 2500 2487 2556 2541; x_wconf 93' lang='lat' dir='ltr'><strong>in</strong></span> <span class='ocrx_word' id='word_1_607' title='bbox 2576 2488 2758 2544; x_wconf 87' lang='lat' dir='ltr'><strong>verbis</strong></span> <span class='ocrx_word' id='word_1_608' title='bbox 2785 2487 3074 2545; x_wconf 82' lang='lat' dir='ltr'><strong>exsultatio</strong></span> <span class='ocrx_word' id='word_1_609' title='bbox 3093 2529 3107 2554; x_wconf 96' lang='lat'><strong>,</strong></span> <span class='ocrx_word' id='word_1_610' title='bbox 3136 2496 3357 2560; x_wconf 80' lang='lat' dir='ltr'><strong>propter</strong></span> <span class='ocrx_word' id='word_1_611' title='bbox 3385 2505 3474 2546; x_wconf 81' lang='lat' dir='ltr'><strong>re-</strong></span> 
     </span>
    </p>
   </div>
   <div class='ocr_carea' id='block_1_84' title="bbox 1880 2577 3473 2650">
    <p class='ocr_par' dir='ltr' id='par_1_84' title="bbox 1880 2577 3473 2650">
     <span class='ocr_line' id='line_1_84' title="bbox 1880 2577 3473 2650; baseline 0.003 -18"><span class='ocrx_word' id='word_1_612' title='bbox 1880 2577 2272 2633; x_wconf 86' lang='lat' dir='ltr'><strong>surrectionem</strong></span> <span class='ocrx_word' id='word_1_613' title='bbox 2325 2577 2537 2634; x_wconf 83' lang='lat' dir='ltr'><strong>scilicet</strong></span> <span class='ocrx_word' id='word_1_614' title='bbox 2581 2578 2707 2649; x_wconf 88' lang='lat' dir='ltr'><strong>quia</strong></span> <span class='ocrx_word' id='word_1_615' title='bbox 2752 2593 2855 2650; x_wconf 90' lang='lat' dir='ltr'><strong>per</strong></span> <span class='ocrx_word' id='word_1_616' title='bbox 2905 2593 3027 2635; x_wconf 89' lang='lat' dir='ltr'><strong>eam</strong></span> <span class='ocrx_word' id='word_1_617' title='bbox 3081 2579 3341 2636; x_wconf 84' lang='lat' dir='ltr'><strong>liberatus</strong></span> <span class='ocrx_word' id='word_1_618' title='bbox 3384 2591 3473 2637; x_wconf 83' lang='lat' dir='ltr'><strong>est</strong></span> 
     </span>
    </p>
   </div>
   <div class='ocr_carea' id='block_1_85' title="bbox 1880 2666 3470 2738">
    <p class='ocr_par' dir='ltr' id='par_1_85' title="bbox 1880 2666 3470 2738">
     <span class='ocr_line' id='line_1_85' title="bbox 1880 2666 3470 2738; baseline 0.004 -18"><span class='ocrx_word' id='word_1_619' title='bbox 1880 2666 2146 2733; x_wconf 88' lang='lat' dir='ltr'><strong>mundus,</strong></span> <span class='ocrx_word' id='word_1_620' title='bbox 2177 2668 2400 2738; x_wconf 89' lang='lat' dir='ltr'><strong>insuper</strong></span> <span class='ocrx_word' id='word_1_621' title='bbox 2419 2675 2477 2724; x_wconf 90' lang='lat' dir='ltr'><strong>et</strong></span> <span class='ocrx_word' id='word_1_622' title='bbox 2509 2682 2640 2724; x_wconf 88' lang='lat' dir='ltr'><strong>caro</strong></span> <span class='ocrx_word' id='word_1_623' title='bbox 2672 2683 2794 2725; x_wconf 85' lang='lat' dir='ltr'><strong>mea</strong></span> <span class='ocrx_word' id='word_1_624' title='bbox 2840 2684 2949 2725; x_wconf 88' lang='lat' dir='ltr'><strong>non</strong></span> <span class='ocrx_word' id='word_1_625' title='bbox 2976 2668 3194 2726; x_wconf 71' lang='lat' dir='ltr'><strong>deﬁciet</strong></span> <span class='ocrx_word' id='word_1_626' title='bbox 3220 2670 3274 2725; x_wconf 88' lang='lat' dir='ltr'><strong>in</strong></span> <span class='ocrx_word' id='word_1_627' title='bbox 3303 2671 3470 2726; x_wconf 85' lang='lat' dir='ltr'><strong>inter-</strong></span> 
     </span>
    </p>
   </div>
   <div class='ocr_carea' id='block_1_86' title="bbox 1880 2756 3473 2830">
    <p class='ocr_par' dir='ltr' id='par_1_86' title="bbox 1880 2756 3473 2830">
     <span class='ocr_line' id='line_1_86' title="bbox 1880 2756 3473 2830; baseline 0.004 -20"><span class='ocrx_word' id='word_1_628' title='bbox 1880 2756 2038 2823; x_wconf 89' lang='lat' dir='ltr'><strong>itum,</strong></span> <span class='ocrx_word' id='word_1_629' title='bbox 2070 2757 2166 2813; x_wconf 88' lang='lat' dir='ltr'><strong>sed</strong></span> <span class='ocrx_word' id='word_1_630' title='bbox 2193 2758 2248 2812; x_wconf 91' lang='lat' dir='ltr'><strong>in</strong></span> <span class='ocrx_word' id='word_1_631' title='bbox 2284 2772 2379 2829; x_wconf 91' lang='lat' dir='ltr'><strong>spe</strong></span> <span class='ocrx_word' id='word_1_632' title='bbox 2407 2758 2826 2816; x_wconf 85' lang='lat' dir='ltr'><strong>resurrectionis</strong></span> <span class='ocrx_word' id='word_1_633' title='bbox 2859 2760 3188 2827; x_wconf 83' lang='lat' dir='ltr'><strong>obdormiet,</strong></span> <span class='ocrx_word' id='word_1_634' title='bbox 3215 2761 3473 2830; x_wconf 83' lang='lat' dir='ltr'><strong>quoniam</strong></span> 
     </span>
    </p>
   </div>
   <div class='ocr_carea' id='block_1_87' title="bbox 1880 2848 3473 2921">
    <p class='ocr_par' dir='ltr' id='par_1_87' title="bbox 1880 2848 3473 2921">
     <span class='ocr_line' id='line_1_87' title="bbox 1880 2848 3473 2921; baseline 0.003 -19"><span class='ocrx_word' id='word_1_635' title='bbox 1880 2861 2056 2917; x_wconf 90' lang='lat' dir='ltr'><strong>neque</strong></span> <span class='ocrx_word' id='word_1_636' title='bbox 2079 2848 2316 2903; x_wconf 87' lang='lat' dir='ltr'><strong>animam</strong></span> <span class='ocrx_word' id='word_1_637' title='bbox 2341 2863 2518 2904; x_wconf 87' lang='lat' dir='ltr'><strong>meam</strong></span> <span class='ocrx_word' id='word_1_638' title='bbox 2545 2848 2738 2906; x_wconf 84' lang='lat' dir='ltr'><strong>inferis</strong></span> <span class='ocrx_word' id='word_1_639' title='bbox 2761 2850 3142 2921; x_wconf 85' lang='lat' dir='ltr'><strong>possidendam</strong></span> <span class='ocrx_word' id='word_1_640' title='bbox 3169 2851 3343 2918; x_wconf 81' lang='lat' dir='ltr'><strong>dabis,</strong></span> <span class='ocrx_word' id='word_1_641' title='bbox 3372 2866 3473 2906; x_wconf 86' lang='lat' dir='ltr'><strong>ne-</strong></span> 
     </span>
    </p>
   </div>
   <div class='ocr_carea' id='block_1_88' title="bbox 1878 2938 3473 3011">
    <p class='ocr_par' dir='ltr' id='par_1_88' title="bbox 1878 2938 3473 3011">
     <span class='ocr_line' id='line_1_88' title="bbox 1878 2938 3473 3011; baseline 0.004 -21"><span class='ocrx_word' id='word_1_642' title='bbox 1878 2951 1984 3007; x_wconf 90' lang='lat' dir='ltr'><strong>que</strong></span> <span class='ocrx_word' id='word_1_643' title='bbox 2012 2938 2410 2993; x_wconf 82' lang='lat' dir='ltr'><strong>sanctiﬁcatum</strong></span> <span class='ocrx_word' id='word_1_644' title='bbox 2446 2952 2647 3009; x_wconf 86' lang='lat' dir='ltr'><strong>corpus</strong></span> <span class='ocrx_word' id='word_1_645' title='bbox 2683 2954 2783 3011; x_wconf 87' lang='lat' dir='ltr'><strong>per</strong></span> <span class='ocrx_word' id='word_1_646' title='bbox 2822 2939 2967 3011; x_wconf 89' lang='lat' dir='ltr'><strong>quod</strong></span> <span class='ocrx_word' id='word_1_647' title='bbox 3001 2947 3058 2996; x_wconf 88' lang='lat' dir='ltr'><strong>et</strong></span> <span class='ocrx_word' id='word_1_648' title='bbox 3097 2940 3189 2995; x_wconf 83' lang='lat' dir='ltr'><strong>alii</strong></span> <span class='ocrx_word' id='word_1_649' title='bbox 3229 2941 3473 2997; x_wconf 82' lang='lat' dir='ltr'><strong>sactitl—</strong></span> 
     </span>
    </p>
   </div>
   <div class='ocr_carea' id='block_1_89' title="bbox 1877 3026 3472 3101">
    <p class='ocr_par' dir='ltr' id='par_1_89' title="bbox 1877 3026 3472 3101">
     <span class='ocr_line' id='line_1_89' title="bbox 1877 3026 3472 3101; baseline 0.002 -16"><span class='ocrx_word' id='word_1_650' title='bbox 1877 3026 2035 3085; x_wconf 87' lang='lat' dir='ltr'><strong>candi</strong></span> <span class='ocrx_word' id='word_1_651' title='bbox 2074 3034 2203 3083; x_wconf 86' lang='lat' dir='ltr'><strong>sunt</strong></span> <span class='ocrx_word' id='word_1_652' title='bbox 2237 3029 2513 3099; x_wconf 87' lang='lat' dir='ltr'><strong>corrumpi</strong></span> <span class='ocrx_word' id='word_1_653' title='bbox 2548 3030 2810 3099; x_wconf 87' lang='lat' dir='ltr'><strong>patieris;</strong></span> <span class='ocrx_word' id='word_1_654' title='bbox 2840 3030 2968 3101; x_wconf 87' lang='lat' dir='ltr'><strong>quia</strong></span> <span class='ocrx_word' id='word_1_655' title='bbox 2993 3038 3152 3087; x_wconf 79' lang='lat' dir='ltr'><strong>notas</strong></span> <span class='ocrx_word' id='word_1_656' title='bbox 3183 3031 3316 3091; x_wconf 87' lang='lat' dir='ltr'><strong>mihi</strong></span> <span class='ocrx_word' id='word_1_657' title='bbox 3341 3030 3472 3088; x_wconf 84' lang='lat' dir='ltr'><strong>feci-</strong></span> 
     </span>
    </p>
   </div>
   <div class='ocr_carea' id='block_1_90' title="bbox 1877 3117 3473 3192">
    <p class='ocr_par' dir='ltr' id='par_1_90' title="bbox 1877 3117 3473 3192">
     <span class='ocr_line' id='line_1_90' title="bbox 1877 3117 3473 3192; baseline 0.004 -20"><span class='ocrx_word' id='word_1_658' title='bbox 1877 3117 1947 3181; x_wconf 82' lang='lat' dir='ltr'><strong>sti</strong></span> <span class='ocrx_word' id='word_1_659' title='bbox 1981 3117 2126 3184; x_wconf 85' lang='lat' dir='ltr'><strong>vias,</strong></span> <span class='ocrx_word' id='word_1_660' title='bbox 2153 3118 2351 3188; x_wconf 89' lang='lat' dir='ltr'><strong>quibus</strong></span> <span class='ocrx_word' id='word_1_661' title='bbox 2376 3119 2488 3174; x_wconf 88' lang='lat' dir='ltr'><strong>itur</strong></span> <span class='ocrx_word' id='word_1_662' title='bbox 2521 3120 2588 3174; x_wconf 86' lang='lat' dir='ltr'><strong>ad</strong></span> <span class='ocrx_word' id='word_1_663' title='bbox 2614 3120 2974 3177; x_wconf 62' lang='lat' dir='ltr'><strong>aeternitatem</strong></span> <span class='ocrx_word' id='word_1_664' title='bbox 2996 3160 3013 3187; x_wconf 91' lang='lat'><strong>,</strong></span> <span class='ocrx_word' id='word_1_665' title='bbox 3040 3122 3097 3177; x_wconf 89' lang='lat' dir='ltr'><strong>in</strong></span> <span class='ocrx_word' id='word_1_666' title='bbox 3130 3121 3328 3191; x_wconf 87' lang='lat' dir='ltr'><strong>quibus</strong></span> <span class='ocrx_word' id='word_1_667' title='bbox 3349 3131 3473 3192; x_wconf 84' lang='lat' dir='ltr'><strong>post</strong></span> 
     </span>
    </p>
   </div>
   <div class='ocr_carea' id='block_1_91' title="bbox 1878 3208 3469 3280">
    <p class='ocr_par' dir='ltr' id='par_1_91' title="bbox 1878 3208 3469 3280">
     <span class='ocr_line' id='line_1_91' title="bbox 1878 3208 3469 3280; baseline 0.005 -18"><span class='ocrx_word' id='word_1_668' title='bbox 1878 3208 2155 3264; x_wconf 89' lang='lat' dir='ltr'><strong>tristitiam</strong></span> <span class='ocrx_word' id='word_1_669' title='bbox 2185 3211 2811 3280; x_wconf 86' lang='lat' dir='ltr'><strong>passionis,adimplebis</strong></span> <span class='ocrx_word' id='word_1_670' title='bbox 2838 3228 2926 3269; x_wconf 92' lang='lat' dir='ltr'><strong>me</strong></span> <span class='ocrx_word' id='word_1_671' title='bbox 2958 3213 3145 3269; x_wconf 60' lang='lat' dir='ltr'><strong>laetitia</strong></span> <span class='ocrx_word' id='word_1_672' title='bbox 3169 3228 3295 3270; x_wconf 90' lang='lat' dir='ltr'><strong>curn</strong></span> <span class='ocrx_word' id='word_1_673' title='bbox 3320 3214 3469 3270; x_wconf 89' lang='lat' dir='ltr'><strong>vultu</strong></span> 
     </span>
    </p>
   </div>
   <div class='ocr_carea' id='block_1_92' title="bbox 1874 3299 3478 3365">
    <p class='ocr_par' dir='ltr' id='par_1_92' title="bbox 1874 3299 3478 3365">
     <span class='ocr_line' id='line_1_92' title="bbox 1874 3299 3478 3365; baseline 0.007 -12"><span class='ocrx_word' id='word_1_674' title='bbox 1874 3306 1988 3354; x_wconf 88' lang='lat' dir='ltr'><strong>tuo.</strong></span> <span class='ocrx_word' id='word_1_675' title='bbox 2017 3299 2084 3354; x_wconf 85' lang='lat' dir='ltr'><strong>Et</strong></span> <span class='ocrx_word' id='word_1_676' title='bbox 2112 3302 2431 3357; x_wconf 84' lang='lat' dir='ltr'><strong>ascendenti</strong></span> <span class='ocrx_word' id='word_1_677' title='bbox 2469 3302 2523 3357; x_wconf 91' lang='lat' dir='ltr'><strong>in</strong></span> <span class='ocrx_word' id='word_1_678' title='bbox 2560 3303 2716 3358; x_wconf 68' lang='lat' dir='ltr'><strong>caelis</strong></span> <span class='ocrx_word' id='word_1_679' title='bbox 2766 3305 2923 3360; x_wconf 89' lang='lat' dir='ltr'><strong>dabis</strong></span> <span class='ocrx_word' id='word_1_680' title='bbox 2968 3305 3357 3363; x_wconf 84' lang='lat' dir='ltr'><strong>delectationes</strong></span> <span class='ocrx_word' id='word_1_681' title='bbox 3414 3309 3478 3365; x_wconf 69' lang='lat' dir='ltr'><strong>in,</strong></span> 
     </span>
    </p>
   </div>
   <div class='ocr_carea' id='block_1_93' title="bbox 1874 3388 3470 3468">
    <p class='ocr_par' dir='ltr' id='par_1_93' title="bbox 1874 3388 3470 3468">
     <span class='ocr_line' id='line_1_93' title="bbox 1874 3388 3470 3468; baseline 0.008 -25"><span class='ocrx_word' id='word_1_682' title='bbox 1874 3388 2097 3445; x_wconf 81' lang='lat' dir='ltr'><strong>dextera</strong></span> <span class='ocrx_word' id='word_1_683' title='bbox 2133 3399 2225 3445; x_wconf 75' lang='lat' dir='ltr'><strong>tua</strong></span> <span class='ocrx_word' id='word_1_684' title='bbox 2255 3405 2425 3460; x_wconf 87' lang='lat' dir='ltr'><strong>usque</strong></span> <span class='ocrx_word' id='word_1_685' title='bbox 2465 3392 2520 3447; x_wconf 91' lang='lat' dir='ltr'><strong>in</strong></span> <span class='ocrx_word' id='word_1_686' title='bbox 2562 3392 2758 3461; x_wconf 87' lang='lat' dir='ltr'><strong>linem;</strong></span> <span class='ocrx_word' id='word_1_687' title='bbox 2804 3396 2931 3465; x_wconf 85' lang='lat' dir='ltr'><strong>quia</strong></span> <span class='ocrx_word' id='word_1_688' title='bbox 2972 3411 3149 3468; x_wconf 87' lang='lat' dir='ltr'><strong>neque</strong></span> <span class='ocrx_word' id='word_1_689' title='bbox 3178 3398 3470 3455; x_wconf 86' lang='lat' dir='ltr'><strong>derelictus</strong></span> 
     </span>
    </p>
   </div>
   <div class='ocr_carea' id='block_1_94' title="bbox 1873 3479 3468 3554">
    <p class='ocr_par' dir='ltr' id='par_1_94' title="bbox 1873 3479 3468 3554">
     <span class='ocr_line' id='line_1_94' title="bbox 1873 3479 3468 3554; baseline 0.009 -22"><span class='ocrx_word' id='word_1_690' title='bbox 1873 3479 1929 3533; x_wconf 92' lang='lat' dir='ltr'><strong>in</strong></span> <span class='ocrx_word' id='word_1_691' title='bbox 1959 3479 2193 3546; x_wconf 89' lang='lat' dir='ltr'><strong>inferno,</strong></span> <span class='ocrx_word' id='word_1_692' title='bbox 2213 3480 2493 3537; x_wconf 86' lang='lat' dir='ltr'><strong>descendit</strong></span> <span class='ocrx_word' id='word_1_693' title='bbox 2514 3484 2730 3554; x_wconf 81' lang='lat' dir='ltr'><strong>quidem</strong></span> <span class='ocrx_word' id='word_1_694' title='bbox 2754 3485 3008 3544; x_wconf 85' lang='lat' dir='ltr'><strong>Christus</strong></span> <span class='ocrx_word' id='word_1_695' title='bbox 3028 3492 3325 3545; x_wconf 89' lang='lat' dir='ltr'><strong>secundum</strong></span> <span class='ocrx_word' id='word_1_696' title='bbox 3350 3493 3468 3546; x_wconf 87' lang='lat' dir='ltr'><strong>ani-</strong></span> 
     </span>
    </p>
   </div>
   <div class='ocr_carea' id='block_1_95' title="bbox 1873 3570 3463 3645">
    <p class='ocr_par' dir='ltr' id='par_1_95' title="bbox 1873 3570 3463 3645">
     <span class='ocr_line' id='line_1_95' title="bbox 1873 3570 3463 3645; baseline 0.006 -21"><span class='ocrx_word' id='word_1_697' title='bbox 1873 3584 2016 3624; x_wconf 89' lang='lat' dir='ltr'><strong>mam</strong></span> <span class='ocrx_word' id='word_1_698' title='bbox 2045 3571 2113 3626; x_wconf 87' lang='lat' dir='ltr'><strong>ad</strong></span> <span class='ocrx_word' id='word_1_699' title='bbox 2139 3570 2363 3636; x_wconf 75' lang='lat' dir='ltr'><strong>inferos,</strong></span> <span class='ocrx_word' id='word_1_700' title='bbox 2392 3581 2454 3627; x_wconf 88' lang='lat' dir='ltr'><strong>ut</strong></span> <span class='ocrx_word' id='word_1_701' title='bbox 2478 3575 2677 3643; x_wconf 87' lang='lat' dir='ltr'><strong>quibus</strong></span> <span class='ocrx_word' id='word_1_702' title='bbox 2699 3577 2962 3645; x_wconf 89' lang='lat' dir='ltr'><strong>oportuit,</strong></span> <span class='ocrx_word' id='word_1_703' title='bbox 2993 3577 3336 3643; x_wconf 87' lang='lat' dir='ltr'><strong>subveniret;</strong></span> <span class='ocrx_word' id='word_1_704' title='bbox 3367 3581 3463 3634; x_wconf 85' lang='lat' dir='ltr'><strong>sed</strong></span> 
     </span>
    </p>
   </div>
   <div class='ocr_carea' id='block_1_96' title="bbox 1865 3662 3465 3736">
    <p class='ocr_par' dir='ltr' id='par_1_96' title="bbox 1865 3662 3465 3736">
     <span class='ocr_line' id='line_1_96' title="bbox 1865 3662 3465 3736; baseline 0.006 -21"><span class='ocrx_word' id='word_1_705' title='bbox 1865 3671 1979 3715; x_wconf 84' lang='lat' dir='ltr'><strong>non</strong></span> <span class='ocrx_word' id='word_1_706' title='bbox 2019 3671 2103 3717; x_wconf 89' lang='lat' dir='ltr'><strong>est</strong></span> <span class='ocrx_word' id='word_1_707' title='bbox 2144 3662 2437 3719; x_wconf 86' lang='lat' dir='ltr'><strong>derelictus</strong></span> <span class='ocrx_word' id='word_1_708' title='bbox 2474 3665 2527 3719; x_wconf 92' lang='lat' dir='ltr'><strong>in</strong></span> <span class='ocrx_word' id='word_1_709' title='bbox 2568 3665 2812 3731; x_wconf 86' lang='lat' dir='ltr'><strong>inferno,</strong></span> <span class='ocrx_word' id='word_1_710' title='bbox 2857 3668 2948 3736; x_wconf 89' lang='lat' dir='ltr'><strong>qui</strong></span> <span class='ocrx_word' id='word_1_711' title='bbox 2996 3667 3260 3724; x_wconf 85' lang='lat' dir='ltr'><strong>citissime</strong></span> <span class='ocrx_word' id='word_1_712' title='bbox 3290 3668 3465 3725; x_wconf 80' lang='lat' dir='ltr'><strong>reditu</strong></span> 
     </span>
    </p>
   </div>
   <div class='ocr_carea' id='block_1_97' title="bbox 1871 3750 3466 3825">
    <p class='ocr_par' dir='ltr' id='par_1_97' title="bbox 1871 3750 3466 3825">
     <span class='ocr_line' id='line_1_97' title="bbox 1871 3750 3466 3825; baseline 0.006 -18"><span class='ocrx_word' id='word_1_713' title='bbox 1871 3766 2069 3823; x_wconf 89' lang='lat' dir='ltr'><strong>corpus</strong></span> <span class='ocrx_word' id='word_1_714' title='bbox 2112 3762 2548 3809; x_wconf 86' lang='lat' dir='ltr'><strong>resurrecturum</strong></span> <span class='ocrx_word' id='word_1_715' title='bbox 2584 3756 2796 3825; x_wconf 90' lang='lat' dir='ltr'><strong>petivit.</strong></span> <span class='ocrx_word' id='word_1_716' title='bbox 2848 3757 3032 3813; x_wconf 85' lang='lat' dir='ltr'><strong>Tertia</strong></span> <span class='ocrx_word' id='word_1_717' title='bbox 3084 3750 3332 3816; x_wconf 84' lang='lat' dir='ltr'><strong>videlicet</strong></span> <span class='ocrx_word' id='word_1_718' title='bbox 3378 3762 3466 3817; x_wconf 87' lang='lat' dir='ltr'><strong>die</strong></span> 
     </span>
    </p>
   </div>
   <div class='ocr_carea' id='block_1_98' title="bbox 1871 3841 3465 3918">
    <p class='ocr_par' dir='ltr' id='par_1_98' title="bbox 1871 3841 3465 3918">
     <span class='ocr_line' id='line_1_98' title="bbox 1871 3841 3465 3918; baseline 0.008 -25"><span class='ocrx_word' id='word_1_719' title='bbox 1871 3841 2171 3896; x_wconf 80' lang='lat' dir='ltr'><strong>resurrexit</strong></span> <span class='ocrx_word' id='word_1_720' title='bbox 2201 3857 2233 3895; x_wconf 92' lang='lat' dir='ltr'><strong>a</strong></span> <span class='ocrx_word' id='word_1_721' title='bbox 2272 3842 2502 3898; x_wconf 89' lang='lat' dir='ltr'><strong>mortuis</strong></span> <span class='ocrx_word' id='word_1_722' title='bbox 2526 3854 2580 3898; x_wconf 91' lang='lat' dir='ltr'><strong>et</strong></span> <span class='ocrx_word' id='word_1_723' title='bbox 2609 3846 3024 3918; x_wconf 86' lang='lat' dir='ltr'><strong>quadragesima</strong></span> <span class='ocrx_word' id='word_1_724' title='bbox 3051 3856 3240 3918; x_wconf 82' lang='lat' dir='ltr'><strong>postea</strong></span> <span class='ocrx_word' id='word_1_725' title='bbox 3266 3851 3354 3906; x_wconf 85' lang='lat' dir='ltr'><strong>die</strong></span> <span class='ocrx_word' id='word_1_726' title='bbox 3378 3866 3465 3906; x_wconf 82' lang='lat' dir='ltr'><strong>as-</strong></span> 
     </span>
    </p>
   </div>
   <div class='ocr_carea' id='block_1_99' title="bbox 1870 3930 3477 4012">
    <p class='ocr_par' dir='ltr' id='par_1_99' title="bbox 1870 3930 3477 4012">
     <span class='ocr_line' id='line_1_99' title="bbox 1870 3930 3477 4012; baseline 0.007 -28"><span class='ocrx_word' id='word_1_727' title='bbox 1870 3930 2049 3985; x_wconf 87' lang='lat' dir='ltr'><strong>cendit</strong></span> <span class='ocrx_word' id='word_1_728' title='bbox 2085 3930 2141 3984; x_wconf 93' lang='lat' dir='ltr'><strong>in</strong></span> <span class='ocrx_word' id='word_1_729' title='bbox 2182 3930 2376 3987; x_wconf 73' lang='lat' dir='ltr'><strong>caelum</strong></span> <span class='ocrx_word' id='word_1_730' title='bbox 2397 3971 2412 3999; x_wconf 93' lang='lat'><strong>,</strong></span> <span class='ocrx_word' id='word_1_731' title='bbox 2444 3941 2501 3987; x_wconf 92' lang='lat' dir='ltr'><strong>et</strong></span> <span class='ocrx_word' id='word_1_732' title='bbox 2534 3935 2690 3990; x_wconf 88' lang='lat' dir='ltr'><strong>sedet</strong></span> <span class='ocrx_word' id='word_1_733' title='bbox 2726 3936 2795 3991; x_wconf 90' lang='lat' dir='ltr'><strong>ad</strong></span> <span class='ocrx_word' id='word_1_734' title='bbox 2835 3936 3116 3994; x_wconf 83' lang='lat' dir='ltr'><strong>dexteram</strong></span> <span class='ocrx_word' id='word_1_735' title='bbox 3158 3939 3252 3996; x_wconf 87' lang='lat' dir='ltr'><strong>Dei</strong></span> <span class='ocrx_word' id='word_1_736' title='bbox 3296 3943 3477 4012; x_wconf 87' lang='lat' dir='ltr'><strong>patris.</strong></span> 
     </span>
    </p>
   </div>
   <div class='ocr_carea' id='block_1_100' title="bbox 1868 4018 3465 4096">
    <p class='ocr_par' dir='ltr' id='par_1_100' title="bbox 1868 4018 3465 4096">
     <span class='ocr_line' id='line_1_100' title="bbox 1868 4018 3465 4096; baseline 0.01 -23"><span class='ocrx_word' id='word_1_737' title='bbox 1868 4018 2286 4090; x_wconf 84' lang='lat' dir='ltr'><strong>omnipotentis,</strong></span> <span class='ocrx_word' id='word_1_738' title='bbox 2316 4022 2442 4077; x_wconf 88' lang='lat' dir='ltr'><strong>inde</strong></span> <span class='ocrx_word' id='word_1_739' title='bbox 2476 4033 2735 4083; x_wconf 77' lang='lat' dir='ltr'><strong>venturus</strong></span> <span class='ocrx_word' id='word_1_740' title='bbox 2765 4024 3015 4096; x_wconf 84' lang='lat' dir='ltr'><strong>judicare</strong></span> <span class='ocrx_word' id='word_1_741' title='bbox 3042 4029 3194 4087; x_wconf 89' lang='lat' dir='ltr'><strong>vivos</strong></span> <span class='ocrx_word' id='word_1_742' title='bbox 3223 4040 3279 4087; x_wconf 87' lang='lat' dir='ltr'><strong>et</strong></span> <span class='ocrx_word' id='word_1_743' title='bbox 3318 4048 3465 4089; x_wconf 86' lang='lat' dir='ltr'><strong>mor—</strong></span> 
     </span>
    </p>
   </div>
   <div class='ocr_carea' id='block_1_101' title="bbox 1869 4109 3419 4189">
    <p class='ocr_par' dir='ltr' id='par_1_101' title="bbox 1869 4109 3419 4189">
     <span class='ocr_line' id='line_1_101' title="bbox 1869 4109 3419 4189; baseline 0.01 -27"><span class='ocrx_word' id='word_1_744' title='bbox 1869 4114 1992 4164; x_wconf 88' lang='lat' dir='ltr'><strong>tuos</strong></span> <span class='ocrx_word' id='word_1_745' title='bbox 2018 4117 2073 4164; x_wconf 92' lang='lat' dir='ltr'><strong>et</strong></span> <span class='ocrx_word' id='word_1_746' title='bbox 2095 4109 2351 4167; x_wconf 63' lang='lat' dir='ltr'><strong>saeculum</strong></span> <span class='ocrx_word' id='word_1_747' title='bbox 2381 4126 2478 4184; x_wconf 87' lang='lat' dir='ltr'><strong>per</strong></span> <span class='ocrx_word' id='word_1_748' title='bbox 2505 4113 2698 4189; x_wconf 82' lang='lat' dir='ltr'><strong>ignem.</strong></span> <span class='ocrx_word' id='word_1_749' title='bbox 2980 4158 2995 4173; x_wconf 67' lang='grc' dir='ltr'><strong><em>ρ</em></strong></span> <span class='ocrx_word' id='word_1_750' title='bbox 3408 4117 3419 4130; x_wconf 90' lang='grc'><em>’</em></span> 
     </span>
    </p>
   </div>
   <div class='ocr_carea' id='block_1_102' title="bbox 2390 4225 2939 4288">
    <p class='ocr_par' dir='ltr' id='par_1_102' title="bbox 2390 4225 2939 4288">
     <span class='ocr_line' id='line_1_102' title="bbox 2390 4225 2939 4288; baseline 0.009 -7"><span class='ocrx_word' id='word_1_751' title='bbox 2390 4225 2672 4284; x_wconf 75' lang='lat' dir='ltr'><strong>IIOMILIA</strong></span> <span class='ocrx_word' id='word_1_752' title='bbox 2708 4228 2939 4288; x_wconf 80' lang='lat' dir='ltr'><strong>LXVIII.</strong></span> 
     </span>
    </p>
   </div>
   <div class='ocr_carea' id='block_1_103' title="bbox 2445 4334 2857 4375">
    <p class='ocr_par' dir='ltr' id='par_1_103' title="bbox 2445 4334 2857 4375">
     <span class='ocr_line' id='line_1_103' title="bbox 2445 4334 2857 4375; baseline 0.002 -1"><span class='ocrx_word' id='word_1_753' title='bbox 2445 4334 2577 4374; x_wconf 68' lang='grc' dir='ltr'><strong>ΙΤΕΜ</strong></span> <span class='ocrx_word' id='word_1_754' title='bbox 2604 4336 2761 4375; x_wconf 62' lang='lat' dir='ltr'><strong>FER“</strong></span> <span class='ocrx_word' id='word_1_755' title='bbox 2784 4337 2835 4375; x_wconf 72' lang='lat' dir='ltr'><strong>Vl</strong></span> <span class='ocrx_word' id='word_1_756' title='bbox 2846 4362 2857 4374; x_wconf 83' lang='lat'><strong>.</strong></span> 
     </span>
    </p>
   </div>
   <div class='ocr_carea' id='block_1_104' title="bbox 2025 4403 3293 4480">
    <p class='ocr_par' dir='ltr' id='par_1_104' title="bbox 2025 4403 3293 4480">
     <span class='ocr_line' id='line_1_104' title="bbox 2025 4403 3293 4480; baseline 0.005 -20"><span class='ocrx_word' id='word_1_757' title='bbox 2025 4403 2212 4460; x_wconf 80' lang='lat' dir='ltr'><strong>Lectio</strong></span> <span class='ocrx_word' id='word_1_758' title='bbox 2239 4407 2411 4463; x_wconf 89' lang='lat' dir='ltr'><strong>sancti</strong></span> <span class='ocrx_word' id='word_1_759' title='bbox 2439 4406 2719 4480; x_wconf 82' lang='lat' dir='ltr'><strong>Evangelii</strong></span> <span class='ocrx_word' id='word_1_760' title='bbox 2750 4411 3045 4465; x_wconf 84' lang='lat' dir='ltr'><strong>secundum</strong></span> <span class='ocrx_word' id='word_1_761' title='bbox 3070 4410 3293 4466; x_wconf 85' lang='lat' dir='ltr'><strong>Lucam.</strong></span> 
     </span>
    </p>
   </div>
   <div class='ocr_carea' id='block_1_105' title="bbox 1789 4514 3455 4591">
    <p class='ocr_par' dir='ltr' id='par_1_105' title="bbox 1789 4514 3455 4591">
     <span class='ocr_line' id='line_1_105' title="bbox 1789 4514 3455 4591; baseline 0.009 -24"><span class='ocrx_word' id='word_1_762' title='bbox 1789 4530 1842 4589; x_wconf 79' lang='lat' dir='ltr'><strong>D</strong></span> <span class='ocrx_word' id='word_1_763' title='bbox 1939 4514 2008 4570; x_wconf 88' lang='lat' dir='ltr'><strong>In</strong></span> <span class='ocrx_word' id='word_1_764' title='bbox 2035 4515 2127 4572; x_wconf 83' lang='lat' dir='ltr'><strong>illo</strong></span> <span class='ocrx_word' id='word_1_765' title='bbox 2154 4528 2401 4591; x_wconf 86' lang='lat' dir='ltr'><strong>tempore,</strong></span> <span class='ocrx_word' id='word_1_766' title='bbox 2427 4520 2627 4590; x_wconf 80' lang='lat' dir='ltr'><strong>factum</strong></span> <span class='ocrx_word' id='word_1_767' title='bbox 2655 4531 2729 4574; x_wconf 86' lang='lat' dir='ltr'><strong>est</strong></span> <span class='ocrx_word' id='word_1_768' title='bbox 2753 4521 2807 4576; x_wconf 89' lang='lat' dir='ltr'><strong>in</strong></span> <span class='ocrx_word' id='word_1_769' title='bbox 2836 4539 2943 4576; x_wconf 86' lang='lat' dir='ltr'><strong>una</strong></span> <span class='ocrx_word' id='word_1_770' title='bbox 2971 4522 3195 4590; x_wconf 87' lang='lat' dir='ltr'><strong>dierum,</strong></span> <span class='ocrx_word' id='word_1_771' title='bbox 3221 4535 3268 4580; x_wconf 92' lang='lat' dir='ltr'><strong>et</strong></span> <span class='ocrx_word' id='word_1_772' title='bbox 3299 4523 3455 4583; x_wconf 86' lang='lat' dir='ltr'><strong>Jesus</strong></span> 
     </span>
    </p>
   </div>
   <div class='ocr_carea' id='block_1_106' title="bbox 1864 4603 3274 4677">
    <p class='ocr_par' dir='ltr' id='par_1_106' title="bbox 1864 4603 3274 4677">
     <span class='ocr_line' id='line_1_106' title="bbox 1864 4603 3274 4677; baseline 0.009 -20"><span class='ocrx_word' id='word_1_773' title='bbox 1864 4603 2072 4659; x_wconf 88' lang='lat' dir='ltr'><strong>sedebat</strong></span> <span class='ocrx_word' id='word_1_774' title='bbox 2103 4606 2314 4674; x_wconf 85' lang='lat' dir='ltr'><strong>docens,</strong></span> <span class='ocrx_word' id='word_1_775' title='bbox 2342 4618 2392 4662; x_wconf 90' lang='lat' dir='ltr'><strong>et</strong></span> <span class='ocrx_word' id='word_1_776' title='bbox 2419 4619 2568 4663; x_wconf 86' lang='lat' dir='ltr'><strong>erant</strong></span> <span class='ocrx_word' id='word_1_777' title='bbox 2601 4606 2861 4664; x_wconf 65' lang='lat' dir='ltr'><strong>Pharisaei</strong></span> <span class='ocrx_word' id='word_1_778' title='bbox 2887 4611 3139 4677; x_wconf 87' lang='lat' dir='ltr'><strong>sedentes,</strong></span> <span class='ocrx_word' id='word_1_779' title='bbox 3169 4622 3274 4670; x_wconf 88' lang='lat' dir='ltr'><strong>etc.</strong></span> 
     </span>
    </p>
   </div>
   <div class='ocr_carea' id='block_1_107' title="bbox 1938 4696 3449 4773">
    <p class='ocr_par' dir='ltr' id='par_1_107' title="bbox 1938 4696 3449 4773">
     <span class='ocr_line' id='line_1_107' title="bbox 1938 4696 3449 4773; baseline 0.007 -21"><span class='ocrx_word' id='word_1_780' title='bbox 1938 4696 2039 4753; x_wconf 78' lang='lat' dir='ltr'><strong>Ubi</strong></span> <span class='ocrx_word' id='word_1_781' title='bbox 2078 4697 2341 4755; x_wconf 90' lang='lat' dir='ltr'><strong>Dominus</strong></span> <span class='ocrx_word' id='word_1_782' title='bbox 2380 4699 2574 4755; x_wconf 88' lang='lat' dir='ltr'><strong>sedens</strong></span> <span class='ocrx_word' id='word_1_783' title='bbox 2604 4701 2847 4756; x_wconf 90' lang='lat' dir='ltr'><strong>docuerit</strong></span> <span class='ocrx_word' id='word_1_784' title='bbox 2870 4743 2895 4767; x_wconf 22' lang='lat'><strong>,,</strong></span> <span class='ocrx_word' id='word_1_785' title='bbox 2918 4705 3134 4773; x_wconf 86' lang='lat' dir='ltr'><strong>quando</strong></span> <span class='ocrx_word' id='word_1_786' title='bbox 3164 4703 3371 4761; x_wconf 90' lang='lat' dir='ltr'><strong>Scribis</strong></span> <span class='ocrx_word' id='word_1_787' title='bbox 3397 4717 3449 4763; x_wconf 92' lang='lat' dir='ltr'><strong>et</strong></span> 
     </span>
    </p>
   </div>
   <div class='ocr_carea' id='block_1_108' title="bbox 1863 4788 3453 4866">
    <p class='ocr_par' dir='ltr' id='par_1_108' title="bbox 1863 4788 3453 4866">
     <span class='ocr_line' id='line_1_108' title="bbox 1863 4788 3453 4866; baseline 0.008 -23"><span class='ocrx_word' id='word_1_788' title='bbox 1863 4788 2151 4846; x_wconf 80' lang='lat' dir='ltr'><strong>Pharisaeis</strong></span> <span class='ocrx_word' id='word_1_789' title='bbox 2180 4791 2594 4847; x_wconf 87' lang='lat' dir='ltr'><strong>consedentibus</strong></span> <span class='ocrx_word' id='word_1_790' title='bbox 2630 4793 2986 4866; x_wconf 76' lang='lat' dir='ltr'><strong>paralyticum</strong></span> <span class='ocrx_word' id='word_1_791' title='bbox 3017 4798 3246 4863; x_wconf 82' lang='lat' dir='ltr'><strong>curavit,</strong></span> <span class='ocrx_word' id='word_1_792' title='bbox 3279 4798 3453 4855; x_wconf 87' lang='lat' dir='ltr'><strong>Lucas</strong></span> 
     </span>
    </p>
   </div>
   <div class='ocr_carea' id='block_1_109' title="bbox 1862 4881 3452 4953">
    <p class='ocr_par' dir='ltr' id='par_1_109' title="bbox 1862 4881 3452 4953">
     <span class='ocr_line' id='line_1_109' title="bbox 1862 4881 3452 4953; baseline 0.006 -18"><span class='ocrx_word' id='word_1_793' title='bbox 1862 4881 2142 4937; x_wconf 81' lang='lat' dir='ltr'><strong>breviandi</strong></span> <span class='ocrx_word' id='word_1_794' title='bbox 2173 4883 2342 4953; x_wconf 85' lang='lat' dir='ltr'><strong>gratia</strong></span> <span class='ocrx_word' id='word_1_795' title='bbox 2368 4885 2662 4953; x_wconf 70' lang='lat' dir='ltr'><strong>praeteriit,</strong></span> <span class='ocrx_word' id='word_1_796' title='bbox 2709 4887 2803 4941; x_wconf 90' lang='lat' dir='ltr'><strong>sed</strong></span> <span class='ocrx_word' id='word_1_797' title='bbox 2832 4886 3117 4945; x_wconf 71' lang='lat' dir='ltr'><strong>Matthmus</strong></span> <span class='ocrx_word' id='word_1_798' title='bbox 3150 4898 3206 4945; x_wconf 89' lang='lat' dir='ltr'><strong>et</strong></span> <span class='ocrx_word' id='word_1_799' title='bbox 3239 4889 3452 4947; x_wconf 83' lang='lat' dir='ltr'><strong>Marcus</strong></span> 
     </span>
    </p>
   </div>
   <div class='ocr_carea' id='block_1_110' title="bbox 1862 4973 3449 5051">
    <p class='ocr_par' dir='ltr' id='par_1_110' title="bbox 1862 4973 3449 5051">
     <span class='ocr_line' id='line_1_110' title="bbox 1862 4973 3449 5051; baseline 0.007 -27"><span class='ocrx_word' id='word_1_800' title='bbox 1862 4973 1955 5041; x_wconf 92' lang='lat' dir='ltr'><strong>qui</strong></span> <span class='ocrx_word' id='word_1_801' title='bbox 1990 4980 2247 5039; x_wconf 88' lang='lat' dir='ltr'><strong>narrant,</strong></span> <span class='ocrx_word' id='word_1_802' title='bbox 2285 4974 2638 5043; x_wconf 68' lang='lat' dir='ltr'><strong>quaestionem</strong></span> <span class='ocrx_word' id='word_1_803' title='bbox 2674 4975 2853 5033; x_wconf 80' lang='lat' dir='ltr'><strong>facere</strong></span> <span class='ocrx_word' id='word_1_804' title='bbox 2884 4978 3165 5047; x_wconf 86' lang='lat' dir='ltr'><strong>videntur,</strong></span> <span class='ocrx_word' id='word_1_805' title='bbox 3196 4982 3449 5051; x_wconf 85' lang='lat' dir='ltr'><strong>quoniam</strong></span> 
     </span>
    </p>
   </div>
   <div class='ocr_carea' id='block_1_111' title="bbox 1863 5062 3446 5135">
    <p class='ocr_par' dir='ltr' id='par_1_111' title="bbox 1863 5062 3446 5135">
     <span class='ocr_line' id='line_1_111' title="bbox 1863 5062 3446 5135; baseline 0.006 -19"><span class='ocrx_word' id='word_1_806' title='bbox 1863 5062 2078 5132; x_wconf 88' lang='lat' dir='ltr'><strong>quidem</strong></span> <span class='ocrx_word' id='word_1_807' title='bbox 2116 5062 2401 5120; x_wconf 66' lang='lat' dir='ltr'><strong>Matthmus</strong></span> <span class='ocrx_word' id='word_1_808' title='bbox 2442 5064 2496 5120; x_wconf 91' lang='lat' dir='ltr'><strong>in</strong></span> <span class='ocrx_word' id='word_1_809' title='bbox 2541 5066 2760 5123; x_wconf 85' lang='lat' dir='ltr'><strong>civitate</strong></span> <span class='ocrx_word' id='word_1_810' title='bbox 2817 5085 2936 5135; x_wconf 89' lang='lat' dir='ltr'><strong>sua,</strong></span> <span class='ocrx_word' id='word_1_811' title='bbox 2995 5069 3206 5126; x_wconf 84' lang='lat' dir='ltr'><strong>Marcus</strong></span> <span class='ocrx_word' id='word_1_812' title='bbox 3254 5072 3307 5125; x_wconf 87' lang='lat' dir='ltr'><strong>in</strong></span> <span class='ocrx_word' id='word_1_813' title='bbox 3354 5071 3446 5126; x_wconf 82' lang='lat' dir='ltr'><strong>Ca-</strong></span> 
     </span>
    </p>
   </div>
   <div class='ocr_carea' id='block_1_112' title="bbox 1863 5154 3451 5229">
    <p class='ocr_par' dir='ltr' id='par_1_112' title="bbox 1863 5154 3451 5229">
     <span class='ocr_line' id='line_1_112' title="bbox 1863 5154 3451 5229; baseline 0.006 -21"><span class='ocrx_word' id='word_1_814' title='bbox 1863 5155 2162 5223; x_wconf 80' lang='lat' dir='ltr'><strong>pharnanm</strong></span> <span class='ocrx_word' id='word_1_815' title='bbox 2182 5195 2198 5221; x_wconf 96' lang='lat'><strong>,</strong></span> <span class='ocrx_word' id='word_1_816' title='bbox 2235 5154 2339 5210; x_wconf 91' lang='lat' dir='ltr'><strong>hoc</strong></span> <span class='ocrx_word' id='word_1_817' title='bbox 2366 5171 2488 5211; x_wconf 90' lang='lat' dir='ltr'><strong>eum</strong></span> <span class='ocrx_word' id='word_1_818' title='bbox 2522 5156 2714 5214; x_wconf 86' lang='lat' dir='ltr'><strong>fecisse</strong></span> <span class='ocrx_word' id='word_1_819' title='bbox 2745 5168 2992 5215; x_wconf 89' lang='lat' dir='ltr'><strong>testatur.</strong></span> <span class='ocrx_word' id='word_1_820' title='bbox 3024 5161 3155 5229; x_wconf 71' lang='lat' dir='ltr'><strong>Quae</strong></span> <span class='ocrx_word' id='word_1_821' title='bbox 3185 5161 3451 5217; x_wconf 69' lang='lat' dir='ltr'><strong>difﬁcilius</strong></span> 
     </span>
    </p>
   </div>
   <div class='ocr_carea' id='block_1_113' title="bbox 1863 5242 3451 5317">
    <p class='ocr_par' dir='ltr' id='par_1_113' title="bbox 1863 5242 3451 5317">
     <span class='ocr_line' id='line_1_113' title="bbox 1863 5242 3451 5317; baseline 0.006 -19"><span class='ocrx_word' id='word_1_822' title='bbox 1863 5242 2119 5310; x_wconf 85' lang='lat' dir='ltr'><strong>solvetur,</strong></span> <span class='ocrx_word' id='word_1_823' title='bbox 2150 5245 2193 5300; x_wconf 92' lang='lat' dir='ltr'><strong>si</strong></span> <span class='ocrx_word' id='word_1_824' title='bbox 2229 5245 2385 5317; x_wconf 77' lang='lat' dir='ltr'><strong>juxta</strong></span> <span class='ocrx_word' id='word_1_825' title='bbox 2415 5247 2725 5305; x_wconf 73' lang='lat' dir='ltr'><strong>Matthmum</strong></span> <span class='ocrx_word' id='word_1_826' title='bbox 2774 5252 2937 5306; x_wconf 87' lang='lat' dir='ltr'><strong>etiam</strong></span> <span class='ocrx_word' id='word_1_827' title='bbox 2984 5251 3252 5308; x_wconf 85' lang='lat' dir='ltr'><strong>Nazareth</strong></span> <span class='ocrx_word' id='word_1_828' title='bbox 3296 5253 3451 5307; x_wconf 85' lang='lat' dir='ltr'><strong>intel-</strong></span> 
     </span>
    </p>
   </div>
   <div class='ocr_carea' id='block_1_114' title="bbox 1862 5332 3448 5402">
    <p class='ocr_par' dir='ltr' id='par_1_114' title="bbox 1862 5332 3448 5402">
     <span class='ocr_line' id='line_1_114' title="bbox 1862 5332 3448 5402; baseline 0.008 -18"><span class='ocrx_word' id='word_1_829' title='bbox 1862 5332 2072 5402; x_wconf 86' lang='lat' dir='ltr'><strong>ligenda</strong></span> <span class='ocrx_word' id='word_1_830' title='bbox 2098 5341 2182 5388; x_wconf 90' lang='lat' dir='ltr'><strong>est</strong></span> <span class='ocrx_word' id='word_1_831' title='bbox 2210 5335 2351 5390; x_wconf 88' lang='lat' dir='ltr'><strong>dicta</strong></span> <span class='ocrx_word' id='word_1_832' title='bbox 2381 5337 2572 5394; x_wconf 87' lang='lat' dir='ltr'><strong>civitas</strong></span> <span class='ocrx_word' id='word_1_833' title='bbox 2601 5338 2802 5396; x_wconf 88' lang='lat' dir='ltr'><strong>Christi</strong></span> <span class='ocrx_word' id='word_1_834' title='bbox 2828 5341 2895 5395; x_wconf 91' lang='lat' dir='ltr'><strong>ad</strong></span> <span class='ocrx_word' id='word_1_835' title='bbox 2929 5341 3327 5399; x_wconf 80' lang='lat' dir='ltr'><strong>distinctionem</strong></span> <span class='ocrx_word' id='word_1_836' title='bbox 3367 5344 3448 5397; x_wconf 84' lang='lat' dir='ltr'><strong>vi-</strong></span> 
     </span>
    </p>
   </div>
   <div class='ocr_carea' id='block_1_115' title="bbox 1866 5420 3445 5501">
    <p class='ocr_par' dir='ltr' id='par_1_115' title="bbox 1866 5420 3445 5501">
     <span class='ocr_line' id='line_1_115' title="bbox 1866 5420 3445 5501; baseline 0.004 -25"><span class='ocrx_word' id='word_1_837' title='bbox 1866 5420 2059 5476; x_wconf 87' lang='lat' dir='ltr'><strong>delicet</strong></span> <span class='ocrx_word' id='word_1_838' title='bbox 2086 5423 2318 5492; x_wconf 82' lang='lat' dir='ltr'><strong>regionis</strong></span> <span class='ocrx_word' id='word_1_839' title='bbox 2347 5425 2745 5485; x_wconf 73' lang='lat' dir='ltr'><strong>Transmarinm</strong></span> <span class='ocrx_word' id='word_1_840' title='bbox 2772 5429 3220 5500; x_wconf 87' lang='lat' dir='ltr'><strong>Gerascenorum,</strong></span> <span class='ocrx_word' id='word_1_841' title='bbox 3248 5431 3311 5487; x_wconf 88' lang='lat' dir='ltr'><strong>de</strong></span> <span class='ocrx_word' id='word_1_842' title='bbox 3341 5448 3445 5501; x_wconf 84' lang='lat' dir='ltr'><strong>qua</strong></span> 
     </span>
    </p>
   </div>
   <div class='ocr_carea' id='block_1_116' title="bbox 1867 5511 3451 5588">
    <p class='ocr_par' dir='ltr' id='par_1_116' title="bbox 1867 5511 3451 5588">
     <span class='ocr_line' id='line_1_116' title="bbox 1867 5511 3451 5588; baseline 0.008 -23"><span class='ocrx_word' id='word_1_843' title='bbox 1867 5511 2289 5581; x_wconf 86' lang='lat' dir='ltr'><strong>transfretando,</strong></span> <span class='ocrx_word' id='word_1_844' title='bbox 2318 5517 2460 5572; x_wconf 89' lang='lat' dir='ltr'><strong>sicut</strong></span> <span class='ocrx_word' id='word_1_845' title='bbox 2497 5518 2779 5576; x_wconf 72' lang='lat' dir='ltr'><strong>Matthmus</strong></span> <span class='ocrx_word' id='word_1_846' title='bbox 2808 5521 3018 5588; x_wconf 86' lang='lat' dir='ltr'><strong>scribit,</strong></span> <span class='ocrx_word' id='word_1_847' title='bbox 3047 5531 3269 5579; x_wconf 88' lang='lat' dir='ltr'><strong>venerat</strong></span> <span class='ocrx_word' id='word_1_848' title='bbox 3308 5521 3451 5579; x_wconf 77' lang='lat' dir='ltr'><strong>Gali-</strong></span> 
     </span>
    </p>
   </div>
   <div class='ocr_carea' id='block_1_117' title="bbox 1866 5602 3445 5683">
    <p class='ocr_par' dir='ltr' id='par_1_117' title="bbox 1866 5602 3445 5683">
     <span class='ocr_line' id='line_1_117' title="bbox 1866 5602 3445 5683; baseline 0.008 -27"><span class='ocrx_word' id='word_1_849' title='bbox 1866 5602 2020 5658; x_wconf 66' lang='lat' dir='ltr'><strong>laeam</strong></span> <span class='ocrx_word' id='word_1_850' title='bbox 2065 5623 2077 5658; x_wconf 74' lang='grc' dir='ltr'>ε</span> <span class='ocrx_word' id='word_1_851' title='bbox 2117 5603 2198 5659; x_wconf 90' lang='lat' dir='ltr'><strong>vel</strong></span> <span class='ocrx_word' id='word_1_852' title='bbox 2236 5616 2381 5663; x_wconf 88' lang='lat' dir='ltr'><strong>certe</strong></span> <span class='ocrx_word' id='word_1_853' title='bbox 2408 5611 2521 5678; x_wconf 90' lang='lat' dir='ltr'><strong>ipsa</strong></span> <span class='ocrx_word' id='word_1_854' title='bbox 2558 5610 2934 5683; x_wconf 88' lang='lat' dir='ltr'><strong>Capharnanm</strong></span> <span class='ocrx_word' id='word_1_855' title='bbox 2959 5654 2973 5679; x_wconf 92' lang='lat'><strong>,</strong></span> <span class='ocrx_word' id='word_1_856' title='bbox 3017 5613 3206 5667; x_wconf 87' lang='lat' dir='ltr'><strong>civitas</strong></span> <span class='ocrx_word' id='word_1_857' title='bbox 3241 5612 3445 5669; x_wconf 89' lang='lat' dir='ltr'><strong>Christi</strong></span> 
     </span>
    </p>
   </div>
   <div class='ocr_carea' id='block_1_118' title="bbox 1867 5697 3450 5770">
    <p class='ocr_par' dir='ltr' id='par_1_118' title="bbox 1867 5697 3450 5770">
     <span class='ocr_line' id='line_1_118' title="bbox 1867 5697 3450 5770; baseline 0.008 -21"><span class='ocrx_word' id='word_1_858' title='bbox 1867 5705 1951 5750; x_wconf 89' lang='lat' dir='ltr'><strong>est</strong></span> <span class='ocrx_word' id='word_1_859' title='bbox 1986 5697 2157 5763; x_wconf 83' lang='lat' dir='ltr'><strong>dicta,</strong></span> <span class='ocrx_word' id='word_1_860' title='bbox 2197 5716 2356 5770; x_wconf 88' lang='lat' dir='ltr'><strong>quam</strong></span> <span class='ocrx_word' id='word_1_861' title='bbox 2403 5718 2510 5757; x_wconf 89' lang='lat' dir='ltr'><strong>non</strong></span> <span class='ocrx_word' id='word_1_862' title='bbox 2551 5704 2850 5768; x_wconf 87' lang='lat' dir='ltr'><strong>nascendo,</strong></span> <span class='ocrx_word' id='word_1_863' title='bbox 2883 5702 2975 5760; x_wconf 81' lang='lat' dir='ltr'><strong>sed</strong></span> <span class='ocrx_word' id='word_1_864' title='bbox 3012 5701 3301 5763; x_wconf 87' lang='lat' dir='ltr'><strong>virtutibus</strong></span> <span class='ocrx_word' id='word_1_865' title='bbox 3333 5703 3450 5762; x_wconf 24' lang='lat' dir='ltr'><strong>illus</strong></span> 
     </span>
    </p>
   </div>
   <div class='ocr_carea' id='block_1_119' title="bbox 1868 5789 2664 5862">
    <p class='ocr_par' dir='ltr' id='par_1_119' title="bbox 1868 5789 2664 5862">
     <span class='ocr_line' id='line_1_119' title="bbox 1868 5789 2664 5862; baseline 0.008 -21"><span class='ocrx_word' id='word_1_866' title='bbox 1868 5789 2090 5844; x_wconf 84' lang='lat' dir='ltr'><strong>strando</strong></span> <span class='ocrx_word' id='word_1_867' title='bbox 2123 5805 2273 5845; x_wconf 85' lang='lat' dir='ltr'><strong>suam</strong></span> <span class='ocrx_word' id='word_1_868' title='bbox 2305 5792 2417 5862; x_wconf 81' lang='lat' dir='ltr'><strong>ipse.</strong></span> <span class='ocrx_word' id='word_1_869' title='bbox 2444 5792 2664 5847; x_wconf 81' lang='lat' dir='ltr'><strong>fecerat.</strong></span> 
     </span>
    </p>
   </div>
  </div>
