3962 6180
514 443 623 497 275

1159 439 1217 492 Β.
1261 435 1510 492 RABANI
1551 433 1771 489 MAURI
1807 429 2127 488 ARClllEP.
2170 428 2474 485 MOGUNT.
2512 426 2792 483 OPERUM
2834 427 3010 483 PARS
3052 429 3112 482 ll.

3655 420 3760 476 2'76

585 533 654 587 Et
678 548 794 587 ecce
813 538 913 588 uiri
936 540 1195 584 portantes
1221 530 1275 582 in
1300 527 1428 581 lecto
1453 528 1711 581 hominem
1731 527 1821 596 qui
1848 532 1959 579 erat
1982 541 2076 594 ραι
2105 528 2152 585 Α
2181 522 2514 589 interiusque
2531 535 2644 588 1am
2675 520 2913 575 salvatus
2937 527 3272 590 exsurgeret,
3290 519 3621 586 aliorumque
3649 530 3753 573 me-

515 624 798 695 ralyticus;
829 630 877 675 et
912 621 1208 691 qurerebant
1248 635 1367 672 eum
1405 618 1631 687 inferre,
1668 626 1717 670 et
1738 631 1939 686 ponere
1962 624 2083 668 ante

514 728 650 768 eum.
686 709 906 766 Curatio
940 708 1224 779 paralytiei
1264 706 1453 775 hujus,
1493 706 1686 760 anima:
1723 712 1848 773 post
1875 704 2083 758 diutur.

514 820 638 859 nam
676 803 939 858 illecebra:
969 801 1203 856 carnalis
1236 800 1483 854 inertiam
1511 799 1578 853 ad
1611 798 1882 854 Christum
1908 796 2087 867 suspi-

514 895 682 949 rantis
719 894 1071 949 salvationem
1112 892 1342 957 indicat;
1374 906 1493 959 qua:
1518 890 1693 961 primo
1723 889 1959 943 omnium
1984 888 2088 942 mi-

513 984 701 1038 nistris
727 984 819 1053 qui
845 998 966 1038 eam
994 982 1293 1045 sublevent,
1317 989 1373 1035 et
1396 980 1613 1035 Christo
1632 979 1875 1036 afferant.
1903 978 1955 1032 id
1976 987 2085 1038 est.

517 1074 671 1129 bonis
707 1074 1057 1137 doctoribus,
1110 1072 1202 1141 qui
1249 1086 1398 1141 spem
1441 1070 1776 1134 sanationis,
1823 1083 2090 1138 opemque

513 1162 918 1218 intercessionis
937 1169 1226 1233 suggerant
1244 1162 1464 1231 indiget.
1487 1160 1589 1226 Qui
1610 1161 1746 1214 bene
1767 1159 1946 1213 Marco
1969 1174 2091 1212 nar-

514 1262 666 1307 rante
693 1261 925 1321 quatuor
946 1251 1115 1307 fuisse
1149 1252 1492 1322 reperiuntur
1509 1292 1525 1316 ,
1564 1252 1679 1305 sive
1707 1250 1832 1319 quia
1858 1259 2090 1319 quatuor

514 1341 787 1411 Evangelii
823 1341 977 1396 libris
1018 1341 1195 1395 omnis
1230 1341 1634 1411 prmdicautium
1671 1341 1874 1405 virtus,
1912 1340 2093 1394 omnis

513 1446 693 1487 sermo
718 1430 986 1497 ﬁrmatur,
1014 1446 1108 1486 seu
1138 1432 1263 1499 quia
1292 1441 1526 1500 quatuor
1548 1440 1671 1485 sunt
1700 1433 1949 1496 virtutes,
1973 1430 2091 1498 qui-

513 1524 614 1577 bus
641 1523 709 1576 ad
735 1522 1147 1591 promerendam
1181 1523 1493 1591 sospitatem
1522 1521 1714 1576 ﬁducia
1750 1521 1949 1575 mentis
1983 1521 2092 1575 eri-

514 1615 686 1684 gitur,
709 1616 774 1667 de
798 1614 993 1682 quibus
1028 1614 1080 1667 in
1109 1623 1324 1668 aeterm
1353 1613 1630 1681 sapientiaa
1658 1613 1814 1667 laude
1848 1612 2044 1667 dicitur
2071 1631 2085 1666 :

514 1704 857 1759 sobrietatem
883 1704 1027 1759 enim
1055 1715 1109 1758 et
1140 1705 1460 1773 sapientiam
1489 1706 1646 1759 docet
1670 1715 1724 1759 et
1743 1704 2007 1773 justitiam
2031 1713 2091 1759 et

513 1795 766 1851 virtutem
789 1835 805 1861 ,
833 1796 1030 1865 quibus
1055 1797 1241 1851 utilius
1266 1797 1395 1851 nihil
1418 1804 1501 1851 est
1527 1796 1579 1849 in
1606 1796 1717 1849 vita
1746 1795 2084 1861 hominibus;

2184 615 2293 669 rito
2320 614 2443 668 aliis
2473 613 2786 667 laxarentur
2806 622 3006 667 errata.

2257 702 2323 755 Et
2350 713 2607 771 cmperunt
2632 702 2863 770 cogitare
2887 701 3071 754 scriba:
3092 710 3140 753 et
3171 698 3460 759 Pharisaei,
3488 699 3713 754 dicentes
3739 713 3757 751 :

2187 792 2317 856 Quis
2342 802 2416 844 est
2438 792 2522 844 hic
2549 792 2639 861 qui
2670 790 2900 861 loquitur
2921 790 3312 860 blasphemias?
3333 788 3465 854 Quis
3491 799 3653 859 potest
3682 790 3755 843 di-

2184 878 2385 935 mittere
2415 892 2647 950 peccata,
2679 881 2778 934 nisi
2815 880 2957 934 solus
2984 880 3126 934 Deus
3144 882 3169 933 ?
3192 881 3387 935 Verum
3415 880 3599 934 dicunt
3624 881 3755 935 seri-

2185 972 2288 1035 hze,
2315 972 2442 1041 quia
2471 986 2631 1025 nemo
2658 970 2929 1025 dimittere
2962 981 3184 1039 peccata
3224 970 3325 1024 uisi
3356 972 3497 1025 Deus
3510 978 3657 1026 esset
3671 985 3760 1039 po.

2187 1069 2325 1124 test,
2357 1061 2448 1130 qui
2484 1075 2582 1130 per
2615 1075 2710 1114 eos
2737 1076 2950 1130 quoque
2981 1060 3204 1113 dimittit
3240 1060 3434 1128 quibus
3462 1059 3765 1113 dimittendi

2186 1154 2377 1208 tribuit
2411 1161 2753 1223 potestatem.
2792 1152 2859 1205 Et
2891 1152 3013 1207 ideo
3032 1150 3299 1206 .Cbristus
3330 1166 3456 1205 vere
3480 1149 3622 1204 Deus
3645 1162 3766 1204 esse

2186 1242 2475 1313 probatur,
2501 1243 2595 1311 qui
2635 1242 2906 1297 dimittere
2941 1251 3165 1311 peccata
3201 1243 3357 1310 quasi
3384 1242 3526 1296 Deus
3567 1249 3766 1310 potest.

2188 1333 2387 1387 Verum
2436 1332 2545 1386 Deo
2595 1332 2963 1386 testimonium
3015 1332 3281 1397 reddunt;
3331 1330 3425 1388 sed
3477 1346 3769 1401 personam

2186 1421 2388 1478 Christi
2429 1421 2673 1491 negando
2712 1419 2989 1474 falluntur.
3022 1421 3221 1474 Errant
3247 1422 3429 1490 itaque
3452 1419 3646 1484 Judaei,
3674 1421 3768 1489 qui

2188 1527 2309 1566 cum
2349 1510 2621 1566 Christum
2658 1519 2712 1564 et
2753 1510 2923 1565 Deum
2959 1526 3076 1567 esse
3100 1551 3117 1574 ,
3151 1519 3205 1565 et
3236 1520 3459 1580 peccata
3495 1511 3773 1566 dimittere

2186 1616 2344 1671 posse
2370 1600 2619 1671 credant,
2638 1599 2822 1656 Jesum
2856 1610 3033 1655 tamen
3061 1601 3335 1656 Christum
3362 1615 3484 1656 esse
3517 1617 3624 1656 non
3651 1615 3773 1657 cre-

2188 1694 2342 1748 dunt.
2375 1690 2481 1749 Sed
2512 1692 2681 1748 multo
2709 1693 3012 1746 dementius
3037 1701 3223 1747 errant
3254 1693 3473 1757 Ariani,
3509 1693 3604 1762 qui
3642 1709 3775 1748 cum

2187 1782 2368 1838 .lesum
2406 1792 2460 1837 ct
2499 1781 2773 1839 Christum
2812 1798 2932 1837 esse
2959 1791 3013 1836 et
3047 1792 3264 1852 peccata
3302 1798 3460 1853 posse
3498 1784 3777 1840 dimittere

513 1899 649 1953 quas
685 1884 925 1939 nonnulli
952 1885 1123 1939 versis
1151 1886 1461 1940 nominibus
1483 1885 1818 1954 prudentiam
1839 1925 1854 1949 ,
1876 1883 2090 1939 fortitu-

2200 1871 2462 1945 Bvangelii
2488 1874 2666 1930 verbis
2690 1875 2883 1929 devicti
2916 1888 3113 1944 negare
3142 1890 3249 1930 non
3275 1876 3539 1941 audeant,
3567 1876 3775 1930 nihilo-

516 1976 716 2040 dinem,
745 1976 1174 2044 temperantiam,
1202 1975 1533 2043 etjustitiam
1560 1975 1847 2045 appellant.

585 2062 653 2116 Et
693 2078 801 2117 non
834 2065 1148 2118 invenientes
1179 2080 1287 2133 qua
1316 2074 1464 2133 parte
1497 2064 1647 2118 illum
1686 2064 1935 2133 inferrent
1978 2082 2088 2133 pra:

514 2152 697 2215 turba,
721 2152 1062 2205 ascenderunt
1095 2168 1254 2222 supra
1283 2162 1469 2205 tectum
1506 2169 1599 2222 per
1620 2152 1840 2224 tegulas.
1871 2154 2088 2209 Deside—

516 2249 635 2295 rant
657 2240 1009 2311 paralytieum
1039 2240 1256 2296 Christo
1282 2240 1506 2306 otl'crre,
1532 2242 1626 2297 sed
1663 2243 1817 2298 turba
1856 2243 2089 2312 interpo-

513 2333 615 2386 sita
635 2331 705 2386 ab
722 2330 866 2387 omni
887 2339 1042 2399 parte
1067 2331 1434 2394 recluduntur,
1458 2333 1582 2401 quia
1609 2347 1749 2402 sarpe
1771 2333 1946 2386 anima
1968 2341 2090 2403 post

514 2427 716 2482 inﬁrmi
750 2426 992 2498 corporis
1025 2427 1283 2483 desidiam
1322 2428 1393 2481 ad
1420 2428 1585 2483 Deum
1615 2429 1968 2498 resipiscens,
2000 2443 2090 2481 su-

514 2531 803 2586 perumque
838 2517 1025 2587 gratim
1062 2518 1299 2573 remedio
1335 2520 1558 2588 cupiens
1591 2518 1866 2581 innovari,
1897 2519 2092 2588 priscae

513 2608 916 2664 consuetudinis
939 2608 1220 2665 obstaculo
1249 2609 1577 2674 retardatur,
1609 2623 1751 2678 smpe
1774 2609 1915 2662 inter
1942 2608 2090 2678 ipsas

513 2700 776 2754 orationis
821 2706 1044 2754 secreta:
1086 2699 1425 2767 dulcedines,
1464 2708 1521 2754 et
1558 2700 1714 2770 quasi
1756 2715 1922 2755 suave
1966 2714 2087 2754 cum

515 2787 745 2843 Domino
763 2788 1111 2858 colloquium,
1134 2790 1291 2845 turba
1317 2789 1701 2861 cogitationum
1728 2788 2093 2843 interveniens

516 2877 688 2932 aciem
727 2878 924 2933 mentis
963 2894 1029 2934 ne
1072 2878 1318 2934 Christus
1368 2879 1615 2934 videatur
1654 2878 1980 2934 intercludit.
2024 2879 2090 2933 Et

515 2968 644 3037 quid
668 2967 811 3022 inter
838 2967 954 3023 haec
980 2968 1267 3039 agendum,
1296 2983 1404 3023 non
1431 2969 1614 3038 utique
1640 2969 1693 3023 in
1721 2968 1920 3025 inﬁmis
1937 2979 2090 3025 exte-

516 3059 630 3114 rius
656 3072 765 3128 qua
795 3059 964 3114 turba:
1002 3059 1397 3114 tumultuantur
1431 3061 1847 3127 remanendum,
1883 3061 1977 3116 sed
2013 3069 2083 3115 te-

517 3156 665 3204 ctum
697 3149 920 3213 domus,
948 3148 1002 3206 iu
1031 3164 1139 3218 qua
1173 3149 1421 3205 Christus
1453 3150 1629 3215 docet,
1668 3150 2086 3215 ascendentium,

518 3239 572 3293 id
612 3246 731 3303 est,
768 3254 936 3294 sacra:
965 3212 1257 3309 Scriptum
1301 3212 1622 3296 sublimitas
1645 3248 1729 3295 est
1767 3212 2086 3311 appetenda,
2118 3212 2163 3273 ο

517 3327 709 3397 lexque
748 3327 958 3383 Domini
997 3343 1117 3383 cum
1157 3327 1441 3385 Psalmista
1488 3330 1577 3386 die
1610 3339 1879 3400 noctuque
1924 3330 2093 3385 medi-

520 3419 679 3473 tanda
720 3436 734 3472 :
784 3418 849 3475 In
881 3436 984 3490 quo
1016 3421 1152 3474 enim
1191 3421 1403 3490 corrigit
1435 3421 1622 3491 junior
1653 3422 1788 3475 uiam
1818 3422 2009 3476 suam?
2037 3422 2093 3476 in

516 3513 874 3579 custodiendo,
898 3514 1094 3584 inquit,
1119 3531 1377 3569 sermones
1399 3525 1538 3569 tuos.

588 3605 657 3660 Et
705 3605 1055 3661 submiserunt
1106 3605 1255 3659 illum
1292 3622 1411 3659 cum
1446 3606 1578 3661 lecto
1616 3608 1670 3660 in
1713 3607 1939 3661 medium
1973 3616 2094 3661 ante

514 3695 718 3751 Iesum.
760 3694 1032 3750 Patefacto
1071 3703 1215 3751 tecto
1248 3709 1391 3766 :eger
1423 3703 1548 3749 ante
1584 3693 1767 3750 Iesum
1804 3697 2094 3751 summitti-

520 3796 638 3849 tur,
665 3785 793 3854 quia
825 3786 1082 3843 reseratis
1112 3785 1512 3856 Scripturarum
1554 3787 1829 3858 mysteriis
1858 3787 1925 3842 ad
1956 3789 2095 3843 noli-

521 3878 650 3932 tiam
671 3877 868 3933 Christi
892 3878 1218 3945 pervcnitur.
1245 3878 1355 3932 lloc
1380 3888 1483 3941 est,
1508 3879 1576 3933 ad
1598 3880 1713 3949 ejus
1737 3879 2093 3934 humilitatem

524 3965 643 4020 ﬁdei
670 3965 867 4033 pietate
906 3965 1278 4030 descenditur;
1308 3975 1361 4020 et
1385 3968 1521 4021 bene
1560 3968 1750 4022 domus
1774 3966 1901 4022 Jcsu
1934 3985 2091 4038 regu—

522 4057 590 4111 lis
615 4063 858 4113 contecta
881 4056 1223 4121 describitur,
1252 4058 1376 4127 quia
1403 4057 1505 4111 sub
1537 4061 1924 4127 eontemptihili
1955 4060 2094 4115 litte-

525 4147 705 4199 rarum
739 4144 1034 4209 velamine,
1067 4144 1113 4198 si
1154 4144 1297 4199 adsit
1331 4146 1422 4213 qui
1453 4155 1656 4200 reseret
1682 4148 1888 4209 doctor.
1915 4147 2094 4201 divina

523 4234 778 4303 spiritalis
802 4235 986 4306 gratize
1010 4234 1181 4292 virtus
1212 4233 1543 4300 invenietur;
1580 4236 1721 4306 quod
1760 4248 1936 4290 autem
1974 4253 2095 4290 eum

524 4326 661 4381 lecto
698 4326 1014 4397 deponitur,
1052 4324 1319 4393 signiﬁcat
1355 4326 1422 4379 ab
1457 4326 1671 4381 homine
1710 4327 1762 4380 in
1797 4325 1895 4381 ista
1935 4342 2098 4382 carne

523 4417 700 4472 adhuc
725 4417 1018 4474 constituto
1042 4414 1314 4471 Christum
1352 4416 1547 4471 debere
1576 4416 1845 4486 cognosci.

596 4507 830 4572 Quorum
868 4507 1026 4575 ﬁdem
1056 4518 1111 4560 ut
1146 4505 1295 4570 uidit,
1320 4506 1450 4559 dixit
1482 4521 1499 4557 .·
1533 4504 1729 4572 "omo,
1767 4508 2099 4564 remittuntur

525 4598 615 4652 tibi
641 4608 852 4667 peccata
878 4608 989 4651 tua.
1024 4597 1304 4651 Hominem
1341 4596 1598 4652 Dominus
1625 4613 1653 4650 a
1684 4597 1911 4672 paralysi
1939 4613 2097 4654 cura-
2121 4570 2174 4628 Β

527 4698 700 4754 turus,
727 4687 902 4759 primo
928 4697 1272 4755 peccatorum
1302 4685 1515 4742 vinculo
1544 4687 1803 4750 dissolvit,
1838 4699 1893 4742 ut
1920 4697 2099 4743 osten-

524 4779 677 4833 deret
706 4793 827 4832 cum
870 4777 939 4830 ob
976 4792 1143 4831 nexus
1182 4776 1457 4847 culparum
1497 4785 1711 4831 actuum
1749 4778 2099 4836 dissolutione

526 4858 803 4935 damnari,
838 4884 937 4922 nec
971 4868 1072 4922 nisi
1114 4870 1196 4922 his
1240 4869 1494 4922 relaxatis
1538 4870 1898 4924 membrorum
1942 4885 2100 4940 posse

527 4960 942 5030 recuperatioue.
960 4960 1139 5013 sanari
1160 5000 1173 5023 ,
1203 4960 1280 5013 sic
1303 4968 1358 5013 et
1397 4959 1468 5012 illi
1498 4960 1792 5031 paralytico
1828 4962 1918 5030 qui
1944 4960 2097 5030 juxta

528 5052 868 5108 Probatieam
899 5050 1158 5120 piscinam
1189 5051 1275 5103 diu
1309 5059 1509 5103 motqu
1549 5059 1709 5123 atque
1740 5052 1937 5107 frustra
1964 5068 2100 5127 pra:-

527 5142 855 5208 stolabatur,
899 5151 1088 5197 sanato
1128 5157 1158 5195 a
1202 5142 1429 5196 Domino
1471 5143 1666 5197 dicitur
1712 5163 1722 5197 :
1770 5144 1906 5198 Ecce
1939 5162 2100 5200 sanus

527 5237 699 5306 [udus
722 5251 811 5300 es,
842 5233 957 5304 jam
997 5232 1104 5287 noli
1137 5251 1378 5304 peccare,
1412 5252 1474 5287 ne
1509 5226 1735 5289 deterius
1774 5236 1865 5289 tibi
1900 5236 2101 5311 aliquid

524 5327 813 5397 contingat.
846 5324 911 5379 Et
935 5324 1070 5379 bene
1094 5323 1138 5378 is
1159 5325 1242 5377 cui
1267 5335 1483 5395 peccata
1514 5327 1916 5380 dimittehantur
1941 5328 2101 5384 hmno

524 5428 767 5485 vocatur,
796 5418 887 5491 qui
914 5418 1018 5473 hoc
1047 5417 1163 5485 ipso
1192 5417 1332 5485 quod
1359 5418 1518 5473 homo
1543 5426 1661 5473 erat
1686 5435 1791 5473 non
1816 5431 1997 5489 posset
2023 5421 2103 5475 di-

525 5510 804 5578 eere,Non
824 5508 1064 5582 peccavi.
1093 5507 1265 5562 Simul
1294 5508 1457 5562 etiam
1485 5518 1542 5562 ut
1570 5508 1658 5564 ille
1683 5510 1772 5579 qui
1799 5511 1999 5564 homini
2026 5512 2103 5565 di-

526 5604 773 5660 mittebat
798 5600 1186 5670 intelligeretur
1212 5598 1372 5653 Deus.
1399 5599 1715 5655 Intuendum
1743 5615 1891 5663 sane,
1916 5601 2102 5669 quanti

528 5694 743 5763 propria
781 5691 1039 5760 cujusque
1067 5690 1199 5744 ﬁdes
1232 5689 1372 5758 apud
1409 5690 1576 5743 Deum
1612 5689 1813 5754 valeat,
1843 5692 1931 5745 ubi
1970 5692 2102 5745 tanti

530 5780 696 5835 valuit
722 5781 916 5846 aliena,
942 5790 1000 5833 ut
1026 5789 1169 5834 totus
1196 5781 1353 5833 homo
1388 5788 1623 5848 repente,
1654 5781 1704 5833 id
1735 5790 1834 5846 est,
1865 5782 2101 5835 exterius

2187 1965 2367 2018 minus
2394 1974 2570 2018 tamen
2600 1964 2768 2019 Deum
2798 1981 2996 2036 negare
3022 1980 3127 2020 non
3158 1966 3371 2020 timent.
3402 1965 3473 2019 At
3499 1967 3617 2035 ipse
3642 1981 3777 2035 per-

2190 2052 2325 2108 fidos
2350 2054 2561 2108 salvare
2584 2055 2897 2110 desiderans
2918 2063 2971 2109 et
2998 2055 3332 2110 occultorum
3360 2057 3695 2127 cognitione,
3720 2068 3779 2112 et

2188 2143 2386 2197 virtute
2413 2158 2635 2212 operum
2664 2143 2832 2198 Deum
2863 2160 2922 2199 se
2950 2160 3071 2200 esse
3104 2144 3439 2200 manifestat.

2257 2233 2588 2304 Respondeas
2621 2235 2765 2288 enim
2800 2235 2931 2289 dixit
2962 2236 3031 2289 ad
3059 2235 3178 2290 illos
3210 2249 3227 2287 .'
3268 2234 3408 2301 Quid
3435 2239 3679 2307 cogitatis
3724 2238 3781 2294 in

2187 2323 2428 2378 cordibus
2456 2325 2672 2378 vestris?
2698 2325 2882 2380 Eidem
2914 2342 3145 2396 namque
3179 2328 3405 2382 Domino
3434 2328 3545 2384 Deo
3579 2329 3675 2397 qui
3705 2329 3785 2386 di-

2188 2415 2265 2470 cit
2297 2433 2310 2467 :
2344 2413 2455 2484 Ego
2480 2432 2733 2484 sum,eego
2762 2434 2876 2471 sum
2899 2418 3005 2487 ipse
3029 2419 3119 2488 qui
3139 2418 3283 2472 deleo
3306 2419 3604 2489 iniquitates
3624 2430 3780 2486 tuas,

2190 2505 2619 2576 sapientissimus
2662 2507 2915 2561 adorator
2963 2508 3038 2562 ait
3085 2526 3101 2561 :
3154 2507 3231 2561 Tu
3272 2510 3409 2563 enim
3445 2508 3588 2564 solus
3632 2511 3779 2566 nosti

2189 2594 2348 2647 corda
2388 2596 2617 2649 omnium
2656 2594 2886 2663 ﬁliorum
2922 2597 3213 2654 hominum.
3262 2596 3462 2653 Eadem
3492 2612 3662 2669 ergo,
3692 2600 3784 2656 in-

2189 2686 2334 2754 quit,
2362 2686 2642 2754 majestate
2676 2695 2730 2739 et
2758 2688 2994 2759 potentia
3037 2703 3143 2757 qua
3173 2689 3527 2758 cogitationes
3562 2697 3784 2746 vestras

2192 2776 2435 2841 intueor,
2462 2792 2677 2846 possum
2710 2786 2765 2831 et
2794 2778 3102 2834 hominibus
3129 2780 3324 2835 delicta
3356 2781 3634 2838 dimittere
3662 2795 3680 2835 :
3708 2795 3783 2837 ex

2192 2870 2343 2924 vobis
2376 2869 2659 2938 intelligite
2691 2870 2818 2939 quid
2844 2870 3173 2941 paralyticus
3201 2881 3582 2942 consequatur.

2265 2960 2404 3026 Quid
2441 2971 2513 3015 est
2553 2961 2763 3030 facilius
2787 2963 2958 3016 dicere
2989 2979 3005 3016 :
3040 2962 3382 3018 Dimittuntur
3410 2965 3505 3019 tibi
3535 2978 3786 3037 peccata,

2190 3071 2259 3107 an
2288 3053 2459 3108 dicere
2490 3071 2507 3107 :
2539 3052 2707 3123 Surge
2742 3065 2788 3107 et
2828 3053 3080 3107 ambula?
3112 3053 3306 3110 Verum
3336 3058 3444 3111 sint
3477 3058 3786 3130 paralytieo

2192 3152 2411 3212 peccata
2441 3143 2660 3199 dimissa
2693 3143 2837 3197 solus
2866 3152 3091 3198 noverat
3123 3146 3213 3213 qui
3249 3145 3583 3212 dimittebat,
3616 3164 3789 3220 surge

2194 3243 2374 3289 autem
2406 3244 2460 3288 et
2488 3234 2727 3299 ambula,
2757 3243 2866 3289 tam
2890 3235 2978 3289 ille
3005 3236 3095 3305 qui
3131 3237 3388 3305 surgebat
3411 3251 3574 3306 quam
3604 3237 3667 3293 hi
3689 3236 3789 3308 qui

2194 3333 2498 3396 surgentem
2540 3324 2791 3379 videbant
2832 3325 3132 3394 approbare
3173 3334 3443 3395 poterant.
3486 3326 3574 3380 Fit
3617 3327 3790 3398 igitur

2192 3416 2410 3471 Carnale
2437 3418 2647 3483 signum
2682 3424 2739 3469 ut
2765 3416 3021 3485 probetur
3050 3417 3317 3485 spiritale.

2266 3508 2329 3563 Ut
2364 3519 2537 3563 autem
2566 3509 2742 3562 sciatis
2770 3509 2893 3579 quia
2927 3509 3069 3576 [ilius
3094 3508 3321 3564 hominis
3344 3519 3652 3580 potestatem
3682 3512 3789 3564 ha-

2195 3602 2271 3655 bet
2301 3601 2353 3654 in
2383 3610 2522 3655 terra
2566 3601 2827 3674 dimittere
2868 3610 3100 3670 peccata.
3149 3600 3206 3656 Si
3236 3611 3291 3657 et
3325 3600 3467 3656 Deus
3510 3610 3593 3656 cst
3625 3602 3792 3671 juxta

2195 3699 2548 3746 memoratum
2591 3691 2741 3745 Isaia:
2780 3694 3147 3747 testimonium
3175 3694 3268 3764 qui
3294 3693 3435 3748 delet
3463 3694 3792 3764 iniquitates

2195 3789 2441 3843 nostras,
2468 3789 2523 3835 et
2556 3781 2698 3836 ﬁlius
2728 3782 2961 3836 hominis
2990 3792 3311 3852 potestatem
3349 3783 3511 3839 habet
3540 3785 3597 3839 in
3639 3795 3790 3840 terra

2196 3870 2497 3925 dimittendi
2537 3880 2755 3940 peccata
2778 3913 2793 3935 ,
2826 3888 2953 3942 ergo
2980 3873 3120 3926 idem
3151 3874 3263 3942 ipse
3299 3883 3353 3928 et
3384 3874 3527 3928 Deus
3551 3883 3610 3928 et
3642 3874 3794 3932 ﬁlius

2198 3960 2430 4013 hominis
2453 3969 2564 4021 est.
2595 3971 2654 4015 ut
2682 3971 2738 4017 et
2767 3962 2928 4015 homo
2950 3960 3195 4018 Christus
3218 3978 3315 4035 per
3342 3962 3645 4019 divinitatis
3673 3981 3794 4023 sua:

2196 4050 2490 4118 potentiam
2528 4050 2800 4106 dimittere
2843 4062 3067 4120 peccata
3111 4063 3319 4123 posset,
3363 4064 3419 4110 et
3454 4057 3598 4111 idem
3643 4057 3792 4113 Deus

2197 4138 2445 4194 Christus
2487 4156 2584 4210 per
2610 4140 2962 4197 humanitatis
2999 4159 3110 4198 suae
3146 4143 3490 4215 fragilitatem
3520 4161 3622 4216 pro
3658 4162 3792 4217 pec—

2197 4228 2473 4284 catoribus
2501 4230 2658 4285 mori.

2269 4317 2352 4370 Ait
2380 4319 2670 4388 paralytico
2698 4336 2714 4373 :
2751 4320 2866 4375 Tibi
2888 4322 3026 4388 dico,
3053 4340 3228 4395 surge,
3250 4324 3372 4378 tolle
3395 4324 3583 4380 lectum
3611 4338 3799 4394 tuum,

2199 4422 2247 4467 et
2284 4414 2412 4467 vade
2449 4412 2505 4466 in
2550 4414 2761 4468 domum
2802 4426 2967 4471 tuam.
3016 4417 3339 4486 Spiritaliter
3376 4420 3442 4473 de
3482 4421 3628 4475 lecto
3672 4438 3788 4477 sur-

2200 4519 2327 4573 gere
2354 4517 2436 4558 est
2467 4505 2701 4559 animam
2730 4522 2787 4562 se
2816 4525 2844 4561 a
2875 4510 3184 4564 carnalibus
3212 4510 3495 4566 desideriis
3520 4513 3613 4567 ubi
3636 4530 3785 4585 aegra

2199 4594 2514 4662 quiescebat
2569 4594 2903 4650 abstrahere.
2964 4597 3182 4652 Lectum
3238 4613 3367 4653 vero
3424 4599 3617 4655 tollere
3677 4610 3785 4663 est,

2199 4685 2368 4753 ipsam
2404 4700 2618 4754 quoque
2648 4703 2864 4743 carnem
2894 4703 2990 4757 per
3016 4689 3363 4743 continentia:
3412 4689 3562 4744 frena
3601 4705 3813 4747 corrc--

2198 4785 2344 4845 ptam
2392 4793 2485 4847 spe
2526 4777 2831 4837 omlestinm
2880 4781 3222 4848 praemiorum
3252 4820 3269 4845 ,
3315 4779 3526 4835 deliciis
3569 4782 3795 4851 privare

2201 4867 2453 4932 terrenis,
2482 4867 2595 4936 ipse
2624 4877 2706 4922 est
2729 4870 2872 4923 enim
2902 4868 3073 4924 lectus
3094 4869 3184 4938 qui
3212 4886 3309 4939 per
3332 4869 3570 4938 singulas
3595 4882 3794 4927 noctes

2201 4956 2411 5010 lavatur
2438 4972 2468 5009 a
2500 4956 2688 5025 David,
2716 4957 2770 5010 id
2794 4964 2893 5020 est,
2926 4971 3023 5027 per
3045 4957 3463 5028 uniuscujusque
3487 4976 3645 5014 noxa:
3672 4977 3793 5035 nta—

2200 5047 2336 5101 culis
2370 5047 2531 5117 digno
2564 5047 2895 5117 paenitentiae
2935 5047 3155 5104 flumine
3200 5050 3517 5121 castigatur.
3557 5051 3793 5109 Sublato

2202 5152 2381 5195 autem
2409 5142 2550 5198 lecto
2575 5143 2791 5197 domum
2817 5143 2896 5197 ire
2918 5142 2984 5197 ad
3005 5143 3315 5213 paradisum
3338 5143 3513 5199 redire
3533 5154 3640 5199 est.
3669 5146 3795 5214 Ipse

2201 5247 2284 5291 est
2307 5238 2449 5291 enim
2482 5252 2611 5291 vera
2640 5239 2831 5293 domus
2859 5254 2979 5306 qua:
3019 5238 3292 5292 hominem
3321 5240 3495 5310 prima
3521 5244 3796 5312 suscepit,

2204 5346 2313 5384 non
2330 5331 2453 5400 jure
2482 5332 2681 5386 amissa
2710 5331 2802 5386 sed
2827 5332 3033 5399 fraude,
3060 5333 3383 5403 tandemque
3407 5333 3664 5389 restituta
3690 5351 3799 5406 per

2205 5439 2326 5479 eum
2347 5425 2439 5494 qui
2468 5424 2808 5481 fraudulento
2840 5425 2983 5479 hosti
3006 5424 3140 5479 nihil
3164 5425 3368 5480 debuit.
3395 5424 3594 5491 Aliter,
3621 5442 3803 5489 sanus

2204 5515 2295 5584 qui
2330 5515 2619 5586 languebat
2655 5524 2854 5570 tectum
2886 5523 3124 5585 reportat
3156 5516 3372 5571 domum
3406 5535 3422 5570 :
3450 5532 3579 5572 cum
3606 5519 3807 5580 anima

2204 5613 2547 5675 peccatorum
2599 5607 2916 5661 remissione
2968 5613 3226 5675 accepta,
3274 5607 3341 5661 ad
3389 5607 3666 5661 internum
3707 5610 3803 5664 sui

2204 5694 2500 5748 custodiam
2534 5709 2656 5749 cum
2687 5696 2801 5766 ipso
2825 5710 3051 5765 corpore
3085 5696 3249 5749 refert
3273 5735 3288 5760 ,
3318 5709 3383 5748 ne
3410 5702 3537 5764 post
3574 5695 3807 5759 veniam

2203 5768 2352 5857 quid;
2381 5787 2520 5840 unde
2558 5786 2746 5841 iterum
2767 5787 2911 5857 juste
2942 5785 3189 5851 feriatur,
3224 5786 3488 5845 admittat.
