3962 6180
232 347 328 403 277

1290 345 1595 401 ΙΙΟΜιιιΙιΕ
1640 346 1704 398 IN
1746 345 1997 400 EVANG.
2038 345 2126 399 ET
2167 345 2384 403 EPIST.

3375 349 3487 411 €73

297 463 361 514 Et
396 460 667 528 confestim
713 476 934 528 surgens
979 476 1152 512 coram
1192 459 1329 521 illis,
1370 461 1487 514 tulit
1528 461 1716 514 lectam
1749 463 1802 514 in
1831 462 1878 518 A
1905 458 1985 512 sui
2006 499 2021 523 ,
2047 461 2189 528 quod
2227 461 2279 515 in
2320 461 2531 516 illorum
2560 463 2786 532 ingressi
2813 473 2937 517 sunt
2968 462 3239 519 civitatem
3268 476 3318 518 et
3350 482 3486 536 pra:-

229 568 323 621 quo
354 550 572 619 jacebat
619 558 668 602 et
708 549 834 602 abiit
882 549 935 601 in
972 549 1183 601 domum
1231 564 1412 614 suam,
1459 549 1804 619 magniﬁcam

234 641 415 705 Deum,
446 647 505 693 et
524 646 742 692 caetera.
772 638 905 691 Mira
936 638 1131 692 divina:
1162 639 1417 708 potentiae
1450 638 1649 702 virtus,
1686 638 1802 703 ubi,

230 729 365 784 nulla
400 728 664 798 temporis
690 728 1083 782 interveniente
1111 727 1343 793 morula,
1368 727 1519 795 jussa
1568 726 1824 783 Salvator

232 823 300 877 ris
335 821 491 879 salus
536 819 731 876 festina
772 820 1062 875 comitatur
1103 835 1118 874 :
1153 821 1348 875 merito
1389 822 1481 891 qui
1521 821 1805 876 adfuerant

231 911 493 967 damnatis
522 909 872 978 blasphemia:
905 909 1100 979 jaculis
1128 910 1196 964 ad
1235 910 1445 967 laudem
1485 918 1650 966 tanta;
1692 926 1806 964 ma-

225 1001 433 1073 jestatis
456 1000 731 1069 stupentia
759 999 920 1053 corda
949 1008 1288 1064 convertunt,
1314 999 1406 1069 qui
1441 1007 1807 1070 cognoverunt

229 1107 406 1147 veram
448 1092 545 1145 Dei
583 1090 908 1161 potentiam,
948 1089 1385 1159 gloriﬁcaverunt
1429 1090 1593 1146 Deum
1624 1092 1806 1146 Domi-

230 1178 641 1246 aum,vidclicet
668 1186 910 1234 nostrum
937 1177 1119 1234 Jesum
1136 1180 1431 1245 Christum,
1450 1181 1685 1250 quicum
1709 1181 1806 1236 Pa-

228 1281 302 1327 tre
324 1283 383 1326 et
406 1270 618 1341 Spiritu
646 1279 835 1326 sancto
866 1285 1006 1325 unus
1032 1271 1173 1327 Deus
1212 1274 1580 1342 potentialiter
1615 1280 1806 1344 regnat

226 1372 273 1416 et
332 1362 614 1417 veraciter
665 1361 797 1415 vivit
841 1376 942 1430 per
986 1360 1165 1416 omnia
1215 1363 1408 1418 smcula
1462 1363 1801 1419 saeculorum.

229 1451 411 1505 Amen.

764 1540 1046 1598 HOMILIA
1080 1542 1263 1596 LXIX.

885 1649 1134 1690 SABBATO.

586 1724 769 1780 Latio
791 1724 1020 1780 Actuum
1049 1726 1432 1796 apostolorum.

1907 548 2104 603 dicatio
2146 550 2440 619 apostolica
2490 552 2559 606 ad
2600 552 2720 609 illos
2758 568 2929 622 usque
2963 555 3273 623 pervenerit
3317 574 3329 609 :
3368 556 3485 612 sive

1904 642 2174 696 excutitur
2191 641 2366 712 pulvis
2384 651 2444 697 ut
2465 644 2599 699 nihil
2620 646 2687 699 ab
2712 645 2790 700 eis
2809 645 3075 714 accipiant
3099 660 3169 700 ne
3190 648 3258 701 ad
3282 648 3485 703 victum

1906 729 2124 797 quidem
2162 733 2567 798 necessarium,
2613 734 2703 802 qui
2750 734 3097 805 Evangelium
3140 738 3482 806 spreverint,

1904 818 2149 890 discipuli
2173 824 2375 892 quoque
2405 821 2734 891 replebantur
2757 825 2950 893 gaudio
2974 834 3023 879 et
3051 825 3256 896 Spiritu
3275 838 3480 894 sancto,

1905 911 1959 965 in
1988 910 2178 977 Graeco
2209 913 2370 969 habet
2399 914 2645 985 discipuli
2681 927 2855 971 autem
2876 957 2892 983 ,
2917 925 2978 972 ut
3012 919 3370 990 intelligamus
3390 920 3484 975 Ju-

1905 1002 2037 1057 daeis
2065 1001 2223 1059 ﬁdem
2253 1007 2700 1075 persequentibus
2720 1008 3010 1079 discipulos
3029 1025 3060 1065 e
3080 1013 3353 1068 contrario
3377 1014 3485 1082 spi-

1906 1094 2051 1149 ritali
2069 1097 2279 1167 gaudio
2308 1098 2507 1154 ditatos
2525 1139 2540 1163 ,
2567 1109 2621 1154 et
2653 1100 2846 1156 merito
2874 1102 2998 1170 quia
3021 1104 3197 1158 omnis
3217 1105 3312 1174 qui
3337 1114 3484 1159 recte

1905 1182 2078 1237 credit
2106 1183 2162 1238 in
2198 1185 2369 1239 Deum
2395 1193 2450 1239 et
2479 1186 2635 1242 bonis
2659 1187 2909 1256 operibus
2933 1189 3104 1259 ipsam
3133 1189 3293 1246 ﬁdem
3316 1207 3486 1262 usque

1906 1271 1974 1325 ad
1998 1269 2159 1327 ﬁnem
2182 1274 2307 1328 vitae
2331 1288 2443 1330 suae
2468 1283 2657 1338 ornat,
2689 1276 2942 1346 gaudium
2971 1277 3205 1349 Spiritus
3226 1281 3398 1337 sancti
3428 1290 3485 1336 et

1904 1376 2091 1416 veram
2117 1362 2503 1419 beatitudinem
2523 1365 2577 1419 in
2605 1366 3059 1437 contemplatione
3082 1370 3177 1425 Dei
3200 1371 3481 1440 percipiet.

1904 1465 1937 1504 e
1962 1452 2234 1507 contrario
2279 1469 2408 1509 vero
2438 1454 2531 1524 qui
2572 1455 2829 1511 increduli
2873 1466 3032 1513 erant
3064 1457 3177 1514 Deo
3212 1467 3269 1513 et
3306 1461 3485 1515 verbis

1904 1542 2020 1611 ejus
2050 1546 2231 1613 pravis
2258 1547 2512 1615 operibus
2537 1557 2855 1619 repugnant,
2881 1565 3096 1620 pinnam
3130 1553 3391 1624 gehennae
3428 1554 3482 1607 in

1904 1633 2084 1691 futuro
2128 1638 2427 1707 percipient
2475 1656 2488 1690 ε
2536 1639 2660 1707 quia
2705 1639 2758 1693 in
2803 1649 3047 1696 extremo
3084 1641 3287 1712 judicio
3331 1641 3484 1698 ibunt

1903 1725 2052 1797 impii
2083 1727 2139 1780 in
2173 1726 2494 1797 supplicium
2526 1738 2817 1795 aeternum,
2844 1728 2976 1797 justi
3015 1738 3196 1787 autem
3230 1731 3286 1788 in
3314 1732 3478 1789 vitam

287 1816 352 1869 In
380 1816 571 1870 diebus
605 1815 712 1870 illis
746 1817 981 1870 convenit
1007 1817 1245 1871 universa
1272 1818 1453 1873 ciuitas
1483 1820 1668 1874 audire
1692 1837 1799 1875 ver-

1908 1824 2181 1873 aiternam.

224 1906 335 1958 bum
364 1906 492 1970 Dei,
519 1914 631 1961 etc.

284 1997 341 2052 lu
373 1996 755 2067 superioribus
782 1998 942 2069 hujus
964 2000 1185 2070 capituli
1215 2003 1500 2058 sententiis
1525 2011 1799 2068 narratur,

223 2089 492 2155 quomodo
527 2088 728 2145 Paulus
767 2089 981 2145 indiciis
1011 2091 1333 2160 prmdicaret
1366 2091 1636 2149 Christum
1666 2110 1802 2164 pra!-

223 2180 531 2233 nuntiatum
557 2194 677 2234 esse
702 2197 733 2234 a
762 2181 1072 2251 prophetis,
1106 2182 1174 2235 ad
1202 2182 1427 2238 salutem
1466 2185 1680 2254 generis
1704 2186 1801 2239 hu-

221 2272 362 2325 mani
418 2272 744 2326 mittendnm
770 2312 785 2337 ,
834 2281 889 2327 et
930 2289 1028 2343 per
1078 2275 1379 2343 passionem
1425 2290 1577 2330 suam
1632 2291 1803 2347 genus

222 2362 518 2417 humanum
552 2362 726 2430 ipsum
762 2363 1159 2431 redempturum
1191 2363 1463 2418 allirmans
1491 2363 1618 2419 illud
1654 2367 1801 2420 testi-

220 2452 416 2506 moniis
452 2452 812 2520 propheticis,
863 2454 956 2509 sed
995 2454 1119 2523 quia
1156 2454 1321 2509 Judaei
1369 2455 1484 2509 base
1524 2456 1803 2512 audientes

220 2541 376 2597 facile
412 2544 638 2597 credere
666 2543 971 2604 noluerunt,
1001 2554 1323 2615 rogaverunt
1363 2545 1584 2601 Paulum
1627 2557 1685 2602 ut
1718 2563 1802 2603 se-

219 2633 407 2702 quenti
449 2633 675 2688 sabbato
704 2633 899 2689 iterum
928 2636 993 2689 de
1022 2636 1207 2690 eadem
1241 2650 1299 2689 re
1326 2651 1630 2691 sermonem
1662 2636 1802 2693 face-

218 2735 299 2780 ret
328 2727 398 2781 ad
427 2725 708 2795 populum.

281 2815 527 2885 Cumque
550 2815 770 2869 dimissa
798 2825 927 2870 esset
959 2834 1250 2888 synagoga,
1291 2819 1454 2873 secuti
1490 2830 1611 2875 sunt
1651 2822 1802 2877 multi

215 2907 533 2961 Judworum
562 2915 612 2960 et
651 2906 931 2962 colentium
960 2908 1297 2973 advenarum,
1332 2908 1559 2966 Paulum
1589 2924 1637 2968 et
1667 2914 1801 2969 Bar—

215 2998 435 3061 nabam,
462 2998 555 3066 qui
582 2997 846 3068 loquentes
867 2998 1154 3053 suadebant
1182 3001 1254 3054 eis
1277 3012 1331 3054 ut
1353 3014 1713 3071 permanerent
1746 3006 1800 3059 in

214 3090 389 3156 gratia
428 3087 550 3141 Dei.
592 3088 893 3143 Audierunt
927 3090 1070 3144 enim
1111 3091 1208 3160 ipsi
1242 3093 1621 3161 praedicatores
1649 3098 1797 3152 verbi

218 3155 311 3234 Dei
338 3180 490 3249 quod
520 3180 665 3235 Dens
691 3181 757 3235 de
793 3180 959 3250 stirpe
991 3155 1158 3237 David
1186 3155 1469 3239 venturum
1498 3200 1616 3240 esse
1646 3186 1800 3241 Cbri-
1826 3155 1871 3218 Ο

215 3280 357 3325 unm
390 3273 755 3341 promisisset.
797 3273 887 3329 Sic
923 3274 1063 3329 enim
1105 3274 1270 3330 Isaias
1306 3276 1436 3332 Novi
1474 3278 1798 3333 Testamenti

216 3352 479 3431 mysteria
510 3372 850 3435 pnegustans
878 3365 954 3421 ait
986 3384 1000 3420 :
1029 3365 1098 3420 Et
1128 3368 1441 3422 constituam
1469 3369 1609 3425 vobis
1639 3379 1798 3425 testa—

216 3466 448 3508 mentum
490 3456 863 3526 sempiternum
898 3466 1082 3512 sancta
1120 3456 1286 3513 David
1322 3459 1530 3527 ﬁdelia,
1569 3461 1712 3530 quod
1747 3462 1800 3516 in

218 3534 487 3599 Hebraica
522 3546 753 3602 veritate
779 3546 853 3602 ita
878 3547 1099 3619 legitur,
1124 3559 1171 3603 et
1202 3549 1390 3619 feriam
1418 3551 1676 3606 uobiscum
1709 3570 1803 3622 pa-

216 3643 356 3688 ctum
386 3636 783 3705 sempiternum.
818 3637 1212 3695 Misericordias
1238 3639 1407 3696 David
1435 3640 1618 3697 ﬁdeles
1635 3683 1651 3709 ,
1678 3642 1804 3698 inde

215 3728 389 3781 secuti
417 3734 546 3782 sunt
566 3728 721 3783 multi
741 3726 1047 3785 ludarorum
1066 3740 1122 3784 et
1141 3730 1427 3785 colentium
1449 3732 1799 3800 advenarum,

215 3820 360 3890 quod
408 3824 576 3875 etiam
623 3821 815 3877 melius
872 3821 1070 3894 legitur
1122 3812 1408 3879 colentium
1449 3824 1615 3880 Deum
1662 3827 1805 3881 sicut

213 3909 270 3965 in
299 3909 496 3966 Graeco
538 3911 805 3977 vidimus,
844 3913 1111 3983 signiﬁcat
1136 3923 1315 3969 autem
1354 3930 1447 3970 eos
1480 3915 1573 3986 qui
1608 3925 1798 3973 natura

211 4000 448 4069 gentiles
471 4009 653 4067 erant,
683 4002 780 4056 sed
809 4002 1065 4073 religione
1090 4002 1281 4069 Judaei,
1314 4018 1450 4073 quos
1475 4003 1645 4060 Graeci
1677 4020 1802 4074 pro-

210 4091 421 4161 selytos
446 4100 779 4161 nuncupant,
807 4093 899 4147 sed
929 4094 1180 4161 quoniam
1205 4092 1308 4163 ipsi
1339 4094 1566 4164 apostoli
1604 4095 1800 4150 sentie—

208 4180 347 4235 bant
381 4178 600 4236 Iudaeos
640 4181 947 4237 incredulos
982 4198 1100 4238 esse
1141 4191 1196 4240 et
1236 4184 1495 4249 rebelles,
1546 4200 1611 4240 eo
1658 4187 1800 4254 quod

208 4271 479 4329 nolebant
517 4272 756 4342 recipere
786 4274 1009 4328 verbum
1048 4274 1162 4330 Dei.

285 4361 440 4415 Tunc
481 4372 781 4418 constanter
820 4361 1025 4418 Paulus
1074 4375 1119 4420 et
1164 4365 1440 4422 Barnabas
1486 4368 1730 4422 dixerunt
1778 4383 1797 4420 :

214 4449 384 4506 Vobis
415 4453 678 4523 oportebat
705 4454 929 4523 primum
971 4453 1112 4526 loqui
1148 4456 1358 4510 verbum
1392 4456 1518 4521 Dei;
1546 4458 1636 4511 sed
1665 4474 1794 4528 quo-

204 4543 359 4597 niam
389 4542 637 4613 repellitis
660 4544 815 4609 illud,
844 4553 892 4597 et
922 4545 1161 4616 indignos
1189 4562 1275 4599 vos
1294 4545 1551 4615 judicatis
1588 4556 1796 4601 (eterna:

204 4637 359 4702 uite,
390 4652 512 4689 ecce
534 4637 878 4694 convertimur
914 4637 982 4691 ad
1018 4647 1211 4708 gentes.
1259 4637 1351 4692 Sic
1386 4638 1523 4691 enim
1551 4639 1793 4708 praecepit

206 4729 358 4783 nobis
390 4727 652 4782 Dominus
681 4743 699 4780 :
728 4726 891 4782 Posui
918 4738 967 4782 te
991 4730 1045 4782 in
1078 4727 1248 4782 lumen
1275 4729 1534 4799 gentibus,
1560 4737 1616 4781 ut
1642 4730 1713 4782 sis
1741 4729 1794 4782 in

202 4818 434 4871 salutem
470 4834 635 4889 usque
672 4818 740 4872 ad
768 4828 1054 4874 extremum
1095 4827 1267 4872 terrm.
1307 4818 1586 4872 Audientes
1620 4828 1794 4872 autem

201 4921 384 4979 gentes
420 4909 789 4979 glori/icabant
832 4910 1042 4964 verbum
1081 4908 1327 4974 Domini;
1371 4918 1418 4962 et
1462 4908 1793 4963 crediderunt

199 5013 458 5075 quotquot
488 5014 639 5057 erant
663 5005 1003 5075 pra'ordinati
1031 5003 1100 5057 ad
1129 5004 1283 5058 vitam
1313 5012 1580 5057 a’ternam.
1623 5001 1793 5056 Disse-

200 5095 515 5147 minabatur
548 5104 722 5148 autem
760 5094 967 5149 verbum
1007 5093 1221 5148 Domini
1259 5109 1352 5163 per
1386 5095 1678 5148 universam
1715 5110 1794 5148 re-

197 5184 433 5253 gionem.
469 5182 651 5237 Judwi
679 5192 853 5238 autem
879 5185 1261 5238 concitaverunt
1304 5185 1571 5254 religiosas
1609 5184 1794 5240 mulie-

201 5293 286 5331 res
321 5288 370 5332 et
409 5277 657 5330 honestas
678 5316 694 5340 ,
756 5286 804 5330 et
843 5276 1040 5346 primos
1067 5264 1323 5340 civitatis,
1353 5284 1401 5329 et
1439 5276 1793 5330 excitaverunt

198 5368 617 5440 persecutionem
646 5367 702 5420 in
730 5366 959 5420 Paulum
992 5376 1040 5421 et
1079 5365 1413 5431 Barnabam,
1455 5374 1502 5418 et
1531 5365 1792 5433 ejecerunt

197 5476 291 5515 eos
314 5460 383 5514 de
407 5460 609 5529 ﬁnibus
633 5460 761 5512 suis.
795 5459 860 5511 At
892 5457 1001 5522 illi,
1031 5472 1248 5521 excusso
1285 5454 1492 5526 pulvere
1516 5455 1705 5525 pedum
1742 5455 1797 5507 in

199 5569 324 5619 eos,
362 5560 616 5608 uenerunt
654 5549 915 5606 Iconium.
952 5549 1207 5619 Discipuli
1233 5564 1437 5620 quoque
1468 5546 1797 5618 replebantar

196 5644 397 5713 gaudio
422 5652 472 5698 et
501 5640 708 5713 Spiritu
734 5652 934 5695 sancto.
964 5640 1145 5695 Pulvis
1167 5640 1319 5710 juxta
1352 5638 1625 5708 Evangelii
1657 5653 1794 5708 pra:-

194 5743 416 5805 ceptum
450 5733 726 5790 excutitur
753 5733 818 5786 de
845 5731 1070 5802 pedibus
1111 5730 1163 5784 in
1199 5729 1564 5785 testiinonium
1598 5728 1794 5783 laboris

1827 4503 1875 4562 D

2404 1908 2751 1964 HOMILIA
2803 1909 2986 1965 LXX.

2491 2015 2621 2053 ITEII
2651 2015 2807 2055 SABBA
2815 2016 2904 2057 το.

2055 2088 2241 2145 Lectio
2270 2090 2439 2144 sancti
2474 2090 2743 2159 Evangelii
2775 2091 3069 2148 secundum
3102 2091 3322 2151 Lucam.

1972 2176 2039 2230 In
2068 2177 2159 2231 illo
2187 2187 2412 2238 tempore
2436 2193 2651 2247 surgens
2670 2178 2826 2233 Iesus
2846 2179 2911 2234 de
2935 2196 3221 2252 synagoga,
3250 2184 3480 2240 introivit

1900 2270 1956 2323 in
1985 2270 2199 2325 domum
2239 2268 2489 2324 Simonis.
2519 2267 2713 2325 Socrus
2748 2280 2922 2326 autem
2953 2272 3183 2329 Simonis
3211 2274 3479 2331 tenebatur

1898 2362 2101 2431 magnis
2130 2361 2381 2430 febribus,
2408 2369 2516 2416 etc.

1972 2450 2028 2507 Si
2052 2452 2224 2507 virum
2250 2468 2278 2506 a
2301 2451 2576 2508 Dzemonio
2596 2453 2903 2519 liberatum,
2933 2457 3209 2514 moraliter
3238 2460 3477 2517 animum

1900 2542 1969 2597 ab
2010 2542 2283 2597 immunda
2327 2543 2651 2611 cogitatione
2691 2550 2974 2617 purgatum
3006 2547 3310 2620 signiﬁcare
3347 2552 3478 2609 dici-

1900 2647 2060 2698 mus,
2100 2641 2494 2702 consequenter
2535 2631 2732 2689 femina
2773 2634 3014 2692 febribus
3062 2646 3240 2708 teuta,
3280 2643 3373 2699 sed
3410 2645 3477 2698 ad

1899 2722 2190 2795 imperium
2226 2724 2436 2779 Domini
2465 2733 2673 2791 curata,
2711 2741 2930 2782 carnem
2958 2731 3195 2786 ostendit
3220 2748 3249 2786 a
3279 2748 3471 2790 concu-

1899 2815 2177 2886 piscentia:
2203 2831 2311 2871 suae
2338 2814 2549 2871 fervore
2572 2830 2671 2886 per
2694 2817 3037 2874 continentiae
3064 2831 3331 2893 prmeepta
3358 2823 3481 2880 ῑιεω-

1898 2914 2120 2972 natam;
2157 2905 2334 2961 omnis
2359 2905 2504 2961 enim
2543 2903 2849 2964 amaritudo
2877 2917 2935 2964 et
2964 2909 3044 2965 ira
3071 2919 3129 2967 et
3162 2911 3498 2985 indignatio..

1899 3004 1955 3052 et
1991 2996 2196 3052 clamor
2219 3004 2283 3051 et
2306 2995 2639 3065 blasphemia
2668 2998 2890 3067 spiritus
2912 2999 3173 3057 immundi
3201 3001 3350 3059 furor
3375 3015 3478 3062 est.

1898 3084 2331 3140 Fornicationem
2368 3100 2494 3141 vero
2526 3086 2946 3152 immunditiam,
2981 3087 3258 3148 libidinem
3283 3108 3454 3152 wneu

1900 3175 2217 3245 piscentiam
2255 3175 2451 3231 malam
2478 3183 2535 3230 et
2561 3177 2873 3243 avaritiam,
2907 3194 3026 3249 quae
3048 3190 3131 3236 est
3160 3182 3468 3240 simulacro-

1902 3283 2022 3322 rum
2049 3268 2303 3334 servitus,
2333 3266 2537 3323 febrem
2564 3268 2892 3326 illecebrosas
2915 3271 3096 3328 carnis
3117 3273 3373 3345 intellige.

1970 3358 2040 3413 Et
2069 3368 2377 3430 rogaverunt
2412 3357 2562 3414 illum
2590 3377 2683 3431 pro
2722 3378 2802 3414 ea.
2832 3359 2900 3415 Et
2933 3372 3079 3418 stans
3117 3381 3271 3436 super
3309 3366 3499 3431 illam,.

1899 3450 2165 3521 imperavit
2194 3449 2344 3519 febri,
2375 3459 2423 3505 et
2447 3451 2643 3506 dimisit
2672 3450 2838 3506 illam.
2868 3452 3024 3509 Modo
3049 3453 3296 3512 Salvator
3322 3472 3479 3528 roga-

1901 3551 2007 3607 tus,
2035 3541 2195 3597 modo
2221 3540 2363 3597 ultro
2402 3549 2557 3597 curat
2578 3550 2840 3612 aegrotos,
2882 3545 3170 3600 ostendens
3190 3560 3254 3602 se
3287 3555 3473 3601 contra

1897 3641 2247 3702 peccatorum
2291 3646 2504 3701 quoque
2549 3632 2831 3700 passiones
2873 3639 2930 3686 et
2974 3634 3224 3702 precibus
3266 3650 3477 3707 semper

1899 3736 2140 3777 annuere
2166 3720 2432 3781 ﬁdelium,
2458 3728 2513 3775 et
2541 3735 2604 3775 ea
2632 3734 2751 3789 quae
2781 3719 2880 3790 ipsi
2909 3720 3127 3776 minime
3153 3722 3207 3776 in
3233 3737 3291 3779 se
3325 3723 3481 3780 intel-

1900 3814 2070 3885 ligunt
2107 3823 2165 3868 et
2197 3810 2543 3882 intelligenda
2581 3811 2709 3866 dare
2751 3810 2834 3866 vel
2861 3811 3025 3867 etiam
3063 3826 3168 3866 non
3210 3812 3477 3870 intellecta

1899 3905 2202 3969 dimittere;
2222 3904 2376 3973 juxta
2397 3903 2538 3972 quod
2559 3901 2844 3959 Psalmista
2866 3903 3125 3974 postulat,
3148 3904 3338 3961 delicta
3365 3910 3480 3979 quis

1898 3995 2182 4065 intelligit?
2207 3994 2284 4049 Ab
2313 3993 2498 4048 ocultis
2533 3995 2660 4049 meis
2686 3995 2882 4049 munda
2902 4012 3005 4062 me,
3029 3995 3267 4052 Domine.

1970 4088 2039 4143 Et
2067 4089 2312 4143 continuo
2335 4105 2572 4158 surgens,
2600 4089 2930 4144 ministrabat
2966 4088 3094 4144 illis.
3122 4090 3376 4148 Naturale
3398 4103 3484 4149 est

1899 4178 2331 4236 febricitantibus
2357 4177 2647 4248 incipiente
2673 4179 2907 4234 sanitate
2927 4178 3219 4235 lascessere
3237 4189 3292 4235 et
3310 4197 3479 4252 aegro-

1903 4269 2123 4324 tationis
2151 4267 2354 4324 sentire
2390 4267 2690 4322 molestiam
2716 4309 2730 4333 ,
2765 4281 2953 4322 verum
2994 4267 3198 4322 sanitas
3227 4283 3349 4336 qua:
3382 4270 3482 4323 Do-

1898 4360 2029 4415 mini
2056 4358 2333 4415 confertur
2359 4357 2607 4427 imperio,
2631 4357 2789 4413 simul
2816 4365 2924 4410 tota
2947 4356 3103 4420 redit,
3133 4356 3228 4412 sed
3247 4366 3302 4413 et
3328 4367 3476 4415 tanto

1899 4450 2095 4504 robore
2118 4446 2410 4504 comitante
2427 4485 2442 4511 ,
2469 4453 2531 4499 ut
2557 4445 2638 4500 eis
2673 4445 2925 4499 continuo
2946 4444 3035 4514 qui
3065 4459 3122 4501 se
3160 4446 3477 4516 adjuverant

1903 4541 2214 4596 ministrare
2233 4536 2478 4593 sulliciat.
2497 4534 2585 4599 Ut,
2606 4535 2761 4606 juxta
2787 4535 2930 4605 leges
2951 4536 3279 4608 tropologiaz,
3309 4555 3477 4597 mem-

1900 4630 2000 4685 bra
2046 4645 2167 4699 quae
2206 4627 2506 4683 servierant
2537 4623 2885 4678 immunditize
2926 4625 2992 4680 ad
3038 4626 3376 4697 iniquitatem
3423 4644 3480 4686 ut

1902 4721 2294 4776 fructiﬁcarcnt
2328 4717 2510 4782 morti,
2540 4716 2778 4772 serviant
2797 4714 3021 4784 iustitia:
3051 4720 3103 4776 in
3132 4721 3296 4777 vitam
3323 4733 3456 4780 aiter

1903 4828 2046 4867 nam.
2666 4828 2669 4829 '

1974 4904 2103 4959 Cum
2131 4903 2209 4957 sol
2240 4911 2411 4957 autem
2442 4903 2710 4955 occidisset
2734 4943 2748 4966 ,
2778 4917 2953 4957 omnes
2988 4906 3077 4972 qui
3110 4905 3364 4961 habebant
3398 4910 3459 4962 in-

1903 4996 2082 5064 ﬁrmos
2107 4995 2266 5069 variis
2296 4993 2633 5063 languoribus
2656 5034 2671 5057 ,
2703 4994 2969 5049 ducebant
2996 4994 3112 5049 illos
3151 4996 3218 5050 ad
3245 5013 3384 5052 eum.
3413 5001 3474 5052 At

1901 5087 1990 5141 ille
2016 5084 2233 5155 singulis
2266 5101 2451 5139 manus
2475 5085 2762 5155 imponens,
2786 5086 3001 5140 curabat
3028 5103 3132 5141 eos.
3164 5086 3303 5145 Solis
3322 5106 3481 5146 occu-

1904 5181 2045 5236 bitus
2072 5181 2373 5250 passionem
2414 5189 2748 5249 mortemque
2786 5181 3056 5251 signiﬁcat
3080 5182 3239 5240 illius
3278 5186 3366 5254 qui
3401 5188 3480 5241 di-

1902 5275 1984 5327 xit
2010 5292 2022 5328 :
2053 5272 2302 5338 Quandiu
2325 5273 2378 5325 in
2398 5273 2593 5325 mundo
2617 5288 2732 5326 sum
2748 5312 2762 5334 ,
2793 5271 2887 5326 lux
2907 5290 3023 5327 sum
3048 5274 3253 5340 mundi,
3277 5284 3333 5330 et
3353 5275 3476 5331 Sole

1901 5366 2178 5419 occidente
2232 5363 2416 5431 plures
2459 5360 2776 5415 daemoniaci
2835 5377 2995 5431 quam
3049 5370 3183 5416 ante
3219 5371 3467 5419 sanantur

1901 5455 2110 5525 :egroti.
2136 5454 2269 5520 Quia
2295 5452 2386 5521 qui
2415 5450 2778 5520 temporaliter
2800 5452 2851 5506 in
2879 5467 3041 5508 carne
3066 5452 3252 5509 vivens
3276 5466 3477 5522 paucos

1898 5543 2203 5600 Iudaeorum
2233 5542 2438 5608 docuit,
2465 5542 2672 5597 calcato
2696 5558 2861 5613 regno
2891 5543 3081 5598 mortis
3109 5543 3359 5599 niiinibus
3383 5560 3477 5615 per

1898 5635 2082 5689 orbem
2113 5632 2363 5703 gentibus
2386 5632 2507 5687 ﬁdei
2536 5632 2831 5703 salutisque
2857 5633 2994 5687 dona
3026 5633 3347 5689 transmisit.
3375 5634 3481 5690 (lu--

1890 5723 1979 5793 jus
2021 5722 2282 5776 ministris
2314 5722 2463 5792 quasi
2504 5722 2626 5776 vita:
2669 5720 2911 5789 lucisque
2961 5720 3294 5789 prmcouibus
3331 5722 3481 5780 Psal-
