3962 6180
463 382 570 440 279

1101 381 1159 435 Β.
1202 379 1453 434 RABANI
1495 379 1714 436 MAURI
1754 378 2072 434 AllClllEP.
2121 378 2428 432 MOCUNT.
2473 378 2753 434 OPEllUM
2798 378 2974 431 PARS
3016 375 3076 430 ll.

3623 372 3727 426 £2th

462 495 620 550 mista
647 497 811 561 cauit,
837 495 939 549 iter
964 495 1122 562 facile
1146 494 1192 546 ei
1218 493 1307 562 qui
1334 492 1563 545 ascendit
1592 508 1749 561 super
1769 507 2032 544 occasum.
2067 496 2110 551 Α
2143 489 2193 541 in
2225 489 2326 543 hoc
2354 488 2494 542 libro
2521 488 2704 558 ﬁguris
2726 489 2938 557 repetit.
2969 487 3119 550 Ecce,
3146 489 3342 556 inquit,
3365 488 3554 539 ostium
3578 503 3728 555 aper-

460 583 637 652 Super
669 595 919 637 occasum
949 581 1146 650 quippe
1185 580 1443 635 Dominus
1469 581 1746 642 ascendit,
1779 581 1868 650 qui
1901 581 2044 634 unde

460 673 515 726 in
551 673 798 742 passione
833 671 1118 735 occubuit,
1166 671 1290 724 inde
1331 675 1589 740 majorem
1632 685 1782 725 suam
1813 669 2040 740 gloriam

458 764 792 833 resurgendo
825 760 1212 816 inaniiestavit.

528 854 761 909 Exibunt
790 863 964 907 autem
993 852 1253 906 da'monia
1277 872 1308 906 a
1339 852 1537 915 multis,
1569 852 1855 906 clamantia
1885 861 1932 904 et
1959 852 2040 904 di-

457 948 623 1002 centia
655 963 671 1000 :
706 944 845 1010 Quia
873 956 931 998 tu
959 960 1010 998 es
1041 943 1280 1000 Christus
1316 944 1358 998 F
1363 945 1484 1000 ilius
1519 945 1611 999 Dei
1639 959 1656 996 :
1683 955 1731 999 et
1764 947 2038 1015 increpans

455 1055 559 1092 non
595 1037 794 1091 sinebat
829 1053 891 1090 ea
931 1035 1070 1105 loqui
1105 1037 1229 1104 quia
1267 1037 1494 1090 sciebant
1539 1036 1708 1106 ipsum
1749 1033 2036 1090 Christum.

454 1127 729 1182 Dmmonia
743 1125 939 1180 Filium
955 1125 1048 1180 Dei
1070 1126 1476 1188 contitemudur,
1496 1135 1552 1180 et
1567 1133 1797 1180 attestan
1806 1135 1855 1179 te
1870 1125 2039 1179 Evan-

453 1218 642 1288 gelista
668 1217 912 1272 sciebant
934 1217 1108 1286 ipsum
1130 1232 1246 1271 esse
1273 1216 1564 1282 Christum,
1590 1219 1715 1286 quia
1743 1233 1903 1286 quem
1927 1219 2038 1273 die~

457 1323 574 1360 rmn
598 1307 950 1378 quadraginta
967 1306 1171 1377 jejunio
1195 1304 1472 1376 fatigatum
1494 1307 1743 1361 diabolus
1762 1308 2035 1362 hominem

451 1407 810 1470 cognoverat,
853 1414 954 1454 nec
993 1397 1248 1453 tentando
1291 1397 1504 1452 valebat
1539 1413 1608 1452 an
1647 1409 1698 1453 et
1741 1399 1836 1453 Dei
1868 1398 2036 1454 Filius

449 1501 592 1548 esset
615 1492 870 1562 experiri,
898 1492 1010 1561 jam
1044 1506 1184 1544 nunc
1215 1506 1312 1560 per
1337 1491 1610 1562 signorum
1631 1492 1926 1562 potentiam
1951 1493 2033 1547 vel

451 1584 713 1638 intellexit
747 1583 831 1640 vel
871 1585 1049 1653 potius
1073 1583 1378 1652 suspicatus
1412 1592 1642 1639 estesse
1682 1583 1874 1638 Filium
1914 1585 2030 1640 Dei.

447 1675 562 1730 Non
612 1677 775 1746 igitur
817 1675 938 1731 ideo
977 1674 1175 1730 iudicis
1213 1691 1336 1730 eum
1377 1676 1694 1748 cruciﬁgere
1726 1678 2030 1747 persuasit,

446 1768 572 1836 quia
598 1767 872 1822 Christum
898 1767 1013 1821 sive
1041 1766 1134 1820 Dei
1155 1766 1350 1820 Filium
1381 1781 1485 1820 non
1517 1780 1638 1822 esse
1667 1768 1910 1837 putavit;
1938 1768 2032 1822 sed

2144 589 2253 631 tum
2282 580 2337 632 in
2362 579 2524 643 cado;
2551 580 2936 633 convenienter
2956 579 3152 631 ostium
3180 577 3400 630 cmlcste
3422 579 3728 633 ascensuris

2143 670 2366 738 aspicit,
2396 670 2482 724 cui
2521 670 2663 724 celsa
2709 672 2962 740 mysteria
2993 670 3156 738 pandi
3195 671 3612 739 promittuntur;
3643 671 3728 724 vel

2141 760 2266 828 quia
2293 762 2489 814 ostium
2517 760 2766 816 Christus
2792 769 2895 824 est,
2924 762 3020 830 qui
3041 761 3188 814 illum
3219 762 3512 816 crediderit
3540 772 3725 816 natum

2141 860 2194 904 ct
2223 867 2441 920 passum
2464 853 2778 906 conscendit
2802 852 3020 915 coitum,
3050 851 3102 905 id
3126 860 3231 915 est,
3261 851 3515 906 Ecclesiae
3541 852 3727 906 altitu-

2140 941 2340 1006 dinem,
2372 950 2424 995 et
2447 941 2595 995 videt
2620 943 2798 995 futura
2825 942 3084 1010 spiritalis
3109 941 3356 1006 ell‘ectus,
3380 943 3520 996 sicut
3545 943 3674 998 dicit
3702 965 3719 999 :

2139 1030 2206 1084 Et
2236 1033 2414 1085 statim
2442 1031 2523 1100 [ui
2555 1031 2608 1084 in
2649 1033 2855 1101 spiritu.
2893 1032 2961 1085 Et
2993 1049 3096 1104 quos:
3132 1035 3308 1103 prima
3337 1050 3495 1104 quam
3523 1036 3726 1097 audiet,

2137 1132 2386 1191 tanquam
2413 1122 2550 1176 tuba:
2575 1121 2830 1192 loquentis
2856 1127 3077 1186 mecum,
3106 1124 3567 1178 dicens:Asceude
3595 1126 3726 1190 huc,

2136 1223 2184 1266 et
2211 1215 2480 1268 ostendam
2512 1215 2604 1268 tibi
2635 1232 2752 1285 qua:
2778 1227 2977 1285 oportet
3008 1217 3125 1284 fieri
3147 1229 3260 1287 post
3285 1219 3418 1283 lucc,
3441 1220 3620 1273 statim
3645 1220 3724 1288 {uti

2137 1305 2190 1356 in
2221 1304 2406 1373 spiritu
2429 1344 2444 1368 ,
2473 1305 2650 1360 simile
2689 1315 2772 1360 est
2801 1307 2983 1374 utique
3011 1307 3111 1360 hoc
3138 1307 3305 1375 priori
3335 1308 3450 1361 voci
3490 1323 3609 1376 quae
3638 1309 3724 1362 di-

2138 1405 2322 1450 xerat:
2347 1396 2500 1462 Quod
2525 1399 2664 1452 vides
2685 1399 2850 1452 scribe
2875 1400 2930 1452 in
2957 1398 3110 1451 libro.
3149 1398 3215 1451 Et
3240 1415 3357 1452 ecce
3375 1399 3521 1453 sedes
3549 1402 3723 1468 positu

2134 1495 2245 1538 erat
2278 1487 2332 1539 in
2361 1485 2487 1540 coelo
2513 1500 2529 1538 :
2553 1498 2599 1540 et
2625 1503 2784 1556 supra
2810 1489 2980 1540 sedem
3003 1486 3186 1540 sedens
3215 1487 3508 1541 Ecclesium
3535 1488 3586 1541 in
3615 1503 3728 1541 cu}-

2133 1575 2256 1630 lesti
2283 1577 2694 1632 conversatione
2718 1578 2950 1646 positam
2984 1577 3244 1632 Dominus
3265 1577 3551 1631 inhabitat.
3579 1577 3722 1632 Grc--

2135 1671 2318 1740 gorius
2347 1671 2491 1741 Papa
2522 1671 2714 1726 solium
2734 1671 2827 1725 Dei
2860 1673 2912 1725 in
2949 1671 3157 1726 visione
3195 1671 3428 1728 Micbaaa:
3447 1673 3724 1743 angelicas

2134 1767 2430 1828 potestates
2475 1761 2899 1829 interpretatur,
2954 1777 3182 1831 quarum
3240 1764 3510 1817 mentibus
3557 1765 3724 1819 altius

445 1861 571 1929 quia
585 1874 640 1914 se
665 1868 842 1914 morte
875 1859 1016 1913 illius
1047 1875 1151 1913 non
1192 1859 1438 1928 przevidit
1467 1875 1584 1914 esse
1614 1860 1974 1914 daamandum
2012 1879 2024 1914 :

2137 1850 2445 1918 praasidens,
2471 1849 2695 1906 inferius
2715 1860 2911 1906 cuncta
2936 1853 3193 1922 disponit.

444 1968 573 2006 vere
594 1953 739 2005 enim
766 1952 833 2006 de
861 1952 963 2005 hoc
992 1950 1251 2020 mysterio
1273 1965 1301 2002 a
1327 1950 1536 2004 saeculis
1562 1952 1876 2006 abscondito
1901 1951 2030 2005 dicit

444 2041 733 2111 Apostolus
774 2059 786 2092 :
829 2039 982 2106 Quod
1021 2057 1169 2093 nemo
1206 2041 1499 2111 principum
1529 2042 1688 2111 hujus
1723 2042 1906 2096 sa'culi
1943 2059 2028 2096 co-

443 2131 648 2202 gnovit:
678 2131 725 2185 si
754 2125 890 2184 enim
911 2131 1285 2200 cognovissent,
1313 2148 1578 2201 nunquam
1607 2132 1890 2186 Dominum
1919 2133 2028 2204 glo-

443 2225 538 2277 riae
563 2222 964 2291 cruci/inissent.
987 2221 1168 2288 Quare
1191 2229 1370 2276 autem
1399 2223 1658 2277 dietnonia
1683 2223 1939 2279 Dominus
1970 2242 2027 2279 se

445 2313 592 2383 loqui
623 2313 925 2382 prohibeat,
943 2310 1226 2366 Psalmista
1252 2311 1580 2377 manifestat,
1607 2313 1697 2383 qui
1724 2314 1821 2378 ait,
1845 2331 2027 2384 pecca-

440 2406 540 2458 turi
565 2413 739 2458 autem
763 2403 894 2457 dixit
914 2402 1074 2468 Deus,
1098 2419 1260 2474 quare
1280 2413 1335 2456 tu
1358 2406 1824 2473 enarrasjustitias
1847 2423 1985 2460 meas
2002 2408 2027 2458 ?

439 2504 494 2550 et
519 2501 737 2550 caetera.
768 2492 847 2547 Ne
873 2508 995 2546 eum
1027 2492 1148 2562 quis
1177 2492 1301 2546 dum
1331 2493 1713 2563 praedicantem
1740 2495 1906 2558 audit,
1935 2510 2023 2550 se-

438 2593 637 2653 quatur
663 2591 970 2648 errantem,
999 2582 1276 2654 improbus
1305 2584 1448 2637 enim
1489 2585 1745 2654 magister
1782 2595 1865 2638 est
1904 2585 2022 2638 dia-

438 2675 612 2739 bolus,
642 2675 733 2744 qui
765 2673 896 2728 falsa
920 2672 1062 2728 veris
1085 2687 1228 2742 saepe
1253 2674 1563 2741 permiscet,
1594 2684 1649 2726 ut
1679 2675 1857 2743 specie
1887 2676 2024 2730 veri~

439 2767 561 2821 tatis
590 2767 955 2821 testimonium
997 2765 1202 2820 fraudis
1228 2767 1469 2835 obtegat.
1508 2768 1658 2821 Alias
1690 2777 1870 2824 autem
1915 2785 2021 2825 non

437 2856 538 2911 sibi
575 2856 876 2921 daemones,
905 2857 996 2926 qui
1031 2856 1181 2910 inviti
1214 2856 1633 2923 confitebantur,
1657 2859 1918 2928 jubentur
1948 2863 2021 2916 si-

437 2949 549 3004 lere
586 2947 651 3003 de
681 2946 928 3013 Christo,
960 2948 1054 3002 sed
1090 2956 1146 3001 et
1174 2947 1247 3000 illi
1282 2948 1375 3016 qui
1417 2950 1485 3004 ab
1523 2965 1590 3004 eo
1627 2951 1801 3005 sanati
1833 2961 2022 3021 sponte

438 3038 684 3094 confiteri
723 3037 1000 3103 volebant;
1045 3039 1152 3091 imo
1197 3039 1296 3108 ipsi
1332 3039 1572 3109 Apostoli
1613 3041 1704 3110 qui
1739 3058 1860 3096 cum
1901 3051 2022 3112 post

439 3131 890 3186 resurrectionem
935 3139 1048 3184 toto
1084 3140 1239 3184 erant
1285 3133 1416 3186 orbe
1464 3133 1806 3202 prmdicaturi
1835 3176 1848 3199 ,
1895 3145 2019 3190 ante

437 3221 741 3291 passionem
761 3221 877 3291 ejus
895 3222 1282 3290 prxcipiuntur
1303 3221 1522 3275 omnino
1554 3224 1783 3278 reticere
1803 3225 1870 3278 de
1891 3224 1980 3279 illo
2001 3243 2015 3290 ;
2046 3193 2091 3254 δ

437 3330 504 3369 ne
539 3314 716 3369 divina
749 3314 954 3369 scilicet
980 3312 1266 3382 majestate
1292 3315 1578 3384 praedicata
1613 3315 1880 3385 passionis
1908 3317 2019 3372 dis-

437 3403 677 3473 pensatio
704 3401 1028 3468 dillcrretur,
1058 3412 1113 3458 et
1147 3402 1308 3458 dilata
1333 3405 1598 3474 passione,
1626 3406 1770 3460 salus
1812 3407 2015 3473 mundi,

438 3509 558 3564 qua:
585 3508 684 3562 per
719 3493 859 3547 hanc
891 3492 1070 3548 futura
1099 3503 1238 3558 erat,
1273 3503 1578 3563 negaretur.

509 3589 677 3645 Facta
715 3601 890 3646 autem
926 3592 1010 3646 die
1048 3607 1282 3662 egressus
1320 3591 1426 3644 ibat
1453 3593 1504 3644 in
1533 3592 1790 3646 desertum
1825 3591 2016 3658 locum,

435 3694 478 3739 ct
508 3683 673 3737 turba:
701 3682 1024 3755 requirebant
1049 3699 1186 3747 eum,
1211 3693 1258 3736 et
1281 3693 1526 3737 venerunt
1550 3700 1711 3755 usque
1738 3682 1806 3736 ad
1828 3683 2016 3753 ipsum,

435 3786 538 3831 etc.
572 3776 628 3830 Si
657 3790 854 3830 occasu
893 3775 1024 3829 solis
1059 3775 1266 3829 Domini
1300 3792 1446 3830 mors
1480 3776 1823 3844 exprimitur,
1854 3791 2020 3844 quare

436 3882 540 3921 non
583 3865 670 3919 die
712 3868 967 3919 redeunte
1005 3866 1331 3919 resurrectio
1374 3867 1513 3921 illius
1555 3867 1837 3931 iudicetur,
1866 3867 2021 3934 cujus

437 3954 780 4008 manifestata
805 3953 922 4006 lucc
955 3969 984 4005 a
1013 3954 1346 4006 credentium
1379 3955 1547 4008 turbis
1570 3956 1862 4024 inquiritur
1884 3965 1939 4010 et
1965 3957 2016 4010 in

435 4044 674 4116 gentium
707 4044 921 4097 deserto
961 4043 1211 4096 inventus
1233 4083 1248 4107 ,
1278 4058 1344 4096 ne
1379 4043 1536 4097 abeat
1573 4045 1872 4109 detinetur;
1901 4062 2016 4098 ma-

436 4138 578 4192 xime
607 4152 727 4190 cum
767 4136 883 4189 haec
916 4134 1087 4204 prima
1130 4135 1334 4188 sabbati
1377 4151 1484 4203 quo
1526 4137 1846 4189 resurrectio
1875 4137 2015 4190 cele—

435 4230 587 4284 brata
617 4234 731 4292 est,
758 4225 994 4296 egressio
1017 4262 1031 4289 ,
1061 4225 1325 4293 quscsitio,
1359 4234 1412 4278 et
1442 4225 1682 4277 inventio
1711 4225 2015 4295 contigerit,

436 4319 488 4373 in
523 4319 719 4388 quibus
760 4316 1011 4371 omnibus
1049 4314 1426 4368 manifestatur
1469 4315 1680 4370 bonitas
1720 4325 1774 4370 et
1813 4318 2019 4370 miseri-

433 4412 617 4466 cordia
656 4409 864 4464 Domini
897 4408 1067 4462 nostri
1102 4405 1226 4461 Jcsu
1255 4406 1486 4470 Christi,
1531 4407 1584 4460 in
1617 4425 1723 4476 quo
1765 4409 2014 4473 vivimus,

2201 1939 2270 1992 Et
2292 1941 2380 2010 qui
2403 1940 2631 2004 sedebat,
2659 1942 2844 1994 similis
2871 1952 2983 1995 erat
3013 1945 3242 2011 aspectui
3271 1943 3464 2012 lapidis
3485 1945 3722 2016 jaspidis

2129 2041 2176 2084 et
2188 2032 2428 2084 sardinii.
2445 2031 2837 2101 Jaspidiscolor
2850 2049 3067 2102 aquam,
3085 2036 3307 2090 sardinii
3327 2036 3500 2106 ignem
3515 2039 3722 2108 signiti-

2129 2134 2234 2189 cat,
2250 2125 2445 2194 quibus
2471 2127 2678 2181 duobus
2718 2126 2980 2196 judicium
3011 2131 3258 2184 novimus
3281 2130 3561 2186 celebrari.
3590 2133 3719 2187 Sic—

2128 2224 2183 2268 ut
2231 2217 2401 2281 enim,
2440 2217 2646 2286 inquit,
2677 2219 2730 2272 in
2762 2219 2943 2273 diebus
2974 2219 3122 2286 Noe,
3149 2222 3221 2275 ita
3251 2223 3349 2275 erit
3384 2234 3430 2276 et
3458 2224 3724 2280 adventus

2125 2306 2225 2373 ﬁlii
2256 2308 2501 2361 hominis.

2198 2400 2266 2453 Et
2301 2401 2394 2456 iris
2431 2414 2542 2455 erat
2575 2405 2629 2457 in
2667 2405 2888 2458 circuitu
2915 2407 3084 2471 sedis,
3119 2407 3306 2461 similis
3343 2409 3528 2462 ιεἰεὶοηὶ
3560 2427 3711 2462 sma-

2127 2494 2380 2564 ragdinte.
2419 2493 2518 2548 Iris
2547 2510 2666 2564 qum
2698 2497 2756 2549 ﬁt
2801 2497 2913 2552 sole
2942 2498 3111 2553 nubes
3142 2500 3436 2554 irradiante
3458 2542 3472 2563 ,
3507 2510 3564 2554 et
3591 2515 3719 2572 post

2123 2587 2383 2643 diluvium
2420 2588 2594 2656 primo
2633 2590 3029 2658 propitiationis
3045 2589 3247 2658 judicio
3283 2591 3458 2647 factus
3485 2603 3600 2657 est,
3632 2596 3719 2648 in-

2126 2690 2365 2735 tercessu
2403 2688 2712 2734 sanctorum
2732 2721 2745 2744 ,
2776 2695 2910 2748 quos
2938 2681 3196 2737 Dominus
3235 2682 3494 2746 illustrat,
3526 2684 3719 2740 Eccle-

2124 2774 2259 2828 siam
2290 2773 2487 2827 muniri
2519 2773 2782 2844 designat.
2819 2772 2917 2839 Qui
2954 2774 3090 2829 bene
3119 2774 3402 2844 smaragdo
3436 2775 3599 2845 lapidi
3631 2778 3718 2831 ui—

2124 2864 2245 2916 mia:
2282 2863 2570 2917 viriditatis
2607 2871 2971 2932 comparatur,
3013 2879 3120 2932 quo
3157 2865 3300 2916 enim
3341 2865 3720 2920 haereditate-ni

2123 2956 2606 3012 inmarcescibilem
2649 2956 2750 3010 [ide
2789 2955 3098 3024 proiectiori
3129 2966 3477 3026 exspectant,
3522 2975 3591 3014 eo
3619 2976 3722 3030 po-

2123 3053 2327 3108 tentius
2354 3052 2518 3106 etiam
2546 3062 2773 3105 exteros
2802 3053 3006 3107 orando
3040 3063 3348 3124 protegunt.

2194 3140 2261 3194 Et
2287 3142 2342 3195 in
2368 3141 2589 3194 circuitu
2620 3141 2755 3194 sedis
2782 3141 2968 3196 sedilia
2995 3144 3175 3213 riginti
3201 3155 3448 3215 quatuor,
3479 3157 3526 3198 et
3553 3163 3731 3215 supra

2122 3233 2335 3286 thronos
2365 3232 2542 3301 viginti
2568 3244 2827 3303 quatuor,
2858 3234 3090 3288 sedentes
3127 3239 3375 3292 seniores.
3415 3238 3726 3294 Ecclesium

2123 3337 2280 3391 quam
2316 3331 2537 3391 propter
2567 3324 2880 3377 societatem
2915 3326 3036 3379 lidei
3081 3327 3132 3380 in
3175 3344 3276 3380 una
3321 3330 3449 3384 sede
3479 3332 3727 3393 viderat,

2122 3412 2366 3467 eamdem
2398 3428 2493 3480 per
2527 3415 2799 3482 geminum
2846 3424 3229 3472 testamentum
3271 3419 3337 3473 de
3388 3422 3731 3489 patriarchis

2122 3514 2176 3559 et
2221 3508 2478 3576 apostolis
2507 3521 2816 3578 generatam
2869 3513 2919 3565 in
2952 3529 3078 3566 mv
3111 3515 3367 3569 sedilibus
3398 3519 3597 3581 cernit,
3633 3534 3731 3575 se-

2123 3600 2337 3653 dentem
2379 3611 2558 3656 autem
2581 3645 2594 3666 ,
2635 3615 2853 3675 propter
2875 3606 3215 3675 judiciariam
3252 3609 3367 3679 ejus
3404 3611 3455 3664 in
3493 3610 3732 3667 Christo

2123 3689 2457 3760 dignitatem.
2507 3692 2767 3748 Sedebant
2819 3698 2955 3749 enim
3005 3710 3050 3750 et
3099 3699 3414 3768 judicabant
3473 3705 3730 3756 uniuersa

2123 3783 2372 3849 membra,
2397 3785 2486 3837 sed
2508 3786 2561 3838 in
2587 3803 2688 3839 uno
2718 3797 2765 3839 et
2786 3804 2878 3855 per
2900 3805 3058 3841 unum
3085 3802 3257 3860 caput.
3284 3790 3416 3845 Nam
3444 3796 3732 3861 quomodo

2121 3882 2374 3940 poterunt
2412 3876 2582 3928 sancti
2623 3877 2674 3928 in
2699 3875 2905 3944 judicio
2947 3881 3137 3934 sedere
3175 3890 3379 3935 stantes
3419 3884 3486 3936 ad
3531 3885 3732 3939 (lx-xte-

2124 3978 2238 4016 ram
2261 3964 2478 4032 judicis.
2515 3965 2749 4021 Possunt
2791 3969 2951 4022 ctizun
2989 3972 3171 4041 viginti
3208 3982 3440 4041 quatuor
3469 3975 3733 4031 seniores

2123 4059 2175 4110 in
2205 4058 2307 4112 illis
2334 4059 2576 4128 intelligi,
2609 4061 2698 4129 qui
2726 4061 3109 4130 perfectionem
3137 4067 3317 4134 Operis
3343 4082 3466 4136 qua:
3497 4071 3734 4124 senario

2124 4167 2350 4206 numero
2377 4152 2806 4216 commendatur,
2838 4153 2981 4208 clara
3015 4155 3285 4225 Evangelii
3327 4159 3731 4227 prtedicutioue

2123 4250 2517 4295 consummant.
2545 4241 2680 4295 Nam
2720 4252 2912 4311 quater
2945 4245 3058 4299 seni
3091 4262 3215 4299 xxrv
3240 4246 3464 4303 faciunt.

2194 4331 2624 4386 Circumamictos
2653 4335 2969 4387 vestimentis
3017 4335 3150 4388 albis
3187 4348 3231 4390 et
3258 4339 3310 4389 in
3341 4339 3602 4407 capitibus
3633 4359 3732 4395 co.

2122 4439 2235 4475 rum
2267 4441 2486 4477 coronas
2517 4441 2723 4478 aureas.
2761 4425 2817 4480 ld
2855 4437 2973 4492 est,
3004 4427 3160 4482 bonis
3199 4429 3453 4498 operibus
3496 4432 3730 4485 indutos

436 4517 753 4565 movemur,
795 4509 848 4554 et
891 4515 1076 4553 sumus
1104 4539 1118 4563 ,
1157 4509 1213 4552 et
1246 4515 1344 4568 per
1383 4497 1534 4568 cujus
1574 4499 1915 4553 clementiam
1950 4501 2016 4554 ad

2137 4515 2344 4569 )crenni
2372 4517 2567 4570 mentis
2601 4518 2858 4572 memoria
2890 4520 3081 4588 gaudia
3119 4536 3350 4589 superna
3382 4535 3726 4590 quzercntcs.

437 4594 674 4647 futuram
721 4591 885 4643 vitam
934 4591 1215 4658 pervenire
1254 4605 1352 4644 nos
1404 4605 1683 4659 speramus
1733 4601 2018 4659 pra-stante

437 4685 550 4752 ipso
579 4689 823 4735 creatore
847 4689 902 4733 et
933 4682 1269 4750 redemptore
1300 4690 1485 4735 nostro
1505 4681 1632 4735 Jesu
1663 4682 1898 4746 Christo,
1927 4682 2017 4751 qui

436 4789 557 4828 cum
579 4772 737 4826 Patre
765 4778 819 4824 et
851 4769 1052 4838 Spiritu
1075 4781 1262 4825 sancto
1291 4772 1421 4824 vivit
1445 4781 1500 4825 et
1527 4784 1716 4842 regnat
1747 4773 1798 4825 in
1824 4773 2016 4827 saecula

436 4864 772 4921 saeculorum.
811 4863 1004 4916 Amen.

981 4952 1261 5007 HOMILIA
1297 4954 1480 5007 LXXI.

762 5056 1011 5094 DOSHNICA
1048 5056 1254 5094 OCTAVA
1297 5059 1680 5099 I‘ENTECOS'I‘l-ZS.
1755 5096 1766 5106 ,

853 5133 1034 5188 Lectio
1067 5134 1184 5187 libri
1214 5136 1580 5206 Apocalypsis.

506 5222 574 5279 In
597 5223 780 5278 diebus
809 5222 936 5286 illis,
964 5222 1069 5276 vidi
1097 5225 1284 5276 ostium
1312 5235 1546 5294 apertum
1577 5227 1630 5279 in
1661 5237 1784 5280 casto
1809 5244 1825 5278 :
1849 5241 1894 5282 et
1923 5248 2014 5283 eoa.

435 5319 604 5388 prima
631 5331 789 5386 quam
815 5313 992 5367 audiri
1037 5324 1284 5384 tanquam
1325 5315 1462 5368 tuba:
1498 5316 1753 5386 loquentis
1791 5337 2012 5383 mecmu,

437 5411 610 5462 dicens
655 5422 672 5460 :
715 5407 947 5458 Ascendc
992 5405 1092 5457 huc
1129 5415 1175 5456 ct
1212 5405 1482 5460 ostendam
1528 5409 1619 5460 tibi
1657 5426 1772 5478 qua:
1818 5421 2016 5479 oportet

434 5500 571 5568 ﬁeri,
602 5507 707 5552 etc.

506 5591 801 5659 Dcscriptis
829 5590 1081 5645 Ecclesiae
1111 5591 1364 5660 operibus
1384 5634 1396 5656 ,
1433 5609 1552 5662 qua:
1583 5603 1725 5648 esset
1761 5605 1816 5650 et
1842 5598 2016 5665 qualis

439 5677 614 5733 futura
653 5691 796 5735 esset
835 5683 1153 5751 recapitulat
1187 5699 1215 5735 a
1247 5685 1448 5737 Christi
1485 5687 1794 5750 nativitatc,
1827 5692 2013 5743 eadem

443 5767 598 5819 aliter
625 5769 896 5837 dicturus,
929 5782 1095 5827 totum
1136 5776 1278 5827 cnim
1323 5783 1530 5843 tempus
1569 5777 1818 5834 Ecclcsim
1853 5784 2016 5838 variis

2123 4605 2274 4674 Sarpe
2301 4608 2443 4659 enim
2474 4608 2666 4677 capitis
2696 4611 2933 4675 nomine,
2963 4627 3115 4666 mens
3142 4613 3278 4666 solet
3309 4615 3555 4684 intelligi.

2193 4696 2259 4749 Et
2295 4697 2358 4750 de
2388 4699 2572 4752 throno
2609 4712 2967 4768 processerunt
2996 4703 3230 4772 fulgura,
3263 4716 3309 4757 et
3351 4723 3528 4771 roses,
3560 4720 3606 4760 ct
3644 4720 3739 4762 to-

2122 4788 2314 4840 uiti-aa.
2349 4787 2461 4841 lloc
2488 4798 2562 4842 est
2605 4791 2745 4859 quod
2787 4791 2998 4847 Marcus
3029 4794 3138 4856 ait,
3172 4795 3249 4846 illi
3288 4807 3463 4849 autem
3488 4800 3736 4867 profecti

2119 4880 2532 4948 pra'dicaverunt
2550 4882 2759 4952 ubique,
2783 4883 3007 4938 Domino
3025 4899 3333 4955 cooperante
3355 4899 3400 4941 et
3416 4906 3737 4946 sermonem

2120 4971 2478 5038 conﬁrmante,
2513 4974 2839 5042 sequentibus
2866 4975 3044 5044 signis.

2195 5060 2257 5113 Et
2281 5073 2470 5130 septem
2496 5061 2761 5132 lampades
2784 5065 3023 5120 ardentes
3049 5077 3168 5119 ante
3191 5069 3456 5133 thronum,
3475 5075 3566 5141 qui
3593 5090 3738 5128 sunt

2117 5169 2307 5224 septem
2356 5156 2583 5224 Spiritus
2622 5157 2734 5209 Dei.
2779 5157 2951 5212 Utmm
2992 5158 3253 5228 Spiritum
3287 5163 3416 5215 dicit
3457 5168 3747 5233 septifmu

2121 5264 2281 5311 lllClll,
2314 5264 2454 5301 unus
2490 5256 2574 5302 est
2621 5249 2765 5302 enim
2795 5250 3032 5319 Spiritus
3053 5293 3067 5316 ,
3110 5254 3496 5322 septiformitas
3527 5267 3745 5314 autem

2120 5337 2378 5405 perfectio
2400 5347 2481 5391 est
2504 5348 2556 5393 et
2578 5340 2869 5408 plenitudo.
2895 5340 3330 5397 Commemorato
3352 5359 3479 5397 vero
3501 5345 3604 5415 Spi
3620 5352 3750 5405 ritu

2124 5439 2309 5482 sancto
2337 5431 2724 5484 convenienter
2756 5432 2894 5484 unda
2934 5434 3180 5503 baptismi
3221 5435 3484 5504 sequitur,
3520 5441 3579 5489 in
3618 5455 3750 5510 qua

2127 5520 2263 5573 idem
2304 5521 2539 5589 Spiritus
2569 5523 2768 5592 percipi
2798 5526 3054 5578 creditur.

2197 5611 2260 5662 Et
2289 5613 2340 5663 in
2368 5623 2641 5680 conspcttu
2669 5614 2804 5666 sedis
2843 5625 3088 5686 tanquam
3119 5635 3260 5668 mare
3293 5619 3506 5668 ritreum
3541 5621 3756 5680 simile

2123 5705 2384 5771 rrystallo.
2421 5704 2646 5773 Propter
2678 5706 2834 5760 [idem
2867 5710 2977 5761 veri
3013 5711 3346 5779 l'aptiszuatis
3379 5710 3635 5766 refertur
3675 5722 3756 5771 uel

2125 5791 2342 5857 vitrum,
2369 5793 2418 5845 iu
2444 5810 2548 5861 quo
2575 5811 2679 5847 non
2713 5794 2856 5851 aliud
2880 5797 3091 5851 videtur
3117 5799 3352 5852 exterius
3376 5814 3541 5866 quam
3575 5810 3760 5872 quod
