3962 6180
309 334 397 386 981

1390 324 1693 381 ΙΙΟΜΙΙΔᾹΞ
1733 324 1796 379 ΙΝ
1837 322 2089 378 ΕἾᾹΝΟ.
2131 322 2217 376 ΕΤ
2255 321 2476 377 EPIST.

3468 319 3572 373 9.33

309 455 476 520 gestat
509 444 770 508 interius,
814 442 1068 517 crystallo
1108 456 1325 513 quoque
1365 441 1507 511 quod
1546 442 1612 495 de
1654 454 1793 508 aqua
1834 437 1886 491 in
1915 442 1966 500 Λ
1990 435 2133 488 enim
2164 434 2466 503 geminatus
2494 431 2852 488 duodenarius
2879 445 3135 486 numerus
3158 428 3446 500 significat,
3474 441 3579 520 stac

306 541 525 612 glaciem
556 547 617 594 et
643 539 879 609 lapidem
906 538 1202 607 pretiosum
1229 535 1462 591 efﬁcitur
1488 532 1739 604 baptismi
1763 546 1887 601 gra-

309 632 376 686 tia
405 630 692 700 figuratur.

372 718 445 773 Et
468 720 523 772 in
551 718 726 774 medio
748 717 907 782 sedis,
928 726 977 771 et
1000 717 1055 771 in
1082 716 1303 771 circuitu
1332 716 1493 781 sedis,
1516 724 1745 784 quatuor
1769 714 1888 766 ani-

306 811 466 866 malia
495 809 652 880 plena
678 811 848 864 oculis
875 825 998 863 ante
1036 818 1082 863 et
1112 818 1269 862 retro.
1302 806 1537 861 Cunctas
1570 804 1744 859 throni
1774 803 1887 868 Dei,

305 903 354 957 id
381 911 488 966 est,
520 900 800 965 Ecclesiaa,
828 908 1008 970 partes
1042 899 1219 954 lumen
1254 897 1527 968 Evangelii
1554 897 1620 951 de
1649 896 1887 966 praeteri-

306 1001 482 1046 torum
505 989 921 1058 futurorumque
945 989 1172 1044 scientia
1202 988 1391 1058 replet.

370 1081 444 1135 Et
465 1081 671 1135 animal
694 1083 922 1151 primum
958 1080 1128 1135 simile
1162 1079 1321 1145 leoni,
1347 1088 1452 1134 etc.
1484 1078 1610 1133 llmc
1636 1077 1889 1133 animalia

303 1173 598 1227 multifario
629 1173 1068 1243 interpretantur.
1103 1172 1303 1227 Beatus
1324 1180 1504 1225 autem
1535 1170 1887 1241 Augustinus,

297 1263 453 1333 juxta
478 1264 726 1318 ordinem
760 1264 880 1318 libri
906 1264 1081 1327 istius,
1138 1264 1441 1317 Matthaeum
1480 1263 1532 1316 in
1580 1262 1734 1317 leone
1763 1262 1891 1315 dicit

303 1356 556 1427 intelligi,
588 1357 688 1425 qui
725 1356 888 1427 regia:
919 1357 1199 1427 dignitatis
1240 1356 1294 1410 in
1338 1355 1555 1411 Christo
1585 1354 1886 1424 prosapiam

303 1458 513 1513 narrat,
556 1449 683 1517 quia
726 1448 854 1503 vicit
901 1448 986 1504 leo
1015 1449 1080 1502 de
1132 1448 1271 1503 tribu
1302 1446 1458 1502 inda.
1496 1446 1718 1501 Catulus
1743 1446 1888 1500 enim

302 1541 476 1595 leonis
503 1539 642 1595 Juda
669 1559 682 1593 :
707 1547 765 1595 et
790 1540 844 1594 in
869 1555 977 1609 quo
1005 1549 1062 1593 ut
1088 1554 1179 1594 rex
1206 1555 1237 1593 a
1278 1554 1405 1608 rege
1436 1539 1675 1602 timetur,
1702 1552 1734 1591 a
1780 1537 1889 1590 Ma-

302 1633 383 1703 gis
412 1632 722 1687 adorator:
761 1632 852 1686 ubi
900 1633 1062 1686 etiam
1111 1647 1204 1686 rex
1239 1646 1363 1686 cum
1408 1630 1581 1685 servis
1624 1629 1888 1684 rationem

302 1725 455 1794 ponit
487 1743 501 1777 :
536 1741 631 1780 rex
659 1727 877 1795 nuptias
906 1724 1015 1779 lilio
1056 1722 1206 1789 facit,
1236 1734 1291 1777 et
1316 1725 1384 1778 ad
1412 1722 1660 1776 ultimum
1687 1737 1777 1775 rex
1804 1735 1890 1775 se-

302 1827 493 1889 gregat
530 1832 663 1872 oves
684 1817 753 1871 ab
779 1814 967 1870 haedis.
1001 1814 1201 1869 Lucam
1249 1813 1303 1867 in
1338 1812 1532 1875 vitulo,
1560 1812 1686 1882 quia
1714 1811 1887 1866 hostia

301 1922 503 1975 magna
536 1906 639 1960 fuit
683 1906 737 1959 in
767 1905 884 1976 lege
911 1918 926 1957 :
950 1903 1068 1971 ejus
1094 1904 1239 1960 enim
1282 1919 1389 1958 non
1422 1903 1595 1958 solum
1625 1902 1887 1973 principia

300 1998 446 2053 circa
477 1996 737 2067 templum
767 2003 822 2051 et
866 1995 1135 2050 sacriﬁcia
1177 1995 1535 2067 diversantur,
1590 1993 1684 2049 sed
1719 2003 1773 2049 et
1815 1994 1889 2048 ita

300 2066 647 2143 wncludilur
674 2107 687 2141 :
722 2086 793 2140 Et
829 2096 977 2140 erant
1006 2102 1208 2155 semper
1234 2087 1290 2139 in
1324 2066 1513 2155 templo
1537 2084 1811 2140 laudantes
1840 2095 1886 2140 et

302 2179 664 2233 benedicentes
716 2177 908 2232 Deum.
955 2176 1147 2232 Facies
1195 2192 1327 2232 vero
1364 2176 1600 2232 hominis
1648 2175 1886 2232 Marcum

301 2269 596 2340 significat,
643 2269 736 2338 qui
762 2267 898 2323 nihil
923 2268 990 2323 de
1018 2267 1183 2338 regali
1225 2281 1281 2322 et
1306 2268 1627 2324 sacerdotali
1676 2268 1888 2323 Domini

301 2362 543 2435 potentia
572 2360 807 2424 locutus,
843 2368 1050 2415 tantum
1092 2360 1327 2415 hominis
1356 2361 1559 2415 Christi
1584 2370 1733 2429 gesta
1760 2361 1890 2415 sint-

300 2451 519 2523 pliciter
540 2459 751 2505 narrat.
780 2450 973 2520 Aquila
1017 2449 1467 2517 autemJoanncs
1512 2459 1617 2515 est,
1656 2451 1749 2520 qui
1798 2466 1890 2505 ua-

303 2543 573 2597 tivitatem
598 2543 761 2598 Verbi
794 2542 938 2597 velut
961 2552 1140 2596 ortum
1172 2542 1301 2597 solis
1330 2543 1712 2611 perspicaciter
1735 2557 1890 2613 aSpe-

301 2642 416 2687 ctat
456 2652 471 2686 :
515 2633 771 2688 animalia
800 2635 914 2689 haec
950 2650 1092 2688 nunc
1121 2633 1513 2704 Evangelistas,
1546 2650 1689 2688 mmc
1723 2642 1888 2690 totam

299 2726 612 2796 signiﬁcant
652 2726 972 2790 Emlesiam,
994 2726 1148 2794 cujus
1179 2727 1433 2781 fortitudo
1460 2727 1513 2780 iu
1540 2726 1716 2790 leone,
1737 2726 1889 2781 victi-

301 2816 471 2870 matio
502 2816 557 2870 in
589 2815 783 2881 vitulo,
822 2816 1100 2871 humilitas
1146 2816 1200 2871 in
1239 2816 1478 2882 homine,
1511 2816 1813 2871 sublimitas
1835 2817 1888 2870 in

301 2908 483 2977 aquila
503 2908 725 2963 volante
752 2917 1105 2962 monstratur.

370 2995 597 3067 Singula
618 3013 799 3050 eorum
821 2997 1078 3053 habebant
1103 2997 1217 3053 alas
1238 3014 1412 3062 senas,
1428 2997 1760 3068 perfectione
1779 3014 1891 3056 suae

303 3090 564 3145 doctrinae
628 3090 925 3145 Eeclesiam
977 3091 1046 3144 ad
1091 3090 1200 3144 alta
1248 3090 1532 3146 sublevant

305 3183 449 3237 enim
475 3199 740 3238 atumet-us
768 3184 890 3239 ideo
935 3182 1209 3254 perlectus
1243 3182 1463 3248 dicitur,
1487 3185 1611 3253 quia
1638 3186 1889 3255 primitus

304 3273 418 3326 suis
443 3273 693 3341 partibus
718 3273 992 3342 impletur.
1023 3273 1198 3329 Unum
1229 3274 1426 3345 quippe
1456 3274 1600 3343 quod
1628 3284 1714 3329 est
1737 3283 1889 3331 sexta

306 3364 507 3418 senarii
535 3379 686 3433 pars,
709 3372 764 3419 et
781 3364 907 3427 duo,
932 3364 1178 3434 quodest
1208 3364 1388 3427 tertia.
1415 3374 1469 3419 et
1493 3364 1618 3430 tria,
1645 3365 1789 3433 quod
1807 3372 1892 3420 est

306 3459 590 3513 dimidium
609 3459 859 3513 eumdem
884 3460 1157 3515 senarium
1178 3459 1403 3515 faciunt.
1416 3459 1588 3517 Aliter
1613 3460 1731 3515 alia:
1750 3477 1894 3516 sense

309 3560 542 3620 quatuor
562 3550 898 3615 animalium,
930 3566 1051 3620 quze
1083 3560 1210 3605 sunt
1235 3552 1423 3622 viginti
1446 3559 1502 3606 et
1526 3562 1779 3621 quatuor,
1812 3560 1894 3607 to-

308 3643 474 3698 tidem
525 3643 729 3698 veteris
756 3642 1100 3697 instrumenti
1130 3643 1299 3699 libros
1351 3644 1650 3707 insinuant,
1698 3644 1894 3714 quibus

310 3736 778 3806 Evangelistarum
800 3745 857 3790 et
874 3733 1094 3789 fulcitur
1117 3734 1413 3791 auctoritas
1446 3743 1503 3790 et
1521 3735 1724 3791 veritas
1748 3749 1896 3790 com-

310 3827 474 3895 proba
483 3834 591 3879 tur.

381 3916 451 3971 Et
490 3918 545 3970 in
572 3918 798 3972 circuitu
846 3926 895 3971 et
940 3919 1083 3973 intus
1132 3917 1287 3986 plena
1313 3927 1433 3973 sunt
1460 3919 1644 3972 oculis.
1694 3917 1893 3973 Sancta

312 4008 550 4065 Ecclesia
580 4017 639 4063 et
671 4024 857 4063 coram
890 4009 1001 4064 Deo
1029 4018 1086 4064 et
1110 4025 1291 4065 coram
1316 4011 1628 4065 hominibus
1664 4025 1724 4065 se
1756 4010 1892 4081 vigi-

312 4101 490 4156 lanter
535 4101 768 4155 attendit
800 4122 813 4154 :
843 4100 1000 4170 cujus
1039 4102 1328 4159 interiores
1376 4101 1562 4156 oculos
1611 4110 1897 4171 aspexerat

314 4190 619 4257 l’salmista,
643 4207 768 4247 cum
788 4192 943 4256 dicit,
961 4191 1325 4263 Omnisgloria
1340 4192 1454 4262 ejus
1472 4192 1600 4261 filice
1626 4194 1760 4262 regis
1829 4192 1893 4247 ab

313 4282 477 4347 intus,
502 4282 807 4357 exteriores
837 4298 986 4346 vero,
1012 4298 1135 4337 cum
1176 4284 1433 4338 continuo
1453 4283 1657 4347 subdit,
1689 4283 1744 4337 in
1770 4283 1892 4349 lim-

315 4373 441 4426 briis
466 4374 639 4428 aureis
665 4376 1059 4428 circumamicta
1097 4375 1365 4429 varietate.
1396 4374 1583 4440 Aliter,
1607 4376 1721 4429 sive
1746 4374 1894 4429 litte—

1581 3110 1593 3145 :
1643 3107 1771 3146 sena
1780 3092 1890 3147 rius
1917 3127 1961 3188 ε

1991 522 2087 576 tim
2128 524 2328 577 cadens
2363 522 2418 577 in
2469 521 2661 577 faciem
2708 521 2898 577 adorat
2940 521 3211 576 viventem
3269 521 3325 575 in
3382 518 3580 577 saecula

1990 612 2328 667 szeculorum.

2062 701 2130 755 Et
2156 701 2422 756 mittebant
2457 717 2676 755 coronas
2721 718 2845 755 suos
2878 710 2997 755 ante
3038 702 3304 755 thronum.
3356 703 3467 756 Deo
3493 698 3575 756 vi-

1990 788 2185 844 delicet
2217 790 2557 859 assignantes
2602 790 2863 858 quidquid
2907 789 3147 854 virtutis,
3187 790 3448 860 quidqtiid
3474 790 3575 844 ha-

1989 879 2189 934 bebant
2224 880 2520 950 dignitatis,
2550 880 2747 949 quippe
2773 880 2865 950 qui
2892 895 2956 934 ex
2988 880 3156 938 nihilo
3186 888 3379 936 cuneta
3417 895 3575 936 cree-

1987 980 2143 1024 verat
2166 979 2219 1025 et
2246 970 2549 1025 dominator
2582 981 2665 1024 est
2698 972 2939 1024 omnium
2985 986 3190 1036 rerum,
3231 971 3324 1042 qui
3353 971 3486 1026 vivit
3527 981 3586 1026 et

1990 1072 2182 1132 regnat
2206 1063 2259 1117 in
2290 1064 2517 1127 unitate,
2549 1062 2814 1125 Trinitate
2831 1062 3068 1133 perlecta
3110 1063 3249 1119 Deus
3279 1080 3375 1135 per
3402 1062 3584 1118 omnia

1989 1152 2188 1209 smcula
2223 1154 2541 1211 sazeulorum
2553 1193 2567 1207 .

2525 1242 2807 1299 llOMlLlA
2843 1243 3052 1299 LXXII.

2542 1351 2594 1390 IN
2623 1351 2795 1390 EODEM
2827 1350 3013 1389 FESTO.

2120 1424 2305 1480 Lectio
2336 1425 2506 1480 sancti
2534 1426 2808 1497 Evangelii
2836 1426 3132 1481 secundum
3161 1422 3443 1482 Joannem.

2065 1536 2127 1590 In
2155 1536 2245 1589 illo
2268 1546 2494 1606 tempore
2520 1546 2631 1590 erat
2660 1538 2813 1591 homo
2835 1553 2900 1591 ea:
2934 1536 3243 1605 Pharisatis,
3266 1539 3585 1594 Nicodemus

1992 1628 2213 1689 nomine,
2248 1628 2486 1698 princeps
2510 1627 2841 1684 Iudaeorum.
2891 1628 2995 1685 llic
3024 1632 3157 1685 venit
3182 1631 3252 1687 ad
3277 1631 3461 1688 Iesum
3490 1648 3586 1686 no-

1998 1734 2094 1786 cte,
2121 1730 2227 1777 etc.

1926 1775 1971 1833 Β
2067 1809 2322 1883 Princeps
2347 1811 2658 1868 Iudaeorum
2684 1815 2817 1871 venit
2844 1814 2914 1869 ad
2940 1813 3125 1870 Iesum
3150 1824 3318 1870 nocte.
3347 1813 3584 1885 Cupiens

1990 1913 2198 1961 secrete
2251 1903 2369 1973 eius
2420 1906 2747 1961 allocutione
2810 1908 3019 1976 plenius
3067 1908 3278 1963 discere
3324 1907 3583 1977 mysteria

1992 1998 2112 2056 lidei
2142 2039 2155 2061 ,
2191 1998 2343 2065 cujus
2370 2007 2556 2069 aperta
2591 2000 2903 2053 ostensione
2945 2000 3221 2065 signorum
3244 1998 3584 2067 aliquatenus

1983 2087 2096 2156 jam
2147 2089 2452 2145 rudimenta
2500 2097 2840 2160 perceperat,
2877 2090 2968 2159 qui
3000 2090 3253 2158 quoniam
3291 2090 3584 2159 prudenter

1990 2196 2089 2243 ea,
2142 2195 2263 2250 quae
2317 2181 2388 2237 ah
2427 2181 2517 2236 illo
2552 2180 2670 2237 ﬁeri
2703 2180 2950 2246 videbat,
3000 2180 3297 2252 intelligere
3346 2182 3581 2245 curavit,

1990 2270 2261 2326 subtiliter
2286 2287 2348 2326 ea
2400 2288 2523 2341 quae
2567 2273 2638 2326 ab
2663 2272 2753 2328 illo
2778 2275 3086 2342 qumrebat,
3117 2273 3437 2343 investigare
3459 2286 3580 2341 pro-

1992 2363 2211 2416 meruit.

2060 2451 2243 2516 Rubbi,
2277 2453 2471 2508 scimus
2496 2454 2621 2525 quia
2668 2471 2700 2506 a
2740 2453 2849 2507 Deo
2895 2453 3079 2508 antisti
3108 2452 3387 2522 magister:
3434 2469 3583 2508 nemo

1989 2544 2126 2597 enim
2156 2554 2317 2613 potest
2343 2545 2455 2598 lucc
2482 2544 2633 2615 signa
2667 2543 2841 2612 facere
2887 2561 3005 2613 qua:
3029 2554 3085 2596 tu
3109 2544 3264 2613 facis,
3296 2544 3395 2597 nisi
3425 2543 3584 2613 fuerit

1991 2635 2131 2690 Deus
2163 2652 2282 2690 cum
2321 2652 2402 2689 eo.
2442 2636 2485 2688 A
2518 2637 2630 2690 Deo
2658 2635 2823 2707 igitur
2865 2636 2931 2690 ad
2971 2636 3340 2704 magisterium
3365 2635 3586 2690 emleste

1993 2727 2189 2783 mundo
2209 2728 2571 2782 exhibendum
2598 2744 2721 2783 eum
2754 2729 2963 2783 venisse
2987 2728 3268 2785 confessus
3286 2738 3389 2793 est,
3415 2729 3583 2784 Deum

1991 2833 2114 2873 eum
2141 2818 2235 2872 illo
2262 2816 2430 2872 fuisse
2465 2818 2744 2873 miraculis
2763 2820 3117 2888 prodentibus
3149 2818 3431 2882 intellexit,
3461 2836 3586 2874 nec-

1990 2904 2116 2962 dum
2156 2915 2337 2962 tamen
2387 2907 2560 2977 ipsum
2594 2908 2762 2963 Deum
2797 2923 2919 2964 esse
2969 2910 3239 2980 cognovit.
3294 2909 3403 2964 Sed
3458 2910 3585 2979 quia

1989 3012 2150 3066 quem
2178 2998 2500 3069 magistrum
2548 3009 2771 3054 noverat
2796 3001 3044 3055 veritatis
3067 3042 3082 3067 ,
3120 3003 3358 3058 studiose
3390 3003 3584 3059 docen-

1993 3088 2092 3142 dus
2115 3088 2267 3153 adiit,
2301 3089 2498 3143 merito
2540 3097 2599 3143 et
2642 3090 2969 3160 agnitionem
2998 3091 3297 3147 divinitatis
3324 3092 3442 3162 ejus
3466 3108 3587 3163 per-

1992 3178 2131 3233 fecte
2152 3179 2344 3234 doctus
2371 3180 2558 3244 subiit,
2592 3182 2784 3236 merito
2811 3183 3094 3251 utriusque
3124 3184 3425 3241 nativitatis
3448 3184 3585 3253 ejus,

1992 3270 2188 3324 divina:
2232 3270 2442 3326 scilicet
2478 3278 2533 3325 et
2582 3271 2852 3337 humanm,
2902 3272 2996 3326 sed
3022 3282 3077 3327 et
3114 3274 3380 3342 passionis
3422 3284 3583 3344 atque

1993 3361 2329 3415 ascensionis
2374 3361 2517 3415 illius
2559 3377 2760 3416 arcana
2809 3366 3092 3432 percepit,
3146 3380 3248 3420 nec
3277 3380 3382 3419 non
3422 3367 3583 3422 etiam

1994 3450 2210 3509 modum
2251 3453 2502 3508 secunda:
2528 3453 2917 3524 generationis,
2970 3455 3274 3525 ingressum
3302 3458 3449 3529 regni
3479 3471 3588 3511 cm-

1994 3542 2167 3609 lestis,
2197 3553 2253 3599 et
2290 3545 2395 3602 alia
2429 3545 2683 3614 perplura
2730 3545 2987 3601 doctrinae
3033 3547 3371 3618 Evangelica:
3405 3564 3584 3604 sacra-

1994 3646 2174 3692 menta
2208 3638 2316 3693 Deo
2341 3638 2614 3693 revelante
2634 3639 2841 3693 didicit.

2066 3726 2401 3798 Respondeas
2437 3728 2594 3783 Jcsus
2638 3729 2820 3784 dixit
2850 3728 3048 3795 Amen,
3103 3746 3256 3785 amen
3307 3732 3425 3788 dico
3468 3735 3585 3801 tibi,

1995 3820 2096 3874 nisi
2114 3819 2228 3890 quis
2255 3828 2467 3873 renatus
2485 3820 2645 3888 fuerit
2656 3820 2843 3882 denuo,
2863 3837 2963 3875 non
2984 3832 3148 3891 potest
3178 3823 3348 3879 videre
3374 3842 3586 3895 regnum

1995 3907 2111 3962 Dei.
2144 3907 2275 3973 Quae
2299 3910 2566 3965 sententia
2614 3918 2764 3966 tanto
2793 3911 3033 3980 apertius
3083 3915 3294 3968 cunctis
3342 3914 3590 3977 ﬁdelibus

1995 3997 2155 4064 lucet,
2203 4007 2408 4068 quanto
2454 4009 2688 4066 constat,
2739 4002 2865 4070 quia
2895 4002 3013 4057 sine
3041 4003 3202 4073 hujus
3231 4004 3350 4060 luce
3402 4006 3590 4067 tiieles

1994 4106 2111 4145 esse
2140 4098 2428 4160 nequeunt.
2475 4090 2608 4159 Quis
2651 4092 2851 4146 etenim
2879 4091 2996 4146 sine
3042 4092 3258 4149 lavacro
3298 4110 3586 4166 regenera-

1995 4183 2158 4237 tionis
2191 4182 2564 4239 remissionem
2604 4193 2845 4254 peccato:
2859 4200 2948 4239 um
2991 4187 3248 4256 consequi
3274 4197 3329 4240 et
3363 4202 3586 4257 regnum

1995 4274 2140 4329 valet
2162 4274 2368 4329 intrare
2398 4276 2705 4331 ctelorum?
2761 4275 2869 4332 Sed
2914 4275 3258 4342 Nicodemus,
3310 4279 3403 4346 qui
3432 4288 3588 4335 nocte

1997 4366 2144 4421 venit
2190 4366 2257 4420 ad
2290 4368 2597 4433 Dominum,
2656 4369 2883 4424 necdum
2918 4368 3056 4423 lucis
3084 4370 3341 4440 mysteria
3390 4386 3587 4441 capere

316 4479 431 4517 ram
451 4464 719 4530 attendas,
753 4465 868 4520 sive
890 4466 1202 4537 allegoriam
1229 4481 1460 4534 quaeras,
1486 4466 1661 4522 hicem
1683 4482 1891 4538 semper

2002 4464 2243 4510 noverat.
2279 4457 2413 4510 Nam
2446 4465 2501 4512 et
2530 4471 2637 4511 nox
2665 4457 2718 4511 in
2768 4473 2876 4526 qua
2924 4458 3070 4512 venit
3100 4459 3270 4528 ipsam
3309 4460 3448 4531 ejus,
3480 4477 3587 4531 qua

315 4556 370 4610 in
399 4555 691 4626 Evangelia
721 4558 945 4627 reperis.
978 4557 1096 4611 Alia
1121 4557 1403 4612 translatio
1422 4558 1502 4612 sic
1530 4558 1714 4622 habet,
1742 4558 1897 4628 plena

313 4646 481 4701 oculis
510 4660 634 4702 ante
662 4658 818 4709 retro,
850 4649 975 4719 quia
1024 4648 1113 4703 lux
1178 4648 1454 4719 Evangelii
1504 4657 1561 4704 et
1611 4649 1897 4719 telligmata

318 4737 454 4809 legis
476 4741 725 4805 irradiat,
755 4750 810 4796 et
831 4757 985 4795 novae
1005 4742 1195 4811 gratia:
1217 4742 1420 4795 mundo
1440 4740 1619 4811 fulgur
1641 4740 1895 4796 iulundit.

383 4828 455 4882 Et
485 4831 710 4899 requiem
739 4847 843 4886 non
873 4832 1059 4885 habent
1081 4832 1166 4886 die
1190 4849 1252 4886 ac
1274 4842 1438 4891 nocte.
1474 4832 1699 4887 dicentia
1720 4852 1739 4890 :
1768 4833 1901 4887 San-

313 4927 461 4982 ctus,
486 4930 699 4974 sanctus
721 4959 736 4982 ,
782 4928 994 4974 sanctus
1039 4919 1292 4974 Dominus
1315 4959 1332 4983 ,
1369 4919 1509 4975 Deus
1555 4920 1896 4988 omnipotens.

316 5010 516 5065 Sancta
545 5011 796 5065 animalia
821 5021 1017 5066 cuncto
1045 5022 1287 5083 tempore
1312 5013 1491 5068 saeculi
1532 5028 1693 5068 unam
1723 5014 1896 5069 domi-

312 5102 587 5157 natitman
638 5102 899 5167 deitatis,
951 5104 1397 5175 omnipotentiam
1446 5116 1503 5159 et
1536 5106 1897 5161 mternitatem

315 5191 529 5249 Sancta:
556 5194 839 5251 Trinitatis
885 5195 1175 5261 allirmaut,
1226 5205 1476 5251 manente
1524 5198 1901 5256 intellectualis

312 5293 578 5347 creaturae
600 5294 861 5355 perpetua
890 5287 945 5341 in
978 5287 1290 5343 coelestibus
1318 5288 1494 5343 laude.

384 5372 738 5430 Procidcbant
768 5377 949 5447 viginti
977 5388 1206 5448 quatuor
1240 5380 1467 5433 seniores
1496 5390 1617 5434 ante
1641 5382 1899 5436 sedentem

311 5466 373 5519 in
395 5464 606 5531 throno,
631 5476 681 5520 et
701 5466 991 5520 adorabunt
1016 5468 1257 5522 virentem
1279 5469 1333 5522 in
1350 5468 1543 5523 sa'cttla
1563 5469 1895 5525 sa’culorum.

313 5545 1095 5628 Animalibushpersonantibus
1128 5559 1355 5620 laudctn,
1388 5561 1439 5613 id
1466 5570 1569 5625 est,
1614 5561 1898 5629 Evangeli-

313 5647 418 5703 stis
458 5650 880 5718 praedicantibus
929 5650 1130 5705 Christi
1185 5651 1673 5720 dispensationem,
1723 5653 1902 5705 otiuiis

319 5738 556 5803 Ecclesia
586 5757 707 5815 quia!
737 5741 789 5795 in
832 5742 1134 5819 pra-positis
1180 5752 1389 5797 comtat
1441 5755 1489 5795 et
1529 5743 1756 5815 pupulis,
1800 5742 1899 5797 hoc

2004 4548 2382 4616 premebatur,
2438 4548 2796 4617 ignorantiam
2844 4548 3120 4619 designat,
3178 4554 3405 4608 necdum
3441 4554 3586 4609 enim

2002 4652 2189 4692 eorum
2219 4654 2445 4693 numero
2473 4639 2707 4694 sociatus
2757 4648 2896 4705 erat,
2944 4641 3142 4710 quibus
3169 4642 3247 4698 ait
3273 4644 3584 4714 Apostolus,

2002 4726 2204 4783 Fuistis
2224 4728 2508 4800 aliquando
2536 4730 2778 4794 tenebrcc,
2793 4747 2928 4786 nunc
2955 4744 3131 4787 autem
3155 4733 3251 4789 lux
3269 4737 3323 4789 in
3342 4736 3583 4793 Domino.

2004 4820 2109 4875 Sed
2137 4823 2279 4875 inter
2307 4836 2399 4875 eos
2424 4821 2605 4889 potius
2633 4824 2969 4887 remanebat,
2995 4825 3193 4895 quibus
3213 4827 3345 4882 dicit
3381 4828 3583 4886 Isaias:

2005 4910 2191 4982 Surge,
2207 4911 2526 4977 illuminare,
2548 4912 2903 4978 Hierusalem,
2924 4917 3046 4985 quia
3077 4917 3208 4971 venit
3235 4917 3409 4974 lumen
3436 4929 3584 4976 tuum

2002 5013 2049 5056 et
2074 5002 2239 5074 gloria
2272 5003 2479 5059 Domini
2507 5021 2663 5074 super
2687 5017 2735 5059 te
2761 5016 2876 5060 orta
2902 5019 2997 5061 est.

2071 5094 2212 5148 Dicit
2240 5096 2309 5151 ad
2333 5112 2452 5150 eum
2494 5096 2813 5153 Nicodamus
2847 5116 2864 5152 :
2918 5099 3192 5165 Quomodo
3227 5102 3382 5158 homo
3421 5115 3587 5174 potest

2003 5189 2166 5253 nasci,
2190 5205 2307 5242 cum
2328 5190 2395 5243 sit
2423 5204 2610 5247 senex:
2638 5192 2871 5261 nunquid
2889 5203 3049 5262 potest
3077 5193 3130 5247 in
3155 5205 3377 5249 ventrem
3400 5198 3586 5255 matris

2001 5299 2114 5339 sua:
2146 5284 2333 5339 iterato
2362 5283 2581 5337 introire
2627 5293 2674 5338 et
2724 5285 2967 5339 renasci?
2990 5285 3125 5352 Quia
3163 5286 3309 5341 enim
3339 5288 3589 5342 secunda:

2004 5374 2302 5429 nativitatis
2352 5374 2530 5429 adhuc
2582 5375 2797 5429 nescius
2840 5377 3259 5444 perseverabat,
3299 5377 3366 5431 de
3412 5377 3587 5434 salute

2003 5479 2181 5523 autem
2210 5481 2304 5522 sua
2324 5464 2437 5534 jam
2453 5465 2714 5521 sollicitus
2726 5467 3024 5530 exstiterat,
3056 5466 3361 5521 necessario
3386 5465 3452 5520 de
3480 5481 3588 5528 una

2003 5575 2161 5628 quam
2192 5565 2414 5612 noverat
2442 5557 2745 5622 uativitate,
2795 5574 2861 5611 an
2884 5566 3066 5626 posset
3100 5556 3308 5621 iterari,
3358 5556 3441 5611 vel
3481 5573 3589 5626 quo

2004 5653 2194 5706 ordine
2229 5653 2565 5722 regeneratio
2590 5660 2775 5721 posset
2804 5650 3033 5720 impleri,
3063 5652 3338 5720 qumrehat
3361 5670 3374 5706 :
3401 5666 3470 5707 ne
3494 5652 3591 5709 ltu-

1999 5744 2086 5812 jus
2125 5760 2320 5815 expers
2367 5744 2695 5798 remanendo
2734 5743 2854 5795 vitze
2903 5740 3137 5797 cwlestis
3173 5743 3444 5813 particeps
3467 5757 3594 5813 esse
