3962 6180
384 336 494 391 285

1064 333 1122 385 Β.
1162 329 1415 385 RAllANl
1453 328 1670 384 MAI)!“
1710 327 2025 383 ARClllEl‘.
2070 328 2372 385 MOCUNT.
2414 328 2696 385 OPERUM
2735 329 2913 385 PARS
2948 330 3009 384 ll.

3549 331 3649 386 9.85

389 451 654 521 nequiret.
698 444 998 503 Notandum
1048 453 1256 506 autem,
1310 441 1437 510 quia
1483 441 1624 509 quod
1660 439 1726 493 de
1765 438 1967 493 carnali
1998 444 2045 501 Α
2073 440 2377 508 quempiam
2404 436 2639 508 Spiritus
2676 439 2744 492 ad
2772 440 2958 492 horam
3015 438 3319 507 impleverit
3342 454 3450 493 non
3500 450 3654 511 potes

388 541 542 605 dixit,
580 540 685 596 hoc
713 540 876 593 etiam
907 537 973 591 de
1004 533 1228 605 spiritali
1277 541 1364 587 est
1392 531 1799 603 regeneratione
1840 545 1965 584 sen-

391 631 669 687 tiendum.’
712 628 1061 697 Nequaquam
1098 623 1347 679 videlicet
1392 637 1514 677 eam
1561 630 1843 691 postquam
1877 634 1964 673 se—

386 722 491 778 mel
545 720 754 789 expleta
802 716 983 780 fuerit,
1033 730 1190 786 posse
1246 713 1436 782 repeti.
1493 712 1620 767 Sive
1665 711 1810 766 enim
1859 711 1968 765 ha:-

387 811 592 865 reticus
658 810 770 864 sive
822 807 1197 863 schismaticus
1247 803 1583 859 facinorosus
1634 802 1861 873 quisque
1911 801 1966 855 in

386 901 720 956 confessione
762 907 962 954 sancta:
1000 897 1281 951 Trinitatis
1334 896 1609 965 baptizct,
1670 910 1776 948 non
1825 892 1969 946 valet

384 991 472 1046 ille
495 990 587 1061 qui
651 990 954 1058 baptizatus
1005 995 1107 1052 est,
1138 1003 1168 1040 a
1194 987 1351 1041 bonis
1392 985 1673 1041 catholicis
1722 984 1964 1063 rebapti-

384 1082 519 1147 zari,
549 1096 617 1136 ne
639 1079 908 1135 confessio
937 1086 991 1133 et
1020 1077 1291 1132 invocatio
1316 1076 1454 1131 tanti
1501 1074 1734 1129 nominis
1780 1074 1964 1128 videa-

385 1181 474 1227 tur
528 1171 813 1226 annullari.
862 1170 929 1224 Et
961 1169 1085 1239 quia
1138 1167 1464 1223 Nicodemus
1490 1166 1557 1220 ad
1590 1165 1823 1235 primam
1854 1163 1961 1218 Do-

383 1262 515 1323 mini
548 1261 950 1331 responsionem
977 1257 1241 1312 sollicitus
1266 1256 1536 1325 quomodo
1566 1256 1634 1309 sit
1664 1254 1963 1323 intelligen-

383 1351 450 1404 da
474 1350 758 1423 diligenter
792 1347 1040 1419 inquirit,
1078 1355 1315 1402 meretur
1336 1345 1447 1416 jam
1492 1344 1705 1416 planius
1747 1344 1961 1409 instrui,

383 1451 437 1495 et
463 1440 587 1510 quia
625 1441 859 1496 secunda
900 1440 1151 1495 nativitas
1198 1455 1305 1493 non
1334 1437 1566 1493 carnalis
1596 1446 1701 1502 est,
1728 1436 1821 1492 sed
1853 1437 1963 1507 spi~

383 1531 558 1585 ritalis
592 1531 799 1586 audire.

453 1618 740 1688 Respondit
769 1617 925 1672 Iesus
951 1631 969 1668 :
996 1616 1182 1683 Amen,
1224 1632 1377 1670 auten
1422 1617 1540 1671 dico
1570 1617 1685 1683 tibi,
1718 1617 1819 1670 nisi
1846 1615 1963 1686 quis

381 1719 594 1763 renatus
622 1709 779 1779 fuerit
824 1725 888 1763 ex
933 1725 1072 1779 aqua
1120 1718 1168 1762 et
1199 1706 1402 1779 Spiritu
1432 1716 1637 1774 sancto,
1667 1724 1769 1762 non
1798 1715 1962 1778 potest

2070 529 2271 591 videre,
2300 528 2568 595 quomodo
2598 528 2882 582 intraverit
2901 535 2957 582 et
2979 528 3251 596 quomodo
3300 529 3524 585 redierit
3556 532 3650 601 qui

2070 625 2260 671 natura
2297 625 2385 671 est
2411 615 2712 670 invisibilis.
2772 615 2861 670 Sic
2888 625 2963 669 est
2998 616 3167 670 omnis
3189 617 3280 687 qui
3310 629 3465 674 natus
3495 629 3571 674 est
3590 637 3652 674 ea

2066 706 2271 776 spiritu,
2304 714 2358 761 et
2388 707 2501 775 ipse
2549 706 2695 761 enim
2727 705 3072 760 invisibiliter
3124 716 3319 778 agente
3356 710 3549 778 spiritu
3575 711 3657 765 in-

2067 797 2199 865 cipit
2248 811 2370 851 esse
2419 797 2561 864 quod
2607 812 2715 851 non
2765 803 2908 861 erat,
2962 796 3036 849 ita
3088 806 3150 851 ut
3186 797 3373 854 ﬁdeles
3408 801 3658 855 nesciant

2068 886 2209 939 unde
2230 888 2412 940 veniat
2440 896 2496 941 et
2519 902 2626 955 quo
2658 886 2839 951 vadat,
2878 887 2930 940 id
2957 894 3059 950 est,
3090 887 3179 955 qui
3224 888 3400 958 gratia
3433 904 3657 959 regene-

2067 977 2292 1032 rationis
2320 978 2471 1031 venit
2516 977 2569 1031 in
2613 976 2955 1045 adoptionem
3007 975 3238 1032 ﬁliorum
3285 979 3403 1043 Dei,
3431 987 3486 1034 et
3510 980 3657 1033 vadit

2066 1067 2120 1121 in
2172 1069 2571 1137 perceptionem
2620 1066 2772 1136 regni
2823 1065 3083 1121 caelestis.
3141 1066 3431 1134 Qumrente
3477 1068 3656 1123 adhuc

2066 1158 2360 1213 Nicodemo
2382 1156 2651 1226 quomodo
2679 1157 2795 1210 haec
2819 1164 3039 1225 possent
3064 1154 3201 1220 ﬁeri,

2135 1250 2414 1320 Respondit
2439 1248 2595 1302 Jesus
2624 1257 2671 1301 et
2699 1247 2833 1301 dixit
2862 1249 2909 1300 ei
2941 1264 2958 1300 :
2993 1246 3069 1299 Tu
3120 1264 3172 1300 es
3210 1249 3458 1317 magister
3492 1247 3547 1300 in
3576 1246 3657 1301 Is-

2063 1343 2193 1408 rael,
2227 1351 2272 1394 et
2302 1342 2413 1394 lucc
2444 1339 2655 1409 ignoras
2683 1339 2706 1391 ?
2737 1336 2853 1393 Non
2898 1337 3052 1408 quasi
3086 1337 3344 1392 insultare
3373 1337 3559 1392 volens
3582 1340 3656 1401 ei,

2062 1433 2156 1504 qui
2179 1432 2440 1503 magister
2466 1438 2712 1491 vocetur,
2762 1444 2883 1483 cum
2917 1428 2986 1484 sit
3041 1428 3258 1499 ignarus
3284 1436 3659 1482 sacramento-

2063 1544 2183 1583 rum
2221 1526 2546 1590 cwlestium,
2573 1524 2668 1578 sed
2713 1523 2780 1577 ad
2810 1522 3133 1577 humilitatis
3179 1521 3329 1575 illum
3356 1522 3498 1575 viam
3528 1538 3657 1591 pro-

2063 1634 2287 1678 vocans,
2328 1618 2446 1672 sine
2495 1631 2599 1685 qua
2621 1613 2788 1682 janua
2829 1612 3071 1668 cmlestis
3109 1627 3214 1666 non
3260 1620 3439 1682 potest
3504 1613 3659 1667 inve-

2070 1709 2200 1765 uiri.

381 1803 601 1857 introire
652 1803 706 1857 in
752 1818 965 1872 regnum
1011 1801 1130 1856 Dei.
1182 1799 1350 1870 Cujus
1402 1800 1702 1855 nativitatis
1750 1800 1968 1853 modum
1999 1790 2045 1848 Β
2142 1802 2327 1866 Amen,
2356 1817 2509 1854 amen
2545 1799 2661 1879 dico
2692 1799 2783 1852 tibi
2812 1799 2934 1870 quia
2962 1798 3099 1867 quod
3147 1797 3341 1853 scimus
3367 1797 3656 1867 loquimur,

382 1894 774 1962 subsequenter
801 1907 1101 1963 exponens,
1124 1904 1458 1962 prorsusque
1487 1906 1518 1944 a
1543 1889 1747 1946 carnali
1771 1889 1969 1944 distin-

382 1999 571 2056 guens,
598 1983 674 2036 ait
702 1999 717 2037 :

455 2074 610 2140 Quod
640 2083 820 2128 natum
849 2082 924 2127 est
947 2073 1010 2128 de
1032 2089 1209 2141 carne,
1238 2088 1363 2127 caro
1391 2081 1502 2140 est;
1528 2082 1576 2128 et
1619 2072 1760 2144 quod
1786 2082 1967 2126 natum

382 2175 459 2220 est
484 2182 547 2220 ea:
593 2166 803 2236 spiritu,
836 2167 1050 2236 spiritus
1095 2176 1192 2220 est.
1224 2164 1429 2220 Natura
1484 2166 1743 2237 spiritalis
1776 2166 1965 2221 invisi-

383 2258 529 2323 bilis,
586 2257 824 2313 carnalis
867 2265 951 2313 est
980 2257 1210 2313 visibilis
1234 2275 1249 2325 ;
1278 2268 1439 2328 atque
1469 2259 1589 2313 ideo
1613 2258 1846 2314 carnalis
1871 2274 1965 2331 ge-

383 2349 592 2404 neratio
636 2349 924 2404 visibiliter
970 2350 1409 2416 administratur,
1459 2350 1762 2406 visibilibus
1793 2351 1970 2406 incre—

383 2442 600 2505 mentis,
632 2441 725 2511 qui
764 2441 819 2494 in
852 2456 1019 2495 carne
1046 2441 1291 2496 nascitur
1316 2455 1413 2512 per
1441 2449 1660 2497 natatum
1690 2451 1967 2497 momenta

379 2536 593 2607 prolicit
619 2554 632 2589 :
658 2535 921 2606 spiritalis
946 2544 1125 2590 autem
1168 2537 1447 2607 generatio
1476 2544 1585 2591 tota
1616 2535 1969 2592 invisibiliter

380 2628 578 2699 agitur.
611 2626 744 2681 Nam
782 2627 998 2681 videtur
1023 2627 1240 2696 quidem
1276 2628 1370 2698 qui
1406 2627 1735 2698 baptizatur,
1766 2627 1821 2680 in
1850 2626 1968 2681 lon-

382 2727 489 2772 tcm
538 2717 887 2783 descendere,
934 2718 1151 2772 videtur
1189 2718 1345 2788 aquis
1400 2718 1611 2788 intingi,
1661 2718 1876 2771 videtur
1901 2718 1967 2771 de

382 2809 536 2876 aquis
563 2809 898 2875 ascendere;
941 2809 1030 2877 qui
1063 2818 1238 2863 autem
1281 2810 1334 2863 in
1365 2808 1456 2864 illo
1500 2809 1773 2864 lavacrum
1812 2824 1961 2879 rege-

382 2899 678 2952 nerationis
704 2899 875 2969 egerit
913 2898 1134 2954 minime
1176 2907 1353 2969 potest
1389 2899 1560 2954 videri
1594 2918 1606 2952 :
1639 2899 1752 2954 sola
1779 2909 1965 2955 autem

383 2988 618 3041 ﬁdelium
647 2987 823 3056 pietas
852 2988 1017 3050 novit,
1062 2988 1189 3058 quia
1217 2998 1498 3058 peccatum
1548 2990 1603 3043 in
1635 2989 1837 3043 fontem
1874 2989 1965 3043 de-

381 3079 605 3141 scendit,
657 3079 747 3134 sed
786 3078 1104 3149 puriﬁcatus
1161 3081 1446 3147 ascendit;
1482 3080 1624 3136 illius
1655 3081 1845 3136 mortis
1871 3082 1963 3137 de-

382 3168 612 3231 scendit,
669 3167 764 3222 sed
817 3168 960 3223 ﬁlius
1014 3169 1430 3224 resurrectionis
1481 3171 1740 3225 ascendit.
1794 3170 1964 3226 Filius

381 3262 845 3330 pnevaricationis
874 3261 1175 3325 descendit,
1204 3262 1297 3317 sed
1328 3261 1468 3317 ﬁlius
1508 3262 1965 3319 reconciliationis

381 3351 662 3414 ascendit;
691 3350 835 3406 ﬁlius
866 3350 959 3405 ira:
1012 3350 1310 3416 descendit,
1336 3355 1430 3407 sed
1482 3351 1625 3407 illius
1655 3352 1966 3408 misericor-

383 3442 484 3495 dia:
509 3441 785 3506 ascendit;
818 3438 960 3495 ﬁlius
990 3440 1185 3495 diaboli
1213 3439 1510 3506 descendit,
1536 3441 1630 3496 sed
1683 3441 1827 3496 ﬁlius
1869 3441 1965 3496 Dei

383 3533 656 3588 ascendit:
701 3532 813 3588 sola
856 3534 973 3588 bare
1002 3533 1245 3588 Ecclesia
1274 3540 1450 3588 mater
1469 3548 1589 3603 quae
1618 3542 1841 3604 generat
1866 3547 1956 3588 no-

382 3624 477 3677 vit.
508 3623 774 3679 Caaterum
815 3623 988 3680 oculis
1011 3624 1379 3694 insipientium
1404 3624 1618 3680 videtur
1666 3625 1789 3680 talis
1817 3626 1967 3680 exire

384 3718 451 3773 de
480 3717 628 3774 fonte
655 3719 832 3790 qualis
860 3719 1103 3784 intravit,
1136 3728 1419 3791 totumque
1470 3720 1628 3776 ludus
1672 3736 1795 3777 esse
1821 3721 1966 3792 quod

384 3813 580 3881 agitur.
615 3809 765 3863 Unde
791 3809 846 3862 in
877 3811 982 3864 line
1016 3811 1260 3865 videntes
1283 3811 1508 3880 gloriam
1540 3819 1851 3867 sanctorum
1883 3810 1968 3865 di-

383 3907 509 3953 cent
548 3907 822 3966 gementes
852 3897 907 3951 in
941 3899 1223 3953 tormentis
1251 3916 1262 3951 :
1297 3899 1369 3952 Ili
1392 3911 1513 3954 sunt
1530 3918 1658 3971 quos
1682 3901 1968 3972 aliquando

382 3987 659 4039 habuimus
695 3986 750 4039 in
784 3985 1037 4051 derisum,
1060 3995 1105 4039 et
1135 3988 1187 4039 in
1217 3988 1612 4043 similitudinem
1642 3992 1964 4061 improperii,

382 4076 642 4147 quomodo
662 4092 783 4146 ergo
810 4079 1090 4147 computati
1111 4087 1229 4132 sunt
1255 4079 1391 4133 inter
1406 4080 1546 4148 ﬁlios
1568 4082 1706 4135 Dei?
1732 4081 1823 4135 Ait
1845 4097 1970 4151 apo-

385 4169 556 4224 stolus
600 4168 879 4225 Joannes:
913 4168 1245 4236 Charissimi,
1288 4188 1424 4225 nunc
1474 4172 1574 4241 ﬁlii
1605 4173 1704 4228 Dei
1762 4191 1964 4240 sumus,

382 4271 430 4315 et
471 4260 700 4315 nondum
730 4262 974 4333 apparuit
1023 4262 1150 4333 quid
1193 4264 1407 4317 erimus.
1440 4264 1593 4332 Quod
1623 4280 1753 4335 ergo
1780 4275 1965 4321 natum

382 4360 487 4416 est,
513 4367 578 4406 ex
611 4351 813 4422 Spiritu
867 4360 1056 4408 sancto
1099 4360 1204 4419 est,
1232 4355 1357 4423 quia
1383 4356 1474 4424 qui
1507 4370 1571 4409 ex
1599 4371 1739 4426 aqua
1763 4365 1818 4411 et
1847 4355 1968 4427 Spi-

384 4442 487 4497 ritu
526 4452 875 4512 regeneratur
899 4443 1262 4511 invisibiliter,
1292 4444 1346 4498 in
1373 4460 1572 4499 novum
1603 4455 1845 4500 mutatur
1870 4447 1965 4501 ho-

384 4530 582 4584 minem
609 4539 660 4585 et
685 4533 751 4587 de
777 4534 977 4588 carnali
1004 4534 1236 4590 ellicitur
1288 4536 1566 4605 spiritalis.
1595 4536 1697 4604 Qui
1724 4538 1844 4592 ideo
1875 4552 1963 4592 re-

385 4630 471 4675 cte
495 4636 600 4675 non
630 4623 800 4677 solum
824 4624 1102 4694 spiritalis,
1133 4627 1228 4682 sed
1265 4626 1427 4681 etiam
1456 4627 1689 4697 Spiritus
1716 4636 1964 4693 vocatur,

383 4710 530 4779 quia,
563 4711 703 4765 sicut
734 4713 1035 4768 substantia
1062 4716 1286 4784 spiritus
1335 4717 1619 4772 invisibilis
1644 4726 1729 4772 est
1761 4718 1965 4773 nostris

385 4803 718 4872 aspectibus,
750 4806 822 4859 ita
852 4805 898 4860 is
920 4806 1009 4875 qui
1040 4823 1138 4876 per
1159 4809 1389 4879 gratiam
1416 4809 1511 4864 Dei
1540 4818 1853 4875 renovatur,
1885 4811 1965 4863 in-

386 4893 674 4949 visibiliter
700 4894 758 4948 tit
807 4896 1067 4964 spiritalis
1090 4906 1145 4952 et
1186 4898 1281 4953 Dei
1310 4898 1473 4966 ﬁlius,
1528 4914 1651 4954 cum
1681 4900 1966 4956 visibiliter

384 4988 635 5042 omnibus
655 5003 781 5043 caro
805 4996 861 5042 et
889 4988 1058 5043 Filius
1083 4989 1315 5045 hominis
1340 5000 1617 5061 appareat.

460 5078 585 5132 Non
607 5079 810 5132 mireris
841 5079 964 5149 quia
988 5080 1100 5134 dixi
1138 5080 1229 5133 tibi
1259 5094 1276 5131 :
1315 5080 1526 5152 Oportet
1559 5100 1648 5137 vos
1693 5084 1838 5139 nasci
1874 5085 1967 5138 de-

385 5188 509 5227 nuo.
542 5170 770 5242 Spiritus
792 5172 878 5226 ubi
907 5172 1017 5227 vult
1038 5173 1222 5244 spirat,
1248 5185 1296 5228 et
1327 5193 1505 5230 vocem
1526 5178 1641 5247 ejus
1667 5179 1844 5245 audis,
1871 5180 1964 5233 sed

383 5278 492 5318 non
518 5262 785 5318 scismnde
813 5263 978 5316 veniat
1007 5274 1174 5334 etquo
1221 5264 1399 5319 vadat.
1426 5265 1515 5320 Sic
1561 5278 1635 5321 est
1680 5270 1846 5323 omnis
1871 5271 1966 5340 qui

383 5361 540 5407 natus
592 5362 667 5407 est
711 5369 777 5406 ea:
802 5353 1011 5422 spiritu.
1064 5351 1289 5423 Spiritus
1336 5355 1426 5408 ubi
1472 5355 1581 5410 vult
1619 5359 1807 5428 spirat,
1836 5360 1960 5430 quia

384 5440 499 5509 ipse
526 5442 687 5498 habet
708 5443 764 5498 iu
800 5450 1087 5514 potestate,
1131 5435 1286 5513 cujus
1314 5461 1409 5501 cor
1434 5449 1607 5517 gratia
1635 5465 1746 5504 suae
1772 5452 1959 5505 visita-

384 5533 548 5589 tiouis
573 5536 823 5603 illustret,
844 5544 890 5589 et
914 5552 1083 5590 rocem
1105 5537 1219 5606 ejus
1240 5538 1412 5604 audis,
1437 5554 1582 5605 cum,
1608 5551 1660 5596 te
1678 5552 1960 5610 praesente,

387 5622 625 5692 loquitur
655 5628 702 5682 is
738 5628 830 5697 qui
885 5626 1089 5697 Spiritu
1144 5628 1380 5698 repletus
1423 5641 1525 5684 est.
1580 5631 1688 5685 Sed
1729 5650 1832 5687 non
1861 5636 1962 5689 sris

388 5710 528 5765 unde
550 5716 744 5785 veniat,
769 5726 816 5772 et
844 5734 944 5788 quo
975 5719 1127 5772 radat
1180 5718 1270 5774 uni
1300 5719 1460 5774 etiam
1486 5721 1548 5786 si,
1584 5730 1633 5774 te
1670 5735 1956 5792 prmsente,

1991 4496 2044 4555 D

2069 1894 2278 1964 etquod
2314 1893 2537 1948 vidimus
2586 1900 2858 1954 testamur,
2917 1898 2964 1943 et
3015 1889 3363 1943 testimonium
3423 1899 3660 1942 nostrum

2069 2003 2175 2040 non
2205 1984 2464 2054 accipitis.
2497 1982 2557 2038 Si
2579 1992 2787 2035 terrena
2820 1979 2934 2033 dixi
2960 1979 3122 2043 vobis,
3168 1989 3216 2033 et
3268 1994 3372 2032 non
3421 1978 3659 2041 creditis,

2070 2076 2331 2148 quomodo
2360 2075 2405 2129 si
2450 2074 2634 2127 dixero
2679 2071 2821 2125 vobis
2854 2070 3105 2134 caelestia,
3130 2070 3394 2124 credetis?
3420 2068 3657 2123 Terrena

2070 2166 2176 2221 illis
2198 2166 2334 2222 dixit
2372 2172 2431 2219 ut
2485 2164 2539 2218 in
2581 2163 2860 2232 superiore
2897 2161 3130 2217 lectione
3178 2160 3500 2224 invenimus,
3530 2176 3657 2215 cum

2068 2257 2135 2312 de
2164 2256 2419 2327 passione
2450 2270 2512 2311 ac
2536 2256 2603 2310 de
2637 2256 3038 2309 resurrectione
3084 2253 3169 2307 sui
3217 2254 3461 2323 corporis
3512 2254 3658 2322 quod

2068 2352 2135 2407 de
2198 2361 2340 2405 terra
2383 2355 2755 2418 assumpserat
2815 2346 3127 2415 loqueretur
3179 2345 3409 2401 dicens:
3462 2343 3659 2400 Solvite

2067 2442 2318 2513 templum
2346 2443 2463 2507 hoc,
2497 2450 2543 2494 et
2574 2441 2628 2493 in
2656 2439 2819 2494 tribus
2859 2438 3044 2493 diebus
3082 2438 3316 2493 excitabo
3355 2437 3509 2491 illud.
3538 2436 3656 2491 Non

2069 2542 2253 2586 tamen
2282 2532 2579 2586 credebant
2615 2530 2780 2584 verbo
2820 2528 2961 2597 quod
3007 2527 3161 2592 dixit,
3191 2527 3286 2582 sed
3311 2542 3379 2582 ne
3406 2526 3510 2581 hoc
3528 2527 3659 2596 qui-

2072 2623 2193 2677 dem
2224 2622 2523 2690 intelligere
2575 2620 2827 2675 valebant
2855 2619 2999 2688 quod
3040 2634 3148 2672 non
3174 2618 3239 2672 de
3266 2617 3372 2673 alio
3399 2633 3563 2688 quam
3587 2618 3658 2671 de

2067 2713 2268 2783 templo
2295 2714 2540 2783 corporis
2583 2711 2667 2767 sui
2719 2712 2961 2777 diceret;
2998 2711 3089 2780 qui
3142 2722 3271 2780 ergo
3319 2717 3530 2764 terrena
3558 2724 3659 2762 au-

2066 2806 2274 2860 dientes
2310 2820 2415 2859 non
2458 2805 2765 2875 capiebant,
2800 2811 3005 2872 quanto
3052 2803 3230 2857 minus
3278 2802 3346 2857 ad
3386 2800 3652 2865 cmlestia,

2066 2896 2119 2950 id
2147 2903 2251 2960 est,
2283 2896 2478 2950 divina;
2504 2893 2870 2967 generationis
2907 2892 3169 2963 capienda
3219 2892 3474 2963 mysteria
3502 2889 3657 2945 salii-

2064 2988 2253 3042 ciunt:
2281 2986 2433 3041 addit
2466 2996 2646 3040 autem
2682 2986 2857 3040 adhuc
2889 2982 3167 3047 Dominus,
3220 2990 3277 3038 et
3304 2981 3373 3036 de
3416 2979 3659 3036 caelesti-

2065 3079 2167 3133 bus
2206 3077 2561 3132 sacramentis
2585 3084 2641 3131 et
2665 3075 2731 3131 de
2770 3074 2999 3131 terrenis
3047 3074 3316 3128 instruere
3335 3085 3460 3127 eum
3487 3086 3652 3140 quem

1991 3143 2035 3205 C
2068 3169 2215 3224 videt
2241 3169 2515 3239 sapienter
2539 3184 2605 3223 ac
2651 3168 2937 3240 diligenter
2969 3166 3054 3221 his
3109 3179 3229 3235 qua:
3278 3164 3430 3219 audit
3470 3164 3657 3217 inten-

2071 3263 2221 3318 dere.
2255 3261 2504 3317 Coelestis
2553 3276 2786 3331 namque
2824 3268 2912 3314 est
2947 3258 3193 3313 ascensio
3222 3254 3339 3324 ejus
3384 3256 3453 3310 ad
3484 3256 3657 3309 vitam

2066 3354 2475 3423 sempiternam,
2507 3361 2720 3407 terrena
2773 3365 2901 3405 vero
2942 3347 3197 3404 exaltatio
3244 3347 3362 3417 ejus
3395 3344 3461 3399 ad
3508 3360 3661 3399 mor-

2068 3453 2173 3500 tem
2202 3444 2572 3515 temporalem.
2605 3443 2746 3498 Dicit
2768 3456 2899 3511 ergo
2918 3443 2987 3497 de
3013 3437 3322 3495 coelestibus
3349 3455 3363 3489 :

2137 3538 2207 3592 Et
2256 3555 2408 3593 nemo
2455 3537 2688 3592 ascendit
2728 3538 2784 3589 in
2830 3534 3035 3599 cwlum,
3067 3534 3168 3588 nisi
3194 3533 3285 3603 qui
3320 3532 3387 3586 de
3410 3530 3538 3587 caelo
3560 3531 3659 3585 de-

2064 3629 2286 3695 scendit,
2312 3627 2360 3680 F
2363 3628 2487 3682 ilius
2516 3628 2762 3694 hominis,
2799 3629 2886 3699 qui
2917 3635 2992 3681 est
3016 3628 3071 3680 in
3103 3626 3250 3681 ctelo.
3283 3624 3478 3680 Merito
3503 3641 3660 3694 qua:-

2070 3722 2209 3778 ritur
2236 3723 2505 3792 quomodo
2539 3720 2750 3776 dicatur
2784 3718 2954 3774 Filius
3004 3718 3239 3774 hominis
3291 3717 3378 3772 vel
3420 3718 3657 3773 descen-

2068 3815 2213 3870 disse
2268 3815 2335 3869 de
2362 3813 2521 3879 cmlo,
2566 3812 2651 3867 vel
2702 3827 2768 3867 eo
2822 3819 3061 3882 tempore
3105 3826 3212 3880 quo
3244 3811 3359 3865 haec
3417 3810 3472 3863 in
3506 3821 3657 3865 terra

2068 3904 2532 3977 loqu'cbaturjam-
2550 3904 2713 3959 fuisse
2744 3904 2797 3958 in
2826 3902 2990 3958 coelo.
3031 3901 3146 3957 Non
3174 3902 3321 3958 enim
3344 3917 3474 3956 cato
3499 3900 3660 3955 Chri-

2069 4000 2140 4054 sti
2169 3996 2448 4053 dcscendit
2470 3996 2536 4050 de
2564 3994 2724 4062 cado,
2775 4008 2949 4063 neque
2984 4000 3109 4048 ante
3138 4001 3349 4063 tempus
3379 3993 3662 4047 ascensio-

2068 4091 2153 4145 nis
2178 4097 2296 4143 erat
2342 4088 2397 4141 in
2444 4085 2603 4150 cmlo,
2636 4093 2692 4140 et
2729 4100 2836 4154 qua
2882 4084 3093 4139 ratione
3135 4083 3375 4149 dicitur,
3418 4083 3535 4136 .nisi
3561 4083 3658 4152 qui

2068 4178 2332 4234 descendit
2376 4178 2440 4231 de
2467 4176 2592 4231 caelo
2621 4175 2765 4245 ﬁlius
2791 4175 3034 4230 -hominis'
3057 4176 3147 4246 qui
3170 4184 3246 4229 est
3285 4176 3341 4228 iu
3368 4173 3516 4237 caelo,
3548 4174 3659 4227 nisi

2070 4270 2196 4341 quia
2225 4284 2331 4323 una
2367 4268 2567 4322 Christi
2595 4282 2825 4337 persona
2850 4275 2935 4321 est
2960 4268 3014 4320 in
3043 4264 3250 4321 duabus
3278 4266 3521 4320 existens
3548 4279 3660 4318 ua-

2072 4362 2227 4416 turis.
2262 4359 2438 4429 Atque
2466 4359 2586 4413 ideo
2608 4358 2751 4413 ﬁlius
2781 4357 3018 4412 hominis
3067 4364 3212 4412 recte
3257 4356 3456 4410 diciiur
3480 4366 3537 4410 et
3560 4356 3664 4408 de-

2071 4452 2345 4508 scendisse
2370 4451 2436 4505 de
2452 4448 2608 4513 coelo,
2638 4457 2693 4504 et
2714 4456 2839 4503 ante
2861 4449 3167 4518 passionem
3194 4447 3362 4501 fuisse
3390 4447 3444 4501 in
3470 4449 3613 4501 ρωιυ
3645 4466 3659 4500 :

2068 4543 2194 4613 quia
2224 4540 2367 4611 quod
2409 4540 2462 4594 in
2512 4556 2607 4595 sua
2658 4547 2849 4593 natura
2897 4538 3098 4593 habere
3121 4552 3226 4593 non
3252 4539 3429 4609 potuit
3459 4538 3563 4593 hoc
3599 4540 3660 4592 in

2067 4632 2180 4687 ﬁlio
2236 4630 2391 4685 Deia
2421 4644 2530 4700 quo
2568 4637 2878 4699 assumptus
2939 4638 3023 4683 est
3049 4629 3258 4683 habuit.
3307 4626 3413 4683 Sed
3463 4629 3664 4683 ethoc

2067 4724 2414 4795 quaerendum
2440 4723 2709 4793 quomodo
2734 4724 2942 4777 dictum
2968 4722 3058 4784 sit,
3086 4730 3134 4776 et
3161 4737 3310 4775 nemo
3331 4720 3569 4774 ascendit
3600 4721 3663 4773 in

2067 4818 2251 4873 celum
2280 4818 2380 4873 nisi
2406 4835 2495 4889 qui
2535 4818 2798 4873 descendit
2849 4818 2914 4871 de
2935 4817 3086 4882 casto,
3112 4832 3233 4872 cum
3262 4831 3454 4872 omnes
3491 4815 3661 4871 electi

2067 4922 2129 4963 se
2153 4909 2424 4963 veraciter
2444 4907 2724 4963 conﬁdant
2749 4923 3075 4963 ascensuros
3100 4908 3153 4961 in
3181 4907 3396 4971 caelum,
3425 4909 3665 4977 promit-

2070 5006 2217 5054 tente
2242 4999 2344 5054 sibi
2369 4999 2599 5055 Domino
2626 5017 2640 5052 :
2671 4999 2794 5069 quia
2823 4998 2910 5052 ubi
2932 5015 3046 5053 sum
3071 5016 3165 5070 ego
3197 4999 3306 5053 illic
3331 5008 3380 5053 et
3414 5001 3655 5054 minister

2067 5105 2214 5143 meus
2250 5090 2371 5144 erit.
2399 5088 2565 5159 Cujus
2600 5097 2781 5143 tamen
2822 5089 3021 5144 nodum
3065 5089 3379 5158 quaestionis
3422 5092 3663 5160 apertis-

2067 5180 2205 5236 sima
2237 5182 2377 5237 ratio
2396 5181 2577 5246 solvit,
2609 5180 2734 5251 quia
2762 5179 3015 5235 videlicet
3057 5181 3324 5235 mediator
3346 5180 3446 5235 Dei
3474 5190 3532 5236 et
3556 5182 3659 5235 ho~

2068 5273 2294 5338 minum,
2328 5274 2489 5329 homo
2521 5272 2770 5328 Christus
2793 5269 2949 5326 Jesus
2972 5271 3266 5325 electorum
3295 5272 3542 5327 omnium
3561 5289 3653 5328 ca-

2069 5375 2166 5436 put
2186 5374 2288 5432 est,
2322 5366 2563 5435 itemque
2597 5379 2786 5419 omnes
2806 5363 2962 5418 electi
2984 5363 3223 5433 ejusdem
3246 5363 3442 5433 capitis
3481 5378 3660 5419 mem-

2068 5455 2165 5509 bra
2206 5463 2350 5517 sunt,
2398 5456 2610 5509 dicente
2634 5452 2935 5523 Apostolo:
2969 5451 3038 5507 Et
3090 5455 3260 5524 ipsum
3302 5453 3447 5507 dedit
3492 5464 3659 5524 caput

2066 5562 2223 5616 super
2250 5563 2455 5600 onmem
2495 5545 2807 5600 Eeclesiam.
2840 5545 2908 5600 Et
2932 5561 3147 5600 rursum
3177 5564 3192 5599 :
3233 5544 3337 5599 Vos
3364 5545 3504 5600 enim
3526 5550 3657 5601 estis

2067 5653 2254 5707 corpus
2292 5634 2511 5702 Christi,
2538 5647 2584 5690 et
2616 5636 2845 5699 membra
2875 5637 2940 5691 de
2963 5637 3213 5691 membro.
3255 5636 3427 5691 Nemo
3452 5651 3651 5693 ascen-

2069 5727 2145 5780 dit
2174 5728 2224 5780 in
2257 5727 2449 5783 cadum
2476 5727 2579 5780 nisi
2621 5726 2867 5781 Christus
2898 5728 2950 5781 in
2979 5742 3204 5798 corpore
3235 5743 3353 5793 suo,
3394 5726 3541 5800 quod
3565 5740 3657 5786 est
