3962 6180
420 389 524 443 283

1547 387 1847 445 llOMlLl.-E
1888 387 1952 442 IN
1993 387 2243 443 EVANG.
2290 387 2377 441 ET
2416 388 2632 444 EPIST.

3569 393 3675 450 286

420 504 683 569 Ecclesia,
713 505 803 573 qui
837 504 889 558 in
937 504 1113 574 seipse
1143 503 1358 573 quidem
1395 502 1623 571 primum
1651 502 1995 557 cernentibus
2021 512 2069 569 Α
2097 499 2275 555 sobrie
2301 502 2672 555 conversando
2718 501 2785 555 ad
2808 500 3191 570 perfectionem
3218 504 3497 572 promissa:
3524 506 3680 565 nobis

418 593 680 663 apostolis
737 592 1182 647 eminentioribus
1249 592 1500 645 nimirum
1576 591 1832 644 membris
1887 592 1999 644 suis

416 682 666 737 ascendit
689 697 705 745 ;
744 689 801 734 et
826 680 1020 735 exinde
1045 680 1097 734 in
1126 680 1384 734 membris
1412 679 1524 733 suis
1545 679 1784 747 quotidie
1809 693 1998 732 asven—

415 775 552 826 dens
577 786 637 825 se
677 769 879 840 colligit
903 771 957 825 in
985 769 1200 825 cmlum.
1229 768 1485 837 Quisquis
1512 769 1563 821 in
1584 768 1778 822 emlum
1811 782 1998 822 ascen-

416 864 550 918 dere
608 862 879 919 desiderat
929 862 976 915 ei
1012 862 1103 930 qui
1152 862 1216 915 de
1268 859 1407 914 cmlo
1459 858 1735 913 descendit
1761 867 1814 912 et
1836 867 1919 913 est
1942 859 1993 911 in

414 952 578 1016 cmlo,
610 966 667 1007 se
696 965 824 1005 vera
848 950 973 1006 ﬁdei
995 959 1050 1005 et
1087 950 1389 1004 dilectionis
1430 949 1633 1003 unitate
1681 949 1990 1018 conjungit;

413 1048 608 1109 aperte
662 1038 971 1110 intelligens
1018 1038 1143 1107 quia
1192 1036 1339 1090 nullo
1376 1035 1482 1090 alio
1527 1037 1735 1100 ordine,
1769 1037 1867 1089 nisi
1899 1052 1995 1105 per

412 1146 537 1183 eam
571 1130 663 1198 qui
689 1127 969 1183 descendit
1002 1128 1067 1181 de
1092 1126 1248 1188 cmlo,
1287 1134 1462 1195 potest
1491 1126 1783 1179 ascendere
1810 1126 1859 1177 in
1883 1140 1991 1179 ca:-

410 1221 546 1273 lum.
574 1219 729 1275 Unde
755 1219 889 1274 alias
940 1220 1053 1288 ipse
1088 1218 1217 1273 dicit
1247 1235 1260 1271 :
1302 1217 1468 1271 Nemo
1490 1217 1627 1270 venit
1679 1217 1748 1269 ad
1780 1216 1990 1270 Patrem

409 1310 515 1362 nisi
534 1326 629 1378 per
645 1325 749 1362 me.

485 1396 551 1449 Et
576 1397 709 1449 sicut
736 1395 942 1466 Moyses
967 1395 1213 1450 exultavit
1235 1403 1521 1465 serpentem
1551 1395 1604 1448 in
1648 1395 1867 1457 deserto,
1914 1396 1990 1449 ita

403 1487 636 1539 exaltari
666 1497 864 1556 oportet
912 1486 1082 1554 ﬁlium
1111 1486 1358 1539 hominis.
1403 1485 1533 1539 Mira
1563 1487 1857 1555 magisterii
1882 1502 1990 1541 caa-

402 1576 560 1631 lestis
610 1585 729 1630 arte
780 1575 1040 1631 Dominus
1089 1576 1403 1647 magistrum
1459 1576 1593 1645 legis
1649 1577 1895 1631 Mosaica:
1920 1578 1988 1632 ad

403 1667 745 1733 spiritualem
790 1666 925 1738 legis
962 1667 1199 1737 ejusdem
1255 1682 1472 1722 sensum
1528 1667 1752 1733 inducit,
1802 1685 1985 1724 recor-

400 1757 544 1810 dans
579 1756 818 1811 historia-
846 1757 1065 1825 veteris,
1091 1765 1147 1812 et
1173 1758 1312 1812 hanc
1358 1757 1411 1811 in
1464 1757 1688 1828 ﬁguram
1718 1775 1828 1814 suae
1856 1776 1976 1829 pas-

2098 594 2222 647 vitze
2242 600 2517 647 mereatur
2545 593 2829 661 attingere,
2856 606 3039 646 verum
3067 593 3190 661 quia
3230 594 3346 648 btcc
3367 594 3430 648 de
3452 593 3561 649 ﬁlio
3583 596 3681 653 h0-

2099 684 2258 738 minis
2287 685 2557 747 dicuntur,
2586 684 2676 751 qui
2706 682 2930 736 exaltari
2962 681 3159 736 meruit
3183 692 3237 736 et
3262 690 3487 738 mortem
3504 686 3680 753 potuit

2094 774 2229 841 pati,
2278 787 2344 826 ne
2370 782 2583 841 putaret
2631 772 2952 826 Nicodemus
2991 772 3158 825 ﬁlium
3189 780 3393 826 tantum
3427 787 3550 827 eum
3581 775 3677 829 bo-

2096 863 2256 917 minis
2287 877 2426 925 esse,
2460 878 2488 914 a
2530 877 2636 930 quo
2673 861 2783 914 vita
2813 869 2953 915 esset
3001 861 3360 929 exspectanda
3392 871 3671 931 perpetua,

2095 953 2303 1005 curavit
2338 953 2385 1006 ei
2418 951 2674 1017 Dominus
2707 951 2868 1003 etiam
2901 949 3198 1003 divinitatis
3229 964 3340 1003 sure
3367 950 3674 1018 patefacere

2093 1051 2509 1106 sacramentum,
2568 1056 2838 1110 unumque
2877 1049 2930 1095 et
2964 1040 3208 1093 eumdem
3233 1041 3398 1094 ﬁlium
3441 1041 3671 1097 hominis

2095 1133 2275 1185 mundi
2303 1133 2587 1185 ostendere
2616 1130 2971 1194 Salvatorem,
2995 1133 3082 1199 qui
3106 1132 3237 1185 vivit
3261 1141 3315 1186 et
3334 1142 3522 1203 regnat
3550 1151 3669 1188 cum

2094 1221 2202 1275 Deo
2228 1222 2387 1276 Patre
2411 1222 2462 1275 in
2491 1223 2699 1276 unitate
2721 1221 2955 1291 Spiritus
2985 1221 3042 1276 S.
3076 1223 3218 1277 Deus
3246 1238 3342 1292 per
3365 1225 3544 1278 omnia
3575 1239 3672 1279 sae-

2092 1314 2214 1369 cuia
2240 1314 2580 1369 saeculorum.
2611 1313 2803 1367 Amen.

2608 1424 2884 1480 HOMILIA
2920 1426 3148 1480 LXXIII.

2745 1512 2899 1550 FERIA
2942 1510 3012 1550 IV.

2091 1587 2274 1642 Lectio
2319 1587 2572 1657 Epistola:
2597 1587 2767 1641 sancti
2799 1587 3024 1657 apostoli
3070 1586 3219 1640 Pauli
3248 1587 3312 1641 ad
3346 1585 3669 1640 Corinthios.

2160 1678 2399 1741 Fratres,
2431 1679 2476 1731 si
2523 1676 2762 1733 Christus
2807 1678 3125 1747 prardicatur
3170 1676 3308 1747 quod
3335 1676 3611 1729 resurrexit
3640 1692 3673 1726 (ι

2086 1770 2325 1828 mortuis,
2374 1767 2632 1838 quomodo
2677 1768 2889 1837 quidam
2919 1767 3099 1820 dicunt
3134 1768 3190 1820 in
3232 1767 3374 1820 vobis
3423 1766 3671 1836 quoniam

401 1847 578 1902 SlODiS
605 1855 768 1916 atque
797 1846 1109 1903 salvationis
1136 1848 1383 1902 humanae
1422 1847 1619 1903 factam
1655 1850 1977 1904 edisserens.
2015 1864 2057 1923 Β
2086 1860 2394 1912 resurrectio
2428 1867 2755 1912 mortuorum
2785 1875 2887 1912 non
2913 1868 2986 1912 ρει
3013 1859 3037 1911 ?
3067 1858 3128 1913 Si
3162 1868 3335 1911 autem
3362 1857 3670 1911 resurrectio

402 1938 605 1994 Narrat
656 1939 850 2010 quippe
886 1940 1023 1994 liber
1071 1940 1426 1996 Numerorum
1471 1942 1596 2011 quia
1633 1951 1890 2011 pervasus
1929 1944 1981 1998 in

400 2045 593 2085 eremo
614 2031 842 2101 populus
882 2031 1043 2086 Israel
1072 2032 1281 2088 itineris
1307 2033 1447 2103 longi
1475 2048 1538 2087 ac
1566 2034 1790 2099 laboris,
1832 2050 1981 2089 mur-

401 2122 642 2176 muravit
686 2130 871 2176 contra
919 2122 1201 2177 Dominum
1232 2132 1288 2179 et
1333 2125 1549 2195 Moysen
1582 2144 1595 2177 :
1625 2126 1850 2194 ideoque
1881 2128 1985 2181 Do-

400 2209 590 2263 minus
613 2210 821 2265 miserit
843 2215 897 2264 in
922 2210 1069 2266 illum
1103 2213 1299 2283 ignitus
1325 2222 1628 2285 serpentes,
1660 2216 1727 2271 ad
1753 2224 1981 2285 quarum

400 2299 596 2371 plagas
647 2310 698 2355 et
752 2316 962 2360 morsus
994 2303 1347 2373 plurimorum
1396 2321 1517 2361 cum
1563 2307 1862 2363 clamarent
1913 2310 1983 2364 ad

400 2389 624 2461 Moysen
648 2402 703 2447 et
750 2393 838 2447 ille
864 2403 1067 2459 oraret,
1118 2395 1281 2465 jussit
1333 2413 1457 2452 eum
1493 2400 1753 2454 Dominus
1803 2400 1981 2457 facere

399 2493 711 2552 serpentem
732 2501 936 2542 aeneum
959 2499 1012 2543 et
1029 2505 1226 2560 ponere
1249 2506 1348 2562 pro
1364 2492 1535 2562 signo.
1567 2486 1979 2563 Quipercussus,

399 2574 599 2644 inquit,
650 2578 909 2645 aspexerit
966 2596 1105 2646 eum,
1160 2582 1332 2647 vivet;
1390 2591 1444 2637 et
1490 2583 1566 2637 ita
1627 2582 1826 2639 factum
1875 2594 1976 2641 est.

398 2662 581 2732 Plaga:
624 2665 790 2735 igitur
834 2670 1162 2739 serpentium
1193 2670 1484 2742 ignitorum
1519 2688 1724 2728 venena
1755 2684 1881 2729 sunt
1928 2684 1982 2730 ct

398 2752 673 2806 incentiva
707 2754 977 2819 vitiorum,
1008 2773 1128 2826 quas
1149 2760 1386 2814 animum
1414 2776 1572 2831 quem
1599 2769 1825 2832 tangunt
1873 2763 1982 2834 spi-

398 2844 550 2898 ritali
581 2855 753 2901 morte
787 2848 1078 2916 perimunt.
1129 2849 1196 2903 Et
1238 2851 1374 2905 bene
1402 2867 1749 2907 murmurans
1788 2863 1977 2908 contra

398 2936 687 2991 Dominum
716 2939 944 3009 populus
970 2942 1298 3011 serpentium
1343 2943 1610 2998 morsibus
1640 2946 1982 3000 sternebatur

394 3033 482 3087 ut,
509 3041 575 3079 ex
603 3028 794 3083 ordine
833 3028 1024 3099 ﬂagelli
1072 3031 1379 3096 exterioris,
1435 3042 1757 3103 agnosceret
1808 3050 1982 3104 quan-

400 3123 514 3169 tam
561 3117 707 3171 intus
735 3119 1029 3188 perniciem
1065 3122 1451 3177 murmurando
1487 3131 1786 3192 pateretur,
1829 3126 1978 3179 exal-

2083 1958 2413 2002 mortuorum
2443 1965 2546 2001 non
2568 1957 2662 2013 est,
2697 1965 2858 2019 neque
2882 1947 3118 2001 Christus
3147 1948 3450 2001 resurrexit.
3482 1944 3540 1999 Si
3565 1961 3666 1997 au-

2082 2046 2187 2092 tem
2203 2036 2440 2091 Christus
2464 2053 2567 2090 non
2596 2038 2900 2101 resurrexit,
2929 2037 3102 2090 inanis
3123 2047 3195 2089 est
3222 2051 3344 2105 ergo
3367 2034 3670 2105 prtedicatio

2084 2140 2283 2195 nostra,
2315 2130 2490 2184 inanis
2514 2140 2593 2184 est
2618 2139 2665 2183 et
2694 2130 2824 2199 ﬁdes
2861 2138 3039 2183 nostra
3060 2168 3074 2193 ,
3102 2137 3207 2183 etc.

2156 2219 2280 2274 Haec
2308 2234 2338 2272 a
2373 2218 2526 2275 falsis
2554 2220 2809 2289 apostolis
2829 2226 2984 2273 erant
3010 2219 3229 2283 tradita,
3262 2218 3354 2287 qui
3395 2217 3667 2273 Christum

2083 2324 2258 2377 neque
2287 2319 2493 2374 natum,
2528 2324 2702 2379 neque
2730 2311 2781 2363 in
2815 2324 2977 2364 carne
3018 2324 3261 2378 passum,
3287 2323 3462 2377 neque
3491 2323 3669 2363 resur-

2085 2401 2289 2456 rexisse
2323 2402 2658 2455 asserebant.
2708 2399 2852 2467 Quos
2889 2408 2945 2454 et
2977 2399 3210 2454 Joannes
3249 2400 3522 2469 apostolus
3569 2400 3666 2454 de-

2083 2499 2264 2555 notat,
2322 2491 2414 2560 qui
2456 2491 2731 2546 Christum
2791 2491 2844 2544 in
2892 2504 3056 2545 carne
3110 2490 3322 2544 venisse
3376 2490 3664 2559 negabant.

2084 2579 2237 2635 Unde
2261 2580 2411 2644 dicit,
2428 2581 2517 2650 qui
2538 2589 2689 2650 negat
2704 2578 2967 2633 Christum
2992 2580 3047 2632 in
3068 2595 3223 2632 carne
3245 2580 3459 2643 venisse,
3480 2579 3564 2632 hic
3591 2587 3664 2631 est

2080 2671 2449 2724 Antichristus.
2476 2671 2541 2724 Et
2563 2672 2651 2741 qui
2677 2680 2826 2740 negat
2853 2668 3072 2734 Filium,
3098 2686 3188 2723 nec
3237 2668 3444 2723 Patrem
3487 2669 3662 2733 habet,

2082 2761 2170 2815 isti
2199 2760 2545 2815 ambulabant
2596 2771 2651 2814 et
2678 2759 3032 2829 quorumdam
3067 2757 3224 2813 ﬁdem
3251 2773 3320 2812 ne
3348 2756 3664 2826 impruden—

2084 2858 2216 2904 tesa
2257 2849 2440 2903 mundi
2469 2838 2803 2918 sapientibus
2845 2848 3219 2917 judicarentur
3262 2847 3659 2908 subvertebant,

2081 2939 2204 3008 quia
2235 2939 2527 3007 prudentes
2553 2937 2732 2993 saeculi
2755 2939 2975 2993 stultum
2995 2939 3259 3009 judicant,
3287 2953 3409 2994 cum
3437 2937 3663 2993 audiunt

2085 3029 2532 3084 resurrectionem
2559 3038 2917 3083 mortuorum.
2968 3027 3121 3093 Quod
3146 3027 3190 3081 si
3211 3067 3227 3093 ,
3263 3026 3459 3096 inquit,
3484 3042 3660 3080 verum

2082 3134 2155 3179 est
2188 3125 2310 3195 quia
2335 3122 2573 3178 Christus
2620 3140 2721 3177 non
2767 3122 3068 3182 resurrexit,
3127 3118 3252 3189 falsi
3298 3135 3480 3173 sumus
3526 3134 3663 3189 prir-

400 3211 540 3266 tatio
563 3218 742 3266 autem
770 3214 1036 3283 serpentis
1060 3216 1215 3280 aenei,
1240 3231 1398 3286 quem
1430 3218 1554 3272 dum
1586 3221 1824 3288 percussi
1852 3236 1974 3291 per~
2002 3206 2046 3269 C
2077 3215 2336 3268 dicatores
2357 3254 2372 3278 ,
2435 3223 2483 3267 et
2544 3213 2674 3281 ﬁdes
2737 3222 2915 3265 nostra
2967 3210 3141 3264 inanis
3197 3218 3291 3264 est.
3348 3209 3463 3263 lloc
3514 3208 3658 3264 enim

396 3305 674 3373 spicerent
698 3306 1051 3372 sanabuntur,
1080 3308 1259 3376 passio
1299 3316 1384 3363 est
1410 3310 1578 3363 nostri
1616 3310 1974 3381 redemptoris

399 3396 454 3449 in
483 3410 667 3461 cruce,
700 3398 753 3450 in
784 3397 938 3468 cujus
973 3398 1143 3452 solum
1166 3398 1271 3455 ﬁde
1306 3415 1530 3470 regnum
1555 3402 1745 3456 mortis
1771 3412 1826 3456 et
1850 3418 1976 3473 pec-

396 3485 510 3540 cati
535 3494 839 3555 superatur.
876 3486 1044 3544 Recte
1097 3490 1294 3545 etenim
1323 3505 1420 3560 per
1465 3503 1741 3562 serpentes
1784 3508 1974 3563 pecea-

398 3583 475 3637 ta,
518 3589 637 3645 qua:
678 3577 911 3632 animam
942 3578 1101 3632 simul
1147 3587 1202 3634 et
1228 3595 1422 3652 corpus
1448 3583 1516 3636 ad
1556 3582 1831 3638 interitum
1864 3594 1973 3638 tra-

398 3668 560 3732 hunt,
585 3669 979 3738 exprimuntur,
1004 3686 1109 3725 non
1137 3671 1310 3727 solum
1331 3675 1455 3742 quia
1477 3674 1650 3744 igniti,
1676 3675 1802 3745 quia
1823 3677 1971 3731 viru-

398 3758 554 3821 lenti,
617 3759 741 3828 quia
794 3759 864 3814 ad
913 3760 1286 3831 perimendum
1332 3773 1459 3818 sunt
1510 3766 1737 3832 statuti,
1784 3783 1969 3821 verum

397 3848 561 3901 etiam
594 3849 718 3917 quia
754 3863 852 3919 per
889 3858 1190 3918 serpentem
1220 3852 1379 3920 primi
1408 3864 1658 3921 parentes
1695 3855 1866 3909 nostri
1903 3855 1971 3909 ad

396 3940 731 4006 peccandum
758 3941 1023 4009 persuasi,
1058 3958 1122 3998 ac
1149 3944 1215 3998 de
1242 3943 1637 4000 immortalibus
1681 3955 1809 4001 sunt
1840 3962 1968 4018 pec-

400 4032 572 4087 cando
600 4034 853 4090 mortales
880 4034 1078 4091 ell‘ecti.
1117 4034 1284 4094 Recte
1303 4052 1402 4108 per
1426 4047 1730 4107 serpentem
1759 4054 1969 4095 teneam

402 4123 662 4179 Dominus
691 4126 993 4180 ostenditur
1021 4127 1112 4196 qui
1144 4127 1294 4182 venit
1320 4129 1375 4182 in
1412 4129 1816 4185 similitudinem
1849 4147 1971 4186 ear-

401 4215 487 4268 nis
507 4216 736 4285 peccati.
765 4215 901 4283 Quia
926 4217 1064 4271 sicut
1107 4233 1288 4272 tenens
1317 4232 1541 4288 serpens
1594 4218 1821 4291 eﬁigiem
1846 4222 1972 4292 qui-

402 4310 522 4363 dem
550 4308 734 4379 iguitis
776 4309 1113 4379 serpentibus
1142 4310 1393 4377 similem,
1450 4312 1543 4367 sed
1586 4312 1788 4367 nullum
1816 4329 1972 4384 pror-

403 4412 495 4452 sus
528 4398 583 4452 in
616 4400 727 4454 suis
751 4399 1010 4454 membris
1030 4399 1218 4454 habuit
1246 4399 1492 4456 ardorem
1542 4404 1732 4457 veneni
1765 4418 1968 4458 nocen-

404 4490 492 4554 tis,
521 4489 649 4559 quin
700 4491 879 4559 potius
910 4504 1219 4559 percussos,
1241 4506 1271 4544 a
1298 4493 1636 4561 serpentibus
1692 4509 1788 4549 sua
1823 4495 1969 4549 exal-

2077 3307 2421 3362 crediderunt
2474 3304 2728 3374 Apostolo
2776 3303 3120 3373 praedicante,
3172 3301 3299 3372 quia
3348 3302 3544 3357 mortui
3574 3315 3664 3356 re»

2076 3406 2320 3467 surgent,
2351 3404 2406 3450 et
2453 3395 2556 3449 hac
2615 3410 2710 3464 spe
2761 3393 2977 3448 attracti
3010 3402 3136 3447 sunt
3180 3393 3247 3447 ad
3279 3391 3460 3458 ﬁdem,
3517 3391 3661 3460 quod

2074 3490 2261 3558 utique
2320 3489 2386 3542 ad
2436 3486 2817 3541 detrimentum
2865 3486 3076 3539 illorum
3125 3484 3388 3554 prolicere
3441 3482 3656 3549 asserit,

2074 3582 2120 3637 si
2170 3580 2519 3645 crediderint,
2573 3578 2714 3649 quod
2769 3577 3009 3632 futurum
3052 3590 3157 3630 non
3203 3585 3306 3630 est.
3363 3574 3432 3628 Et
3482 3573 3659 3643 pudo-

2074 3672 2152 3726 ris
2180 3679 2267 3726 est
2308 3678 2369 3724 ut
2416 3669 2610 3738 aliquis
2650 3666 2983 3737 proﬁteatur,
3035 3667 3137 3720 hoc
3175 3664 3468 3719 credidisse
3512 3662 3655 3731 quod

2073 3759 2269 3813 falsum
2350 3766 2452 3812 est.
2515 3757 2582 3811 Et
2655 3754 3038 3809 verecundiam
3113 3767 3242 3822 ergo
3320 3751 3426 3805 illis
3495 3750 3651 3804 incu-

2073 3851 2160 3913 tit,
2208 3857 2265 3905 et
2308 3848 2522 3905 labores
2568 3846 2782 3901 illorum
2826 3844 2958 3900 dicit
3000 3843 3385 3908 infructuosos,
3430 3841 3475 3896 si
3510 3839 3656 3910 quod

2073 3952 2104 3991 a
2134 3937 2283 3993 falsis
2315 3936 2573 4007 apostolis
2605 3936 2895 3991 audierunt
2922 3950 3108 3991 verum
3136 3942 3239 4000 est,
3288 3933 3429 4003 quod
3452 3932 3652 3987 mortui

2073 4047 2181 4085 non
2206 4038 2507 4101 resurgent.
2545 4028 2698 4096 Quod
2746 4043 2903 4083 nemo
2932 4027 3117 4098 utique
3143 4026 3209 4081 de
3244 4040 3304 4080 se
3329 4024 3532 4094 patitur
3555 4039 3650 4077 au-

2072 4121 2191 4176 dire
2218 4131 2278 4177 ut
2300 4122 2547 4176 videntes
2592 4119 2697 4175 hoc
2718 4127 2909 4175 contra
2951 4132 3009 4173 se
3049 4130 3173 4172 esse
3219 4121 3564 4171 revertentur
3584 4112 3653 4167 ad

2070 4214 2304 4283 primam
2329 4213 2511 4269 ﬁdem.

2144 4303 2457 4359 Invenimur
2485 4311 2660 4358 autem
2685 4310 2733 4356 et
2756 4300 2880 4371 falsi
2926 4309 3078 4356 testes
3109 4297 3235 4363 Dei,
3278 4294 3529 4367 quoniam
3572 4302 3651 4349 ω-

2072 4392 2378 4447 stimonium
2399 4393 2621 4445 dicimus
2644 4390 2894 4444 adversus
2921 4386 3115 4452 Deum,
3158 4385 3295 4456 quod
3326 4382 3654 4438 suscitaverit

2075 4480 2367 4548 Christum,
2421 4496 2574 4552 quem
2600 4496 2706 4534 non
2754 4479 3045 4533 suscitavit.
3105 4475 3206 4543 Qui
3265 4474 3461 4531 asserit
3509 4473 3652 4544 quod

402 4580 603 4638 talione
622 4581 885 4636 sanabat:
916 4581 993 4636 sic
1016 4581 1271 4636 nimirum
1293 4545 1724 4653 sicIRedemptor
1748 4585 1971 4639 humani
1998 4545 2049 4603 Ι)
2075 4573 2351 4628 Christum
2382 4572 2524 4626 Deus
2555 4585 2586 4622 ³
2624 4568 2874 4630 mortuis,
2924 4565 3227 4630 BUSCilaVil.
3256 4564 3425 4619 falsus
3463 4571 3548 4619 εει
3576 4571 3653 4617 ιε’

397 4671 612 4742 generis
648 4687 756 4726 non
792 4686 1011 4727 carnem
1040 4674 1270 4743 peccati,
1322 4674 1419 4728 sed
1456 4673 1857 4730 similitudinem
1885 4676 1976 4730 in-

398 4763 516 4817 duit
545 4764 727 4819 carnis
752 4764 985 4833 peccati.
1026 4765 1078 4818 in
1101 4780 1207 4834 qua
1238 4772 1467 4820 mortem
1498 4767 1676 4822 crucis
1698 4769 1973 4837 patiendo,

396 4853 680 4908 credentes
704 4853 759 4907 in
793 4867 853 4908 se
899 4853 965 4907 ab
990 4853 1134 4908 omni
1162 4861 1386 4923 peccato
1413 4863 1469 4908 et
1519 4857 1589 4910 ab
1637 4855 1754 4925 ipsa
1805 4856 1971 4911 etiam

398 4949 574 4996 morte
598 4942 879 4997 liberaret.

469 5028 536 5083 Ut
558 5032 726 5086 omnis
750 5037 841 5102 qui
864 5033 1025 5086 credit
1052 5033 1108 5088 in
1151 5034 1286 5105 ipso,
1318 5052 1421 5088 non
1447 5044 1644 5104 pereat,
1671 5035 1762 5090 sed
1786 5036 1975 5091 habeat

396 5121 551 5175 vitam
595 5130 865 5176 wternam.
913 5121 1078 5191 Cujus
1110 5125 1326 5192 quidem
1372 5124 1522 5179 verbi
1573 5134 1719 5193 patet
1763 5140 1971 5189 sensus,

395 5213 515 5280 quia
539 5213 629 5281 qui
652 5213 826 5268 credit
846 5213 898 5266 in
927 5212 1110 5268 Jesum
1148 5229 1251 5269 non
1276 5214 1447 5269 solum
1474 5215 1829 5284 perditionem
1856 5230 1977 5269 eva-

397 5303 472 5356 dit
505 5318 820 5374 pmnarum,
862 5305 957 5359 sed
996 5313 1053 5360 et
1095 5305 1263 5359 vitam
1306 5306 1536 5376 percipit
1579 5313 1855 5360 aeternam.
1910 5307 1978 5360 Et

397 5393 497 5451 hoc
524 5394 667 5449 inter
690 5394 916 5465 ﬁguram
943 5394 1108 5449 distat
1133 5403 1187 5449 et
1215 5396 1495 5449 veritatem
1522 5413 1535 5448 :
1560 5396 1685 5464 quia
1715 5410 1811 5464 per
1831 5395 1973 5449 illam

393 5484 501 5538 vita
526 5483 900 5555 protelabatur
927 5484 1256 5554 temporalis,
1295 5499 1394 5554 per
1428 5486 1568 5539 hanc
1598 5486 1704 5538 vita
1742 5485 1977 5539 donatur

393 5575 510 5631 sine
551 5573 663 5630 ﬁne
691 5589 968 5629 mansura.
1020 5574 1126 5629 Sed
1173 5576 1469 5630 curandum
1525 5574 1751 5629 solerter
1787 5582 1872 5629 est
1916 5583 1977 5627 ut

391 5667 532 5735 quod
561 5665 864 5721 intellectus
894 5665 1031 5720 bene
1056 5667 1220 5721 sentit
1245 5685 1258 5721 :
1291 5667 1536 5737 operatio
1563 5666 1830 5736 condigna
1853 5680 1975 5734 per-

393 5752 540 5817 ticiat
569 5772 586 5810 :
616 5761 883 5828 quatenus
908 5755 1175 5811 confessio
1213 5765 1359 5812 recte
1393 5765 1591 5811 nostra:
1619 5755 1761 5820 ﬁdei,
1808 5755 1892 5825 pic
1920 5763 1976 5810 et

2074 4663 2174 4717 stis
2200 4663 2247 4715 si
2270 4676 2375 4715 non
2405 4658 2739 4715 estfactum.
2792 4657 3058 4711 Virtutem
3108 4667 3289 4710 tamen
3315 4655 3412 4709 Dei
3454 4654 3653 4725 pnedi-

2073 4759 2184 4815 cat,
2210 4766 2316 4805 non
2342 4749 2527 4819 utique
2554 4755 2616 4801 ut
2641 4746 2892 4803 inimicus
2938 4746 3028 4815 qui
3054 4754 3163 4800 tam
3206 4744 3522 4800 admirabile
3566 4743 3649 4797 fa-

2072 4849 2219 4895 ctum
2266 4839 2455 4893 virtuti
2507 4836 2623 4905 ejus
2649 4837 2892 4891 ascribit.
2920 4836 3071 4903 Quod
3097 4836 3144 4890 si
3174 4850 3361 4889 verum
3389 4842 3491 4899 est,
3522 4833 3646 4902 quia

2071 4930 2331 4985 excitavit
2363 4927 2640 4983 Christum
2664 4941 2695 4981 a
2737 4926 2986 4990 mortuis,
3030 4925 3158 4994 quid
3188 4924 3275 4979 bic
3302 4923 3545 4978 dicturus
3569 4929 3651 4975 est

2074 5021 2167 5091 qui
2210 5029 2264 5075 et
2293 5019 2451 5075 testis
2476 5026 2672 5074 contra
2704 5018 2873 5073 Deum
2922 5015 3101 5073 factus
3130 5025 3234 5082 est,
3264 5024 3319 5071 et
3367 5030 3502 5086 opus
3535 5014 3653 5083 ejus

2075 5110 2359 5177 stultitiam
2392 5108 2620 5164 asserit.

2152 5203 2294 5257 Nam
2323 5203 2369 5257 si
2412 5201 2605 5256 mortui
2656 5218 2760 5257 non
2790 5210 3083 5272 resurgunt,
3112 5216 3273 5271 neque
3301 5197 3539 5252 Christus
3570 5213 3648 5249 rc-

2076 5299 2324 5352 surrexit.
2388 5296 2542 5362 Quod
2593 5297 2640 5351 si
2694 5296 2932 5351 Christus
2985 5311 3089 5349 non
3132 5293 3439 5357 resurrexit,
3480 5291 3651 5344 adhuc

2076 5391 2200 5445 estis
2230 5392 2287 5443 in
2306 5390 2529 5459 peccatis
2562 5390 2742 5442 vestris
2766 5402 2784 5440 :
2810 5404 2931 5457 ergo
2957 5386 3047 5456 qui
3077 5385 3396 5439 dormierunt
3420 5383 3475 5435 in
3498 5379 3651 5434 Chri—g

2075 5492 2182 5546 sto,
2211 5483 2496 5550 perierunt.
2526 5480 2718 5535 Terret
2769 5479 2891 5533 illos
2935 5486 2993 5532 ut
3018 5476 3144 5547 quia
3174 5490 3332 5531 nemo
3378 5471 3482 5527 sibi
3512 5471 3653 5524 male

2079 5573 2209 5637 vult,
2238 5572 2412 5628 doleat
2444 5571 2563 5627 illos
2594 5573 2699 5626 hoc
2743 5570 2974 5638 cmpisse
3020 5566 3244 5622 credere
3289 5563 3433 5633 quod
3460 5571 3651 5619 contra

2075 5664 2222 5732 ipsos
2234 5672 2345 5727 est;
2372 5661 2494 5731 quis
2512 5660 2656 5717 enim
2673 5665 2893 5729 peccata
2908 5656 3008 5712 sibi
3029 5654 3254 5710 remissa
3274 5653 3407 5709 nolit
3424 5652 3613 5709 audire
3624 5651 3651 5706 ἲ

2077 5751 2144 5806 Et
2169 5753 2257 5823 qui
2298 5753 2645 5818 dormierunt,
2673 5750 2768 5813 ait,
2804 5749 2857 5801 in
2898 5745 3125 5809 Christo,
3177 5746 3459 5814 perierunt.
3488 5743 3652 5801 Addit
