3962 6180
378 342 483 398 ’ΞὸἹ

1061 347 1116 400 Β.
1159 347 1405 402 RABANI
1444 348 1665 404 MAURI
1702 350 2021 406 ARClllEP.
2056 352 2364 411 MOGUNT.
2398 357 2680 414 OI’ERUM
2722 359 2899 415 PARS
2937 359 2999 417 ll.

377 460 447 515 ad
476 460 875 531 terroremquia
905 463 1190 516 charornin
1242 479 1462 518 suorum
1493 479 1750 521 excessus
1775 466 1954 559 noluit
1975 471 2020 529 Α
2049 477 2105 524 et
2128 472 2342 539 quando
2362 472 2602 529 futurum
2627 484 2711 531 est
2738 486 2795 531 ut
2822 486 3103 546 resurgant
3128 481 3319 534 mortui
3348 495 3361 533 :
3388 486 3635 550 priiuitiie

376 552 644 608 mstimare
670 552 1041 622 perditionem.
1084 554 1183 620 Qui
1209 556 1351 609 enim
1380 556 1479 610 sub
1511 556 1613 610 hac
1645 571 1740 626 spe
1766 557 1834 611 de
1855 552 1948 611 sici

376 642 498 699 culo
521 645 790 709 exierunt,
822 645 934 700 sive
977 645 1149 698 occidi
1178 661 1283 699 non
1336 646 1650 711 timuerunt,
1701 648 1825 718 quia
1861 664 1949 703 rc-

375 749 598 805 surgere
624 735 870 804 exemplo
896 734 1097 790 Christi
1137 738 1505 804 crediderunt,
1537 746 1591 791 et
1622 755 1724 793 non
1754 749 1839 794 est
1861 755 1949 795 ve-

378 840 516 889 rum,
552 825 853 893 perierunt.
874 825 987 880 Hoc
1018 826 1124 881 illis
1152 828 1283 882 dicit
1320 829 1462 897 quod
1497 845 1681 885 amore
1727 846 1949 887 suorum

374 913 749 968 defunctorum
776 922 972 969 nolunt
1005 917 1212 982 audire,
1242 930 1301 971 ut
1336 920 1442 973 illis
1488 919 1782 1005 imputetur
1807 922 1949 990 quod

374 1007 522 1073 prius
544 1021 641 1075 per
666 1022 905 1062 errorem
941 1007 1193 1062 volebant
1222 1009 1446 1065 audire.
1463 1009 1600 1065 Sunt
1619 1013 1783 1066 etiam
1808 1027 1948 1067 verte

371 1094 756 1150 connectiunes
792 1098 844 1150 in
882 1097 1290 1153 ratiocinatione
1328 1098 1490 1154 falsas
1538 1101 1798 1156 habentes
1826 1116 1949 1155 sen-

372 1187 586 1252 tentias,
619 1202 738 1257 qute
769 1199 1168 1257 consequuntur
1203 1206 1444 1245 errorem
1495 1191 1640 1246 illius
1689 1207 1810 1246 cum
1841 1208 1946 1261 quo

369 1278 569 1348 agitur,
602 1295 722 1348 quae
752 1288 929 1334 tamen
966 1282 1033 1335 ad
1060 1283 1161 1337 hoc
1213 1283 1518 1338 inferuntur
1543 1301 1572 1339 a
1598 1286 1738 1340 bono
1767 1295 1821 1340 et
1847 1285 1945 1340 do-

369 1378 456 1423 cto
487 1370 704 1423 homine
734 1378 808 1434 ut,
844 1372 895 1425 in
924 1371 1009 1426 his
1030 1372 1357 1428 erubescens
1383 1374 1470 1428 ille
1501 1375 1655 1444 cujus
1704 1391 1944 1431 errorem

365 1460 734 1529 consequitur,
775 1463 1026 1517 eumdem
1070 1478 1309 1518 errorem
1340 1465 1624 1534 relinquat,
1654 1467 1780 1537 quia
1808 1468 1852 1521 si
1891 1467 1944 1521 in

362 1549 550 1604 eodem
581 1566 799 1606 manere
821 1552 1069 1619 voluerit,
1094 1569 1315 1609 necesse
1339 1564 1425 1610 est
1445 1563 1503 1609 ut
1527 1556 1691 1610 etiam
1715 1557 1803 1611 illa
1825 1573 1946 1628 qua:

367 1642 590 1697 damnat
617 1650 803 1699 tenere
828 1653 1071 1715 cogatur.

433 1731 494 1787 Si
532 1734 585 1787 in
612 1734 710 1787 hac
738 1735 840 1789 vita
875 1745 1077 1790 tantum
1113 1737 1168 1790 in
1203 1736 1408 1791 Christo
1443 1749 1711 1807 sperantes
1737 1756 1939 1805 sumus,

2052 557 2296 616 Christus
2340 564 2481 620 sicut
2529 573 2583 618 et
2630 568 2684 619 in
2724 566 2947 621 Actibus
2995 567 3356 635 apostolorum
3412 580 3637 625 testatur

2051 649 2308 718 scriptum
2330 666 2448 707 esse
2476 653 2525 707 in
2552 653 2752 725 Moyse,
2777 656 2822 707 si
2847 656 3111 724 possibilia
3137 655 3398 723 Christus,
3424 660 3471 713 si
3490 661 3637 727 prior

2050 753 2265 808 surgens
2312 756 2376 794 ex
2419 744 2659 803 mortuis,
2700 753 2807 797 etc.
2855 744 3009 798 Prior
3057 761 3186 814 ergo
3238 747 3536 804 resurrexit
3578 758 3635 806 ut

2050 828 2220 884 forma
2252 832 2403 885 ﬁeret
2426 834 2771 890 credentibus
2799 837 2921 891 sibi.

2119 920 2316 976 Deinde
2354 922 2435 994 [ii]
2473 926 2560 995 qui
2606 936 2724 979 sunt
2770 926 2998 993 Christi,
3025 930 3114 999 qui
3154 930 3208 984 in
3246 931 3471 986 adventu
3519 934 3633 1004 ejus

2048 1011 2395 1067 crediderunt.
2430 1014 2541 1070 Hoc
2583 1017 2783 1086 duplici
2829 1020 2987 1074 modo
3032 1020 3461 1093 intelligendum,
3506 1027 3633 1096 quia

2048 1108 2101 1153 et
2148 1101 2199 1153 in
2234 1102 2461 1157 adventu
2495 1102 2611 1173 ejus
2656 1108 2892 1163 secundo
2938 1112 3113 1166 sancti
3156 1125 3436 1184 resurgunt
3476 1117 3632 1187 juxta

2049 1190 2208 1244 ﬁdem
2234 1192 2582 1266 Apocalypsis
2605 1195 2847 1263 Joannis,
2873 1201 3014 1256 sicut
3037 1212 3092 1257 et
3122 1204 3174 1258 in
3201 1206 3378 1274 primo
3402 1208 3632 1263 adventu

2048 1294 2167 1332 cum
2197 1285 2514 1349 resurrexit,
2551 1287 2718 1340 multa
2745 1303 2973 1359 corpora
3001 1303 3188 1348 sancta
3221 1310 3634 1353 resurrexerunt

2047 1373 2113 1427 ad
2146 1379 2583 1444 protestationem
2629 1384 2821 1439 evictae
2868 1388 3060 1443 mortis
3104 1403 3170 1443 ac
3209 1388 3482 1457 spoliatur;
3531 1390 3633 1443 Suh

2049 1479 2153 1518 una
2192 1481 2322 1536 ergo
2362 1469 2756 1539 signiﬁcatione
2791 1475 3060 1546 duplicem
3101 1478 3388 1533 adventum
3421 1477 3631 1532 Domini

2046 1559 2473 1626 comprehendit,
2509 1563 2611 1618 hoc
2637 1574 2738 1631 est,
2766 1566 3000 1636 primum
3025 1569 3240 1637 quando
3267 1569 3414 1624 venit
3440 1578 3501 1623 ut
3525 1570 3632 1622 sal-

2047 1657 2197 1702 varet
2223 1664 2391 1718 genus
2416 1651 2731 1720 humanum,
2762 1665 2818 1711 et
2851 1657 3166 1723 secundum,
3193 1659 3410 1729 quando
3438 1667 3630 1713 ventu-

2047 1754 2141 1794 rus
2168 1748 2251 1794 est
2286 1740 2531 1810 judicare
2573 1746 2720 1801 vivos
2748 1762 2812 1804 ae
2844 1757 3088 1805 mortuos
3127 1759 3182 1805 et
3229 1749 3484 1806 smeuluin
3532 1765 3631 1819 per

360 1822 756 1877 miserabiliores
785 1841 965 1878 sumus
993 1827 1229 1881 erunibus
1250 1827 1563 1882 hominibus.
1606 1828 1945 1884 Manifestum
1976 1836 2020 1895 B
2051 1828 2248 1898 ignem.

357 1921 461 1975 est,
476 1914 599 1981 quia
628 1915 754 1969 etin
772 1917 874 1970 hac
899 1917 1006 1969 vita
1028 1918 1277 1984 prmsenti
1306 1927 1361 1973 et
1384 1919 1437 1973 in
1460 1919 1638 1973 futura
1660 1934 1941 1988 speramus

358 2004 411 2055 in
431 2004 668 2069 Christo,
696 2020 796 2060 nec
816 2007 960 2060 enim
988 2009 1076 2062 hic
1097 2009 1295 2064 deserit
1322 2025 1507 2065 servos
1529 2026 1655 2067 suos
1670 2012 1937 2079 Christus,

356 2096 448 2149 sed
491 2096 660 2150 reddit
690 2097 795 2151 illis
835 2098 1064 2166 gratiam
1104 2107 1160 2154 et
1188 2100 1240 2154 in
1275 2099 1454 2155 futuro
1482 2111 1645 2157 erunt
1673 2103 1727 2157 in
1772 2104 1937 2175 gloria

352 2193 571 2241 aeterna.
604 2185 662 2240 Si
690 2195 868 2242 autem
900 2188 1094 2245 futurae
1126 2191 1246 2244 vita:
1275 2207 1398 2259 spes
1438 2208 1544 2248 non
1571 2202 1733 2257 esset,
1764 2195 1939 2250 omni-

353 2278 453 2329 bus
488 2277 816 2343 hominibus,
846 2282 985 2348 quod
1014 2281 1180 2347 dixit,
1220 2283 1639 2340 miserabiliores
1668 2300 1930 2341 essemus.

356 2364 420 2418 Ut
462 2366 589 2433 quid
629 2368 774 2421 enim
813 2366 1042 2438 jejunia,
1069 2370 1285 2441 vigili-.12,
1331 2372 1528 2439 exitus,
1569 2374 1766 2428 munda
1802 2376 1933 2441 vita,

346 2456 574 2523 iustitia,
606 2457 997 2525 misericordia,
1031 2476 1197 2526 mors,
1222 2463 1265 2516 si
1296 2478 1395 2532 pro
1427 2463 1512 2519 his
1553 2464 1695 2520 nulla
1727 2480 1935 2521 merces

347 2548 452 2602 erit
477 2548 532 2602 in
577 2548 796 2606 futuro?
834 2551 1097 2609 increduli
1143 2565 1321 2611 autem
1368 2557 1450 2613 vel
1493 2574 1557 2614 ac
1588 2559 1695 2614 vita
1743 2558 1933 2615 fruun-

352 2648 459 2693 tur.

419 2730 577 2787 Nunc
600 2742 774 2787 autent
803 2734 1043 2790 Christus
1073 2739 1353 2792 resurrexit
1384 2756 1415 2792 α
1444 2741 1660 2794 mortuis
1686 2742 1932 2810 primitia:

345 2819 746 2890 dormientium;
771 2825 1021 2894 quoniam
1048 2827 1257 2896 quidem
1286 2844 1378 2898 per
1401 2828 1665 2882 hominem
1694 2846 1856 2894 mors,
1883 2840 1930 2885 et

343 2929 438 2984 per
462 2914 722 2969 hominem
752 2918 1058 2972 resurrectio
1088 2927 1432 2972 mortuorum.
1457 2919 1570 2975 Hoc
1598 2921 1783 2975 dicens
1813 2930 1930 2976 tan-

343 3005 423 3072 git
461 3007 973 3076 pseudoprophetas,
999 3008 1091 3077 qui
1123 3006 1399 3063 Christum
1427 3018 1610 3064 natum
1640 3012 1924 3081 negabant,

343 3115 408 3154 ac
431 3114 529 3169 per
554 3101 656 3154 hoc
680 3116 787 3155 non
819 3101 1182 3156 resurrexisse
1207 3116 1447 3156 carnem.
1471 3102 1574 3169 Qui
1598 3102 1742 3157 enim
1769 3114 1926 3158 natus

342 3207 450 3247 non
479 3201 564 3247 est
596 3207 696 3247 nec
721 3193 969 3251 moritur.
996 3192 1089 3249 Sic
1118 3201 1300 3250 autem
1328 3194 1520 3263 probat
1539 3193 1812 3250 Christum
1844 3210 1930 3252 re-

344 3284 645 3339 surrexisse
670 3298 701 3337 a
723 3286 970 3351 mortuis,
998 3286 1123 3355 quia
1147 3287 1307 3341 homo
1334 3286 1470 3341 fuit:
1501 3295 1559 3341 ut
1579 3285 1802 3342 dubium
1820 3303 1926 3344 non

342 3375 416 3430 sit
443 3375 712 3429 hominem
739 3391 769 3429 a
792 3376 902 3431 Deo
924 3392 954 3429 a
982 3378 1208 3431 mortuis
1225 3378 1538 3442 excitatum,
1570 3377 1773 3447 utquia
1802 3392 1927 3447 pec-

341 3471 464 3519 cato
509 3465 742 3520 hominis
770 3481 917 3520 mors
946 3466 1162 3520 inventa
1192 3475 1306 3531 est,
1348 3465 1550 3522 Christi
1591 3466 1798 3535 justitia
1842 3481 1927 3523 re-

342 3556 732 3609 surrectionem
765 3555 961 3610 meruit
992 3564 1349 3611 mortuorum.

413 3644 558 3699 Sicut
603 3646 749 3700 enim
793 3647 847 3700 in
878 3646 1046 3700 Adam
1090 3662 1266 3701 omnes
1308 3648 1625 3710 moriuntur,
1665 3647 1740 3700 ita
1780 3657 1828 3701 et
1868 3648 1923 3701 in

341 3736 546 3791 Christo
592 3755 767 3793 omnes
813 3739 1232 3808 viviﬁcabuntur.
1272 3738 1391 3795 Hoc
1437 3740 1566 3795 dicit
1610 3741 1736 3809 quia
1786 3740 1927 3799 sicut

338 3826 509 3881 Adam
537 3845 766 3897 peccans
798 3841 1024 3884 mortem
1056 3832 1260 3885 invenit
1281 3839 1335 3886 et
1361 3848 1549 3887 ornues
1575 3831 1690 3901 ejus
1716 3833 1923 3903 origine

340 3919 537 3981 tenuit,
579 3926 639 3971 ut
664 3918 1106 3983 dissolverentur,
1151 3921 1225 3973 ita
1256 3922 1503 3977 Christus
1543 3939 1650 3977 non
1693 3939 1924 3992 peccans

337 4018 394 4063 et
431 4025 527 4077 per
558 4010 660 4065 hoc
704 4011 926 4064 vincens
971 4020 1223 4075 mortem,
1268 4014 1392 4081 quia
1443 4015 1536 4082 qui
1582 4029 1687 4069 non
1736 4025 1922 4083 peccat

338 4102 507 4156 vineit
535 4111 784 4165 tiiortem,
815 4101 939 4170 quia
966 4116 1112 4156 mors
1139 4104 1467 4170 exspectatio
1487 4103 1775 4172 justorum.
1802 4107 1923 4159 Oui-

339 4198 496 4252 nibus
520 4212 650 4267 ergo
673 4197 763 4266 qui
797 4204 923 4250 sunt
942 4210 1009 4249 ex
1036 4195 1151 4266 ejus
1172 4210 1395 4264 corpore
1419 4196 1707 4265 acquisivit
1732 4198 1918 4260 vitam,

339 4290 392 4345 id
420 4300 522 4355 est,
555 4288 1028 4354 resurrectionem,
1057 4286 1305 4357 quamvis
1332 4286 1639 4357 generalem
1672 4287 1923 4342 tribuerit

338 4384 822 4449 resurrectionem,
869 4390 925 4435 ut
954 4381 1092 4436 sicut
1136 4379 1191 4433 in
1235 4379 1404 4433 Adam
1432 4393 1621 4433 omnes
1653 4378 1768 4432 sive
1789 4379 1921 4448 justi

336 4476 448 4531 sive
484 4475 667 4545 injusti
716 4474 1034 4537 moriuntur,
1068 4473 1142 4527 ita
1167 4471 1304 4527 etin
1333 4470 1550 4526 Christo
1580 4480 1690 4524 tam
1733 4485 1922 4524 omnes

2560 1924 2839 1981 HOMILIA
2881 1928 3115 1984 LXXIV.

2620 2034 2752 2071 ITEM
2784 2032 2940 2073 FBHM
2977 2036 3049 2074 ιν.

2181 2100 2366 2157 Lectio
2397 2106 2568 2163 sancti
2600 2106 2876 2177 Evangelii
2903 2110 3195 2164 secundum
3227 2110 3445 2167 Lucam.

2111 2187 2176 2242 In
2206 2189 2297 2244 illo
2324 2201 2553 2263 tempore
2580 2206 2910 2251 accesserunt
2934 2198 3003 2250 ad
3036 2197 3219 2252 Iesum
3246 2202 3461 2269 quidam
3490 2184 3631 2257 Smi-

2038 2277 2359 2346 tluctvorum,
2386 2283 2476 2352 qui
2505 2294 2691 2352 negant
2718 2301 2827 2341 esse
2856 2289 3306 2355 resurrectionem,
3329 2299 3432 2346 etc.

2106 2370 2235 2423 Duae
2278 2382 2433 2427 erant
2462 2375 2696 2430 haereses
2723 2376 2776 2430 in
2806 2374 3029 2443 Iudaeis,
3060 2394 3165 2433 una
3204 2380 3625 2450 Pharisaeorum,

2036 2469 2090 2516 et
2137 2462 2301 2518 altera
2352 2464 2801 2533 Sadiuc'eorum,
2858 2469 3114 2525 Pharisaei
3169 2473 3519 2530 traditionum
3570 2488 3629 2531 et

2033 2552 2471 2611 observationqu
2508 2573 2644 2627 quas
2692 2558 2768 2613 illi
2816 2558 3129 2617 deuteroses
3176 2572 3404 2629 vocant,
3453 2565 3627 2635 justi—

2036 2645 2164 2698 tiam
2195 2645 2568 2716 proferebant,
2607 2649 2748 2704 unde
2774 2658 2830 2705 et
2874 2650 3031 2706 divisi
3072 2652 3403 2707 vocabantur
3446 2671 3475 2708 a
3527 2670 3625 2723 po-

2034 2738 2177 2808 pulo.
2227 2737 2510 2796 Sadducaai
2559 2752 2740 2796 autem
2785 2743 2876 2812 qui
2920 2743 3346 2814 interpretantur
3384 2746 3519 2816 justi
3566 2758 3626 2801 et

2034 2829 2133 2897 ipsi
2177 2830 2533 2885 vendicabaut
2569 2833 2672 2888 sibi
2700 2840 2844 2902 quod
2877 2848 2984 2887 non
3027 2843 3204 2888 erant.
3249 2834 3528 2890 Prioribus
3566 2848 3626 2892 et

2031 2924 2275 2992 corporis
2298 2931 2352 2979 et
2397 2924 2590 2979 animae
2619 2926 3069 2980 resurrectionem
3109 2926 3454 2983 credentibus
3490 2944 3627 2983 con—

2029 3013 2412 3084 ﬁtentibusque
2437 3014 2652 3086 angelos
2672 3026 2727 3071 et
2746 3015 2969 3084 spiritus
2990 3017 3289 3087 sequentia,
3309 3015 3465 3086 juxta
3485 3018 3627 3074 Acta

2029 3104 2415 3172 apostolorum,
2442 3105 2623 3158 omnia
2653 3105 3009 3176 denegabant.

1955 3195 2000 3258 ρ
2106 3190 2172 3244 Et
2196 3192 2641 3262 interrogaverunt
2666 3211 2784 3248 eum
2808 3195 3037 3253 dicentes
3063 3210 3080 3247 :
3110 3196 3381 3267 Magister,
3412 3197 3624 3270 Moyses

2025 3285 2231 3353 scripsit
2266 3285 2448 3338 nobis:
2486 3283 2545 3339 Si
2574 3285 2996 3357 fraterculicujus
3036 3298 3274 3342 mortuus
3316 3289 3473 3358 fuerit
3519 3289 3627 3345 ha-

2027 3376 2149 3430 bens
2184 3392 2419 3441 uxorem,
2450 3388 2497 3431 et
2525 3377 2609 3431 hic
2642 3378 2753 3432 sine
2786 3377 2912 3447 ﬁliis
2937 3377 3118 3448 fuerit,
3159 3390 3211 3434 ut
3244 3380 3468 3449 accipiat
3497 3397 3621 3434 eum

2024 3464 2194 3534 frater
2234 3466 2347 3536 ejus
2380 3482 2595 3521 uxorem
2626 3477 2673 3522 et
2702 3470 2915 3522 suscitet
2950 3486 3122 3523 semen
3152 3469 3307 3538 fratri
3336 3487 3452 3524 suo.
3481 3471 3621 3525 Vide

2033 3556 2337 3611 distantiam
2369 3556 2563 3612 littera:
2590 3565 2644 3611 et
2672 3557 2915 3627 spiritus.
2953 3555 3116 3611 Juxta
3146 3557 3383 3613 litteram
3413 3560 3622 3612 nu?:crc

2025 3648 2232 3717 cogitur
2271 3648 2325 3702 in
2372 3648 2501 3713 vita,
2533 3657 2589 3702 ut
2634 3648 2873 3704 defuncti
2919 3664 3105 3703 semen
3143 3654 3372 3705 suscitet
3419 3648 3615 3712 frater,

2025 3739 2259 3811 Spiritus
2287 3746 2468 3793 autem
2494 3739 2746 3811 Magister
2773 3750 2858 3796 est
2889 3739 3176 3795 castitatis.

2095 3828 2302 3898 Septem
2323 3845 2443 3899 ergo
2465 3828 2656 3899 fratres
2676 3837 2825 3882 erant
2840 3846 2858 3882 :
2878 3837 2929 3884 et
2954 3845 3155 3900 primus
3176 3830 3373 3900 accepit
3398 3844 3619 3883 uxorem

2021 3929 2068 3975 et
2102 3929 2337 3975 mortuus
2381 3929 2456 3974 est
2483 3921 2595 3975 sine
2621 3919 2782 3989 filiis;
2811 3928 2860 3974 et
2888 3936 3102 3990 sequens
3147 3921 3340 3989 accepit
3370 3919 3539 3984 illam,
3566 3928 3619 3972 et

2022 4008 2129 4078 ipse
2155 4019 2391 4063 mortuus
2416 4018 2489 4064 est
2518 4010 2629 4063 sine
2648 4009 2795 4078 ﬁlio;
2819 4020 2866 4064 et
2896 4010 3079 4063 tertius
3107 4009 3300 4078 accepit
3331 4006 3508 4072 illaut,
3543 4008 3620 4061 si-

2022 4099 2213 4154 militer
2252 4110 2299 4155 et
2346 4117 2519 4155 omnes
2550 4111 2762 4171 septem,
2796 4109 2845 4159 et
2879 4117 2981 4156 non
3020 4099 3338 4170 reliquerunt
3363 4115 3535 4153 semen
3564 4109 3615 4153 et

2023 4196 2216 4250 mortui
2237 4205 2375 4251 sunt.
2406 4195 2706 4250 Novissima
2735 4195 2966 4249 omnium
2997 4204 3205 4249 mortua
3225 4202 3298 4249 est
3323 4201 3369 4246 et
3401 4191 3613 4246 mulier.

2024 4287 2125 4355 Qui
2150 4289 2599 4344 resurrectionem
2622 4302 2908 4358 corporum
2932 4302 3039 4341 non
3063 4284 3377 4350 credebant,
3400 4283 3616 4337 animas

2017 4381 2322 4450 iudicantes
2344 4382 2570 4436 interire
2592 4395 2715 4436 cum
2746 4379 3082 4448 corporibus,
3116 4384 3267 4431 recte
3297 4373 3611 4429 istiusmodi

2025 4474 2231 4543 ﬁngunt
2257 4470 2514 4535 fabulam,
2540 4486 2662 4540 qua:
2687 4468 3023 4524 deliramenti
3057 4474 3250 4538 arguat
3278 4480 3372 4520 cos
3402 4463 3493 4534 qui
3528 4477 3617 4516 re~

336 4569 618 4623 credentes
637 4582 799 4637 quam
823 4566 1120 4622 difﬁdentes
1142 4573 1445 4636 resurgant,
1471 4565 1597 4620 licet
1619 4565 1687 4619 ad
1709 4578 1923 4635 poenam
1954 4554 2000 4612 D
2028 4562 2415 4617 surrectionem
2476 4568 2724 4616 asseraut
2784 4567 3116 4614 mortuorum
3134 4597 3149 4623 ,
3197 4563 3374 4627 potest
3429 4563 3616 4611 autem

338 4658 626 4723 increduli,
681 4668 859 4713 tamen
910 4658 1173 4713 viviﬁcari
1207 4657 1473 4719 videntur,
1522 4656 1649 4725 quia
1695 4671 1921 4725 corpora

337 4767 432 4807 sua
462 4751 741 4822 recipient,
766 4750 877 4820 jam
904 4765 1011 4803 non
1038 4749 1308 4813 morituri,
1339 4750 1431 4803 sed
1459 4749 1671 4817 passuri
1703 4763 1919 4817 poenam

338 4843 391 4896 in
424 4842 502 4897 eis
527 4841 644 4896 sine
680 4839 804 4905 ﬁne,
835 4854 902 4894 eo
934 4839 1077 4907 quod
1104 4839 1326 4893 credere
1354 4837 1661 4892 noluerunt.
1689 4837 1837 4892 Sicut
1866 4839 1919 4892 in

337 4932 538 4998 Adam,
568 4932 775 5002 inquit,
816 4946 991 4983 omnes
1040 4929 1357 4992 moriuntur,
1399 4929 1472 4981 ita
1519 4936 1570 4981 et
1608 4929 1664 4981 in
1710 4927 1918 4981 Christo

335 5024 751 5091 viviﬁcabuntur.
777 5022 913 5089 Quia
939 5021 1079 5075 sicut
1110 5021 1161 5073 in
1200 5034 1366 5089 regno
1397 5019 1585 5073 mortis
1615 5034 1772 5073 nemo
1803 5019 1921 5073 sine

334 5118 525 5182 Adam,
556 5116 629 5169 ita
671 5115 726 5168 in
775 5127 939 5184 regno
986 5113 1108 5165 vita:
1144 5126 1302 5165 nemo
1332 5111 1448 5165 sine
1488 5109 1738 5173 Christo;
1781 5110 1922 5163 sicut

334 5224 432 5280 per
473 5207 642 5262 Adam
672 5219 860 5261 omnes
893 5202 1147 5257 mortales
1193 5202 1247 5255 in
1288 5216 1445 5271 poena
1484 5199 1611 5254 facti
1654 5208 1779 5255 sunt
1828 5199 1918 5253 ﬁlii

334 5299 538 5363 satculi,
566 5298 638 5352 ita
675 5305 729 5352 et
759 5309 857 5366 per
885 5294 1161 5349 Christum
1189 5306 1378 5345 omnes
1410 5290 1744 5346 immortales
1780 5290 1919 5346 ﬁunt

337 5391 392 5446 in
419 5370 593 5463 gratia
623 5388 717 5442 ﬁlii
743 5387 860 5440 Dei.

408 5481 773 5553 Unusquisque
818 5487 992 5532 autem
1032 5494 1087 5530 tu
1126 5492 1219 5530 suo
1263 5475 1445 5528 ordine
1481 5488 1498 5525 :
1528 5489 1670 5529 nunc
1702 5474 1920 5529 ordines

336 5572 752 5631 resurrectionis
799 5568 914 5623 vult
946 5582 1251 5637 exponere:
1289 5578 1356 5618 ne
1395 5564 1501 5617 Deo
1551 5571 1799 5633 putarent
1842 5560 1921 5616 fa-

337 5663 582 5722 bulosum
607 5680 747 5729 esse,
777 5663 901 5733 quia
933 5661 1130 5715 factum
1159 5658 1333 5711 adhuc
1365 5670 1468 5708 non
1494 5663 1577 5708 est
1606 5654 1658 5707 in
1689 5653 1918 5707 caeteris.

338 5755 566 5817 Ordines
606 5756 710 5812 illis
745 5756 965 5829 exponit
1007 5761 1060 5807 et
1105 5762 1347 5819 tempora
1381 5746 1594 5814 quando
1624 5744 1824 5799 factum
1857 5748 1925 5798 sit

2030 4654 2145 4710 ﬁeri
2190 4662 2252 4708 ut
2293 4654 2407 4708 fere
2454 4653 2507 4707 in
2555 4660 2713 4723 gente
2754 4666 2943 4707 eorum
2989 4647 3277 4719 aliquando
3325 4648 3427 4702 hoc
3470 4645 3617 4701 acci-

2030 4748 2186 4802 derit.

2099 4837 2167 4891 In
2211 4835 2584 4891 resurrectione
2627 4850 2747 4905 ergo
2783 4833 2933 4905 cujus
2975 4848 3154 4885 eorum
3185 4830 3281 4883 erit
3330 4841 3502 4882 uxor:
3532 4827 3614 4879 si-

2024 4926 2232 4998 quidem
2277 4935 2467 4995 seplem
2515 4924 2805 4978 habuerunt
2855 4939 2968 4977 eam
3019 4936 3251 4975 uxorem.
3299 4917 3616 4988 Turpitudi-

2023 5037 2146 5078 nem
2193 5018 2386 5074 fabulaz
2433 5024 2743 5086 opponunt,
2786 5023 2846 5068 ut
2891 5011 3302 5069 resurrectionis
3344 5010 3614 5080 denegent

2020 5111 2325 5166 veritatem.
2376 5106 2576 5162 Verum
2613 5105 2842 5176 mystice
2889 5112 3094 5172 septem
3140 5102 3194 5156 hi
3248 5098 3443 5155 fratres
3492 5098 3615 5154 sine

2024 5200 2147 5255 ﬁliis
2174 5196 2410 5254 defuncti
2434 5194 2679 5266 reprobis
2714 5194 3014 5263 quibusque
3043 5198 3364 5262 congruunt,
3395 5190 3488 5258 qui
3511 5204 3613 5258 per

2023 5298 2187 5347 totam
2219 5287 2379 5357 hujus
2421 5286 2600 5340 saeculi
2650 5287 2834 5348 vitam,
2880 5298 2999 5353 quae
3028 5290 3233 5350 septem
3263 5280 3450 5335 diebus
3491 5277 3612 5333 vol-

2021 5383 2166 5438 vitur
2205 5398 2237 5436 a
2279 5379 2437 5435 bonis
2498 5374 2752 5448 operibus
2800 5374 3011 5430 steriles
3064 5372 3303 5426 existunt
3348 5388 3359 5422 :
3414 5369 3615 5439 quibus

2024 5472 2222 5527 viritim
2258 5478 2432 5526 morte
2460 5469 2659 5523 misera
2686 5466 2986 5536 praeruptis,
3016 5464 3086 5517 ad
3113 5463 3363 5518 ultimum
3389 5469 3445 5516 et
3493 5460 3610 5530 ipsa

2023 5562 2293 5617 mundana
2341 5557 2681 5615 conversatio
2727 5572 2888 5626 quam
2940 5555 3014 5608 illi
3070 5554 3185 5608 sine
3244 5551 3396 5607 vitali
3444 5566 3614 5622 opere

2026 5658 2401 5722 trausegerant
2433 5649 2587 5720 quasi
2619 5664 2756 5703 uxor
2786 5645 3070 5701 infecunda
3101 5641 3370 5698 transibit.

2098 5744 2165 5798 Et
2213 5744 2283 5798 uit
2332 5742 2436 5797 illis
2455 5743 2610 5797 Jesus
2638 5779 2650 5791 .
2692 5738 2818 5792 Filii
2887 5736 3065 5793 sa’culi
3112 5733 3268 5802 hujus
3312 5731 3512 5786 nubunt
3560 5739 3616 5783 ct
