3962 6180
288 277 399 335 239

1444 272 1750 329 "051“.le
1792 271 1858 326 IN
1894 270 2146 327 EVANG.
2192 275 2277 329 ET
2309 270 2527 331 EPIST.

3480 283 3586 341 290

292 386 586 442 traduntur
627 382 696 436 ad
750 383 977 453 nuptias.
1029 381 1163 436 Cum
1214 382 1471 436 Dominus
1510 382 1682 447 dicat,
1728 380 1893 436 nolite
1922 384 1972 442 Α
1999 382 2124 437 inde
2168 385 2411 452 proferre
2441 386 2748 440 testimonia
2796 401 3025 456 quorum
3058 387 3436 445 auctoritatem
3473 409 3580 451 non

292 482 430 535 dare
476 485 726 533 sanctum
773 476 1021 541 canibus,
1073 491 1247 546 neque
1295 477 1524 531 mittatis
1569 477 1893 548 margaritas

294 583 511 629 vestras
556 578 682 625 ante
717 584 936 640 porcos,
967 570 1110 639 quod
1147 572 1260 639 ipse
1285 571 1530 640 quaedam
1561 571 1644 625 vel
1691 570 1781 626 hic
1827 569 1895 624 de

290 666 465 736 gloria
501 661 937 724 resurrectionis,
968 661 1051 715 vel
1085 660 1210 715 alibi
1241 661 1307 716 de
1337 660 1774 731 dispensationis,
1801 669 1893 714 aut

290 758 461 811 etiam
487 752 788 808 divinitatis
819 766 929 805 sua:
956 751 1218 823 mysterio
1239 751 1442 806 dixisse
1470 751 1743 806 invenitur
1774 766 1893 819 qua:

287 845 448 901 multi
473 845 569 916 qui
599 843 921 897 addiderant
950 840 1033 895 vel
1062 841 1362 895 resistendo
1388 840 1472 894 vel
1496 838 1892 894 contemnendo

290 956 400 992 non
445 942 805 1006 acceperunt,
848 948 952 987 non
984 934 1252 1001 putandus
1283 940 1365 987 est
1410 939 1653 986 sanctum
1682 931 1892 985 dedisse

287 1027 541 1089 canibus,
591 1032 685 1079 aut
728 1024 1053 1094 margaritas
1083 1023 1297 1077 misisse
1347 1028 1474 1076 ante
1512 1036 1725 1090 porcos.
1771 1019 1887 1073 Non

288 1118 435 1171 enim
461 1117 542 1171 eis
571 1116 719 1170 dedit
762 1114 853 1182 qui
883 1128 1077 1182 capere
1109 1128 1214 1167 non
1264 1119 1532 1182 poterant,
1565 1110 1658 1164 sed
1688 1109 1767 1163 eis
1798 1110 1888 1178 qui

288 1221 543 1281 poterant
574 1221 628 1267 et
676 1210 835 1266 simul
892 1209 1154 1271 aderant,
1202 1220 1337 1274 quos
1384 1212 1625 1273 propter
1658 1203 1885 1257 aliorum

286 1300 691 1355 immunditiam
716 1298 909 1371 negligi
936 1314 1041 1352 non
1070 1298 1374 1367 oportebat,
1404 1302 1601 1349 etcum
1624 1310 1744 1349 eum
1774 1302 1889 1348 ten-

286 1401 498 1446 tatores
552 1391 989 1461 interrogabant,
1040 1386 1510 1457 respondebatque
1555 1386 1658 1441 illis
1688 1386 1794 1449 ita,
1829 1393 1888 1437 ut

281 1483 415 1551 quid
447 1481 887 1536 contradicerent
929 1478 1214 1541 haberent,
1242 1477 1491 1546 quamvis
1523 1477 1746 1531 venenis
1773 1475 1886 1529 suis

280 1573 738 1626 contabescerent
767 1572 945 1641 potius
972 1585 1134 1641 quam
1169 1568 1309 1623 illius
1336 1567 1458 1622 cibo
1487 1574 1880 1629 saturarentur,

281 1662 375 1716 alii
406 1671 589 1716 tamen
638 1663 727 1730 qui
756 1668 1008 1732 poterant
1036 1674 1228 1729 capere
1256 1673 1324 1713 ex
1354 1657 1566 1714 illorum
1596 1659 1885 1714 occasione

281 1755 455 1809 ntulta
482 1756 691 1810 utiliter
713 1755 1023 1809 audiebant.

355 1845 451 1899 Illi
485 1856 663 1899 autent
705 1846 793 1915 qui
823 1844 967 1914 digni
1006 1844 1333 1898 habebuntur
1360 1843 1554 1899 swculo
1585 1842 1677 1897 illo
1717 1853 1763 1897 et
1805 1860 1885 1897 re-

281 1941 615 1992 surrectione
660 1955 727 1992 ea:
759 1938 1002 2002 mortuis,
1034 1953 1194 2007 neque
1241 1935 1441 1989 nubunt
1488 1952 1650 2006 neque
1685 1936 1881 1988 ducunt

280 2047 497 2085 uxores.
530 2029 646 2085 Non
683 2029 758 2083 ita
795 2024 1195 2098 intelligendum
1225 2034 1337 2091 est,
1383 2014 1537 2095 quasi
1583 2024 1727 2097 digni
1768 2037 1883 2079 Ian-

282 2133 399 2177 tum
433 2122 515 2176 vel
546 2122 905 2177 resurrecturi
933 2120 1016 2175 vel
1049 2121 1167 2175 sine
1198 2120 1401 2189 nuptiis
1431 2118 1596 2174 futuri
1629 2120 1759 2185 sint,
1802 2120 1884 2174 in—

278 2200 432 2283 digni
470 2221 684 2277 autem,
731 2211 785 2267 id
813 2220 912 2273 est,
944 2220 1283 2280 peccatores,
1319 2210 1404 2265 vel
1448 2211 1671 2265 minimc
1702 2225 1884 2265 resur-

277 2305 510 2371 recturi,
537 2303 622 2358 vel
662 2303 732 2357 ad
778 2302 997 2371 nuptias
1038 2301 1396 2356 resurrecturi
1441 2301 1550 2355 sint
1583 2300 1879 2355 credendi:

277 2400 377 2453 sed
409 2397 484 2451 ita
527 2396 708 2466 potius
747 2394 1084 2450 sentiendum
1134 2393 1279 2462 quod
1308 2407 1499 2447 omnes
1544 2402 1598 2446 et
1634 2405 1879 2446 resurre-

277 2488 447 2553 cturi,
475 2496 530 2542 et
557 2487 762 2556 absque
785 2487 989 2556 nuptiis
1028 2487 1137 2541 sint
1166 2486 1220 2540 in
1252 2485 1450 2541 satculo
1497 2484 1587 2539 illo
1616 2485 1877 2547 mansuri,

278 2579 548 2633 Dominus
573 2585 753 2632 autem
800 2575 1050 2631 Salvator
1075 2584 1134 2630 ut
1160 2576 1228 2630 ad
1262 2576 1490 2647 gloriam
1526 2575 1880 2629 resurrectio-

278 2671 367 2723 nis
415 2669 627 2722 animos
669 2667 929 2722 excitaret
989 2666 1404 2736 inquirendam,
1434 2665 1499 2720 de
1553 2665 1740 2719 electis
1789 2681 1880 2719 so—

275 2761 561 2815 tummodo
589 2759 759 2814 voluit
793 2760 973 2814 facere
1007 2774 1336 2814 sermonem.
1379 2756 1435 2811 Si
1471 2766 1652 2811 autem
1688 2757 1742 2810 in
1793 2771 1880 2810 re-

272 2853 622 2908 surrectione
649 2866 821 2920 neque
850 2851 1061 2905 nubunt
1098 2865 1272 2920 neque
1303 2850 1503 2904 ducunt
1531 2863 1750 2913 uxores,
1797 2863 1882 2903 re-

271 2951 513 3012 surgunt
538 2957 666 3011 ergo
693 2957 940 3011 corpora,
969 2957 1089 3012 quae
1132 2949 1358 3011 possunt
1389 2948 1445 2995 et
1492 2939 1697 2995 nubere
1741 2955 1879 2993 uxo-

274 3051 411 3092 res:
447 3035 551 3088 hoc
589 3042 675 3090 est
717 3032 1042 3088 feminarum
1071 3042 1127 3087 et
1167 3033 1409 3087 virorum
1454 3033 1617 3087 certis
1641 3032 1875 3086 discreta

272 3128 529 3184 membra
550 3127 834 3197 speciebus
860 3144 873 3180 :
905 3125 998 3182 sed
1022 3124 1167 3179 nulla
1192 3124 1580 3180 concumbendi
1600 3124 1875 3195 voluptate

270 3220 363 3276 vel
392 3220 723 3276 necessitate
761 3219 1087 3289 mancipata.
1120 3217 1290 3273 Nemo
1325 3218 1523 3288 quippe
1552 3218 1681 3272 dicit
1707 3219 1772 3272 de
1802 3217 1875 3270 la-

268 3309 401 3379 pide
423 3318 479 3363 et
508 3307 704 3364 arbore
729 3315 786 3363 et
815 3308 900 3363 his
927 3308 1088 3363 rebus
1113 3323 1233 3377 qua:
1257 3323 1361 3363 non
1400 3309 1602 3362 habent
1629 3308 1873 3361 membra

272 3401 557 3473 genitalia,
587 3401 729 3471 quod
775 3416 882 3456 non
930 3400 1136 3455 nubant
1177 3414 1352 3469 neque
1400 3398 1600 3454 ducant
1632 3413 1871 3452 uxores:

270 3493 370 3547 sed
398 3493 468 3548 de
499 3493 586 3547 bis
609 3492 849 3563 quicum
892 3492 1104 3562 possint
1132 3492 1358 3558 nubere,
1397 3498 1580 3545 tamen
1625 3488 1732 3544 alia
1780 3507 1871 3544 ra-

275 3587 425 3639 tione
452 3600 561 3639 non
599 3584 826 3637 nubunt.

350 3672 539 3744 Neque
567 3674 705 3728 enim
753 3672 895 3727 ultra
941 3675 1077 3728 mari
1123 3682 1389 3743 poterunt.
1420 3671 1553 3739 Quia
1600 3672 1873 3728 connubia

272 3772 504 3834 propter
550 3763 710 3830 ﬁlios,
755 3764 847 3818 ﬁlii
879 3773 1101 3835 propter
1143 3764 1567 3828 successionem,
1599 3764 1873 3819 successio

276 3865 504 3925 propter
540 3863 792 3912 mortem.
823 3853 924 3911 Ubi
956 3871 1085 3926 ergo
1112 3853 1250 3909 mori
1279 3870 1385 3910 non
1423 3864 1506 3910 est
1547 3869 1721 3924 neque
1750 3870 1862 3909 con-

275 3947 469 4001 nubis.

346 4037 609 4108 ιίεᾳααὶεδ
644 4038 782 4092 enim
810 4032 1008 4109 angelis
1052 4046 1204 4104 sunt,
1235 4048 1281 4093 et
1310 4034 1411 4107 filii
1453 4048 1574 4093 sunt
1606 4036 1725 4103 Dei,
1752 4053 1869 4091 cum

274 4131 382 4183 sint
426 4129 529 4199 ﬁlii
559 4130 971 4184 resurrectionis.
1001 4129 1260 4201 digitales
1302 4130 1500 4201 angelis
1532 4141 1580 4184 et
1622 4128 1723 4199 ﬁlii
1750 4137 1870 4183 sunt

275 4219 413 4282 Dei,
455 4220 547 4289 qui
597 4219 766 4288 gloria
824 4221 1242 4276 resurrectionis
1294 4222 1564 4286 innovati,
1610 4221 1726 4275 sine
1760 4220 1871 4275 ullo

275 4309 472 4363 mortis
513 4318 658 4363 metu
680 4351 695 4376 ,
741 4310 859 4365 sine
884 4309 990 4365 ulla
1033 4311 1153 4367 labe
1182 4313 1565 4382 corruptionis,
1596 4313 1713 4367 sine
1761 4311 1869 4367 ullo

275 4400 481 4455 terreni
506 4409 682 4455 status
707 4410 829 4457 actu
862 4413 1116 4473 perpetua
1143 4403 1239 4459 Dei
1264 4404 1475 4460 visione
1504 4404 1780 4469 fruuntur,
1798 4404 1868 4459 ad
1893 4436 1945 4495 υ

272 4508 443 4564 quam
494 4507 713 4548 necesse
749 4501 835 4548 est
867 4493 1123 4565 angelica:
1152 4494 1428 4566 dignitatis
1461 4493 1825 4563 aequalitatem
1847 4534 1862 4559 ,

273 4582 527 4653 quisquis
562 4592 690 4637 tnnc
712 4583 972 4640 accedere
1003 4584 1294 4648 desiderat,
1324 4599 1468 4639 nunc
1496 4584 1734 4639 minimis
1762 4583 1869 4638 fra-

276 4674 453 4729 tribus
477 4675 897 4730 condcscendat.

349 4765 491 4831 Quia
538 4782 658 4821 vero
713 4776 990 4838 resurgunt
1048 4768 1242 4822 mortui
1286 4776 1336 4821 et
1388 4767 1595 4837 Moyses
1645 4770 1866 4822 ostendit

272 4873 426 4911 secus
458 4856 669 4921 rubum,
708 4858 843 4911 sicut
874 4858 999 4911 dicit
1042 4857 1329 4912 Dominum
1367 4857 1534 4912 Deum
1576 4858 1864 4924 Abraham,

272 4956 323 4999 et
358 4945 531 5000 Deum
558 4945 738 5012 Isaac,
767 4956 815 5001 et
866 4945 1027 5002 Deum
1066 4946 1254 5001 Iacob.
1295 4945 1379 5002 Ad
1407 4949 1862 5018 comprobandam

275 5036 697 5092 resurrectionis
714 5038 1023 5103 veritatem,
1049 5038 1230 5092 multis
1256 5038 1376 5093 aliis
1402 5038 1864 5095 manifestioribus

270 5128 536 5200 exemplis
566 5129 641 5182 uti
677 5130 870 5197 potuit,
896 5145 927 5184 e
955 5129 1150 5200 quibus
1182 5138 1266 5184 est
1294 5128 1446 5195 illud,
1472 5130 1865 5183 suscitabuntur

270 5220 488 5284 mortui,
514 5228 565 5273 et
592 5231 881 5290 resurgent,
902 5223 991 5292 qui
1038 5223 1097 5275 in
1123 5220 1373 5291 sepulcris
1419 5231 1560 5275 sunt.
1593 5220 1862 5287 Quaeritur

274 5310 458 5379 itaque
490 5311 622 5382 quid
652 5311 754 5366 sibi
793 5311 1022 5366 voluerit
1050 5311 1309 5367 Dominus
1348 5313 1451 5367 hoc
1495 5312 1736 5382 proferre
1780 5321 1861 5366 te-

268 5402 611 5468 stimonium,
641 5404 1042 5474 quodvidetur
1073 5405 1405 5477 ambiguum,
1454 5406 1538 5460 vel
1583 5419 1689 5459 non
1728 5406 1861 5459 satis

270 5495 340 5552 ad
378 5497 799 5552 resurrectionis
843 5497 1119 5566 pertinens
1153 5496 1469 5562 veritatem;
1502 5498 1594 5552 sed
1644 5495 1857 5552 Saddu-

267 5588 368 5643 cei
398 5588 639 5659 quinque
667 5595 877 5643 tantum
923 5587 1090 5643 libros
1131 5586 1300 5658 Moysi
1333 5587 1695 5656 recipiebant,
1733 5603 1861 5656 pro-

270 5677 557 5750 phetarum
609 5677 865 5732 vaticinia
911 5685 1242 5747 respnentes.
1290 5676 1521 5731 Stultum
1575 5692 1701 5748 ergo
1740 5685 1855 5729 erat

1999 477 2367 544 sequebantur
2391 495 2403 529 :
2431 492 2595 546 porro
2622 479 2690 532 ad
2717 481 3075 533 aeternitatem
3099 479 3403 535 animarum
3454 497 3585 551 pro-

1998 567 2228 621 bandam
2258 569 2322 623 de
2368 569 2532 640 Moysi
2573 570 2724 638 ponit
2765 570 3069 640 exemplum
3100 591 3111 623 :
3142 571 3252 641 Ego
3295 589 3412 627 sum
3442 573 3586 629 Deus

1998 656 2294 723 Abraham,
2323 667 2369 710 et
2407 657 2545 711 Deus
2593 657 2766 722 Isaac,
2796 670 2842 713 et
2886 660 3028 713 Deus
3074 660 3260 714 Iacob.
3308 661 3374 716 Et
3401 666 3583 719 statim

2000 747 2195 801 infert:

2069 839 2208 893 Deus
2240 851 2411 893 autent
2440 856 2541 893 non
2576 850 2649 894 est
2682 849 3030 906 mortuorum,
3058 843 3149 896 sed
3176 845 3478 899 viventium.
3516 847 3585 900 Ut

1996 930 2373 997 comprobaret
2403 930 2613 984 animas
2641 945 2956 999 permanere
2983 941 3104 999 post
3158 942 3408 999 mortem,
3439 937 3584 1003 quod

1998 1017 2069 1071 illi
2116 1019 2254 1072 inter
2283 1027 2476 1073 caetera
2509 1019 2807 1089 negabant,
2837 1035 3009 1089 neque
3038 1030 3249 1090 poterat
3272 1023 3416 1076 enim
3445 1023 3580 1082 ﬁeri,

1996 1115 2055 1160 ut
2078 1122 2265 1159 eormn
2306 1116 2453 1161 esset
2484 1091 2659 1171 .Dcus,
2694 1109 2782 1176 qui
2831 1122 3171 1178 nequaquam
3202 1111 3581 1173 subsisterent,

1995 1207 2390 1265 consequenter
2432 1197 2864 1251 introduceretur
2902 1208 2957 1252 et
3002 1214 3289 1268 corporum
3336 1216 3582 1255 resurre-

1995 1291 2122 1354 ctio,
2159 1306 2277 1359 qua:
2314 1306 2434 1345 eum
2487 1291 2773 1345 animabus
2820 1293 2960 1345 bona
3012 1292 3219 1345 n'alave
3266 1303 3579 1362 gesserunt,

1994 1398 2170 1435 omnes
2215 1383 2347 1435 enim
2382 1383 2556 1436 vivunt
2603 1383 2683 1446 ei,
2727 1398 2915 1436 omnes
2945 1382 3192 1438 videlicet
3228 1383 3298 1436 illi
3350 1400 3580 1453 quarunt

1993 1471 2250 1526 Dominus
2284 1480 2368 1526 est
2408 1471 2550 1527 Deus
2581 1473 2767 1526 vivunt
2813 1474 2885 1537 ei,
2932 1474 3038 1527 vita
3089 1474 3272 1541 utique
3316 1488 3443 1528 vcra
3473 1490 3578 1543 qua

1984 1564 2114 1633 justi
2163 1566 2367 1629 vivunt,
2418 1566 2580 1618 etiam
2627 1565 2843 1633 quando
2883 1579 3108 1635 corpore
3152 1566 3473 1619 moriuntur.
3508 1567 3584 1620 De

1992 1673 2096 1725 qua
2124 1657 2249 1711 alibi
2281 1658 2539 1712 Dominus
2564 1658 2657 1722 ait,
2687 1655 2792 1721 Qui
2822 1657 2982 1711 credit
3012 1658 3066 1711 in
3095 1675 3174 1711 me
3213 1657 3420 1711 etiamsi
3445 1672 3585 1713 mor.

1912 1741 1956 1798 B
1985 1760 2106 1802 tuus
2155 1748 2345 1818 fuerit,
2387 1747 2537 1801 viret.
2565 1748 2738 1801 Crede
2785 1762 2934 1817 ergo,
2978 1747 3080 1801 etsi
3125 1757 3371 1802 mortuus
3415 1748 3581 1801 fueris

1986 1841 2161 1905 vives;
2193 1840 2237 1893 si
2268 1846 2445 1893 autem
2474 1854 2579 1893 non
2604 1837 2801 1900 credis,
2825 1848 2880 1891 et
2905 1850 3027 1892 cum
3053 1838 3188 1892 vivis
3215 1848 3461 1892 mortuus
3487 1853 3577 1892 es:

1984 1931 2143 1985 vidua
2166 1932 2309 1985 enim
2335 1945 2454 1999 qua:
2477 1930 2532 1982 in
2561 1928 2765 1984 deliciis
2794 1929 2949 1993 vivit,
2972 1937 3181 1984 mortua
3207 1937 3310 1984 est.
3347 1929 3578 1999 Respon-

1983 2027 2159 2080 dentes
2187 2036 2359 2079 autem
2382 2024 2596 2096 quidam
2621 2025 2913 2078 scribarum
2929 2024 3173 2078 dixerunt
3190 2026 3236 2078 ei
3265 2039 3283 2075 :
3303 2024 3576 2094 Magister,

1983 2117 2107 2171 bene
2128 2117 2328 2170 dire-isti.
2360 2114 2427 2169 Et
2453 2115 2678 2186 amplius
2702 2132 2804 2169 non
2827 2115 3089 2169 audebant
3113 2131 3229 2168 eum
3256 2116 3581 2185 interrogare

1981 2209 2286 2280 quidquam.
2314 2208 2591 2280 Principes
2617 2209 2958 2263 sacerdotum
2990 2207 3272 2262 Sadducazi
3303 2216 3356 2261 et
3384 2208 3580 2263 scriba:

1981 2310 2286 2371 quzerenles
2313 2302 2656 2357 occasionem
2690 2301 2973 2355 calumniae
3013 2311 3067 2355 et
3094 2300 3313 2355 verbum
3359 2300 3576 2369 aliquod

1982 2395 2226 2450 invenire
2270 2397 2414 2464 quod
2458 2401 2669 2463 pateret
2700 2393 2910 2447 insidiis
2942 2411 2953 2445 :
2995 2393 3119 2461 quia
3151 2393 3204 2446 in
3235 2393 3576 2447 sermonibus

1982 2487 2241 2542 confutati
2267 2494 2410 2551 sunt,
2438 2486 2575 2540 ultra
2601 2500 2706 2540 non
2734 2486 3090 2555 interrogant,
3116 2484 3577 2553 sedapcrtissime

1981 2582 2429 2650 comprehensum
2463 2579 2721 2634 Romana:
2771 2580 3001 2632 tradunt
3031 2578 3306 2648 potestati,
3354 2594 3419 2632 ex
3469 2593 3582 2647 quo

1981 2670 2328 2738 intelligimus
2349 2685 2559 2725 venena
2588 2669 2803 2723 invidia:
2830 2683 2987 2738 posse
3032 2669 3247 2737 quidem
3294 2669 3575 2737 superari,

1981 2761 2073 2815 sed
2104 2759 2317 2815 diliicile
2341 2758 2745 2829 conquiescere.
2774 2757 2925 2812 Unde
2953 2758 3211 2827 scriptum
3242 2765 3346 2819 est,
3374 2773 3466 2827 per
3495 2758 3573 2810 iu-

1980 2852 2171 2906 vidiam
2202 2850 2398 2904 diaboli
2422 2868 2563 2904 mors
2592 2849 2822 2903 introivit
2849 2850 2902 2903 in
2935 2849 3109 2902 orbem
3138 2858 3429 2902 terrarum:
3458 2848 3576 2901 imi-

1984 2951 2166 2998 tantur
2197 2951 2378 2996 autcm
2416 2956 2561 3005 eum,
2588 2942 2681 3012 qui
2721 2948 2848 2995 sunt
2875 2955 2939 2995 ex
2976 2946 3129 3009 parte
3157 2938 3298 3008 ejus,
3328 2954 3424 3009 per
3450 2939 3573 2993 cha-

1980 3035 2196 3088 ritatem
2232 3047 2360 3103 ergo
2392 3041 2445 3086 et
2474 3030 2905 3086 misericordiam
2941 3029 3238 3084 conditoris
3266 3029 3434 3083 nostri
3463 3026 3574 3081 col-

1980 3126 2087 3180 lata
2115 3134 2199 3180 est
2234 3125 2388 3179 nobis
2426 3123 2571 3179 salus
2619 3131 2819 3178 interna
2851 3131 2905 3176 et
2953 3122 3060 3175 vita
3104 3132 3382 3191 perpetua,
3420 3118 3575 3187 cujus

1979 3218 2250 3273 mandatis
2275 3216 2321 3272 si
2355 3217 2461 3270 rite
2498 3216 2864 3269 obedierimus
2892 3222 3147 3267 aeternam
3176 3212 3339 3266 vitam
3372 3210 3427 3265 in
3457 3225 3570 3265 cae-

1978 3308 2098 3363 lesti
2148 3320 2313 3377 regno
2357 3304 2724 3376 percipiemus
2766 3311 3059 3374 prmstante
3112 3302 3338 3356 Domino
3384 3309 3571 3356 nostro

1975 3396 2102 3453 Jesu
2130 3396 2369 3461 Christo,
2396 3396 2488 3465 qui
2518 3396 2649 3450 vivit
2673 3402 2729 3449 et
2756 3405 2949 3463 regnat
2991 3409 3113 3448 eum
3158 3391 3319 3446 Patre
3364 3393 3418 3445 in
3447 3392 3569 3445 uni-

1975 3496 2089 3544 tate
2121 3487 2356 3558 Spiritus
2391 3484 2586 3548 sancti,
2621 3498 2722 3555 per
2765 3485 2945 3540 omnia
2994 3483 3188 3539 smcula
3226 3482 3546 3538 smculorum

2164 3557 2178 3558 κ
2190 3557 2225 3576 ι

1978 3580 2170 3635 Amen.

2500 3668 2781 3725 HOMILIA
2823 3667 3016 3722 LXXV

2650 3777 2809 3816 FERIA
2843 3777 2892 3814 ν.

2133 3857 2319 3912 Lectio
2348 3855 2517 3910 sancti
2550 3852 2823 3924 Evangelii
2852 3852 3145 3908 secundum
3170 3848 3393 3905 Lucam.

2047 3948 2111 4002 In
2158 3947 2249 4001 illo
2295 3957 2521 4017 tempore
2565 3945 2697 4000 dixit
2743 3943 2899 3999 Iesus
2944 3942 3213 4013 discipulis
3253 3940 3564 3997 suis:Cum

1974 4051 2148 4094 autem
2176 4038 2418 4093 inducent
2463 4054 2549 4091 vos
2595 4037 2649 4090 in
2686 4052 2997 4107 synagogas,
3041 4044 3087 4089 et
3127 4035 3197 4088 ad
3226 4034 3574 4104 magistratus

1973 4140 2023 4186 et
2067 4140 2365 4201 potestates,
2406 4127 2564 4182 nolite
2613 4127 2824 4182 solliciti
2873 4143 2985 4181 esse
3026 4126 3254 4197 qualiter
3297 4134 3388 4179 aut
3436 4124 3571 4195 quid

1974 4221 2359 4294 respondeatis,
2400 4228 2491 4273 aut
2539 4219 2665 4291 quid
2705 4220 2893 4273 dicatis
2926 4235 2944 4273 .'
2979 4217 3210 4288 Spiritus
3251 4217 3388 4271 enim
3434 4232 3563 4269 san-

1973 4327 2084 4370 ctus
2140 4312 2341 4367 docebit
2398 4326 2486 4365 vos
2539 4312 2593 4366 in
2654 4312 2768 4381 ipsa
2825 4311 2955 4364 hora
3006 4325 3124 4379 qua:
3192 4316 3422 4377 oporteat
3477 4306 3567 4358 di:

1973 4421 2111 4469 cere,
2132 4411 2237 4458 etc.

2041 4495 2176 4550 Cum
2205 4511 2334 4567 ergo
2363 4503 2585 4566 propter
2607 4492 2882 4547 Christum
2930 4489 3179 4545 ducimur
3222 4486 3288 4542 ad
3324 4484 3570 4557 iudices,

1970 4586 2300 4642 voluntatem
2346 4595 2551 4640 tantum
2603 4590 2842 4637 nostram
2890 4593 2991 4650 pro
3037 4576 3253 4633 Christo
3301 4577 3574 4632 debemus

1968 4677 2194 4742 offerre;
2241 4686 2493 4732 caeterum
2525 4675 2638 4744 ipse
2666 4672 2914 4728 Christus
2952 4669 3046 4740 qui
3080 4670 3133 4723 in
3168 4667 3323 4724 nobis
3350 4666 3571 4723 habitat

1971 4770 2210 4840 loquitur
2234 4783 2332 4840 pro
2359 4783 2436 4833 se,
2467 4775 2521 4821 et
2549 4765 2783 4835 Spiritus
2815 4773 3039 4819 sanctus
3079 4762 3134 4817 in
3181 4761 3572 4832 respondendo!

1970 4863 2199 4933 gratiam
2228 4859 2582 4916 ministrabit.

2041 4954 2126 5007 Ait
2156 4962 2329 5006 autem
2365 4953 2413 5005 ei
2434 4950 2645 5022 quidam
2674 4949 2738 5003 de
2768 4951 2953 5004 turba:
2982 4947 3254 5020 Magister,
3282 4946 3366 5001 dic
3396 4945 3569 5017 [Γαινὲ

1969 5058 2080 5095 meo
2118 5050 2174 5094 ut
2201 5040 2397 5094 dividat
2432 5055 2641 5094 mecum
2662 5039 3036 5093 Iucreditatem.
3065 5038 3130 5092 At
3164 5038 3252 5094 ille
3280 5038 3415 5093 dixit
3452 5037 3501 5092 ei
3534 5050 3567 5090 τ’

1971 5132 2021 5188 Π
2026 5151 2162 5200 ωηο,
2185 5135 2300 5205 quis
2329 5150 2409 5187 me
2434 5132 2698 5186 constituit
2720 5132 2956 5201 judicem
2981 5142 3070 5186 aut
3097 5132 3373 5186 divisorem
3393 5146 3570 5202 supra'

1969 5242 2056 5279 vos
2072 5219 2108 5278 7³
2118 5224 2308 5280 Merito
2332 5222 2595 5277 refutatur
2615 5222 2703 5276 hic
2726 5220 2892 5276 frater
2911 5223 3001 5291 qui
3028 5223 3286 5291 magistro
3308 5237 3559 5292 superam

1969 5315 2115 5385 pacis
2163 5314 2494 5383 uni-talisque
2536 5312 2729 5383 gaudia
2770 5312 3177 5367 commendantis
3215 5322 3384 5368 terrze'
3413 5308 3555 5367 divi-

1967 5403 2134 5458 sionis
2160 5402 2275 5456 vult
2320 5403 2562 5473 ingerere
2599 5402 2924 5467 molestiam,
2956 5403 3150 5457 merito
3184 5402 3418 5457 hominis
3455 5416 3554 5454 vo-

1965 5491 2156 5547 cabulo
2181 5500 2417 5545 notatur.
2447 5490 2522 5546 Cn
2549 5510 2576 5543 ιι
2604 5492 2747 5545 enim
2778 5492 2849 5545 sit
2872 5494 3011 5547 inter
3036 5508 3130 5546 vos
3156 5493 3300 5547 zelus
3327 5501 3382 5547 et
3411 5507 3548 5545 con-

1965 5583 2150 5646 tentio,
2199 5596 2376 5635 nonne
2418 5581 2665 5636 carnales
2699 5583 2853 5646 estis,
2885 5599 3063 5638 nonne
3102 5583 3346 5637 homines
3391 5584 3559 5647 estis,

1962 5681 2017 5726 et
2045 5672 2337 5727 secundum
2368 5672 2637 5727 hominem
2684 5673 3005 5728 ambulatis?
3040 5671 3312 5743 Negatque
3349 5688 3407 5729 se
3441 5676 3546 5731 Do-
