3962 6180
384 229 483 286 291

1020 216 1079 274 B.
1123 217 1374 272 RABANI
1416 212 1633 271 MAUM
1670 208 1984 265 ARCHIEP.
2029 206 2337 263 MOGUNT.
2379 204 2661 262 OPERUM
2701 201 2879 259 PARS
2918 203 2979 257 ll.
3535 204 3641 259 2:):

386 338 564 392 minus
590 330 866 388 hominum
892 341 1012 383 esse
1057 326 1344 380 divisorem
1362 364 1376 387 ,
1418 323 1485 375 ad
1515 335 1650 391 quos
1677 328 1733 373 et
1778 332 1961 372 secum
1989 323 2040 380 Α
2062 316 2163 385 ﬁlii
2189 316 2321 369 lucis
2348 316 2493 381 estis,
2516 326 2564 369 et
2593 314 2693 384 ﬁlii
2718 315 2856 378 dici;
2900 331 3004 371 non
3047 332 3233 373 sumus
3261 322 3434 374 noctis
3469 333 3645 388 neque

384 435 439 480 et
480 438 604 479 cum
634 417 838 492 angelis
881 413 1242 486 pacificandos
1270 418 1510 465 venerat.
1544 407 1667 462 Non
1705 408 1842 461 enim
1886 418 1959 460 est

384 524 524 577 Deus
536 517 872 575 dissensionis
888 514 980 568 sed
992 512 1137 583 pacis
1164 518 1214 563 et
1228 505 1619 560 multitudinem
1636 499 1955 553 credentium

381 623 496 669 erat
518 630 609 664 cor
622 626 785 664 unum
809 618 859 661 et
886 607 1067 659 anima
1084 616 1321 665 una,nee
1342 597 1622 667 quisquam
1646 606 1957 657 earumque:

384 691 714 761 possidebant
743 682 942 754 aliquid
980 696 1134 735 suum
1162 695 1271 733 esse
1296 677 1520 742 dicebat,
1547 678 1638 730 sed
1666 685 1813 728 erant
1856 674 1962 728 illis

385 781 557 833 omnia
604 774 919 830 communia.
950 770 1108 825 Solus
1156 778 1337 823 autem
1382 766 1735 821 fraternitatis
1764 766 1964 821 divisor

383 878 439 922 et
463 878 652 921 auctor
680 863 1004 920 dissentivus
1030 869 1117 916 est
1162 860 1272 925 ille,
1302 859 1368 913 de
1397 873 1505 927 quo
1537 872 1697 928 supra
1745 856 1957 921 dicitur,

382 958 470 1028 qni
492 973 595 1010 non
621 955 815 1025 colligit
842 968 1039 1007 mecum
1064 951 1345 1020 dispergit;
1372 958 1426 1004 et
1448 950 1515 1003 de
1542 950 1799 1004 membris
1822 948 1958 1003 illis:

390 1045 551 1100 ()ntne
579 1060 791 1113 regnum
816 1044 873 1095 in
908 1058 963 1095 se
990 1041 1100 1111 ipso
1126 1039 1347 1093 divisum
1384 1038 1675 1105 desolatur,
1697 1049 1745 1093 et
1774 1039 1960 1093 domus

383 1150 540 1204 supra
572 1134 785 1186 domum
819 1130 981 1185 cadit.

451 1227 699 1294 Dixitque
727 1224 795 1277 ad
820 1222 937 1276 illos
966 1236 984 1273 :
1026 1220 1222 1286 Videte,
1253 1232 1300 1275 et
1330 1231 1500 1275 cavete
1529 1220 1594 1275 ab
1626 1222 1766 1274 omni
1791 1220 1962 1274 avari-

382 1322 479 1383 tia,
508 1320 632 1390 quia
663 1334 765 1372 non
795 1318 849 1371 in
883 1315 1206 1369 abundantia
1243 1313 1555 1384 cujusquam
1581 1314 1683 1368 vita
1712 1314 1827 1383 ejus
1862 1323 1958 1377 est,

381 1427 445 1463 ex
471 1410 552 1463 his
591 1402 708 1477 quae
734 1407 982 1477 possidet.
1012 1405 1164 1459 Sicut
1197 1420 1356 1473 supra
1388 1404 1643 1458 Dominus
1675 1404 1959 1458 adversum

382 1500 721 1568 blasphemos
748 1506 803 1553 et
830 1496 1137 1566 hypocritas
1178 1495 1345 1549 multa
1375 1494 1712 1558 dixerat,-sic
1740 1504 1794 1547 et
1834 1493 1960 1547 hinc

380 1592 664 1648 occasione
711 1588 870 1659 hujus
916 1587 1064 1644 stulti
1110 1587 1379 1657 petitoris,
1421 1586 1678 1641 adversus
1718 1585 1957 1639 avaritiae

379 1693 584 1753 pestem
623 1698 727 1750 qua
771 1680 1014 1750 plerique
1061 1678 1369 1732 mortalium
1412 1678 1653 1747 satisque
1693 1692 1962 1747 superque

379 1771 625 1826 laborant
647 1779 705 1825 et
738 1770 926 1825 turbas
953 1778 1010 1821 et
1035 1765 1326 1836 discipulos
1351 1766 1634 1837 praeceptis
1672 1765 1877 1835 pariter
1906 1773 1961 1819 et

377 1860 637 1930 exemplis
680 1859 895 1913 munire
939 1856 1154 1927 satagit.
1200 1856 1263 1910 Et
1314 1856 1610 1910 notandum
1659 1854 1803 1924 quod
1852 1869 1961 1909 non

379 1950 475 2014 ait,
510 1958 682 2002 cavete
709 1947 773 2000 ab
818 1947 1068 2008 avaritia,
1110 1947 1206 1999 sed
1247 1943 1509 2012 atljunxit,
1537 1944 1601 1996 ab
1638 1946 1800 2009 omni,
1833 1944 1960 2014 quia

379 2035 633 2091 nonnulla
675 2035 994 2104 simpliciter
1036 2034 1344 2088 hominibus
1382 2032 1497 2104 geri
1546 2033 1818 2099 videntur,
1866 2035 1961 2090 sed

378 2128 625 2181 internus
644 2125 847 2180 arbiter
869 2140 975 2195 qua
1005 2124 1304 2179 intentione
1324 2123 1457 2177 tiant
1481 2124 1573 2192 qui
1596 2124 1788 2189 cernit,
1811 2123 1957 2192 judi-

378 2225 487 2270 cat.
512 2214 644 2282 Quis
664 2215 809 2270 enim
830 2229 952 2269 cum
975 2212 1143 2268 fratre
1166 2214 1535 2268 haereditatem
1557 2213 1799 2270 dividens
1813 2213 1961 2270 adul-

380 2316 463 2363 tos
505 2323 637 2379 agro
672 2307 893 2378 proprio
920 2306 1130 2362 fruetus
1158 2308 1212 2361 in
1243 2308 1442 2362 horrea
1480 2307 1698 2363 recondi
1733 2324 1831 2379 pro
1855 2310 1957 2364 cri-

376 2401 523 2457 mine
547 2402 859 2472 deputaret?
882 2401 977 2458 sed
1008 2401 1124 2473 ipse
1146 2410 1231 2457 est
1252 2402 1406 2459 testis
1426 2402 1592 2474 iudex
1612 2411 1672 2458 ut
1699 2403 1957 2472 scriptum

376 2498 480 2545 est.
748 2484 753 2489 ’

446 2577 690 2633 Hominis
713 2581 993 2650 cujusdam
1026 2581 1201 2635 divitis
1226 2581 1407 2635 uberes
1433 2580 1637 2651 fructus
1667 2599 1792 2653 ager
1820 2592 1957 2637 attu-

373 2668 471 2722 lit:
500 2680 547 2723 et
588 2671 845 2741 cogitabat
874 2672 1011 2725 intra
1041 2688 1095 2726 se
1127 2672 1304 2726 dicens
1330 2686 1347 2723 :
1381 2671 1521 2738 Quid
1553 2672 1772 2741 faciam,
1818 2676 1957 2745 quod

374 2780 477 2817 non
501 2764 663 2818 habeo
685 2780 787 2835 quo
809 2780 1109 2836 congregem
1134 2766 1337 2834 fructus
1361 2766 1539 2819 meos?
1558 2765 1625 2818 Et
1650 2766 1819 2820 dixit:
1841 2765 1957 2821 Hoc

372 2856 567 2925 faciam
598 2871 618 2911 :
643 2856 908 2909 destruam
936 2857 1125 2910 horrea
1167 2873 1282 2910 mea
1310 2867 1356 2911 et
1404 2857 1610 2926 majora
1641 2856 1871 2925 faciam,
1908 2868 1955 2912 et

373 2945 499 3000 illuc
543 2945 864 3017 congregabo
893 2947 1069 3000 omnia
1099 2963 1217 3018 quae
1260 2956 1386 3001 nata
1416 2956 1535 3000 sunt
1577 2948 1702 3000 mihi
1726 2957 1774 3001 et
1819 2947 1955 3003 bona

2065 405 2429 472 tenebrarum,
2459 404 2575 458 dies
2606 404 2750 458 enim
2780 404 2959 457 exitus
2987 411 3241 474 tanquam
3268 403 3357 459 fur
3402 406 3455 460 in
3487 416 3648 464 nocte

2063 494 2506 565 comprehendit:
2538 494 2751 563 quando
2778 493 3064 549 stultorum
3091 494 3301 549 animas
3326 494 3506 551 futura
3538 513 3646 553 nor.

2061 584 2499 651 praemeditantes
2523 583 2687 654 ejicit.

2133 673 2224 729 Sic
2248 681 2324 727 est
2347 673 2435 744 qui
2464 673 2563 727 sibi
2588 674 2929 738 thesaurizat,
2957 682 3005 728 et
3036 690 3139 728 non
3164 685 3237 728 est
3273 675 3328 728 in
3358 675 3523 730 Deum
3568 677 3651 730 di-

2064 781 2163 819 ves.
2194 763 2404 819 Stultus
2431 773 2534 830 est,
2559 774 2616 819 et
2643 766 2699 820 in
2732 777 2890 821 nocte
2919 767 3232 836 rapiendas,
3261 782 3392 839 ergo
3415 770 3506 839 qui
3534 770 3652 825 vult

2062 870 2181 910 esse
2212 856 2265 909 in
2293 855 2461 911 Deum
2488 855 2658 922 dives,
2685 873 2790 911 non
2817 856 2920 911 sibi
2955 858 3304 923 tbesaurizet,
3329 861 3423 914 sed
3455 875 3630 930 paupe

2063 947 2211 1000 ribus
2239 961 2486 1015 possessa
2530 947 2839 1002 distribuat.
2878 946 2971 1002 Sic
2996 949 3138 1002 enim
3168 951 3385 1020 sapiens
3410 960 3465 1006 et
3508 950 3655 1007 ﬁlius

2064 1037 2199 1092 lucis
2239 1052 2360 1092 esse
2401 1038 2715 1093 merebitur.
2749 1035 2901 1095 Unde
2930 1037 3067 1095 bene
3095 1040 3383 1097 Psalmista
3425 1058 3548 1099 cum
3583 1044 3655 1099 de

2063 1142 2225 1182 avaro
2250 1126 2486 1204 quolibet
2511 1129 2675 1184 divite
2703 1128 3071 1199 praemisisset,
3099 1130 3204 1187 Sed
3226 1141 3280 1186 et
3308 1131 3507 1190 frustra
3530 1151 3658 1192 con-

2065 1218 2331 1283 turbatur,
2372 1220 2718 1280 thesaurizat.
2760 1229 2813 1276 et
2841 1222 3053 1292 ignorat
3074 1221 3158 1277 cui
3195 1225 3651 1297 congregabitea,

2064 1323 2187 1362 mox
2215 1308 2303 1363 ubi
2344 1310 2524 1365 cordis
2554 1310 2639 1364 sui
2669 1311 2983 1365 thesaurum
3020 1312 3275 1379 locasset,
3305 1316 3545 1384 aperuit,
3576 1316 3657 1372 di-

2062 1415 2192 1453 cens
2210 1417 2221 1451 :
2243 1399 2307 1452 Et
2325 1416 2461 1454 nunc
2474 1418 2590 1472 qua:
2603 1411 2675 1454 est
2692 1403 3005 1472 exspectatio
3021 1420 3134 1457 mea
3151 1404 3176 1456 ?
3187 1421 3357 1460 nonne
3369 1406 3660 1464 Dominus."

2062 1500 2109 1543 et
2142 1489 2433 1544 substantia
2480 1508 2594 1545 mea
2620 1492 2761 1561 apud
2798 1502 2848 1546 te
2871 1504 2964 1546 est.
2993 1493 3085 1548 llla
3120 1497 3316 1568 quippe
3349 1499 3655 1556 substantia

2063 1581 2203 1651 apud
2227 1581 2395 1636 Deum
2420 1590 2503 1637 est
2526 1598 2647 1652 quae
2671 1584 2810 1639 bono
2838 1586 3018 1640 animo
3041 1594 3096 1640 et
3120 1588 3285 1643 corde
3310 1587 3497 1645 humili
3526 1608 3659 1662 pau-

1992 1660 2037 1719 B
2065 1671 2285 1741 peribus
2321 1680 2377 1727 et
2420 1673 2704 1745 egentibus
2747 1690 2778 1728 a
2834 1676 3079 1731 ﬁdelibus
3125 1678 3489 1746 distribuitur,
3523 1660 3656 1753 quia

2063 1761 2171 1816 illis
2198 1777 2404 1817 merces
2431 1771 2657 1830 interna,
2685 1763 2740 1819 in
2770 1780 2937 1836 regno
2958 1766 3164 1821 caelesti
3192 1785 3292 1838 pro
3316 1771 3420 1825 hoc
3449 1787 3660 1827 recom-

2061 1852 2381 1920 pensabitur
2427 1869 2459 1907 a
2497 1850 2679 1921 judice
2731 1853 2975 1909 vivorum
3028 1864 3084 1910 et
3138 1866 3476 1914 mortuorum
3522 1859 3658 1918 Jcsu

2062 1941 2279 1997 Christo
2306 1944 2531 2000 Domino
2560 1952 2765 2009 nostro,
2796 1946 2887 2015 qui
2919 1947 3107 2002 reddet
3134 1949 3423 2020 unicuique
3458 1966 3660 2007 secun-

2062 2033 2189 2087 dum
2234 2048 2397 2105 opera
2441 2051 2557 2101 sua,
2607 2036 2764 2090 bonis
2791 2038 3015 2106 przemia
3045 2039 3170 2094 vita:
3212 2049 3450 2107 aeternae,
3494 2045 3661 2100 malis

2061 2139 2277 2196 pmnam
2306 2138 2641 2198 perpetuam.
2669 2128 2775 2199 Ipsi
2802 2130 2976 2185 honor
3010 2131 3178 2201 gloria
3220 2133 3275 2189 in
3318 2136 3513 2190 saecula
3556 2154 3662 2193 sa:-

2063 2217 2261 2273 lorum.
2289 2218 2484 2275 Amen.

2575 2310 2858 2369 HOMILIA
2896 2314 3131 2372 LXXVI.

2399 2417 2653 2457 DOMINICA
2681 2420 2718 2458 ll
2751 2420 2880 2460 POS‘I‘
2915 2422 3315 2462 PENTECOSTEN.

2319 2487 2506 2545 Lectio
2533 2492 2785 2562 Epistula:
2809 2494 2867 2547 Β.
2897 2492 3120 2550 Joannis
3145 2498 3395 2567 apostoli.

2132 2581 2469 2647 Chamsime,
2498 2582 2637 2637 Deus
2660 2584 2890 2639 cltaritas
2915 2596 3011 2639 est.
3043 2586 3110 2640 In
3131 2588 3228 2641 hoc
3258 2590 3501 2660 apparuit
3528 2591 3659 2644 clm-

2058 2673 2189 2725 ritas
2218 2672 2313 2727 Dei
2353 2675 2407 2727 in
2435 2673 2580 2728 nobis
2607 2676 2854 2745 quoniam
2882 2674 3081 2730 Filium
3126 2696 3280 2732 suum
3326 2681 3656 2749 unigenitum

2058 2762 2198 2818 misit
2230 2763 2369 2820 Deus
2394 2766 2449 2819 in
2475 2749 2748 2832 mundum,
2777 2776 2833 2821 ut
2858 2768 3090 2822 vivamus
3111 2786 3204 2839 per
3228 2787 3366 2834 enm,
3395 2780 3501 2825 etc.

2129 2853 2335 2910 latente
2365 2864 2577 2926 oportet
2606 2854 2814 2921 audire,
2846 2855 3041 2910 fratres
3073 2858 3401 2923 charissimi,
3426 2860 3660 2930 diligen-

2060 2954 2249 3016 terque
2297 2948 2573 3004 memoriae
2618 2949 3016 3014 commendare,
3079 2949 3240 3003 simul
3294 2959 3349 3005 et
3392 2952 3658 3020 operibus

372 3051 508 3090 mea.
534 3005 667 3090 Non.
695 3005 757 3089 ixi
787 3051 853 3090 eo
881 3005 1294 3105 reprehehditur
1335 3036 1436 3092 iste
1461 3035 1630 3102 dives,
1668 3036 1810 3107 quod
1848 3046 1956 3092 ter—
1982 3005 2030 3067 Ο
2058 3005 2374 3107 adimplere,
2399 3038 2543 3107 quod
2569 3038 2726 3093 nobis
2747 3037 2983 3094 Joannes
3009 3038 3283 3109 apostolus
3314 3039 3367 3093 in
3394 3005 3660 3111 piat-senti

374 3139 490 3178 ram
531 3123 774 3189 coluerit,
803 3132 1062 3193 natosque
1098 3141 1165 3178 ex
1194 3140 1257 3180 ea
1303 3123 1511 3179 fructus
1540 3126 1595 3179 in
1623 3126 1817 3181 horrea
1846 3127 1957 3181 col-

373 3216 586 3286 legerit,
610 3218 705 3271 sed
746 3217 891 3287 quod
923 3232 1136 3272 omnem
1167 3218 1289 3274 vita:
1314 3234 1425 3273 sua:
1458 3218 1707 3274 ﬁduciam
1751 3220 1804 3274 in
1842 3222 1954 3292 ipsa

374 3305 700 3362 abundantia
730 3323 910 3363 rerum
933 3310 1193 3378 posuerit,
1240 3308 1556 3382 fructusque
1581 3327 1716 3381 quos
1743 3314 1956 3369 uberio-

372 3412 461 3453 res
484 3399 642 3454 solito
671 3408 814 3453 terra
849 3400 1165 3471 protulerat,
1192 3418 1320 3458 suos
1346 3402 1571 3469 fructus,
1600 3413 1659 3459 et
1692 3421 1787 3460 sua
1813 3406 1953 3460 bona

372 3501 711 3560 computans,
762 3508 869 3547 non
917 3496 1244 3564 pauperibus
1283 3505 1551 3567 erogaret,
1599 3495 1754 3565 juxta
1788 3499 1955 3568 impe-

371 3584 512 3638 rium
543 3583 755 3639 Domini
785 3584 1033 3652 dicentis,
1073 3586 1213 3656 quod
1251 3596 1482 3656 superest
1528 3586 1649 3640 date
1677 3586 1955 3658 eleemosy-

371 3690 493 3728 nam
516 3675 661 3730 :sed
691 3674 848 3730 factis
884 3676 1239 3745 receptaculis
1267 3674 1561 3744 majoribus
1591 3692 1703 3732 sua:
1729 3677 1785 3731 in
1817 3677 1956 3731 futu-

371 3781 494 3820 rum
523 3765 747 3820 luxuriae
772 3781 1049 3822 reservare
1070 3767 1353 3822 studuerit.

441 3857 653 3921 Anima,
686 3857 957 3925 inquiens,
982 3857 1138 3911 habes
1161 3857 1324 3911 multa
1348 3859 1482 3912 bona
1506 3859 1678 3929 posita
1708 3859 1761 3912 in
1790 3875 1953 3913 annos

369 3946 621 4017 plurimos
643 3963 661 4000 :
687 3948 965 4016 requiesce,
990 3948 1216 4013 comede,
1242 3947 1374 4013 bibe,
1397 3950 1627 4019 epulare.
1655 3948 1750 4004 Cui
1780 3950 1953 4005 simile

372 4040 428 4093 in
474 4039 854 4094 Ecclesiastieo
900 4039 1115 4109 legitur,
1162 4048 1236 4093 est
1284 4040 1374 4109 qui
1418 4039 1764 4110 locupletatur
1798 4057 1955 4111 parce

371 4132 597 4205 agendo,
631 4144 679 4187 et
716 4142 790 4187 est
829 4149 953 4204 pars
1006 4133 1252 4186 mercedis
1286 4131 1428 4185 illius
1459 4132 1512 4185 in
1542 4148 1601 4203 eo
1630 4131 1768 4202 quod
1804 4132 1952 4197 dicit,

370 4225 539 4279 inveni
584 4224 809 4295 requiem
863 4222 1019 4288 mihi,
1054 4231 1100 4276 et
1142 4238 1279 4275 nunc
1325 4220 1651 4275 manducabo
1694 4221 1758 4275 de
1811 4221 1955 4276 bonis

2056 3126 2213 3183 dacet
2235 3127 2460 3183 lectione
2485 3129 2668 3184 dicens
2694 3148 2707 3183 :
2733 3129 2875 3185 Deus
2899 3131 3129 3185 Charitas
3151 3142 3260 3198 est;
3289 3133 3530 3188 Charitas
3557 3148 3663 3188 an-

2057 3226 2166 3273 tem
2206 3218 2426 3274 dilectio
2456 3228 2541 3274 est
2582 3235 2717 3290 pura
2743 3228 2798 3275 et
2839 3220 3207 3288 immaculata,
3240 3236 3373 3293 pura
3401 3223 3470 3277 ab
3497 3225 3656 3279 omni

2054 3307 2174 3364 labe
2204 3310 2429 3379 peccati,
2480 3325 2614 3379 pura
2659 3324 2690 3364 a
2735 3311 3060 3381 cogitatione
3101 3324 3376 3382 perversa,
3403 3326 3539 3382 pura
3579 3315 3659 3368 ab

2054 3400 2227 3455 otiosa
2262 3408 2315 3456 et
2346 3400 2521 3455 inutili
2565 3399 2798 3469 loquela,
2830 3414 2967 3469 pura
2997 3401 3066 3454 ab
3106 3402 3251 3455 omni
3290 3417 3454 3472 opere
3482 3403 3651 3465 malo,

2051 3498 2189 3561 pura
2231 3494 2299 3546 ab
2336 3492 2482 3547 omni
2514 3491 2953 3561 concupiscentia
2990 3492 3150 3557 mala,
3179 3500 3235 3546 et
3259 3492 3328 3546 ab
3357 3492 3501 3547 omni
3533 3509 3657 3547 ma-

2052 3582 2167 3638 litia
2195 3598 2348 3653 pura,
2380 3582 2703 3655 [charitatis]
2731 3593 2913 3639 castus
2942 3599 3117 3651 amor,
3153 3585 3367 3640 dilectio
3409 3586 3653 3653 sincera,

2053 3674 2269 3729 dilectio
2297 3689 2446 3740 vera,
2480 3674 2651 3730 fidelis
2700 3690 2854 3730 amor
2880 3676 2973 3746 qui
3003 3676 3175 3731 nutrit
3219 3691 3378 3733 omne
3420 3679 3652 3746 bonum,

2052 3774 2226 3830 amor,
2253 3764 2344 3834 qui
2372 3763 2507 3835 fugit
2530 3774 2584 3819 et
2608 3765 2721 3820 o:lit
2749 3780 2908 3821 omne
2941 3766 3160 3832 malum,
3195 3780 3347 3821 amor
3376 3768 3494 3822 sine
3534 3783 3656 3838 quo

2052 3855 2185 3909 nihil
2215 3864 2300 3911 est
2328 3856 2554 3923 bonum,
2581 3870 2734 3910 amor
2763 3872 2793 3911 a
2822 3871 2931 3926 quo
2958 3858 3202 3927 procedit
3229 3872 3389 3912 omne
3421 3859 3648 3913 bonum.

2052 3947 2206 4003 llunc
2245 3948 2337 4018 qui
2391 3947 2555 4003 habet
2605 3964 2766 4004 omne
2803 3949 3005 4004 bonum
3056 3950 3249 4015 habet,
3294 3951 3420 4020 quia
3469 3950 3654 4019 ipsum

2053 4038 2223 4095 Deum
2259 4038 2442 4105 habet,
2476 4040 2603 4109 quia
2630 4038 2773 4093 Deus
2799 4039 3029 4093 charitas
3058 4048 3153 4093 est.
3180 4038 3247 4093 In
3274 4041 3371 4093 hoc
3401 4042 3651 4110 apparuit

2054 4128 2282 4183 Charitas
2311 4129 2408 4183 Dei
2449 4129 2504 4183 in
2544 4130 2689 4184 nobis
2724 4146 2742 4183 :
2785 4131 3033 4201 quoniam
3068 4130 3239 4199 [ilium
3269 4146 3423 4184 suum
3472 4132 3650 4201 unige-

2056 4218 2218 4270 nitum
2250 4218 2390 4271 misit
2425 4216 2567 4271 Deus
2608 4219 2661 4272 in
2696 4219 2983 4285 mundum,
3025 4227 3081 4271 ut
3112 4219 3342 4273 vivamus
3369 4236 3463 4290 per
3502 4236 3651 4276 eum.

372 4316 497 4370 meis
522 4313 688 4379 solus,
716 4323 763 4368 et
793 4312 947 4368 nescit
978 4314 1117 4384 quod
1143 4323 1342 4383 tempus
1377 4322 1649 4382 prwtereat
1698 4322 1747 4366 et
1797 4312 1955 4366 relin-
1979 4349 2032 4407 Β
2055 4308 2111 4362 !n
2149 4308 2251 4362 hoc
2288 4310 2547 4377 probatur
2574 4309 2812 4363 Charitas
2846 4308 2942 4363 Dei
2994 4308 3173 4363 Patris
3202 4310 3257 4363 in
3303 4310 3461 4365 nobis
3504 4325 3650 4370 esse,

369 4416 494 4475 quat
517 4407 692 4460 omnia
719 4405 859 4460 aliis.

448 4497 587 4555 Dixit
625 4507 800 4551 autem
828 4497 907 4551 illi
936 4496 1237 4552 Dominus:
1268 4495 1461 4562 Stulte,
1503 4498 1601 4551 hac
1642 4507 1790 4552 nocte
1835 4501 1953 4552 ani-

371 4605 512 4646 mam
544 4598 690 4642 tuam
733 4599 956 4659 repetent
998 4607 1031 4643 a
1068 4600 1117 4644 te
1140 4604 1158 4641 :
1189 4606 1305 4661 qua:
1351 4600 1522 4643 autem
1566 4589 1769 4659 parasti
1803 4592 1954 4661 cujus

369 4680 564 4736 erant?
587 4679 688 4746 Qui
716 4680 881 4733 multa
919 4680 1015 4735 tibi
1043 4681 1353 4736 deliciarum
1387 4691 1627 4751 tempora
1656 4680 1854 4737 stultus
1899 4681 1953 4736 in

370 4772 483 4828 vita
508 4771 875 4842 promittebas,
914 4773 1158 4842 proxima
1198 4775 1300 4827 hac
1345 4783 1502 4829 nocte
1537 4783 1712 4829 morte
1758 4789 1952 4844 praere-

373 4876 497 4936 ptus
540 4865 661 4920 aliis
701 4873 1024 4936 congregata
1055 4865 1343 4934 relinques.
1377 4865 1504 4920 Haec
1532 4867 1644 4921 Deo
1674 4867 1741 4920 ad
1773 4866 1951 4919 homi-

373 4968 497 5008 nem
542 4953 741 5018 dicere,
793 4962 877 5008 est
916 4969 1110 5023 pravas
1151 4954 1268 5024 ejus
1312 4954 1735 5010 machinationes
1775 4948 1952 5009 subita

374 5042 839 5097 animadversione
865 5056 1225 5111 compescere.
1259 5042 1453 5109 Aliter,
1481 5043 1534 5097 in
1565 5053 1724 5099 nocte
1770 5045 1951 5099 ablata

374 5142 457 5191 est
481 5133 660 5189 anima
706 5148 825 5201 qua‘.
870 5131 923 5186 in
973 5133 1302 5188 obscuritate
1329 5143 1413 5188 est
1442 5134 1619 5188 cordis
1646 5135 1862 5197 amissa,
1897 5135 1951 5188 in

373 5235 532 5284 nocte
556 5224 731 5280 ablata
774 5232 874 5287 est,
914 5238 1033 5293 quae
1060 5223 1507 5279 considerationis
1546 5222 1718 5278 lucem
1750 5225 1953 5279 habere

371 5318 563 5383 uoluit,
590 5325 650 5372 ut
674 5316 816 5386 quod
855 5323 1067 5386 poterat
1105 5316 1215 5386 pati
1260 5317 1597 5385 prmvideret.
1636 5314 1790 5371 Unde
1817 5318 1953 5373 bene

373 5408 650 5480 discipulis
694 5408 874 5463 futura
922 5408 1304 5479 cogitantibus,
1337 5409 1532 5463 Paulus
1573 5410 1848 5478 apostolus
1879 5411 1956 5465 di-

375 5499 485 5554 cit:
525 5496 626 5553 Vos
666 5509 860 5563 autem,
891 5498 1101 5568 fratres,
1132 5514 1232 5551 non
1260 5500 1382 5552 estis
1414 5500 1465 5553 in
1494 5500 1739 5563 tenebris,
1772 5511 1826 5552 ut
1868 5516 1952 5552 vos

377 5588 486 5642 dies
514 5590 603 5643 illa
630 5599 873 5658 tanquam
898 5588 986 5657 {ur
1017 5590 1411 5658 comprehendat
1438 5605 1454 5641 :
1483 5605 1656 5643 omnes
1686 5590 1820 5642 enim
1867 5606 1952 5641 vos

2057 4399 2183 4468 quia
2218 4400 2435 4454 unicum
2468 4397 2636 4453 lilium
2664 4414 2821 4455 suum
2868 4400 3016 4454 misit
3063 4401 3198 4455 mori
3231 4415 3330 4471 pro
3380 4402 3557 4456 nobis.
3589 4402 3653 4456 In

2056 4489 2157 4544 hoc
2199 4490 2457 4559 probatur
2508 4490 2712 4545 Christi
2761 4490 2880 4545 Filii
2929 4490 3023 4546 Dei
3076 4492 3314 4546 Charitas
3360 4492 3413 4545 in
3463 4494 3654 4555 nobis,

2056 4580 2180 4648 quia
2216 4588 2460 4635 mortuus
2495 4591 2579 4635 est
2608 4596 2706 4650 pro
2742 4581 2913 4644 nobis,
2954 4581 3133 4650 justus
3176 4597 3273 4651 pro
3318 4582 3561 4652 injustis,
3592 4594 3659 4637 ut

2047 4670 2427 4739 justificemur,
2470 4682 2525 4727 et
2571 4673 2717 4745 digni
2768 4672 2879 4729 Deo
2929 4690 3025 4745 per
3072 4689 3236 4743 Opera
3285 4674 3424 4729 bona
3467 4682 3523 4727 et
3559 4690 3659 4726 vn-

2056 4764 2317 4818 luntatem
2345 4777 2536 4833 puram
2563 4765 2617 4819 in
2650 4764 2893 4823 Domino.
2925 4765 2991 4819 Et
3036 4766 3108 4820 ita
3152 4779 3251 4835 pro
3278 4764 3506 4818 mortuis
3538 4780 3657 4818 mo—

2061 4856 2200 4911 ritur
2234 4864 2293 4910 ut
2333 4873 2431 4911 nos
2472 4857 2563 4927 qui
2611 4871 2829 4911 eramus
2875 4858 3072 4911 mortui
3109 4857 3161 4911 in
3199 4856 3458 4927 peccatis,
3488 4864 3546 4910 et
3594 4861 3655 4911 in

2060 4945 2269 5001 delictis
2298 4946 2489 5010 necati,
2521 4947 2590 5001 ab
2628 4946 2773 5000 omni
2818 4945 3073 4999 liberaret
3099 4955 3345 5016 peccato,
3376 4945 3658 5001 remissio-

2058 5054 2289 5109 nemque
2335 5039 2489 5093 nobis
2518 5038 2746 5093 donaret
2793 5038 3033 5092 onmium
3082 5038 3371 5092 criminum
3404 5049 3571 5109 atque
3618 5056 3656 5093 ει

2057 5141 2232 5187 morte
2277 5147 2374 5185 nos
2412 5141 2689 5185 revocaret
2718 5130 2785 5183 ad
2826 5130 3013 5182 vitam.
3060 5127 3219 5183 Salus
3265 5142 3363 5199 pro
3391 5128 3654 5197 inlirm's,

2057 5232 2300 5277 mortuus
2323 5230 2405 5276 est
2426 5219 2688 5284 Christus,
2717 5229 2776 5274 ut
2803 5220 2958 5276 nobis
2986 5219 3211 5275 salutem
3238 5221 3464 5275 donaret
3489 5230 3657 5275 aster-

2058 5326 2203 5366 nam.

2127 5402 2195 5458 In
2245 5403 2342 5458 hoc
2388 5415 2461 5458 est
2520 5404 2772 5469 Charitas,
2810 5419 2914 5455 non
2965 5404 3115 5474 quasi
3174 5417 3267 5455 nos
3306 5398 3655 5454 dilexerimns

2057 5493 2243 5559 Deum,
2274 5496 2364 5549 sed
2390 5497 2511 5566 quia
2538 5496 2645 5566 ipse
2671 5496 2816 5566 prior
2844 5494 3025 5548 dilexit
3067 5511 3158 5547 nos
3192 5504 3238 5547 et
3267 5492 3409 5546 misit
3439 5489 3490 5544 F
3492 5490 3656 5546 ilium

2054 5603 2204 5640 suum
2236 5587 2653 5659 propitiationem
2685 5603 2779 5657 pro
2822 5585 3043 5657 peccatis
3087 5584 3296 5639 nostris.
3324 5582 3501 5637 Nullis
3532 5593 3657 5637 cte-
