3962 6180
283 267 395 325 295

1390 266 1692 327 HOMILIA'I
1732 269 1798 323 IN
1840 269 2113 326 EVANGV
2139 270 2227 325 ET
2266 270 2479 328 EPIST.

3463 280 3572 336 29b

276 377 402 434 nim
430 378 642 434 meritis
676 379 960 434 hominum
999 379 1142 434 Deus
1166 377 1330 434 Pater
1372 378 1558 433 dilexit
1583 379 1832 434 homines
1864 397 1876 432 :
1911 385 1959 443 Α
1990 378 2217 434 Domino
2242 390 2429 435 nostro
2468 379 2597 437 Jesu
2632 382 2851 438 Christo
2896 386 2984 441 cui
3031 385 3105 443 sit
3130 384 3271 454 laus,
3310 388 3484 451 honor
3514 408 3571 453 et

277 470 382 524 sed
415 468 532 524 sola
557 477 771 524 tantum
799 468 1035 540 gratuita
1059 468 1438 523 misericordia
1465 484 1563 523 sua
1588 469 1641 522 in
1674 476 1883 522 tantum

280 560 475 615 dilexit
529 561 779 617 homines
829 570 888 616 ut
937 560 1157 615 unicum
1212 560 1383 614 ﬁlium
1435 575 1593 615 suum
1648 559 1886 613 mitteret

279 652 427 708 mori
481 667 581 721 pro
615 652 857 722 peccatis
902 652 1207 716 hominum,
1240 665 1305 705 ne
1358 650 1605 705 homines
1653 647 1887 717 amplius

279 746 589 801 moriantur
635 746 693 799 in
744 744 1003 815 peccatis,
1061 744 1374 813 quicunque
1417 739 1535 810 ejus
1578 739 1884 794 obedicrint

278 838 594 908 praeceptis.
627 836 694 891 Et
726 836 854 907 quia
876 850 975 905 per
1003 833 1427 890 inobedientiam
1457 831 1618 902 primi
1647 830 1885 885 hominis

277 929 459 983 Adam
482 927 860 983 moriebantur
882 940 1072 981 omnes
1102 924 1355 980 homines
1385 924 1497 978 Deo
1520 922 1574 976 in
1605 920 1843 991 peccatis
1868 938 1880 972 :

281 1019 407 1072 ideo
438 1018 704 1073 obediens
735 1033 859 1073 esse
885 1017 1138 1088 dignatus
1166 1023 1274 1081 est,
1299 1016 1443 1069 Deus
1471 1015 1587 1084 ipse
1620 1011 1763 1066 ﬁlius
1788 1010 1885 1065 Dei

280 1110 520 1164 Domino
554 1108 702 1163 Patri
744 1123 846 1165 suo
870 1123 1041 1179 usque
1087 1108 1155 1162 ad
1202 1114 1457 1170 mortem,
1487 1113 1547 1158 ut
1582 1118 1681 1173 pro
1711 1102 1886 1158 homi-

280 1217 416 1255 num
447 1209 756 1255 moreretur
781 1200 893 1253 vita
922 1208 978 1253 et
1014 1198 1208 1263 salute,
1238 1205 1301 1251 ut
1345 1194 1597 1250 omnibus
1625 1193 1728 1248 sibi
1767 1206 1887 1247 cre-

280 1292 544 1347 dentibus
573 1291 697 1345 vitte
723 1290 869 1346 viam
898 1289 1156 1359 aperiret,
1179 1300 1381 1355 eosque
1415 1298 1600 1339 secum
1626 1282 1694 1336 ad
1730 1289 1887 1335 arter-

277 1399 414 1439 nam
445 1392 503 1438 et
533 1384 748 1438 beatam
780 1378 1248 1436 immortalitatem
1273 1374 1593 1445 perduceret
1621 1371 1762 1426 unde
1791 1386 1885 1439 per

278 1474 506 1544 culpam
532 1472 863 1528 ceciderant.

356 1563 694 1629 Charissimi,
725 1563 769 1616 si
807 1562 882 1616 sic
910 1560 1052 1615 Deus
1087 1557 1270 1613 dilexit
1303 1573 1419 1623 nos,
1441 1565 1488 1610 et
1517 1570 1611 1609 nos
1641 1552 1885 1607 debemus

278 1657 511 1711 invicem
539 1653 774 1724 diligere.
817 1652 951 1709 Cum
984 1667 1114 1722 ergo
1143 1650 1197 1703 in
1227 1656 1436 1702 tantum
1470 1660 1569 1701 nos
1593 1646 1737 1700 Deus
1761 1641 1883 1696 nul-

1987 471 2159 541 gloria
2190 486 2285 540 per
2311 472 2518 526 inﬁnita
2549 474 2742 528 saecula
2769 476 3110 532 saeculorum.
3136 478 3333 535 Amen.

2432 583 2779 640 IlOMILlA
2817 588 3125 644 LXXVII.

2534 671 2585 708 IN
2622 672 2796 711 EODEM
2838 674 3021 714 FESTO.

2140 739 2324 794 Lectio
2355 741 2527 795 sancti
2556 743 2833 814 Evangelii
2870 750 3162 804 secundum
3191 751 3417 808 Lucam.

2059 828 2126 882 In
2154 829 2246 884 illo
2276 843 2524 900 tempore.
2554 831 2724 887 Homo
2749 837 2962 905 quidam
2987 850 3100 893 erat
3128 842 3290 908 dives,
3313 854 3361 898 et
3389 846 3575 901 indue-

1989 917 2143 971 batur
2167 936 2402 990 purpura
2427 931 2471 973 et
2506 920 2675 990 bysso,
2707 935 2755 977 et
2794 926 3104 996 epulabatur
3141 934 3372 1001 quotidie
3405 936 3581 992 sulen-

1987 1009 2132 1075 dide,
2157 1018 2261 1065 etc.

2058 1101 2359 1171 Purpuram
2397 1106 2528 1176 regii
2581 1107 2796 1164 habitus
2836 1126 2957 1166 esse
3006 1113 3243 1172 colorem
3286 1120 3511 1175 marinis
3547 1139 3578 1176 e

1988 1191 2270 1246 conchulis
2299 1194 2534 1250 vinctam
2558 1213 2717 1253 nemo
2745 1198 2860 1256 fere
2886 1204 2978 1272 qui
3006 1205 3212 1261 dubitet
3240 1226 3253 1262 :
3285 1224 3409 1264 nam
3439 1227 3572 1267 con-

1987 1282 2159 1338 chulae
2193 1284 2339 1340 ferro
2367 1288 2701 1346 circumcisze
2744 1292 3054 1365 lachrymas
3083 1301 3339 1369 purpurei
3379 1303 3576 1359 coloris

1986 1373 2182 1442 quibus
2203 1374 2322 1430 lana
2355 1377 2593 1449 tingatur
2617 1381 2894 1449 emittunt,
2924 1386 3115 1456 byssus
3144 1404 3275 1444 vero
3301 1407 3475 1462 genus
3497 1403 3581 1448 est

1987 1464 2258 1552 quoddam
2303 1466 2420 1534 lini,
2451 1470 2679 1525 nimium
2724 1475 2938 1528 candidi
2966 1483 3020 1530 et
3058 1478 3361 1536 mollissimi
3391 1502 3404 1536 :
3434 1485 3578 1552 quod

1987 1551 2162 1609 (ἓνωοί
2191 1566 2420 1625 papaten
2467 1569 2684 1614 vocant.
2729 1562 3101 1622 Admonuerat
3147 1584 3276 1640 ergo
3320 1551 3584 1629 Dominus

1988 1657 2151 1711 supra
2196 1645 2398 1713 facere,
2440 1649 2634 1703 amicos
2670 1650 2735 1705 de
2786 1670 3085 1711 mammona
3139 1658 3449 1729 iniquitatis,
3489 1665 3579 1734 qui

270 1744 353 1801 iis
374 1746 581 1803 nostris
598 1744 1033 1817 prmcedentibus
1058 1740 1269 1795 meritis
1298 1738 1586 1803 dilexit,ut
1612 1736 1881 1790 diximus:
1913 1744 1961 1804 Β
1988 1749 2107 1787 cum
2135 1735 2200 1788 ab
2227 1735 2326 1790 hac
2349 1738 2451 1792 vita
2493 1739 2856 1809 defecerimus,
2895 1748 3144 1816 recipiant
3167 1766 3259 1804 nos
3287 1752 3342 1804 in
3382 1763 3577 1808 teterna

280 1851 389 1891 cur
432 1850 534 1890 nos
561 1834 791 1889 invicem
828 1832 952 1887 odio
982 1831 1263 1892 habemus,
1296 1827 1400 1882 nisi
1430 1833 1491 1880 ut
1533 1823 1748 1880 diabolo
1792 1838 1881 1877 sa—

283 1926 632 1982 tisfaciamus
659 1931 716 1979 et
745 1923 843 1978 Dei
877 1921 1139 1977 voluntati
1180 1915 1576 1990 repugnemus?
1597 1915 1707 1970 Cur
1740 1914 1882 1968 invi-

280 2019 374 2073 dia
415 2016 652 2087 proximi
694 2014 1057 2078 stimulamur,
1088 2012 1190 2067 nisi
1222 2019 1283 2066 ut
1329 2011 1598 2081 ingratam
1633 2006 1884 2062 dilectio-

280 2123 413 2163 nem
443 2106 603 2161 nobis
636 2103 932 2160 faciamus?
971 2101 1082 2158 Cur
1109 2100 1385 2157 iracundia
1423 2107 1481 2153 et
1509 2098 1625 2153 zelo
1665 2096 1885 2152 morde-

281 2211 410 2251 mus
438 2196 752 2267 proximos,
794 2195 895 2252 nisi
926 2203 986 2249 ut
1027 2193 1120 2249 Dei
1148 2192 1404 2247 mandata
1432 2189 1794 2259 despiciamus
1831 2196 1889 2242 et

281 2307 393 2345 non
425 2290 539 2343 Deo
565 2288 663 2344 sed
703 2287 916 2344 diabolo
948 2302 1048 2341 nos
1077 2284 1477 2354 mancipemus?
1505 2281 1570 2335 Et
1614 2296 1736 2335 cum
1771 2280 1886 2335 haec

281 2385 358 2438 ita
410 2383 542 2446 sint,
597 2380 818 2446 fratres,
872 2380 1020 2436 omni
1074 2377 1392 2443 intentione,
1445 2374 1593 2431 omni
1651 2372 1885 2438 cautela,

278 2476 435 2531 enini
466 2474 838 2538 festinatione,
863 2472 1120 2541 omnique
1148 2469 1510 2526 sollicitudine
1561 2467 1746 2537 fugere
1782 2468 1884 2522 ista

280 2576 339 2619 et
364 2566 453 2620 his
477 2564 677 2619 similia
699 2562 841 2617 mala
869 2561 1148 2628 debemus,
1176 2569 1233 2615 et
1273 2559 1422 2616 omni
1459 2556 1637 2613 studio
1667 2573 1765 2628 per
1789 2557 1885 2611 Dei

280 2654 717 2709 misericordiam
765 2652 1007 2707 devitarc
1039 2669 1052 2704 :
1089 2660 1147 2705 ut
1190 2660 1392 2705 :eterna
1431 2648 1703 2719 possimus
1747 2662 1884 2717 sup-

278 2747 451 2817 plicia
474 2747 725 2801 evadere.
752 2745 1060 2801 Meminisse
1107 2744 1336 2817 sollicite
1368 2744 1646 2807 debemus,
1677 2741 1801 2812 quia
1831 2741 1885 2796 in

282 2848 497 2892 tantum
537 2852 635 2891 nos
689 2836 832 2891 Deus
875 2835 1084 2901 dilexit,
1132 2843 1193 2890 ut
1238 2834 1406 2889 filium
1460 2848 1615 2889 suum
1665 2832 1885 2887 unicum

278 2928 428 2983 mori
478 2927 723 2982 mitteret
768 2941 869 2997 pro
895 2926 1092 2981 nobis:
1127 2934 1181 2981 et
1231 2926 1356 2995 quia
1403 2924 1497 2979 Dei
1530 2923 1675 2979 lilius
1719 2923 1885 2977 etiam

278 3028 540 3074 mortuus
559 3027 644 3074 est
683 3032 784 3089 pro
820 3017 974 3072 nobis
1002 3036 1014 3071 :
1044 3027 1100 3072 et
1142 3018 1266 3087 quia
1294 3016 1428 3091 nihil
1459 3017 1568 3071 Deo
1602 3030 1701 3086 pro
1734 3022 1882 3069 tanta

1989 1823 2349 1880 tabernacula.
2400 1826 2554 1895 Quod
2599 1831 2878 1888 audientes
2928 1835 3188 1893 Pharisaei
3237 1840 3582 1908 deridebant,

1984 1928 2175 1968 verum
2201 1915 2289 1970 ille
2302 1932 2422 1985 quae
2445 1932 2800 1989 proposuerat
2822 1926 3082 1994 exemplis
3110 1936 3377 1996 astruens,
3393 1939 3578 1986 osten-

1947 2054 1961 2067 .
1986 2005 2066 2061 dit
2093 2007 2216 2063 ideo
2259 2008 2481 2065 divitem
2521 2022 2878 2082 purpuratum
2921 2016 3388 2076 irremediabiliter
3435 2025 3583 2093 apud

1986 2094 2190 2153 inferos
2233 2107 2458 2167 tortum,
2497 2102 2622 2171 quia
2674 2120 2967 2175 pauperem
3016 2106 3303 2176 Lazarum,
3333 2127 3366 2165 a
3393 2115 3583 2182 quoin

1985 2189 2111 2244 vitae
2136 2190 2484 2248 tabernacula
2510 2196 2677 2265 recipi
2700 2206 2883 2267 posset
2901 2199 3133 2255 amicum
3158 2202 3258 2257 sibi
3277 2201 3459 2261 facere
3487 2222 3582 2263 ne-

1984 2279 2264 2349 glexerat:
2294 2283 2539 2340 nonnulli
2591 2296 2772 2342 autem
2824 2298 3017 2357 putant
3055 2301 3322 2364 praecepta
3366 2296 3581 2353 Veteris

1988 2368 2318 2427 Testamenti
2348 2373 2678 2431 districtiora
2703 2392 2843 2445 esse,
2868 2395 3029 2449 quam
3073 2383 3198 2437 novi
3233 2402 3247 2436 :
3275 2385 3370 2439 sed
3413 2385 3470 2440 bi
3497 2388 3582 2441 ni-

1985 2463 2186 2518 mirum
2229 2465 2529 2535 improvida
2574 2470 3007 2527 consideratione
3052 2472 3333 2529 falluntur.
3376 2476 3433 2532 In
3484 2478 3584 2534 illo

1984 2554 2130 2609 enim
2156 2571 2263 2611 non
2288 2559 2499 2613 tenacia
2527 2561 2621 2615 sed
2648 2562 3135 2633 rapinamultatur,
3169 2565 3242 2620 ibi
3267 2581 3356 2622 res
3376 2565 3578 2637 injuste

1986 2644 2196 2699 sublata
2247 2648 2592 2704 restitutione
2635 2651 2973 2721 quadruplici
3027 2654 3251 2723 punitur
3289 2669 3305 2708 :
3341 2656 3433 2712 hic
3482 2672 3579 2713 an.

1987 2742 2095 2789 tem
2123 2737 2272 2792 dives
2320 2738 2432 2793 iste-
2450 2755 2556 2794 non
2605 2741 2892 2798 abstulisse
2919 2743 3095 2800 aliena
3138 2747 3581 2819 reprehenditur,

1985 2826 2079 2880 sed
2101 2828 2319 2898 prepria
2350 2845 2459 2885 non
2487 2830 2741 2899 dedisse;
2773 2848 2875 2889 nec
2904 2835 3124 2901 dicitur,
3158 2838 3283 2906 quia
3304 2839 3358 2893 vi
3377 2856 3579 2896 unum-

1985 2918 2291 2986 quempiam
2318 2921 2587 2989 oppressit
2615 2940 2628 2975 :
2662 2922 2755 2978 sed
2789 2924 2915 2993 quia
2949 2925 3006 2979 in
3031 2928 3271 2997 acceptis
3305 2929 3486 2998 rebus,
3519 2947 3582 2988 se

1984 3006 2197 3062 extulit.
2224 3007 2363 3065 Hinc
2386 3025 2519 3082 ergo
2550 3012 2677 3069 hinc
2705 3029 3047 3086 summopere
3071 3018 3429 3089 colligendum
3457 3032 3544 3080 est
3561 3043 3579 3080 :

279 3121 338 3168 et
364 3127 468 3182 pro
490 3120 600 3166 tam
634 3111 995 3167 inaestimabili
1026 3112 1228 3182 pietate
1259 3127 1357 3167 sua
1390 3111 1694 3166 retribuere
1721 3108 1883 3179 digne
1908 3100 1953 3162 C
1986 3115 2093 3171 qua
2137 3115 2297 3172 poena
2333 3097 2645 3162 multandus
2692 3108 2782 3174 sit,
2816 3110 2906 3179 qui
2950 3111 3125 3166 aliena
3171 3114 3377 3186 diripit,
3406 3116 3451 3172 si
3500 3117 3585 3173 in.

280 3200 554 3268 valemus,
587 3201 691 3256 nisi
728 3210 791 3256 ut
818 3216 917 3256 nos
945 3200 1176 3255 invicem
1208 3215 1343 3270 puro
1372 3200 1538 3255 corde
1565 3207 1619 3254 et
1646 3205 1794 3253 casta
1824 3213 1890 3253 ac

282 3295 503 3348 sincera
552 3291 818 3347 charitate
847 3292 1135 3362 diligamus
1186 3291 1237 3344 in
1273 3292 1383 3346 Deo
1437 3305 1541 3344 non
1597 3288 1784 3358 iniquo
1832 3295 1890 3342 et

283 3386 455 3441 noxio
490 3400 678 3440 amore
705 3384 972 3440 saacnlari.
1004 3383 1148 3438 Nihil
1199 3383 1403 3438 nostris
1431 3382 1696 3452 proximis
1723 3379 1889 3436 facia-

285 3494 409 3532 mus
462 3476 609 3546 quod
644 3474 1048 3544 nobismetipsis
1076 3472 1197 3528 ﬁeri
1245 3472 1497 3528 nolumus
1530 3491 1543 3525 :
1578 3471 1713 3526 nihil
1759 3470 1888 3526 boni

284 3568 432 3638 quod
469 3566 879 3635 nobismetipsis
921 3565 1037 3620 fieri
1083 3574 1356 3635 optamus,
1388 3564 1650 3634 proximis
1687 3563 1891 3618 nostris

285 3658 671 3721 invideamus;
704 3655 901 3711 talibus
930 3656 1074 3711 enim
1110 3656 1293 3711 verbis
1329 3654 1527 3710 fratres
1550 3655 1658 3709 mei
1692 3669 1891 3727 cogno-

283 3761 442 3802 scere
484 3760 779 3816 possumus
811 3762 824 3798 :
852 3746 978 3814 quia
1007 3753 1198 3801 contra
1232 3745 1394 3800 talem
1432 3744 1612 3800 facere
1640 3744 1889 3799 dilectio-

283 3854 437 3902 nem,
463 3846 524 3891 ut
550 3836 779 3892 audistis
810 3845 997 3892 contra
1026 3838 1192 3891 Deum
1224 3837 1405 3893 facere
1444 3848 1549 3903 est,
1592 3838 1718 3908 quia
1748 3838 1890 3892 Deus

284 3938 373 3984 est
399 3928 620 3983 dilectio
645 3946 657 3981 :
688 3926 856 3982 Nemo
884 3928 1027 3983 dicat
1054 3928 1108 3981 in
1131 3928 1406 3984 hominem
1435 3943 1604 3998 pecco
1632 3946 1644 3982 :
1671 3926 1889 3997 quando

286 4036 395 4075 non
422 4019 590 4091 diligo
622 4019 846 4074 fratrem
897 4034 1079 4075 meum
1101 4035 1124 4073 ς
1142 4017 1261 4088 jam
1288 4018 1333 4073 si
1373 4020 1542 4074 audes
1566 4017 1654 4073 fac
1697 4027 1890 4074 contra

285 4115 460 4169 Deum
492 4126 508 4166 :
538 4121 596 4167 et
622 4111 731 4167 noli
758 4111 980 4183 diligere
1008 4111 1235 4165 fratrem
1273 4119 1443 4165 tuum.
1490 4108 1625 4163 Nam
1658 4109 1755 4179 qui
1782 4124 1896 4162 non

286 4208 465 4279 diligit
492 4215 677 4261 manet
711 4206 765 4260 in
797 4214 969 4261 morte
999 4224 1013 4259 :
1046 4204 1149 4273 Qui
1193 4212 1376 4260 autem
1418 4203 1594 4274 diligit
1622 4201 1895 4258 inhabitat

287 4301 344 4356 in
376 4315 443 4355 eo
471 4298 713 4369 Spiritus
751 4304 972 4352 sanctus
1001 4294 1165 4352 Deus.
1202 4294 1341 4360 Quia
1370 4294 1512 4349 Deus
1543 4292 1771 4347 charitas
1792 4301 1893 4358 est,

285 4404 337 4449 et
361 4395 453 4465 qui
475 4401 650 4446 manet
680 4392 735 4445 in
772 4391 1027 4444 charitate
1047 4391 1103 4444 in
1124 4389 1233 4443 Deo
1258 4397 1432 4442 manet
1471 4397 1520 4442 et
1547 4386 1690 4441 Deus
1728 4387 1783 4439 in
1806 4400 1885 4439 eo.

1986 3189 2128 3246 fcrni
2156 3193 2503 3251 damnatione
2531 3198 2853 3265 percutitur,
2879 3200 2971 3270 qui
3018 3203 3238 3273 propria
3278 3220 3386 3260 non
3416 3206 3582 3279 largi-

1988 3292 2097 3339 tur.
2143 3285 2215 3340 Et
2241 3294 2370 3340 sunt
2419 3289 2662 3342 nonnulli
2699 3290 2790 3360 qui
2820 3292 3024 3347 cultum
3054 3295 3335 3351 subtilium
3377 3300 3586 3369 pretio-

1987 3392 2280 3446 sarumque
2305 3379 2536 3433 vestium
2567 3396 2673 3436 non
2700 3390 2894 3451 putzmt
2941 3399 3063 3440 esse
3102 3396 3407 3456 peccatum,
3436 3392 3588 3461 quod

1987 3468 2034 3523 si
2060 3466 2312 3523 videlicet
2342 3468 2501 3540 culpa
2549 3485 2654 3525 non
2681 3481 2829 3528 esset
2876 3490 3217 3546 nequaquam
3260 3494 3440 3536 sermo
3483 3481 3583 3537 Dei

1989 3567 2099 3614 tam
2129 3560 2415 3631 vigilanter
2441 3563 2791 3635 exprimeret,
2816 3568 2958 3637 quod
2984 3568 3137 3625 dives
3158 3571 3250 3640 qui
3300 3580 3579 3643 torquetur

1988 3650 2133 3721 apud
2157 3651 2381 3719 inferos,
2400 3654 2564 3725 bysso
2592 3664 2646 3710 et
2664 3672 2903 3726 purpura
2923 3659 3144 3714 indutus
3171 3659 3358 3718 fuisset
3383 3677 3398 3715 :
3422 3678 3587 3719 nemo

1987 3744 2186 3814 quippe
2210 3745 2534 3801 vestimenta
2561 3748 2833 3818 praecipua
2860 3750 2963 3805 nisi
2995 3751 3064 3806 ad
3102 3752 3319 3808 inanem
3353 3754 3585 3826 gloriam

1988 3835 2203 3904 quaerit,
2234 3835 2484 3892 videlicet
2511 3846 2570 3892 ut
2599 3838 2967 3896 honorabilior
2992 3843 3207 3899 caeteris
3237 3859 3359 3901 esse
3390 3846 3580 3902 videa-

1988 3936 2078 3981 tur
2106 3942 2301 3997 :quam
2328 3928 2539 4000 culpam
2568 3946 2858 4001 possumus
2890 3933 3082 3991 melius
3111 3937 3275 3991 etiam
3309 3953 3341 3992 e
3363 3939 3586 3994 diverso

1989 4016 2236 4089 colligere
2252 4061 2277 4088 ,.
2310 4019 2437 4087 quia
2464 4021 2508 4075 si
2537 4020 2769 4089 abjectio
2792 4023 2917 4079 vilis
2946 4024 3248 4083 indumenti
3272 4029 3447 4084 virtus
3471 4046 3587 4090 non.

1989 4119 2153 4174 esset,
2186 4108 2525 4182 Evangelista
2556 4114 2623 4168 de
2651 4113 2860 4178 Joanne
2888 4117 3176 4188 vigilanter
3222 4133 3329 4175 non
3356 4121 3590 4188 diceret,

1989 4210 2100 4254 erat
2148 4201 2363 4257 indutus
2406 4203 2527 4274 pilis
2575 4205 2913 4261 camelorum.
2963 4207 3069 4264 Sed
3102 4210 3401 4265 notandum
3426 4212 3591 4267 nobis

1992 4306 2316 4362 magnopere
2341 4301 2424 4347 est
2445 4294 2497 4349 in
2528 4311 2624 4351 ore
2652 4298 2901 4352 veritatis
2949 4299 3015 4353 de
3052 4299 3284 4369 superbo
3315 4299 3500 4364 divite,
3528 4311 3586 4355 ct

1991 4382 2059 4437 de
2107 4382 2294 4437 humili
2344 4400 2603 4456 paupere,
2632 4397 2868 4457 quantus
2896 4387 2968 4443 sit
3008 4389 3145 4443 ordo
3198 4391 3527 4445 narrationis
3563 4408 3583 4445 ε

286 4458 481 4542 cuiuis
513 4482 659 4536 enim
690 4480 781 4550 qui
812 4495 918 4535 non
941 4478 1115 4551 diligit
1136 4478 1306 4533 Deum
1337 4477 1546 4532 alienus
1576 4485 1659 4531 est
1700 4476 1769 4531 ab
1799 4489 1892 4540 eo,
1917 4458 1968 4517 D
1992 4471 2131 4528 Ecce
2160 4473 2306 4527 enim
2352 4474 2571 4541 dicitur,
2600 4477 2752 4530 homo
2790 4477 3008 4547 quidam
3027 4486 3141 4532 erat
3169 4478 3337 4545 dives,
3362 4487 3418 4535 et
3455 4495 3586 4551 pro-

286 4584 345 4630 et
368 4575 458 4630 hic
482 4581 567 4629 est
595 4570 982 4637 Antichristus,
1017 4578 1074 4626 et
1100 4570 1347 4640 quamvis
1394 4569 1561 4624 intret
1607 4568 1660 4621 in
1701 4566 1889 4622 basili-

287 4682 434 4731 cam,
459 4664 742 4720 nnmerari
779 4662 918 4718 inter
962 4663 1103 4718 filios
1132 4662 1228 4718 Dei
1283 4678 1391 4718 non
1440 4669 1638 4732 potest.
1677 4657 1890 4714 Habere

286 4760 434 4815 enim
468 4758 797 4828 baptismum
819 4764 877 4812 et
922 4756 1099 4811 malus
1125 4771 1246 4812 esse
1292 4764 1492 4825 potest,
1524 4753 1770 4823 accipere
1796 4766 1887 4806 sa-

286 4856 634 4904 cramentum
664 4847 911 4917 corporis
954 4856 1010 4903 et
1059 4847 1338 4918 sanguinis
1363 4844 1603 4912 Domini,
1633 4852 1689 4899 et
1714 4843 1889 4899 malus

287 4955 410 4996 esse
437 4948 640 5010 potest.
672 4937 807 4992 Nam
839 4938 906 4994 de
932 4939 1129 4994 talibus
1164 4940 1425 5010 scriptum
1465 4947 1570 5002 est,
1611 4938 1700 5007 qui
1740 4953 1891 4991 man-

287 5031 448 5085 ducat
476 5041 525 5085 et
553 5030 680 5084 bibit
724 5031 934 5102 indigne
967 5032 1233 5102 judicium
1268 5031 1366 5086 sibi
1398 5030 1683 5084 mandarat
1724 5038 1772 5082 et
1814 5027 1891 5081 bi-

288 5121 384 5177 bit.
424 5120 780 5177 Christianus.
809 5121 954 5175 enim
979 5121 1193 5185 vocari,
1220 5130 1276 5175 et
1319 5120 1493 5175 malus
1540 5136 1660 5175 esse
1691 5127 1886 5189 potest,

286 5210 491 5266 habere
516 5217 701 5264 autem
732 5209 1060 5265 charitatem
1085 5219 1140 5267 et
1171 5211 1346 5266 malus
1374 5225 1496 5265 esse
1548 5225 1655 5264 non
1686 5217 1884 5279 potest.

288 5302 405 5359 lloc
429 5310 515 5358 est
538 5317 670 5373 ergo
699 5303 974 5373 proprium
999 5304 1309 5359 hominibus
1330 5319 1360 5357 a
1383 5303 1494 5359 Deo
1521 5304 1742 5367 donum,
1770 5303 1885 5372 ipse

289 5404 377 5451 est
418 5395 675 5449 salutaris
727 5393 849 5449 fons
890 5414 903 5449 :
940 5396 1007 5451 ad
1058 5396 1199 5450 hunc
1251 5393 1543 5450 bibendum
1595 5393 1752 5448 docet
1786 5406 1885 5447 nos

288 5485 598 5556 Apostolus,
632 5485 699 5539 ad
727 5485 871 5540 hunc
895 5486 1183 5541 bibendum
1230 5503 1328 5541 nos
1373 5488 1623 5541 hortatur
1651 5484 1886 5553 Spiritus

288 5586 533 5641 sanctus,
563 5576 689 5647 quia
716 5576 762 5630 si
804 5571 1085 5648 diligamus
1106 5576 1487 5642 invicem,l)eus
1513 5577 1567 5629 in
1598 5575 1743 5630 nobis
1773 5592 1888 5630 ma-

291 5675 402 5736 net,
424 5678 471 5723 et
496 5667 729 5722 chariras
750 5667 864 5736 eius
886 5668 939 5720 in
961 5668 1109 5723 nobis
1126 5668 1355 5740 perfecta
1374 5676 1470 5733 est,
1487 5667 1603 5736 ipso
1626 5666 1886 5738 largiente

1996 4563 2142 4617 tinus
2168 4562 2471 4635 subiungit:

2066 4652 2196 4707 Erat
2249 4654 2458 4723 quidem
2521 4655 2789 4710 mendicus
2844 4657 3052 4711 nomine
3106 4657 3365 4715 Lazarus.
3417 4659 3588 4717 Certe

1992 4742 2113 4813 plus
2162 4744 2337 4800 solent
2367 4745 2424 4799 in
2468 4745 2665 4815 populo
2703 4748 2921 4801 nomina
2949 4747 3209 4815 divitum,
3239 4766 3403 4821 quam
3441 4767 3582 4822 pau-

1992 4852 2185 4908 perum
2237 4838 2388 4894 sciri.
2422 4837 2563 4905 Quid
2589 4850 2673 4894 est
2692 4841 2835 4909 quod
2865 4839 3127 4896 Dominus
3171 4842 3238 4897 de
3264 4852 3587 4913 paupertate

1993 4936 2048 4985 et
2076 4928 2242 4985 divite
2268 4930 2493 4985 verbum
2521 4927 2746 4995 faciens,
2788 4946 2985 4987 nomen
3023 4932 3275 5003 pauperis
3302 4932 3455 4999 dicit,
3484 4950 3582 4989 no-

1993 5037 2119 5077 men
2145 5021 2328 5077 divitis
2357 5038 2463 5078 non
2493 5021 2643 5088 dicit,
2674 5023 2777 5078 nisi
2808 5023 2951 5094 quod
2977 5023 3120 5079 Deus
3158 5024 3387 5080 humiles
3428 5026 3583 5080 novit

1991 5125 2153 5184 atque
2174 5114 2436 5187 approbat
2459 5122 2514 5169 et
2539 5117 2799 5184 superbos
2836 5116 3068 5185 ignorat.
3097 5115 3335 5172 Undeet
3356 5117 3581 5187 quibus-

1992 5208 2114 5263 dam
2144 5207 2215 5264 de
2240 5207 2624 5263 miraculorum
2672 5208 2870 5264 virtute
2914 5208 3347 5280 superbientibus
3384 5208 3440 5262 in
3470 5207 3578 5263 ﬁne

1990 5299 2234 5354 dicturus
2260 5306 2364 5364 est,
2404 5298 2596 5353 Nescio
2620 5315 2730 5364 vos,
2752 5299 2901 5379 unde
2974 5299 3114 5363 sitis,
3146 5297 3406 5353 discedite
3433 5311 3462 5349 a
3488 5311 3577 5351 me

1985 5406 2177 5447 omnes
2201 5391 2435 5460 operarii
2466 5391 2787 5462 iniquitatis.
2812 5392 2882 5446 At
2931 5398 3121 5446 contra
3159 5388 3326 5460 Moysi
3355 5388 3581 5455 dicitur,

1986 5478 2123 5535 Novi
2154 5490 2205 5534 te
2226 5494 2293 5535 ex
2314 5479 2533 5535 nomine
2557 5497 2570 5532 :
2597 5479 2690 5533 Ait
2711 5493 2841 5549 ergo
2862 5478 2931 5533 de
2949 5477 3137 5543 divite,
3155 5475 3325 5530 Homo
3335 5474 3583 5546 quidam,

1987 5574 2063 5627 ait
2091 5573 2157 5628 de
2180 5571 2661 5643 paupere,Egenus
2689 5570 2894 5624 nomine
2920 5568 3176 5622 Lazarus.
3205 5565 3284 5620 Ac
3313 5564 3358 5619 si
3389 5574 3577 5636 aperto

1988 5667 2163 5732 dicat,
2196 5680 2487 5736 pauperem
2536 5664 2790 5720 humilem
2842 5664 2976 5730 scio,
3017 5658 3307 5733 superbum
3353 5657 3583 5715 divitem
