3962 6180
397 237 504 297 293

1071 236 1132 293 B.
1176 235 1423 291 RABANI
1464 230 1676 289 MM)!“
1717 232 2030 289 ARCHIEP.
2072 233 2379 291 MOGUNT.
2419 234 2702 291 OPERUM
2744 234 2923 290 PARS
2964 236 3027 290 11.

3552 219 3659 302 aco

400 355 597 410 nescio.
651 352 801 409 Illum
848 354 1118 424 cognitum
1170 366 1268 421 per
1312 348 1751 420 approbationem
1780 347 1972 410 habeo,
2006 358 2048 416 Α
2079 348 2379 419 loquacitas
2426 347 2579 411 solet,
2624 350 2670 401 is
2697 349 2788 417 qui
2818 348 2908 403 hic
2943 349 3085 404 male
3127 351 3446 407 eonvivatus
3468 354 3668 411 dicitur

400 446 544 502 hunc
570 445 944 517 perjudieium
969 442 1361 515 reprobationis
1388 442 1598 509 ignoro.

474 540 578 605 Qui
598 539 806 609 jacebat
835 538 905 591 ad
938 539 1165 607 januam
1188 534 1323 603 ejus,
1353 531 1612 585 ulceribus
1652 529 1853 599 plenus,
1895 546 1984 581 cu-

400 631 545 698 piens
583 629 814 683 saturari
849 628 912 679 de
949 626 1095 678 micis
1121 641 1238 695 qum
1266 622 1519 676 cadebant
1560 621 1623 673 de
1649 636 1824 673 utensa
1853 620 1982 672 (liri-

400 719 466 770 tis
491 731 508 767 :
538 717 627 769 sed
676 726 724 769 et
768 732 920 769 canes
957 714 1221 769 veniebant
1252 723 1299 766 et
1336 711 1594 781 lingcbant
1626 710 1801 764 ulcera
1846 712 1978 780 ejus.

401 806 594 859 Plenus
631 806 903 861 ulceribus
945 806 1222 859 mendicus
1249 803 1485 857 Lazarus
1519 809 1645 855 ante
1688 800 1885 869 januas
1904 800 1985 853 di-

404 897 711 963 vitiSJacet,
742 913 846 965 qua
881 900 945 952 de
974 914 1033 951 re
1080 912 1208 961 una,
1241 893 1498 948 Dominus
1530 893 1635 947 duo
1655 891 1856 960 judicia
1883 907 1985 946 ex-

400 985 563 1053 plevit
592 1002 603 1037 :
639 986 915 1038 habuisset
956 986 1099 1039 enim
1138 985 1369 1038 fortasse
1407 983 1642 1051 aliquam
1678 983 1986 1036 excusatio-

402 1096 521 1133 nem
546 1080 716 1144 dives,
742 1080 784 1134 si
816 1080 1054 1133 Lazarus
1081 1093 1285 1147 pauper
1304 1087 1360 1130 et
1396 1076 1674 1130 ulcerosus
1719 1083 1842 1129 ante
1867 1072 1984 1142 ejus

396 1168 611 1235 jammm
640 1185 742 1222 non
766 1168 1044 1237 jacuisset,
1076 1166 1120 1220 si
1143 1173 1380 1218 remotus
1409 1163 1616 1225 fuisset,
1648 1162 1693 1217 si
1725 1162 1843 1231 ejus
1869 1163 1986 1216 ino-

402 1261 486 1327 pia
525 1274 632 1312 non
663 1258 884 1313 essetin
934 1256 1104 1310 oculis
1142 1256 1484 1323 importuna;
1540 1269 1727 1306 rursus
1755 1253 1798 1306 si
1829 1253 1983 1324 longe

399 1360 542 1403 esset
571 1349 720 1402 dives
742 1349 808 1402 ab
835 1347 1007 1401 oculis
1033 1347 1260 1401 ulcerosi
1284 1345 1536 1415 pauperis
1564 1346 1826 1399 minorem
1852 1344 1983 1398 tole-

401 1447 572 1494 rasset
599 1439 946 1492 tentationem
990 1452 1190 1507 pauper
1237 1437 1290 1490 in
1336 1438 1536 1491 animo.
1566 1435 1672 1489 Sed
1695 1435 1822 1489 dum
1860 1449 1984 1505 ege-

401 1545 526 1582 num
558 1539 612 1582 et
636 1529 933 1582 ulceratum
966 1536 1091 1581 ante
1118 1528 1338 1595 ianuam
1363 1526 1545 1581 divitis
1577 1532 1632 1579 et
1655 1525 1861 1580 deliciis
1897 1522 1982 1577 af-

399 1618 612 1673 lluentis
639 1617 836 1688 posuit,
876 1617 929 1669 in
978 1630 1082 1668 una
1133 1615 1431 1685 eademque
1467 1629 1525 1669 re
1577 1623 1632 1668 et
1681 1629 1744 1669 ex
1775 1613 1980 1667 visione

2084 437 2222 506 apud
2254 436 2455 492 inferos
2486 438 2700 507 gravius
2751 438 2802 491 in
2856 438 3038 507 lingua
3089 439 3280 495 ardere
3329 441 3665 511 perhibetur.

2085 528 2190 582 Sed
2215 543 2337 583 cum
2368 530 2517 599 gravi
2545 528 2701 582 valde
2735 542 2933 597 pavore
2956 530 3292 599 pensandum
3319 540 3404 586 est
3420 535 3563 602 quod
3584 549 3669 590 se-

2086 621 2274 690 quitur
2305 639 2317 672 :

2155 710 2223 763 Et
2252 711 2383 763 dixit
2414 710 2492 764 illi
2520 710 2783 764 Abraham
2807 728 2825 764 :
2857 710 2985 773 Fili,
3036 713 3313 768 recordare
3351 716 3477 786 quia
3525 734 3675 773 rece-

2082 798 2205 868 pisti
2226 798 2361 851 bona
2381 799 2434 852 in
2462 799 2566 852 vita
2592 809 2706 864 tua,
2732 809 2780 853 et
2806 799 3037 854 Lazarus
3066 800 3309 855 similiter
3337 803 3510 870 mala;
3533 822 3675 863 nunc

2083 897 2257 941 autem
2287 889 2372 941 hic
2401 887 2722 954 consolatur,
2768 899 2823 943 tu
2866 907 2983 945 vero
3030 893 3305 946 cruciaris.
3336 894 3479 949 Ecce
3525 897 3670 952 enim

2083 992 2206 1032 cum
2237 978 2451 1044 dicitur,
2486 977 2739 1048 Recepisti
2768 979 2904 1034 bona
2955 981 3008 1035 in
3040 982 3142 1035 vita
3166 992 3279 1048 tua,
3328 984 3597 1040 indicatur
3618 999 3676 1043 et

2084 1068 2237 1123 dives
2277 1069 2380 1124 iste
2424 1069 2549 1123 boni
2577 1069 2780 1139 aliquid
2807 1072 3061 1127 habuisse
3101 1088 3166 1128 ex
3196 1091 3307 1144 quo
3337 1077 3390 1129 in
3429 1078 3531 1132 bac
3559 1080 3675 1133 vita

2083 1160 2225 1214 bona
2271 1161 2557 1229 reciperet,
2591 1177 2913 1232 rursumque
2949 1164 3076 1218 dum
3104 1166 3171 1219 de
3200 1165 3409 1222 Lazaro
3448 1169 3675 1234 dicitur,

2084 1248 2208 1318 quia
2247 1250 2453 1318 recepit
2486 1250 2648 1315 mala,
2672 1252 2914 1321 profecto
2965 1264 3298 1310 monstratur
3320 1266 3376 1311 et
3402 1257 3668 1314 Lazarum

2085 1339 2336 1395 habuisse
2363 1340 2564 1394 malum
2598 1341 2833 1410 aliquod,
2858 1344 2999 1411 quod
3031 1356 3376 1415 purgaretur,
3408 1351 3502 1403 sed
3526 1356 3667 1408 mala

2084 1428 2275 1482 Lazari
2306 1431 2550 1501 purgavit
2583 1431 2723 1501 ignis
2776 1433 2968 1503 inepia:
2996 1444 3049 1488 et
3088 1435 3226 1490 bona
3257 1438 3441 1494 divitis
3492 1457 3672 1498 remu-

2083 1520 2294 1573 neravit
2326 1518 2555 1575 felicitas
2584 1524 2918 1578 transeuntis
2944 1525 3086 1580 vitaz.

2156 1607 2225 1661 Et
2261 1609 2316 1662 in
2349 1609 2430 1663 his
2458 1611 2718 1676 omnibus,
2757 1613 2896 1666 inter
2923 1631 3017 1669 nos
3039 1625 3087 1669 et
3118 1633 3206 1670 vos
3236 1617 3392 1672 chaos
3420 1635 3665 1689 maguum

396 1709 654 1778 pauperis
681 1723 785 1762 non
815 1706 1124 1761 miserantis
1161 1705 1342 1760 divitis
1378 1704 1652 1759 cumulum
1683 1703 1982 1758 damuatio—
2011 1700 2056 1758 B
2083 1699 2350 1767 ﬁrmatum
2388 1709 2486 1764 est,
2512 1710 2565 1753 ut
2610 1702 2664 1754 bi
2711 1704 2801 1771 qui
2842 1704 3020 1758 volunt
3049 1706 3169 1760 hinc
3216 1710 3441 1763 transire
3463 1710 3533 1764 ad
3558 1729 3671 1785 ros,

399 1799 481 1853 nis
527 1796 725 1860 intulit,
778 1804 829 1849 et
861 1811 1076 1849 rursum
1127 1811 1193 1849 ex
1243 1794 1451 1848 visione
1480 1793 1680 1853 divitis,
1712 1800 1975 1846 tentatum

397 1889 635 1957 quotidie
655 1901 947 1956 pauperem
974 1884 1241 1953 probavit,
1263 1884 1348 1938 cui
1373 1893 1519 1937 certe
1548 1890 1758 1951 poterat
1778 1881 1845 1934 ad
1864 1893 1978 1951 pa:-

399 1994 523 2033 nam
549 1976 793 2032 sullicere
816 1982 1126 2045 paupertas,
1158 1974 1320 2027 etiam
1350 1972 1394 2027 si
1426 1987 1590 2026 sanus
1612 1970 1820 2035 fuisset,
1860 1985 1979 2023 rur-

398 2084 516 2124 sum
536 2067 836 2122 suffecisset
858 2065 1142 2134 aegritudo,
1166 2064 1378 2118 etiamsi
1405 2063 1704 2117 subsidium
1732 2063 1974 2125 adesset;

397 2162 489 2215 sed
538 2168 598 2213 ut
644 2158 965 2229 probaretur
1000 2155 1232 2226 amplius
1279 2169 1499 2225 pauper,
1534 2154 1692 2208 simul
1736 2154 1877 2207 lnmc
1924 2161 1979 2206 et

397 2260 685 2323 paupertas
729 2260 784 2306 et
808 2248 1069 2321 a>gritudo
1107 2246 1561 2316 Iabefecit,atque
1584 2246 1802 2315 insuper
1826 2244 1975 2298 vide-

399 2345 490 2397 bat
530 2341 912 2412 procedentcm
952 2339 1171 2392 divitem
1202 2336 1623 2407 obsequentibus
1651 2335 1835 2390 cuneis
1879 2333 1979 2386 lul-

395 2436 494 2489 ciri
525 2444 581 2489 et
626 2448 685 2490 se
733 2434 786 2487 in
816 2432 1130 2486 inﬁrmitate
1173 2439 1228 2485 ct
1271 2430 1451 2499 inopia
1478 2444 1508 2483 a
1536 2428 1680 2482 nullo
1725 2427 1975 2482 visitari:

398 2528 528 2581 Nam
560 2528 684 2597 quia
712 2540 873 2580 nemo
915 2525 965 2577 ei
1009 2524 1075 2577 ad
1122 2524 1445 2593 visitandum
1475 2521 1680 2585 aderat,
1714 2528 1981 2575 testantur

395 2634 556 2673 canes
578 2619 671 2687 qui
701 2617 924 2671 licenter
949 2614 1170 2668 vulnera
1198 2614 1490 2685 lingebant,
1520 2629 1586 2666 ex
1611 2628 1715 2666 una
1747 2627 1877 2681 ergo
1921 2626 1980 2665 re

395 2707 735 2777 omnipotens
785 2704 929 2757 Deus
979 2703 1085 2757 duo
1139 2702 1340 2772 judicia
1393 2700 1660 2765 exhibuit,
1700 2701 1825 2754 dum
1872 2699 1978 2753 La-

396 2810 580 2851 zarum
608 2809 897 2865 pauperem
944 2801 1070 2847 ante
1093 2790 1317 2859 jauuam
1364 2790 1548 2844 divitis
1571 2790 1754 2859 jacere
1780 2789 1980 2857 permi-

395 2888 485 2952 sit,
514 2894 575 2939 ut
612 2893 671 2940 et
697 2884 847 2938 dives
888 2882 1085 2951 impius
1113 2881 1477 2935 damnationis
1521 2880 1621 2934 sibi
1652 2888 1873 2949 angeret
1899 2878 1981 2932 ul-

397 2979 616 3040 tionem,
644 2984 701 3031 et
747 2983 985 3030 tentatus
1008 2988 1212 3044 pauper
1246 2979 1518 3027 cresceret
1567 2971 1634 3025 ad
1670 2986 1981 3025 remunera-

398 3071 620 3125 tionem.

466 3161 692 3215 Factum
714 3169 787 3213 est
815 3169 986 3214 autent
1015 3167 1071 3212 ut
1100 3167 1389 3211 moreretur
1414 3157 1703 3219 mendicus,
1727 3164 1774 3209 et
1802 3162 1980 3224 porta-

397 3252 625 3306 returab
654 3249 852 3321 angelis
881 3251 935 3303 in
964 3250 1138 3303 sinum
1158 3246 1404 3301 Abrahae.
1433 3246 1676 3300 Mortuus
1707 3255 1781 3300 est
1804 3256 1979 3299 autem

395 3354 442 3397 et
480 3344 643 3406 dives,
663 3351 712 3395 et
736 3340 966 3411 sepultus
1006 3349 1081 3394 est
1128 3340 1186 3393 in
1233 3338 1459 3408 inferno.
1500 3336 1664 3393 Sinus
1705 3337 1980 3392 Abraham

397 3432 610 3501 requies
631 3440 716 3487 est
747 3433 1024 3486 beatorum
1048 3444 1368 3500 pauperum,
1390 3444 1621 3498 quorum
1649 3436 1732 3483 est
1753 3443 1978 3499 regnum

396 3521 680 3586 caelorum,
702 3536 809 3592 quo
834 3531 953 3591 post
982 3522 1122 3575 hanc
1138 3518 1305 3575 vitam
1328 3520 1677 3589 recipiuntur,
1701 3519 1977 3588 sepultura

395 3612 590 3668 inferni
616 3627 898 3683 plenarum
916 3611 1262 3683 profunditas
1290 3626 1411 3682 qua:
1438 3611 1698 3681 superbos
1742 3611 1977 3667 immise~

396 3706 633 3761 rieordes
665 3716 789 3775 post
810 3708 954 3761 hanc
974 3705 1144 3760 vitam
1169 3704 1414 3760 devorat.

470 3806 693 3860 Elevaus
726 3815 896 3859 autem
925 3805 1103 3859 oculos
1140 3821 1262 3859 suos
1290 3822 1408 3858 cum
1437 3814 1568 3859 esset
1605 3805 1661 3858 in
1686 3805 1974 3868 tormentis,

396 3895 521 3949 uidit
548 3892 812 3948 Abraham
833 3910 864 3946 a
888 3892 1037 3962 longe
1061 3902 1108 3945 et
1132 3892 1393 3947 Lazarum
1416 3894 1469 3948 in
1491 3894 1610 3948 sinu
1629 3894 1745 3964 ejus
1762 3911 1781 3959 ,°
1797 3904 1845 3949 et
1871 3895 1980 3965 ipse

397 3984 633 4038 clamans
658 3983 790 4037 dixit
824 3995 843 4033 :
870 3981 1030 4035 Pater
1050 3982 1585 4048 Abraham,miserere
1607 3986 1732 4051 mei,
1758 3996 1805 4038 et
1832 3986 1980 4039 mitte

400 4074 661 4127 Lazarum
692 4081 749 4126 ut
784 4071 1005 4141 intingat
1048 4080 1334 4125 extremum
1370 4072 1517 4143 digiti
1555 4076 1639 4128 sui
1679 4076 1733 4128 in
1762 4092 1977 4145 aquam,

400 4175 454 4218 ut
479 4163 746 4235 refrigeret
767 4162 1002 4233 linguam
1022 4178 1212 4228 meam,
1227 4164 1353 4233 quia
1381 4164 1588 4217 crucior
1614 4166 1711 4218 hac
1739 4166 1975 4234 ﬂamma.

398 4256 442 4310 0
468 4263 667 4325 quanta
692 4253 995 4309 sublimitas
1023 4253 1350 4324 judiciorum
1376 4254 1471 4308 Dei
1495 4257 1508 4307 ε
1548 4269 1710 4324 quam
1739 4256 1981 4311 districte

400 4350 577 4420 agitur
590 4348 849 4404 bonorum
872 4356 1089 4402 actuum
1109 4346 1482 4417 malorumque
1501 4347 1808 4403 retributio!
1827 4359 1976 4403 certe

2081 1807 2186 1844 non
2209 1792 2428 1861 possint,
2477 1809 2637 1862 neque
2682 1794 2803 1847 inde
2847 1796 2951 1849 huc
2993 1805 3334 1853 transmeare.
3379 1799 3495 1866 Qua
3523 1802 3575 1855 in
3610 1820 3669 1856 re

2080 1885 2234 1940 valde
2259 1888 2606 1955 quaerendum
2632 1896 2714 1941 est
2739 1889 3007 1957 quomodo
3031 1890 3260 1956 dicatur,
3285 1901 3343 1945 ut
3368 1892 3446 1956 hi,
3463 1893 3554 1962 qui
3574 1910 3667 1951 vo-

2033 2015 2047 2027 .
2080 1976 2196 2030 lant
2217 1977 2283 2030 ad
2307 1992 2404 2031 vos
2430 1978 2659 2032 transire
2690 1994 2793 2032 non
2827 1980 3052 2047 possint,
3082 1980 3211 2048 quia
3227 1982 3370 2035 enim
3400 1982 3583 2052 bi,qui
3611 1984 3669 2038 in

2080 2067 2291 2121 inferno
2329 2077 2476 2133 sunt,
2507 2069 2574 2123 ad
2619 2068 2898 2123 beatorum
2927 2081 3130 2125 sortem
3161 2072 3392 2126 transire
3419 2074 3671 2143 cupiunt,

2079 2156 2300 2211 dubium
2333 2172 2438 2211 non
2482 2166 2586 2223 est,
2625 2158 2715 2226 qui
2741 2174 2872 2212 vero
2910 2160 3021 2229 jam
3048 2161 3100 2214 in
3147 2162 3496 2218 beatitudinis
3520 2173 3680 2221 sorte

2079 2246 2316 2315 suscepti
2340 2253 2467 2299 sunt
2505 2262 2612 2316 quo
2638 2256 2796 2316 pacto
2824 2247 3022 2303 dicitur
3047 2250 3175 2318 quia
3202 2252 3432 2307 transire
3457 2251 3521 2305 ad
3547 2267 3673 2315 eos.

2079 2337 2171 2405 qui
2199 2336 2252 2389 in
2274 2335 2483 2392 inferno
2518 2338 2850 2405 cruciantur,
2875 2340 3058 2393 volunt
3081 2342 3106 2394 l
3127 2340 3234 2395 Sed
3260 2342 3403 2397 sicut
3435 2344 3678 2398 transire

2082 2426 2296 2493 reprobi
2341 2425 2406 2480 ad
2449 2426 2650 2483 electos
2679 2429 2921 2497 cupiunt,
2967 2429 3022 2484 id
3053 2437 3159 2496 est,
3200 2446 3231 2484 a
3277 2430 3669 2501 suppliciorum

2081 2531 2301 2570 suorum
2328 2515 2617 2573 alllictione
2646 2520 2906 2590 migrare,
2935 2521 3013 2574 ita
3057 2523 3123 2577 ad
3152 2521 3378 2579 amictus
3420 2534 3585 2593 atque
3613 2526 3675 2579 in

2082 2609 2362 2663 tormentis
2388 2610 2590 2677 positos
2612 2612 2844 2665 transire
2857 2610 3125 2678 justorum
3148 2623 3251 2680 est,
3276 2624 3456 2669 mente
3477 2615 3555 2669 ire
3576 2631 3673 2685 per

2083 2698 2532 2765 misericordiam,
2553 2715 2754 2770 eosque
2780 2701 2915 2756 velle
2943 2702 3191 2768 liberare,
3218 2705 3312 2759 sed
3346 2705 3437 2775 qui
3484 2705 3675 2759 volunt

2082 2789 2151 2843 de
2170 2790 2449 2844 beatorum
2480 2791 2608 2846 sede
2647 2791 2715 2844 ad
2741 2789 2968 2846 amictos
2991 2801 3155 2862 atque
3182 2794 3234 2847 in
3265 2796 3550 2849 tormentis
3576 2810 3679 2865 po-

2083 2878 2217 2934 sitos
2255 2879 2503 2943 transire,
2550 2895 2657 2934 non
2706 2890 2954 2949 possunt,
2984 2883 3110 2951 quia
3158 2882 3428 2951 justorum
3477 2885 3679 2940 animm

2084 2970 2332 3037 quamvis
2361 2969 2413 3023 in
2444 2985 2555 3025 suae
2599 2980 2806 3025 naturze
2834 2973 3078 3028 bonitate
3115 2974 3544 3031 misericordiam
3577 2978 3682 3032 ha-

2002 3068 2047 3130 c
2078 3061 2241 3115 beant
2277 3101 2293 3127 ,
2335 3059 2443 3130 jam
2485 3070 2661 3117 tamen
2710 3065 2949 3120 auctoris
3005 3066 3089 3121 sui
3126 3065 3353 3135 justitite
3394 3068 3680 3138 conjuncti

2083 3160 2232 3208 tanta
2260 3153 2582 3209 rectitudine
2607 3157 3074 3227 conStringuntur,
3110 3167 3172 3212 ut
3212 3159 3356 3213 nulla
3385 3161 3452 3215 ad
3478 3177 3674 3234 repro-

2078 3243 2178 3299 bos
2202 3245 2579 3314 compassioue
2606 3255 2943 3304 moveantur.
2978 3247 3084 3303 Sed
3127 3259 3411 3320 postquam
3454 3254 3677 3308 ardenti

2079 3334 2230 3389 diviti
2252 3334 2323 3390 de
2348 3349 2408 3389 se
2427 3350 2550 3405 spes
2582 3336 2802 3402 tollitur,
2831 3336 2947 3406 ejus
2996 3341 3209 3394 animus
3248 3341 3313 3395 ad
3342 3343 3682 3414 propinquos

2078 3441 2213 3495 quos
2238 3426 2549 3496 reliquerat,
2578 3428 2827 3494 recurrit,
2874 3430 2998 3499 quia
3045 3432 3395 3501 reproborum
3434 3442 3676 3492 mentem

2077 3534 2240 3588 poma
2267 3534 2365 3574 sua
2391 3523 2711 3592 quandoque
2734 3523 2997 3578 inutiliter
3016 3525 3196 3579 erudit
3225 3526 3292 3580 ad
3319 3526 3647 3583 cbaritatem
3664 3574 3688 3601 ,

2076 3619 2136 3663 ιιι
2155 3609 2269 3681 jam
2302 3620 2430 3668 tunc
2455 3612 2618 3667 etiam
2645 3627 2772 3669 suos
2812 3612 3128 3683 spiritaliter
3150 3613 3396 3686 diligant,
3423 3616 3517 3685 qui
3540 3616 3680 3670 dum

2078 3700 2167 3756 hic
2190 3711 2417 3770 peccata
2458 3702 2762 3774 diligerent,
2790 3718 2889 3759 nec
2935 3719 2993 3759 se
3031 3705 3305 3761 amabant.
3348 3705 3497 3762 Unde
3527 3723 3681 3762 nunc

2078 3796 2327 3866 sequitur
2347 3812 2362 3850 :

2152 3884 2220 3940 Et
2250 3887 2366 3940 ait:
2396 3884 2543 3957 Rogo
2571 3902 2693 3957 ergo
2718 3895 2788 3952 te,
2815 3883 2999 3953 Pater,
3039 3896 3094 3942 ut
3136 3886 3315 3942 mittas
3353 3903 3473 3941 eum
3494 3887 3550 3941 in
3575 3888 3679 3944 do-

2080 3993 2221 4030 mum
2249 3976 2417 4048 patris
2454 3977 2576 4031 mei.
2622 3975 2805 4031 Habeo
2847 3974 2985 4031 enim
3011 3977 3238 4048 quinque
3275 3976 3489 4047 fratres,
3514 3988 3574 4032 ut
3599 3987 3679 4033 te-

2078 4076 2246 4121 stetur
2266 4066 2370 4123 illis
2397 4084 2462 4122 ne
2499 4078 2547 4121 et
2590 4067 2690 4137 ipsi
2732 4068 2938 4121 veniant
2972 4066 3028 4120 in
3056 4066 3227 4120 locum
3254 4066 3395 4121 hunc
3436 4076 3665 4122 tormen-

2079 4167 2273 4211 torum.
2305 4156 2422 4224 Qua
2456 4156 2511 4212 in
2540 4171 2599 4211 re
2645 4157 2963 4222 notandum,
3010 4157 3222 4212 ardenti
3270 4156 3421 4212 diviti
3469 4167 3674 4226 quanta

2080 4248 2147 4302 ad
2171 4248 2496 4318 supplicium
2520 4247 2881 4304 cumulantur.
2907 4248 2990 4302 Ad
3017 4263 3235 4318 poenam
3262 4263 3495 4319 namque
3515 4264 3676 4303 suam

2081 4339 2207 4394 eiet
2234 4339 2470 4410 cognitio
2491 4348 2740 4394 servatur
2775 4347 2831 4395 et
2875 4339 3158 4394 memoria.
3208 4339 3496 4411 Cognoscit
3524 4341 3676 4395 enim

397 4413 650 4510 sdperius
703 4441 903 4496 dictum
932 4450 1054 4496 est:
1085 4441 1210 4511 quia
1243 4440 1295 4495 in
1337 4413 1440 4495 hac
1465 4440 1573 4495 vita
1605 4440 1843 4497 Lazarus
1882 4458 1974 4497 ca-

2084 4428 2365 4494 Lazarum,
2393 4443 2551 4497 quem
2598 4428 2863 4498 despexit,
2918 4428 3147 4483 fratrum
3192 4444 3407 4500 quoque
3448 4444 3676 4484 suorum

397 4531 588 4584 dentes
618 4530 786 4585 micas
807 4531 872 4585 de
901 4545 1086 4585 mensa
1113 4530 1295 4586 divitis
1328 4532 1624 4600 quaerebat,
1648 4540 1696 4585 et
1728 4547 1876 4585 nemo
1896 4531 1975 4585 illi

396 4620 577 4680 dabat,
607 4636 750 4674 nunc
773 4620 839 4674 de
873 4622 1130 4691 supplicio
1160 4622 1340 4677 divitis
1386 4623 1585 4677 dicitur
1607 4623 1732 4691 quia
1778 4623 1843 4678 de
1883 4639 1976 4678 ex-

401 4722 575 4766 tremo
602 4711 770 4782 digito
795 4710 984 4766 Lazari
1014 4713 1261 4769 distillari
1288 4731 1483 4785 aquam
1520 4716 1573 4769 in
1596 4731 1695 4771 ore
1724 4731 1823 4772 suo
1848 4732 1978 4773 con-

398 4804 644 4874 cupiscit.
675 4804 774 4871 Qui
796 4817 928 4873 ergo
960 4819 1158 4859 mensae
1183 4822 1293 4861 sua:
1334 4806 1417 4862 vel
1466 4808 1684 4862 minima
1726 4809 1854 4864 dare
1873 4825 1974 4865 uo-

399 4891 522 4958 luit,
552 4894 607 4947 in
634 4893 845 4949 inferno
871 4894 1098 4964 positus,
1138 4911 1311 4966 usque
1347 4899 1413 4951 ad
1439 4900 1659 4953 minima
1683 4902 1973 4970 quaerenda

398 4983 643 5053 pervenit
673 5000 687 5038 :
719 4983 813 5038 sed
840 4984 1131 5039 notandum
1166 4987 1318 5041 valde
1340 4996 1440 5054 est,
1468 4990 1598 5059 quid
1638 4991 1708 5044 sit
1730 4992 1874 5061 quod
1895 4992 1976 5046 di-

396 5087 491 5129 ves
518 5072 573 5128 in
603 5074 726 5144 igne
781 5075 989 5143 positus
1026 5075 1261 5146 linguam
1314 5078 1621 5151 refrigerari
1657 5084 1813 5151 petit.
1862 5083 1977 5139 Mos

397 5162 596 5233 quippe
616 5171 700 5218 est
721 5162 861 5217 sacri
884 5162 1041 5234 elogii
1084 5172 1145 5218 ut
1181 5166 1470 5236 aliquando
1500 5169 1644 5223 aliud
1689 5170 1851 5235 dicat,
1881 5173 1976 5226 sed

397 5265 464 5306 ex
489 5252 676 5307 eodem
707 5253 851 5307 dicto
877 5251 1019 5307 aliud
1057 5253 1263 5337 innuat.
1299 5256 1559 5327 Superius
1609 5260 1752 5313 hunc
1790 5276 1978 5330 super-

395 5343 525 5399 bum
544 5343 766 5399 divitem
786 5344 1045 5400 Dominus
1067 5360 1172 5400 non
1194 5345 1504 5415 loquacitati
1524 5358 1805 5404 vacantem
1825 5350 1976 5405 dive-

396 5443 504 5505 rat,
527 5438 625 5494 sed
671 5436 937 5509 superﬂue
961 5439 1357 5505 convivantem,
1387 5456 1561 5511 neque
1609 5443 1753 5497 hunc
1791 5443 1858 5498 de
1897 5443 1975 5499 lo-

394 5529 667 5597 quacitate
711 5528 969 5594 narravit,
1002 5529 1097 5583 sed
1128 5543 1252 5583 cum
1304 5530 1535 5587 elatione
1584 5541 1640 5587 et
1668 5534 1875 5587 tenacia
1906 5533 1975 5587 de

394 5616 659 5672 edacitate
684 5633 970 5687 peccasse;
1008 5619 1101 5674 sed
1124 5618 1251 5688 quia
1292 5620 1566 5675 abundare
1615 5622 1667 5676 in
1713 5623 1973 5679 conviviis

2080 4520 2343 4584 meminit,
2376 4534 2512 4590 quos
2556 4518 2792 4589 reliquit.
2835 4520 3078 4576 Perfecta
3113 4522 3311 4591 quippe
3347 4521 3398 4576 ei
3444 4521 3579 4575 ultio
3606 4523 3679 4576 de

2079 4633 2315 4689 paupere
2346 4633 2452 4673 non
2496 4629 2661 4684 esset,
2699 4620 2743 4674 si
2786 4621 2929 4676 hunc
2953 4621 3019 4676 de
3050 4622 3407 4677 retributione
3442 4637 3551 4675 non
3580 4637 3649 4675 eo

2082 4719 2383 4781 gnosceret.
2430 4711 2496 4764 Et
2524 4709 2761 4781 perfecta
2806 4726 2965 4781 paena
3013 4713 3067 4767 in
3116 4713 3239 4783 igne
3288 4728 3394 4767 non
3431 4722 3597 4776 esset,
3625 4714 3675 4767 si

2084 4815 2191 4855 nou
2221 4802 2324 4855 hoc
2349 4801 2490 4869 quod
2520 4800 2634 4869 ipse
2659 4802 2864 4871 patitur
2884 4801 2996 4855 suis
3020 4801 3271 4867 timeret;
3301 4812 3359 4857 ut
3387 4818 3520 4872 ergo
3539 4819 3675 4872 pec-

2080 4901 2291 4949 calores
2319 4893 2547 4963 amplius
2574 4895 2627 4947 in
2669 4893 2930 4963 supplicio
2958 4894 3249 4962 puniantur
3274 4903 3331 4950 et
3368 4910 3558 4950 eorum
3595 4898 3679 4951 vi-

2081 4984 2465 5056 dentgloriam,
2478 5000 2616 5055 quos
2639 4995 3167 5056 contempserunt,et
3186 4986 3254 5042 de
3274 4985 3487 5042 illorum
3505 4990 3679 5044 etiam

2083 5091 2242 5147 pmna
2270 5086 2611 5147 torquentur,
2666 5094 2800 5147 quos
2845 5078 3107 5134 inutiliter
3150 5087 3490 5135 amaverunt.
3536 5081 3681 5135 Cre-

2084 5167 2315 5222 dendum
2347 5183 2475 5222 vero
2512 5176 2615 5231 est,
2661 5170 2805 5237 quod
2844 5178 2970 5225 ante
2999 5170 3406 5225 retributionem
3436 5172 3680 5225 extremi

2073 5255 2285 5325 judieii,
2314 5260 2496 5331 injusti
2525 5262 2577 5314 in
2604 5262 2788 5330 requie
2812 5263 3074 5330 quosdam
3098 5260 3274 5332 justos
3300 5263 3680 5332 conspiciunt,

2081 5356 2140 5402 ut
2165 5364 2258 5404 eos
2281 5349 2522 5405 videntes
2537 5351 2589 5404 in
2611 5351 2827 5421 gaudio,
2845 5368 2948 5407 non
2971 5352 3144 5408 solum
3170 5354 3237 5409 de
3258 5368 3356 5407 suo
3381 5354 3680 5424 supplicio,

2079 5441 2172 5496 sed
2202 5442 2366 5495 etiam
2402 5443 2468 5496 de
2508 5442 2720 5497 illorum
2763 5444 2904 5499 bono
2925 5445 3253 5500 crucientur.
3289 5442 3429 5499 Justi
3457 5459 3588 5499 vero
3610 5445 3679 5501 in

2079 5532 2363 5586 tormentis
2398 5533 2906 5600 semperintuentur
2944 5535 3193 5604 injustas,
3222 5544 3281 5588 ut
3308 5534 3435 5591 hinc
3476 5549 3695 5593 eorum

2080 5639 2179 5692 gan
2204 5623 2330 5676 lium
2359 5633 2587 5689 crescat,
2619 5626 2743 5693 quia
2784 5625 2983 5679 malum
3013 5626 3355 5694 conspiciunt
3382 5627 3527 5697 quod
3567 5627 3683 5681 mi-
