3962 6180
306 410 407 468 ἳθτ

302 521 659 582 sericorditer
702 525 1012 585 evaserunt.
1064 515 1347 588 Tantoque
1399 515 1635 587 majores
1666 514 1903 586 creptori
1933 521 1981 593 Α

303 633 403 674 suo
428 613 640 688 gratias
662 612 903 669 referant
930 621 1134 681 quanto
1172 610 1357 666 vident
1399 610 1453 665 in
1481 609 1601 665 aliis
1623 608 1766 680 quod
1802 608 1904 678 ipsi

305 707 517 780 perpeti
543 705 594 760 si
618 713 808 760 essent
838 700 1076 774 neglecti
1119 707 1435 772 potuerunt,
1470 700 1596 769 quia
1625 698 1718 768 qui
1746 709 1902 752 crea-

308 799 443 856 toris
471 796 558 852 sui
584 795 890 852 claritatem
923 792 1131 859 vident,
1173 790 1308 846 nihil
1343 791 1398 846 iu
1446 798 1695 866 creatura
1726 787 1907 858 agitur

306 892 453 964 quod
481 890 671 945 videre
695 902 803 943 non
838 886 1069 958 possint.

382 979 449 1035 Et
485 979 561 1033 ait
601 976 683 1032 illi
711 976 1018 1031 Abraham:
1044 972 1251 1027 Habent
1280 970 1496 1042 Moysen
1523 979 1572 1051 et
1603 969 1906 1041 praphetas,

307 1074 535 1126 audiant
569 1070 711 1126 illos.
746 1064 854 1126 Sed
890 1069 980 1139 qui
1013 1067 1180 1123 verba
1208 1066 1301 1121 Dei
1329 1065 1652 1136 despexerat
1682 1064 1785 1119 hoc
1813 1078 1909 1117 au-

307 1162 429 1216 dire
456 1176 565 1215 non
610 1173 770 1230 posse
814 1173 942 1214 suos
987 1170 1248 1226 sequaces
1276 1154 1600 1219 aestimabat,
1628 1153 1771 1208 unde
1825 1166 1910 1207 re-

308 1251 537 1324 spondit
566 1250 720 1306 dives
743 1268 756 1304 :
1878 1249 1882 1253 ’

386 1344 539 1409 Non,
560 1340 724 1398 Pater
745 1340 1029 1404 Abraham,
1057 1338 1149 1393 sed
1167 1339 1214 1393 si
1230 1339 1346 1410 quis
1365 1356 1430 1394 ea:
1458 1338 1676 1393 mortuis
1688 1335 1815 1392 ierit
1840 1336 1910 1389 ad

307 1454 426 1501 eos,
470 1433 828 1505 paenitentiam
874 1440 1048 1503 agent.
1094 1428 1193 1505 Cui
1241 1444 1365 1484 mox
1412 1427 1594 1491 veraci
1642 1426 1909 1484 sententia

308 1529 519 1585 dicitur
544 1541 561 1581 :

384 1617 449 1674 Si
479 1616 697 1688 Moysen
740 1625 788 1671 et
812 1613 1090 1685 prophetas
1121 1611 1521 1675 non'audiunt,
1541 1627 1703 1681 neque
1724 1610 1772 1665 si
1795 1610 1910 1683 quis

309 1725 381 1763 ex
409 1706 633 1761 mortuis
661 1705 1026 1768 resurrexerit,
1072 1701 1302 1755 credent.
1351 1698 1490 1768 Quia
1534 1699 1791 1784 nimirum
1810 1695 1930 1779 qui.

310 1795 482 1852 verba
509 1784 645 1866 legis
674 1791 993 1863 despiciunt,
1030 1788 1386 1858 redemptoris
1420 1796 1688 1861 praecepta
1714 1786 1807 1856 qui
1843 1801 1911 1841 ex

1414 403 1723 464 HOMILIIE
1763 402 1832 458 lN
1871 399 2128 460 EVANG.
2167 400 2258 458 ET
2295 399 2512 457 EPIST.

3491 401 3598 461 298

2156 515 2342 572 Lectio
2382 513 2559 572 sancti
2597 512 2875 587 Evangelii
2911 514 3207 571 secundum
3236 512 3459 571 Lucam.

2081 605 2149 661 In
2188 605 2282 661 illo
2326 617 2553 678 tempore
2598 607 2733 660 dixit
2777 602 2934 660 Iesus
2976 604 3249 677 discipulis
3289 606 3441 662 suis:
3486 602 3604 662 Sint

2007 696 2170 752 lumbi
2194 698 2346 752 vestri
2369 697 2656 768 pra'cincti,
2687 703 2791 751 etc.

2498 804 2784 863 HOMILIA
2807 805 3096 869 ’LXXVIU.

2674 912 2834 952 FEBIA
2864 912 2935 951 ιν.

2010 988 2197 1043 Lectio
2240 987 2493 1058 Epistolce
2531 988 2592 1042 Β.
2655 986 2809 1042 Pauli
2852 988 3077 1057 apostoli
3119 988 3186 1043 ad
3235 988 3605 1050 Colossenses.

2081 1080 2323 1147 Fratres,
2351 1081 2661 1150 mortiﬁcate
2688 1079 2920 1135 membra
2957 1091 3124 1136 uestra
3157 1099 3273 1153 quia
3300 1094 3420 1139 sunt
3449 1102 3611 1157 super

2010 1183 2225 1236 terram,
2255 1180 2362 1227 etc.
2669 1173 2672 1175 Α

2082 1262 2219 1329 Quia
2257 1263 2593 1319 immortales
2623 1271 2746 1336 post
2780 1264 3238 1319 resurrectionem
3267 1263 3441 1320 eﬁ‘ccti
3473 1280 3605 1337 pec-

2013 1372 2141 1413 care
2177 1356 2319 1410 ultra
2372 1370 2478 1410 non
2514 1355 2835 1425 poterimus,
2888 1355 3144 1411 mortales
3184 1371 3314 1411 vero
3362 1357 3608 1427 sequitur

2014 1452 2344 1516 utpeccent.
2397 1442 2571 1499 Sicuti
2598 1458 2727 1516 ergo
2754 1457 2822 1498 ex
2846 1443 3361 1523 diversistmcmbris
3392 1461 3607 1517 pecca-

2013 1540 2193 1594 torum
2260 1536 2618 1607 compositum
2677 1534 2959 1591 mortalem
3013 1536 3287 1591 hominem
3356 1538 3610 1608 supponit

2010 1638 2233 1701 propter
2259 1628 2402 1698 quod
2431 1636 2487 1683 et
2511 1625 2770 1682 mortales
2795 1626 2934 1681 talia
2979 1641 3143 1697 agere
3192 1628 3426 1699 possint,
3479 1644 3605 1682 nam

2012 1718 2159 1788 quod
2216 1717 2392 1782 dixit,
2442 1715 2675 1802 membra
2719 1731 2838 1795 qua:
2882 1724 3004 1770 sunt
3061 1732 3219 1785 super
3257 1726 3451 1771 terram
3480 1758 3496 1783 ,
3546 1725 3608 1774 ut

2014 1810 2161 1865 dicat
2188 1818 2344 1864 actus
2372 1823 2571 1879 pra-vos
2604 1823 2740 1879 quos
2765 1807 2941 1863 solent
2972 1807 3232 1864 mortales
3257 1809 3432 1879 sequi.
3459 1808 3605 1865 Mor—

311 1886 549 1942 mortuis
574 1883 817 1974 suum?
838 1888 1041 1974 “3’3"”
1067 1879 1247 1935 minus
1270 1876 1590 1974 implgbum!
1621 1885 1772 1974 tam"
1796 1880 1912 1974 {me
1946 1880 1988 1938 Β
2006 1886 2238 1959 ~tiﬁcatis
2267 1876 2397 1973 ergo
2426 1902 2547 1959 istis
2573 1876 2834 1960 membris
2860 1902 3193 1973 resurgimus
3219 1902 3273 1956 in
3304 1876 3409 1957 ﬁ—de
3431 1903 3606 1974 prius.

310 1977 609 2041 diﬂicilius,
658 1981 716 2030 et
748 1970 1019 2067 nimirum
1059 1975 1297 2067 constat,
1340 1967 1660 2067 quia-cujus
1691 1968 1915 2067 implere
2018 1992 2298 2060 Quomodo
2331 1967 2513 2048 ξωιειη
2551 1993 2811 2064 ρηρεαίι
2839 2008 2988 2062 mors
3015 1967 3310 2049 gecundum
3353 1967 3608 2067 ‘spi'ﬁmm

310 2070 463 2125 dicta
509 2052 783 2122 renuunt:
822 2061 889 2117 ei
927 2057 1119 2133 procul
1160 2058 1324 2119 dubio
1367 2058 1591 2114 credere
1638 2064 1912 2114 recusant.

311 2162 465 2218 inter
505 2158 627 2215 haec
665 2153 963 2211 notandum
1004 2159 1108 2217 est,
1138 2150 1282 2222 quod
1308 2148 1359 2205 ei
1384 2148 1601 2214 dicitur,
1633 2157 1910 2216 memento,

310 2255 417 2326 ﬁli,
447 2268 580 2310 ecce
607 2250 754 2307 enim
781 2247 1053 2303 Abraham
1083 2244 1254 2299 ﬁlium
1291 2251 1448 2298 vocat
1492 2257 1650 2313 quem
1680 2230 1912 2297 tamena

314 2353 593 2404 tormento
641 2357 752 2398 non
799 2339 1016 2404 liberat,
1062 2336 1319 2408 quoniam
1351 2332 1512 2409 hujus
1557 2332 1789 2388 inﬁdelis
1818 2347 1914 2404 po—

312 2438 427 2511 puli
454 2433 822 2508 przecedentes
840 2420 1021 2502 patres
1043 2427 1229 2485 ﬁdeles
1249 2426 1377 2498 quia
1403 2418 1602 2481 multos
1634 2442 1664 2480 a
1688 2441 1782 2482 sua
1808 2425 1913 2482 ﬁde

312 2528 567 2585 deviasse
603 2522 969 2587 considerant,
1001 2533 1096 2574 eos
1133 2516 1281 2575 nulla
1320 2516 1698 2587 complssione
1740 2530 1771 2570 a
1802 2525 1913 2570 tor-'-

311 2620 520 2677 mentis
545 2612 807 2688 eripiunt,
842 2629 979 2685 quos
1020 2621 1201 2668 tamen
1249 2625 1345 2681 per
1382 2625 1602 2666 carnem
1648 2609 1788 2665 ﬁlios
1833 2624 1913 2664 re-

307 2716 670 2782 cognoscant.
684 2706 744 2761 In
761 2702 1045 2761 tormentis
1065 2711 1245 2758 autem
1271 2692 1424 2757 dives
1449 2698 1656 2773 positus
1673 2700 1911 2771 quinque

309 2805 520 2861 fratres
560 2800 765 2857 habere
788 2814 849 2855 se
871 2796 1138 2869 perhibet,
1163 2794 1290 2866 quia
1329 2794 1592 2865 superbus
1629 2793 1797 2849 isdem
1821 2790 1912 2847 Ju-

308 2901 506 2955 daicus
530 2894 760 2968 populus
787 2892 881 2964 qui
921 2906 989 2947 ex
1034 2904 1230 2959 magna
1274 2897 1426 2960 parte
1479 2888 1766 2943 damnatus
1802 2894 1907 2956 est,

309 3002 583 3060 sequaces
605 2999 754 3049 suos,
779 2996 915 3053 quos
962 2995 1124 3051 super
1153 2989 1354 3035 terram
1395 2979 1631 3050 reliquit,
1672 2979 1910 3051 quinque

309 3077 567 3135 sensibus
611 3072 854 3150 corporis
902 3070 1113 3131 deditos
1161 3070 1326 3126 novit.
1366 3068 1628 3153 Quinario
1655 3086 1784 3142 ergo
1810 3087 1909 3126 uu-

309 3184 471 3226 mero
506 3166 707 3222 fratres
732 3179 868 3235 quos
898 3163 1192 3233 reliquerat
1219 3163 1512 3233 exprimit:
1548 3163 1675 3234 quia
1719 3177 1813 3221 eos
1839 3164 1907 3220 ad

303 3258 620 3331 spiritalem
653 3254 1075 3324 intelligentiam
1121 3270 1230 3312 non
1267 3269 1554 3327 assurgere
1602 3255 1656 3309 in
1694 3255 1907 3312 inferno
1935 3241 1979 3304 Ο

306 3351 526 3423 positus
552 3347 739 3419 gemit.
769 3344 910 3400 Petit
940 3354 1000 3401 ut
1025 3345 1092 3401 ad
1117 3359 1211 3399 eos
1245 3342 1485 3405 Lazarus
1527 3344 1796 3413 mittatur,
1821 3346 1910 3401 cui

307 3441 459 3512 quod
484 3438 709 3512 Moysen
746 3444 802 3493 et
844 3436 1137 3507 prophetas
1177 3435 1415 3491 habeant
1451 3435 1670 3503 dicitur.
1717 3434 1821 3490 Sed
1852 3444 1911 3491 ut

307 3533 461 3606 quod
498 3546 606 3588 non
642 3516 872 3587 credunt
897 3529 1002 3585 nisi
1025 3527 1148 3599 quis
1170 3543 1237 3583 ex
1264 3529 1496 3591 mortuis
1525 3529 1905 3584 resurrexerit.

306 3627 415 3685 Cui
444 3625 705 3697 protinus~
741 3621 1103 3694 respondetur
1131 3639 1143 3674 :
1173 3618 1232 3676 Si
1271 3619 1489 3692 Moysen
1540 3612 1910 3692 et‘prophetas

308 3733 424 3775 non
452 3716 677 3771 audiunt
707 3730 800 3768 nec
836 3712 883 3766 si
915 3713 1029 3783 quis
1053 3728 1119 3766 ea:
1162 3711 1382 3765 mortuis
1429 3710 1768 3765 resurrexerit
1796 3727 1908 3766 cre-

310 3810 440 3867 dent
466 3810 536 3864 ei.
562 3808 725 3873 Certe
760 3805 826 3861 de
870 3803 1051 3877 Moyse
1072 3802 1290 3859 Veritas
1331 3802 1499 3860 dicit:
1531 3800 1591 3858 Si
1635 3804 1911 3858 crederetis

312 3901 514 3971 Παντὶ,
538 3898 816 3969 crederetis
845 3897 1022 3971 utique
1043 3905 1091 3950 et
1119 3895 1266 3960 mihi,
1293 3895 1360 3951 de
1385 3909 1473 3949 me
1501 3893 1754 3950 enimille
1778 3894 1913 3950 scri-

308 3995 444 4067 psit.
472 3990 732 4063 lmwetur
756 4003 885 4061 ergo
916 3987 1058 4058 quod
1098 4001 1196 4058 per
1229 3986 1460 4041 Abrahae
1505 3984 1911 4055 responsionem

311 4088 535 4152 dicitur,
564 4101 635 4142 ex
686 4084 913 4140 mortuis
960 4082 1103 4138 enim
1146 4076 1402 4137 Dominus
1444 4080 1765 4149 resurrexit,
1817 4082 1912 4137 sed

308 4177 577 4234 Judaicus
622 4174 856 4246 populus
902 4173 1030 4244 quia
1091 4172 1260 4244 Moysi
1310 4171 1537 4228 credere
1588 4169 1760 4227 noluit
1782 4211 1801 4238 ,
1859 4171 1911 4227 ei

309 4269 482 4324 etiam
507 4268 600 4339 qui
629 4265 928 4322 resurrexit
964 4278 1030 4319 ex
1060 4262 1288 4318 mortuis
1311 4262 1534 4318 credere
1562 4264 1909 4335 contempsit.

308 4360 561 4430 Cumque
581 4356 753 4428 Moysi
786 4355 951 4412 verba
995 4353 1349 4424 spiritualiter
1376 4352 1676 4425 intelligere
1706 4354 1910 4419 renuit,

311 4451 389 4507 ad
406 4465 530 4507 eum
561 4447 630 4503 de
653 4461 761 4518 quo
789 4446 997 4518 Moyses
1041 4445 1254 4501 locutus
1282 4444 1463 4499 fuerat
1495 4459 1602 4499 non
1639 4446 1909 4514 pervenit.

311 4540 454 4597 Nam
478 4538 695 4609 Moyses
720 4536 789 4592 de
831 4536 1062 4591 Domino
1102 4544 1290 4611 nostro
1336 4533 1465 4590 Jesu
1513 4533 1912 4611 Christoaudi-

311 4629 525 4686 toribus
550 4608 665 4683 suis
696 4620 776 4681 ita
794 4608 1167 4695 pronuntiavit
1186 4624 1403 4702 dicens:
1421 4608 1743 4707 PrOphetam
1768 4625 1910 4707 vobis

308 4719 588 4777 suscitabit
618 4716 874 4775 Dominus
901 4714 966 4769 de
1008 4714 1260 4785 fratribus
1302 4713 1480 4768 uestris
1526 4724 1776 4786 tanquam
1806 4732 1909 4780 me,

310 4814 489 4883 ipsum
522 4808 770 4863 audietis.
802 4804 959 4862 Unde
977 4805 1155 4861 adhuc
1182 4805 1442 4875 scriptqu
1468 4812 1571 4872 est,
1611 4804 1667 4883 et
1693 4806 1912 4879 quicun-

310 4878 414 4975 que
446 4916 553 4958 non
579 4897 807 4953 audierit
847 4896 1173 4967 prophetam,
1213 4894 1363 4948 illum
1391 4878 1823 4961 exterminabitur
1845 4896 1911 4951 de

312 4992 507 5067 populo
544 5007 667 5056 suo,
709 4989 841 5059 quia
880 4988 992 5058 ipse
1017 4995 1101 5043 cst
1148 4987 1461 5043 Dominator
1488 4988 1608 5043 caeli
1644 4998 1699 5044 et
1728 4998 1908 5056 terrae,

316 5085 409 5142 cui
440 5084 619 5140 honor
646 5091 705 5137 ct
725 5080 899 5152 gloria
920 5081 976 5135 in
1014 5079 1210 5136 saecula
1246 5079 1585 5136 szeculorum.
1620 5081 1811 5137 Amen.

486 5209 541 5249 ιι(
570 5208 770 5248 IATALI
801 5204 1117 5247 SANCTOBUI
1142 5206 1367 5249 NABORIS
1399 5206 1469 5246 ΕΤ
1500 5208 1736 5247 ΝΑΖἈΒῙΙ.

323 5282 616 5339 Lectionem
645 5293 694 5335 et
722 5280 1067 5404 Evangeliluni
1096 5283 1298 5353 require
1331 5280 1586 5337 innatali
1608 5286 1911 5338 sanctorum

928 5368 960 5404 υ
986 5368 1294 5404 unmorum.

927 5368 1294 5423 plurimorum.

607 5444 792 5501 Lectio
817 5444 1070 5515 Epistolzr.
1102 5443 1165 5497 Β.
1205 5444 1350 5499 Petri
1375 5443 1622 5514 apostoli.

394 5539 708 5607 Benedictus
749 5538 1002 5593 Dominus
1047 5535 1184 5592 Deus
1218 5548 1267 5591 et
1317 5536 1479 5594 Pater
1511 5538 1723 5605 Domini
1752 5537 1918 5600 nostri

320 5628 452 5689 Iesu
486 5629 712 5696 Christi,
738 5629 830 5700 qui
872 5616 1158 5684 secundum
1207 5645 1453 5700 magnam
1498 5626 1914 5683 misericordiam

324 5739 475 5780 suam
502 5716 823 5793 regenerauit
848 5733 943 5773 nos
981 5718 1037 5772 in
1073 5734 1216 5788 spent
1254 5718 1423 5775 vivam
1445 5734 1539 5790 per
1578 5717 1916 5773 resurrectio-

330 5832 440 5870 nem
469 5813 600 5869 Iesu
628 5808 827 5865 Christi
858 5824 924 5864 ea:
959 5809 1200 5863 mortuis.

610 5905 883 5965 Psrnot.
932 5902 1065 5963 CX.

2018 2085 2504 2150 resurrectionem,
2557 2099 2679 2155 quae
2721 2092 2807 2140 est
2854 2084 3151 2141 secundum
3198 2086 3481 2157 spiritum,
3530 2087 3612 2143 sic

2016 2190 2352 2251 praecessura
2389 2184 2474 2235 est
2498 2182 2646 2232 mors
2677 2176 2977 2233 secundum
2997 2190 3221 2249 carnem
3252 2177 3612 2235 resurrectio-

2016 2281 2165 2334 nem,
2191 2283 2313 2339 qua:
2342 2266 2524 2322 futura
2548 2274 2632 2323 est
2654 2267 3221 2323 secundum’carnem.

2086 2356 2538 2423 Fornicationem,
2580 2357 2992 2438 immunditiam,
3023 2356 3312 2423 libidinem,
3366 2356 3611 2428 concupi-

2013 2444 2267 2504 scentiam
2298 2448 2517 2518 malam,
2548 2460 2596 2504 et
2619 2449 2917 2517 avaritiam,
2947 2466 3066 2521 qua:
3089 2460 3164 2505 est
3196 2449 3607 2507 simulacrorum

2013 2541 2256 2595 servitus.
2286 2538 2473 2610 Neque
2494 2540 2643 2595 enim
2673 2538 2867 2597 beatus
2894 2539 3187 2612 Apostolus
3215 2541 3284 2596 ad
3314 2542 3613 2599 abscissi'o—

2013 2646 2139 2686 nem
2168 2646 2425 2687 manuum
2454 2640 2548 2687 aut
2585 2620 2783 2703 pedum
2811 2641 2905 2688 aut
2931 2633 3247 2705 genitalium
3287 2634 3483 2691 immiti
3507 2652 3610 2692 nos

2010 2722 2375 2793 praceptione
2425 2722 2721 2794 compellit,
2767 2724 2864 2781 sed
2908 2740 3105 2796 corpus
3149 2726 3359 2796 peccati
3385 2735 3438 2782 et
3485 2742 3609 2798 qua:

2011 2815 2085 2870 sit
2128 2812 2248 2885 ejus
2272 2815 2572 2871 destructio
2620 2825 3016 2894 consequenter
3062 2817 3304 2887 exponit.
3361 2815 3429 2872 Ut
3468 2818 3608 2890 jam,

2012 2905 2205 2977 inquit,-
2242 2921 2347 2960 non
2383 2905 2672 2961 serviamus
2711 2916 2947 2976 peccato,
2991 2922 3023 2961 a
3051 2922 3161 2978 quo
3193 2907 3358 2965 etiam
3382 2923 3441 2963 se
3471 2906 3606 2963 libe-

2011 2994 2123 3051 rari
2150 3010 2276 3051 cum
2302 2993 2509 3065 ejulatu
2536 2994 2777 3067 postulat
2804 2994 3012 3062 dicens,
3066 2994 3252 3068 infelix
3289 2998 3382 3068 ego
3427 2996 3608 3061 homo,

2008 3089 2127 3159 quis
2152 3103 2234 3143 me
2259 3086 2499 3143 liberabit
2527 3087 2591 3142 de
2617 3102 2832 3159 corpore
2860 3088 3043 3143 mortis
3069 3087 3228 3159 hujus
3246 3088 3272 3142 ?
3290 3086 3404 3145 Hoc
3426 3088 3611 3159 itaque

2009 3180 2220 3251 peccati
2255 3166 2454 3253 carpas
2499 3179 2684 3237 multis
2728 3180 2987 3243 vitiorum
3040 3182 3300 3239 membris
3344 3183 3611 3254 probatur

2011 3256 2374 3337 exstruCtum,
2427 3278 2485 3326 et
2510 3270 2579 3325 ad
2612 3270 2730 3341 ejus
2755 3270 2951 3327 attinet
2992 3272 3297 3342 portionem
3344 3271 3609 3345 quidquid

2010 3369 2067 3415 et
2091 3360 2233 3417 facto
2286 3366 2342 3416 et
2390 3360 2535 3416 dicto
2564 3360 2651 3417 vel
2698 3361 3025 3439 cogitatione
3062 3368 3359 3439 peceatur.
3400 3361 3609 3419 Notan-

2010 3450 2138 3505 dum
2184 3450 2328 3522 quod
2371 3449 2638 3506 idolorum
2697 3438 2965 3506 culturam
3023 3450 3310 3508 avaritiam
3356 3438 3604 3519 vocavit,

2010 3539 2165 3608 quasi
2203 3554 2323 3610 quae
2348 3555 2380 3595 a
2428 3539 2780 3597 similitudine
2832 3541 2929 3596 Dei
2958 3556 3054 3598 eos
3095 3543 3269 3613 possit
3326 3544 3605 3603 divellere.

2010 3628 2121 3686 Nec
2147 3631 2291 3685 enim
2344 3630 2603 3701 possibile
2630 3640 2716 3688 est
2739 3640 2801 3685 ut
2843 3632 2967 3702 quis
2992 3647 3052 3699 se
3082 3648 3112 3687 a
3141 3634 3326 3703 pravis
3374 3636 3609 3707 negotiis

2011 3719 2301 3786 abstineat,
2332 3720 2423 3789 qui
2456 3720 2577 3791 plus
2605 3719 2839 3776 habendi
2865 3720 3162 3790 cupiditate
3202 3728 3437 3789 tenetur,
3484 3723 3608 3780 ideo

2011 3811 2295 3867 avaritiam
2324 3811 2590 3869 idolorum
2616 3810 2865 3867 servituti
2909 3820 3210 3889 comparat.
3260 3798 3447 3884 Neque
3493 3814 3599 3871 hoc

2010 3902 2274 3957 silendum
2303 3900 2556 3968 arbitror,
2602 3901 2748 3972 quod
2774 3902 2922 3977 sicut
2976 3900 3352 3960 fornicationis
3404 3919 3607 3977 genera

2010 4004 2139 4051 sunt
2164 3994 2291 4061 tria,
2343 3994 2488 4065 quod
2528 4008 2628 4066 per
2656 3994 3091 4053 commistionem
3121 4010 3285 4051 sexus
3312 4005 3605 4068 utrumque

2010 4082 2290 4153 perﬁcitur
2318 4082 2786 4155 secundum-quod
2815 4083 3022 4154 absque
3045 4081 3281 4141 femineo
3317 4093 3471 4163 tactu,
3507 4101 3611 4158 pro

2010 4190 2119 4245 quo
2160 4172 2411 4230 Jeremiaa
2485 4175 2810 4247 patriarchae
2871 4173 3024 4232 Judae
3085 4175 3229 4233 ﬁlius
3295 4192 3328 4232 a
3378 4177 3610 4234 Domino

2010 4278 2301 4335 percussus
2355 4263 2582 4335 legitur,
2626 4260 2771 4334 quod
2812 4263 2869 4319 in
2916 4262 3212 4336 Scripturis
3252 4265 3458 4320 sanctis
3504 4266 3610 4321 im-

2010 4353 2275 4413 munditia
2325 4361 2703 4425 nuncupatur:
2762 4368 2926 4423 super
2959 4369 3066 4423 quo
3106 4354 3419 4426 Apostolus,
3458 4355 3605 4425 dico,

2012 4444 2187 4515 inquit
2211 4445 2454 4516 innuptis
2494 4452 2550 4500 et
2571 4444 2772 4518 viduis,
2823 4445 3015 4498 bonum
3052 4455 3125 4498 est
3149 4444 3257 4500 illis
3303 4446 3349 4502 si
3373 4446 3449 4501 sic
3486 4464 3608 4518 per-

2014 4544 2313 4593 manserunt
2344 4536 2477 4589 sicut
2503 4550 2617 4605 ego.
2641 4534 2795 4600 Quod
2819 4536 2866 4589 si
2891 4551 2945 4588 se
2972 4550 3077 4589 non
3102 4535 3365 4591 continent
3385 4537 3604 4607 nubant,

2015 4626 2200 4687 melius
2249 4635 2335 4697 est;
2380 4625 2519 4680 enim
2565 4622 2755 4679 nubere
2799 4614 2973 4696 quam'
3003 4626 3087 4679 uri
3115 4666 3131 4692 ,
3182 4626 3407 4683 tertium
3459 4631 3605 4700 quod

2016 4715 2197 4770 animo
2225 4729 2290 4770 ac
2313 4720 2494 4771 mente
2519 4711 2820 4782 concipitur
2842 4712 2908 4767 de
2930 4720 3036 4782 quo
3057 4712 3316 4785 Dominus
3342 4715 3399 4770 in
3425 4715 3608 4772 Evan-

2016 4807 2177 4878 gelia,
2205 4808 2293 4878 qui
2316 4805 2523 4883 viderit,
2550 4804 2647 4870 ait,
2697 4801 2969 4860 mulierem
3011 4804 3081 4860 ad
3131 4808 3604 4883 concupiscendum

2014 4913 2130 4955 eam
2149 4896 2268 4968 jam
2283 4895 2567 4950 moechatus
2590 4904 2673 4974 est.
2693 4910 2807 4949 eam
2829 4895 2884 4949 in
2904 4895 3058 4950 corde
3082 4912 3197 4952 suo.
3214 4894 3293 4954 Ita
3324 4898 3607 4974 pbilargy-

2015 4988 2110 5044 ria:
2153 5001 2349 5060 genera
2399 4994 2524 5042 sunt
2566 4985 2713 5041 tria:
2751 4985 2985 5067 primum
3032 4988 3176 5057 quod
3230 4990 3607 5048 renuntiantes

2014 5078 2218 5133 divitiis
2251 5093 2282 5133 a
2306 5076 2653 5133 facultatibus
2681 5076 2794 5132 suis
2824 5076 3046 5147 spoliari
3077 5094 3185 5135 non
3215 5079 3368 5146 sinit,
3410 5073 3607 5139 secun-

2014 5169 2141 5226 dum
2166 5168 2311 5240 quod
2337 5183 2401 5223 ea
2431 5182 2551 5238 qua:
2575 5182 2606 5221 a
2633 5167 2790 5224 nobis
2834 5168 3079 5238 dispersa
3126 5178 3273 5243 sunt,
3328 5171 3411 5228 vel
3466 5173 3604 5229 indi-

2013 5258 2264 5331 gentibus
2292 5257 2601 5324 distributa,
2640 5250 2918 5323 resumere
2964 5258 3117 5313 nobis
3144 5260 3349 5331 majore
3394 5261 3603 5333 cupidi-

2015 5358 2125 5404 tate
2185 5348 2515 5419 persuadet:
2576 5348 2795 5403 tertlum
2848 5348 2991 5417 quod
3039 5361 3103 5402 ea
3149 5364 3271 5419 qua:
3314 5366 3383 5406 ne
3445 5361 3603 5408 antes

2019 5440 2237 5511 quidem
2258 5434 2664 5512 possidebamu's
2704 5439 2999 5495 desiderari
3031 5448 3087 5494 et
3120 5442 3329 5510 acquiri
3372 5458 3492 5499 com

2020 5531 2120 5598 lit;
2153 5540 2208 5586 et
2251 5539 2312 5585 ut
2342 5531 2659 5607 ostenderet
2680 5529 2947 5600 quomodo
2977 5534 3084 5584 no‘n
3119 5538 3295 5603 potest
3335 5530 3460 5601 quis
3504 5529 3610 5593 ista

2022 5623 2141 5678 sine
2163 5636 2301 5677 noxa
2330 5621 2528 5686 facere,
2556 5628 2764 5694 propter
2801 5638 2939 5692 quer,
2973 5621 3168 5701 inquit,
3215 5621 3353 5675 uenit
3375 5622 3475 5701 ira
3511 5622 3607 5681 Dei

2022 5730 2178 5784 super
2235 5714 2376 5783 ﬁlios
2436 5712 2766 5784 difﬁdentia,
2825 5728 2931 5768 non
2990 5698 3172 5770 solum
3222 5698 3454 5784 peccare
3508 5731 3609 5774 nos

2027 5804 2319 5859 absurdum
2352 5811 2456 5869 est,
2507 5802 2602 5859 sed
2646 5812 2700 5858 et
2739 5811 3086 5874 resurgentes
3120 5802 3168 5859 si
3220 5802 3607 5876 deliquerimus

3010 5898 3086 5959 10
