3962 6180
377 355 486 413 ευρ

1018 354 1079 410 Β.
1121 352 1372 411 RABANI
1410 352 1626 421 MAUBI
1665 351 1983 410 ARCBIEP.
2020 349 2332 415 MOGL'NT.
2376 349 2658 413 OPERUM
2696 349 2877 407 PARS
2915 348 2980 405 ll.

3540 357 3646 412 500

382 479 590 533 patiam
620 466 980 521 necessariam
1004 467 1422 535 expectabimus,
1472 467 1525 520 in
1555 467 1749 537 quibus
1780 475 1835 521 et
1863 482 1956 519 vos
1988 474 2032 529 Α
2132 465 2424 534 Postquam
2468 464 2713 518 hortatus
2757 472 2837 517 est
2884 462 3182 525 aujientes,
3232 470 3291 516 ut
3324 476 3382 519 se
3434 481 3645 537 prrepa-

376 556 696 613 ambulastis
738 556 1028 626 aliquando
1057 572 1179 611 cum
1204 558 1457 612 viveretis
1487 558 1542 612 in
1579 557 1706 623 illis,
1757 556 1955 613 dudum

375 647 592 717 quidem
644 646 940 717 agebantur
986 662 1017 700 a
1061 647 1211 703 vobis
1254 648 1471 718 quando
1524 663 1646 703 cum
1703 646 1955 718 prmseuti

372 736 485 791 vita
519 744 685 792 totam
706 751 856 806 spent
884 744 1120 792 vestram
1160 736 1619 802 demetiebamini,
1670 734 1799 790 nihil
1850 751 1957 789 am-

375 829 518 902 plius
550 837 947 898 exspectantes.

447 917 604 972 Nunc
631 927 803 971 autem
832 917 1068 988 deponite
1104 926 1152 971 et
1201 935 1286 973 ros
1326 918 1521 983 omnia,
1543 917 1654 989 jam
1685 917 1821 972 ultra
1874 932 1959 973 se-

372 1008 607 1065 cundum
632 1007 723 1061 illa
750 1007 931 1061 vivere
954 1023 1048 1062 vos
1076 1023 1180 1062 non
1218 1008 1472 1063 convenit
1515 1008 1607 1077 qui
1637 1008 1873 1062 maxime
1902 1009 1955 1061 in

373 1099 779 1157 immortalitate
809 1099 980 1165 eritis,
1043 1099 1096 1153 in
1126 1115 1233 1170 qua
1258 1100 1553 1155 consistere
1598 1116 1740 1154 nunc
1784 1099 1955 1153 forma

369 1191 778 1248 existimamiui.
821 1189 927 1245 Sed
970 1191 1353 1245 discedendum
1403 1198 1486 1245 est
1533 1191 1690 1245 nobis
1752 1191 1819 1245 ab
1871 1190 1956 1244 his

371 1284 645 1345 omnibus,
671 1289 724 1334 et
749 1282 1013 1351 deponam
1054 1281 1310 1337 debemus
1333 1283 1491 1347 iram,
1522 1281 1952 1352 indignationem,

372 1376 660 1440 malitiam,
710 1372 1113 1445 blasphemiam,
1170 1384 1370 1447 turpem
1416 1376 1704 1429 sermbnem
1752 1372 1819 1426 de
1868 1389 1958 1427 ore

373 1479 568 1524 nostra.
602 1467 891 1522 Sciendum
928 1475 1104 1520 autem
1136 1465 1278 1537 quod
1322 1450 1417 1521 irae
1450 1465 1548 1519 tria
1581 1473 1708 1520 sunt
1733 1478 1950 1535 genera,

372 1573 537 1615 unum
590 1558 733 1628 quod
773 1556 1076 1612 exardescit
1119 1555 1464 1615 intrinsecus.
1515 1553 1661 1609 aliud
1706 1552 1850 1623 quod
1898 1552 1953 1606 in

370 1647 596 1705 verbum
660 1655 717 1704 et
764 1661 898 1717 opus
972 1644 1333 1714 ell'ectumque
1388 1643 1734 1716 prorumpit,
1806 1643 1951 1713 quod

369 1743 552 1798 odium
594 1748 955 1811 nuncupatur,
1004 1737 1071 1794 de
1112 1732 1307 1808 quibus
1348 1745 1403 1793 et
1450 1736 1759 1821 Apostolus,
1809 1750 1950 1789 nunc

2061 565 2246 612 rarent
2282 555 2348 609 ad
2379 555 2557 609 omnia
2598 552 2910 609 sustinenda
2949 570 3048 624 pro
3082 557 3312 613 veritate
3350 568 3513 630 atque
3555 557 3646 627 ju-

2059 648 2223 714 stitia,
2254 655 2309 701 et
2346 661 2451 700 non
2488 646 2883 701 abseomlcrent
2916 644 3145 715 bonum,
3179 650 3321 719 quod
3371 655 3651 722 accepturi

2058 748 2234 807 erant,
2264 741 2358 794 sed
2398 754 2462 793 ea
2500 738 2872 793 benevolentia
2913 740 3183 797 discerent
3210 750 3269 797 ut
3293 754 3522 800 caeteros
3550 744 3648 801 do-

2058 839 2245 887 cerent
2265 846 2369 886 non
2401 830 2467 884 ad
2490 828 2701 884 laudem
2728 846 2898 893 suam,
2919 832 3014 885 sed
3038 832 3104 887 ad
3132 833 3358 903 gloriam
3387 834 3479 889 Dei
3500 836 3646 891 bona

2000 988 2011 993 η
2059 937 2155 977 sua
2179 936 2344 992 opera
2381 920 2703 985 referentes,
2731 921 2918 992 incipit
2945 936 3040 977 eos
3060 923 3424 979 informarcet
3452 926 3648 982 docere

2058 1012 2188 1082 quid
2221 1009 2469 1074 doceant,
2506 1019 2759 1080 tanquam
2784 1011 2827 1066 si
2856 1022 3159 1080 quaererent
3196 1016 3473 1071 dicentes:
3508 1016 3648 1072 Ecce

2059 1102 2294 1157 volumus
2323 1101 2498 1154 omnia
2520 1102 2775 1155 sustinere
2802 1118 2895 1171 pro
2932 1112 3019 1156 tua
3048 1106 3254 1159 nomine
3278 1116 3324 1161 et
3349 1106 3644 1161 doctrinam

2058 1204 2203 1248 tuam
2243 1209 2345 1246 non
2385 1192 2720 1247 abscondere.
2755 1192 2862 1248 Sed
2896 1195 3023 1264 quid
3057 1196 3268 1251 esthoc
3297 1196 3470 1267 ipsum
3498 1198 3647 1268 quod

2057 1293 2210 1339 vetas
2239 1284 2517 1348 abscondi,
2557 1292 2611 1338 et
2645 1299 2745 1354 pro
2786 1299 2892 1354 quo
2938 1282 3096 1353 jubes
3147 1289 3326 1342 omnia
3376 1287 3592 1344 tolerari
3624 1307 3640 1344 :

2056 1372 2297 1443 nunquid
2342 1372 2484 1428 aliud
2545 1373 2788 1428 dicturus
2824 1389 2882 1429 es
2921 1385 3109 1431 contra
3158 1392 3223 1431 ea
3259 1391 3379 1446 quas
3419 1378 3472 1433 in
3521 1377 3643 1450 lege

2057 1467 2257 1536 scripta
2303 1474 2472 1521 sunt:
2505 1482 2627 1531 non,
2663 1464 2857 1535 inquit,
2907 1467 3065 1522 nolite
3109 1470 3253 1523 enim
3293 1480 3479 1541 putare
3506 1488 3640 1540 quo-

2057 1561 2199 1614 niam
2228 1560 2339 1613 t'eni
2361 1557 2557 1612 solvere
2585 1557 2749 1627 legem
2778 1568 2868 1611 aut
2898 1560 3196 1630 prophetas.
3241 1560 3364 1615 Non
3395 1565 3511 1617 veni
3530 1563 3641 1617 sol-

2054 1666 2170 1704 vere
2197 1649 2287 1703 sed
2312 1648 2614 1719 adimplere.
2638 1648 2695 1703 In
2724 1648 2826 1703 bac
2845 1650 2989 1703 enim
3014 1654 3278 1707 sententia
3305 1669 3497 1710 sensus
3544 1659 3643 1711 du-

2054 1741 2177 1812 plex
2216 1749 2318 1805 est,
2380 1747 2434 1794 ct
2483 1739 2776 1794 secundum
2834 1750 3123 1810 utrumque
3172 1747 3483 1801 tractandus
3533 1757 3637 1802 est.

371 1844 545 1888 autem
569 1832 828 1902 deponite,
888 1831 1080 1901 inquit,
1110 1839 1157 1885 et
1189 1847 1274 1885 vos
1308 1830 1505 1894 omnia,
1539 1829 1673 1883 iram
1723 1839 1770 1882 et
1809 1828 1949 1881 indi-
1983 1837 2026 1896 Β
2053 1831 2188 1886 Nam
2230 1830 2322 1900 qui
2357 1828 2508 1893 dicit,
2560 1845 2661 1882 non
2691 1829 2803 1882 veni
2852 1829 3049 1886 solvere
3091 1831 3276 1904 legem,
3308 1834 3399 1889 sed
3461 1836 3640 1890 adiut-

368 1925 663 1994 gnationem
682 1940 701 1988 ;
718 1921 929 1977 tertium
954 1921 1095 1990 quod
1122 1936 1227 1974 non
1244 1918 1412 1974 utilia
1434 1918 1648 1973 fervens
1672 1916 1739 1972 ad
1758 1918 1948 1971 horam

369 2008 656 2086 digeritur,
689 2013 783 2068 sed
808 2027 904 2082 per
940 2012 1053 2067 dies
1073 2018 1129 2066 et
1172 2019 1418 2079 tempora
1448 2016 1760 2065 reservatur
1807 2004 1950 2076 quod

368 2106 496 2161 anui
520 2115 734 2161 centum
757 2104 975 2168 dicitur,
1011 2117 1130 2171 qua:
1150 2100 1331 2155 omnia
1361 2099 1553 2170 mquaii
1584 2106 1709 2154 sunt
1739 2113 1768 2152 a
1790 2090 1951 2152 nobis

369 2200 595 2254 horrore
640 2197 964 2253 damnanda.
1028 2193 1368 2265 Quapropter
1418 2193 1462 2247 si
1485 2192 1632 2247 illam
1684 2206 1949 2246 summam

366 2295 531 2351 divini
583 2294 792 2366 praemii
836 2293 1083 2364 cupimus
1134 2290 1361 2361 adipisci
1420 2289 1488 2347 de
1557 2304 1662 2359 quo
1726 2289 1947 2353 dicitur,

369 2388 521 2443 Beati
543 2388 738 2441 mundo
765 2384 943 2450 corde,
971 2383 1219 2455 quoniam
1240 2382 1339 2452 ipsi
1372 2380 1535 2436 Deum
1555 2379 1817 2445 videbunt,
1840 2394 1947 2433 non

367 2477 539 2535 solum
591 2478 708 2533 haec
748 2490 779 2530 e
817 2473 1018 2530 nostris
1063 2471 1273 2528 actibus
1317 2471 1646 2543 amputanda
1692 2479 1795 2537 est,
1856 2472 1951 2527 scd

366 2567 530 2622 etiam
553 2567 618 2621 de
638 2564 849 2621 intimis
872 2564 1065 2619 animas
1085 2561 1344 2618 radicitus
1365 2561 1733 2631 exstirpanda.

440 2652 619 2709 Nolite
679 2652 889 2708 mentiri
960 2652 1196 2706 invicem:
1263 2650 1381 2705 Non
1426 2650 1560 2707 dixit
1609 2648 1949 2714 alterutrum,

366 2746 459 2802 sed
508 2745 758 2809 invicem,
792 2744 895 2798 hoc
940 2743 1084 2798 enim
1130 2742 1247 2795 vult
1293 2742 1495 2806 dicere,
1547 2738 1803 2809 quoniam
1841 2755 1947 2794 non

367 2845 451 2891 est
486 2837 691 2907 justum
730 2841 789 2888 ut
827 2848 948 2889 cum
988 2832 1329 2891 simulatione
1356 2831 1507 2885 vobis
1548 2832 1801 2894 narratis,
1856 2829 1951 2884 sed
1996 2894 2003 2897 _

369 2928 581 2982 sincera
640 2930 840 2979 mente.
904 2923 970 2978 Et
1022 2922 1275 2993 quoniam
1329 2921 1570 2974 membra
1630 2916 1948 2983 nominavit,

370 3026 527 3074 actus
572 3014 807 3085 seipsum
843 3022 1130 3084 sequentes
1157 3010 1358 3079 adjicit.

442 3106 807 3179 Exspatiantes
821 3122 905 3160 vos
922 3115 1134 3159 veterem
1160 3103 1419 3157 hominm
1440 3118 1555 3156 cum
1586 3102 1786 3155 actibus
1812 3100 1948 3171 ejus.

2051 1920 2216 1992 plere,
2243 1929 2337 1975 aut
2380 1919 2624 1975 addendo
2665 1918 2795 1973 dicit
2825 1923 2967 1990 quod
2997 1923 3175 1980 minus
3212 1924 3401 1991 habet,
3437 1936 3533 1980 aut
3562 1930 3642 1980 l'a-

2052 2014 2244 2070 ciendo
2290 2015 2433 2085 quod
2473 2015 2655 2070 habet.
2689 2017 2832 2088 Ergo
2861 2016 3013 2087 prius
3057 2018 3463 2073 consideremus
3496 2019 3640 2088 quod

2051 2105 2228 2176 primo
2250 2106 2423 2177 posui.
2467 2107 2603 2162 Nam
2617 2109 2709 2179 qui
2739 2108 2946 2167 addidit
2968 2108 3110 2178 quod
3139 2108 3318 2163 minus
3340 2108 3502 2164 habet
3533 2126 3639 2164 non

2052 2196 2238 2266 utique
2254 2196 2412 2252 solvit
2434 2198 2575 2267 quod
2592 2199 2816 2263 invenit,
2836 2197 2928 2254 sed
2955 2197 3126 2269 magis
3149 2197 3476 2267 perﬁciendo
3505 2215 3639 2254 con-

2052 2287 2305 2342 ﬁrmavit.
2330 2287 2454 2344 Sive
2469 2304 2598 2361 ergo
2619 2305 2682 2344 ea
2696 2306 2815 2361 qua:
2826 2290 2892 2344 de
2913 2305 2970 2345 se
2996 2290 3311 2359 prophetata
3343 2297 3469 2346 sunt
3492 2308 3643 2347 com-

2050 2377 2199 2447 plere
2213 2380 2360 2434 venit
2392 2379 2929 2445 inhumauatus,sive
2966 2379 3053 2437 illa
3075 2395 3194 2450 qtue
3224 2388 3381 2434 antea
3417 2392 3641 2451 propter

2052 2467 2421 2524 inﬁrmitatem
2449 2471 2781 2541 audientium
2808 2471 2957 2525 rudia
2975 2478 3029 2525 et
3054 2469 3365 2541 imperfecta
3424 2470 3641 2527 fuerant

2052 2560 2341 2630 complere,
2359 2563 2494 2617 iram
2525 2562 2715 2617 tollens
2746 2571 2800 2617 et
2822 2562 2991 2617 vicem
3023 2562 3236 2617 talionis
3256 2562 3549 2618 excludens
3582 2573 3641 2619 et

2052 2653 2317 2706 occultam
2340 2652 2392 2706 in
2408 2662 2587 2707 mente
2599 2652 3091 2723 concupiscentiam
3106 2653 3303 2723 habere
3318 2652 3635 2723 prohibens.

2122 2744 2311 2810 Amen,
2356 2745 2553 2815 quippe
2585 2785 2600 2810 ,
2635 2746 2751 2800 dico
2809 2745 2973 2810 vobis,
3025 2745 3189 2798 donec
3238 2716 3470 2799 ira-used:
3530 2760 3637 2798 cce-

2052 2832 2159 2887 lum
2195 2842 2242 2888 et
2289 2844 2453 2899 terra,
2480 2836 2584 2889 iota
2630 2852 2793 2889 unum
2828 2845 2917 2888 aut
2956 2851 3092 2888 unus
3122 2850 3255 2904 apes:
3278 2850 3380 2887 non
3415 2843 3638 2903 pra'ter—

2052 2925 2141 2978 ibit
2193 2943 2226 2977 a
2276 2924 2384 2996 lege
2428 2925 2592 2979 donec
2641 2926 2817 2978 omnia
2859 2924 3010 2993 ﬁant.
3061 2923 3460 2978 Promittontur
3504 2923 3631 2977 εαξη

2053 3015 2176 3071 novi
2242 3023 2296 3071 et
2348 3025 2489 3071 terra
2554 3030 2694 3070 nova
2760 3031 2880 3084 qua:
2936 3001 3178 3070 facturus
3234 3022 3318 3068 est
3373 3013 3637 3068 Dominus

2053 3110 2211 3172 Deus,
2268 3110 2311 3165 si
2362 3109 2505 3163 enim
2555 3124 2692 3164 n0va
2748 3108 2979 3164 creanda
3033 3114 3182 3170 sunt,
3241 3114 3640 3176 consequenter

370 3202 449 3260 Ex
474 3201 699 3272 integro,
728 3199 920 3269 inquit,
939 3194 1310 3252 convenit'vos
1326 3194 1606 3249 mortalem
1623 3193 1952 3263 deponentes
1977 3179 2022 3241 C
2054 3200 2169 3254 haec
2214 3206 2373 3254 erunt
2409 3197 2724 3252 transitura.
2777 3195 2929 3264 Quod
2980 3205 3160 3250 autem
3216 3194 3482 3264 sequitur,
3514 3191 3638 3246 lam

370 3293 642 3350 hominem
652 3333 665 3356 ,
683 3292 948 3362 deponere
959 3288 1119 3344 etiam
1132 3295 1188 3342 et
1204 3293 1357 3341 actus
1371 3293 1763 3356 consequentes
1775 3284 1945 3339 illum.

430 3379 502 3439 Et
515 3382 715 3437 induite
740 3395 945 3445 norum,
961 3394 1079 3432 eum
1094 3376 1183 3448 qui
1199 3384 1475 3430 renovatur
1486 3374 1541 3428 in
1556 3374 1817 3445 agnitione
1832 3372 1949 3439 Dei,

374 3474 658 3530 secundum
675 3471 952 3543 imaginem
978 3469 1091 3540 ejus
1104 3468 1192 3540 qui
1212 3466 1401 3521 crearit
1422 3482 1559 3520 eum.
1576 3465 1948 3520 Consentanea

369 3579 531 3636 agere
574 3560 784 3618 debetis
819 3560 946 3615 huic
998 3574 1158 3621 novo,
1174 3555 1521 3627 queminduti
1537 3555 1947 3621 estis,renovati

366 3646 422 3709 et
450 3653 577 3709 facti
606 3652 902 3709 secundum
932 3650 1221 3721 imaginem
1252 3647 1394 3717 ejus,
1425 3646 1516 3716 qui
1542 3645 1946 3700 istius—recrea-

370 3744 534 3799 tionis
563 3744 715 3799 nobis
759 3750 951 3796 auctor
985 3738 1211 3803 exstitit,
1241 3745 1302 3791 ut
1328 3736 1583 3792 dicamini
1621 3734 1945 3791 Christiani:

370 3834 554 3902 Itaque
581 3830 1020 3886 iuconvertibiles
1047 3841 1266 3883 manere
1286 3843 1382 3883 vos
1413 3827 1465 3881 in
1488 3827 1629 3882 bono
1648 3840 1747 3896 per
1768 3826 1947 3881 omnia

370 3922 643 3985 convenit,
674 3919 777 3975 hoc
804 3918 948 3973 enim
974 3918 1122 3971 vobis
1151 3918 1201 3970 in
1238 3917 1418 3971 futuro
1464 3916 1637 3972 aderit
1679 3931 1779 3987 pro
1818 3931 1946 3986 pos-

371 4011 629 4066 sibilitate
676 4009 730 4065 in
777 4008 1025 4079 praesenti
1088 4006 1219 4060 vita.
1291 4006 1494 4061 Deinde
1554 4015 1609 4061 et
1658 4007 1949 4062 ostendens

374 4103 534 4175 hujus
570 4100 918 4158 recreationis
943 4098 1171 4161 bonum,
1212 4096 1426 4167 inquit:

445 4193 544 4251 Ubi
574 4211 675 4250 non
689 4202 762 4248 est
779 4191 984 4264 gentilis
1011 4199 1056 4245 et
1075 4187 1319 4254 Juda’us,
1341 4187 1662 4242 circumcisio
1676 4199 1722 4242 et
1738 4203 1915 4259 prtepn
1930 4217 1947 4228 -

370 4287 782 4356 tium,barbarus
803 4294 850 4340 et
866 4282 1077 4354 Scytha,
1100 4296 1277 4335 servus
1289 4288 1336 4334 et
1357 4278 1505 4345 liber,
1528 4279 1617 4333 sed
1633 4279 1806 4333 omnia
1821 4288 1866 4333 et
1893 4279 1949 4333 in

371 4381 609 4437 omnibus
636 4374 896 4435 Christus.
920 4374 991 4430 At
1024 4371 1421 4442 ubi,inquit,in
1464 4371 1551 4425 illa
1598 4369 1950 4426 transforma-

373 4474 519 4528 tione
533 4468 959 4532 constiterimus,
981 4463 1122 4520 ultra
1148 4476 1255 4519 non
1272 4459 1656 4518 eritdiscretus
1669 4457 1884 4513 Iudaeus
1894 4465 1949 4513 et

373 4558 607 4634 gentilis,
634 4574 757 4614 nam
788 4553 1215 4613 circumcisionis
1248 4560 1302 4608 et
1322 4564 1388 4623 pr
1413 4550 1569 4621 :putii
1598 4548 1851 4605 discretio
1871 4549 1953 4603 in-

372 4657 640 4721 terempta
667 4656 767 4712 est,
798 4662 864 4704 eo
890 4645 1032 4718 quod
1057 4643 1393 4701 immortales
1422 4655 1608 4697 sumus
1629 4640 1825 4703 eﬁ‘ecti,
1875 4640 1950 4695 ita

372 4749 432 4795 ut
461 4750 632 4811 neque
652 4735 937 4802 barbarus,
958 4751 1133 4806 neque
1158 4734 1334 4800 liberi,
1354 4749 1527 4804 neque
1568 4733 1709 4788 servi
1744 4730 1950 4803 possint

374 4831 601 4886 ulterius
624 4827 877 4901 perspici,
918 4825 1135 4883 Christo
1172 4825 1226 4880 in
1262 4824 1516 4880 omnibus
1535 4831 1849 4894 apparente,
1880 4821 1947 4877 ad

371 4922 526 4992 cujus
573 4920 978 4979 similitudinem
1022 4918 1427 4974 immortalitate
1474 4917 1765 4988 potiemur,
1803 4930 1946 4985 pra:-

373 5020 551 5067 stante
580 5011 695 5081 ipso
722 5009 961 5064 omnium
994 5008 1259 5063 bonorum
1286 5005 1563 5077 largitore,
1592 5006 1685 5076 qui
1738 5005 1869 5059 vivit
1896 5010 1952 5059 et

377 5111 566 5175 regnat
611 5116 735 5157 cum
777 5100 887 5157 Deo
945 5097 1104 5154 Patre
1142 5098 1195 5153 in
1250 5098 1457 5154 unitate
1504 5097 1741 5168 Spiritus
1779 5097 1951 5154 saucti

372 5208 470 5267 per
505 5191 685 5249 omnia
716 5189 911 5246 saecula
940 5187 1277 5244 saeculorum.
1309 5187 1501 5243 Amen.

894 5297 1172 5356 HOMILIA
1209 5295 1447 5354 LXXIX.

965 5404 1096 5446 ιτει
1116 5403 1273 5444 Ρεωλ
1310 5403 1383 5444 ιγ.

461 5478 651 5540 Lectio
682 5480 860 5540 sancti
887 5479 1160 5550 Evangelii
1203 5478 1499 5534 secundum
1530 5478 1861 5533 Matthazum.

442 5559 513 5627 Its
536 5571 629 5626 illo
648 5581 876 5643 tempore
917 5568 1049 5624 dixit
1068 5566 1225 5624 Iesus
1263 5567 1533 5639 discipulis
1567 5568 1677 5622 suis
1710 5582 1726 5622 :
1772 5564 1952 5622 Nolite

371 5672 554 5733 putare
572 5663 818 5733 quoniam
842 5661 957 5717 veni
979 5657 1174 5715 solvere
1193 5657 1355 5729 legem
1383 5666 1474 5713 aut
1497 5658 1772 5729 prophetas
1802 5673 1820 5713 :
1846 5673 1951 5713 non

373 5753 489 5808 veni
511 5752 727 5820 soluere,
755 5753 846 5808 sed
882 5750 1191 5823 adimplere,
1218 5759 1323 5806 etc.

2050 3307 2213 3344 unum
2241 3300 2332 3343 aut
2355 3306 2489 3344 unus
2512 3306 2644 3360 apex
2660 3305 2762 3342 non
2783 3288 3069 3358 prwteribit
3104 3304 3137 3340 a
3168 3285 3277 3357 lege
3310 3287 3476 3339 donec
3524 3286 3641 3338 Iure

2050 3382 2224 3436 omiiia
2256 3380 2408 3451 ﬁant,
2445 3396 2512 3435 ex
2541 3378 2709 3450 ﬁgura
2738 3377 2931 3433 littera:
2970 3377 3274 3433 ostenditur
3298 3376 3441 3445 quod
3470 3377 3639 3429 etiam

2050 3491 2170 3546 quae
2214 3474 2435 3529 minima
2478 3481 2738 3543 putantur
2778 3472 2831 3525 in
2882 3471 3001 3542 lege
3033 3467 3386 3525 sacramentis
3427 3468 3639 3537 speciao

2050 3566 2188 3621 libus
2238 3565 2392 3635 plena
2429 3571 2574 3629 sunt,
2606 3571 2662 3618 et
2693 3563 2875 3619 omnia
2909 3559 3329 3631 recapitulantur
3354 3558 3409 3613 in
3459 3558 3640 3638 Evan-

2049 3654 2207 3727 gelio.
2264 3654 2406 3709 Inter
2439 3650 2647 3708 litteras
2702 3665 2850 3721 ergo,
2902 3650 3012 3705 Iota
3044 3651 3221 3704 minor
3267 3658 3349 3704 est
3396 3649 3632 3711 caeteris,

2050 3762 2170 3817 qua:
2195 3763 2301 3803 uno
2325 3748 2467 3803 dicto
2493 3747 2570 3813 lit,
2591 3762 2726 3817 apex
2750 3755 2929 3801 autem
2957 3746 3119 3801 etiam
3152 3744 3320 3814 ipsius
3343 3754 3427 3799 est
3449 3743 3632 3813 aliqua

2051 3840 2104 3894 in
2145 3856 2353 3894 summa
2393 3839 2676 3911 particula,
2737 3838 2934 3908 quibus
2967 3836 3149 3891 verbis
3175 3835 3412 3890 ostendit
3436 3834 3487 3888 in
3516 3836 3637 3906 lege

2050 3932 2115 3986 ad
2159 3930 2403 3986 eﬁ'cctum
2457 3931 2621 3986 etiam
2667 3930 2889 3984 minima
2942 3943 3169 3998 quaeque
3204 3927 3448 3997 produci.
3496 3928 3641 3997 Apte

2050 4031 2231 4078 autem
2280 4020 2390 4076 Iota
2417 4019 2663 4076 Grzccum
2709 4027 2765 4074 et
2807 4035 2913 4073 non
2945 4018 3061 4072 Ioth
3111 4016 3394 4072 Hebraeum
3425 4017 3636 4085 posuit,

2048 4114 2174 4183 quia
2231 4113 2343 4167 Iota
2397 4113 2450 4167 in
2504 4124 2727 4165 numero
2767 4108 2814 4163 Χ
2862 4106 3170 4178 significat,
3213 4115 3267 4164 et
3317 4105 3636 4174 dccalogum

2050 4205 2183 4277 legis
2209 4213 2508 4270 enumerat,
2533 4201 2686 4272 cujus
2722 4200 2940 4271 quidem
2981 4215 3114 4269 apex
3160 4206 3214 4252 et
3251 4195 3512 4268 perfectio
3549 4204 3638 4251 est

2050 4295 2421 4367 Evangelium.

2122 4388 2248 4454 Qui,
2271 4402 2419 4459 ergo,
2452 4385 2657 4440 solverit
2685 4401 2846 4440 unum
2878 4383 2941 4438 de
2980 4380 3243 4437 mandatis
3266 4379 3379 4433 istis
3399 4379 3637 4431 minimis

2053 4488 2100 4533 et
2122 4478 2356 4533 docuerit
2389 4478 2463 4532 sic
2510 4477 2765 4540 homines,
2810 4474 3057 4529 minimus
3098 4470 3367 4527 vocabitur
3392 4469 3446 4524 in
3470 4485 3637 4539 regno

2055 4567 2319 4622 caelorum.
2356 4566 2542 4638 Itaque
2579 4580 2679 4621 nec
2714 4564 2934 4620 minima
2981 4562 3197 4632 quidem
3244 4560 3634 4638 mandatorum

2053 4657 2168 4723 Dei,
2205 4657 2307 4712 nisi
2340 4673 2461 4711 cum
2500 4656 2710 4726 piaculo
2756 4653 2849 4709 Dei
2899 4652 3175 4708 consrituti
3200 4665 3321 4706 esse
3350 4647 3632 4712 solvenda,

2049 4749 2259 4805 futuros
2298 4750 2569 4812 minimos,
2605 4748 2656 4802 id
2687 4755 2767 4802 est
2815 4744 3135 4801 novissimos
3160 4758 3225 4798 ac
3264 4756 3423 4813 paene
3455 4740 3637 4797 nullos

2049 4842 2370 4897 denuntians
2406 4841 2626 4895 minima
2668 4838 2951 4894 solventes.
2990 4835 3146 4890 Nulla
3176 4843 3354 4889 autem
3398 4833 3482 4888 his
3523 4834 3635 4888 mi.

2048 4947 2183 4987 nora
2211 4938 2438 5001 possunt
2476 4944 2615 4992 esse,
2646 4942 2767 4997 qua:
2788 4926 3008 4981 minima
3041 4933 3190 4989 sunt,
3218 4923 3498 4979 minimum
3546 4932 3642 4977 est

2057 5030 2238 5076 autem
2258 5021 2519 5086 omnium,
2543 5016 2753 5074 Domini
2779 5017 2957 5088 passio
2985 5023 3041 5070 et
3062 5014 3242 5069 crucis
3272 5027 3437 5076 mors,
3467 5026 3638 5081 quam

2057 5112 2103 5167 si
2128 5111 2250 5180 quis
2298 5119 2552 5179 tanquam
2580 5106 3001 5163 erubescendam
3022 5119 3129 5159 non
3147 5102 3509 5165 conﬁtebitur,
3526 5101 3645 5155 erit

2057 5202 2331 5265 minimus,
2380 5197 2658 5255 conﬁtenti
2695 5210 2829 5253 vero
2851 5210 3059 5267 magna:
3089 5195 3145 5249 in
3174 5193 3312 5248 coelo
3334 5191 3640 5246 vocationis

2055 5291 2280 5362 gloriam
2308 5290 2615 5361 pollicetur.
2643 5288 2816 5343 Aliter
2839 5296 3019 5342 autem
3045 5284 3296 5357 suggillat
3327 5283 3641 5339 Pharisaeos

2056 5381 2428 5452 hoccapitulo,
2454 5381 2545 5451 qui
2575 5379 2900 5448 contemptis
2915 5377 3179 5433 mandatis
3207 5375 3304 5430 Dei
3326 5382 3643 5430 statuemus

2049 5475 2298 5543 proprias
2322 5472 2640 5527 traditiones
2665 5471 2808 5541 quod
2836 5485 2943 5524 non
2980 5470 3060 5525 eis
3089 5468 3259 5540 prosit
3286 5468 3535 5523 doctrina
3575 5467 3641 5523 in

2052 5561 2282 5635 populis,
2315 5562 2360 5618 si
2394 5561 2478 5617 vel
2515 5575 2740 5632 parvum
2782 5561 2925 5632 quod
2957 5561 3011 5614 in
3052 5558 3169 5631 lege
3195 5565 3525 5630 praeceptum
3548 5567 3645 5613 est

2054 5657 2354 5713 destruant.
2408 5653 2656 5710 Mandata
2685 5667 2815 5724 ergo
2852 5653 3075 5709 minima
3116 5652 3493 5723 signiﬁcantur
3536 5663 3647 5720 per

2054 5759 2220 5800 unum
2249 5741 2424 5801 lotam
2453 5751 2544 5797 aut
2584 5757 2750 5797 unum
2777 5741 3007 5812 apicem,
3061 5743 3202 5797 sicut
3238 5754 3403 5811 supra
3445 5749 3644 5796 osten-
