3962 6180
223 384 320 441 5M

1328 384 1634 444 HOMlleE
1674 386 1740 442 ΙΝ
1780 386 2035 444 EV'ANG.
2076 387 2165 443 ET
2206 386 2426 443 EPIST.

3390 392 3499 447 309.

222 513 345 555 sum
381 504 507 563 est;
565 496 656 565 qui
716 511 836 565 ergo
873 493 1077 551 solverit
1115 505 1162 551 et
1205 498 1442 553 docuerit
1483 500 1577 565 sic,
1612 498 1664 553 id
1714 507 1819 564 est,
1851 504 1898 561 Α
1927 506 2146 569 petuum
2176 499 2345 554 vitare
2404 498 2672 569 possimus
2721 500 2977 566 insinuat,
3024 501 3068 556 si
3113 515 3211 556 nos
3251 500 3502 560 videlicet

221 588 525 645 secundum
558 587 612 643 id
658 587 801 656 quod
852 586 1030 653 solvit,
1079 604 1188 644 non
1236 589 1531 644 secundum
1587 590 1639 645 id
1670 591 1813 662 quod

224 680 433 737 invenit
456 690 513 734 et
537 678 690 749 legit,
719 678 966 734 minimus
989 680 1256 734 vocabitur
1276 680 1331 734 in
1355 697 1511 750 regno
1535 680 1813 736 caelorum:

224 771 316 826 ubi
340 770 448 825 nisi
476 769 658 840 magni
690 784 809 824 esse
839 784 944 823 non
965 777 1212 839 possunt.
1236 768 1420 825 Potest
1443 777 1499 824 et
1542 771 1647 824 hoc
1700 784 1815 825 mo-

227 863 421 919 raliter
440 862 647 932 accipi;
670 861 830 917 solvit
851 869 1030 917 autem
1061 862 1372 916 mandatum
1399 863 1493 917 Dei
1522 862 1570 918 is
1588 862 1679 932 qui
1706 878 1814 918 non

227 954 440 1025 implet,
466 968 774 1024 quanquam
797 967 902 1008 non
924 954 978 1007 in
1007 955 1259 1009 mandato
1281 954 1603 1010 solutionem
1625 955 1807 1019 faciat,

216 1035 327 1099 bed
362 1045 415 1097 in
443 1043 756 1112 semetipso,
788 1039 1003 1096 ﬁrmum
1023 1050 1108 1097 est
1130 1044 1272 1097 enim
1305 1042 1398 1099 Dei
1421 1044 1733 1099 mandatum
1761 1051 1817 1099 et

223 1142 417 1207 potest
445 1132 582 1189 solvi
608 1133 898 1202 scriptura,
928 1131 1015 1188 lex
1046 1148 1175 1204 ergo
1212 1134 1608 1203 quodammodo
1633 1133 1815 1205 ligatio

225 1236 338 1291 est,
384 1226 476 1298 qui
513 1233 691 1279 autem
726 1223 1010 1296 ligationes
1033 1224 1131 1280 Dei
1159 1207 1382 1290 Excidit,
1410 1226 1524 1296 ipse
1562 1226 1814 1281 mandata

226 1319 419 1383 solvit,
450 1318 505 1372 in
527 1316 817 1386 semetipso
840 1325 896 1371 et
921 1332 1025 1370 non
1051 1316 1105 1371 in
1136 1317 1285 1388 ipsis.
1304 1318 1452 1373 Talis
1474 1317 1689 1388 quidem
1728 1318 1816 1373 ille

229 1410 499 1465 minimus
524 1407 809 1464 vocabitur
849 1407 902 1460 in
940 1422 1106 1478 regno
1126 1407 1389 1463 ctelorum
1424 1426 1437 1462 :
1470 1408 1596 1479 quia
1622 1410 1813 1479 despe-

226 1499 517 1554 ctissimus
540 1506 624 1552 est
647 1498 700 1551 in
722 1496 962 1553 Ecclesia
995 1507 1327 1553 sanctorum.
1352 1498 1488 1554 Nam
1517 1507 1573 1555 et
1591 1516 1815 1571 regnum

227 1589 497 1645 etelorum
518 1589 609 1644 hic
629 1595 947 1658 prcesentcm
970 1587 1269 1643 Ecclesiam
1282 1588 1571 1660 signiﬁcat,
1597 1590 1737 1645 sicut
1763 1599 1820 1645 et

229 1679 388 1741 alibi,
442 1678 533 1732 ubi
600 1678 856 1748 scriptum
897 1689 1028 1733 est:
1066 1677 1249 1734 Simile
1290 1690 1368 1751 est
1411 1697 1627 1751 regnum
1667 1682 1819 1736 caelo-

230 1786 353 1822 rum
384 1785 595 1839 sagena:
620 1769 795 1823 missa:
816 1768 871 1823 in
898 1786 1041 1823 mare
1057 1786 1075 1834 ;
1106 1778 1163 1826 et
1179 1744 1409 1841 Regnum
1430 1770 1527 1826 Dei
1550 1772 1688 1840 intra
1730 1790 1817 1827 vos

1920 587 2065 657 ipsos
2135 603 2203 643 ne
2261 603 2419 657 quem
2487 588 2743 643 laudamus
2806 590 3135 645 attendimus
3182 629 3197 655 ,
3264 591 3310 646 si
3373 606 3499 662 pec-

1917 689 2129 734 cantem
2182 679 2320 735 caelo
2359 680 2581 749 justitiaa
2626 681 2970 751 corripimus,
3000 682 3048 736 si
3076 696 3141 737 ex
3187 682 3350 738 eorde
3383 698 3503 754 pos-

1916 769 2107 824 nitenti
2136 769 2519 824 misericordiae
2540 769 2858 839 pietatisque
2885 770 3095 826 viscera
3126 758 3432 842 pandimus.

1988 859 2057 913 Et
2079 860 2124 913 si
2160 860 2345 930 septies
2382 859 2437 937 in
2455 860 2538 913 die
2562 861 2841 931 peccaverit
2864 862 2918 914 in
2942 870 3007 924 te,
3039 872 3086 916 et
3112 862 3297 933 septies
3335 863 3389 918 in
3412 861 3499 918 die

1915 965 2193 1004 conversus
2241 949 2398 1019 fuerit
2436 949 2504 1004 ad
2530 960 2599 1016 te,
2638 950 2817 1004 dicens
2839 963 2858 1002 :
2890 948 3108 1005 Paenitet
3150 968 3255 1017 me,
3298 951 3498 1006 dimitte

1915 1040 2017 1097 illi.
2063 1043 2386 1113 Septenario
2414 1056 2641 1098 numero
2672 1059 2780 1098 non
2807 1044 2977 1098 venite
3002 1043 3190 1099 dandae
3232 1046 3498 1102 terminus

1917 1133 2155 1203 ponitur,
2198 1134 2293 1189 sed
2319 1133 2402 1188 vel
2425 1133 2607 1188 omnia
2634 1142 2857 1203 peccata
2887 1132 3204 1189 dimittenda
3240 1135 3325 1188 vel
3357 1148 3501 1190 sem-

1914 1240 2012 1294 per
2039 1226 2325 1296 poenitenti
2358 1225 2733 1280 dimittendum
2772 1226 3101 1297 prtecipitur.
3132 1225 3280 1282 Solet
3300 1225 3502 1283 etenim

1916 1333 2056 1397 saepe
2086 1332 2183 1389 per
2220 1327 2425 1389 septem
2454 1316 2816 1388 cujuscunque
2848 1320 2924 1372 rei
2953 1327 3046 1373 aut
3072 1320 3329 1389 temporis
3371 1321 3498 1375 uni-

1917 1408 2147 1463 versitas
2174 1409 2426 1473 indicari,
2455 1408 2597 1464 unde
2624 1416 2679 1464 et
2711 1409 2766 1465 in
2801 1408 3006 1480 psalmo
3035 1409 3272 1465 canitur:
3302 1408 3501 1481 Septies

1917 1498 1970 1554 in
1994 1499 2078 1553 die
2102 1498 2311 1553 laudem
2334 1499 2443 1553 dixi
2467 1500 2578 1553 tibi.

1990 1586 2059 1640 Et
2091 1587 2335 1641 dixerunt
2377 1586 2599 1659 apostoli
2624 1586 2694 1641 ad
2744 1587 3057 1643 Dominum:
3119 1588 3335 1661 Adauge
3358 1590 3505 1646 nobis

1918 1676 2096 1745 ﬁdem.
2146 1676 2369 1732 Dixerat
2391 1692 2557 1749 super
2581 1678 2861 1744 Dominus,
2889 1679 2979 1749 qui
3000 1678 3173 1747 fidelis
3205 1680 3261 1734 in
3285 1680 3501 1734 minimo

1919 1779 1966 1822 et
1999 1771 2053 1823 in
2083 1770 2283 1840 majore
2312 1769 2483 1839 fidelis
2507 1780 2605 1836 est,
2657 1778 2715 1824 et
2740 1774 2783 1825 si
2832 1770 2887 1824 in
2937 1769 3112 1823 alieno
3165 1769 3352 1825 ﬁdeles
3395 1787 3502 1826 non

227 1871 330 1915 est.
361 1861 466 1924 Qui
494 1867 673 1913 autem
702 1857 888 1913 fecerit
913 1866 967 1913 et
995 1860 1258 1926 docuerit,
1288 1860 1378 1916 hic
1400 1876 1628 1933 magnus
1655 1878 1815 1916 voca-
1852 1849 1894 1906 Β
1924 1861 2122 1928 fuistis,
2165 1862 2307 1933 quod
2338 1871 2575 1917 vestrum
2615 1871 2699 1917 est
2731 1864 2852 1933 quis
2891 1863 3037 1918 dabit
3072 1862 3263 1919 vobis?
3292 1862 3359 1920 Et
3385 1864 3505 1919 ideo

229 1949 380 2004 bitur
404 1950 457 2003 in
476 1964 646 2021 regno
673 1948 968 2015 caelorum;
1000 1949 1054 2004 in
1079 1949 1326 2006 faciendo
1347 1950 1493 2006 enim
1512 1951 1645 2022 legis
1673 1967 1823 2006 man—

231 2044 362 2097 data
407 2042 589 2111 magni
632 2057 827 2125 nomen
851 2050 1091 2098 meretur
1112 2042 1199 2098 ille
1221 2043 1311 2113 qui
1338 2043 1496 2099 docet
1547 2043 1670 2114 quia
1720 2061 1824 2098 non

231 2135 498 2200 doctores,
534 2149 628 2188 nec
659 2133 944 2198 auditores,
975 2132 1067 2187 sed
1111 2133 1335 2203 factores
1385 2134 1512 2205 legis
1557 2135 1826 2205 justi/ica-

233 2227 438 2281 buntur
461 2225 604 2295 apud
632 2223 819 2279 Deum.
853 2224 1058 2292 Quibus
1088 2239 1297 2280 meroes
1343 2225 1543 2280 etenim
1588 2225 1657 2279 ab
1706 2225 1825 2296 ipso

236 2318 512 2371 bonorum
574 2315 818 2371 omnium
862 2314 1117 2387 largitore
1159 2315 1211 2369 in
1253 2314 1434 2370 futuro
1473 2316 1823 2379 retribuetur,

234 2409 471 2463 Domino
498 2408 747 2464 videlicet
787 2407 911 2463 Jesu
935 2405 1153 2463 Christo
1175 2406 1267 2477 qui
1298 2407 1499 2462 vivitet
1521 2414 1711 2477 regnat
1730 2421 1826 2477 per

235 2497 427 2552 omnia
454 2496 648 2552 satcula
677 2496 1021 2553 sceculorum.
1051 2498 1248 2552 Amen.

762 2610 1043 2667 llOMlLlA
1092 2610 1305 2667 LXXX.

919 2719 1076 2759 FERIA
1097 2719 1175 2759 Vl.

415 2791 599 2849 Lectio
617 2793 790 2849 sancti
814 2793 1088 2863 Evangelii
1112 2794 1404 2851 secundum
1426 2792 1649 2849 Lucam.

317 2883 385 2937 In
413 2884 505 2938 illo
531 2894 759 2956 tempore
785 2885 917 2940 dixit
962 2885 1118 2939 Iesus
1144 2884 1414 2955 discipulis
1442 2887 1552 2941 suis
1578 2898 1596 2937 ε
1622 2884 1832 2957 Impos-

237 2976 396 3030 sibile
418 2987 491 3031 est
527 2986 582 3031 ut
610 2993 715 3031 non
746 2976 951 3032 veniant
970 2976 1225 3033 scandala
1246 2990 1264 3029 :
1284 2993 1360 3033 me
1406 2988 1583 3034 autem
1622 2978 1702 3032 illi
1740 2995 1833 3049 per

241 3082 400 3135 quem
425 3067 658 3130 veniunt,
683 3073 791 3120 etc.

322 3157 465 3211 Dicit
494 3154 877 3227 etApostolus,
916 3156 1127 3229 Oportet
1156 3170 1330 3215 autem
1353 3169 1400 3215 et
1427 3160 1648 3216 Itwreses
1694 3178 1827 3221 esse.

248 3247 419 3318 utqui
445 3247 652 3317 probati
692 3258 814 3302 sunt
858 3248 1121 3319 manifesti
1153 3248 1284 3318 [iant
1328 3251 1381 3305 iu
1426 3249 1585 3306 vobis.
1628 3250 1831 3321 Impos-

247 3337 408 3394 sibile
457 3352 588 3409 ergo
629 3338 683 3393 in
751 3338 855 3394 hoc
911 3340 1111 3395 mundo
1160 3342 1436 3398 erroribus
1472 3344 1833 3413 aerumnisque

246 3428 568 3497 plenissimo
625 3430 882 3485 scandala
936 3431 1236 3501 saepissime
1289 3448 1395 3487 non
1460 3434 1644 3487 venire
1668 3474 1682 3498 ,
1742 3435 1833 3489 sed

248 3534 328 3572 ne
357 3517 464 3582 illi,
501 3518 594 3588 qui
647 3520 793 3589 quod
842 3519 1172 3589 impossibile
1219 3528 1301 3575 est
1354 3536 1462 3576 non
1514 3521 1697 3576 venire
1734 3537 1834 3578 suo

250 3608 386 3663 vitio
431 3607 584 3673 facit,
646 3616 705 3662 nt
744 3624 840 3678 per
882 3623 940 3663 se
986 3608 1165 3663 veniat
1218 3608 1310 3663 ubi
1379 3610 1627 3679 quamvis
1677 3625 1835 3682 gene-

254 3698 350 3754 rali
383 3698 755 3781 seutentiayel
787 3698 980 3769 aliquis
1008 3696 1174 3754 falsus
1195 3697 1381 3764 frater,
1412 3699 1495 3755 vel
1532 3700 1646 3771 ipse
1669 3700 1836 3757 Judas

258 3790 351 3858 qui
381 3786 676 3858 proditioni
724 3786 961 3842 animum
1001 3789 1335 3860 praeparabat
1387 3789 1610 3865 intelligi
1648 3800 1834 3860 queat,

256 3891 440 3934 tamen
478 3877 638 3948 juxta
673 3878 1119 3946 consequentiam
1143 3879 1410 3934 sermonis
1450 3880 1539 3936 hic
1576 3880 1726 3937 locus
1768 3881 1838 3935 ad

253 3971 537 4041 superiora
565 3969 807 4040 respicit,
828 3970 920 4039 ubi
940 3969 1204 4023 Dominus
1216 3969 1282 4023 de
1301 3970 1641 4044 eleemosyna
1655 3972 1836 4028 danda

254 4060 470 4116 lecutus
507 4075 539 4115 a
585 4058 877 4114 Pharisacis
927 4058 1201 4115 irridetur.
1248 4058 1350 4126 Qui
1389 4060 1536 4116 enim
1584 4069 1730 4116 recta
1761 4062 1839 4117 lo-

255 4159 511 4221 quentem
529 4150 821 4219 vituperat,
836 4148 1141 4204 scandalum
1154 4148 1418 4218 profecto,
1437 4149 1490 4205 id
1503 4158 1604 4216 est,
1616 4149 1841 4207 oﬁ'endi-
1883 4207 1889 4212 ,

257 4243 438 4298 culum
450 4252 505 4299 et
530 4241 746 4297 ruinam
762 4239 1093 4296 auditoribus
1118 4239 1322 4310 praebet
1348 4241 1594 4307 inﬁrmis,
1608 4241 1841 4299 maxime

258 4335 307 4389 si
339 4344 395 4389 et
415 4334 528 4404 ipse
549 4347 675 4388 cum
698 4330 984 4387 Pharisteis
1002 4330 1137 4403 legis
1160 4332 1403 4386 videatur
1433 4331 1633 4389 habere
1661 4333 1837 4389 scien—

261 4422 417 4476 tiam.
436 4422 607 4489 Quem
620 4420 905 4491 iucrepans
923 4418 1211 4490 Apostolus
1225 4420 1319 4490 ait,
1331 4430 1378 4474 et
1393 4420 1575 4491 peribit
1599 4421 1841 4491 inﬁmus

260 4514 318 4566 ia
330 4523 421 4566 tua
435 4512 653 4566 scientia
665 4510 835 4580 frater
847 4518 1056 4582 propter
1068 4525 1218 4581 quem
1233 4507 1482 4565 Christus
1494 4519 1730 4564 mortuus
1742 4520 1835 4566 est.

337 4602 532 4658 Utilius
589 4612 666 4658 est
701 4601 781 4656 illi
832 4601 877 4655 si
930 4599 1064 4670 lapis
1096 4598 1312 4653 molaris
1348 4600 1647 4669 imponatur
1696 4602 1838 4655 circa

262 4693 452 4747 collum
478 4693 618 4763 ejus,
650 4700 697 4745 et
712 4690 1023 4761 proﬁciatur
1056 4690 1111 4745 in
1140 4705 1303 4752 mare,
1331 4706 1488 4760 quam
1523 4697 1578 4743 ut
1613 4690 1838 4745 scanda-

265 4783 383 4837 lizet
406 4798 567 4837 unum
605 4781 671 4836 de
697 4778 906 4852 pusillis
946 4781 1080 4835 istis.
1116 4778 1419 4837 Secundum
1467 4795 1674 4836 morem
1717 4796 1843 4853 pro-

267 4874 451 4929 vinciae
479 4873 743 4943 loquitur,
764 4872 907 4942 quod
937 4872 1200 4942 majorum
1239 4872 1529 4928 criminum
1570 4873 1673 4927 ista
1704 4875 1843 4944 apud

267 4978 474 5023 veteres
492 4964 712 5021 Judaeos
741 4980 898 5035 plena
927 4962 1114 5030 fuerit,
1147 4972 1206 5018 ut
1232 4962 1284 5017 in
1310 4962 1636 5034 profundum
1673 4963 1843 5035 ligato

268 5071 395 5113 saxo
418 5058 888 5128 demergerentur,
928 5064 985 5112 et
1025 5055 1440 5119 reverautilins
1456 5064 1539 5110 est
1564 5056 1840 5111 innoxium

268 5164 419 5216 ptem
440 5149 691 5220 quamvis
716 5147 1078 5213 atrocissima,
1105 5147 1427 5219 temporaria
1452 5155 1656 5212 tamen,
1678 5147 1842 5202 vitam

271 5242 421 5296 linire
478 5254 801 5311 corpoream
852 5253 1018 5311 quam
1077 5237 1231 5293 fratri
1278 5246 1560 5294 nocentem
1614 5245 1844 5292 mortem

270 5334 455 5390 anima:
502 5334 699 5390 mereri
730 5340 1067 5403 perpetuam.
1107 5330 1368 5385 Attendite
1396 5329 1558 5393 vobis,
1596 5329 1642 5383 si
1665 5345 1849 5399 pecca-

274 5428 389 5480 verit
416 5428 469 5480 in
488 5437 544 5483 te
557 5427 881 5495 {ratertuus,
909 5425 1119 5493 increpa
1141 5421 1327 5487 illum;
1357 5428 1405 5473 et
1424 5420 1470 5473 si
1492 5417 1846 5489 paenitentiam

270 5517 445 5586 egerit,
491 5516 694 5571 dimitte
736 5513 836 5568 illi.
886 5511 1014 5567 Tale
1061 5511 1189 5580 quid
1233 5522 1288 5564 et
1337 5508 1391 5564 in
1433 5506 1850 5563 Deuteronomio

271 5601 518 5679 Egimus,
550 5603 635 5661 Ne
694 5605 868 5661 oderis
927 5602 1148 5671 fratrem
1200 5609 1347 5655 tuum
1406 5599 1460 5653 in
1508 5598 1663 5655 corde
1722 5607 1847 5661 tuo,

264 5698 354 5749 sed
384 5695 589 5766 publice
635 5711 799 5766 argue
825 5709 965 5758 eum,
1005 5708 1068 5744 ne
1115 5691 1304 5745 habeas
1344 5705 1496 5760 super
1530 5687 1621 5741 illo
1666 5704 1849 5759 pecca-

277 5796 393 5843 tur.
419 5786 536 5856 Quo
556 5786 723 5857 igitur
736 5784 924 5840 ordine
947 5783 1198 5838 scandala
1225 5781 1514 5847 declinare,
1541 5787 1592 5832 et
1623 5795 1702 5832 vte
1726 5793 1849 5849 per-

1866 4561 1917 4620 Ι)

1924 1954 2166 2027 Apostoli
2192 1957 2284 2028 qui
2312 1955 2366 2012 in
2396 1955 2571 2010 alieno
2596 1970 2660 2010 ac
2683 1955 2926 2021 minimo,
2975 1957 3078 2011 hoc
3099 1964 3205 2025 est,
3234 1955 3291 2013 in
3334 1965 3506 2011 terre-

1926 2060 2121 2100 norum
2146 2053 2456 2113 contemptu
2483 2043 2599 2113 jam
2655 2042 2806 2101 fuere
2849 2046 3053 2112 ﬁdeles,
3076 2046 3130 2102 in
3169 2062 3269 2103 suo
3302 2046 3403 2103 sibi
3442 2064 3506 2101 ac

1928 2132 2133 2202 majore
2167 2134 2325 2189 ﬁdem
2355 2134 2633 2204 postulant
2657 2133 2863 2205 augeri.

1998 2225 2146 2279 Dixit
2182 2233 2358 2279 autem
2409 2224 2706 2279 Dominus:
2757 2221 2816 2277 Si
2854 2223 3112 2279 haberetis
3157 2224 3317 2295 [idem
3373 2225 3507 2280 sicut

1928 2332 2150 2388 granum
2178 2316 2396 2387 sinapis,
2419 2316 2658 2369 diceretis
2679 2315 2799 2369 huic
2825 2314 3001 2369 arbori
3030 2332 3176 2369 moro
3198 2332 3218 2370 :
3247 2315 3506 2371 Eradica-

1931 2424 1985 2461 re
2010 2418 2056 2462 et
2086 2405 2473 2477 transplantare
2490 2407 2546 2460 in
2569 2421 2734 2469 mare,
2763 2413 2811 2459 et
2840 2404 3067 2459 obediret
3105 2405 3267 2459 vobis.
3315 2406 3501 2461 Fidem

1929 2496 2222 2567 perfectam
2246 2511 2415 2568 grano
2436 2496 2638 2567 sinapis
2667 2504 2964 2565 comparat,
2997 2510 3117 2566 qua:
3149 2497 3222 2551 sit
3260 2498 3506 2553 videlicet

1930 2596 1985 2641 et
2024 2587 2090 2641 ad
2135 2586 2328 2643 faciem
2378 2586 2597 2641 humilis
2642 2576 2696 2641 ei
2715 2587 2768 2640 in
2814 2600 3031 2656 pectore
3090 2585 3333 2652 fervens,
3387 2588 3510 2642 vilis

1933 2682 2150 2751 quidem
2193 2681 2394 2751 passim
2446 2680 2830 2736 contuentibus
2876 2679 3255 2750 nullarumque
3310 2680 3508 2738 virium

1932 2788 2230 2845 apparens,
2287 2770 2382 2828 sed
2430 2772 2701 2844 pressaris
2749 2771 2933 2826 attrita
2981 2770 3111 2842 quid
3161 2771 3311 2827 intus
3358 2779 3513 2843 gerat

1933 2865 2240 2920 ostendens.
2282 2863 2390 2919 Sed
2429 2873 2485 2919 et
2522 2863 2819 2918 notandum
2859 2863 3001 2935 quod
3034 2878 3262 2936 granum
3306 2862 3510 2933 sinapis

1934 2958 1999 3013 ad
2031 2957 2404 3030 purgationem
2434 2957 2627 3026 capitis
2647 2955 2999 3011 saluberrime
3021 2955 3260 3026 prodest,
3307 2972 3430 3012 nam
3460 2958 3508 3012 si

1933 3050 2135 3123 optime
2170 3048 2357 3103 tritum
2402 3055 2458 3102 et
2502 3045 2839 3102 cribellatum
2886 3045 3062 3116 tepide
3105 3045 3288 3119 pingui
3335 3045 3511 3103 mulso

1935 3141 2255 3202 admisceas,
2296 3137 2480 3193 ethoc
2516 3135 2734 3207 jejunus
2758 3145 2947 3193 contra
2968 3135 3139 3192 solem
3170 3136 3400 3193 calidum
3424 3137 3509 3192 vel

1938 3232 1989 3286 in
2012 3230 2202 3286 balneo
2218 3231 2543 3303 gargarizes,
2559 3244 2774 3284 omnem
2796 3230 3076 3284 humorem
3091 3230 3333 3297 noxium,
3349 3231 3511 3286 etiam

1932 3325 1976 3379 si
2013 3324 2249 3379 crassior
2280 3322 2457 3383 fuerit,
2484 3321 2551 3376 de
2594 3322 2769 3391 capite
2813 3329 3009 3391 purgat
3032 3329 3087 3376 et
3113 3321 3509 3379 imminentium

1933 3432 2148 3487 quoque
2197 3414 2623 3469 itnbecillitatum
2685 3412 2815 3467 facit
2877 3413 3113 3484 pericula
3176 3414 3360 3471 vitari.
3418 3413 3514 3472 Sic

1933 3506 2172 3578 profecto
2200 3504 2333 3560 ﬁdes
2364 3505 2716 3560 tentationum
2756 3503 2956 3576 pistillo
2976 3504 3223 3575 probata,
3270 3506 3338 3561 ab
3360 3493 3521 3562 omni.

1936 3604 2132 3660 levium
2182 3600 2569 3675 cogitationum
2623 3599 2909 3670 superﬁcie
2957 3599 3107 3655 cribo
3168 3600 3510 3655 discretionis

1935 3700 2230 3769 castigata,
2281 3705 2337 3751 et
2379 3694 2633 3766 perfectae
2681 3692 2982 3749 dilectionis
3033 3691 3191 3747 melle
3231 3691 3507 3747 dulcorata

1936 3806 2125 3846 omnes
2147 3790 2212 3845 de
2233 3788 2417 3852 corde,
2468 3785 2612 3856 quod
2630 3794 2714 3841 est
2749 3783 3027 3840 interioris
3055 3784 3227 3862 nostri
3276 3784 3513 3841 hominis

1938 3887 2121 3951 caput,
2172 3878 2427 3933 vitiorum
2476 3875 2741 3940 seutinas,
2792 3889 2899 3929 non
2944 3873 3120 3930 solum
3166 3872 3232 3928 ad
3269 3887 3509 3943 prasens

1938 3968 2219 4032 exhaurit,
2271 3965 2366 4022 sed
2412 3973 2468 4021 et
2512 3964 2576 4019 in'
2616 3962 2858 4020 futurum
2897 3978 2966 4019 ne
3013 3962 3252 4036 recolligi
3302 3963 3517 4027 valeant

1938 4064 2225 4130 praecavet.
2273 4054 2449 4110 Arbor
2469 4060 2650 4111 autem
2677 4068 2859 4109 morus
2879 4051 3202 4108 eradicanda
3231 4062 3286 4109 et
3308 4053 3361 4108 in
3397 4069 3512 4109 ma-

1940 4163 2000 4205 re
2025 4142 2465 4216 transplantanda
2491 4141 2577 4197 vel
2610 4141 2927 4213 simpliciter
2952 4141 3127 4212 posita
3155 4151 3329 4213 potest
3358 4141 3516 4197 intel-

1939 4238 2055 4310 ligi,
2098 4236 2239 4307 quod
2275 4234 2525 4291 videlicet
2573 4243 2960 4289 consummatae
2984 4231 3104 4287 ﬁdei
3144 4231 3403 4287 indicium
3443 4233 3517 4287 sit

1941 4330 2107 4386 verbo
2135 4327 2415 4384 elementis
2454 4326 2744 4396 imperare,
2774 4322 2991 4394 utquod
3021 4321 3088 4378 de
3132 4336 3241 4376 uno
3265 4321 3513 4394 speciali-

1945 4429 2028 4475 ter
2047 4419 2249 4475 dictum
2274 4424 2379 4483 est,
2408 4416 2512 4471 hoc
2531 4412 2855 4487 generaliter
2897 4411 2964 4464 de
2993 4409 3241 4466 omnibus
3280 4410 3517 4469 sentien-

1941 4510 2069 4566 dum
2096 4509 2369 4566 credatur.
3436 4584 3443 4591 .

2014 4599 2145 4667 Quis
2189 4608 2362 4653 autem
2399 4605 2649 4660 vestrum,
2672 4591 2863 4646 habens
2907 4606 3110 4645 servum
3152 4601 3389 4646 orantem
3420 4603 3512 4649 aut

1939 4701 2231 4762 pascentem
2259 4690 2284 4743 7
2322 4687 2448 4741 Haec
2472 4683 2727 4756 parabola
2756 4683 2913 4738 docet
2934 4689 2996 4739 ut
3017 4680 3150 4737 ﬁdes
3173 4696 3281 4752 quo
3332 4682 3516 4762 virtu-

1945 4783 2089 4837 tibus
2117 4780 2250 4835 foris
2286 4774 2655 4842 excellentior,
2685 4789 2752 4830 eo
2811 4773 2867 4827 in
2909 4772 3024 4844 ipsa
3052 4771 3381 4828 conscientia
3423 4771 3521 4826 ﬁat

1944 4873 2092 4929 intus
2127 4868 2400 4926 humilior.
2445 4864 2649 4921 Servus
2693 4864 2893 4935 quippe
2938 4876 3099 4917 arans
3131 4868 3223 4917 aut
3261 4876 3517 4932 pascens,

1944 4962 2171 5034 quilibet
2199 4958 2452 5015 Ecclesia:
2479 4956 2671 5012 doctor
2713 4953 3052 5026 intelligitur,
3106 4951 3174 5009 de
3201 4966 3311 5023 quo
3336 4952 3522 5011 Domi~

1942 5070 2045 5111 nus
2070 5054 2185 5108 ait:
2220 5050 2390 5107 Nemo
2415 5049 2619 5103 mittens
2666 5061 2881 5100 manum
2921 5060 3074 5099 suam
3099 5044 3155 5098 in
3181 5054 3420 5098 aratrum
3469 5051 3523 5097 et

1942 5142 2196 5214 aspiciens
2240 5148 2375 5193 retro
2399 5146 2550 5208 aptus
2587 5144 2662 5190 est
2710 5150 2871 5205 regno
2915 5130 3035 5188 Dei.
3082 5131 3150 5188 Et
3195 5131 3350 5187 alteri
3392 5145 3513 5186 sese

1945 5246 2131 5289 amare
2153 5229 2398 5292 testanti,
2431 5226 2595 5282 tertio
2630 5224 2910 5296 respondit
2941 5241 2955 5276 :
2985 5220 3153 5276 Pasce
3186 5235 3304 5275 oves
3331 5235 3493 5273 meas.

2018 5320 2121 5388 Qui
2147 5333 2374 5388 regresso
2402 5316 2468 5370 de
2504 5331 2631 5386 agro
2654 5315 2786 5368 dicet
2815 5311 2930 5367 illi:
2977 5309 3171 5367 Statim
3208 5307 3396 5371 transi,
3440 5321 3518 5359 re-

1950 5413 2162 5479 cumbe;
2216 5420 2264 5466 et
2300 5426 2404 5464 non
2433 5408 2568 5462 dicet
2595 5407 2643 5461 ei
2677 5423 2698 5461 :
2725 5421 2857 5476 para
2893 5403 3032 5475 quod
3073 5416 3284 5456 canem.
3334 5396 3522 5454 Serius

1949 5504 2017 5559 de
2042 5517 2173 5574 agro
2202 5497 2503 5569 regreditur
2526 5511 2649 5552 cum
2683 5495 2995 5551 intermisso
3017 5492 3086 5547 ad
3118 5500 3332 5560 tempus
3355 5501 3519 5559 opere

1949 5591 2299 5666 praedicandi,
2329 5589 2398 5643 ad
2423 5587 2813 5644 conscientiam
2837 5587 3025 5641 doctor
3057 5581 3312 5646 recurrit,
3357 5586 3522 5650 atque

1951 5701 1981 5740 a
2008 5684 2222 5757 publico
2251 5681 2538 5739 locutionis
2579 5681 2646 5736 ad
2695 5678 2903 5734 curiam
2943 5674 3123 5730 cordis
3168 5672 3382 5730 rediens
3426 5687 3524 5731 sua

1950 5791 2134 5832 secum
2182 5784 2444 5837 secretus,
2495 5780 2615 5826 acta
2655 5770 2739 5823 vel
2795 5768 2934 5822 dicta
2979 5771 3254 5820 retractat.
3292 5763 3390 5821 Cui
3416 5773 3525 5820 non
