3962 6180
452 274 557 332 303

1086 275 1148 330 Β.
1193 276 1445 332 MBAN!
1483 276 1703 333 MAURI
1738 274 2055 332 ARCHIEP.
2097 272 2405 331 MOCUNT.
2438 273 2723 331 OPERUM
2762 273 2941 331 PARS
2973 276 3036 332 ll.

3601 281 3690 342 ποι

450 390 635 446 statim
664 386 922 444 Dominus
948 388 1136 450 transi,
1164 381 1400 440 recitmbe
1443 387 1595 451 dicit,
1646 387 1821 451 idest,
1858 382 2029 439 transi
2058 388 2110 444 Α
2136 399 2387 454 magnam
2454 384 2665 438 Domini
2717 386 2889 441 nostri
2937 384 3064 439 Jesu
3114 383 3311 440 Christi
3372 383 3689 445 clementiam

450 482 641 538 dehac
664 480 772 535 vita
815 478 1029 533 mortali
1067 486 1121 533 et
1144 479 1205 533 in
1252 488 1468 532 aeternm
1517 479 1643 533 vita:
1688 480 1843 532 beata
1880 475 2023 531 sede

451 573 712 629 refovere.
776 571 899 626 Haec
942 569 1086 624 enim
1136 578 1321 639 postea
1365 570 1611 624 dicturus
1650 569 1864 624 interim
1898 576 2030 643 post

451 674 662 736 pastum
697 671 858 732 atque
896 652 1279 732 agriculturam
1311 660 1454 715 domi
1497 660 1599 717 sibi
1630 659 1785 728 jubet
1832 674 2029 730 parare

449 754 593 825 quod
623 760 816 814 ctenet,
840 751 942 806 hoc
965 758 1047 805 cst
1070 759 1190 819 post
1217 751 1455 805 laborem
1485 760 1685 820 apertae
1714 749 2025 813 locutionis,

450 844 807 899 humilitatem
848 856 1062 912 quoque
1108 840 1341 913 propria:
1369 839 1822 896 considerationis
1868 839 2027 895 exhi-

448 935 597 991 bere.
1620 920 1623 923 ’

507 1020 587 1079 Ει
621 1025 878 1097 prrrcinge
901 1034 966 1089 te,
1000 1033 1048 1077 et
1070 1023 1311 1077 ministra
1350 1022 1479 1076 mihi
1506 1022 1671 1076 donec
1714 1021 2028 1076 manducem

445 1126 492 1171 et
550 1115 744 1168 bibam.
801 1113 1060 1184 l‘rzecingi
1113 1120 1228 1179 est,
1286 1120 1520 1167 mentem
1572 1112 1909 1167 bumiliatam
1958 1110 2028 1166 ab

445 1204 696 1259 omnibus
725 1202 1096 1258 ﬂuctuantium
1135 1203 1518 1274 cogitationum
1560 1202 1789 1268 sinibus,
1829 1202 2027 1272 quibus

444 1313 672 1369 opermn
720 1311 938 1369 gressus
990 1295 1253 1366 impedire
1291 1294 1427 1349 solet
1474 1294 1869 1365 constringere,
1902 1308 2027 1348 nam

447 1387 539 1458 qui
565 1388 886 1443 vestimenta
916 1386 1221 1456 praecingit,
1267 1386 1370 1440 hoc
1416 1384 1526 1456 agit
1559 1384 1747 1454 utique
1774 1400 1841 1438 ne
1884 1384 2029 1438 ince-

447 1481 581 1536 dens
633 1479 935 1535 involvatur
978 1479 1053 1532 ad
1092 1478 1334 1549 lapsum,
1384 1477 1692 1532 ministrare
1742 1492 1871 1532 vero
1918 1477 2028 1531 Deo

445 1580 528 1624 est
572 1569 851 1624 minimum
898 1584 957 1623 se
982 1583 1083 1638 per
1126 1568 1313 1622 omnia
1342 1576 1396 1622 et
1423 1567 1625 1638 absque
1679 1568 1867 1637 gratia:
1909 1566 2043 1636 ejus

446 1658 647 1713 auxilio
692 1657 826 1712 nihil
865 1656 1062 1711 virium
1117 1657 1407 1711 habentem
1458 1656 1725 1727 proﬁteri.
1780 1657 2027 1712 Minister

2131 472 2375 527 translati
2398 460 2604 540 sumus,
2629 488 2726 543 per
2746 473 2862 543 ejus
2886 475 3194 544 passionem
3216 484 3276 529 et
3297 484 3523 531 mortem
3551 488 3695 550 atque

2130 563 2581 617 resurrectionem
2619 565 2686 618 de
2724 573 2899 619 morte
2932 573 3293 635 et-potestate
3320 567 3518 623 diaboli
3547 571 3609 625 ad
3636 567 3685 626 lio'

2128 653 2314 708 heram
2364 653 2577 708 Domini
2626 655 2799 709 nostri
2846 656 2940 710 Dei
2987 656 3329 725 servitutem,
3361 659 3427 713 de
3477 662 3698 719 tenebris

2130 746 2315 799 aeterni
2343 746 2593 817 supplicii
2614 748 2681 802 ad
2704 748 3057 803 beatitudinis
3077 760 3292 804 mternae
3311 752 3504 820 gaudia
3528 768 3699 812 sumus

2126 837 2404 905 perducti;
2436 848 2491 893 et
2513 840 2616 894 hoc
2638 839 2691 894 in
2719 849 2906 895 nostra
2931 841 3094 896 situm
3118 850 3201 896 est
3223 851 3509 910 potestate,
3533 854 3696 901 utrum

2128 932 2358 982 mortem
2385 928 2681 1000 eligamus,
2712 944 2780 985 an
2808 931 2997 985 vitam.
3035 930 3263 987 Mortem
3292 933 3540 1004 eligimus
3572 936 3614 991 si
3648 937 3698 994 in

2127 1020 2251 1074 odio
2279 1020 2511 1091 proximi
2542 1028 2597 1076 et
2624 1021 2677 1076 in
2707 1038 2895 1078 amore
2919 1023 3261 1094 persistimus
3288 1006 3495 1081 mundi.
3531 1025 3695 1085 Vitam

2128 1125 2257 1181 ergo
2287 1111 2539 1183 eligimus
2577 1112 2623 1168 si
2667 1113 2836 1169 Deum
2884 1122 2998 1171 toto
3032 1117 3214 1183 corde,
3249 1125 3357 1172 tota
3402 1127 3581 1175 mente
3619 1130 3700 1177 to-

2130 1210 2291 1273 taque
2328 1204 2528 1258 virtute
2574 1204 2846 1277 diligimus
2891 1214 2949 1262 et
2992 1209 3269 1277 proximos
3312 1218 3530 1266 nostros
3572 1210 3700 1268 sicut

2130 1297 2509 1366 nosmetipsos.
3402 1363 3407 1368 ,

2199 1384 2306 1452 Qui
2331 1403 2433 1441 non
2460 1386 2650 1458 diligit,
2679 1398 2854 1442 manet
2881 1389 2936 1443 in
2965 1399 3150 1444 morte.
3189 1388 3394 1446 Redeat
3425 1397 3700 1465 unusquis-

2128 1491 2233 1545 que
2261 1477 2327 1532 ad
2355 1492 2450 1532 cor
2475 1494 2661 1544 suum,
2695 1479 2739 1534 si
2769 1480 2845 1533 ibi
2875 1481 3114 1536 inveniet
3141 1482 3482 1551 charitatem,
3535 1487 3585 1542 id
3627 1497 3706 1545 est

2129 1566 2469 1623 dilectionem
2500 1568 2597 1624 Dei
2629 1576 2683 1625 et
2710 1570 2943 1640 proximi
2973 1587 3189 1642 puram,
3219 1588 3445 1630 securus
3470 1576 3560 1640 sit,
3584 1579 3702 1649 quia

2131 1660 2381 1715 transivit
2404 1661 2469 1715 de
2487 1669 2662 1715 morte
2678 1661 2756 1716 ad
2782 1662 2968 1717 vitam.
2986 1662 3066 1718 Ne
3091 1679 3221 1735 ergo
3248 1666 3470 1734 putetis,
3491 1665 3703 1738 fratres,

444 1750 587 1804 enim
617 1763 646 1802 a
679 1748 886 1803 minore
921 1755 1085 1814 statu,
1118 1747 1179 1802 id
1211 1755 1314 1812 est,
1368 1748 1728 1819 subiectione,
1779 1748 1923 1804 sicut
1969 1757 2026 1805 et
2054 1736 2101 1797 Β
2128 1753 2246 1809 leve
2292 1769 2412 1809 esse
2457 1754 2640 1811 odisse
2699 1763 2794 1810 aut
2834 1770 2941 1811 non
2984 1755 3210 1828 diligere
3253 1756 3502 1826 fratrem,
3534 1736 3706 1819 audite

447 1840 700 1911 Magister
741 1854 771 1893 a
819 1837 1010 1908 majori
1069 1839 1390 1894 vocabulum
1440 1840 1691 1911 sumpsit.
1753 1838 2027 1895 Ministrat

446 1944 576 2003 ergo
604 1930 888 1996 conditori,
934 1930 1029 2000 qui
1053 1929 1171 1998 eius
1207 1939 1460 1986 naturam
1509 1930 1857 1986 considerans
1881 1931 2026 2001 ejus-

446 2038 551 2093 que
574 2021 778 2092 judieia
810 2021 1223 2092 pertimescens,
1269 2022 1337 2078 de
1376 2022 1573 2079 suisse
1604 2022 1898 2079 virtutibus
1928 2024 2026 2094 btt-

448 2114 638 2169 miliat.
1508 2100 1513 2105 θ

520 2206 586 2260 Et
627 2216 683 2261 tu
723 2200 961 2285 ‘posthazc
995 2204 1343 2263 manducabis
1391 2214 1441 2261 et
1483 2205 1642 2268 bibes.
1703 2203 2021 2284 I‘Oslquam,

446 2292 660 2375 inquit,
706 2304 824 2376 ipse
867 2313 972 2360 tua:
1024 2303 1430 2376 praedicationis
1478 2318 1643 2374 opere
1705 2302 2023 2369 delectatus,

446 2406 658 2467 tutoque
699 2398 1129 2468 compunctionis
1167 2397 1340 2466 epulis
1390 2397 1542 2452 fuero
1596 2395 1853 2459 refectus,
1898 2405 2026 2451 tunc

446 2490 658 2545 demum
700 2499 759 2546 tu
800 2491 1044 2547 transeas
1073 2496 1128 2544 et
1165 2489 1472 2553 recumbes,
1515 2489 1843 2558 aeternisque
1891 2501 2026 2542 mete

446 2580 729 2650 sapientiae
755 2579 978 2650 dapibus
1001 2580 1057 2635 in
1083 2589 1349 2635 aeternum
1382 2579 1671 2634 reficietis.

520 2669 776 2741 Nunquid
809 2670 1036 2741 gratiam
1085 2668 1236 2723 habet
1289 2685 1435 2723 servo
1480 2667 1562 2722 illi
1614 2669 1705 2739 qui
1742 2668 1862 2738 fecit
1910 2685 2028 2739 qua:

444 2759 544 2813 sibi
579 2760 962 2831 imperauerat?
988 2775 1092 2814 non
1126 2769 1271 2829 puto.
1301 2759 1389 2813 Sic
1422 2769 1471 2835 et
1500 2776 1605 2814 vos
1631 2777 1751 2814 cum
1796 2759 2024 2830 feceritis

447 2850 621 2904 omnia
644 2863 760 2922 qua:
779 2859 1038 2920 pi'wcepta
1062 2859 1183 2904 sunt
1208 2850 1367 2912 vobis,
1395 2849 1585 2904 dicite:
1626 2848 1774 2905 Serui
1820 2848 2030 2904 inutiles

449 2958 653 3007 sumus.
709 2939 767 2995 Si
811 2940 997 3007 homo,
1046 2940 1247 3010 inquit,
1307 2940 1375 2995 ab
1434 2939 1652 2995 homine
1700 2955 1860 2996 servo
1923 2955 2029 2996 non

452 3030 721 3087 uniforme
785 3031 883 3087 sed
926 3030 1204 3102 multiplex
1254 3032 1615 3087 ministerium
1660 3032 1865 3104 exigit,
1927 3048 2029 3089 nec

448 3133 626 3179 tamen
657 3123 706 3177 ei
730 3124 957 3194 gratiam
986 3123 1171 3189 habet,
1204 3132 1409 3193 quanto
1445 3123 1618 3192 magis
1643 3138 1761 3188 vos,
1785 3123 1879 3193 qui
1910 3124 2029 3179 sine

450 3228 534 3277 me
569 3213 702 3269 nihil
735 3214 960 3285 potestis
1002 3212 1202 3280 facere,
1249 3230 1356 3269 non
1390 3198 1692 3285 temporum
1736 3213 2030 3285 longitudi-

451 3318 572 3358 nem
605 3315 662 3360 et
696 3304 942 3360 laborum
970 3303 1164 3360 merita
1184 3319 1417 3375 pensare
1447 3304 1677 3371 debetis,
1716 3305 1811 3359 sed
1844 3317 2031 3358 amore

447 3406 503 3452 ct
546 3396 801 3451 famulatu
829 3406 1124 3466 spontaneo
1166 3396 1319 3450 novis
1350 3411 1563 3466 semper
1595 3396 1787 3451 studiis
1833 3411 2033 3467 augere

447 3488 648 3559 priora.
696 3487 877 3558 Itaque
931 3472 1123 3553 dicite,
1168 3487 1300 3541 servi
1353 3487 1564 3545 inutiles
1616 3503 1822 3541 sumus.
1885 3485 2032 3541 Servi

449 3582 666 3651 quidem
712 3581 803 3651 qui
844 3580 1020 3652 pretio
1060 3580 1226 3650 empti
1280 3580 1435 3645 estis,
1477 3578 1686 3633 inutiles
1731 3594 1861 3638 vero
1903 3579 2031 3649 quia

452 3673 712 3727 Dominus
762 3672 1026 3726 bonorum
1080 3679 1384 3727 vestrorum
1438 3684 1547 3724 non
1601 3668 1826 3741 indiget.

518 3760 672 3827 Quod
696 3760 968 3814 debuimus
991 3762 1185 3829 facere,
1208 3760 1447 3829 fecimus.
1482 3757 1692 3814 Revera
1719 3758 2029 3825 debuimus,

449 3852 577 3922 quia
603 3851 693 3920 qui
727 3863 835 3904 non
863 3850 1011 3925 venit
1046 3849 1365 3915 ministrari,
1395 3850 1491 3905 sed
1512 3850 1841 3915 ministrare,
1877 3849 2030 3905 debi-

450 3951 595 3995 tores
620 3939 723 3995 sihi
751 3951 851 3993 nos
875 3936 1004 3992 fecit
1030 3951 1097 3992 ne
1125 3938 1326 3992 nostris
1350 3936 1602 3992 videlicet
1626 3938 1879 4007 operibus
1905 3952 2033 3993 con-

451 4032 699 4095 ﬁdentes,
725 4030 821 4086 sed
846 4030 913 4085 de
939 4030 1058 4105 ejus
1088 4043 1301 4099 semper
1325 4029 1574 4099 examine
1597 4038 1871 4100 paventes,
1906 4045 2030 4086 cum

446 4119 711 4192 propheta
755 4119 1038 4175 dicamus;
1092 4117 1234 4184 Quid
1280 4118 1623 4174 retribuemus
1667 4118 1890 4173 Domino
1936 4136 2030 4191 pro

449 4208 689 4266 omnibus
716 4225 834 4281 qua:
862 4207 1101 4262 retribuit
1132 4206 1279 4261 nobis
1307 4208 1333 4260 .9
1357 4206 1517 4262 Dabit
1552 4207 1699 4261 enim
1737 4207 1826 4262 ille
1853 4208 1906 4262 in
1941 4207 2029 4261 fu-

449 4310 573 4371 turo
603 4299 810 4372 judicio
837 4298 1130 4369 unicuique
1159 4296 1467 4379 mercedem
1492 4297 1842 4367 condignam,
1873 4297 2032 4353 bonis

448 4392 701 4449 videlicet
720 4392 889 4447 vitam
912 4400 1168 4447 aeternam
1194 4397 1249 4444 et
1274 4388 1665 4465 malis'posnam
1692 4398 2025 4460 perpetuam.

2128 1843 2272 1913 quod
2302 1842 2579 1913 sequitur:

2201 1932 2383 2001 Omnis
2408 1935 2499 2005 qui
2524 1934 2634 1989 odit
2658 1933 2881 2005 fratrem
2916 1952 3072 1991 suum
3091 1977 3107 2003 ,
3150 1938 3414 1994 homicida
3443 1951 3538 1995 est.
3592 1940 3705 1997 Jam

2127 2023 2272 2077 enim
2317 2024 2362 2082 si
2403 2025 2702 2080 continebit
2730 2026 2854 2095 quis
2881 2027 3061 2081 odium
3094 2026 3428 2097 fraternum,
3469 2032 3708 2102 nunquid

2128 2112 2481 2169 homicidium
2510 2114 2562 2169 in
2590 2115 2757 2171 corde
2784 2132 2884 2172 suo
2911 2119 3249 2174 contemnit?
3286 2123 3535 2191 quamvis
3569 2123 3707 2180 enim

2127 2218 2320 2266 manus
2347 2220 2454 2261 non
2488 2213 2701 2265 moveat
2742 2207 2812 2264 ad
2852 2207 3205 2279 occidendum
3249 2210 3562 2275 hominem,
3614 2228 3708 2285 per

2127 2300 2308 2355 odium
2334 2300 2566 2370 proximi
2586 2298 2700 2369 jam
2724 2308 2785 2355 ut
2810 2299 3082 2356 homicida
3110 2315 3236 2357 reus
3258 2310 3344 2357 est
3367 2310 3493 2356 ante
3522 2302 3709 2357 Deum.

2132 2391 2276 2447 Vivit
2316 2392 2406 2448 ille
2438 2400 2494 2447 et
2523 2394 2626 2448 iste
2658 2393 2773 2464 jam
2810 2392 3130 2450 interfector
3150 2396 3467 2467 judicatur:
3508 2396 3633 2466 quia
3667 2397 3711 2452 si

2128 2497 2236 2536 non
2264 2482 2595 2551 proximum,
2627 2491 2808 2539 tamen
2839 2485 3077 2555 seipsum
3102 2494 3156 2541 et
3181 2487 3416 2543 animam
3445 2502 3601 2544 suam
3627 2504 3716 2545 oc-

2130 2575 2259 2631 cidit
2285 2566 2490 2631 iu'odio
2515 2575 2601 2630 vel
2629 2576 2829 2633 invidia
2857 2579 3091 2647 proximi
3119 2574 3224 2634 sui.

2199 2664 2268 2718 Et
2297 2666 2441 2721 scitis
2467 2666 2719 2737 quoniam
2748 2669 2917 2722 omnis
2942 2669 3209 2724 homicida
3241 2687 3344 2726 non
3374 2672 3530 2728 habet
3562 2675 3716 2729 vitam

2130 2765 2381 2811 aeternam
2406 2757 2461 2810 in
2490 2758 2764 2827 semetipso
2793 2770 3107 2815 manentem.
3161 2760 3394 2833 Spiritus
3419 2764 3567 2820 enim
3597 2781 3719 2821 san-

2130 2853 2253 2899 ctus
2296 2845 2596 2917 disciplina:
2640 2846 2861 2918 ell'ugiet
2905 2847 3134 2905 ﬁctum:
3178 2858 3235 2906 et
3282 2852 3372 2907 ubi
3418 2854 3607 2909 odium
3638 2852 3720 2909 vel

2131 2932 2330 2989 invidia
2367 2944 2583 3001 manet,
2624 2951 2730 2990 non
2770 2938 2933 2993 habet
2962 2938 3141 2994 locum
3180 2940 3253 2996 ibi
3280 2942 3557 3008 charitas,
3602 2960 3722 3015 qua:

2131 3025 2273 3079 Deus
2296 3033 2410 3091 est,
2424 3025 2526 3081 nisi
2552 3041 2650 3096 per
2671 3027 2883 3098 longam
2898 3029 3308 3100 benignitatem,
3327 3032 3722 3088 humanitatem

2057 3099 2101 3161 C
2132 3115 2388 3184 proximi,
2415 3128 2516 3185 per
2538 3116 2934 3172 confessionem
2961 3125 3015 3172 et
3036 3099 3409 3188 paenitentiam
3426 3123 3681 3176 emendet
3707 3140 3721 3175 :

2131 3221 2256 3260 nam
2287 3205 2377 3260 ubi
2416 3221 2522 3262 non
2554 3215 2636 3261 est
2665 3208 2925 3271 Charitas,
2954 3210 3006 3263 id
3035 3218 3148 3276 est,
3189 3212 3279 3265 ubi
3318 3211 3556 3281 Spiritus
3594 3229 3722 3269 san-

2132 3304 2251 3351 ctus
2281 3296 2333 3349 in
2366 3296 2527 3351 corde
2556 3297 2792 3351 hominis
2834 3298 3011 3353 locum
3053 3314 3158 3354 non
3206 3302 3401 3368 habet,
3444 3304 3727 3358 diabolum

2132 3386 2295 3441 habet
2321 3388 2699 3443 habitatorem.
2725 3388 3085 3461 Quapropter,
3118 3392 3469 3461 dilectissimi,
3506 3394 3728 3464 al-jicite

2136 3476 2203 3531 de
2232 3477 2487 3533 cordibus
2517 3480 2710 3534 vestris
2735 3482 2917 3535 odium
2945 3491 3000 3536 et
3026 3483 3283 3538 invidiam
3304 3525 3318 3549 ,
3358 3501 3479 3555 qua:
3516 3503 3731 3558 praepa-

2132 3574 2257 3620 rant
2309 3568 2363 3621 in
2412 3568 2565 3623 vobis
2611 3569 2806 3625 diaboli
2859 3574 3213 3628 mansionem.
3268 3575 3451 3631 Estote
3500 3579 3727 3650 benigni

2132 3671 2257 3726 erga
2285 3660 2561 3727 proximos
2598 3667 2654 3714 et
2691 3660 2894 3731 diligite
2924 3678 3017 3717 eos
3051 3672 3108 3717 et
3136 3663 3360 3734 Spiritui
3395 3677 3595 3724 sancto
3634 3684 3734 3740 per

2132 3751 2527 3807 confessionem
2554 3762 2609 3808 et
2637 3754 3009 3823 pmnitentiam
3033 3770 3247 3826 puram,
3272 3759 3491 3829 dignum
3526 3761 3583 3815 in
3610 3777 3733 3816 cor-

2133 3841 2290 3897 dibus
2333 3843 2533 3897 vestris
2576 3842 2945 3899 habitaculum
2994 3860 3097 3915 per
3123 3862 3286 3918 opera
3334 3850 3737 3906 misericordia

2132 3941 2453 4004 praeparate.
3002 3940 3005 3945 '

2204 4023 2273 4079 In
2296 4024 2393 4078 Itoc
2416 4026 2749 4097 cognovimus
2772 4026 3081 4081 charitatem
3104 4026 3223 4093 Dei,
3244 4031 3496 4102 quoniam
3521 4030 3618 4085 ille
3639 4046 3738 4101 pro
3820 4030 3827 4035 ’

2134 4105 2285 4171 nobis
2314 4117 2546 4171 animam
2573 4134 2725 4172 suam
2753 4118 2951 4189 posuit,
2990 4128 3038 4173 et
3077 4136 3171 4175 nos
3200 4121 3443 4177 debemus
3479 4141 3585 4194 pro
3616 4125 3735 4194 fra—

2132 4206 2300 4260 tribus
2321 4208 2525 4261 animas
2547 4218 2753 4263 nostras
2773 4226 2983 4279 ponere.
3003 4210 3321 4281 Exemplum
3348 4213 3498 4268 enim
3523 4213 3737 4271 Christi

2132 4302 2189 4349 et
2225 4295 2592 4366 apostolorum
2630 4311 2729 4352 nos
2766 4297 2968 4353 imitari
3007 4307 3218 4369 oportet
3262 4309 3323 4355 ut
3361 4302 3624 4357 doctrina
3655 4303 3740 4357 vel

2132 4388 2444 4460 praedicatio
2473 4398 2655 4443 nostra
2686 4390 2938 4460 operibus
2968 4386 3375 4461 comprobetur;
3411 4392 3557 4447 nihil
3586 4394 3741 4449 enim

447 4480 548 4539 Cui
586 4483 659 4537 sit
681 4483 815 4547 laus,
850 4483 1027 4538 honor
1050 4491 1106 4538 et
1131 4488 1373 4552 potestas
1402 4481 1456 4534 in
1497 4462 1678 4536 omnia
1709 4480 1902 4535 saecula
1932 4496 2031 4535 ste-
2050 4462 2109 4526 Ῑ)
2136 4482 2345 4550 turpius
2373 4496 2534 4550 quam
2564 4481 2607 4535 si
2634 4482 2835 4536 bonum
2858 4482 3002 4552 quod
3024 4483 3252 4553 quisque
3298 4483 3593 4552 praedicat,
3647 4499 3743 4539 ex-

448 4574 716 4642 culorum.
750 4573 942 4630 Amen.
1107 4604 1111 4607 τ

970 4665 1249 4720 HOMILIA
1288 4664 1523 4719 LXXXI.
1682 4672 1711 4697 ⁴¹

767 4771 1020 4811 ΒΟΙΠΝΙΟΔ
1056 4772 1116 4811 ιιι
1156 4772 1283 4812 POS'I'
1319 4770 1713 4812 PENTECOSTEN.

638 4899 643 4903 .
695 4845 880 4903 Lectio
909 4847 1160 4917 Epistula:
1186 4845 1248 4900 Β.
1277 4845 1500 4901 Joannis
1530 4844 1777 4916 apostoli.

522 4935 848 5002 Charissimi,
879 4936 1035 4990 nolite
1064 4937 1250 4991 mirari
1279 4937 1324 4991 si
1351 4937 1459 4990 odit
1488 4952 1576 4990 vos
1615 4936 1861 4990 mundus.
1914 4935 2026 4991 Nos

2134 4575 2280 4643 plere
2310 4590 2474 4644 opere
2513 4574 2787 4645 negligat:
2829 4581 2955 4630 tunc
2985 4575 3129 4629 enim
3164 4575 3480 4645 prtedicatio
3520 4575 3742 4657 utiliter

2133 4664 2406 4735 profertur
2430 4666 2644 4735 quando
2673 4664 2969 4720 ellicaciter
2993 4664 3335 4735 adimpletur.
3374 4665 3629 4723 Proinde
3654 4680 3743 4722 sa-

2036 4826 2039 4829 ,
2134 4755 2380 4811 cerdotes
2412 4755 2609 4810 nullius
2658 4757 2893 4811 hominis
2936 4757 3245 4832 inimicitias
3284 4756 3597 4814 formidare
3636 4760 3741 4814 ha-

2134 4846 2295 4911 bent,
2325 4845 2419 4900 sed
2447 4858 2794 4915 oppressores
2821 4860 3114 4916 pauperum
3132 4886 3147 4911 ,
3175 4855 3229 4901 et
3261 4854 3518 4915 potentes
3547 4848 3747 4918 inique

2132 4945 2354 5008 agentes
2403 4936 2580 5009 palam
2635 4936 2833 4992 debent
2871 4951 3096 5006 arguere
3135 4945 3298 5007 atque
3329 4938 3397 4992 ad
3435 4936 3746 5009 indulgeu-

446 5030 639 5102 scimus
664 5030 913 5100 quoniam
949 5028 1192 5083 translati
1226 5046 1405 5083 sumus
1441 5030 1699 5081 de-morte
1730 5027 1799 5080 ad
1835 5029 2023 5093 vitam,

442 5123 693 5195 quoniam
721 5118 989 5191 diligimus
1017 5119 1231 5189 fratres,
1258 5128 1364 5175 etc.

515 5216 591 5271 De
620 5212 957 5269 humanitate
984 5228 1111 5283 erga
1141 5213 1416 5282 proximos
1443 5221 1499 5268 et
1521 5214 1586 5268 de
1611 5212 1852 5268 cavendo
1879 5213 2024 5282 odio,

443 5310 694 5381 praesenti
743 5308 974 5364 lectione
1017 5309 1371 5364 admonemur
1415 5317 1472 5362 ut
1518 5309 1746 5364 audistis
1787 5308 2023 5365 dilectis-

441 5398 566 5454 simi
594 5398 781 5463 nobis;
811 5396 970 5452 nolite
996 5398 1200 5463 mirari,
1225 5397 1417 5467 inquit,
1442 5398 1486 5450 si
1513 5398 1620 5452 odit
1650 5414 1736 5452 vos
1762 5399 2025 5451 mundus:

445 5488 628 5543 mundi
649 5489 791 5543 enim
814 5488 1031 5543 nomine
1045 5488 1101 5541 in
1123 5486 1420 5557 Scripturis
1442 5487 1737 5558 saepissime
1760 5495 2027 5543 amatores

410 5598 417 5607 ‘
445 5581 628 5635 mundi
651 5580 930 5648 dicuntur;
962 5597 1055 5635 nos
1084 5581 1277 5635 scimus
1304 5582 1551 5650 quoniam
1574 5579 1821 5634 translati
1846 5597 2026 5634 sumus

445 5668 508 5721 de
536 5679 701 5723 morte
736 5671 804 5723 ad
846 5672 1034 5737 ritum,
1078 5670 1326 5742 quoniam
1352 5670 1621 5740 diligimus
1649 5671 1866 5740 fratres.
1920 5670 2027 5726 Per

2134 5030 2260 5084 tiam
2286 5029 2506 5100 inopum
2534 5038 2588 5083 et
2612 5030 2680 5083 ad
2706 5030 2788 5085 sui
2811 5024 3243 5085 emendationem
3266 5029 3503 5085 sollicite
3536 5048 3751 5103 provo-

2133 5136 2275 5175 care.
2322 5120 2475 5189 Quod
2518 5122 2562 5176 si
2605 5130 2839 5191 arguunt
2878 5121 2933 5175 in
2963 5120 3229 5177 charitate
3260 5122 3355 5177 Dei
3391 5131 3446 5177 et
3484 5124 3747 5193 proximi

2134 5211 2317 5266 fideles
2347 5211 2644 5281 probantur
2670 5212 2926 5267 existere.
2966 5211 3073 5267 Sed
3102 5213 3146 5268 si
3176 5215 3267 5283 qui
3300 5221 3496 5269 contra
3534 5216 3751 5271 divites
3777 5267 3787 5274 .

2134 5303 2318 5372 inique
2365 5310 2586 5373 agentes
2633 5317 2740 5357 non
2794 5317 2852 5358 se
2898 5302 2966 5358 ad
3014 5304 3390 5371 corrigendum
3436 5304 3752 5360 erexerint

2135 5397 2466 5462 sacerdotes,
2504 5396 2868 5452 mercenarios
2909 5411 2967 5450 se
3014 5411 3121 5450 non
3163 5404 3408 5467 pastores
3437 5411 3582 5453 esse
3643 5398 3752 5455 de-

2135 5496 2457 5552 monstrant,
2486 5497 2541 5542 et
2566 5503 2596 5542 a
2625 5487 2719 5543 Dei
2745 5488 3014 5543 charitate
3038 5497 3344 5557 extraneos,
3375 5489 3515 5557 quia
3547 5490 3753 5545 vident

2135 5578 2316 5646 lupum
2345 5578 2646 5632 venientem
2676 5587 2728 5632 et
2761 5577 2996 5649 fugiunt,
3028 5577 3156 5633 dum
3187 5578 3356 5633 malos
3378 5572 3754 5650 redarguere

2134 5678 2396 5723 metuunt.
2454 5669 2520 5723 Et
2568 5684 2667 5740 pro
2699 5668 2925 5725 aliorum
2956 5668 3242 5737 iniquitate
3270 5670 3652 5733 damnantur,
3704 5668 3753 5722 si
